4134 6278
549 379 652 443 227

1726 369 2023 433 ΝΙΕΕΤλΕ
2059 370 2594 434 PAPHLAGONIS

3729 357 3845 424 228

552 491 795 560 πορίων,
835 496 898 542 et
934 486 1111 542 amori
1155 485 1397 542 habetur
1423 493 1600 567 atque
1638 483 1934 553 queritur;
1978 490 2036 536 et
2074 481 2142 536 ad

2247 481 2316 536 τὰ
2365 482 2620 553 ἄφθαρτα
2673 477 2922 551 βασίλεια
2969 479 3063 534 καὶ
3097 477 3495 551 μακαριώτατα
3523 473 3743 548 κληθείς
3777 490 3843 529 τα

551 584 931 653 incorruptam
966 580 1458 650 beatissimamque
1479 588 1712 634 vocatus
1736 588 1903 650 atque
1930 578 2146 633 electus

548 677 761 738 aulam,
784 675 851 729 ad
884 683 1194 729 extremum
1225 679 1546 741 assumptus
1573 682 1680 726 est.

621 768 762 823 Eum
805 767 860 821 in
905 767 1131 821 modum
1175 766 1406 820 mutatis
1447 765 1779 819 mirabiliter
1807 764 1939 820 Levi
1972 762 2144 817 mori-

550 865 688 926 bus,
719 862 772 916 in
819 860 1134 915 Matthamm
1175 858 1347 914 etiam
1386 873 1590 914 nomen
1634 857 2000 912 commutavit
2032 873 2047 911 :
2079 871 2146 912 ac

549 955 695 1009 sicut
747 964 910 1007 antea
968 951 1248 1022 publicani
1301 961 1457 1016 arte,
1512 949 1759 1019 portoria
1813 965 1844 1003 e
1901 949 2146 1004 subditis

552 1045 807 1117 legendo,
835 1045 914 1099 illi
940 1045 1036 1114 qui
1063 1045 1212 1115 genti
1245 1044 1574 1115 imperabat,
1599 1058 1797 1096 aurum
1829 1044 2142 1112 qumsierat,

549 1136 631 1190 sic
674 1145 731 1191 et
774 1145 961 1205 postea
1001 1136 1197 1190 eadem
1237 1135 1516 1191 Christum
1560 1136 1666 1190 sibi
1706 1135 2018 1200 addixerat,
2047 1136 2144 1206 qui

552 1226 880 1283 invitantem
935 1229 1002 1282 ad
1052 1228 1303 1299 spiritale
1357 1244 1421 1284 ac
1474 1229 1768 1300 mysticum
1825 1243 2144 1282 sermonum

553 1320 870 1374 convivium
901 1331 1256 1390 sequeretur,
1287 1337 1590 1391 rursusque
1631 1321 1856 1374 domum
1901 1320 2018 1389 ipse
2061 1320 2144 1373 in-

551 1412 772 1475 vitaret,
803 1413 1202 1482 magniliceque
1233 1413 1534 1483 acciperet,
1562 1420 1726 1482 atque
1769 1412 1981 1482 duplici
2019 1412 2144 1467 cibo

551 1512 868 1566 recrearet;
919 1512 980 1555 ut
1017 1502 1240 1571 quidem
1280 1503 1586 1566 hominem,
1620 1504 1732 1556 illis
1760 1503 1995 1574 dapibus
2025 1518 2146 1573 quae

547 1611 618 1649 ex
644 1595 898 1664 corporis
924 1610 1025 1648 usu
1054 1593 1266 1658 forent;
1300 1605 1361 1648 ut
1385 1606 1568 1649 autem
1597 1596 1790 1661 Deum,
1820 1597 2145 1665 pmnitentia

549 1689 852 1758 placando,
885 1686 1161 1756 fidemque
1204 1689 1473 1743 charitate
1519 1688 1753 1741 adlatam
1801 1689 2146 1758 (pulcherri-

551 1797 701 1834 mum
737 1783 948 1835 scilicet
975 1796 1192 1845 eorum,
1223 1797 1346 1851 qua:
1386 1797 1416 1834 a
1461 1781 1622 1835 nobis
1660 1780 1752 1834 ille
1790 1779 1980 1850 exigit)
2011 1780 2147 1833 oﬂ‘e‘

555 1872 750 1925 rendo.
797 1873 1170 1937 Quamobrem
1216 1873 1383 1926 etiam
1436 1871 1681 1942 proclive
1731 1872 1935 1926 telonei
1984 1867 2140 1940 quasi

545 1964 668 2035 jure
694 1980 724 2017 a
749 1981 807 2019 se
836 1965 978 2035 exigi
1011 1966 1176 2029 sinit,
1203 1961 1297 2034 qui
1329 1980 1389 2019 se
1416 1965 1792 2020 esurientibus
1820 1963 2148 2035 magnificus

548 2055 776 2125 largitor
805 2059 1101 2126 prwberet;
1138 2058 1391 2112 esuriens
1424 2057 1538 2126 ipse
1575 2057 1811 2122 esuriri,
1837 2065 1893 2112 et
1921 2072 2019 2111 eos
2047 2056 2146 2127 qui

548 2151 800 2218 accipere
829 2150 1064 2220 dapibus
1091 2150 1437 2216 viderentur,
1465 2165 1713 2219 pascens.

619 2240 756 2297 Cum
807 2243 974 2313 igitur
1017 2243 1102 2297 vir
1149 2243 1349 2298 beatus
1388 2259 1448 2297 se
1503 2251 1679 2297 totum
1722 2240 2007 2313 publicani
2049 2240 2143 2296 illa

548 2331 836 2388 functione
886 2336 1111 2404 vitaque
1163 2334 1511 2404 expedisset,
1558 2334 1625 2389 ad
1676 2335 1961 2390 Christum
2016 2343 2142 2404 apte

547 2427 968 2496 suscipiendum
1015 2437 1374 2498 comparatus
1403 2435 1520 2494 est;
1552 2443 1748 2498 nempe
1783 2428 2000 2499 ahjecto
2038 2443 2140 2482 sae-

547 2519 660 2575 culi
709 2520 932 2593 spiritu,
963 2521 1173 2591 Deique
1215 2521 1425 2592 Spiritu
1471 2532 1776 2592 assumpto.
1813 2521 1944 2576 Inde
1990 2521 2141 2576 omni

548 2615 756 2669 mundo
789 2614 1153 2686 cruciﬁgitur,
1179 2630 1244 2671 ac
1273 2615 1492 2670 cunctis
1522 2617 1714 2670 mundi
1744 2615 2144 2686 cupiditatibus

548 2717 849 2762 evacuatur
880 2707 1086 2777 pariter
1115 2716 1172 2764 et
1199 2710 1567 2772 emundatur;
1608 2720 1775 2779 atque
1809 2725 1841 2763 a
1874 2708 2140 2765 vanitatis

549 2799 864 2854 rationibus
897 2799 1051 2853 velut
1082 2799 1314 2854 fzecibus
1348 2815 1580 2870 prorsus
1613 2799 1982 2870 depurgatus,
2009 2798 2143 2854 soli-

552 2907 662 2962 que
685 2891 815 2946 Jesu
845 2890 1038 2946 vivens
1063 2900 1227 2962 atque
1258 2891 1406 2947 illius
1433 2893 1662 2964 vestigia
1687 2907 1970 2963 premens,
1993 2893 2144 2948 indo-

551 2985 620 3040 lis
654 2999 872 3040 omnem
903 2985 1182 3041 solertiam
1212 3002 1547 3058 omnemque
1577 2987 1750 3042 animi
1785 2987 2138 3057 sagacitatem

549 3092 619 3131 ac
660 3075 859 3130 mentis
898 3090 1170 3140 acumen,
1202 3076 1353 3130 illius
1398 3077 1730 3133 contuendum:
1769 3076 1991 3133 veritati
2038 3079 2140 3134 ad-

551 3169 690 3224 dixit
718 3187 731 3224 :
758 3169 1083 3239 cunctisque
1113 3168 1288 3240 ipsius
1317 3170 1493 3226 sacris
1519 3181 1684 3242 atque
1717 3172 1967 3242 mysticis
1996 3171 2140 3226 divi-

551 3264 639 3318 nis
673 3263 1161 3334 prazdicationibus
1194 3265 1598 3336 intelligentcm
1633 3268 1885 3322 auditum
1921 3283 1984 3321 ac
2019 3283 2139 3321 mo-

553 3358 796 3428 rigerum
835 3357 1144 3423 adhibens;
1186 3357 1636 3428 admirandisque
1677 3363 1898 3415 cunctis
1937 3361 2142 3417 Christi

550 3450 816 3519 operibus
859 3450 1165 3520 simplicem
1210 3451 1431 3504 oculum
1469 3459 1638 3521 atque
1668 3452 1917 3508 lucidum
1950 3454 2143 3508 admo-

551 3556 720 3605 vens;
771 3557 836 3596 ac
879 3553 1144 3612 praeterea
1190 3543 1516 3598 salutarium
1567 3545 1922 3614 passionum,
1960 3545 2144 3599 crucis

550 3635 772 3697 mortis,
793 3635 1117 3704 sepulturae,
1141 3636 1592 3702 resurrectionis,
1623 3638 1982 3706 omniumque
2017 3637 2146 3692 reli-

549 3743 789 3797 quorum
831 3729 950 3798 ipse
992 3737 1274 3798 spectator
1311 3730 1605 3800 sociusque
1646 3730 1908 3797 effectus,
1941 3733 2145 3787 miran—

549 3821 684 3876 dum
729 3822 784 3876 in
831 3823 1056 3877 modum
1105 3824 1222 3892 ipse
1269 3824 1451 3892 seipso
1491 3828 1548 3893 (ο
1591 3825 1741 3877 onmi
1781 3823 2145 3881 admiratione

553 3915 945 3984 prosequende
989 3915 1471 3985 inaspectabilium
1515 3916 1856 3988 spectator!)
1899 3918 2141 3984 excedis,

553 4013 811 4077 totusque
863 4007 958 4062 Dei
1013 4023 1242 4063 excessu
1303 4009 1568 4078 rapientis
1615 4007 1886 4074 clliceris,
1933 4011 2143 4082 Deique

551 4095 766 4166 Spiritu
824 4112 1097 4161 nascens,
1149 4097 1374 4152 divinus
1430 4098 1594 4168 plane
1651 4099 1881 4168 spiritus
1932 4103 2139 4157 evadis.

549 4188 920 4255 Quamobrem
951 4190 1124 4243 etiam
1151 4191 1467 4246 Paraclctus
1497 4207 1527 4246 e
1555 4193 1698 4247 caelo
1727 4191 1959 4260 effusus,
1984 4196 2142 4265 quasi

550 4297 678 4336 cum
714 4282 938 4352 propria
975 4285 1129 4353 pruic
1165 4285 1484 4340 consuescit
1519 4303 1533 4339 :-
1572 4287 1799 4358 ipsaque
1833 4287 2142 4346 substantia

553 4374 780 4444 illapsus
821 4386 881 4429 et
916 4391 1188 4443 versans,
1220 4377 1535 4448 divinisque
1580 4380 2043 4436 iilustrationibus
2080 4399 2146 4438 ac

555 4468 882 4522 muneribus
910 4471 1150 4539 replens,
1172 4471 1444 4542 sapientia
1469 4473 1736 4544 adimplet
1756 4485 1813 4530 et
1837 4475 2140 4542 intellectu,

2246 576 2344 631 καὶ
2370 575 2638 642 ἐκλεγεὶς,
2665 571 2760 626 ἐπὶ
2778 573 2967 635 τέλους
2996 571 3300 643 ἀνελήφθη.

2313 754 2502 818 οὕτως
2522 753 2685 819 Atei;
2710 753 3032 825 θαυμασίως
3059 753 3151 806 τὸν
3176 751 3380 824 τρόπον
3415 749 3828 823 μεταποιηθεὶς,

2242 847 2324 911 είς
2350 841 2631 901 Ματθαῖον
2697 843 2794 898 καὶ
2830 842 2930 914 τὴν
2998 842 3374 915 προσηγορίαν
3428 840 3842 912 μετηλλόξατοο

2247 940 2343 994 καὶ
2389 939 2582 1010 ῶσπερ
2634 937 2940 1006 ἔτελὼνησε
3003 937 3266 1005 πρότερον
3326 935 3417 988 τὺν
3473 932 3716 1006 χρυσὸν,
3761 931 3849 1003 τῷ

2245 1031 2459 1102 βασιλεῖ
2483 1030 2577 1085 τοῦ
2600 1031 2788 1094 ἔθνους
2812 1030 2872 1083 τὸ
2899 1029 3136 1099 ὑπήκοον
3160 1026 3646 1099 φορολογούμενος,
3667 1025 3848 1088 οὕτως

2245 1123 2578 1196 ἑτελὼνησεν
2608 1123 2836 1192 ὕστερον
2855 1122 2947 1176 τὸν
2979 1121 3235 1192 Χριστόν·
3271 1121 3535 1190 ἑπόμενος
3577 1118 3679 1189 μὲν
3700 1118 3846 1189 πρὸς

2243 1217 2343 1290 τὴν
2364 1216 2743 1289 πνευματικὴν
2762 1215 3088 1286 πανδαισίαν
3113 1210 3222 1267 τῶν
3256 1213 3429 1280 λόγων
3461 1211 3716 1264 καλοῦντι
3746 1209 3850 1263 καὶ

2247 1311 2551 1383 μυστικήν·
2584 1309 2766 1362 καλῶν
2795 1308 2852 1362 δὲ
2886 1309 2982 1361 καὶ
3037 1306 3202 1370 αὐτὸς
3255 1305 3411 1368 αὖθις
3432 1305 3596 1359 αὑτὸν
3637 1307 3717 1367 εἰς
3739 1305 3848 1374 τὴν

2244 1403 2443 1466 οὶκίαν,
2496 1406 2590 1456 καὶ
2645 1401 3018 1472 φιλοφροσύνῃ
3082 1399 3450 1470 δεξιούμενος,
3494 1399 3760 1468 ὲδέσμασί
3783 1415 3848 1451 τε

2249 1494 2573 1566 θεραπεύων
2628 1495 2825 1555 διττοῖς
2858 1511 2872 1526 ·
2922 1494 2998 1558 ὡς
3047 1493 3338 1563 ἄνθρωπον
3392 1491 3525 1561 μὲν,
3569 1493 3685 1554 τοῖς
3745 1491 3846 1544 τοῦ

2248 1589 2502 1657 σώματος
2535 1588 2893 1659 ἐπιτηδείοις·
2927 1588 3004 1649 ὡς
3019 1586 3153 1641 Θεὸν
3182 1586 3260 1650 δὲ,
3299 1585 3614 1654 ίλεούμενος
3638 1589 3702 1658 τῇ
3739 1604 3847 1656 με-

2245 1682 2456 1752 τανοίᾳ,
2489 1685 2582 1735 καὶ
2617 1681 2800 1733 πίστιν
2828 1680 3122 1752 προσάγων
3153 1679 3559 1751 ἐνεργουμένην
3602 1679 3670 1733 δι’
3697 1681 3841 1747 ἀγά-

2247 1792 2380 1842 πης,
2412 1775 2474 1827 τὸ
2505 1775 2812 1840 κάλλιστον,
2831 1766 2905 1828 ὧν
2939 1775 3146 1838 ἐκεῖνος
3193 1775 3336 1827 αἰτεῖ
3359 1774 3492 1843 παρ’
3521 1771 3685 1844 ἡμῶν.
3734 1771 3832 1824 Διὸ

2173 1852 2218 1912 Β
2248 1870 2343 1923 mi.
2368 1869 2680 1922 -τελωνεῖται
2729 1867 3065 1938 προθύμως,
3123 1867 3317 1921 ἑαυτὸν
3368 1870 3482 1932 τοῖς
3527 1865 3834 1922 πεινῶσινὸ

2249 1964 2632 2034 μεγαλόδωρος
2688 1963 2884 2026 διδούς·
2935 1962 3138 2015 πεινῶν
3157 1964 3220 2015 τὸ
3242 1960 3560 2025 πεινᾶσθαι,
3587 1961 3681 2015 καὶ
3716 1960 3845 2033 τρι.

2245 2073 2362 2127 φων
2383 2057 2512 2120 τοὺς
2539 2055 2729 2125 ἑστιᾷν
2759 2054 3100 2125 νομίζοντας.

2316 2243 2478 2298 Ὀλον
2495 2239 2588 2299 οὖν
2605 2242 2798 2298 ἑαυτὸν
2815 2244 2843 2296 ὁ
2859 2242 3132 2312 μακάριος
3148 2233 3251 2312 τῆς
3265 2241 3567 2312 τελωνικῆς
3585 2240 3851 2310 πράξεως

2242 2337 2621 2408 ἀνακαθάρας,
2651 2340 2786 2406 προς
2831 2335 3104 2408 ὑποδοχὴν
3140 2335 3362 2390 εὔθετον
3389 2336 3847 2390 κατεσκευάσατο

2241 2433 2338 2488 τοῦ
2367 2432 2601 2504 Χριστοῦ
2635 2448 2649 2461 ο
2682 2431 3098 2502 ἀποδαλόμενος
3127 2430 3230 2499 μὲν
3254 2430 3316 2484 τὸ
3347 2428 3566 2498 πνεῦμα
3602 2428 3704 2483 τοῦ
3753 2431 3853 2483 κό-

2246 2542 2408 2595 σμου,
2432 2524 2876 2595 προσλαϐόμενος
2899 2523 2955 2576 δὲ
2981 2523 3046 2576 τὸ
3069 2521 3162 2575 τοῦ
3194 2521 3352 2576 Θεοῦ.
3368 2520 3655 2576 Ἐντεῦθεν
3678 2538 3847 2574 σταυ-

2246 2619 2435 2691 ροῦται
2454 2618 2552 2689 μὲν
2571 2619 2760 2688 κόσμῳ
2779 2617 2964 2681 παντὶ,
2985 2616 3080 2670 καὶ
3122 2615 3330 2678 πάσαις
3365 2617 3485 2678 ταῖς
3533 2617 3844 2686 κοσμικαῖς

2243 2712 2588 2781 ἐπιθυμίαις.
2621 2714 2712 2764 καὶ
2731 2699 3090 2764 ἀναπενοῦται
3109 2711 3203 2762 καὶ
3231 2709 3577 2782 καθαίρει-αι’
3600 2713 3700 2766 καὶ
3733 2712 3852 2764 τῶν

2241 2800 2342 2868 τῆς
2361 2799 2722 2870 ματαιότητος
2744 2799 3095 2853 παντάπασιν
3115 2799 3522 2865 ἁποδιυλίζεται
3539 2802 3847 2873 λογισμῶνο

2242 2892 2394 2964 μόνῳ
2439 2893 2496 2946 δὲ
2527 2891 2607 2962 τῷ
2645 2891 2824 2962 Ἰησοῦ
2875 2893 3008 2957 ζῶν,
3044 2892 3139 2946 καὶ⁵
3167 2892 3343 2966 τούτῳ
3377 2894 3499 2950 κατ’
3533 2897 3681 2967 ίχνος
3709 2898 3842 2951 ἀκο-

2241 2980 2470 3045 λουθῶν,
2498 2981 2628 3053 ὃλην
2661 2982 2762 3052 μὲν
2787 2983 2886 3051 τὴν
2918 2983 2981 3035 ὲκ
3037 2982 3253 3052 φύσεως
3309 2985 3596 3056 ἀγχίνοιαν
3625 2989 3717 3041 καὶ
3743 2989 3842 3055 τῆς

2242 3076 2479 3139 διανοίας
2512 3077 2614 3146 τὴν
2656 3075 2971 3145 ἐντρέχειαν
2999 3075 3096 3129 καὶ
3142 3075 3241 3147 τὴν
3274 3076 3552 3142 όξυωπίαν
3590 3079 3686 3134 τοῦ
3723 3078 3848 3148 νοῦ,

2243 3173 2380 3243 προς
2438 3171 2629 3241 ὅρασιν
2676 3172 2772 3243 τῆς
2826 3171 2948 3224 κατ’
2982 3171 3148 3225 αὑτὶν
3201 3171 3459 3240 ἀληθείας
3499 3173 3843 3244 ἀπησχόλειο

2247 3268 2448 3329 πάσαις
2476 3263 2534 3316 δὲ
2584 3267 2704 3328 ταῖς
2755 3266 2926 3336 ἱεραῖς
2961 3266 3126 3319 αὐτοῦ
3157 3266 3452 3335 θεολογίαις
3499 3266 3589 3318 καί
3623 3283 3832 3336 μυστι-

2245 3358 2371 3419 καῖς
2420 3355 2642 3409 συνετὸν
2672 3356 3039 3428 παραϐάλλων
3064 3357 3157 3411 καὶ
3197 3358 3422 3430 εύήκοον
3451 3352 3538 3420 οἷς
3557 3375 3569 3388 ’
3595 3357 3827 3420 καὶτοῖς

2247 3445 2572 3516 θαυμασίοις
2617 3446 2674 3500 δὲ
2720 3447 2830 3501 τῶν
2888 3448 3066 3517 Εργων
3117 3450 3354 3519 Χριστοῦ
3409 3452 3572 3504 πᾶσιν
3625 3447 3830 3502 ἁπλοῦν

2243 3539 2523 3609 ὀφθαλμὸν
2548 3537 2856 3594 ἐπιϐάλλων
2886 3542 2981 3594 καὶ
3011 3543 3354 3614 φωτολαμπῆ
3377 3558 3390 3572 ·
3429 3544 3525 3597 καὶ
3553 3542 3685 3612 πρὸς
3706 3543 3840 3598 τού·

2244 3651 2357 3698 τοις
2391 3633 2500 3688 τῶν
2529 3635 2815 3705 σωτηρίων
2859 3633 3073 3699 παθῶν,
3126 3636 3220 3691 τοῦ
3258 3637 3518 3707 σταυροῦ,
3550 3636 3644 3690 τοῦ
3673 3637 3848 3692 θα.νά-

2244 3741 2362 3790 του,
2389 3723 2488 3792 τῆς
2521 3725 2720 3794 ταφῆς,
2746 3724 2845 3794 τῆς
2874 3727 3262 3791 ἀναστάσεως,
3296 3728 3392 3781 καὶ
3419 3728 3532 3781 τῶν
3557 3728 3848 3797 ἑπομένων

2247 3815 2435 3878 αὐτοῖς
2473 3813 2694 3868 πάντων
2726 3815 3002 3886 αὐτόπτης
3037 3819 3134 3872 καὶ
3163 3819 3418 3883 κοινωνὸς
3446 3822 3835 3892 γεγενημένος,

2245 3904 2526 3970 ὲξίστασαι
2555 3905 2658 3977 μὲν
2703 3907 2899 3962 ἑαυτοῦ
2933 3909 3278 3980 θαυμασίως,
3316 3910 3383 3984 (ὢ
3417 3915 3837 3984 θαυμασιώτατε

2244 3998 2354 4052 τῶν
2393 3998 2727 4072 ἀθεωρήτων
2764 4001 3015 4073 θεωρητά
3037 4006 3077 4071 ι)
3129 4004 3250 4069 ὅλος
3302 4006 3358 4060 δὲ
3389 4007 3482 4060 τοῦ
3518 4009 3842 4075 ἑξιστῶντος

2245 4088 2372 4163 γίνῃ
2399 4089 2534 4144 Θεοῦ
2554 4108 2568 4123 °
2599 4093 2693 4146 καὶ
2744 4093 2882 4146 Θεοῦ
2911 4095 3192 4164 Πνεύματι
3223 4098 3586 4168 γεννώμενος,
3618 4100 3845 4171 πνεῦμα

2246 4182 2388 4238 θεῖον
2432 4185 2674 4256 ἀτεχνῶς
2710 4185 2866 4258 γίνῃ·
2902 4181 2982 4252 οἷς
3022 4188 3086 4253 δὴ
3120 4190 3215 4242 καὶ
3256 4191 3285 4244 ό
3313 4191 3671 4262 Παράκλητος
3698 4195 3837 4249 ἄνω-

2245 4278 2338 4334 θεν
2367 4279 2635 4350 ἑκχεθεὶς,
2669 4280 2745 4343 ὡς
2779 4281 2968 4352 οίκείῳ
3007 4285 3312 4354 γεννήματι
3340 4288 3692 4356 προσομιλεῖ·
3745 4289 3839 4342 καὶ

2246 4369 2367 4424 κατ’
2405 4372 2595 4425 οὐσίαν
2643 4371 3058 4445 ὲμφιλοχωρῶν,
3116 4377 3211 4428 καὶ
3256 4377 3366 4432 τῶν
3414 4378 3725 4452 θεαρχικῶν
3753 4382 3846 4436 ἑλ-

2245 4464 2506 4534 λάμψεων
2535 4465 2630 4518 καὶ
2661 4466 2882 4533 δωρεῶν
2915 4469 3232 4538 ἐμπιπλῶν,
3282 4474 3481 4544 πληροῖ
3509 4475 3612 4545 μὲν
3642 4477 3846 4544 σοφίας

555 4561 854 4632 impletque
908 4563 1237 4620 fortitudine
1288 4573 1346 4620 et
1393 4567 1663 4632 scientia;
1719 4569 1839 4638 pari
1898 4570 2137 4641 denique

2249 4558 2342 4612 καὶ
2372 4559 2674 4623 συνέσεως,
2732 4559 2932 4630 πληροῖ
2985 4561 3042 4614 δὲ
3098 4562 3281 4633 ἰσχύος
3333 4567 3424 4618 καὶ
3454 4567 3745 4633 γνώσεωςο
3781 4571 3847 4621 ἐν

553 4656 863 4728 corypbaeis
889 4657 1400 4730 antiquissimisque
1421 4677 1672 4724 nmncre,
1703 4663 1983 4734 signorum
2013 4679 2144 4736 pro-

553 4750 941 4821 digiorumquc
967 4750 1272 4808 virtutibus
1296 4753 1601 4810 liberaliter
1628 4756 1878 4812 donavit.-

626 4842 766 4909 Quid
828 4842 1027 4914 igitur?
1081 4844 1224 4899 Num
1282 4843 1553 4915 Spiritum
1610 4848 1834 4917 quidem
1890 4849 1943 4904 in
2001 4851 2142 4921 ignis

553 4934 740 5005 specie
776 4951 808 4990 e
845 4938 989 4992 coelo
1026 4936 1455 4993 descendentem
1501 4939 1614 5009 pari
1654 4941 1878 5012 reliquis
1912 4958 2142 4999 munere

555 5029 828 5098 suscepit,
859 5045 970 5084 non
1010 5030 1133 5101 pari
1159 5046 1291 5085 vero
1321 5040 1520 5086 conatu
1549 5033 1779 5104 gratiam
1811 5050 1933 5105 quae
1962 5037 2017 5091 in
2048 5036 2143 5093 illo

554 5127 670 5184 est,
719 5119 977 5190 gentibus
1026 5123 1418 5178 annuntiavit?
1464 5131 1561 5177 aut
1607 5139 1639 5179 α
1684 5125 1832 5181 Petri
1879 5143 1943 5184 ac
1986 5129 2139 5184 Pauli

555 5211 743 5267 divina
777 5229 876 5282 pro
905 5216 1134 5284 apostoli
1169 5216 1418 5286 partibus
1446 5216 1748 5288 sapientia,
1783 5219 1834 5273 id
1875 5229 1994 5288 est,
2021 5238 2140 5277 ma-

556 5303 958 5372 gniloquentia,
984 5303 1220 5360 defecit?
1247 5305 1625 5377 Nequaquam.
1652 5308 1763 5364 filis
1785 5327 2021 5382 namque
2044 5329 2143 5384 per

556 5409 752 5447 omnes
775 5395 1027 5449 nationes
1054 5411 1118 5450 ac
1149 5404 1309 5451 terra:
1335 5412 1463 5452 oras
1489 5396 1952 5466 discurrentibus,
1979 5411 2143 5471 prout

555 5487 760 5555 cuique
801 5486 1104 5558 obtigerat,
1128 5497 1224 5544 aut
1250 5490 1570 5546 Paraclctus
1610 5491 1997 5559 discernebat,
2018 5511 2142 5551 ver-

558 5579 803 5650 bumque
830 5580 956 5635 vita:
986 5582 1100 5635 oris
1132 5581 1252 5651 ipso
1283 5582 1497 5646 ofliciu.
1530 5583 1616 5639 his
1655 5585 1710 5639 in
1750 5601 1890 5657 quos
1927 5587 2142 5643 incide-

559 5673 692 5728 bant
737 5669 1162 5742 enar'rantibus;
1212 5677 1335 5738 hic,
1370 5676 1606 5732 ferventi
1646 5678 1745 5733 Dei
1791 5681 2142 5737 aemulatione

555 5780 888 5831 succensus,
933 5769 1132 5822 animis
1181 5768 1479 5838 gliscebat,
1513 5771 1976 5840 discruciabatur,
2000 5791 2141 5846 agre

557 5859 900 5932 molesteque
930 5862 1187 5929 habebat,
1215 5864 1399 5920 cordis
1431 5867 1829 5939 parturiginem
1857 5867 2001 5924 ferre
2028 5885 2138 5924 non

2245 4650 2486 4722 σημείων
2517 4651 2575 4703 δὲ
2605 4651 2697 4704 καὶ
2749 4653 2996 4724 τεράτων
3024 4654 3342 4727 δυνάμεσιν,
3397 4660 3486 4713 ίσα
3534 4662 3645 4725 τοῖς
3681 4677 3846 4733 κορυ-

2244 4745 2426 4813 φαίοις
2459 4747 2554 4799 καὶ
2593 4745 2988 4814 πρεσϐυτάτοις
3021 4749 3467 4820 ἐφιλοτιμήσατο.

2316 4840 2378 4891 Τί
2407 4839 2536 4906 οῦν;
2573 4841 2714 4912 Ἀρα
2765 4841 2826 4892 τὸ
2867 4841 3093 4911 Πνεῦμα
3129 4844 3228 4915 μὲν
3274 4846 3334 4896 ὲν
3362 4847 3493 4899 εῖδει
3535 4847 3711 4917 πυρὸς
3751 4850 3846 4902 οὑ-

2245 4933 2468 5003 ρανόοεν
2515 4933 2840 5004 καθιέμενον
2891 4936 3092 5005 ὁμοίως
3149 4939 3260 5001 τοῖς
3299 4929 3479 5003 ἄλλοις
3517 4941 3835 5007 ὑπεδέξατο,

2242 5027 2341 5096 οὐχ
2391 5024 2592 5096 ὁμοίως
2655 5026 2713 5081 δὲ
2761 5026 2860 5098 τὴν
2905 5027 3000 5081 ἀπ’
3050 5029 3217 5083 αὐτοῦ
3247 5031 3411 5102 χάριν
3462 5035 3578 5095 τοῖς
3626 5034 3828 5087 ἔθνεσιν

2242 5118 2618 5190 ἀπήγγειλεν;
2669 5117 2704 5192 ἢ
2732 5121 2953 5193 Πέτρου
2971 5123 3067 5176 καὶ
3095 5124 3308 5179 Παύλου
3338 5128 3438 5194 τῆς
3467 5127 3827 5198 ἁποστολικῖχς

2243 5212 2552 5281 θεοσοφίας,
2617 5212 2734 5282 ἦτοι
2791 5214 3230 5286 μεγαλοφωνίας,
3269 5217 3608 5292 ἀπελείφθιμ
3658 5220 3837 5273 Οὐδα-

2247 5303 2382 5375 μῶς.
2419 5306 2530 5359 Καὶ
2561 5307 2691 5376 γὰρ,
2728 5306 2837 5358 τῶν
2893 5309 2996 5376 μὲν
3045 5310 3186 5362 κατὰ
3234 5312 3344 5364 πᾶν
3397 5309 3547 5376 ἔθνος
3582 5315 3678 5366 καὶ
3724 5316 3841 5368 πᾶν

2244 5405 2416 5477 κλίμα,
2465 5405 2564 5476 τῆς
2593 5407 2699 5478 γῆς
2727 5407 3150 5478 διατρεχόντων,
3176 5409 3252 5474 ὡς
3289 5410 3482 5482 ἔλαχεν
3510 5414 3769 5476 ἔκαστος.
3803 5415 3840 5487 ἢ

2242 5499 2317 5564 ὡς
2345 5498 2621 5572 ἀφώριζεν
2666 5503 2695 5554 ό
2723 5500 3098 5571 Παράκλητος,
3128 5503 3222 5555 καὶ
3251 5503 3342 5557 τὸν
3374 5504 3474 5574 τῆς
3495 5506 3646 5577 ζωῆς
3675 5507 3845 5575 λόγον

2244 5597 2357 5657 τοῖς
2392 5595 2873 5666 παρατυγχάνουσι
2901 5594 2992 5648 διὰ
3023 5595 3288 5667 στόματος
3312 5598 3719 5671 ἐξηγουμένων,
3745 5599 3844 5654 06-

2243 5704 2354 5751 τος,
2389 5687 2556 5758 ζήλου
2584 5688 2723 5742 Θεοῦ
2782 5689 3231 5760 πυρπολούμενος
3279 5692 3594 5764 θερμότητι,
3652 5692 3840 5762 ἐσφά-

2242 5777 2368 5842 δαζε
2403 5779 2508 5846 μὲν
2534 5781 2626 5831 καὶ
2673 5779 3039 5850 κατετρύχετο
3072 5782 3164 5834 καὶ
3199 5782 3459 5853 ἤσχαλλε,
3507 5786 3608 5855 τὴν
3657 5784 3838 5839 ὠδῖνα

2244 5873 2343 5943 τῆς
2370 5871 2597 5943 καρδίας
2631 5871 2854 5942 ὑπέχειν
2883 5873 2980 5945 οὐχ
3005 5869 3116 5938 οἷός
3146 5891 3205 5928 τε
3239 5875 3315 5928 ὼν
3339 5893 3352 5905 ·
3388 5877 3478 5932 καὶ
3518 5879 3703 5931 πᾶσαν
3729 5874 3839 5949 τὴν
