  <div class='ocr_page' id='page_1' title='image "/cluster/home/n/w/nwhite01/storage/ocr_20150623/105/mdp.39015008714183/123.png"; bbox 0 0 4156 6282; ppageno 0'>
   <div class='ocr_carea' id='block_1_1' title="bbox 547 352 651 425">
    <p class='ocr_par' dir='ltr' id='par_1_1' title="bbox 547 352 651 425">
     <span class='ocr_line' id='line_1_1' title="bbox 547 352 651 425; baseline 0 -1"><span class='ocrx_word' id='word_1_1' title='bbox 547 352 651 425; x_wconf 78' lang='lat'><strong>231</strong></span> 
     </span>
    </p>
   </div>
   <div class='ocr_carea' id='block_1_2' title="bbox 1710 334 2585 406">
    <p class='ocr_par' dir='ltr' id='par_1_2' title="bbox 1710 334 2585 406">
     <span class='ocr_line' id='line_1_2' title="bbox 1710 334 2585 406; baseline -0.013 -1"><span class='ocrx_word' id='word_1_2' title='bbox 1710 339 2007 406; x_wconf 65' lang='grc' dir='ltr'><strong>ΝΙΟΕΤίΕ</strong></span> <span class='ocrx_word' id='word_1_3' title='bbox 2044 334 2585 401; x_wconf 80' lang='lat' dir='ltr'><strong>PAPHLAGONIS</strong></span> 
     </span>
    </p>
   </div>
   <div class='ocr_carea' id='block_1_3' title="bbox 3715 330 3827 398">
    <p class='ocr_par' dir='ltr' id='par_1_3' title="bbox 3715 330 3827 398">
     <span class='ocr_line' id='line_1_3' title="bbox 3715 330 3827 398; baseline 0 -1"><span class='ocrx_word' id='word_1_4' title='bbox 3715 330 3827 398; x_wconf 74' lang='lat'><strong>232</strong></span> 
     </span>
    </p>
   </div>
   <div class='ocr_carea' id='block_1_4' title="bbox 550 427 2155 533">
    <p class='ocr_par' dir='ltr' id='par_1_4' title="bbox 550 458 2137 533">
     <span class='ocr_line' id='line_1_4' title="bbox 550 458 2137 533; baseline -0.011 -9"><span class='ocrx_word' id='word_1_5' title='bbox 550 462 866 524; x_wconf 73' lang='lat' dir='ltr'><strong>annuntiat.</strong></span> <span class='ocrx_word' id='word_1_6' title='bbox 895 461 1129 533; x_wconf 75' lang='lat' dir='ltr'><strong>ejusque</strong></span> <span class='ocrx_word' id='word_1_7' title='bbox 1165 473 1399 531; x_wconf 81' lang='lat' dir='ltr'><strong>regnum</strong></span> <span class='ocrx_word' id='word_1_8' title='bbox 1436 473 1500 514; x_wconf 92' lang='lat' dir='ltr'><strong>ac</strong></span> <span class='ocrx_word' id='word_1_9' title='bbox 1531 458 1996 515; x_wconf 80' lang='lat' dir='ltr'><strong>incarnationem,</strong></span> <span class='ocrx_word' id='word_1_10' title='bbox 2028 467 2137 508; x_wconf 90' lang='lat' dir='ltr'><strong>non</strong></span> 
     </span>
    </p>
   </div>
   <div class='ocr_carea' id='block_1_5' title="bbox 2255 427 3821 533">
    <p class='ocr_par' dir='ltr' id='par_1_5' title="bbox 2255 427 3821 520">
     <span class='ocr_line' id='line_1_5' title="bbox 2255 427 3821 520; baseline 0 -18"><span class='ocrx_word' id='word_1_11' title='bbox 2255 450 2339 520; x_wconf 83' lang='grc' dir='ltr'><strong>›ὐχ</strong></span> <span class='ocrx_word' id='word_1_12' title='bbox 2366 447 2567 516; x_wconf 80' lang='grc' dir='ltr'>ὁμοίως</span> <span class='ocrx_word' id='word_1_13' title='bbox 2599 427 2659 498; x_wconf 65' lang='grc' dir='ltr'><strong>δὲ</strong></span> <span class='ocrx_word' id='word_1_14' title='bbox 2710 442 2914 508; x_wconf 77' lang='grc' dir='ltr'><strong>πάσαις</strong></span> <span class='ocrx_word' id='word_1_15' title='bbox 2958 444 3059 507; x_wconf 79' lang='grc' dir='ltr'><strong>τὰς</strong></span> <span class='ocrx_word' id='word_1_16' title='bbox 3102 444 3199 514; x_wconf 80' lang='grc' dir='ltr'>τῆς</span> <span class='ocrx_word' id='word_1_17' title='bbox 3223 441 3634 515; x_wconf 81' lang='grc' dir='ltr'>ἁληθογνωσίας</span> <span class='ocrx_word' id='word_1_18' title='bbox 3655 444 3821 502; x_wconf 62' lang='lat' dir='ltr'><strong>intr</strong></span> 
     </span>
    </p>
   </div>
   <div class='ocr_carea' id='block_1_6' title="bbox 552 547 2139 622">
    <p class='ocr_par' dir='ltr' id='par_1_6' title="bbox 552 547 2139 622">
     <span class='ocr_line' id='line_1_6' title="bbox 552 547 2139 622; baseline -0.008 -9"><span class='ocrx_word' id='word_1_19' title='bbox 552 556 813 615; x_wconf 74' lang='lat' dir='ltr'><strong>similiter</strong></span> <span class='ocrx_word' id='word_1_20' title='bbox 867 563 1051 610; x_wconf 85' lang='lat' dir='ltr'><strong>tamcn</strong></span> <span class='ocrx_word' id='word_1_21' title='bbox 1110 568 1255 608; x_wconf 83' lang='lat' dir='ltr'><strong>vera:</strong></span> <span class='ocrx_word' id='word_1_22' title='bbox 1320 551 1571 608; x_wconf 64' lang='lat' dir='ltr'><strong>scientiae</strong></span> <span class='ocrx_word' id='word_1_23' title='bbox 1622 549 1864 622; x_wconf 77' lang='lat' dir='ltr'><strong>fulgores</strong></span> <span class='ocrx_word' id='word_1_24' title='bbox 1922 547 2139 603; x_wconf 86' lang='lat' dir='ltr'><strong>cunctis</strong></span> 
     </span>
    </p>
   </div>
   <div class='ocr_carea' id='block_1_7' title="bbox 552 640 2137 716">
    <p class='ocr_par' dir='ltr' id='par_1_7' title="bbox 552 640 2137 716">
     <span class='ocr_line' id='line_1_7' title="bbox 552 640 2137 716; baseline -0.008 -10"><span class='ocrx_word' id='word_1_25' title='bbox 552 648 788 706; x_wconf 67' lang='lat' dir='ltr'><strong>adundit</strong></span> <span class='ocrx_word' id='word_1_26' title='bbox 827 664 846 703; x_wconf 84' lang='lat'><strong>:</strong></span> <span class='ocrx_word' id='word_1_27' title='bbox 895 645 1146 716; x_wconf 89' lang='lat' dir='ltr'><strong>quinimo</strong></span> <span class='ocrx_word' id='word_1_28' title='bbox 1190 645 1324 701; x_wconf 87' lang='lat' dir='ltr'><strong>solis</strong></span> <span class='ocrx_word' id='word_1_29' title='bbox 1370 646 1544 700; x_wconf 87' lang='lat' dir='ltr'><strong>instar</strong></span> <span class='ocrx_word' id='word_1_30' title='bbox 1590 642 1807 699; x_wconf 84' lang='lat' dir='ltr'><strong>lucidos</strong></span> <span class='ocrx_word' id='word_1_31' title='bbox 1854 640 2137 711; x_wconf 79' lang='lat' dir='ltr'><strong>Evangelii</strong></span> 
     </span>
    </p>
   </div>
   <div class='ocr_carea' id='block_1_8' title="bbox 552 734 2140 802">
    <p class='ocr_par' dir='ltr' id='par_1_8' title="bbox 552 734 2140 802">
     <span class='ocr_line' id='line_1_8' title="bbox 552 734 2140 802; baseline -0.007 -6"><span class='ocrx_word' id='word_1_32' title='bbox 552 739 738 797; x_wconf 86' lang='lat' dir='ltr'><strong>radios</strong></span> <span class='ocrx_word' id='word_1_33' title='bbox 758 738 816 794; x_wconf 91' lang='lat' dir='ltr'><strong>in</strong></span> <span class='ocrx_word' id='word_1_34' title='bbox 840 752 1059 793; x_wconf 87' lang='lat' dir='ltr'><strong>omnem</strong></span> <span class='ocrx_word' id='word_1_35' title='bbox 1085 736 1248 792; x_wconf 89' lang='lat' dir='ltr'><strong>simul</strong></span> <span class='ocrx_word' id='word_1_36' title='bbox 1274 745 1545 791; x_wconf 87' lang='lat' dir='ltr'><strong>terrarum</strong></span> <span class='ocrx_word' id='word_1_37' title='bbox 1569 734 1784 800; x_wconf 81' lang='lat' dir='ltr'><strong>orbem,</strong></span> <span class='ocrx_word' id='word_1_38' title='bbox 1806 746 2140 802; x_wconf 90' lang='lat' dir='ltr'><strong>omnemque</strong></span> 
     </span>
    </p>
   </div>
   <div class='ocr_carea' id='block_1_9' title="bbox 554 825 2139 901">
    <p class='ocr_par' dir='ltr' id='par_1_9' title="bbox 554 825 2139 901">
     <span class='ocr_line' id='line_1_9' title="bbox 554 825 2139 901; baseline -0.006 -14"><span class='ocrx_word' id='word_1_39' title='bbox 554 832 840 887; x_wconf 88' lang='lat' dir='ltr'><strong>nationum</strong></span> <span class='ocrx_word' id='word_1_40' title='bbox 856 830 1101 901; x_wconf 83' lang='lat' dir='ltr'><strong>linguam</strong></span> <span class='ocrx_word' id='word_1_41' title='bbox 1124 829 1406 897; x_wconf 90' lang='lat' dir='ltr'><strong>emittens,</strong></span> <span class='ocrx_word' id='word_1_42' title='bbox 1423 839 1588 900; x_wconf 87' lang='lat' dir='ltr'><strong>atque</strong></span> <span class='ocrx_word' id='word_1_43' title='bbox 1612 840 1829 881; x_wconf 89' lang='lat' dir='ltr'><strong>omnem</strong></span> <span class='ocrx_word' id='word_1_44' title='bbox 1853 825 2139 879; x_wconf 84' lang='lat' dir='ltr'><strong>hominum</strong></span> 
     </span>
    </p>
   </div>
   <div class='ocr_carea' id='block_1_10' title="bbox 554 919 2141 989">
    <p class='ocr_par' dir='ltr' id='par_1_10' title="bbox 554 919 2141 989">
     <span class='ocr_line' id='line_1_10' title="bbox 554 919 2141 989; baseline -0.004 -11"><span class='ocrx_word' id='word_1_45' title='bbox 554 933 795 979; x_wconf 79' lang='lat' dir='ltr'><strong>mentem</strong></span> <span class='ocrx_word' id='word_1_46' title='bbox 837 922 1146 980; x_wconf 87' lang='lat' dir='ltr'><strong>secundum</strong></span> <span class='ocrx_word' id='word_1_47' title='bbox 1185 930 1407 977; x_wconf 58' lang='lat' dir='ltr'><strong>aetatum</strong></span> <span class='ocrx_word' id='word_1_48' title='bbox 1451 919 1855 977; x_wconf 88' lang='lat' dir='ltr'><strong>successionem</strong></span> <span class='ocrx_word' id='word_1_49' title='bbox 1898 919 1967 973; x_wconf 84' lang='lat' dir='ltr'><strong>ad</strong></span> <span class='ocrx_word' id='word_1_50' title='bbox 2010 932 2141 989; x_wconf 88' lang='lat' dir='ltr'><strong>pro-</strong></span> 
     </span>
    </p>
   </div>
   <div class='ocr_carea' id='block_1_11' title="bbox 554 1010 2144 1089">
    <p class='ocr_par' dir='ltr' id='par_1_11' title="bbox 554 1010 2144 1089">
     <span class='ocr_line' id='line_1_11' title="bbox 554 1010 2144 1089; baseline -0.004 -19"><span class='ocrx_word' id='word_1_51' title='bbox 554 1017 737 1089; x_wconf 90' lang='lat' dir='ltr'><strong>prium</strong></span> <span class='ocrx_word' id='word_1_52' title='bbox 783 1016 1074 1087; x_wconf 78' lang='lat' dir='ltr'><strong>tlieologiae</strong></span> <span class='ocrx_word' id='word_1_53' title='bbox 1115 1016 1301 1071; x_wconf 89' lang='lat' dir='ltr'><strong>lumen</strong></span> <span class='ocrx_word' id='word_1_54' title='bbox 1343 1014 1599 1079; x_wconf 86' lang='lat' dir='ltr'><strong>illiciens,</strong></span> <span class='ocrx_word' id='word_1_55' title='bbox 1632 1012 1752 1083; x_wconf 87' lang='lat' dir='ltr'><strong>pari</strong></span> <span class='ocrx_word' id='word_1_56' title='bbox 1791 1022 2019 1068; x_wconf 92' lang='lat' dir='ltr'><strong>cunctos</strong></span> <span class='ocrx_word' id='word_1_57' title='bbox 2060 1010 2144 1065; x_wconf 89' lang='lat' dir='ltr'><strong>in-</strong></span> 
     </span>
    </p>
   </div>
   <div class='ocr_carea' id='block_1_12' title="bbox 554 1103 2143 1180">
    <p class='ocr_par' dir='ltr' id='par_1_12' title="bbox 554 1103 2143 1180">
     <span class='ocr_line' id='line_1_12' title="bbox 554 1103 2143 1180; baseline -0.003 -18"><span class='ocrx_word' id='word_1_58' title='bbox 554 1108 859 1180; x_wconf 85' lang='lat' dir='ltr'><strong>dulgentia,</strong></span> <span class='ocrx_word' id='word_1_59' title='bbox 885 1109 1037 1179; x_wconf 83' lang='lat' dir='ltr'><strong>largo</strong></span> <span class='ocrx_word' id='word_1_60' title='bbox 1063 1108 1213 1163; x_wconf 88' lang='lat' dir='ltr'><strong>velut</strong></span> <span class='ocrx_word' id='word_1_61' title='bbox 1240 1107 1412 1172; x_wconf 83' lang='lat' dir='ltr'><strong>fonte,</strong></span> <span class='ocrx_word' id='word_1_62' title='bbox 1442 1105 1715 1161; x_wconf 84' lang='lat' dir='ltr'><strong>beneﬁcio</strong></span> <span class='ocrx_word' id='word_1_63' title='bbox 1753 1104 1999 1174; x_wconf 87' lang='lat' dir='ltr'><strong>impartit</strong></span> <span class='ocrx_word' id='word_1_64' title='bbox 2026 1120 2041 1158; x_wconf 91' lang='lat'><strong>:</strong></span> <span class='ocrx_word' id='word_1_65' title='bbox 2074 1103 2143 1157; x_wconf 88' lang='lat' dir='ltr'><strong>iis</strong></span> 
     </span>
    </p>
   </div>
   <div class='ocr_carea' id='block_1_13' title="bbox 557 1197 2143 1271">
    <p class='ocr_par' dir='ltr' id='par_1_13' title="bbox 557 1197 2143 1271">
     <span class='ocr_line' id='line_1_13' title="bbox 557 1197 2143 1271; baseline -0.004 -15"><span class='ocrx_word' id='word_1_66' title='bbox 557 1201 783 1271; x_wconf 82' lang='lat' dir='ltr'><strong>quidem</strong></span> <span class='ocrx_word' id='word_1_67' title='bbox 818 1201 913 1271; x_wconf 91' lang='lat' dir='ltr'><strong>qui</strong></span> <span class='ocrx_word' id='word_1_68' title='bbox 948 1202 1256 1270; x_wconf 84' lang='lat' dir='ltr'><strong>simplicem</strong></span> <span class='ocrx_word' id='word_1_69' title='bbox 1286 1209 1452 1270; x_wconf 88' lang='lat' dir='ltr'><strong>atque</strong></span> <span class='ocrx_word' id='word_1_70' title='bbox 1480 1198 1694 1255; x_wconf 79' lang='lat' dir='ltr'><strong>ﬁdelem</strong></span> <span class='ocrx_word' id='word_1_71' title='bbox 1724 1198 1893 1253; x_wconf 85' lang='lat' dir='ltr'><strong>animi</strong></span> <span class='ocrx_word' id='word_1_72' title='bbox 1920 1197 2143 1252; x_wconf 88' lang='lat' dir='ltr'><strong>oculum</strong></span> 
     </span>
    </p>
   </div>
   <div class='ocr_carea' id='block_1_14' title="bbox 557 1290 2145 1363">
    <p class='ocr_par' dir='ltr' id='par_1_14' title="bbox 557 1290 2145 1363">
     <span class='ocr_line' id='line_1_14' title="bbox 557 1290 2145 1363; baseline -0.003 -15"><span class='ocrx_word' id='word_1_73' title='bbox 557 1294 881 1360; x_wconf 80' lang='lat' dir='ltr'><strong>adhibeant,</strong></span> <span class='ocrx_word' id='word_1_74' title='bbox 906 1294 1147 1363; x_wconf 67' lang='lat' dir='ltr'><strong>vera;lux</strong></span> <span class='ocrx_word' id='word_1_75' title='bbox 1162 1300 1219 1348; x_wconf 90' lang='lat' dir='ltr'><strong>et</strong></span> <span class='ocrx_word' id='word_1_76' title='bbox 1243 1292 1504 1347; x_wconf 86' lang='lat' dir='ltr'><strong>salutaris</strong></span> <span class='ocrx_word' id='word_1_77' title='bbox 1527 1292 1831 1355; x_wconf 81' lang='lat' dir='ltr'><strong>exsistens;</strong></span> <span class='ocrx_word' id='word_1_78' title='bbox 1865 1290 1933 1345; x_wconf 92' lang='lat' dir='ltr'><strong>iis</strong></span> <span class='ocrx_word' id='word_1_79' title='bbox 1960 1298 2145 1345; x_wconf 91' lang='lat' dir='ltr'><strong>autem</strong></span> 
     </span>
    </p>
   </div>
   <div class='ocr_carea' id='block_1_15' title="bbox 560 1382 2147 1456">
    <p class='ocr_par' dir='ltr' id='par_1_15' title="bbox 560 1382 2147 1456">
     <span class='ocr_line' id='line_1_15' title="bbox 560 1382 2147 1456; baseline -0.001 -17"><span class='ocrx_word' id='word_1_80' title='bbox 560 1386 657 1455; x_wconf 91' lang='lat' dir='ltr'><strong>qui</strong></span> <span class='ocrx_word' id='word_1_81' title='bbox 702 1402 871 1456; x_wconf 86' lang='lat' dir='ltr'><strong>prave</strong></span> <span class='ocrx_word' id='word_1_82' title='bbox 915 1402 1019 1441; x_wconf 88' lang='lat' dir='ltr'><strong>nec</strong></span> <span class='ocrx_word' id='word_1_83' title='bbox 1058 1386 1111 1439; x_wconf 92' lang='lat' dir='ltr'><strong>in</strong></span> <span class='ocrx_word' id='word_1_84' title='bbox 1155 1385 1261 1440; x_wconf 82' lang='lat' dir='ltr'><strong>ﬁde</strong></span> <span class='ocrx_word' id='word_1_85' title='bbox 1301 1384 1358 1439; x_wconf 89' lang='lat' dir='ltr'><strong>in</strong></span> <span class='ocrx_word' id='word_1_86' title='bbox 1398 1400 1526 1440; x_wconf 87' lang='lat' dir='ltr'><strong>eum</strong></span> <span class='ocrx_word' id='word_1_87' title='bbox 1566 1383 1876 1449; x_wconf 85' lang='lat' dir='ltr'><strong>intendant,</strong></span> <span class='ocrx_word' id='word_1_88' title='bbox 1908 1382 2147 1454; x_wconf 83' lang='lat' dir='ltr'><strong>Spiritus</strong></span> 
     </span>
    </p>
   </div>
   <div class='ocr_carea' id='block_1_16' title="bbox 563 1476 1416 1549">
    <p class='ocr_par' dir='ltr' id='par_1_16' title="bbox 563 1476 1416 1549">
     <span class='ocr_line' id='line_1_16' title="bbox 563 1476 1416 1549; baseline -0.001 -17"><span class='ocrx_word' id='word_1_89' title='bbox 563 1478 778 1532; x_wconf 77' lang='lat' dir='ltr'><strong>scilicet</strong></span> <span class='ocrx_word' id='word_1_90' title='bbox 801 1478 995 1549; x_wconf 85' lang='lat' dir='ltr'><strong>judicii</strong></span> <span class='ocrx_word' id='word_1_91' title='bbox 1027 1477 1355 1547; x_wconf 87' lang='lat' dir='ltr'><strong>ardorisque</strong></span> <span class='ocrx_word' id='word_1_92' title='bbox 1372 1476 1416 1531; x_wconf 79' lang='grc'><strong>⁸.</strong></span> 
     </span>
    </p>
   </div>
   <div class='ocr_carea' id='block_1_17' title="bbox 638 1564 2149 1640">
    <p class='ocr_par' dir='ltr' id='par_1_17' title="bbox 638 1564 2149 1640">
     <span class='ocr_line' id='line_1_17' title="bbox 638 1564 2149 1640; baseline -0.001 -18"><span class='ocrx_word' id='word_1_93' title='bbox 638 1567 879 1637; x_wconf 88' lang='lat' dir='ltr'><strong>Scriptio</strong></span> <span class='ocrx_word' id='word_1_94' title='bbox 924 1568 1042 1622; x_wconf 68' lang='lat' dir='ltr'><strong>haec</strong></span> <span class='ocrx_word' id='word_1_95' title='bbox 1085 1566 1317 1640; x_wconf 82' lang='lat' dir='ltr'><strong>Lycurgi</strong></span> <span class='ocrx_word' id='word_1_96' title='bbox 1374 1566 1523 1636; x_wconf 84' lang='lat' dir='ltr'><strong>leges</strong></span> <span class='ocrx_word' id='word_1_97' title='bbox 1573 1572 1631 1619; x_wconf 91' lang='lat' dir='ltr'><strong>et</strong></span> <span class='ocrx_word' id='word_1_98' title='bbox 1690 1564 1913 1620; x_wconf 84' lang='lat' dir='ltr'><strong>Solonis</strong></span> <span class='ocrx_word' id='word_1_99' title='bbox 1973 1580 2149 1637; x_wconf 84' lang='lat' dir='ltr'><strong>nugas</strong></span> 
     </span>
    </p>
   </div>
   <div class='ocr_carea' id='block_1_18' title="bbox 564 1658 2148 1716">
    <p class='ocr_par' dir='ltr' id='par_1_18' title="bbox 564 1658 2148 1716">
     <span class='ocr_line' id='line_1_18' title="bbox 564 1658 2148 1716; baseline 0.001 -3"><span class='ocrx_word' id='word_1_100' title='bbox 564 1673 688 1714; x_wconf 88' lang='lat' dir='ltr'><strong>esse</strong></span> <span class='ocrx_word' id='word_1_101' title='bbox 728 1660 993 1715; x_wconf 86' lang='lat' dir='ltr'><strong>ostendit.</strong></span> <span class='ocrx_word' id='word_1_102' title='bbox 1029 1660 1157 1716; x_wconf 69' lang='lat' dir='ltr'><strong>llaec</strong></span> <span class='ocrx_word' id='word_1_103' title='bbox 1218 1658 1465 1715; x_wconf 85' lang='lat' dir='ltr'><strong>Platonis</strong></span> <span class='ocrx_word' id='word_1_104' title='bbox 1502 1675 1614 1715; x_wconf 87' lang='lat' dir='ltr'><strong>non</strong></span> <span class='ocrx_word' id='word_1_105' title='bbox 1654 1674 1780 1715; x_wconf 86' lang='lat' dir='ltr'><strong>vere</strong></span> <span class='ocrx_word' id='word_1_106' title='bbox 1820 1660 2148 1715; x_wconf 74' lang='lat' dir='ltr'><strong>exsistentes</strong></span> 
     </span>
    </p>
   </div>
   <div class='ocr_carea' id='block_1_19' title="bbox 564 1750 2148 1821">
    <p class='ocr_par' dir='ltr' id='par_1_19' title="bbox 564 1750 2148 1821">
     <span class='ocr_line' id='line_1_19' title="bbox 564 1750 2148 1821; baseline 0.002 -18"><span class='ocrx_word' id='word_1_107' title='bbox 564 1750 905 1820; x_wconf 90' lang='lat' dir='ltr'><strong>respublicas</strong></span> <span class='ocrx_word' id='word_1_108' title='bbox 950 1750 1251 1821; x_wconf 88' lang='lat' dir='ltr'><strong>longasque</strong></span> <span class='ocrx_word' id='word_1_109' title='bbox 1296 1750 1596 1806; x_wconf 84' lang='lat' dir='ltr'><strong>verborum</strong></span> <span class='ocrx_word' id='word_1_110' title='bbox 1637 1750 1894 1820; x_wconf 82' lang='lat' dir='ltr'><strong>ineptias,</strong></span> <span class='ocrx_word' id='word_1_111' title='bbox 1928 1750 2148 1806; x_wconf 87' lang='lat' dir='ltr'><strong>silentio</strong></span> 
     </span>
    </p>
   </div>
   <div class='ocr_carea' id='block_1_20' title="bbox 564 1840 2143 1911">
    <p class='ocr_par' dir='ltr' id='par_1_20' title="bbox 564 1840 2143 1911">
     <span class='ocr_line' id='line_1_20' title="bbox 564 1840 2143 1911; baseline 0.001 -15"><span class='ocrx_word' id='word_1_112' title='bbox 564 1840 848 1896; x_wconf 79' lang='lat' dir='ltr'><strong>damnavit</strong></span> <span class='ocrx_word' id='word_1_113' title='bbox 882 1857 899 1894; x_wconf 90' lang='lat'><strong>:</strong></span> <span class='ocrx_word' id='word_1_114' title='bbox 935 1848 1200 1911; x_wconf 88' lang='lat' dir='ltr'><strong>tantoque</strong></span> <span class='ocrx_word' id='word_1_115' title='bbox 1231 1842 1382 1897; x_wconf 87' lang='lat' dir='ltr'><strong>omni</strong></span> <span class='ocrx_word' id='word_1_116' title='bbox 1415 1841 1769 1898; x_wconf 76' lang='lat' dir='ltr'><strong>Aristotelica</strong></span> <span class='ocrx_word' id='word_1_117' title='bbox 1806 1842 2143 1899; x_wconf 85' lang='lat' dir='ltr'><strong>obscuritate</strong></span> 
     </span>
    </p>
   </div>
   <div class='ocr_carea' id='block_1_21' title="bbox 560 1931 2148 2004">
    <p class='ocr_par' dir='ltr' id='par_1_21' title="bbox 560 1931 2148 2004">
     <span class='ocr_line' id='line_1_21' title="bbox 560 1931 2148 2004; baseline 0.002 -19"><span class='ocrx_word' id='word_1_118' title='bbox 560 1948 625 1986; x_wconf 89' lang='lat' dir='ltr'><strong>ac</strong></span> <span class='ocrx_word' id='word_1_119' title='bbox 660 1931 1000 2003; x_wconf 85' lang='lat' dir='ltr'><strong>argumentis</strong></span> <span class='ocrx_word' id='word_1_120' title='bbox 1034 1948 1143 1987; x_wconf 89' lang='lat' dir='ltr'><strong>non</strong></span> <span class='ocrx_word' id='word_1_121' title='bbox 1180 1933 1664 1996; x_wconf 81' lang='lat' dir='ltr'><strong>concludentibus,</strong></span> <span class='ocrx_word' id='word_1_122' title='bbox 1696 1933 1961 2004; x_wconf 87' lang='lat' dir='ltr'><strong>omnique</strong></span> <span class='ocrx_word' id='word_1_123' title='bbox 2002 1933 2148 2004; x_wconf 87' lang='lat' dir='ltr'><strong>apud</strong></span> 
     </span>
    </p>
   </div>
   <div class='ocr_carea' id='block_1_22' title="bbox 559 2021 2149 2096">
    <p class='ocr_par' dir='ltr' id='par_1_22' title="bbox 559 2021 2149 2096">
     <span class='ocr_line' id='line_1_22' title="bbox 559 2021 2149 2096; baseline 0.001 -16"><span class='ocrx_word' id='word_1_124' title='bbox 559 2021 781 2081; x_wconf 68' lang='lat' dir='ltr'><strong>Graecos</strong></span> <span class='ocrx_word' id='word_1_125' title='bbox 824 2023 1351 2080; x_wconf 82' lang='lat' dir='ltr'><strong>facundissimorum</strong></span> <span class='ocrx_word' id='word_1_126' title='bbox 1395 2025 1788 2081; x_wconf 86' lang='lat' dir='ltr'><strong>lucubratione</strong></span> <span class='ocrx_word' id='word_1_127' title='bbox 1833 2040 1898 2081; x_wconf 89' lang='lat' dir='ltr'><strong>ac</strong></span> <span class='ocrx_word' id='word_1_128' title='bbox 1946 2026 2149 2096; x_wconf 85' lang='lat' dir='ltr'><strong>scripto</strong></span> 
     </span>
    </p>
   </div>
   <div class='ocr_carea' id='block_1_23' title="bbox 562 2116 2151 2189">
    <p class='ocr_par' dir='ltr' id='par_1_23' title="bbox 562 2116 2151 2189">
     <span class='ocr_line' id='line_1_23' title="bbox 562 2116 2151 2189; baseline 0.001 -17"><span class='ocrx_word' id='word_1_129' title='bbox 562 2116 806 2172; x_wconf 85' lang='lat' dir='ltr'><strong>divinior</strong></span> <span class='ocrx_word' id='word_1_130' title='bbox 851 2127 938 2173; x_wconf 89' lang='lat' dir='ltr'><strong>est</strong></span> <span class='ocrx_word' id='word_1_131' title='bbox 982 2133 1046 2173; x_wconf 91' lang='lat' dir='ltr'><strong>ac</strong></span> <span class='ocrx_word' id='word_1_132' title='bbox 1097 2118 1431 2189; x_wconf 85' lang='lat' dir='ltr'><strong>sapientior,</strong></span> <span class='ocrx_word' id='word_1_133' title='bbox 1480 2128 1689 2189; x_wconf 89' lang='lat' dir='ltr'><strong>quanto</strong></span> <span class='ocrx_word' id='word_1_134' title='bbox 1740 2120 1943 2174; x_wconf 71' lang='lat' dir='ltr'><strong>coelum</strong></span> <span class='ocrx_word' id='word_1_135' title='bbox 2000 2128 2151 2175; x_wconf 85' lang='lat' dir='ltr'><strong>terra</strong></span> 
     </span>
    </p>
   </div>
   <div class='ocr_carea' id='block_1_24' title="bbox 563 2210 2151 2283">
    <p class='ocr_par' dir='ltr' id='par_1_24' title="bbox 563 2210 2151 2283">
     <span class='ocr_line' id='line_1_24' title="bbox 563 2210 2151 2283; baseline 0.001 -17"><span class='ocrx_word' id='word_1_136' title='bbox 563 2210 877 2275; x_wconf 85' lang='lat' dir='ltr'><strong>sublimius,</strong></span> <span class='ocrx_word' id='word_1_137' title='bbox 910 2211 1127 2281; x_wconf 89' lang='lat' dir='ltr'><strong>solque,</strong></span> <span class='ocrx_word' id='word_1_138' title='bbox 1158 2211 1496 2283; x_wconf 87' lang='lat' dir='ltr'><strong>ejuscemodi</strong></span> <span class='ocrx_word' id='word_1_139' title='bbox 1540 2211 1791 2277; x_wconf 88' lang='lat' dir='ltr'><strong>lucerna,</strong></span> <span class='ocrx_word' id='word_1_140' title='bbox 1819 2226 1942 2283; x_wconf 59' lang='lat' dir='ltr'><strong>quae</strong></span> <span class='ocrx_word' id='word_1_141' title='bbox 1990 2211 2151 2268; x_wconf 85' lang='lat' dir='ltr'><strong>nobis</strong></span> 
     </span>
    </p>
   </div>
   <div class='ocr_carea' id='block_1_25' title="bbox 564 2304 2148 2376">
    <p class='ocr_par' dir='ltr' id='par_1_25' title="bbox 564 2304 2148 2376">
     <span class='ocr_line' id='line_1_25' title="bbox 564 2304 2148 2376; baseline 0.001 -18"><span class='ocrx_word' id='word_1_142' title='bbox 564 2304 912 2371; x_wconf 87' lang='lat' dir='ltr'><strong>accenditur,</strong></span> <span class='ocrx_word' id='word_1_143' title='bbox 948 2304 1189 2359; x_wconf 89' lang='lat' dir='ltr'><strong>lucidior</strong></span> <span class='ocrx_word' id='word_1_144' title='bbox 1230 2314 1316 2361; x_wconf 88' lang='lat' dir='ltr'><strong>est</strong></span> <span class='ocrx_word' id='word_1_145' title='bbox 1355 2320 1420 2361; x_wconf 87' lang='lat' dir='ltr'><strong>ac</strong></span> <span class='ocrx_word' id='word_1_146' title='bbox 1460 2305 1803 2376; x_wconf 85' lang='lat' dir='ltr'><strong>splendidior</strong></span> <span class='ocrx_word' id='word_1_147' title='bbox 1843 2328 1860 2361; x_wconf 84' lang='lat'><strong>:</strong></span> <span class='ocrx_word' id='word_1_148' title='bbox 1902 2304 2061 2376; x_wconf 84' lang='lat' dir='ltr'><strong>quin,</strong></span> <span class='ocrx_word' id='word_1_149' title='bbox 2104 2304 2148 2359; x_wconf 85' lang='lat' dir='ltr'><strong>si</strong></span> 
     </span>
    </p>
   </div>
   <div class='ocr_carea' id='block_1_26' title="bbox 562 2395 2153 2469">
    <p class='ocr_par' dir='ltr' id='par_1_26' title="bbox 562 2395 2153 2469">
     <span class='ocr_line' id='line_1_26' title="bbox 562 2395 2153 2469; baseline 0.002 -18"><span class='ocrx_word' id='word_1_150' title='bbox 562 2395 742 2460; x_wconf 90' lang='lat' dir='ltr'><strong>lubet,</strong></span> <span class='ocrx_word' id='word_1_151' title='bbox 770 2404 979 2469; x_wconf 86' lang='lat' dir='ltr'><strong>quanto</strong></span> <span class='ocrx_word' id='word_1_152' title='bbox 1026 2397 1172 2454; x_wconf 87' lang='lat' dir='ltr'><strong>Deus</strong></span> <span class='ocrx_word' id='word_1_153' title='bbox 1205 2397 1429 2453; x_wconf 86' lang='lat' dir='ltr'><strong>homine</strong></span> <span class='ocrx_word' id='word_1_154' title='bbox 1463 2397 1728 2465; x_wconf 85' lang='lat' dir='ltr'><strong>nobilior,</strong></span> <span class='ocrx_word' id='word_1_155' title='bbox 1756 2407 1920 2469; x_wconf 86' lang='lat' dir='ltr'><strong>atque</strong></span> <span class='ocrx_word' id='word_1_156' title='bbox 1950 2398 2153 2454; x_wconf 85' lang='lat' dir='ltr'><strong>veritas</strong></span> 
     </span>
    </p>
   </div>
   <div class='ocr_carea' id='block_1_27' title="bbox 566 2489 1126 2560">
    <p class='ocr_par' dir='ltr' id='par_1_27' title="bbox 566 2489 1126 2560">
     <span class='ocr_line' id='line_1_27' title="bbox 566 2489 1126 2560; baseline 0.005 -17"><span class='ocrx_word' id='word_1_157' title='bbox 566 2489 764 2543; x_wconf 83' lang='lat' dir='ltr'><strong>umbra</strong></span> <span class='ocrx_word' id='word_1_158' title='bbox 792 2490 1126 2560; x_wconf 77' lang='lat' dir='ltr'><strong>expressior.</strong></span> 
     </span>
    </p>
   </div>
   <div class='ocr_carea' id='block_1_28' title="bbox 638 2577 2153 2652">
    <p class='ocr_par' dir='ltr' id='par_1_28' title="bbox 638 2577 2153 2652">
     <span class='ocr_line' id='line_1_28' title="bbox 638 2577 2153 2652; baseline -0.001 -17"><span class='ocrx_word' id='word_1_159' title='bbox 638 2577 786 2635; x_wconf 84' lang='lat' dir='ltr'><strong>Satis</strong></span> <span class='ocrx_word' id='word_1_160' title='bbox 821 2579 971 2634; x_wconf 87' lang='lat' dir='ltr'><strong>enim</strong></span> <span class='ocrx_word' id='word_1_161' title='bbox 1002 2578 1109 2634; x_wconf 77' lang='lat' dir='ltr'><strong>fuit</strong></span> <span class='ocrx_word' id='word_1_162' title='bbox 1139 2580 1387 2635; x_wconf 89' lang='lat' dir='ltr'><strong>omnium</strong></span> <span class='ocrx_word' id='word_1_163' title='bbox 1422 2580 1544 2635; x_wconf 92' lang='lat' dir='ltr'><strong>loco</strong></span> <span class='ocrx_word' id='word_1_164' title='bbox 1579 2580 1933 2636; x_wconf 85' lang='lat' dir='ltr'><strong>beatissimus</strong></span> <span class='ocrx_word' id='word_1_165' title='bbox 1967 2578 2153 2652; x_wconf 85' lang='lat' dir='ltr'><strong>publi-</strong></span> 
     </span>
    </p>
   </div>
   <div class='ocr_carea' id='block_1_29' title="bbox 566 2672 2152 2738">
    <p class='ocr_par' dir='ltr' id='par_1_29' title="bbox 566 2672 2152 2738">
     <span class='ocr_line' id='line_1_29' title="bbox 566 2672 2152 2738; baseline -0.001 -9"><span class='ocrx_word' id='word_1_166' title='bbox 566 2689 741 2729; x_wconf 88' lang='lat' dir='ltr'><strong>canus</strong></span> <span class='ocrx_word' id='word_1_167' title='bbox 784 2672 853 2727; x_wconf 81' lang='lat' dir='ltr'><strong>ad</strong></span> <span class='ocrx_word' id='word_1_168' title='bbox 898 2672 1053 2727; x_wconf 90' lang='lat' dir='ltr'><strong>orbis</strong></span> <span class='ocrx_word' id='word_1_169' title='bbox 1093 2680 1365 2728; x_wconf 87' lang='lat' dir='ltr'><strong>terrarum</strong></span> <span class='ocrx_word' id='word_1_170' title='bbox 1410 2674 1803 2729; x_wconf 86' lang='lat' dir='ltr'><strong>eruditionem.</strong></span> <span class='ocrx_word' id='word_1_171' title='bbox 1837 2674 1983 2729; x_wconf 85' lang='lat' dir='ltr'><strong>Satis</strong></span> <span class='ocrx_word' id='word_1_172' title='bbox 2025 2675 2152 2738; x_wconf 80' lang='lat' dir='ltr'><strong>fuit,</strong></span> 
     </span>
    </p>
   </div>
   <div class='ocr_carea' id='block_1_30' title="bbox 566 2758 2156 2839">
    <p class='ocr_par' dir='ltr' id='par_1_30' title="bbox 566 2758 2156 2839">
     <span class='ocr_line' id='line_1_30' title="bbox 566 2758 2156 2839; baseline 0.001 -18"><span class='ocrx_word' id='word_1_173' title='bbox 566 2766 639 2821; x_wconf 85' lang='lat' dir='ltr'><strong>iis</strong></span> <span class='ocrx_word' id='word_1_174' title='bbox 665 2767 759 2835; x_wconf 90' lang='lat' dir='ltr'><strong>qui</strong></span> <span class='ocrx_word' id='word_1_175' title='bbox 786 2766 993 2821; x_wconf 89' lang='lat' dir='ltr'><strong>vellent</strong></span> <span class='ocrx_word' id='word_1_176' title='bbox 1022 2765 1284 2835; x_wconf 86' lang='lat' dir='ltr'><strong>pietatem</strong></span> <span class='ocrx_word' id='word_1_177' title='bbox 1313 2767 1517 2832; x_wconf 90' lang='lat' dir='ltr'><strong>colere,</strong></span> <span class='ocrx_word' id='word_1_178' title='bbox 1546 2767 1611 2822; x_wconf 88' lang='lat' dir='ltr'><strong>ad</strong></span> <span class='ocrx_word' id='word_1_179' title='bbox 1640 2758 1898 2839; x_wconf 84' lang='lat' dir='ltr'><strong>pietatem</strong></span> <span class='ocrx_word' id='word_1_180' title='bbox 1930 2785 1944 2821; x_wconf 89' lang='lat'><strong>:</strong></span> <span class='ocrx_word' id='word_1_181' title='bbox 1972 2766 2040 2821; x_wconf 89' lang='lat' dir='ltr'><strong>ad</strong></span> <span class='ocrx_word' id='word_1_182' title='bbox 2068 2782 2156 2822; x_wconf 85' lang='lat' dir='ltr'><strong>sa-</strong></span> 
     </span>
    </p>
   </div>
   <div class='ocr_carea' id='block_1_31' title="bbox 567 2857 2155 2930">
    <p class='ocr_par' dir='ltr' id='par_1_31' title="bbox 567 2857 2155 2930">
     <span class='ocr_line' id='line_1_31' title="bbox 567 2857 2155 2930; baseline 0.003 -19"><span class='ocrx_word' id='word_1_183' title='bbox 567 2857 833 2928; x_wconf 86' lang='lat' dir='ltr'><strong>pientiam</strong></span> <span class='ocrx_word' id='word_1_184' title='bbox 855 2866 913 2914; x_wconf 91' lang='lat' dir='ltr'><strong>et</strong></span> <span class='ocrx_word' id='word_1_185' title='bbox 935 2858 1248 2923; x_wconf 85' lang='lat' dir='ltr'><strong>scientiam,</strong></span> <span class='ocrx_word' id='word_1_186' title='bbox 1272 2858 1362 2914; x_wconf 85' lang='lat' dir='ltr'><strong>bis</strong></span> <span class='ocrx_word' id='word_1_187' title='bbox 1386 2859 1479 2928; x_wconf 88' lang='lat' dir='ltr'><strong>qui</strong></span> <span class='ocrx_word' id='word_1_188' title='bbox 1510 2860 1798 2930; x_wconf 77' lang='lat' dir='ltr'><strong>sapientiae</strong></span> <span class='ocrx_word' id='word_1_189' title='bbox 1821 2874 1885 2914; x_wconf 87' lang='lat' dir='ltr'><strong>ac</strong></span> <span class='ocrx_word' id='word_1_190' title='bbox 1911 2859 2155 2916; x_wconf 70' lang='lat' dir='ltr'><strong>scientia:</strong></span> 
     </span>
    </p>
   </div>
   <div class='ocr_carea' id='block_1_32' title="bbox 567 2950 2155 3021">
    <p class='ocr_par' dir='ltr' id='par_1_32' title="bbox 567 2950 2155 3021">
     <span class='ocr_line' id='line_1_32' title="bbox 567 2950 2155 3021; baseline 0.003 -19"><span class='ocrx_word' id='word_1_191' title='bbox 567 2957 844 3005; x_wconf 85' lang='lat' dir='ltr'><strong>amatores</strong></span> <span class='ocrx_word' id='word_1_192' title='bbox 886 2958 1074 3005; x_wconf 86' lang='lat' dir='ltr'><strong>essent</strong></span> <span class='ocrx_word' id='word_1_193' title='bbox 1121 2966 1136 3004; x_wconf 88' lang='lat'><strong>:</strong></span> <span class='ocrx_word' id='word_1_194' title='bbox 1188 2964 1253 3005; x_wconf 88' lang='lat' dir='ltr'><strong>ac</strong></span> <span class='ocrx_word' id='word_1_195' title='bbox 1299 2950 1522 3021; x_wconf 85' lang='lat' dir='ltr'><strong>quidem</strong></span> <span class='ocrx_word' id='word_1_196' title='bbox 1572 2950 1777 3006; x_wconf 89' lang='lat' dir='ltr'><strong>actioni</strong></span> <span class='ocrx_word' id='word_1_197' title='bbox 1822 2951 2048 3018; x_wconf 87' lang='lat' dir='ltr'><strong>deditis,</strong></span> <span class='ocrx_word' id='word_1_198' title='bbox 2086 2951 2155 3007; x_wconf 88' lang='lat' dir='ltr'><strong>ad</strong></span> 
     </span>
    </p>
   </div>
   <div class='ocr_carea' id='block_1_33' title="bbox 572 3040 2158 3114">
    <p class='ocr_par' dir='ltr' id='par_1_33' title="bbox 572 3040 2158 3114">
     <span class='ocr_line' id='line_1_33' title="bbox 572 3040 2158 3114; baseline 0.002 -18"><span class='ocrx_word' id='word_1_199' title='bbox 572 3040 928 3113; x_wconf 84' lang='lat' dir='ltr'><strong>disciplinam</strong></span> <span class='ocrx_word' id='word_1_200' title='bbox 962 3043 1202 3114; x_wconf 69' lang='lat' dir='ltr'><strong>vitaeque</strong></span> <span class='ocrx_word' id='word_1_201' title='bbox 1235 3057 1485 3098; x_wconf 89' lang='lat' dir='ltr'><strong>normam</strong></span> <span class='ocrx_word' id='word_1_202' title='bbox 1523 3059 1539 3098; x_wconf 87' lang='lat'><strong>:</strong></span> <span class='ocrx_word' id='word_1_203' title='bbox 1576 3044 2028 3114; x_wconf 85' lang='lat' dir='ltr'><strong>contemplationi</strong></span> <span class='ocrx_word' id='word_1_204' title='bbox 2058 3060 2158 3100; x_wconf 78' lang='lat' dir='ltr'><strong>au-</strong></span> 
     </span>
    </p>
   </div>
   <div class='ocr_carea' id='block_1_34' title="bbox 2237 538 3827 615">
    <p class='ocr_par' dir='ltr' id='par_1_34' title="bbox 2237 538 3827 615">
     <span class='ocr_line' id='line_1_34' title="bbox 2237 538 3827 615; baseline 0 -19"><span class='ocrx_word' id='word_1_205' title='bbox 2237 542 2395 611; x_wconf 75' lang='grc' dir='ltr'>γάζει</span> <span class='ocrx_word' id='word_1_206' title='bbox 2424 539 2821 615; x_wconf 59' lang='grc' dir='ltr'>μαρμαρυγᾶςο</span> <span class='ocrx_word' id='word_1_207' title='bbox 2857 538 3008 611; x_wconf 71' lang='grc' dir='ltr'>ἡλίου</span> <span class='ocrx_word' id='word_1_208' title='bbox 3038 539 3095 593; x_wconf 81' lang='grc' dir='ltr'><strong>δὲ</strong></span> <span class='ocrx_word' id='word_1_209' title='bbox 3123 540 3325 609; x_wconf 70' lang='grc' dir='ltr'>τρόπον</span> <span class='ocrx_word' id='word_1_210' title='bbox 3354 541 3454 608; x_wconf 75' lang='grc' dir='ltr'>τὰς</span> <span class='ocrx_word' id='word_1_211' title='bbox 3480 542 3827 612; x_wconf 77' lang='grc' dir='ltr'>φωτοὸὀλους</span> 
     </span>
    </p>
   </div>
   <div class='ocr_carea' id='block_1_35' title="bbox 2239 631 3825 707">
    <p class='ocr_par' dir='ltr' id='par_1_35' title="bbox 2239 631 3825 707">
     <span class='ocr_line' id='line_1_35' title="bbox 2239 631 3825 707; baseline 0.002 -19"><span class='ocrx_word' id='word_1_212' title='bbox 2239 636 2465 698; x_wconf 79' lang='grc' dir='ltr'>ἀκτῖνας</span> <span class='ocrx_word' id='word_1_213' title='bbox 2486 632 2578 687; x_wconf 77' lang='grc' dir='ltr'><strong>τοῦ</strong></span> <span class='ocrx_word' id='word_1_214' title='bbox 2611 632 2947 701; x_wconf 81' lang='grc' dir='ltr'>Εὐαγγελίου</span> <span class='ocrx_word' id='word_1_215' title='bbox 2973 631 3115 685; x_wconf 84' lang='grc' dir='ltr'><strong>κατὰ</strong></span> <span class='ocrx_word' id='word_1_216' title='bbox 3139 634 3321 686; x_wconf 74' lang='grc' dir='ltr'>πᾶσαν</span> <span class='ocrx_word' id='word_1_217' title='bbox 3348 634 3484 706; x_wconf 80' lang='grc' dir='ltr'><strong>ὁμοῦ</strong></span> <span class='ocrx_word' id='word_1_218' title='bbox 3503 634 3605 707; x_wconf 70' lang='grc' dir='ltr'><strong>τὴν</strong></span> <span class='ocrx_word' id='word_1_219' title='bbox 3638 638 3825 691; x_wconf 74' lang='lat' dir='ltr'><strong>simu-‘-</strong></span> 
     </span>
    </p>
   </div>
   <div class='ocr_carea' id='block_1_36' title="bbox 2244 723 3830 797">
    <p class='ocr_par' dir='ltr' id='par_1_36' title="bbox 2244 723 3830 797">
     <span class='ocr_line' id='line_1_36' title="bbox 2244 723 3830 797; baseline -0.004 -17"><span class='ocrx_word' id='word_1_220' title='bbox 2244 728 2436 797; x_wconf 82' lang='grc' dir='ltr'><strong>μένην,</strong></span> <span class='ocrx_word' id='word_1_221' title='bbox 2466 726 2562 780; x_wconf 78' lang='grc' dir='ltr'><strong>καὶ</strong></span> <span class='ocrx_word' id='word_1_222' title='bbox 2584 727 2766 780; x_wconf 81' lang='grc' dir='ltr'>πᾶσαν</span> <span class='ocrx_word' id='word_1_223' title='bbox 2788 725 2959 779; x_wconf 76' lang='grc' dir='ltr'>ἐθνῶν</span> <span class='ocrx_word' id='word_1_224' title='bbox 2985 723 3265 781; x_wconf 81' lang='grc' dir='ltr'><strong>διάλεκτον</strong></span> <span class='ocrx_word' id='word_1_225' title='bbox 3290 728 3567 797; x_wconf 69' lang='grc' dir='ltr'>ἐπαφιείς*</span> <span class='ocrx_word' id='word_1_226' title='bbox 3592 731 3692 785; x_wconf 65' lang='grc' dir='ltr'><strong>καλΙ</strong></span> <span class='ocrx_word' id='word_1_227' title='bbox 3719 731 3830 785; x_wconf 76' lang='grc' dir='ltr'><strong>πᾶ-</strong></span> 
     </span>
    </p>
   </div>
   <div class='ocr_carea' id='block_1_37' title="bbox 2244 817 3831 893">
    <p class='ocr_par' dir='ltr' id='par_1_37' title="bbox 2244 817 3831 893">
     <span class='ocr_line' id='line_1_37' title="bbox 2244 817 3831 893; baseline 0.001 -19"><span class='ocrx_word' id='word_1_228' title='bbox 2244 836 2343 874; x_wconf 91' lang='grc' dir='ltr'>σαν</span> <span class='ocrx_word' id='word_1_229' title='bbox 2377 817 2681 889; x_wconf 83' lang='grc' dir='ltr'>ἀνθρώπων</span> <span class='ocrx_word' id='word_1_230' title='bbox 2700 817 2939 873; x_wconf 82' lang='grc' dir='ltr'><strong>διάνοιαν</strong></span> <span class='ocrx_word' id='word_1_231' title='bbox 2963 819 3105 872; x_wconf 82' lang='grc' dir='ltr'><strong>κατὰ</strong></span> <span class='ocrx_word' id='word_1_232' title='bbox 3129 818 3326 887; x_wconf 82' lang='grc' dir='ltr'><strong>γενεὰν</strong></span> <span class='ocrx_word' id='word_1_233' title='bbox 3348 820 3445 875; x_wconf 77' lang='grc' dir='ltr'><strong>καὶ</strong></span> <span class='ocrx_word' id='word_1_234' title='bbox 3476 822 3673 890; x_wconf 79' lang='grc' dir='ltr'><strong>γενεὰν</strong></span> <span class='ocrx_word' id='word_1_235' title='bbox 3693 822 3831 893; x_wconf 79' lang='grc' dir='ltr'>πρὸς</span> 
     </span>
    </p>
   </div>
   <div class='ocr_carea' id='block_1_38' title="bbox 2242 911 3833 987">
    <p class='ocr_par' dir='ltr' id='par_1_38' title="bbox 2242 911 3833 987">
     <span class='ocr_line' id='line_1_38' title="bbox 2242 911 3833 987; baseline 0.003 -20"><span class='ocrx_word' id='word_1_236' title='bbox 2242 913 2302 967; x_wconf 85' lang='grc' dir='ltr'><strong>τὸ</strong></span> <span class='ocrx_word' id='word_1_237' title='bbox 2326 914 2525 967; x_wconf 77' lang='grc' dir='ltr'><strong>οἰκεῖον</strong></span> <span class='ocrx_word' id='word_1_238' title='bbox 2555 913 2652 983; x_wconf 86' lang='grc' dir='ltr'>τῆς</span> <span class='ocrx_word' id='word_1_239' title='bbox 2681 911 2960 979; x_wconf 81' lang='grc' dir='ltr'>θεολογίας</span> <span class='ocrx_word' id='word_1_240' title='bbox 2983 912 3367 984; x_wconf 79' lang='grc' dir='ltr'><strong>ἐπισπώμενος</strong></span> <span class='ocrx_word' id='word_1_241' title='bbox 3391 912 3529 983; x_wconf 84' lang='grc' dir='ltr'>φῶς,</span> <span class='ocrx_word' id='word_1_242' title='bbox 3551 915 3833 987; x_wconf 77' lang='grc' dir='ltr'>ὀμοτίμως</span> 
     </span>
    </p>
   </div>
   <div class='ocr_carea' id='block_1_39' title="bbox 2240 1004 3831 1080">
    <p class='ocr_par' dir='ltr' id='par_1_39' title="bbox 2240 1004 3831 1080">
     <span class='ocr_line' id='line_1_39' title="bbox 2240 1004 3831 1080; baseline 0 -20"><span class='ocrx_word' id='word_1_243' title='bbox 2240 1008 2355 1070; x_wconf 83' lang='grc' dir='ltr'><strong>τοῖς</strong></span> <span class='ocrx_word' id='word_1_244' title='bbox 2412 1007 2578 1061; x_wconf 73' lang='grc' dir='ltr'>πᾶσιν</span> <span class='ocrx_word' id='word_1_245' title='bbox 2646 1005 2929 1069; x_wconf 73' lang='grc' dir='ltr'>ἐπιϐλύζει</span> <span class='ocrx_word' id='word_1_246' title='bbox 2980 1004 3081 1076; x_wconf 81' lang='grc' dir='ltr'><strong>τὴν</strong></span> <span class='ocrx_word' id='word_1_247' title='bbox 3139 1005 3500 1075; x_wconf 60' lang='grc' dir='ltr'>εὐεργεσίαν</span> <span class='ocrx_word' id='word_1_248' title='bbox 3557 1009 3675 1075; x_wconf 80' lang='grc' dir='ltr'><strong>τοῖς</strong></span> <span class='ocrx_word' id='word_1_249' title='bbox 3728 1010 3831 1080; x_wconf 73' lang='grc' dir='ltr'>μὲν</span> 
     </span>
    </p>
   </div>
   <div class='ocr_carea' id='block_1_40' title="bbox 2243 1099 3830 1173">
    <p class='ocr_par' dir='ltr' id='par_1_40' title="bbox 2243 1099 3830 1173">
     <span class='ocr_line' id='line_1_40' title="bbox 2243 1099 3830 1173; baseline -0.003 -14"><span class='ocrx_word' id='word_1_250' title='bbox 2243 1102 2449 1159; x_wconf 74' lang='grc' dir='ltr'>ἁπλοῦν</span> <span class='ocrx_word' id='word_1_251' title='bbox 2474 1100 2655 1155; x_wconf 82' lang='grc' dir='ltr'><strong>αὐτῶν</strong></span> <span class='ocrx_word' id='word_1_252' title='bbox 2681 1100 2775 1155; x_wconf 71' lang='lat' dir='ltr'><strong>atat</strong></span> <span class='ocrx_word' id='word_1_253' title='bbox 2801 1100 2992 1154; x_wconf 78' lang='grc' dir='ltr'>πιστὸν</span> <span class='ocrx_word' id='word_1_254' title='bbox 3022 1099 3116 1154; x_wconf 83' lang='grc' dir='ltr'><strong>τὸν</strong></span> <span class='ocrx_word' id='word_1_255' title='bbox 3150 1099 3430 1171; x_wconf 77' lang='grc' dir='ltr'>ὀφθαλμὸν</span> <span class='ocrx_word' id='word_1_256' title='bbox 3470 1103 3569 1173; x_wconf 84' lang='grc' dir='ltr'><strong>τῆς</strong></span> <span class='ocrx_word' id='word_1_257' title='bbox 3602 1102 3830 1173; x_wconf 76' lang='grc' dir='ltr'><strong>καρδίας</strong></span> 
     </span>
    </p>
   </div>
   <div class='ocr_carea' id='block_1_41' title="bbox 2244 1193 3827 1265">
    <p class='ocr_par' dir='ltr' id='par_1_41' title="bbox 2244 1193 3827 1265">
     <span class='ocr_line' id='line_1_41' title="bbox 2244 1193 3827 1265; baseline -0.004 -13"><span class='ocrx_word' id='word_1_258' title='bbox 2244 1196 2646 1260; x_wconf 76' lang='grc' dir='ltr'>ἐπιϐάλλουσιν,</span> <span class='ocrx_word' id='word_1_259' title='bbox 2672 1194 2922 1265; x_wconf 74' lang='grc' dir='ltr'>ἀληθινὸν</span> <span class='ocrx_word' id='word_1_260' title='bbox 2948 1194 3044 1248; x_wconf 74' lang='grc' dir='ltr'><strong>καὶ</strong></span> <span class='ocrx_word' id='word_1_261' title='bbox 3076 1193 3348 1265; x_wconf 78' lang='grc' dir='ltr'>σωτήριον</span> <span class='ocrx_word' id='word_1_262' title='bbox 3377 1194 3664 1265; x_wconf 84' lang='grc' dir='ltr'>γινόμενος</span> <span class='ocrx_word' id='word_1_263' title='bbox 3688 1194 3827 1264; x_wconf 76' lang='grc' dir='ltr'><strong>φῶςο</strong></span> 
     </span>
    </p>
   </div>
   <div class='ocr_carea' id='block_1_42' title="bbox 2244 1284 3831 1355">
    <p class='ocr_par' dir='ltr' id='par_1_42' title="bbox 2244 1284 3831 1355">
     <span class='ocr_line' id='line_1_42' title="bbox 2244 1284 3831 1355; baseline -0.004 -12"><span class='ocrx_word' id='word_1_264' title='bbox 2244 1292 2357 1352; x_wconf 85' lang='grc' dir='ltr'><strong>τοῖς</strong></span> <span class='ocrx_word' id='word_1_265' title='bbox 2378 1288 2607 1351; x_wconf 79' lang='grc' dir='ltr'><strong>σκολιῶς</strong></span> <span class='ocrx_word' id='word_1_266' title='bbox 2637 1287 2694 1341; x_wconf 80' lang='grc' dir='ltr'><strong>δὲ</strong></span> <span class='ocrx_word' id='word_1_267' title='bbox 2738 1288 2832 1341; x_wconf 76' lang='grc' dir='ltr'><strong>καὶ</strong></span> <span class='ocrx_word' id='word_1_268' title='bbox 2867 1287 2967 1340; x_wconf 77' lang='grc' dir='ltr'><strong>οὐκ</strong></span> <span class='ocrx_word' id='word_1_269' title='bbox 2994 1288 3051 1339; x_wconf 85' lang='grc' dir='ltr'><strong>ὲν</strong></span> <span class='ocrx_word' id='word_1_270' title='bbox 3074 1286 3255 1339; x_wconf 79' lang='grc' dir='ltr'><strong>πίστει</strong></span> <span class='ocrx_word' id='word_1_271' title='bbox 3288 1284 3427 1355; x_wconf 82' lang='grc' dir='ltr'>πρὸς</span> <span class='ocrx_word' id='word_1_272' title='bbox 3458 1285 3627 1339; x_wconf 76' lang='grc' dir='ltr'><strong>αὐτὸν</strong></span> <span class='ocrx_word' id='word_1_273' title='bbox 3651 1287 3831 1340; x_wconf 83' lang='grc' dir='ltr'><strong>ἀτενί-</strong></span> 
     </span>
    </p>
   </div>
   <div class='ocr_carea' id='block_1_43' title="bbox 2247 1376 3832 1452">
    <p class='ocr_par' dir='ltr' id='par_1_43' title="bbox 2247 1376 3832 1452">
     <span class='ocr_line' id='line_1_43' title="bbox 2247 1376 3832 1452; baseline -0.002 -17"><span class='ocrx_word' id='word_1_274' title='bbox 2247 1380 2419 1448; x_wconf 78' lang='grc' dir='ltr'><strong>ζουσι,</strong></span> <span class='ocrx_word' id='word_1_275' title='bbox 2453 1380 2670 1450; x_wconf 78' lang='grc' dir='ltr'>πνεῦμα</span> <span class='ocrx_word' id='word_1_276' title='bbox 2727 1380 2964 1452; x_wconf 81' lang='grc' dir='ltr'>κρίσεως</span> <span class='ocrx_word' id='word_1_277' title='bbox 2997 1378 3093 1433; x_wconf 75' lang='grc' dir='ltr'><strong>καὶ</strong></span> <span class='ocrx_word' id='word_1_278' title='bbox 3125 1376 3346 1448; x_wconf 79' lang='grc' dir='ltr'>πνεῦμα</span> <span class='ocrx_word' id='word_1_279' title='bbox 3398 1378 3648 1442; x_wconf 81' lang='grc' dir='ltr'><strong>καύσεως</strong></span> <span class='ocrx_word' id='word_1_280' title='bbox 3698 1377 3832 1432; x_wconf 66' lang='lat' dir='ltr'><strong>mo.</strong></span> 
     </span>
    </p>
   </div>
   <div class='ocr_carea' id='block_1_44' title="bbox 2249 1474 2557 1544">
    <p class='ocr_par' dir='ltr' id='par_1_44' title="bbox 2249 1474 2557 1544">
     <span class='ocr_line' id='line_1_44' title="bbox 2249 1474 2557 1544; baseline 0.003 -17"><span class='ocrx_word' id='word_1_281' title='bbox 2249 1474 2369 1527; x_wconf 79' lang='grc' dir='ltr'><strong>ιστά</strong></span> <span class='ocrx_word' id='word_1_282' title='bbox 2377 1491 2557 1544; x_wconf 87' lang='grc' dir='ltr'><strong>μενος.</strong></span> 
     </span>
    </p>
   </div>
   <div class='ocr_carea' id='block_1_45' title="bbox 2319 1563 3827 1637">
    <p class='ocr_par' dir='ltr' id='par_1_45' title="bbox 2319 1563 3827 1637">
     <span class='ocr_line' id='line_1_45' title="bbox 2319 1563 3827 1637; baseline -0.003 -15"><span class='ocrx_word' id='word_1_283' title='bbox 2319 1566 2492 1622; x_wconf 81' lang='grc' dir='ltr'><strong>Τοῦτο</strong></span> <span class='ocrx_word' id='word_1_284' title='bbox 2531 1567 2659 1631; x_wconf 76' lang='grc' dir='ltr'><strong>τοὺς</strong></span> <span class='ocrx_word' id='word_1_285' title='bbox 2687 1564 3009 1637; x_wconf 79' lang='grc' dir='ltr'><strong>Λυκούργου</strong></span> <span class='ocrx_word' id='word_1_286' title='bbox 3041 1567 3241 1637; x_wconf 81' lang='grc' dir='ltr'>νόμους</span> <span class='ocrx_word' id='word_1_287' title='bbox 3282 1567 3378 1621; x_wconf 75' lang='grc' dir='ltr'><strong>καὶ</strong></span> <span class='ocrx_word' id='word_1_288' title='bbox 3419 1565 3656 1629; x_wconf 82' lang='grc' dir='ltr'>Σόλωνος</span> <span class='ocrx_word' id='word_1_289' title='bbox 3695 1563 3827 1635; x_wconf 84' lang='grc' dir='ltr'><strong>βατ-</strong></span> 
     </span>
    </p>
   </div>
   <div class='ocr_carea' id='block_1_46' title="bbox 2248 1646 3827 1730">
    <p class='ocr_par' dir='ltr' id='par_1_46' title="bbox 2248 1646 3827 1730">
     <span class='ocr_line' id='line_1_46' title="bbox 2248 1646 3827 1730; baseline -0.002 -16"><span class='ocrx_word' id='word_1_290' title='bbox 2248 1659 2498 1728; x_wconf 83' lang='grc' dir='ltr'>τολογίαν</span> <span class='ocrx_word' id='word_1_291' title='bbox 2547 1646 2850 1730; x_wconf 59' lang='grc' dir='ltr'><strong>ἀπέφηνενζ</strong></span> <span class='ocrx_word' id='word_1_292' title='bbox 2902 1657 3076 1712; x_wconf 77' lang='grc' dir='ltr'><strong>Τοῦτο</strong></span> <span class='ocrx_word' id='word_1_293' title='bbox 3136 1659 3424 1721; x_wconf 82' lang='grc' dir='ltr'>Πλάτωνος</span> <span class='ocrx_word' id='word_1_294' title='bbox 3481 1658 3585 1720; x_wconf 78' lang='grc' dir='ltr'>τὰς</span> <span class='ocrx_word' id='word_1_295' title='bbox 3624 1659 3827 1711; x_wconf 78' lang='grc' dir='ltr'><strong>ἀνυπο-</strong></span> 
     </span>
    </p>
   </div>
   <div class='ocr_carea' id='block_1_47' title="bbox 2253 1748 3826 1821">
    <p class='ocr_par' dir='ltr' id='par_1_47' title="bbox 2253 1748 3826 1821">
     <span class='ocr_line' id='line_1_47' title="bbox 2253 1748 3826 1821; baseline -0.004 -14"><span class='ocrx_word' id='word_1_296' title='bbox 2253 1754 2485 1816; x_wconf 80' lang='grc' dir='ltr'><strong>στάτους</strong></span> <span class='ocrx_word' id='word_1_297' title='bbox 2542 1751 2860 1819; x_wconf 81' lang='grc' dir='ltr'><strong>πολιτείας,</strong></span> <span class='ocrx_word' id='word_1_298' title='bbox 2914 1750 3011 1804; x_wconf 74' lang='grc' dir='ltr'><strong>καὶ</strong></span> <span class='ocrx_word' id='word_1_299' title='bbox 3062 1749 3161 1815; x_wconf 75' lang='grc' dir='ltr'>τὰς</span> <span class='ocrx_word' id='word_1_300' title='bbox 3220 1748 3438 1821; x_wconf 81' lang='grc' dir='ltr'>μακρὰς</span> <span class='ocrx_word' id='word_1_301' title='bbox 3465 1752 3826 1817; x_wconf 82' lang='grc' dir='ltr'><strong>κατεσίγασεν</strong></span> 
     </span>
    </p>
   </div>
   <div class='ocr_carea' id='block_1_48' title="bbox 2249 1843 3824 1918">
    <p class='ocr_par' dir='ltr' id='par_1_48' title="bbox 2249 1843 3824 1918">
     <span class='ocr_line' id='line_1_48' title="bbox 2249 1843 3824 1918; baseline -0.003 -17"><span class='ocrx_word' id='word_1_302' title='bbox 2249 1845 2564 1915; x_wconf 76' lang='grc' dir='ltr'><strong>ἀδολεσχίας</strong></span> <span class='ocrx_word' id='word_1_303' title='bbox 2586 1861 2601 1875; x_wconf 74' lang='grc' dir='ltr'>ο</span> <span class='ocrx_word' id='word_1_304' title='bbox 2631 1847 2726 1900; x_wconf 66' lang='grc' dir='ltr'><strong>καὶ</strong></span> <span class='ocrx_word' id='word_1_305' title='bbox 2749 1845 2931 1918; x_wconf 78' lang='grc' dir='ltr'>πάσης</span> <span class='ocrx_word' id='word_1_306' title='bbox 2959 1844 3401 1918; x_wconf 75' lang='grc' dir='ltr'><strong>Ἀριστοτελικῆς</strong></span> <span class='ocrx_word' id='word_1_307' title='bbox 3428 1843 3699 1913; x_wconf 78' lang='grc' dir='ltr'>ἀσαφείας</span> <span class='ocrx_word' id='word_1_308' title='bbox 3727 1843 3824 1897; x_wconf 79' lang='grc' dir='ltr'><strong>καὶ</strong></span> 
     </span>
    </p>
   </div>
   <div class='ocr_carea' id='block_1_49' title="bbox 2247 1935 3825 2009">
    <p class='ocr_par' dir='ltr' id='par_1_49' title="bbox 2247 1935 3825 2009">
     <span class='ocr_line' id='line_1_49' title="bbox 2247 1935 3825 2009; baseline 0 -19"><span class='ocrx_word' id='word_1_309' title='bbox 2247 1937 2727 2009; x_wconf 78' lang='grc' dir='ltr'><strong>ἀπεραντολογίας,</strong></span> <span class='ocrx_word' id='word_1_310' title='bbox 2764 1937 2861 1993; x_wconf 69' lang='grc' dir='ltr'><strong>καὶ</strong></span> <span class='ocrx_word' id='word_1_311' title='bbox 2904 1938 3087 2008; x_wconf 72' lang='grc' dir='ltr'>πάσης</span> <span class='ocrx_word' id='word_1_312' title='bbox 3115 1936 3223 1991; x_wconf 84' lang='grc' dir='ltr'><strong>τῶν</strong></span> <span class='ocrx_word' id='word_1_313' title='bbox 3258 1938 3389 2006; x_wconf 83' lang='grc' dir='ltr'>παρ’</span> <span class='ocrx_word' id='word_1_314' title='bbox 3412 1936 3640 2006; x_wconf 81' lang='grc' dir='ltr'>Ἕλλησι</span> <span class='ocrx_word' id='word_1_315' title='bbox 3675 1935 3825 2006; x_wconf 86' lang='grc' dir='ltr'>φιλο-</span> 
     </span>
    </p>
   </div>
   <div class='ocr_carea' id='block_1_50' title="bbox 2246 2027 3824 2102">
    <p class='ocr_par' dir='ltr' id='par_1_50' title="bbox 2246 2027 3824 2102">
     <span class='ocr_line' id='line_1_50' title="bbox 2246 2027 3824 2102; baseline 0.001 -21"><span class='ocrx_word' id='word_1_316' title='bbox 2246 2030 2568 2098; x_wconf 83' lang='grc' dir='ltr'>λογωτάτων</span> <span class='ocrx_word' id='word_1_317' title='bbox 2596 2030 2918 2102; x_wconf 72' lang='grc' dir='ltr'>συγγραφῆς</span> <span class='ocrx_word' id='word_1_318' title='bbox 2957 2028 3099 2083; x_wconf 74' lang='grc' dir='ltr'><strong>κατὰ</strong></span> <span class='ocrx_word' id='word_1_319' title='bbox 3126 2030 3382 2084; x_wconf 74' lang='grc' dir='ltr'><strong>τοσοῦτον</strong></span> <span class='ocrx_word' id='word_1_320' title='bbox 3416 2027 3742 2096; x_wconf 77' lang='grc' dir='ltr'><strong>ὲνθεώτερόν</strong></span> <span class='ocrx_word' id='word_1_321' title='bbox 3762 2046 3824 2082; x_wconf 76' lang='grc' dir='ltr'><strong>τε</strong></span> 
     </span>
    </p>
   </div>
   <div class='ocr_carea' id='block_1_51' title="bbox 2247 2122 3825 2196">
    <p class='ocr_par' dir='ltr' id='par_1_51' title="bbox 2247 2122 3825 2196">
     <span class='ocr_line' id='line_1_51' title="bbox 2247 2122 3825 2196; baseline 0 -19"><span class='ocrx_word' id='word_1_322' title='bbox 2247 2124 2343 2177; x_wconf 77' lang='grc' dir='ltr'><strong>καὶ</strong></span> <span class='ocrx_word' id='word_1_323' title='bbox 2371 2123 2825 2196; x_wconf 84' lang='grc' dir='ltr'>φιλοσοφώτερον,</span> <span class='ocrx_word' id='word_1_324' title='bbox 2860 2124 2969 2193; x_wconf 85' lang='grc' dir='ltr'><strong>δσῳ</strong></span> <span class='ocrx_word' id='word_1_325' title='bbox 3003 2127 3107 2196; x_wconf 87' lang='grc' dir='ltr'><strong>γῆς</strong></span> <span class='ocrx_word' id='word_1_326' title='bbox 3168 2124 3271 2195; x_wconf 82' lang='grc' dir='ltr'><strong>μὲν</strong></span> <span class='ocrx_word' id='word_1_327' title='bbox 3300 2122 3527 2195; x_wconf 77' lang='grc' dir='ltr'>οὐρανὸς</span> <span class='ocrx_word' id='word_1_328' title='bbox 3563 2123 3825 2194; x_wconf 77' lang='grc' dir='ltr'><strong>ὑψηλότε-</strong></span> 
     </span>
    </p>
   </div>
   <div class='ocr_carea' id='block_1_52' title="bbox 2254 2214 3833 2289">
    <p class='ocr_par' dir='ltr' id='par_1_52' title="bbox 2254 2214 3833 2289">
     <span class='ocr_line' id='line_1_52' title="bbox 2254 2214 3833 2289; baseline -0.001 -19"><span class='ocrx_word' id='word_1_329' title='bbox 2254 2234 2385 2289; x_wconf 89' lang='grc' dir='ltr'>ρος,</span> <span class='ocrx_word' id='word_1_330' title='bbox 2418 2216 2570 2287; x_wconf 72' lang='grc' dir='ltr'>ἥλιος</span> <span class='ocrx_word' id='word_1_331' title='bbox 2601 2216 2657 2270; x_wconf 80' lang='grc' dir='ltr'><strong>δὲ</strong></span> <span class='ocrx_word' id='word_1_332' title='bbox 2709 2216 2803 2271; x_wconf 82' lang='grc' dir='ltr'><strong>τοῦ</strong></span> <span class='ocrx_word' id='word_1_333' title='bbox 2849 2216 2979 2286; x_wconf 74' lang='grc' dir='ltr'>παρ’</span> <span class='ocrx_word' id='word_1_334' title='bbox 3008 2218 3137 2289; x_wconf 68' lang='grc' dir='ltr'><strong>ἡμῖν</strong></span> <span class='ocrx_word' id='word_1_335' title='bbox 3177 2215 3373 2288; x_wconf 80' lang='grc' dir='ltr'>λύχνου</span> <span class='ocrx_word' id='word_1_336' title='bbox 3418 2214 3711 2287; x_wconf 87' lang='grc' dir='ltr'>φανότερος</span> <span class='ocrx_word' id='word_1_337' title='bbox 3736 2216 3833 2269; x_wconf 63' lang='lat' dir='ltr'><strong>acuit</strong></span> 
     </span>
    </p>
   </div>
   <div class='ocr_carea' id='block_1_53' title="bbox 2250 2306 3836 2381">
    <p class='ocr_par' dir='ltr' id='par_1_53' title="bbox 2250 2306 3836 2381">
     <span class='ocr_line' id='line_1_53' title="bbox 2250 2306 3836 2381; baseline -0.002 -18"><span class='ocrx_word' id='word_1_338' title='bbox 2250 2309 2755 2381; x_wconf 81' lang='grc' dir='ltr'>περιλαμπὲστερος</span> <span class='ocrx_word' id='word_1_339' title='bbox 2777 2324 2792 2340; x_wconf 68' lang='grc'>⁸</span> <span class='ocrx_word' id='word_1_340' title='bbox 2824 2310 2874 2363; x_wconf 83' lang='grc' dir='ltr'>εί</span> <span class='ocrx_word' id='word_1_341' title='bbox 2900 2308 3078 2379; x_wconf 82' lang='grc' dir='ltr'><strong>βούλει</strong></span> <span class='ocrx_word' id='word_1_342' title='bbox 3099 2306 3177 2373; x_wconf 70' lang='grc' dir='ltr'><strong>δὲ,</strong></span> <span class='ocrx_word' id='word_1_343' title='bbox 3210 2311 3308 2363; x_wconf 72' lang='grc' dir='ltr'><strong>καὶ</strong></span> <span class='ocrx_word' id='word_1_344' title='bbox 3329 2309 3441 2381; x_wconf 80' lang='grc' dir='ltr'><strong>ὅσῳ</strong></span> <span class='ocrx_word' id='word_1_345' title='bbox 3464 2309 3597 2372; x_wconf 84' lang='grc' dir='ltr'><strong>Θεὸς</strong></span> <span class='ocrx_word' id='word_1_346' title='bbox 3620 2306 3836 2380; x_wconf 78' lang='grc' dir='ltr'>ἀνθρὼο</span> 
     </span>
    </p>
   </div>
   <div class='ocr_carea' id='block_1_54' title="bbox 2252 2401 3711 2475">
    <p class='ocr_par' dir='ltr' id='par_1_54' title="bbox 2252 2401 3711 2475">
     <span class='ocr_line' id='line_1_54' title="bbox 2252 2401 3711 2475; baseline 0.002 -19"><span class='ocrx_word' id='word_1_347' title='bbox 2252 2420 2353 2456; x_wconf 87' lang='grc' dir='ltr'>που</span> <span class='ocrx_word' id='word_1_348' title='bbox 2383 2401 2731 2475; x_wconf 75' lang='grc' dir='ltr'><strong>τιμιώτερος,</strong></span> <span class='ocrx_word' id='word_1_349' title='bbox 2768 2402 2860 2457; x_wconf 77' lang='grc' dir='ltr'><strong>καὶ</strong></span> <span class='ocrx_word' id='word_1_350' title='bbox 2887 2402 3113 2475; x_wconf 74' lang='grc' dir='ltr'>ἀλήθεια</span> <span class='ocrx_word' id='word_1_351' title='bbox 3137 2403 3503 2475; x_wconf 78' lang='grc' dir='ltr'><strong>ὲκτυπώτερα</strong></span> <span class='ocrx_word' id='word_1_352' title='bbox 3528 2402 3711 2468; x_wconf 81' lang='grc' dir='ltr'>σκιᾶς.</span> 
     </span>
    </p>
   </div>
   <div class='ocr_carea' id='block_1_55' title="bbox 2325 2583 3839 2658">
    <p class='ocr_par' dir='ltr' id='par_1_55' title="bbox 2325 2583 3839 2658">
     <span class='ocr_line' id='line_1_55' title="bbox 2325 2583 3839 2658; baseline -0.001 -19"><span class='ocrx_word' id='word_1_353' title='bbox 2325 2584 2567 2658; x_wconf 81' lang='grc' dir='ltr'><strong>Ἦρκεσε</strong></span> <span class='ocrx_word' id='word_1_354' title='bbox 2594 2584 2703 2657; x_wconf 75' lang='grc' dir='ltr'>γὰρ</span> <span class='ocrx_word' id='word_1_355' title='bbox 2724 2586 2843 2640; x_wconf 76' lang='grc' dir='ltr'><strong>ἀντὶ</strong></span> <span class='ocrx_word' id='word_1_356' title='bbox 2874 2583 3094 2638; x_wconf 83' lang='grc' dir='ltr'><strong>πάντων</strong></span> <span class='ocrx_word' id='word_1_357' title='bbox 3122 2586 3151 2638; x_wconf 87' lang='grc' dir='ltr'><strong>ὀ</strong></span> <span class='ocrx_word' id='word_1_358' title='bbox 3172 2583 3723 2656; x_wconf 69' lang='grc' dir='ltr'>τρισμακαριιῖπατος</span> <span class='ocrx_word' id='word_1_359' title='bbox 3744 2602 3839 2639; x_wconf 65' lang='grc' dir='ltr'><strong>τεο</strong></span> 
     </span>
    </p>
   </div>
   <div class='ocr_carea' id='block_1_56' title="bbox 2252 2676 3836 2752">
    <p class='ocr_par' dir='ltr' id='par_1_56' title="bbox 2252 2676 3836 2752">
     <span class='ocr_line' id='line_1_56' title="bbox 2252 2676 3836 2752; baseline 0.001 -21"><span class='ocrx_word' id='word_1_360' title='bbox 2252 2676 2428 2749; x_wconf 82' lang='grc' dir='ltr'>λώνης</span> <span class='ocrx_word' id='word_1_361' title='bbox 2466 2682 2531 2752; x_wconf 73' lang='grc' dir='ltr'><strong>τῇ</strong></span> <span class='ocrx_word' id='word_1_362' title='bbox 2575 2678 2871 2751; x_wconf 72' lang='grc' dir='ltr'><strong>οἰκουμένῃ</strong></span> <span class='ocrx_word' id='word_1_363' title='bbox 2929 2677 3066 2749; x_wconf 75' lang='grc' dir='ltr'>πρὸς</span> <span class='ocrx_word' id='word_1_364' title='bbox 3118 2678 3446 2733; x_wconf 74' lang='grc' dir='ltr'>παίδευσιν·</span> <span class='ocrx_word' id='word_1_365' title='bbox 3479 2679 3682 2751; x_wconf 77' lang='grc' dir='ltr'>ῆρκεσε</span> <span class='ocrx_word' id='word_1_366' title='bbox 3721 2682 3836 2743; x_wconf 78' lang='grc' dir='ltr'>τοῖς</span> 
     </span>
    </p>
   </div>
   <div class='ocr_carea' id='block_1_57' title="bbox 2253 2767 3837 2841">
    <p class='ocr_par' dir='ltr' id='par_1_57' title="bbox 2253 2767 3837 2841">
     <span class='ocr_line' id='line_1_57' title="bbox 2253 2767 3837 2841; baseline -0.001 -18"><span class='ocrx_word' id='word_1_367' title='bbox 2253 2769 2497 2825; x_wconf 76' lang='grc' dir='ltr'><strong>εὐσεϐεῖν</strong></span> <span class='ocrx_word' id='word_1_368' title='bbox 2530 2767 2792 2834; x_wconf 75' lang='grc' dir='ltr'>ἐθέλουσι,</span> <span class='ocrx_word' id='word_1_369' title='bbox 2839 2767 2978 2838; x_wconf 83' lang='grc' dir='ltr'>πρὸς</span> <span class='ocrx_word' id='word_1_370' title='bbox 3004 2767 3286 2822; x_wconf 77' lang='grc' dir='ltr'><strong>εὐσέϐειαν</strong></span> <span class='ocrx_word' id='word_1_371' title='bbox 3306 2785 3322 2801; x_wconf 87' lang='grc'>·</span> <span class='ocrx_word' id='word_1_372' title='bbox 3354 2769 3487 2841; x_wconf 77' lang='grc' dir='ltr'>πρὸς</span> <span class='ocrx_word' id='word_1_373' title='bbox 3520 2769 3716 2837; x_wconf 83' lang='grc' dir='ltr'>σοφίαν</span> <span class='ocrx_word' id='word_1_374' title='bbox 3738 2769 3837 2822; x_wconf 77' lang='grc' dir='ltr'><strong>καὶ</strong></span> 
     </span>
    </p>
   </div>
   <div class='ocr_carea' id='block_1_58' title="bbox 2252 2860 3832 2934">
    <p class='ocr_par' dir='ltr' id='par_1_58' title="bbox 2252 2860 3832 2934">
     <span class='ocr_line' id='line_1_58' title="bbox 2252 2860 3832 2934; baseline -0.003 -16"><span class='ocrx_word' id='word_1_375' title='bbox 2252 2864 2476 2933; x_wconf 78' lang='grc' dir='ltr'><strong>γνῶσιν,</strong></span> <span class='ocrx_word' id='word_1_376' title='bbox 2508 2865 2620 2927; x_wconf 80' lang='grc' dir='ltr'><strong>τοῖς</strong></span> <span class='ocrx_word' id='word_1_377' title='bbox 2643 2862 2900 2932; x_wconf 77' lang='grc' dir='ltr'>γνώσεως</span> <span class='ocrx_word' id='word_1_378' title='bbox 2930 2862 3025 2916; x_wconf 75' lang='grc' dir='ltr'><strong>καὶ</strong></span> <span class='ocrx_word' id='word_1_379' title='bbox 3059 2861 3250 2931; x_wconf 82' lang='grc' dir='ltr'>σοφίας</span> <span class='ocrx_word' id='word_1_380' title='bbox 3275 2862 3531 2934; x_wconf 77' lang='grc' dir='ltr'><strong>ἐρασταῖς</strong></span> <span class='ocrx_word' id='word_1_381' title='bbox 3554 2876 3569 2891; x_wconf 82' lang='grc'><em>’</em></span> <span class='ocrx_word' id='word_1_382' title='bbox 3599 2860 3693 2914; x_wconf 75' lang='grc' dir='ltr'><strong>καὶ</strong></span> <span class='ocrx_word' id='word_1_383' title='bbox 3716 2862 3832 2923; x_wconf 74' lang='grc' dir='ltr'>τοῖς</span> 
     </span>
    </p>
   </div>
   <div class='ocr_carea' id='block_1_59' title="bbox 2255 2950 3903 3029">
    <p class='ocr_par' dir='ltr' id='par_1_59' title="bbox 2255 2950 3903 3029">
     <span class='ocr_line' id='line_1_59' title="bbox 2255 2950 3903 3029; baseline -0.005 -19"><span class='ocrx_word' id='word_1_384' title='bbox 2255 2956 2576 3029; x_wconf 76' lang='grc' dir='ltr'>πρακτικοῖς</span> <span class='ocrx_word' id='word_1_385' title='bbox 2610 2955 2729 3027; x_wconf 83' lang='grc' dir='ltr'>μὲν,</span> <span class='ocrx_word' id='word_1_386' title='bbox 2767 2954 2904 3027; x_wconf 76' lang='grc' dir='ltr'>πρὸς</span> <span class='ocrx_word' id='word_1_387' title='bbox 2930 2954 3287 3026; x_wconf 74' lang='grc' dir='ltr'><strong>νομοθεσίαν·</strong></span> <span class='ocrx_word' id='word_1_388' title='bbox 3328 2953 3440 3014; x_wconf 84' lang='grc' dir='ltr'><strong>τοῖς</strong></span> <span class='ocrx_word' id='word_1_389' title='bbox 3474 2950 3829 3023; x_wconf 81' lang='grc' dir='ltr'>θεωρητικοῖς</span> <span class='ocrx_word' id='word_1_390' title='bbox 3898 2964 3903 2971; x_wconf 52' lang='grc' dir='ltr'>π</span> 
     </span>
    </p>
   </div>
   <div class='ocr_carea' id='block_1_60' title="bbox 2255 3042 3831 3118">
    <p class='ocr_par' dir='ltr' id='par_1_60' title="bbox 2255 3042 3831 3118">
     <span class='ocr_line' id='line_1_60' title="bbox 2255 3042 3831 3118; baseline -0.004 -17"><span class='ocrx_word' id='word_1_391' title='bbox 2255 3047 2314 3101; x_wconf 71' lang='grc' dir='ltr'><strong>δὲ</strong></span> <span class='ocrx_word' id='word_1_392' title='bbox 2350 3049 2444 3103; x_wconf 74' lang='grc' dir='ltr'><strong>καὶ</strong></span> <span class='ocrx_word' id='word_1_393' title='bbox 2468 3046 2567 3117; x_wconf 85' lang='grc' dir='ltr'>τῆς</span> <span class='ocrx_word' id='word_1_394' title='bbox 2602 3046 2713 3101; x_wconf 75' lang='grc' dir='ltr'>ἄνω</span> <span class='ocrx_word' id='word_1_395' title='bbox 2739 3046 2875 3100; x_wconf 85' lang='grc' dir='ltr'><strong>Θεοῦ</strong></span> <span class='ocrx_word' id='word_1_396' title='bbox 2900 3046 3287 3118; x_wconf 80' lang='grc' dir='ltr'><strong>λαμπρότητος</strong></span> <span class='ocrx_word' id='word_1_397' title='bbox 3332 3043 3660 3113; x_wconf 78' lang='grc' dir='ltr'><strong>ἐφιεμένοις,</strong></span> <span class='ocrx_word' id='word_1_398' title='bbox 3693 3042 3831 3113; x_wconf 74' lang='grc' dir='ltr'>πρὸς</span> 
     </span>
    </p>
   </div>
   <div class='ocr_carea' id='block_1_61' title="bbox 569 3134 2155 3211">
    <p class='ocr_par' dir='ltr' id='par_1_61' title="bbox 569 3134 2151 3206">
     <span class='ocr_line' id='line_1_61' title="bbox 569 3134 2151 3206; baseline 0.004 -18"><span class='ocrx_word' id='word_1_399' title='bbox 569 3145 683 3189; x_wconf 84' lang='lat' dir='ltr'><strong>tem</strong></span> <span class='ocrx_word' id='word_1_400' title='bbox 724 3134 1078 3191; x_wconf 87' lang='lat' dir='ltr'><strong>studentibus</strong></span> <span class='ocrx_word' id='word_1_401' title='bbox 1119 3150 1184 3191; x_wconf 88' lang='lat' dir='ltr'><strong>ac</strong></span> <span class='ocrx_word' id='word_1_402' title='bbox 1221 3150 1475 3206; x_wconf 69' lang='lat' dir='ltr'><strong>supernae</strong></span> <span class='ocrx_word' id='word_1_403' title='bbox 1513 3134 1611 3193; x_wconf 84' lang='lat' dir='ltr'><strong>Dei</strong></span> <span class='ocrx_word' id='word_1_404' title='bbox 1649 3136 1918 3193; x_wconf 84' lang='lat' dir='ltr'><strong>claritatis</strong></span> <span class='ocrx_word' id='word_1_405' title='bbox 1953 3138 2151 3203; x_wconf 80' lang='lat' dir='ltr'><strong>avidis,</strong></span> 
     </span>
    </p>
   </div>
   <div class='ocr_carea' id='block_1_62' title="bbox 2255 3134 3833 3211">
    <p class='ocr_par' dir='ltr' id='par_1_62' title="bbox 2255 3135 3833 3211">
     <span class='ocr_line' id='line_1_62' title="bbox 2255 3135 3833 3211; baseline -0.004 -16"><span class='ocrx_word' id='word_1_406' title='bbox 2255 3139 2532 3209; x_wconf 79' lang='grc' dir='ltr'>θεολογίαν</span> <span class='ocrx_word' id='word_1_407' title='bbox 2555 3139 2650 3195; x_wconf 74' lang='grc' dir='ltr'><strong>καὶ</strong></span> <span class='ocrx_word' id='word_1_408' title='bbox 2676 3140 2972 3211; x_wconf 71' lang='grc' dir='ltr'>ἀναγωγὴν</span> <span class='ocrx_word' id='word_1_409' title='bbox 2997 3139 3241 3210; x_wconf 74' lang='grc' dir='ltr'><strong>ἀπλανῆ⁸</strong></span> <span class='ocrx_word' id='word_1_410' title='bbox 3275 3138 3386 3200; x_wconf 79' lang='grc' dir='ltr'><strong>τοῖς</strong></span> <span class='ocrx_word' id='word_1_411' title='bbox 3423 3138 3590 3191; x_wconf 77' lang='grc' dir='ltr'><strong>πᾶσιν</strong></span> <span class='ocrx_word' id='word_1_412' title='bbox 3622 3135 3833 3190; x_wconf 72' lang='grc' dir='ltr'><strong>ἔθνεσιν</strong></span> 
     </span>
    </p>
   </div>
   <div class='ocr_carea' id='block_1_63' title="bbox 568 3229 2153 3301">
    <p class='ocr_par' dir='ltr' id='par_1_63' title="bbox 568 3229 2153 3301">
     <span class='ocr_line' id='line_1_63' title="bbox 568 3229 2153 3301; baseline 0.003 -16"><span class='ocrx_word' id='word_1_413' title='bbox 568 3229 639 3285; x_wconf 87' lang='lat' dir='ltr'><strong>ad</strong></span> <span class='ocrx_word' id='word_1_414' title='bbox 678 3229 1007 3301; x_wconf 88' lang='lat' dir='ltr'><strong>theologiam</strong></span> <span class='ocrx_word' id='word_1_415' title='bbox 1045 3229 1367 3301; x_wconf 76' lang='lat' dir='ltr'><strong>errorisque</strong></span> <span class='ocrx_word' id='word_1_416' title='bbox 1405 3230 1589 3287; x_wconf 88' lang='lat' dir='ltr'><strong>omnis</strong></span> <span class='ocrx_word' id='word_1_417' title='bbox 1628 3241 1913 3301; x_wconf 77' lang='lat' dir='ltr'><strong>expertem</strong></span> <span class='ocrx_word' id='word_1_418' title='bbox 1946 3232 2153 3289; x_wconf 88' lang='lat' dir='ltr'><strong>mentis</strong></span> 
     </span>
    </p>
   </div>
   <div class='ocr_carea' id='block_1_64' title="bbox 568 3321 2154 3398">
    <p class='ocr_par' dir='ltr' id='par_1_64' title="bbox 568 3321 2154 3398">
     <span class='ocr_line' id='line_1_64' title="bbox 568 3321 2154 3398; baseline 0.003 -21"><span class='ocrx_word' id='word_1_419' title='bbox 568 3321 639 3377; x_wconf 81' lang='lat' dir='ltr'><strong>ad</strong></span> <span class='ocrx_word' id='word_1_420' title='bbox 670 3322 915 3378; x_wconf 68' lang='lat' dir='ltr'><strong>caelestia</strong></span> <span class='ocrx_word' id='word_1_421' title='bbox 945 3321 1393 3380; x_wconf 84' lang='lat' dir='ltr'><strong>subductionem.</strong></span> <span class='ocrx_word' id='word_1_422' title='bbox 1422 3323 1571 3380; x_wconf 88' lang='lat' dir='ltr'><strong>Satis</strong></span> <span class='ocrx_word' id='word_1_423' title='bbox 1597 3323 1704 3381; x_wconf 77' lang='lat' dir='ltr'><strong>fuit</strong></span> <span class='ocrx_word' id='word_1_424' title='bbox 1730 3327 1949 3382; x_wconf 87' lang='lat' dir='ltr'><strong>cunctis</strong></span> <span class='ocrx_word' id='word_1_425' title='bbox 1978 3326 2154 3398; x_wconf 83' lang='lat' dir='ltr'><strong>genti-</strong></span> 
     </span>
    </p>
   </div>
   <div class='ocr_carea' id='block_1_65' title="bbox 571 3413 2156 3491">
    <p class='ocr_par' dir='ltr' id='par_1_65' title="bbox 571 3413 2156 3491">
     <span class='ocr_line' id='line_1_65' title="bbox 571 3413 2156 3491; baseline 0.003 -22"><span class='ocrx_word' id='word_1_426' title='bbox 571 3413 677 3470; x_wconf 87' lang='lat' dir='ltr'><strong>bus</strong></span> <span class='ocrx_word' id='word_1_427' title='bbox 707 3414 1028 3472; x_wconf 64' lang='lat' dir='ltr'><strong>Graecorum</strong></span> <span class='ocrx_word' id='word_1_428' title='bbox 1064 3415 1214 3472; x_wconf 89' lang='lat' dir='ltr'><strong>illius</strong></span> <span class='ocrx_word' id='word_1_429' title='bbox 1245 3416 1596 3488; x_wconf 83' lang='lat' dir='ltr'><strong>loquacitatis</strong></span> <span class='ocrx_word' id='word_1_430' title='bbox 1626 3420 1770 3481; x_wconf 87' lang='lat' dir='ltr'><strong>vice,</strong></span> <span class='ocrx_word' id='word_1_431' title='bbox 1802 3418 2156 3491; x_wconf 83' lang='lat' dir='ltr'><strong>compendia-</strong></span> 
     </span>
    </p>
   </div>
   <div class='ocr_carea' id='block_1_66' title="bbox 571 3507 2154 3582">
    <p class='ocr_par' dir='ltr' id='par_1_66' title="bbox 571 3507 2154 3582">
     <span class='ocr_line' id='line_1_66' title="bbox 571 3507 2154 3582; baseline 0.002 -20"><span class='ocrx_word' id='word_1_432' title='bbox 571 3510 655 3563; x_wconf 87' lang='lat' dir='ltr'><strong>ria</strong></span> <span class='ocrx_word' id='word_1_433' title='bbox 682 3507 975 3579; x_wconf 84' lang='lat' dir='ltr'><strong>Evangelii</strong></span> <span class='ocrx_word' id='word_1_434' title='bbox 1011 3508 1265 3565; x_wconf 81' lang='lat' dir='ltr'><strong>doctrina</strong></span> <span class='ocrx_word' id='word_1_435' title='bbox 1304 3510 1375 3566; x_wconf 88' lang='lat' dir='ltr'><strong>ad</strong></span> <span class='ocrx_word' id='word_1_436' title='bbox 1411 3525 1708 3581; x_wconf 89' lang='lat' dir='ltr'><strong>supernam</strong></span> <span class='ocrx_word' id='word_1_437' title='bbox 1748 3510 2154 3582; x_wconf 84' lang='lat' dir='ltr'><strong>philosophiam</strong></span> 
     </span>
    </p>
   </div>
   <div class='ocr_carea' id='block_1_67' title="bbox 571 3599 1591 3673">
    <p class='ocr_par' dir='ltr' id='par_1_67' title="bbox 571 3599 1591 3673">
     <span class='ocr_line' id='line_1_67' title="bbox 571 3599 1591 3673; baseline 0.003 -17"><span class='ocrx_word' id='word_1_438' title='bbox 571 3599 995 3673; x_wconf 86' lang='lat' dir='ltr'><strong>doctrinamque</strong></span> <span class='ocrx_word' id='word_1_439' title='bbox 1021 3611 1077 3659; x_wconf 90' lang='lat' dir='ltr'><strong>et</strong></span> <span class='ocrx_word' id='word_1_440' title='bbox 1108 3602 1591 3659; x_wconf 88' lang='lat' dir='ltr'><strong>illuminationem.</strong></span> 
     </span>
    </p>
   </div>
   <div class='ocr_carea' id='block_1_68' title="bbox 644 3696 2161 3768">
    <p class='ocr_par' dir='ltr' id='par_1_68' title="bbox 644 3696 2161 3768">
     <span class='ocr_line' id='line_1_68' title="bbox 644 3696 2161 3768; baseline 0.001 -16"><span class='ocrx_word' id='word_1_441' title='bbox 644 3697 786 3752; x_wconf 85' lang='lat' dir='ltr'><strong>llinc</strong></span> <span class='ocrx_word' id='word_1_442' title='bbox 810 3697 1073 3767; x_wconf 66' lang='lat' dir='ltr'><strong>neglectae</strong></span> <span class='ocrx_word' id='word_1_443' title='bbox 1098 3696 1412 3762; x_wconf 83' lang='lat' dir='ltr'><strong>academiae,</strong></span> <span class='ocrx_word' id='word_1_444' title='bbox 1439 3697 1751 3753; x_wconf 87' lang='lat' dir='ltr'><strong>Stoicorum</strong></span> <span class='ocrx_word' id='word_1_445' title='bbox 1792 3706 1849 3752; x_wconf 89' lang='lat' dir='ltr'><strong>et</strong></span> <span class='ocrx_word' id='word_1_446' title='bbox 1880 3697 2161 3768; x_wconf 85' lang='lat' dir='ltr'><strong>Peripate-</strong></span> 
     </span>
    </p>
   </div>
   <div class='ocr_carea' id='block_1_69' title="bbox 575 3786 2157 3858">
    <p class='ocr_par' dir='ltr' id='par_1_69' title="bbox 575 3786 2157 3858">
     <span class='ocr_line' id='line_1_69' title="bbox 575 3786 2157 3858; baseline -0.002 -13"><span class='ocrx_word' id='word_1_447' title='bbox 575 3789 813 3845; x_wconf 88' lang='lat' dir='ltr'><strong>ticorum</strong></span> <span class='ocrx_word' id='word_1_448' title='bbox 842 3786 1044 3841; x_wconf 66' lang='lat' dir='ltr'><strong>schola:</strong></span> <span class='ocrx_word' id='word_1_449' title='bbox 1074 3803 1091 3842; x_wconf 94' lang='lat'><strong>:</strong></span> <span class='ocrx_word' id='word_1_450' title='bbox 1121 3787 1383 3858; x_wconf 74' lang='lat' dir='ltr'><strong>neglectu:</strong></span> <span class='ocrx_word' id='word_1_451' title='bbox 1421 3803 1553 3843; x_wconf 83' lang='lat' dir='ltr'><strong>vero</strong></span> <span class='ocrx_word' id='word_1_452' title='bbox 1579 3787 1808 3841; x_wconf 74' lang='lat' dir='ltr'><strong>Athena:</strong></span> <span class='ocrx_word' id='word_1_453' title='bbox 1836 3795 1891 3841; x_wconf 89' lang='lat' dir='ltr'><strong>et</strong></span> <span class='ocrx_word' id='word_1_454' title='bbox 1922 3787 2157 3853; x_wconf 65' lang='lat' dir='ltr'><strong>Thebaa,</strong></span> 
     </span>
    </p>
   </div>
   <div class='ocr_carea' id='block_1_70' title="bbox 575 3878 2157 3951">
    <p class='ocr_par' dir='ltr' id='par_1_70' title="bbox 575 3878 2157 3951">
     <span class='ocr_line' id='line_1_70' title="bbox 575 3878 2157 3951; baseline 0 -16"><span class='ocrx_word' id='word_1_455' title='bbox 575 3896 770 3936; x_wconf 89' lang='lat' dir='ltr'><strong>eorum</strong></span> <span class='ocrx_word' id='word_1_456' title='bbox 806 3879 1086 3936; x_wconf 79' lang='lat' dir='ltr'><strong>domicilia</strong></span> <span class='ocrx_word' id='word_1_457' title='bbox 1124 3886 1181 3935; x_wconf 88' lang='lat' dir='ltr'><strong>et</strong></span> <span class='ocrx_word' id='word_1_458' title='bbox 1217 3878 1382 3936; x_wconf 87' lang='lat' dir='ltr'><strong>sedes</strong></span> <span class='ocrx_word' id='word_1_459' title='bbox 1414 3881 1511 3951; x_wconf 87' lang='lat' dir='ltr'><strong>qui</strong></span> <span class='ocrx_word' id='word_1_460' title='bbox 1545 3878 1877 3935; x_wconf 85' lang='lat' dir='ltr'><strong>videbantur</strong></span> <span class='ocrx_word' id='word_1_461' title='bbox 1910 3880 2157 3951; x_wconf 80' lang='lat' dir='ltr'><strong>philoso-</strong></span> 
     </span>
    </p>
   </div>
   <div class='ocr_carea' id='block_1_71' title="bbox 576 3971 2161 4045">
    <p class='ocr_par' dir='ltr' id='par_1_71' title="bbox 576 3971 2161 4045">
     <span class='ocr_line' id='line_1_71' title="bbox 576 3971 2161 4045; baseline 0.003 -19"><span class='ocrx_word' id='word_1_462' title='bbox 576 3972 764 4042; x_wconf 84' lang='lat' dir='ltr'><strong>phiam</strong></span> <span class='ocrx_word' id='word_1_463' title='bbox 830 3972 1011 4027; x_wconf 85' lang='lat' dir='ltr'><strong>colere</strong></span> <span class='ocrx_word' id='word_1_464' title='bbox 1080 3988 1096 4025; x_wconf 88' lang='lat'><strong>:</strong></span> <span class='ocrx_word' id='word_1_465' title='bbox 1166 3972 1575 4043; x_wconf 88' lang='lat' dir='ltr'><strong>ridiculumque</strong></span> <span class='ocrx_word' id='word_1_466' title='bbox 1639 3971 2039 4045; x_wconf 88' lang='lat' dir='ltr'><strong>supercilium,</strong></span> <span class='ocrx_word' id='word_1_467' title='bbox 2094 3987 2161 4031; x_wconf 85' lang='lat' dir='ltr'><strong>ac</strong></span> 
     </span>
    </p>
   </div>
   <div class='ocr_carea' id='block_1_72' title="bbox 578 4061 2159 4136">
    <p class='ocr_par' dir='ltr' id='par_1_72' title="bbox 578 4061 2159 4136">
     <span class='ocr_line' id='line_1_72' title="bbox 578 4061 2159 4136; baseline 0.002 -19"><span class='ocrx_word' id='word_1_468' title='bbox 578 4061 900 4133; x_wconf 89' lang='lat' dir='ltr'><strong>despuenda</strong></span> <span class='ocrx_word' id='word_1_469' title='bbox 929 4062 1077 4117; x_wconf 90' lang='lat' dir='ltr'><strong>inani</strong></span> <span class='ocrx_word' id='word_1_470' title='bbox 1110 4061 1253 4119; x_wconf 82' lang='lat' dir='ltr'><strong>fastu</strong></span> <span class='ocrx_word' id='word_1_471' title='bbox 1284 4062 1612 4119; x_wconf 87' lang='lat' dir='ltr'><strong>tumentium</strong></span> <span class='ocrx_word' id='word_1_472' title='bbox 1644 4062 1910 4136; x_wconf 82' lang='lat' dir='ltr'><strong>jactantia</strong></span> <span class='ocrx_word' id='word_1_473' title='bbox 1946 4071 2159 4135; x_wconf 78' lang='lat' dir='ltr'><strong>spreta;</strong></span> 
     </span>
    </p>
   </div>
   <div class='ocr_carea' id='block_1_73' title="bbox 578 4154 2164 4227">
    <p class='ocr_par' dir='ltr' id='par_1_73' title="bbox 578 4154 2164 4227">
     <span class='ocr_line' id='line_1_73' title="bbox 578 4154 2164 4227; baseline 0.001 -17"><span class='ocrx_word' id='word_1_474' title='bbox 578 4155 736 4227; x_wconf 73' lang='lat' dir='ltr'><strong>cuius</strong></span> <span class='ocrx_word' id='word_1_475' title='bbox 753 4154 918 4211; x_wconf 89' lang='lat' dir='ltr'><strong>etiam</strong></span> <span class='ocrx_word' id='word_1_476' title='bbox 940 4155 1140 4210; x_wconf 90' lang='lat' dir='ltr'><strong>merito</strong></span> <span class='ocrx_word' id='word_1_477' title='bbox 1162 4171 1193 4210; x_wconf 88' lang='lat' dir='ltr'><strong>a</strong></span> <span class='ocrx_word' id='word_1_478' title='bbox 1211 4170 1340 4211; x_wconf 83' lang='lat' dir='ltr'><strong>vera</strong></span> <span class='ocrx_word' id='word_1_479' title='bbox 1360 4155 1629 4227; x_wconf 88' lang='lat' dir='ltr'><strong>sapientia</strong></span> <span class='ocrx_word' id='word_1_480' title='bbox 1648 4155 2164 4222; x_wconf 78' lang='lat' dir='ltr'><strong>exeidentes,disci-</strong></span> 
     </span>
    </p>
   </div>
   <div class='ocr_carea' id='block_1_74' title="bbox 580 4246 2163 4319">
    <p class='ocr_par' dir='ltr' id='par_1_74' title="bbox 580 4246 2163 4319">
     <span class='ocr_line' id='line_1_74' title="bbox 580 4246 2163 4319; baseline 0.003 -18"><span class='ocrx_word' id='word_1_481' title='bbox 580 4247 695 4318; x_wconf 89' lang='lat' dir='ltr'><strong>puli</strong></span> <span class='ocrx_word' id='word_1_482' title='bbox 716 4246 1087 4316; x_wconf 88' lang='lat' dir='ltr'><strong>doctoresque</strong></span> <span class='ocrx_word' id='word_1_483' title='bbox 1113 4247 1412 4318; x_wconf 89' lang='lat' dir='ltr'><strong>impiorum</strong></span> <span class='ocrx_word' id='word_1_484' title='bbox 1436 4248 1668 4303; x_wconf 88' lang='lat' dir='ltr'><strong>deorum</strong></span> <span class='ocrx_word' id='word_1_485' title='bbox 1694 4248 2163 4319; x_wconf 80' lang='lat' dir='ltr'><strong>impie,vatesquo</strong></span> 
     </span>
    </p>
   </div>
   <div class='ocr_carea' id='block_1_75' title="bbox 580 4338 2162 4411">
    <p class='ocr_par' dir='ltr' id='par_1_75' title="bbox 580 4338 2162 4411">
     <span class='ocr_line' id='line_1_75' title="bbox 580 4338 2162 4411; baseline -0.001 -16"><span class='ocrx_word' id='word_1_486' title='bbox 580 4349 637 4395; x_wconf 90' lang='lat' dir='ltr'><strong>et</strong></span> <span class='ocrx_word' id='word_1_487' title='bbox 652 4339 966 4395; x_wconf 81' lang='lat' dir='ltr'><strong>sacerdotes</strong></span> <span class='ocrx_word' id='word_1_488' title='bbox 982 4338 1835 4411; x_wconf 75' lang='lat' dir='ltr'><strong>exsecrabilium&#39;mysteriorum,</strong></span> <span class='ocrx_word' id='word_1_489' title='bbox 1857 4340 2119 4396; x_wconf 83' lang='lat' dir='ltr'><strong>exstitere</strong></span> <span class='ocrx_word' id='word_1_490' title='bbox 2146 4357 2162 4394; x_wconf 88' lang='lat'><strong>:</strong></span> 
     </span>
    </p>
   </div>
   <div class='ocr_carea' id='block_1_76' title="bbox 585 4431 2164 4503">
    <p class='ocr_par' dir='ltr' id='par_1_76' title="bbox 585 4431 2164 4503">
     <span class='ocr_line' id='line_1_76' title="bbox 585 4431 2164 4503; baseline 0.001 -16"><span class='ocrx_word' id='word_1_491' title='bbox 585 4437 802 4503; x_wconf 88' lang='lat' dir='ltr'><strong>turp‘em</strong></span> <span class='ocrx_word' id='word_1_492' title='bbox 840 4432 1056 4487; x_wconf 81' lang='lat' dir='ltr'><strong>scilicet</strong></span> <span class='ocrx_word' id='word_1_493' title='bbox 1092 4432 1269 4503; x_wconf 84' lang='lat' dir='ltr'><strong>turpis</strong></span> <span class='ocrx_word' id='word_1_494' title='bbox 1309 4431 1633 4503; x_wconf 88' lang='lat' dir='ltr'><strong>cupiditatis</strong></span> <span class='ocrx_word' id='word_1_495' title='bbox 1666 4432 2013 4489; x_wconf 85' lang='lat' dir='ltr'><strong>demetentcs</strong></span> <span class='ocrx_word' id='word_1_496' title='bbox 2044 4434 2164 4488; x_wconf 78' lang='lat' dir='ltr'><strong>fru-</strong></span> 
     </span>
    </p>
   </div>
   <div class='ocr_carea' id='block_1_77' title="bbox 581 4525 2088 4597">
    <p class='ocr_par' dir='ltr' id='par_1_77' title="bbox 581 4525 2088 4597">
     <span class='ocr_line' id='line_1_77' title="bbox 581 4525 2088 4597; baseline 0 -16"><span class='ocrx_word' id='word_1_497' title='bbox 581 4537 755 4592; x_wconf 92' lang='lat' dir='ltr'><strong>ctum,</strong></span> <span class='ocrx_word' id='word_1_498' title='bbox 784 4525 1114 4597; x_wconf 86' lang='lat' dir='ltr'><strong>dignamque</strong></span> <span class='ocrx_word' id='word_1_499' title='bbox 1144 4526 1455 4581; x_wconf 72' lang='lat' dir='ltr'><strong>mercedem</strong></span> <span class='ocrx_word' id='word_1_500' title='bbox 1486 4526 1690 4581; x_wconf 84' lang='lat' dir='ltr'><strong>erroris</strong></span> <span class='ocrx_word' id='word_1_501' title='bbox 1720 4536 2088 4596; x_wconf 84' lang='lat' dir='ltr'><strong>reportantcs.</strong></span> 
     </span>
    </p>
   </div>
   <div class='ocr_carea' id='block_1_78' title="bbox 648 4616 2163 4690">
    <p class='ocr_par' dir='ltr' id='par_1_78' title="bbox 648 4616 2163 4690">
     <span class='ocr_line' id='line_1_78' title="bbox 648 4616 2163 4690; baseline 0 -16"><span class='ocrx_word' id='word_1_502' title='bbox 648 4616 861 4675; x_wconf 85' lang='lat' dir='ltr'><strong>Cuncta</strong></span> <span class='ocrx_word' id='word_1_503' title='bbox 903 4618 1018 4673; x_wconf 77' lang='lat' dir='ltr'><strong>lucc</strong></span> <span class='ocrx_word' id='word_1_504' title='bbox 1057 4617 1263 4674; x_wconf 89' lang='lat' dir='ltr'><strong>abolita</strong></span> <span class='ocrx_word' id='word_1_505' title='bbox 1303 4627 1433 4674; x_wconf 90' lang='lat' dir='ltr'><strong>sunt</strong></span> <span class='ocrx_word' id='word_1_506' title='bbox 1474 4628 1531 4673; x_wconf 85' lang='lat' dir='ltr'><strong>et</strong></span> <span class='ocrx_word' id='word_1_507' title='bbox 1566 4619 1870 4684; x_wconf 79' lang='lat' dir='ltr'><strong>exsudlata,</strong></span> <span class='ocrx_word' id='word_1_508' title='bbox 1904 4618 2163 4690; x_wconf 81' lang='lat' dir='ltr'><strong>velutque</strong></span> 
     </span>
    </p>
   </div>
   <div class='ocr_carea' id='block_1_79' title="bbox 583 4710 2167 4781">
    <p class='ocr_par' dir='ltr' id='par_1_79' title="bbox 583 4710 2167 4781">
     <span class='ocr_line' id='line_1_79' title="bbox 583 4710 2167 4781; baseline 0 -14"><span class='ocrx_word' id='word_1_509' title='bbox 583 4711 770 4767; x_wconf 75' lang='lat' dir='ltr'><strong>fumus</strong></span> <span class='ocrx_word' id='word_1_510' title='bbox 801 4711 981 4767; x_wconf 89' lang='lat' dir='ltr'><strong>soluta</strong></span> <span class='ocrx_word' id='word_1_511' title='bbox 1018 4727 1083 4766; x_wconf 90' lang='lat' dir='ltr'><strong>ac</strong></span> <span class='ocrx_word' id='word_1_512' title='bbox 1116 4710 1259 4767; x_wconf 89' lang='lat' dir='ltr'><strong>sicut</strong></span> <span class='ocrx_word' id='word_1_513' title='bbox 1291 4712 1473 4781; x_wconf 88' lang='lat' dir='ltr'><strong>pulvis</strong></span> <span class='ocrx_word' id='word_1_514' title='bbox 1504 4711 1739 4777; x_wconf 88' lang='lat' dir='ltr'><strong>sublata,</strong></span> <span class='ocrx_word' id='word_1_515' title='bbox 1770 4726 1838 4766; x_wconf 76' lang='lat' dir='ltr'><strong>ex</strong></span> <span class='ocrx_word' id='word_1_516' title='bbox 1875 4727 1986 4781; x_wconf 88' lang='lat' dir='ltr'><strong>quo</strong></span> <span class='ocrx_word' id='word_1_517' title='bbox 2021 4722 2101 4775; x_wconf 89' lang='lat' dir='ltr'><strong>tu,</strong></span> <span class='ocrx_word' id='word_1_518' title='bbox 2131 4727 2167 4767; x_wconf 87' lang='grc' dir='ltr'><strong>ο</strong></span> 
     </span>
    </p>
   </div>
   <div class='ocr_carea' id='block_1_80' title="bbox 584 4804 2166 4875">
    <p class='ocr_par' dir='ltr' id='par_1_80' title="bbox 584 4804 2166 4875">
     <span class='ocr_line' id='line_1_80' title="bbox 584 4804 2166 4875; baseline 0.001 -16"><span class='ocrx_word' id='word_1_519' title='bbox 584 4805 767 4871; x_wconf 86' lang='lat' dir='ltr'><strong>beate,</strong></span> <span class='ocrx_word' id='word_1_520' title='bbox 791 4805 977 4859; x_wconf 90' lang='lat' dir='ltr'><strong>animo</strong></span> <span class='ocrx_word' id='word_1_521' title='bbox 1000 4804 1320 4874; x_wconf 84' lang='lat' dir='ltr'><strong>incorrupto</strong></span> <span class='ocrx_word' id='word_1_522' title='bbox 1344 4814 1637 4875; x_wconf 86' lang='lat' dir='ltr'><strong>menteque</strong></span> <span class='ocrx_word' id='word_1_523' title='bbox 1660 4822 1691 4860; x_wconf 91' lang='lat' dir='ltr'><strong>e</strong></span> <span class='ocrx_word' id='word_1_524' title='bbox 1718 4816 1862 4859; x_wconf 81' lang='lat' dir='ltr'><strong>terra</strong></span> <span class='ocrx_word' id='word_1_525' title='bbox 1888 4806 1943 4859; x_wconf 87' lang='lat' dir='ltr'><strong>in</strong></span> <span class='ocrx_word' id='word_1_526' title='bbox 1967 4806 2166 4861; x_wconf 82' lang='lat' dir='ltr'><strong>coeium</strong></span> 
     </span>
    </p>
   </div>
   <div class='ocr_carea' id='block_1_81' title="bbox 584 4896 2167 4963">
    <p class='ocr_par' dir='ltr' id='par_1_81' title="bbox 584 4896 2167 4963">
     <span class='ocr_line' id='line_1_81' title="bbox 584 4896 2167 4963; baseline 0.001 -10"><span class='ocrx_word' id='word_1_527' title='bbox 584 4906 833 4963; x_wconf 83' lang='lat' dir='ltr'><strong>extensa,</strong></span> <span class='ocrx_word' id='word_1_528' title='bbox 857 4897 1012 4952; x_wconf 84' lang='lat' dir='ltr'><strong>velut</strong></span> <span class='ocrx_word' id='word_1_529' title='bbox 1034 4896 1163 4951; x_wconf 84' lang='lat' dir='ltr'><strong>tuba</strong></span> <span class='ocrx_word' id='word_1_530' title='bbox 1184 4896 1399 4959; x_wconf 83' lang='lat' dir='ltr'><strong>ductili.</strong></span> <span class='ocrx_word' id='word_1_531' title='bbox 1434 4897 1562 4951; x_wconf 88' lang='lat' dir='ltr'><strong>tuba</strong></span> <span class='ocrx_word' id='word_1_532' title='bbox 1584 4913 1785 4953; x_wconf 86' lang='lat' dir='ltr'><strong>cornea</strong></span> <span class='ocrx_word' id='word_1_533' title='bbox 1807 4899 1872 4962; x_wconf 82' lang='lat'><strong>&quot;,</strong></span> <span class='ocrx_word' id='word_1_534' title='bbox 1904 4896 2120 4953; x_wconf 84' lang='lat' dir='ltr'><strong>divinos</strong></span> <span class='ocrx_word' id='word_1_535' title='bbox 2138 4912 2167 4954; x_wconf 85' lang='lat' dir='ltr'><strong>a</strong></span> 
     </span>
    </p>
   </div>
   <div class='ocr_carea' id='block_1_82' title="bbox 588 4988 2165 5061">
    <p class='ocr_par' dir='ltr' id='par_1_82' title="bbox 588 4988 2165 5061">
     <span class='ocr_line' id='line_1_82' title="bbox 588 4988 2165 5061; baseline 0 -16"><span class='ocrx_word' id='word_1_536' title='bbox 588 4999 640 5045; x_wconf 90' lang='lat' dir='ltr'><strong>te</strong></span> <span class='ocrx_word' id='word_1_537' title='bbox 676 4989 974 5060; x_wconf 88' lang='lat' dir='ltr'><strong>conscripti</strong></span> <span class='ocrx_word' id='word_1_538' title='bbox 1015 4989 1295 5061; x_wconf 87' lang='lat' dir='ltr'><strong>Evangelii</strong></span> <span class='ocrx_word' id='word_1_539' title='bbox 1335 5004 1500 5045; x_wconf 89' lang='lat' dir='ltr'><strong>sonos</strong></span> <span class='ocrx_word' id='word_1_540' title='bbox 1536 4989 1768 5059; x_wconf 88' lang='lat' dir='ltr'><strong>clangis.</strong></span> <span class='ocrx_word' id='word_1_541' title='bbox 1792 4988 1853 5044; x_wconf 88' lang='lat' dir='ltr'><strong>Id</strong></span> <span class='ocrx_word' id='word_1_542' title='bbox 1892 4989 2165 5045; x_wconf 88' lang='lat' dir='ltr'><strong>commodi</strong></span> 
     </span>
    </p>
   </div>
   <div class='ocr_carea' id='block_1_83' title="bbox 584 5080 2167 5153">
    <p class='ocr_par' dir='ltr' id='par_1_83' title="bbox 584 5080 2167 5153">
     <span class='ocr_line' id='line_1_83' title="bbox 584 5080 2167 5153; baseline 0 -15"><span class='ocrx_word' id='word_1_543' title='bbox 584 5098 654 5139; x_wconf 79' lang='lat' dir='ltr'><strong>ex</strong></span> <span class='ocrx_word' id='word_1_544' title='bbox 699 5091 793 5137; x_wconf 89' lang='lat' dir='ltr'><strong>tua</strong></span> <span class='ocrx_word' id='word_1_545' title='bbox 842 5083 1116 5153; x_wconf 83' lang='lat' dir='ltr'><strong>sapientia</strong></span> <span class='ocrx_word' id='word_1_546' title='bbox 1162 5082 1445 5138; x_wconf 90' lang='lat' dir='ltr'><strong>consecuti</strong></span> <span class='ocrx_word' id='word_1_547' title='bbox 1491 5096 1703 5137; x_wconf 87' lang='lat' dir='ltr'><strong>sumus.</strong></span> <span class='ocrx_word' id='word_1_548' title='bbox 1738 5080 1895 5137; x_wconf 90' lang='lat' dir='ltr'><strong>llunc</strong></span> <span class='ocrx_word' id='word_1_549' title='bbox 1943 5083 2053 5138; x_wconf 90' lang='lat' dir='ltr'><strong>tuis</strong></span> <span class='ocrx_word' id='word_1_550' title='bbox 2098 5098 2167 5138; x_wconf 81' lang='lat' dir='ltr'><strong>ex</strong></span> 
     </span>
    </p>
   </div>
   <div class='ocr_carea' id='block_1_84' title="bbox 586 5172 2167 5244">
    <p class='ocr_par' dir='ltr' id='par_1_84' title="bbox 586 5172 2167 5244">
     <span class='ocr_line' id='line_1_84' title="bbox 586 5172 2167 5244; baseline 0 -15"><span class='ocrx_word' id='word_1_551' title='bbox 586 5172 873 5229; x_wconf 87' lang='lat' dir='ltr'><strong>laboribus</strong></span> <span class='ocrx_word' id='word_1_552' title='bbox 911 5172 1245 5243; x_wconf 88' lang='lat' dir='ltr'><strong>sempiterna</strong></span> <span class='ocrx_word' id='word_1_553' title='bbox 1287 5174 1511 5244; x_wconf 88' lang='lat' dir='ltr'><strong>dignum</strong></span> <span class='ocrx_word' id='word_1_554' title='bbox 1557 5174 1819 5228; x_wconf 88' lang='lat' dir='ltr'><strong>memoria</strong></span> <span class='ocrx_word' id='word_1_555' title='bbox 1864 5190 1927 5230; x_wconf 92' lang='lat' dir='ltr'><strong>ac</strong></span> <span class='ocrx_word' id='word_1_556' title='bbox 1971 5174 2167 5230; x_wconf 83' lang='lat' dir='ltr'><strong>indeﬁ-</strong></span> 
     </span>
    </p>
   </div>
   <div class='ocr_carea' id='block_1_85' title="bbox 589 5261 2171 5334">
    <p class='ocr_par' dir='ltr' id='par_1_85' title="bbox 589 5261 2171 5334">
     <span class='ocr_line' id='line_1_85' title="bbox 589 5261 2171 5334; baseline 0.003 -16"><span class='ocrx_word' id='word_1_557' title='bbox 589 5263 828 5319; x_wconf 88' lang='lat' dir='ltr'><strong>cientem</strong></span> <span class='ocrx_word' id='word_1_558' title='bbox 873 5261 1111 5317; x_wconf 80' lang='lat' dir='ltr'><strong>fructum</strong></span> <span class='ocrx_word' id='word_1_559' title='bbox 1140 5262 1491 5332; x_wconf 81' lang='lat' dir='ltr'><strong>decerpimus</strong></span> <span class='ocrx_word' id='word_1_560' title='bbox 1517 5266 1561 5329; x_wconf 80' lang='lat'><strong>’,</strong></span> <span class='ocrx_word' id='word_1_561' title='bbox 1596 5280 1759 5334; x_wconf 87' lang='lat' dir='ltr'><strong>quem</strong></span> <span class='ocrx_word' id='word_1_562' title='bbox 1793 5264 1847 5318; x_wconf 83' lang='lat' dir='ltr'><strong>in</strong></span> <span class='ocrx_word' id='word_1_563' title='bbox 1891 5282 2018 5320; x_wconf 77' lang='lat' dir='ltr'><strong>vera</strong></span> <span class='ocrx_word' id='word_1_564' title='bbox 2056 5266 2171 5323; x_wconf 85' lang='lat' dir='ltr'><strong>vite</strong></span> 
     </span>
    </p>
   </div>
   <div class='ocr_carea' id='block_1_86' title="bbox 590 5353 2174 5427">
    <p class='ocr_par' dir='ltr' id='par_1_86' title="bbox 590 5353 2174 5427">
     <span class='ocr_line' id='line_1_86' title="bbox 590 5353 2174 5427; baseline 0.004 -18"><span class='ocrx_word' id='word_1_565' title='bbox 590 5370 821 5410; x_wconf 90' lang='lat' dir='ltr'><strong>manens</strong></span> <span class='ocrx_word' id='word_1_566' title='bbox 872 5362 1037 5425; x_wconf 89' lang='lat' dir='ltr'><strong>atque</strong></span> <span class='ocrx_word' id='word_1_567' title='bbox 1092 5369 1124 5409; x_wconf 88' lang='lat' dir='ltr'><strong>a</strong></span> <span class='ocrx_word' id='word_1_568' title='bbox 1175 5353 1408 5425; x_wconf 87' lang='lat' dir='ltr'><strong>spiritali</strong></span> <span class='ocrx_word' id='word_1_569' title='bbox 1456 5365 1718 5426; x_wconf 85' lang='lat' dir='ltr'><strong>purgatus</strong></span> <span class='ocrx_word' id='word_1_570' title='bbox 1764 5356 1999 5427; x_wconf 88' lang='lat' dir='ltr'><strong>agricola</strong></span> <span class='ocrx_word' id='word_1_571' title='bbox 2052 5368 2174 5415; x_wconf 87' lang='lat' dir='ltr'><strong>tan-</strong></span> 
     </span>
    </p>
   </div>
   <div class='ocr_carea' id='block_1_87' title="bbox 595 5446 2176 5521">
    <p class='ocr_par' dir='ltr' id='par_1_87' title="bbox 595 5446 2176 5521">
     <span class='ocr_line' id='line_1_87' title="bbox 595 5446 2176 5521; baseline 0.002 -20"><span class='ocrx_word' id='word_1_572' title='bbox 595 5462 761 5517; x_wconf 84' lang='lat' dir='ltr'><strong>quam</strong></span> <span class='ocrx_word' id='word_1_573' title='bbox 784 5446 984 5503; x_wconf 77' lang='lat' dir='ltr'><strong>fertilis</strong></span> <span class='ocrx_word' id='word_1_574' title='bbox 1005 5446 1214 5518; x_wconf 88' lang='lat' dir='ltr'><strong>palmes</strong></span> <span class='ocrx_word' id='word_1_575' title='bbox 1233 5446 1590 5518; x_wconf 88' lang='lat' dir='ltr'><strong>multiplicem</strong></span> <span class='ocrx_word' id='word_1_576' title='bbox 1606 5447 1859 5515; x_wconf 86' lang='lat' dir='ltr'><strong>edidisti;</strong></span> <span class='ocrx_word' id='word_1_577' title='bbox 1878 5464 2054 5521; x_wconf 88' lang='lat' dir='ltr'><strong>eoque</strong></span> <span class='ocrx_word' id='word_1_578' title='bbox 2075 5450 2176 5504; x_wconf 84' lang='lat' dir='ltr'><strong>im-</strong></span> 
     </span>
    </p>
   </div>
   <div class='ocr_carea' id='block_1_88' title="bbox 592 5539 2174 5613">
    <p class='ocr_par' dir='ltr' id='par_1_88' title="bbox 592 5539 2174 5613">
     <span class='ocr_line' id='line_1_88' title="bbox 592 5539 2174 5613; baseline 0.004 -20"><span class='ocrx_word' id='word_1_579' title='bbox 592 5540 760 5611; x_wconf 89' lang='lat' dir='ltr'><strong>pleti,</strong></span> <span class='ocrx_word' id='word_1_580' title='bbox 786 5539 983 5597; x_wconf 87' lang='lat' dir='ltr'><strong>mortis</strong></span> <span class='ocrx_word' id='word_1_581' title='bbox 1008 5540 1299 5613; x_wconf 76' lang='lat' dir='ltr'><strong>abjicimus</strong></span> <span class='ocrx_word' id='word_1_582' title='bbox 1332 5539 1610 5603; x_wconf 85' lang='lat' dir='ltr'><strong>tenebras,</strong></span> <span class='ocrx_word' id='word_1_583' title='bbox 1638 5557 1704 5598; x_wconf 89' lang='lat' dir='ltr'><strong>ac</strong></span> <span class='ocrx_word' id='word_1_584' title='bbox 1738 5540 2019 5599; x_wconf 87' lang='lat' dir='ltr'><strong>induimus</strong></span> <span class='ocrx_word' id='word_1_585' title='bbox 2048 5544 2174 5599; x_wconf 67' lang='lat' dir='ltr'><strong>vitae</strong></span> 
     </span>
    </p>
   </div>
   <div class='ocr_carea' id='block_1_89' title="bbox 590 5634 853 5691">
    <p class='ocr_par' dir='ltr' id='par_1_89' title="bbox 590 5634 853 5691">
     <span class='ocr_line' id='line_1_89' title="bbox 590 5634 853 5691; baseline -0.004 -2"><span class='ocrx_word' id='word_1_586' title='bbox 590 5634 771 5691; x_wconf 86' lang='lat' dir='ltr'><strong>lucem</strong></span> <span class='ocrx_word' id='word_1_587' title='bbox 788 5634 853 5688; x_wconf 69' lang='grc' dir='ltr'><strong>ν.</strong></span> 
     </span>
    </p>
   </div>
   <div class='ocr_carea' id='block_1_90' title="bbox 2252 3225 3837 3306">
    <p class='ocr_par' dir='ltr' id='par_1_90' title="bbox 2252 3225 3837 3306">
     <span class='ocr_line' id='line_1_90' title="bbox 2252 3225 3837 3306; baseline -0.004 -18"><span class='ocrx_word' id='word_1_588' title='bbox 2252 3234 2512 3306; x_wconf 71' lang='grc' dir='ltr'><strong>ἤρκεσεν,</strong></span> <span class='ocrx_word' id='word_1_589' title='bbox 2548 3232 2671 3288; x_wconf 66' lang='lat' dir='ltr'><strong>em</strong></span> <span class='ocrx_word' id='word_1_590' title='bbox 2713 3232 2815 3301; x_wconf 80' lang='grc' dir='ltr'>τῆς</span> <span class='ocrx_word' id='word_1_591' title='bbox 2855 3231 3177 3303; x_wconf 80' lang='grc' dir='ltr'><strong>Ἑλληνικῆς</strong></span> <span class='ocrx_word' id='word_1_592' title='bbox 3208 3228 3552 3298; x_wconf 76' lang='grc' dir='ltr'>πολυλογίας,</span> <span class='ocrx_word' id='word_1_593' title='bbox 3585 3225 3665 3299; x_wconf 82' lang='grc' dir='ltr'><strong>τῷ</strong></span> <span class='ocrx_word' id='word_1_594' title='bbox 3708 3243 3837 3281; x_wconf 79' lang='grc' dir='ltr'><strong>συν-</strong></span> 
     </span>
    </p>
   </div>
   <div class='ocr_carea' id='block_1_91' title="bbox 2251 3323 3832 3399">
    <p class='ocr_par' dir='ltr' id='par_1_91' title="bbox 2251 3323 3832 3399">
     <span class='ocr_line' id='line_1_91' title="bbox 2251 3323 3832 3399; baseline 0 -20"><span class='ocrx_word' id='word_1_595' title='bbox 2251 3325 2579 3398; x_wconf 75' lang='grc' dir='ltr'><strong>τετμημένῳ</strong></span> <span class='ocrx_word' id='word_1_596' title='bbox 2614 3323 2709 3380; x_wconf 75' lang='grc' dir='ltr'><strong>τοῦ</strong></span> <span class='ocrx_word' id='word_1_597' title='bbox 2746 3326 3079 3396; x_wconf 81' lang='grc' dir='ltr'>Εὐαγγελίου</span> <span class='ocrx_word' id='word_1_598' title='bbox 3129 3326 3273 3398; x_wconf 76' lang='grc' dir='ltr'>λόγῳ</span> <span class='ocrx_word' id='word_1_599' title='bbox 3333 3327 3471 3399; x_wconf 78' lang='grc' dir='ltr'>πρός</span> <span class='ocrx_word' id='word_1_600' title='bbox 3522 3343 3587 3379; x_wconf 82' lang='grc' dir='ltr'><strong>τε</strong></span> <span class='ocrx_word' id='word_1_601' title='bbox 3616 3323 3832 3396; x_wconf 87' lang='grc' dir='ltr'>φιλοσο-</span> 
     </span>
    </p>
   </div>
   <div class='ocr_carea' id='block_1_92' title="bbox 2256 3416 3761 3490">
    <p class='ocr_par' dir='ltr' id='par_1_92' title="bbox 2256 3416 3761 3490">
     <span class='ocr_line' id='line_1_92' title="bbox 2256 3416 3761 3490; baseline 0.001 -19"><span class='ocrx_word' id='word_1_602' title='bbox 2256 3417 2387 3488; x_wconf 86' lang='grc' dir='ltr'>φίαν</span> <span class='ocrx_word' id='word_1_603' title='bbox 2422 3416 2522 3490; x_wconf 78' lang='grc' dir='ltr'><strong>τὴν</strong></span> <span class='ocrx_word' id='word_1_604' title='bbox 2550 3418 2810 3473; x_wconf 81' lang='grc' dir='ltr'><strong>ἀνωτάτω</strong></span> <span class='ocrx_word' id='word_1_605' title='bbox 2842 3420 2938 3473; x_wconf 76' lang='grc' dir='ltr'>καλ</span> <span class='ocrx_word' id='word_1_606' title='bbox 2967 3419 3315 3475; x_wconf 79' lang='grc' dir='ltr'>διδασκαλίαν</span> <span class='ocrx_word' id='word_1_607' title='bbox 3347 3418 3441 3475; x_wconf 74' lang='grc' dir='ltr'><strong>καὶ</strong></span> <span class='ocrx_word' id='word_1_608' title='bbox 3463 3434 3637 3490; x_wconf 76' lang='grc' dir='ltr'>φωτισ</span> <span class='ocrx_word' id='word_1_609' title='bbox 3660 3419 3761 3473; x_wconf 80' lang='grc' dir='ltr'>ιόν.</span> 
     </span>
    </p>
   </div>
   <div class='ocr_carea' id='block_1_93' title="bbox 2342 3683 3840 3762">
    <p class='ocr_par' dir='ltr' id='par_1_93' title="bbox 2342 3683 3840 3762">
     <span class='ocr_line' id='line_1_93' title="bbox 2342 3683 3840 3762; baseline 0.005 -24"><span class='ocrx_word' id='word_1_610' title='bbox 2342 3683 2622 3739; x_wconf 78' lang='grc' dir='ltr'><strong>Ἐντεῦθεν</strong></span> <span class='ocrx_word' id='word_1_611' title='bbox 2678 3685 2982 3759; x_wconf 73' lang='grc' dir='ltr'><strong>ἠμέληνται</strong></span> <span class='ocrx_word' id='word_1_612' title='bbox 3047 3687 3147 3759; x_wconf 74' lang='grc' dir='ltr'><strong>μὲν</strong></span> <span class='ocrx_word' id='word_1_613' title='bbox 3208 3689 3265 3744; x_wconf 85' lang='grc' dir='ltr'><strong>αἱ</strong></span> <span class='ocrx_word' id='word_1_614' title='bbox 3341 3688 3647 3762; x_wconf 79' lang='grc' dir='ltr'>ἀκαδημίαι</span> <span class='ocrx_word' id='word_1_615' title='bbox 3670 3732 3689 3761; x_wconf 88' lang='grc'>,</span> <span class='ocrx_word' id='word_1_616' title='bbox 3742 3689 3840 3746; x_wconf 77' lang='grc' dir='ltr'><strong>καὶ</strong></span> 
     </span>
    </p>
   </div>
   <div class='ocr_carea' id='block_1_94' title="bbox 2261 3776 3840 3855">
    <p class='ocr_par' dir='ltr' id='par_1_94' title="bbox 2261 3776 3840 3855">
     <span class='ocr_line' id='line_1_94' title="bbox 2261 3776 3840 3855; baseline 0.004 -26"><span class='ocrx_word' id='word_1_617' title='bbox 2261 3776 2418 3832; x_wconf 76' lang='grc' dir='ltr'><strong>στοαὶ</strong></span> <span class='ocrx_word' id='word_1_618' title='bbox 2449 3779 2543 3831; x_wconf 70' lang='grc' dir='ltr'><strong>καὶ</strong></span> <span class='ocrx_word' id='word_1_619' title='bbox 2570 3777 2861 3849; x_wconf 81' lang='grc' dir='ltr'>περίπατοι</span> <span class='ocrx_word' id='word_1_620' title='bbox 2878 3794 2896 3813; x_wconf 80' lang='lat'><strong><em>°</em></strong></span> <span class='ocrx_word' id='word_1_621' title='bbox 2918 3781 3220 3855; x_wconf 73' lang='grc' dir='ltr'><strong>ἠμέληνται</strong></span> <span class='ocrx_word' id='word_1_622' title='bbox 3248 3782 3305 3835; x_wconf 75' lang='grc' dir='ltr'><strong>δὲ</strong></span> <span class='ocrx_word' id='word_1_623' title='bbox 3350 3781 3573 3852; x_wconf 82' lang='grc' dir='ltr'>Ἀθῆναι</span> <span class='ocrx_word' id='word_1_624' title='bbox 3599 3784 3693 3838; x_wconf 72' lang='grc' dir='ltr'><strong>καὶ</strong></span> <span class='ocrx_word' id='word_1_625' title='bbox 3730 3784 3840 3853; x_wconf 83' lang='grc' dir='ltr'><strong>Θῆ-</strong></span> 
     </span>
    </p>
   </div>
   <div class='ocr_carea' id='block_1_95' title="bbox 2262 3871 3832 3946">
    <p class='ocr_par' dir='ltr' id='par_1_95' title="bbox 2262 3871 3832 3946">
     <span class='ocr_line' id='line_1_95' title="bbox 2262 3871 3832 3946; baseline 0 -19"><span class='ocrx_word' id='word_1_626' title='bbox 2262 3873 2375 3937; x_wconf 75' lang='grc' dir='ltr'><strong>ϐαι,</strong></span> <span class='ocrx_word' id='word_1_627' title='bbox 2399 3872 2508 3927; x_wconf 81' lang='grc' dir='ltr'><strong>τῶν</strong></span> <span class='ocrx_word' id='word_1_628' title='bbox 2546 3871 2857 3945; x_wconf 78' lang='grc' dir='ltr'>φιλοσοφεῖν</span> <span class='ocrx_word' id='word_1_629' title='bbox 2896 3874 3159 3944; x_wconf 82' lang='grc' dir='ltr'><strong>οἰομένων</strong></span> <span class='ocrx_word' id='word_1_630' title='bbox 3194 3876 3251 3928; x_wconf 78' lang='grc' dir='ltr'>αἱ</span> <span class='ocrx_word' id='word_1_631' title='bbox 3296 3874 3606 3946; x_wconf 74' lang='grc' dir='ltr'>διατριϐαίο</span> <span class='ocrx_word' id='word_1_632' title='bbox 3656 3874 3751 3929; x_wconf 80' lang='grc' dir='ltr'><strong>καὶ</strong></span> <span class='ocrx_word' id='word_1_633' title='bbox 3797 3875 3832 3945; x_wconf 72' lang='grc' dir='ltr'><strong>ἡ</strong></span> 
     </span>
    </p>
   </div>
   <div class='ocr_carea' id='block_1_96' title="bbox 2262 3963 3835 4037">
    <p class='ocr_par' dir='ltr' id='par_1_96' title="bbox 2262 3963 3835 4037">
     <span class='ocr_line' id='line_1_96' title="bbox 2262 3963 3835 4037; baseline 0 -19"><span class='ocrx_word' id='word_1_634' title='bbox 2262 3963 2667 4034; x_wconf 78' lang='grc' dir='ltr'>καταγέλαστος</span> <span class='ocrx_word' id='word_1_635' title='bbox 2695 3964 2888 4036; x_wconf 70' lang='grc' dir='ltr'>ὀφρῦς,</span> <span class='ocrx_word' id='word_1_636' title='bbox 2929 3966 3025 4019; x_wconf 80' lang='grc' dir='ltr'><strong>καὶ</strong></span> <span class='ocrx_word' id='word_1_637' title='bbox 3053 3966 3089 4037; x_wconf 82' lang='grc' dir='ltr'><strong>ή</strong></span> <span class='ocrx_word' id='word_1_638' title='bbox 3119 3966 3498 4031; x_wconf 84' lang='grc' dir='ltr'><strong>κατάπτυστος</strong></span> <span class='ocrx_word' id='word_1_639' title='bbox 3523 3966 3699 4032; x_wconf 80' lang='grc' dir='ltr'>οίησις</span> <span class='ocrx_word' id='word_1_640' title='bbox 3722 3964 3835 4019; x_wconf 83' lang='grc' dir='ltr'><strong>τῶν</strong></span> 
     </span>
    </p>
   </div>
   <div class='ocr_carea' id='block_1_97' title="bbox 2261 4056 3840 4132">
    <p class='ocr_par' dir='ltr' id='par_1_97' title="bbox 2261 4056 3840 4132">
     <span class='ocr_line' id='line_1_97' title="bbox 2261 4056 3840 4132; baseline 0 -21"><span class='ocrx_word' id='word_1_641' title='bbox 2261 4056 2631 4130; x_wconf 67' lang='grc' dir='ltr'>κατοιομὲνων</span> <span class='ocrx_word' id='word_1_642' title='bbox 2675 4059 3067 4132; x_wconf 82' lang='grc' dir='ltr'><strong>περιεώραται,</strong></span> <span class='ocrx_word' id='word_1_643' title='bbox 3111 4059 3180 4114; x_wconf 80' lang='grc' dir='ltr'><strong>δι’</strong></span> <span class='ocrx_word' id='word_1_644' title='bbox 3212 4061 3279 4130; x_wconf 72' lang='grc' dir='ltr'><strong>ἢν</strong></span> <span class='ocrx_word' id='word_1_645' title='bbox 3317 4061 3535 4131; x_wconf 79' lang='grc' dir='ltr'>καὶτῆς</span> <span class='ocrx_word' id='word_1_646' title='bbox 3577 4057 3840 4129; x_wconf 77' lang='grc' dir='ltr'><strong>ἀληθινῆς</strong></span> 
     </span>
    </p>
   </div>
   <div class='ocr_carea' id='block_1_98' title="bbox 2264 4149 3840 4225">
    <p class='ocr_par' dir='ltr' id='par_1_98' title="bbox 2264 4149 3840 4225">
     <span class='ocr_line' id='line_1_98' title="bbox 2264 4149 3840 4225; baseline -0.002 -17"><span class='ocrx_word' id='word_1_647' title='bbox 2264 4154 2455 4223; x_wconf 82' lang='grc' dir='ltr'>σοφίας</span> <span class='ocrx_word' id='word_1_648' title='bbox 2484 4153 2911 4225; x_wconf 78' lang='grc' dir='ltr'><strong>ἁμαρτάνοντες,</strong></span> <span class='ocrx_word' id='word_1_649' title='bbox 2942 4154 3144 4222; x_wconf 77' lang='grc' dir='ltr'><strong>μύσται</strong></span> <span class='ocrx_word' id='word_1_650' title='bbox 3190 4154 3287 4208; x_wconf 78' lang='grc' dir='ltr'><strong>καὶ</strong></span> <span class='ocrx_word' id='word_1_651' title='bbox 3321 4152 3671 4225; x_wconf 77' lang='grc' dir='ltr'>μυσταγωγοὶ</span> <span class='ocrx_word' id='word_1_652' title='bbox 3696 4149 3840 4205; x_wconf 76' lang='grc' dir='ltr'>θεῶν</span> 
     </span>
    </p>
   </div>
   <div class='ocr_carea' id='block_1_99' title="bbox 2260 4245 3841 4321">
    <p class='ocr_par' dir='ltr' id='par_1_99' title="bbox 2260 4245 3841 4321">
     <span class='ocr_line' id='line_1_99' title="bbox 2260 4245 3841 4321; baseline -0.003 -20"><span class='ocrx_word' id='word_1_653' title='bbox 2260 4245 2438 4301; x_wconf 76' lang='grc' dir='ltr'>ἀθέων</span> <span class='ocrx_word' id='word_1_654' title='bbox 2468 4246 2664 4312; x_wconf 73' lang='grc' dir='ltr'>ἀθὶως,</span> <span class='ocrx_word' id='word_1_655' title='bbox 2696 4245 3031 4317; x_wconf 73' lang='grc' dir='ltr'><strong>ικφάντορὲς</strong></span> <span class='ocrx_word' id='word_1_656' title='bbox 3052 4261 3119 4321; x_wconf 38' lang='grc' dir='ltr'><strong>,τε</strong></span> <span class='ocrx_word' id='word_1_657' title='bbox 3144 4246 3240 4300; x_wconf 75' lang='grc' dir='ltr'><strong>καὶ</strong></span> <span class='ocrx_word' id='word_1_658' title='bbox 3262 4245 3603 4315; x_wconf 78' lang='grc' dir='ltr'><strong>τελεσιουργοὶ</strong></span> <span class='ocrx_word' id='word_1_659' title='bbox 3631 4260 3841 4316; x_wconf 77' lang='grc' dir='ltr'><strong>μυστη-</strong></span> 
     </span>
    </p>
   </div>
   <div class='ocr_carea' id='block_1_100' title="bbox 2263 4339 3844 4415">
    <p class='ocr_par' dir='ltr' id='par_1_100' title="bbox 2263 4339 3844 4415">
     <span class='ocr_line' id='line_1_100' title="bbox 2263 4339 3844 4415; baseline 0.001 -23"><span class='ocrx_word' id='word_1_660' title='bbox 2263 4339 2399 4415; x_wconf 80' lang='grc' dir='ltr'>ρίων</span> <span class='ocrx_word' id='word_1_661' title='bbox 2443 4340 2789 4411; x_wconf 80' lang='grc' dir='ltr'><strong>κατέστησαν</strong></span> <span class='ocrx_word' id='word_1_662' title='bbox 2825 4339 3071 4405; x_wconf 70' lang='grc' dir='ltr'><strong>ἑναγῶνυ</strong></span> <span class='ocrx_word' id='word_1_663' title='bbox 3103 4340 3329 4412; x_wconf 76' lang='grc' dir='ltr'>αἰσχρὸν</span> <span class='ocrx_word' id='word_1_664' title='bbox 3371 4341 3605 4411; x_wconf 80' lang='grc' dir='ltr'>αἰσχρᾶς</span> <span class='ocrx_word' id='word_1_665' title='bbox 3648 4339 3844 4393; x_wconf 72' lang='grc' dir='ltr'>ἐπιθυ-</span> 
     </span>
    </p>
   </div>
   <div class='ocr_carea' id='block_1_101' title="bbox 2268 4428 3848 4504">
    <p class='ocr_par' dir='ltr' id='par_1_101' title="bbox 2268 4428 3848 4504">
     <span class='ocr_line' id='line_1_101' title="bbox 2268 4428 3848 4504; baseline 0.003 -22"><span class='ocrx_word' id='word_1_666' title='bbox 2268 4429 2398 4499; x_wconf 85' lang='grc' dir='ltr'>μίας</span> <span class='ocrx_word' id='word_1_667' title='bbox 2426 4428 2738 4500; x_wconf 80' lang='grc' dir='ltr'><strong>τρνγῶντες</strong></span> <span class='ocrx_word' id='word_1_668' title='bbox 2776 4430 3013 4503; x_wconf 76' lang='grc' dir='ltr'><strong>καρπὸν,</strong></span> <span class='ocrx_word' id='word_1_669' title='bbox 3036 4432 3135 4486; x_wconf 71' lang='grc' dir='ltr'><strong>καὶ</strong></span> <span class='ocrx_word' id='word_1_670' title='bbox 3161 4430 3263 4502; x_wconf 73' lang='grc' dir='ltr'><strong>τήν</strong></span> <span class='ocrx_word' id='word_1_671' title='bbox 3289 4431 3641 4504; x_wconf 78' lang='grc' dir='ltr'><strong>ἀντιμισθίαν</strong></span> <span class='ocrx_word' id='word_1_672' title='bbox 3687 4430 3848 4498; x_wconf 76' lang='grc' dir='ltr'>ἀξίαν</span> 
     </span>
    </p>
   </div>
   <div class='ocr_carea' id='block_1_102' title="bbox 2192 4522 3002 4595">
    <p class='ocr_par' dir='ltr' id='par_1_102' title="bbox 2192 4522 3002 4595">
     <span class='ocr_line' id='line_1_102' title="bbox 2192 4522 3002 4595; baseline 0.005 -20"><span class='ocrx_word' id='word_1_673' title='bbox 2192 4522 2240 4581; x_wconf 77' lang='grc' dir='ltr'><strong>ι)</strong></span> <span class='ocrx_word' id='word_1_674' title='bbox 2270 4523 2369 4594; x_wconf 87' lang='grc' dir='ltr'>τῆς</span> <span class='ocrx_word' id='word_1_675' title='bbox 2394 4522 2604 4593; x_wconf 76' lang='grc' dir='ltr'>πλάνης</span> <span class='ocrx_word' id='word_1_676' title='bbox 2628 4522 3002 4595; x_wconf 77' lang='grc' dir='ltr'><strong>κομιζόμενοι.</strong></span> 
     </span>
    </p>
   </div>
   <div class='ocr_carea' id='block_1_103' title="bbox 2340 4614 3851 4688">
    <p class='ocr_par' dir='ltr' id='par_1_103' title="bbox 2340 4614 3851 4688">
     <span class='ocr_line' id='line_1_103' title="bbox 2340 4614 3851 4688; baseline 0.001 -20"><span class='ocrx_word' id='word_1_677' title='bbox 2340 4616 2526 4671; x_wconf 80' lang='grc' dir='ltr'><strong>Πάντα</strong></span> <span class='ocrx_word' id='word_1_678' title='bbox 2556 4614 2729 4669; x_wconf 83' lang='grc' dir='ltr'>ταῦτα</span> <span class='ocrx_word' id='word_1_679' title='bbox 2770 4617 3118 4687; x_wconf 75' lang='grc' dir='ltr'>κατήργηται</span> <span class='ocrx_word' id='word_1_680' title='bbox 3163 4616 3259 4671; x_wconf 67' lang='grc' dir='ltr'><strong>καλ¹</strong></span> <span class='ocrx_word' id='word_1_681' title='bbox 3284 4615 3607 4688; x_wconf 75' lang='grc' dir='ltr'><strong>ἠφάνισται,</strong></span> <span class='ocrx_word' id='word_1_682' title='bbox 3637 4617 3731 4671; x_wconf 70' lang='grc' dir='ltr'><strong>καὶ</strong></span> <span class='ocrx_word' id='word_1_683' title='bbox 3774 4618 3851 4679; x_wconf 82' lang='grc' dir='ltr'><strong>ὡς</strong></span> 
     </span>
    </p>
   </div>
   <div class='ocr_carea' id='block_1_104' title="bbox 2267 4705 3847 4781">
    <p class='ocr_par' dir='ltr' id='par_1_104' title="bbox 2267 4705 3847 4781">
     <span class='ocr_line' id='line_1_104' title="bbox 2267 4705 3847 4781; baseline 0.001 -22"><span class='ocrx_word' id='word_1_684' title='bbox 2267 4707 2476 4769; x_wconf 78' lang='grc' dir='ltr'>καπνὸς</span> <span class='ocrx_word' id='word_1_685' title='bbox 2496 4706 2683 4778; x_wconf 75' lang='grc' dir='ltr'>ἐλύθη,</span> <span class='ocrx_word' id='word_1_686' title='bbox 2716 4709 2811 4761; x_wconf 75' lang='grc' dir='ltr'><strong>καὶ</strong></span> <span class='ocrx_word' id='word_1_687' title='bbox 2842 4710 2917 4771; x_wconf 79' lang='grc' dir='ltr'>ὡς</span> <span class='ocrx_word' id='word_1_688' title='bbox 2954 4708 3232 4780; x_wconf 76' lang='grc' dir='ltr'>κονιορτὸς</span> <span class='ocrx_word' id='word_1_689' title='bbox 3278 4709 3505 4781; x_wconf 74' lang='grc' dir='ltr'>ἐξήρθη,</span> <span class='ocrx_word' id='word_1_690' title='bbox 3536 4710 3630 4779; x_wconf 85' lang='grc' dir='ltr'><strong>ἀφ’</strong></span> <span class='ocrx_word' id='word_1_691' title='bbox 3658 4705 3719 4763; x_wconf 79' lang='grc' dir='ltr'>οὗ</span> <span class='ocrx_word' id='word_1_692' title='bbox 3758 4711 3847 4772; x_wconf 74' lang='grc' dir='ltr'><strong>σὺ,</strong></span> 
     </span>
    </p>
   </div>
   <div class='ocr_carea' id='block_1_105' title="bbox 2268 4792 3846 4872">
    <p class='ocr_par' dir='ltr' id='par_1_105' title="bbox 2268 4792 3846 4872">
     <span class='ocr_line' id='line_1_105' title="bbox 2268 4792 3846 4872; baseline -0.001 -20"><span class='ocrx_word' id='word_1_693' title='bbox 2268 4792 2315 4852; x_wconf 74' lang='grc' dir='ltr'>ὦ</span> <span class='ocrx_word' id='word_1_694' title='bbox 2347 4800 2559 4871; x_wconf 80' lang='grc' dir='ltr'>μάκαρ,</span> <span class='ocrx_word' id='word_1_695' title='bbox 2584 4800 2851 4872; x_wconf 77' lang='grc' dir='ltr'><strong>ἅκηράτῳ</strong></span> <span class='ocrx_word' id='word_1_696' title='bbox 2872 4799 3042 4871; x_wconf 62' lang='grc' dir='ltr'>ψυχῇ,</span> <span class='ocrx_word' id='word_1_697' title='bbox 3070 4802 3165 4855; x_wconf 76' lang='grc' dir='ltr'><strong>καὶ</strong></span> <span class='ocrx_word' id='word_1_698' title='bbox 3194 4800 3363 4872; x_wconf 77' lang='grc' dir='ltr'>γῆθεν</span> <span class='ocrx_word' id='word_1_699' title='bbox 3392 4802 3471 4865; x_wconf 84' lang='grc' dir='ltr'><strong>είς</strong></span> <span class='ocrx_word' id='word_1_700' title='bbox 3502 4800 3731 4870; x_wconf 74' lang='grc' dir='ltr'>οὐρανὸν</span> <span class='ocrx_word' id='word_1_701' title='bbox 3754 4799 3846 4851; x_wconf 73' lang='grc' dir='ltr'><strong>ἐκ-</strong></span> 
     </span>
    </p>
   </div>
   <div class='ocr_carea' id='block_1_106' title="bbox 2268 4889 3845 4966">
    <p class='ocr_par' dir='ltr' id='par_1_106' title="bbox 2268 4889 3845 4966">
     <span class='ocr_line' id='line_1_106' title="bbox 2268 4889 3845 4966; baseline -0.002 -19"><span class='ocrx_word' id='word_1_702' title='bbox 2268 4894 2540 4965; x_wconf 70' lang='grc' dir='ltr'><strong>τεταμένη</strong></span> <span class='ocrx_word' id='word_1_703' title='bbox 2565 4892 2796 4966; x_wconf 76' lang='grc' dir='ltr'>διανοίᾳ,</span> <span class='ocrx_word' id='word_1_704' title='bbox 2829 4889 2918 4947; x_wconf 76' lang='grc' dir='ltr'>οἷα</span> <span class='ocrx_word' id='word_1_705' title='bbox 2949 4894 3210 4964; x_wconf 78' lang='grc' dir='ltr'>σάλπιγγι</span> <span class='ocrx_word' id='word_1_706' title='bbox 3252 4894 3442 4964; x_wconf 62' lang='lat' dir='ltr'><strong>elus-ﬁ,</strong></span> <span class='ocrx_word' id='word_1_707' title='bbox 3466 4894 3725 4960; x_wconf 63' lang='grc' dir='ltr'>σάλπιγγι</span> <span class='ocrx_word' id='word_1_708' title='bbox 3757 4908 3845 4944; x_wconf 68' lang='grc' dir='ltr'><strong>κε’</strong></span> 
     </span>
    </p>
   </div>
   <div class='ocr_carea' id='block_1_107' title="bbox 2276 4982 3851 5061">
    <p class='ocr_par' dir='ltr' id='par_1_107' title="bbox 2276 4982 3851 5061">
     <span class='ocr_line' id='line_1_107' title="bbox 2276 4982 3851 5061; baseline -0.003 -21"><span class='ocrx_word' id='word_1_709' title='bbox 2276 4984 2496 5061; x_wconf 69' lang='grc' dir='ltr'>ρατίνῃ,</span> <span class='ocrx_word' id='word_1_710' title='bbox 2553 4987 2613 5040; x_wconf 82' lang='grc' dir='ltr'><strong>τδ</strong></span> <span class='ocrx_word' id='word_1_711' title='bbox 2676 4987 2819 5040; x_wconf 66' lang='grc' dir='ltr'><strong>κατὰ</strong></span> <span class='ocrx_word' id='word_1_712' title='bbox 2880 4987 2937 5039; x_wconf 81' lang='grc' dir='ltr'><strong>σὲ</strong></span> <span class='ocrx_word' id='word_1_713' title='bbox 2966 4986 3295 5058; x_wconf 81' lang='grc' dir='ltr'>θεὸφθογγον</span> <span class='ocrx_word' id='word_1_714' title='bbox 3336 4984 3665 5053; x_wconf 79' lang='grc' dir='ltr'><strong>Εὑαγγὲλιον</strong></span> <span class='ocrx_word' id='word_1_715' title='bbox 3718 4982 3851 5037; x_wconf 81' lang='grc' dir='ltr'>σαλο</span> 
     </span>
    </p>
   </div>
   <div class='ocr_carea' id='block_1_108' title="bbox 2274 5074 3849 5151">
    <p class='ocr_par' dir='ltr' id='par_1_108' title="bbox 2274 5074 3849 5151">
     <span class='ocr_line' id='line_1_108' title="bbox 2274 5074 3849 5151; baseline -0.003 -19"><span class='ocrx_word' id='word_1_716' title='bbox 2274 5078 2474 5142; x_wconf 72' lang='grc' dir='ltr'><strong>σιτίζεις.</strong></span> <span class='ocrx_word' id='word_1_717' title='bbox 2520 5077 2691 5134; x_wconf 82' lang='grc' dir='ltr'><strong>Τοῦτο</strong></span> <span class='ocrx_word' id='word_1_718' title='bbox 2740 5080 2840 5147; x_wconf 86' lang='grc' dir='ltr'>τῆς</span> <span class='ocrx_word' id='word_1_719' title='bbox 2886 5080 2985 5151; x_wconf 90' lang='grc' dir='ltr'><strong>σῆς</strong></span> <span class='ocrx_word' id='word_1_720' title='bbox 3021 5078 3359 5148; x_wconf 74' lang='grc' dir='ltr'>ἀπωνάμεθα</span> <span class='ocrx_word' id='word_1_721' title='bbox 3400 5076 3609 5145; x_wconf 83' lang='grc' dir='ltr'>σοφίας.</span> <span class='ocrx_word' id='word_1_722' title='bbox 3644 5074 3849 5129; x_wconf 80' lang='grc' dir='ltr'><strong>Τοῦτον</strong></span> 
     </span>
    </p>
   </div>
   <div class='ocr_carea' id='block_1_109' title="bbox 2273 5166 3851 5243">
    <p class='ocr_par' dir='ltr' id='par_1_109' title="bbox 2273 5166 3851 5243">
     <span class='ocr_line' id='line_1_109' title="bbox 2273 5166 3851 5243; baseline -0.001 -20"><span class='ocrx_word' id='word_1_723' title='bbox 2273 5169 2589 5243; x_wconf 77' lang='grc' dir='ltr'>δρεπόμεθα</span> <span class='ocrx_word' id='word_1_724' title='bbox 2612 5170 2723 5226; x_wconf 80' lang='grc' dir='ltr'><strong>τῶν</strong></span> <span class='ocrx_word' id='word_1_725' title='bbox 2750 5172 2862 5226; x_wconf 81' lang='grc' dir='ltr'><strong>σῶν</strong></span> <span class='ocrx_word' id='word_1_726' title='bbox 2892 5172 3069 5226; x_wconf 80' lang='grc' dir='ltr'>πόνων</span> <span class='ocrx_word' id='word_1_727' title='bbox 3109 5170 3437 5241; x_wconf 76' lang='grc' dir='ltr'><strong>ἀείμνηστον</strong></span> <span class='ocrx_word' id='word_1_728' title='bbox 3475 5169 3571 5223; x_wconf 75' lang='grc' dir='ltr'><strong>καὶ</strong></span> <span class='ocrx_word' id='word_1_729' title='bbox 3598 5166 3851 5223; x_wconf 73' lang='grc' dir='ltr'><strong>ἀνέκλει-</strong></span> 
     </span>
    </p>
   </div>
   <div class='ocr_carea' id='block_1_110' title="bbox 2276 5259 3857 5339">
    <p class='ocr_par' dir='ltr' id='par_1_110' title="bbox 2276 5259 3857 5339">
     <span class='ocr_line' id='line_1_110' title="bbox 2276 5259 3857 5339; baseline -0.001 -22"><span class='ocrx_word' id='word_1_730' title='bbox 2276 5280 2410 5318; x_wconf 84' lang='grc' dir='ltr'>πτον</span> <span class='ocrx_word' id='word_1_731' title='bbox 2443 5264 2677 5337; x_wconf 72' lang='grc' dir='ltr'>καρπὸν,</span> <span class='ocrx_word' id='word_1_732' title='bbox 2700 5265 2763 5319; x_wconf 75' lang='grc' dir='ltr'><strong>ὃν</strong></span> <span class='ocrx_word' id='word_1_733' title='bbox 2785 5266 2845 5321; x_wconf 83' lang='grc' dir='ltr'><strong>ὲν</strong></span> <span class='ocrx_word' id='word_1_734' title='bbox 2874 5268 2941 5339; x_wconf 79' lang='grc' dir='ltr'><strong>τῇ</strong></span> <span class='ocrx_word' id='word_1_735' title='bbox 2977 5263 3202 5339; x_wconf 75' lang='grc' dir='ltr'>ἀληθινῇ</span> <span class='ocrx_word' id='word_1_736' title='bbox 3233 5260 3416 5334; x_wconf 70' lang='grc' dir='ltr'>μένων</span> <span class='ocrx_word' id='word_1_737' title='bbox 3462 5259 3729 5334; x_wconf 79' lang='grc' dir='ltr'>ἀμπέλῳ,</span> <span class='ocrx_word' id='word_1_738' title='bbox 3758 5262 3857 5315; x_wconf 74' lang='grc' dir='ltr'><strong>καὶ</strong></span> 
     </span>
    </p>
   </div>
   <div class='ocr_carea' id='block_1_111' title="bbox 2272 5354 3859 5433">
    <p class='ocr_par' dir='ltr' id='par_1_111' title="bbox 2272 5354 3859 5433">
     <span class='ocr_line' id='line_1_111' title="bbox 2272 5354 3859 5433; baseline -0.001 -22"><span class='ocrx_word' id='word_1_739' title='bbox 2272 5358 2409 5429; x_wconf 73' lang='grc' dir='ltr'>πρὸς</span> <span class='ocrx_word' id='word_1_740' title='bbox 2455 5357 2549 5413; x_wconf 81' lang='grc' dir='ltr'><strong>τοῦ</strong></span> <span class='ocrx_word' id='word_1_741' title='bbox 2590 5358 2784 5433; x_wconf 85' lang='grc' dir='ltr'>νοητοῦ</span> <span class='ocrx_word' id='word_1_742' title='bbox 2831 5360 3235 5433; x_wconf 77' lang='grc' dir='ltr'>καθαιρόμενος</span> <span class='ocrx_word' id='word_1_743' title='bbox 3278 5354 3557 5431; x_wconf 81' lang='grc' dir='ltr'>γεωργοῦ,</span> <span class='ocrx_word' id='word_1_744' title='bbox 3601 5357 3859 5429; x_wconf 77' lang='grc' dir='ltr'>καθάπερ</span> 
     </span>
    </p>
   </div>
   <div class='ocr_carea' id='block_1_112' title="bbox 2272 5447 3861 5525">
    <p class='ocr_par' dir='ltr' id='par_1_112' title="bbox 2272 5447 3861 5525">
     <span class='ocr_line' id='line_1_112' title="bbox 2272 5447 3861 5525; baseline -0.001 -23"><span class='ocrx_word' id='word_1_745' title='bbox 2272 5447 2504 5521; x_wconf 75' lang='grc' dir='ltr'><strong>εΰφορον</strong></span> <span class='ocrx_word' id='word_1_746' title='bbox 2540 5450 2750 5523; x_wconf 78' lang='grc' dir='ltr'>κλῆμα,</span> <span class='ocrx_word' id='word_1_747' title='bbox 2800 5449 3172 5507; x_wconf 76' lang='grc' dir='ltr'>πολυπλάσιον</span> <span class='ocrx_word' id='word_1_748' title='bbox 3222 5450 3685 5525; x_wconf 70' lang='grc' dir='ltr'>ὲκαρποφόρησας</span> <span class='ocrx_word' id='word_1_749' title='bbox 3706 5465 3723 5482; x_wconf 69' lang='grc'><strong><em>⁸</em></strong></span> <span class='ocrx_word' id='word_1_750' title='bbox 3761 5451 3861 5502; x_wconf 78' lang='grc' dir='ltr'><strong>καὶ</strong></span> 
     </span>
    </p>
   </div>
   <div class='ocr_carea' id='block_1_113' title="bbox 2270 5540 3853 5617">
    <p class='ocr_par' dir='ltr' id='par_1_113' title="bbox 2270 5540 3853 5617">
     <span class='ocr_line' id='line_1_113' title="bbox 2270 5540 3853 5617; baseline -0.001 -20"><span class='ocrx_word' id='word_1_751' title='bbox 2270 5542 2461 5597; x_wconf 79' lang='grc' dir='ltr'><strong>τούτου</strong></span> <span class='ocrx_word' id='word_1_752' title='bbox 2516 5542 2911 5617; x_wconf 80' lang='grc' dir='ltr'>πληροῦμενοι,</span> <span class='ocrx_word' id='word_1_753' title='bbox 2954 5544 3329 5616; x_wconf 78' lang='grc' dir='ltr'><strong>ἀποτιθέμεθα</strong></span> <span class='ocrx_word' id='word_1_754' title='bbox 3377 5545 3475 5615; x_wconf 82' lang='grc' dir='ltr'><strong>μὲν</strong></span> <span class='ocrx_word' id='word_1_755' title='bbox 3509 5543 3601 5596; x_wconf 72' lang='grc' dir='ltr'><strong>τὸν</strong></span> <span class='ocrx_word' id='word_1_756' title='bbox 3657 5540 3853 5598; x_wconf 72' lang='grc' dir='ltr'><strong>σκότον</strong></span> 
     </span>
    </p>
   </div>
   <div class='ocr_carea' id='block_1_114' title="bbox 2270 5634 3655 5709">
    <p class='ocr_par' dir='ltr' id='par_1_114' title="bbox 2270 5634 3655 5709">
     <span class='ocr_line' id='line_1_114' title="bbox 2270 5634 3655 5709; baseline 0.001 -22"><span class='ocrx_word' id='word_1_757' title='bbox 2270 5636 2367 5689; x_wconf 77' lang='grc' dir='ltr'><strong>τοῦ</strong></span> <span class='ocrx_word' id='word_1_758' title='bbox 2396 5636 2631 5691; x_wconf 69' lang='grc' dir='ltr'>θανάτου</span> <span class='ocrx_word' id='word_1_759' title='bbox 2654 5654 2668 5668; x_wconf 78' lang='lat'><strong><em>°</em></strong></span> <span class='ocrx_word' id='word_1_760' title='bbox 2700 5635 3001 5708; x_wconf 79' lang='grc' dir='ltr'><strong>ὲνδυὸμεθα</strong></span> <span class='ocrx_word' id='word_1_761' title='bbox 3029 5636 3087 5691; x_wconf 66' lang='grc' dir='ltr'><strong>δὲ</strong></span> <span class='ocrx_word' id='word_1_762' title='bbox 3119 5638 3180 5692; x_wconf 80' lang='grc' dir='ltr'><strong>τὸ</strong></span> <span class='ocrx_word' id='word_1_763' title='bbox 3211 5638 3328 5709; x_wconf 85' lang='grc' dir='ltr'>φῶς</span> <span class='ocrx_word' id='word_1_764' title='bbox 3359 5636 3456 5709; x_wconf 86' lang='grc' dir='ltr'>τῆς</span> <span class='ocrx_word' id='word_1_765' title='bbox 3486 5634 3655 5707; x_wconf 79' lang='grc' dir='ltr'>ζωῆς.</span> 
     </span>
    </p>
   </div>
   <div class='ocr_carea' id='block_1_115' title="bbox 700 5838 2584 5907">
    <p class='ocr_par' dir='ltr' id='par_1_115' title="bbox 700 5838 2584 5907">
     <span class='ocr_line' id='line_1_115' title="bbox 700 5838 2584 5907; baseline 0.001 -13"><span class='ocrx_word' id='word_1_766' title='bbox 700 5838 723 5870; x_wconf 81' lang='grc'>⁸</span> <span class='ocrx_word' id='word_1_767' title='bbox 746 5838 851 5894; x_wconf 89' lang='lat' dir='ltr'><strong>lsa.</strong></span> <span class='ocrx_word' id='word_1_768' title='bbox 878 5855 952 5907; x_wconf 88' lang='lat' dir='ltr'><strong>Iv,</strong></span> <span class='ocrx_word' id='word_1_769' title='bbox 977 5838 1031 5896; x_wconf 82' lang='grc' dir='ltr'>ι.</span> <span class='ocrx_word' id='word_1_770' title='bbox 1106 5839 1148 5874; x_wconf 78' lang='grc'><strong><em>⁸⁸</em></strong></span> <span class='ocrx_word' id='word_1_771' title='bbox 1176 5838 1320 5897; x_wconf 77' lang='lat' dir='ltr'><strong>Psal.</strong></span> <span class='ocrx_word' id='word_1_772' title='bbox 1348 5856 1507 5907; x_wconf 80' lang='lat' dir='ltr'><strong>xcvn,</strong></span> <span class='ocrx_word' id='word_1_773' title='bbox 1531 5839 1586 5896; x_wconf 86' lang='lat'><strong>6.</strong></span> <span class='ocrx_word' id='word_1_774' title='bbox 1648 5839 1669 5873; x_wconf 84' lang='grc'><strong><em>⁹</em></strong></span> <span class='ocrx_word' id='word_1_775' title='bbox 1694 5838 1852 5896; x_wconf 81' lang='lat' dir='ltr'><strong>Joan.</strong></span> <span class='ocrx_word' id='word_1_776' title='bbox 1875 5856 1964 5907; x_wconf 82' lang='lat' dir='ltr'><strong>xv,</strong></span> <span class='ocrx_word' id='word_1_777' title='bbox 1988 5840 2041 5896; x_wconf 86' lang='lat'><strong>8.</strong></span> <span class='ocrx_word' id='word_1_778' title='bbox 2102 5840 2146 5873; x_wconf 83' lang='lat'>&quot;</span> <span class='ocrx_word' id='word_1_779' title='bbox 2174 5840 2333 5895; x_wconf 80' lang='lat' dir='ltr'><strong>Rom.</strong></span> <span class='ocrx_word' id='word_1_780' title='bbox 2358 5857 2473 5905; x_wconf 81' lang='lat' dir='ltr'><strong>xm,</strong></span> <span class='ocrx_word' id='word_1_781' title='bbox 2501 5842 2584 5896; x_wconf 72' lang='lat' dir='ltr'><strong>l2.</strong></span> 
     </span>
    </p>
   </div>
  </div>
