4156 6282
359 392 473 462 233

1128 386 1412 447 ORATIO
1449 385 1551 447 XI.
1578 384 1749 445 -ΙΝ
1789 384 2097 446 LAUDEM
2140 388 2201 448 S.
2244 388 2605 450 MATTILEI
2663 393 2917 455 APOST.

3538 404 3650 467 23L

439 508 615 562 Ιιάντα
648 502 753 573 μὲν
781 495 877 555 οῦν
900 499 993 555 τοῦ
1023 503 1442 571 μακαριωτάτου
1460 498 1851 567 εὐαγγελιστοῦ
1879 500 1947 554 τὰ

2117 499 2328 556 Cuncta
2369 502 2594 571 quidem
2635 503 2938 561 beatissimi
2985 509 3335 580 evangelista:
3377 514 3643 583 praclara

358 594 767 668 κατορθώματα
793 633 812 657 ,
872 594 976 645 ὃσα
1023 608 1084 644 τε
1148 590 1330 659 λόγοις
1390 592 1505 655 τοῖς
1562 590 1653 645 διὰ
1717 590 1945 661 χειλέων

357 688 612 763 προϊοῦσι
649 684 975 758 θεοπρεπῶς
1024 683 1291 752 θεολογῶν
1339 682 1623 749 ἐδοξάζετο
1671 683 1944 755 Χριστόν·

354 782 460 834 ὅσα
486 796 544 832 τε
573 776 662 831 eis
701 774 802 829 τοῦ
834 773 1179 845 παντουργοῦ
1211 773 1529 845 Πνεύματος
1560 773 1819 846 ἐνεργῶν,
1852 774 1947 827 καὶ

352 871 485 932 τοὺς
510 868 674 931 λαοὺς
706 864 957 931 ὲξιστῶν,
1014 862 1102 933 ἐφ’
1132 864 1229 927 οῦς
1260 864 1424 918 αὐτὸν
1468 866 1501 936 ἡ
1532 864 1696 934 χάρις
1728 865 1948 935 ἀπήγα-

354 979 476 1032 γεν,
527 959 831 1031 ἐμεγάλυνε
885 956 977 1011 τδν
1003 956 1137 1011 Θεόν
1159 973 1175 988 '
1226 957 1320 1011 καὶ
1358 957 1508 1019 ὅπως
1544 958 1600 1009 δὲ
1636 956 1948 1010 τελευταῖον

357 1052 503 1109 κατά
549 1052 650 1121 τὴν
703 1052 762 1104 ὲν
799 1049 974 1120 Συρίᾳ
1019 1048 1310 1119 γενόμενος
1363 1046 1691 1117 Ἱεράπολιν,
1743 1049 1836 1101 καὶ
1887 1048 1949 1100 ὲν

358 1146 515 1218 μέσῳ
543 1143 757 1199 πολλῶν
802 1142 1025 1203 αἰνέσας
1064 1140 1158 1195 τὸν
1219 1140 1449 1209 Ἰησοῦν,
1504 1140 1599 1196 καὶ
1645 1142 1950 1215 θεορῤημο-

359 1239 549 1300 σύναις
579 1234 942 1299 θεοτελέστοις
967 1232 1267 1305 ὑπερφυῶς
1302 1234 1534 1300 δοξάσας
1560 1235 1820 1307 Χριστὸν,
1850 1235 1946 1292 καὶ

354 1333 482 1397 τοὺς
516 1326 955 1388 πεπιστευκότας
1002 1327 1070 1380 δι’
1104 1326 1270 1381 αὑτοῦ
1324 1328 1405 1400 τῷ
1438 1328 1631 1400 Κυρίῳ
1676 1328 1951 1400 προσαγό-

354 1442 541 1498 μενος,
570 1424 667 1478 καὶ
707 1420 1035 1493 Ἐκκλησίαν
1077 1420 1276 1484 αὐτοὺς
1305 1421 1488 1490 ἀγίαν,
1517 1423 1750 1494 ἄμωμον
1774 1439 1949 1478 καταο

355 1517 804 1589 σκευασάμενος·
860 1514 955 1567 καὶ
983 1510 1126 1567 οῦτω
1152 1513 1221 1585 δὴ
1255 1515 1320 1569 τὸ
1347 1513 1443 1568 τοῦ
1479 1513 1617 1569 Θεοῦ
1650 1515 1951 1587 μαρτύριον

356 1610 519 1682 ιερῶς
576 1612 675 1665 καὶ
719 1607 891 1675 ἀξίως
932 1609 1033 1679 τῆς
1086 1605 1256 1661 αὐτοῦ
1323 1606 1575 1680 κλήσεως
1627 1608 1948 1677 τετελεκὼς,

352 1702 616 1758 ἀνέλυσεν
648 1699 885 1765 ἐνδόξως
912 1698 1052 1770 πρὸς
1083 1698 1176 1753 τὸν
1205 1697 1372 1753 αὐτοῦ
1416 1699 1651 1757 Βασιλέα
1696 1700 1793 1755 καὶ
1837 1701 1951 1755 Κύ-

353 1814 471 1867 ριον
500 1796 598 1850 καὶ
626 1794 799 1849 Θεόν·
831 1788 923 1848 οἷα
955 1792 1054 1864 μὲν
1074 1792 1347 1862 χιτώνιον,
1377 1792 1441 1846 τὸ
1478 1792 1636 1862 ἅγιον
1667 1791 1838 1862 δέμας
1857 1794 1949 1847 καὶ

350 1891 535 1960 τίμιον
564 1888 939 1959 ἀποθέμενοςο
982 1885 1237 1956 οὐράνιον
1264 1886 1323 1940 δὲ
1370 1885 1531 1951 δόξαν
1559 1886 1771 1939 ἔνδοθεν
1804 1886 1949 1957 ἀμφ-
1977 1874 2027 1935 Β

355 1978 648 2048 ωσὰμενος
694 1978 789 2031 καὶ
821 1976 1010 2046 τιμὴν,
1043 1976 1138 2029 καί⁸
1192 1977 1251 2030 ὲν
1290 1976 1435 2047 χαρᾷ
1479 1976 1831 2048 ἀνεκλαλήτῳ
1860 1979 1952 2031 καὶ

354 2070 746 2141 δεδοξασμένῃ,
806 2068 992 2138 πάσης
1053 2068 1312 2137 οὐρανίας
1369 2068 1656 2139 ίεραρχίας
1715 2069 1952 2140 ὑπερκο-

361 2162 545 2233 σμίως
574 2162 737 2216 αὐτὸν
766 2162 1251 2232 παραπεμπούσης
1280 2160 1377 2215 καὶ
1420 2160 1846 2233 δορυφορούσης,
1876 2159 1953 2231 τῷ

368 2251 659 2323 προσώπῳ
719 2254 815 2321 τῆς
874 2252 1328 2325 μεγαλοπρεποῦς
1391 2252 1550 2325 δόξης
1614 2252 1952 2307 κατενώπιον

380 2343 526 2397 Θεοῦ
556 2346 616 2396 ὲν
662 2343 871 2414 Χριστῷ
910 2344 1084 2417 Ἰησοῦ
1141 2344 1685 2417 ὲμφανισθησόμενος
1739 2344 1948 2417 είσῄει’

389 2437 452 2490 ὃν
509 2434 607 2490 καὶ
647 2435 892 2503 στέφανον
933 2437 1091 2507 δόξης
1148 2439 1245 2493 καὶ
1297 2437 1591 2509 περιόολὴν
1639 2438 1953 2509 ἀφθαρσίας

391 2536 485 2591 καὶ
514 2532 657 2607 ζωὴν
676 2534 898 2600 αἰώνιον,
922 2537 1016 2590 καὶ
1044 2537 1329 2609 βασιλείαν
1352 2536 1650 2591 ἀσάλευτον
1676 2536 1955 2607 κεκλήρωο

385 2645 494 2681 ται.
1154 2680 1157 2685 .

451 2721 630 2776 Ταῦτα
659 2724 838 2777 πάντα
880 2723 1002 2787 ταῖς
1032 2722 1304 2793 ἱστορίαις
1347 2722 1442 2775 καὶ
1472 2721 1593 2787 ταῖς
1644 2720 1953 2791 κρείττοσιν

372 2814 405 2888 ἢ
436 2815 555 2869 κατ’
580 2814 681 2887 ἑμδ
709 2815 1010 2885 θεολογίαις
1050 2816 1245 2887 παρεὶς
1267 2854 1287 2881 ,
1333 2814 1728 2887 προσαγορεύω
1762 2831 1820 2867 σε
1852 2814 1954 2886 τὴν

366 2905 774 2979 κεχαρισμένην
822 2904 944 2977 Θεῷ
981 2905 1075 2961 καὶ
1108 2907 1233 2961 λίαν
1274 2904 1653 2978 πεφιλημένην
1686 2904 1951 2976 κεφαλήν.

362 2984 534 3071 Χαίρὲ
555 3014 674 3069 μοι,
693 2998 805 3053 τῶν
826 2997 1142 3053 ἀποστόλων
1163 2998 1572 3070 σεϐασμιιὶιτατε
1601 2998 1698 3052 καὶ
1724 2998 1953 3067 ἀξιομα·

365 3090 755 3161 καριστότατε.
784 3090 980 3162 Χαῖρε,
1001 3090 1084 3147 ὅτι
1120 3090 1183 3145 τδ
1212 3091 1322 3144 τῶν
1363 3091 1665 3161 χρημάτων
1699 3088 1955 3145 τελώνιον

364 3180 443 3243 ὡς
469 3180 627 3250 ἆτος,
657 3181 738 3243 ὡς
768 3180 988 3253 μίασμα
1026 3180 1369 3245 καταλιπὼν,
1414 3180 1516 3254 τὴν
1536 3180 1648 3236 τῶν
1679 3182 1957 3254 χαρισμά-

1979 3227 2026 3290 C

2060 602 2246 663 gesta,
2299 604 2617 665 quantaque
2672 597 3023 655 sermonibus
3082 600 3353 659 lahiorurn
3413 621 3645 665 munere

2054 686 2460 757 prodeuntibus
2500 687 2689 745 divine
2735 700 3079 763 angusteque
3116 693 3324 751 docens
3359 695 3644 755 Christum

2058 776 2484 845 clariﬁcaverit,
2530 794 2596 834 ac
2649 792 2852 851 quanta
2916 798 3017 854 per
3067 784 3335 855 Spiritum
3393 777 3642 846 omnium

2056 870 2404 928 conditorem
2455 888 2720 944 operans,
2750 890 2956 947 eosque
3000 877 3069 933 ad
3110 894 3249 949 quos
3296 896 3423 937 eum
3471 885 3645 954 gratia

2055 963 2448 1021 amandaverat
2484 966 2539 1021 in
2572 975 2855 1039 stuporem
2890 985 3089 1041 agens,
3116 972 3288 1028 Deum
3323 977 3644 1047 magniﬁca-

2056 1056 2199 1111 verit
2224 1072 2237 1110 :
2262 1058 2733 1128 quemadmodum
2760 1062 2926 1117 etiam
2952 1062 3020 1117 ad
3049 1072 3354 1120 extremum
3383 1068 3648 1139 Hierapo-

2058 1146 2154 1201 lim
2190 1147 2362 1220 Syria:
2390 1152 2639 1216 veniens,
2667 1153 3027 1226 confertaque
3058 1156 3343 1212 hominum
3377 1161 3645 1216 concione

2054 1238 2243 1296 Iesum
2278 1241 2544 1308 laudans,
2570 1243 2885 1315 divinisque
2926 1248 3413 1318 praedicationibus
3443 1252 3645 1309 eximie

2055 1332 2341 1391 Christum
2374 1336 2685 1401 celebrans,
2716 1348 2882 1409 atque
2913 1354 3012 1395 eos
3040 1340 3137 1411 qui
3172 1356 3271 1411 per
3304 1342 3485 1413 ipsum
3516 1358 3642 1401 crc-

2057 1426 2353 1492 didissent,
2376 1429 2612 1484 Domino
2636 1428 2965 1501 adiungens,
2991 1441 3348 1505 sanctamque
3372 1443 3429 1491 et
3454 1435 3645 1491 imma—

2054 1520 2296 1576 culatam
2332 1521 2635 1578 Ecclesiam
2680 1533 3003 1591 esstruens;
3044 1524 3212 1595 inque
3249 1542 3376 1582 eum
3422 1527 3645 1584 modum

2056 1624 2281 1675 sancte,
2304 1620 2363 1668 et
2397 1622 2459 1668 ut
2489 1614 2612 1685 ejus
2640 1613 2871 1686 dignum
2904 1624 3025 1671 crat
3047 1616 3362 1683 vocatione,
3390 1617 3488 1673 Dei
3517 1618 3646 1675 fun-

2057 1714 2182 1759 ctus
2208 1702 2492 1777 martyrio,
2517 1705 2585 1760 ad
2617 1705 2822 1777 Regem
2852 1722 3014 1762 suum
3043 1716 3100 1764 et
3122 1708 3415 1765 Dominum
3446 1710 3647 1768 Deum-

2056 1812 2167 1866 que
2209 1797 2492 1867 profectus
2532 1799 2632 1866 sit;
2669 1800 2823 1855 velut
2854 1799 3078 1871 quidem
3123 1803 3309 1859 tunica
3349 1813 3541 1860 sancto
3581 1821 3648 1865 ac

2057 1890 2358 1946 venerabili
2404 1891 2659 1962 deposito
2702 1909 2970 1964 corpore,
3005 1895 3283 1951 caelestem
3319 1912 3452 1955 vero
3497 1899 3648 1954 intus

2056 1983 2283 2039 indutus
2324 1983 2631 2039 claritatem
2673 1993 2842 2055 atque
2886 1986 3182 2054 honorem;
3228 1988 3398 2060 inque
3443 1990 3648 2062 gaudio

2055 2076 2417 2132 inenarrabili
2476 2085 2533 2131 et
2586 2077 2930 2149 gloriﬁcato,
2976 2080 3125 2134 omni
3184 2082 3429 2137 cmlitum
3489 2100 3647 2139 sacro

2055 2168 2361 2238 principatu
2407 2184 2607 2239 pompa
2650 2170 2860 2226 mundo
2905 2173 3182 2241 superiori
3228 2173 3539 2230 deducentc
3580 2192 3647 2231 ac

2053 2260 2334 2331 stipante,
2382 2261 2561 2317 vultui
2612 2263 2917 2335 magniﬁcae
2964 2264 3153 2335 gloriae
3197 2281 3383 2322 coram
3431 2269 3545 2324 Deo
3588 2269 3646 2324 in

2053 2350 2276 2408 Christo
2340 2351 2475 2409 Jesu
2531 2357 2916 2424 appariturus,
2972 2355 3254 2427 ingressus
3308 2358 3438 2415 sit:
3481 2376 3647 2431 quem

2059 2454 2114 2499 et
2140 2460 2402 2500 coronam
2443 2445 2632 2517 gloria:
2668 2454 2727 2501 et
2766 2445 3152 2504 indumentum
3192 2448 3644 2522 incorruptionis,

2057 2538 2339 2608 vitamque
2359 2545 2625 2594 aeternam
2654 2551 2721 2595 ac
2746 2553 2975 2612 regnum
3001 2541 3386 2600 inconcussum
3410 2546 3648 2618 adeptus

2059 2628 2225 2683 est“.

2130 2716 2254 2775 Haec
2281 2716 2542 2774 nimirum
2570 2718 2753 2774 omnia
2782 2718 3135 2776 historiarum
3161 2726 3556 2791 monumentis,
3580 2742 3648 2783 ac

2058 2807 2388 2879 potioribus,
2418 2825 2584 2880 quam
2626 2826 2725 2882 pro
2770 2827 2889 2867 mea
2935 2812 3194 2869 facultate
3234 2814 3438 2871 divinis
3480 2832 3643 2872 exor-

2061 2900 2244 2957 nanda
2274 2903 2628 2958 sermonibus
2657 2904 2867 2970 sinens,
2898 2904 2952 2959 in
2983 2906 3060 2960 tui
3091 2905 3337 2962 desinam
3365 2908 3649 2966 salutatio-

2058 3007 2208 3055 nem,
2229 2993 2340 3048 Deo
2362 3002 2575 3065 gratum
2595 3008 2660 3049 ac
2679 2994 2837 3049 valde
2864 2994 3102 3050 amicum
3131 3000 3325 3067 caput!
3360 2998 3520 3055 Salve
3546 3002 3644 3065 sis,

2064 3084 2443 3155 apostolorum
2476 3085 2987 3153 venerabilissime,
3014 3104 3080 3144 ac
3113 3090 3314 3147 merito
3346 3091 3648 3149 beatissimi

2063 3175 2228 3231 titulo
2266 3175 2639 3247 przedicamde.
2670 3177 2891 3244 Gaude,
2920 3180 3071 3247 quod
3126 3191 3387 3252 tanquam
3433 3185 3652 3255 piaculo

368 3288 478 3327 των
504 3272 641 3326 Θεοῦ
666 3272 1056 3346 πεπλοῦτηκας
1084 3274 1425 3344 περιουσίαν,
1459 3274 1555 3329 καὶ
1592 3271 1785 3344 ὥσπερ
1817 3273 1953 3329 ὁπο-

2064 3281 2127 3321 ιο
2173 3268 2651 3324 contaminatione
2700 3270 2896 3326 relicto
2949 3274 3313 3342 pecuniarum
3362 3276 3646 3346 portorio.

366 3365 625 3436 δείγματι
652 3365 764 3421 τῶν
810 3366 1157 3437 νοουμένων,
1203 3367 1274 3439 τῇ
1329 3366 1440 3421 τῶν
1483 3364 1778 3438 ὁρωμένων
1822 3381 1959 3437 χρη·

368 3459 607 3531 σάμενος
632 3460 882 3531 ἁρπαγῇ,
905 3460 1208 3525 εὐθυὸόλως
1228 3459 1367 3532 πρὸς
1394 3457 1494 3529 τὴν
1518 3458 1746 3513 ἐκείνων
1771 3456 1957 3527 λῆψιν,

367 3552 475 3606 εἴτ’
512 3549 608 3606 οὖν
650 3553 945 3624 ἐπαινετὴν
989 3552 1227 3625 ἔδραμες
1276 3552 1564 3623 ἀρπατήνο
1600 3550 1695 3605 καὶ
1721 3549 1962 3620 τοσούτῳ

364 3643 473 3715 τὴν
522 3642 811 3716 ἄμεμπτον
855 3644 1290 3716 ἱπλεονέκτησας
1350 3642 1684 3709 πλεονεξίαν,
1726 3643 1836 3711 ὅσῳ
1863 3641 1962 3711 τῆς

370 3738 649 3810 μωμητῆς
675 3737 1090 3809 ὖπερανέστηςσ
1120 3738 1338 3809 ἐκείνης
1388 3736 1447 3791 δὲ
1489 3734 1747 3792 τοσοῦτον
1786 3734 1962 3807 ἀπηλ-

365 3827 706 3906 λοτριώθης,
732 3830 859 3885 ὅσον
889 3831 1064 3902 ταύτῃ
1092 3829 1283 3900 σαφῶς
1309 3828 1755 3901 προσῳκειώθης.

442 4100 649 4171 Χαῖρε,
676 4101 883 4171 μάκαρ,
904 4100 1149 4154 αῦτόπτα
1170 4098 1272 4169 τῆς
1305 4096 1565 4167 ἀληθείας
1596 4097 1692 4149 καὶ
1722 4094 1959 4148 θεόπτα·

372 4194 403 4247 ὁ
426 4194 520 4247 τὸν
544 4192 814 4264 ἀτίμητον
842 4192 1114 4263 θησαυρὺν
1139 4190 1335 4261 εὑρὼν,
1372 4188 1448 4253 ὡς
1480 4188 1537 4241 ὲν
1561 4188 1719 4259 ἀγρῷ
1743 4190 1809 4259 τῇ
1832 4202 1964 4257 καρ-

376 4286 465 4357 δίᾳ
513 4284 766 4356 κρυφίως
798 4284 1311 4353 κατακεχωσμένον,
1362 4281 1460 4335 καὶ
1501 4281 1611 4334 ἀπὸ
1658 4280 1755 4349 τῆς
1793 4281 1966 4350 χαρᾶς

384 4376 670 4441 ἀπελθὼν,
706 4376 801 4430 καὶ
834 4377 1014 4430 πάντα
1042 4375 1143 4428 ὃσα
1188 4371 1333 4444 εἶχες
1381 4370 1701 4445 πεπραχὼς,
1745 4373 1839 4426 καὶ
1878 4372 1969 4424 τὸν

398 4470 554 4537 ἀτρδν
605 4470 939 4540 ἐωνημένος,
1001 4469 1090 4523 διὰ
1145 4470 1239 4523 τὸν
1289 4471 1348 4521 ὲν
1384 4467 1535 4537 αὐτῷ
1588 4465 1969 4536 κεκρυμμένον

2059 3356 2333 3414 donorum
2359 3359 2455 3416 Dei
2482 3360 2791 3425 substantia
2823 3362 3071 3434 locuples
3101 3365 3351 3431 evasisti,
3381 3366 3649 3439 velutqne

2060 3465 2257 3507 eorum
2282 3466 2407 3523 quae
2436 3453 2624 3509 animo
2653 3453 3042 3521 intelliguntur
3065 3457 3339 3528 exemplo,
3366 3474 3554 3513 rerum
3592 3460 3651 3515 in

2063 3551 2349 3613 aspectum
2400 3544 2721 3601 cadentium
2774 3549 2966 3619 rapina
3016 3563 3185 3613 usus,
3235 3558 3391 3606 recta
3434 3550 3502 3607 ad
3557 3552 3651 3609 illa

2063 3636 2333 3707 capienda
2402 3637 2773 3708 (laudabilem
2838 3640 3051 3697 scilicet
3107 3658 3301 3697 eorum
3364 3642 3651 3715 rapinam)

2067 3730 2363 3786 cucurristi
2393 3748 2407 3785 :
2444 3741 2711 3803 tantoque
2736 3734 2961 3790 innoxia
2990 3735 3082 3791 illa
3110 3736 3236 3806 plus
3262 3737 3499 3792 habendi
3528 3737 3656 3794 libi-

2065 3822 2195 3879 dine
2228 3822 2413 3881 vicisti
2441 3867 2456 3890 ,
2491 3835 2700 3895 quanto
2732 3826 2994 3897 culpabili
3028 3828 3303 3885 emet-sisti
3340 3847 3357 3886 :
3392 3839 3656 3902 tantoque

2068 3913 2139 3969 ab
2171 3912 2276 3968 hac
2312 3913 2486 3985 magis
2526 3915 2802 3991 alienatus
2838 3916 3070 3972 avaritia
3104 3934 3193 3984 cs,
3226 3930 3435 3991 quanto
3477 3926 3532 3975 te
3573 3920 3655 3976 illi

2070 4014 2262 4076 aperte
2290 4005 2608 4063 devinxisti.

2141 4097 2304 4155 Salve
2337 4100 2435 4160 sis.
2481 4100 2662 4166 beate,
2708 4102 2802 4172 qui
2840 4101 2974 4172 ipsis
3006 4102 3183 4158 oculis
3211 4104 3498 4160 veritatem
3528 4119 3657 4176 spe-

2071 4192 2257 4256 ctasti,
2294 4207 2358 4246 ac
2396 4192 2568 4248 Deum
2600 4193 2785 4248 vidisti
2821 4212 2835 4249 :
2872 4194 2967 4263 qui
3000 4194 3161 4266 longe
3195 4196 3657 4265 pretiosissimum

2076 4284 2399 4338 thesaurum
2423 4286 2575 4341 velut
2604 4286 2657 4340 in
2688 4301 2842 4355 agro,
2863 4286 2920 4340 in
2945 4286 3112 4341 corde
3136 4287 3351 4342 occulte
3379 4287 3658 4343 defossum

2075 4372 2364 4436 invenisti,
2410 4386 2473 4428 ac
2525 4390 2638 4443 prae
2691 4375 2891 4445 gaudio
2939 4375 3180 4441 vadens,
3235 4392 3360 4447 quae
3410 4378 3658 4434 habebas

2074 4466 2261 4521 omnia
2282 4466 2604 4535 vendidisti,
2633 4484 2937 4539 agrumque
2966 4478 3192 4539 propter
3215 4470 3477 4525 latentem
3509 4470 3564 4525 in
3592 4486 3661 4525 eo

404 4562 653 4633 θησαυρόν
672 4577 688 4593 ⁸
722 4562 823 4616 καλ⁷
864 4563 926 4616 οὺ
958 4560 1120 4631 μόνος
1147 4561 1240 4616 τοῦ
1271 4559 1538 4629 ἀμιάντου
1572 4557 1959 4613 καταπολαύων

2074 4559 2393 4615 thesaurum
2440 4561 2690 4617 coemisti
2716 4563 2756 4593 ¹¹
2799 4578 2813 4615 :
2860 4577 2965 4617 nec
3010 4561 3164 4616 solus
3208 4561 3662 4619 incontaminatis

400 4654 637 4723 πὶούτου,
689 4654 808 4711 ἀλλ’
860 4655 927 4709 ἐκ
964 4653 1059 4708 τοῦ
1111 4653 1213 4725 τῆς
1261 4652 1488 4723 καρδίας
1531 4651 1971 4722 περισσεύματος

386 4750 483 4812 τὰς
512 4750 637 4815 ὅλας
659 4749 965 4813 πλουτίζων
998 4747 1105 4800 τῶν
1127 4745 1436 4818 ἀνθρώπων
1466 4746 1681 4812 γενεάς.

452 4840 668 4911 Χαῖρε,
723 4840 807 4895 ὅτι
842 4838 1059 4910 πρῶτος
1090 4838 1253 4902 αὐτὰς
1294 4836 1389 4891 τοῦ
1434 4837 1792 4909 Παρακλήτου
1836 4853 1968 4891 κατ-

409 4934 579 5003 έστης
606 4930 994 5002 ὑπογραφεύς’
1022 4930 1234 5001 πρῶτος
1271 4930 1370 4999 τὴν
1409 4929 1671 4999 ἀλήθειαν
1714 4922 1790 4982 ὧν
1834 4931 1969 4997 ἀκή-

376 5040 513 5086 κοας
546 5021 1031 5094 θεορρημοσυνῶν,
1065 5016 1141 5075 ὧν
1169 5021 1419 5092 ἑώρακας
1453 5019 1875 5089 ἱεροτελεστιῶν.
1904 5020 1965 5070 οὐ

381 5118 591 5186 μόναις
636 5117 858 5185 ἔκρινας
908 5113 1199 5167 πιστεῦσαι
1252 5113 1360 5166 τῶν
1407 5111 1712 5183 ἀνθρώπων
1749 5111 1970 5174 ἀκοαῖς·

374 5212 495 5265 ἀλλ’
526 5208 863 5279 εῦλαὸήθης,
896 5209 973 5278 μὴ
1003 5206 1082 5277 τῷ
1118 5207 1296 5277 χρόνῳ
1336 5206 1403 5259 τά
1433 5204 1552 5259 θεῖα
1580 5204 1829 5275 νοθευθῇ,
1879 5204 1973 5257 καὶ

378 5307 445 5356 si
478 5300 708 5372 καθαρὰ
738 5299 992 5374 ῥυπωθῇ,
1022 5299 1118 5353 καὶ
1148 5301 1217 5353 τὰ
1252 5300 1385 5368 ἅγια
1423 5297 1703 5368 βεόηλωθῇ
1726 5311 1741 5326 ο
1774 5295 1854 5347 διὸ
1881 5295 1974 5348 καὶ

386 5396 617 5465 βιϐλίοις
670 5394 1045 5465 ἐγγραφῆναι,
1095 5392 1192 5447 καὶ
1241 5395 1309 5464 τῇ
1344 5392 1639 5463 οἰκουμένῃ
1677 5404 1974 5459 παραπεμ-

390 5488 627 5557 φθῆναι,
676 5487 776 5539 καὶ
833 5486 913 5547 εἰς
958 5483 1206 5549 ἅπαντας
1243 5483 1415 5546 οὕτως
1463 5481 1637 5535 ἐλθεῖν
1667 5482 1728 5534 τὸ
1771 5478 1976 5549 ὑψηλὸν

399 5579 729 5650 Εὖαγτέλιον
759 5578 1166 5648 ἀταθοπρεπῶς
1195 5577 1290 5633 καὶ
1316 5574 1589 5645 ἀφθόνως,
1619 5573 1694 5637 ὡς
1719 5572 1817 5626 τοῦ
1841 5575 1980 5642 ἀγα-

393 5670 482 5727 θοῦ
509 5672 682 5746 μόνου
708 5670 899 5736 πιστὸς
930 5668 1231 5744 ὑπηρέτης,
1252 5666 1608 5739 ἐδοκίμασας,
1636 5665 1712 5730 ὡς
1745 5662 1815 5719 ἂν
1844 5663 1979 5718 πᾶν·

462 5858 552 5918 ⁸⁸1
582 5858 734 5916 Pctr.
758 5871 799 5917 ι,
824 5853 889 5919 8;
918 5852 1084 5909 llebr.
1113 5868 1189 5915 ix,
1209 5849 1302 5908 2i.
1338 5816 1341 5819 Ι
1380 5850 1420 5883 ¹¹
1446 5849 1642 5907 Matth.
1666 5865 1784 5916 xm,
1812 5848 1899 5905 Η.

698 5952 974 6014 Pareas.
1026 5949 1144 6010 Gn.
1178 5946 1276 6007 CV
1291 5991 1305 6003 .

2075 4650 2289 4707 divitiis
2327 4651 2553 4719 frueris,
2586 4653 2681 4708 sed
2727 4668 2796 4708 ex
2839 4653 3024 4709 cordis
3060 4653 3396 4710 abundantia
3434 4666 3663 4712 cunctas

2076 4743 2359 4799 hominum
2391 4756 2581 4801 aetates
2613 4745 2723 4801 illis
2752 4745 3072 4817 impartiris.

2148 4831 2307 4888 Salve
2345 4834 2441 4898 sis,
2474 4835 2620 4903 quod
2655 4834 2866 4902 primus
2901 4836 3017 4905 ipse
3049 4836 3333 4892 Paracleto
3364 4852 3397 4893 a
3429 4839 3659 4894 secretis

2074 4927 2353 4983 exstitisti.
2382 4930 2595 4983 Primus
2618 4929 2957 4993 divinorum,
2982 4944 3122 4998 quos
3148 4930 3424 4997 audieras,
3450 4946 3663 4987 sermo-

2077 5034 2212 5073 num
2261 5019 2585 5085 veritatem,
2621 5034 2714 5084 ac,
2748 5034 2870 5089 quae
2911 5017 3156 5084 videras,
3192 5030 3661 5076 sacramentorum

2084 5110 2281 5173 ﬁdem.
2333 5111 2465 5167 solis
2517 5111 2801 5166 hominum
2848 5110 3077 5166 auribus
3125 5111 3464 5167 condendam
3514 5111 3663 5165 haud

2079 5205 2323 5277 putasti;
2369 5205 2465 5261 scd
2506 5206 2717 5261 veritus
2757 5220 2819 5261 es
2860 5219 2930 5261 ne
2971 5203 3157 5259 divina
3199 5203 3466 5274 temporis
3508 5204 3663 5274 lapsu

2081 5299 2547 5363 adulterarentur,
2567 5314 2632 5356 ac
2648 5314 2785 5369 pura
2805 5296 3340 5357 contaminarentur,
3365 5306 3664 5366 sanctaque

2085 5388 2528 5460 profanarentur.
2554 5389 2923 5457 Quamobrem
2952 5387 3117 5444 etiam
3149 5396 3211 5443 ut
3235 5388 3392 5443 libris
3424 5386 3666 5444 conscri-

2087 5488 2243 5552 ptum
2278 5481 2331 5537 in
2362 5482 2553 5537 orbem
2586 5481 3074 5545 transmitteretur,
3101 5488 3265 5549 atque
3301 5478 3355 5532 in
3386 5494 3511 5533 eum
3543 5492 3666 5533 mo-

2085 5571 2218 5626 dum
2260 5571 2330 5628 ad
2373 5588 2566 5630 omnes
2608 5574 2825 5629 veniret
2864 5571 3098 5628 sublime
3126 5570 3505 5643 Evnngelium,
3538 5569 3665 5624 boni

2086 5664 2273 5722 indole
2316 5679 2381 5721 ac
2428 5664 2548 5722 sine
2597 5665 2836 5731 invidia,
2870 5673 3129 5735 tauquam
3180 5662 3329 5718 illius
3373 5661 3469 5733 qui
3514 5659 3668 5714 solus

3192 5940 3229 6004 8
