4156 6282
439 385 549 451 239

1663 359 1960 424 ΝΙΟΕΤιΈ
2002 356 2443 418 PAPHLAGON
2455 355 2529 417 IS

3631 352 3742 417 240

441 500 618 562 tione,
652 490 917 562 nulloque
943 485 1265 545 discrimine
1291 480 1537 554 polleat;
1585 477 1682 548 qui
1732 486 1918 531 tamen
1963 471 2034 527 ab

2149 470 2574 542 ὶπαραλλάκτως
2617 466 3030 534 καταπλουτῶν,
3055 465 3164 522 ἀπὸ
3186 467 3323 539 »μιᾶς
3355 464 3412 522 δὲ
3432 465 3503 540 ἢν
3528 466 3741 535 ἐκεῖνος

445 606 556 644 una
583 600 710 641 cum
736 583 931 655 primis
971 579 1288 636 celebretur
1315 590 1378 630 ac
1405 573 1734 635 innotescat,
1762 583 1870 638 qua
1901 565 2032 621 reli-

444 681 573 750 quis
591 676 969 734 abundantius
1003 671 1196 737 fulsit;
1244 668 1440 724 Simon
1485 671 1856 734 cognomento
1879 657 2041 713 Zelo-

446 782 552 836 tes,
579 768 695 840 pari
721 766 983 822 nimirum
1019 761 1216 833 primis
1244 759 1453 829 pietate
1489 755 1545 810 in
1588 752 1882 809 Dominum
1933 764 2039 803 no-

449 862 721 924 bilitatus.
755 858 852 931 qui
897 868 1079 912 tamen
1115 852 1308 926 majori
1354 847 1591 920 reliquis
1617 847 1835 901 fervore
1870 857 2040 896 orua~

448 968 558 1020 tus,
588 955 692 1010 rite
721 953 938 1009 Zelotes
962 949 1040 1019 (id
1070 959 1176 1009 est,
1203 944 1516 1008 aemulator)
1546 939 1756 994 audiat.
1813 936 1868 990 ld
1892 935 2040 989 enim

445 1058 533 1104 est
559 1048 711 1103 zelus
749 1060 847 1100 seu
884 1041 1186 1103 :emulatio,
1216 1050 1414 1107 nempe
1457 1034 1642 1088 fervor
1670 1046 1795 1088 cum
1826 1028 2041 1084 ratione

448 1155 694 1211 sanoque
729 1136 962 1193 consilio
1007 1131 1236 1188 honoris
1289 1126 1386 1184 Dei
1415 1139 1582 1180 causa
1627 1135 1917 1183 accensus.
1974 1132 2042 1173 ac

451 1235 578 1288 ﬁdei
607 1209 865 1286 tutamen
899 1235 1225 1293 certumque
1267 1216 1584 1291 praesidium
1619 1223 1909 1285 prarstans.
1939 1209 2042 1265 Hic

449 1342 554 1381 nos
577 1325 742 1379 hodie
795 1322 947 1377 claro
995 1316 1273 1389 praeconio
1322 1310 1546 1381 lenique
1595 1323 1662 1363 ac
1703 1305 1922 1378 placido
1971 1303 2040 1359 ad

451 1418 712 1484 mysticus
756 1412 956 1469 invitat
982 1409 1175 1480 epulas
1205 1425 1219 1460 :
1258 1419 1429 1474 seque
1465 1402 1584 1471 ipse
1630 1406 1892 1469 tanquam
1917 1395 2042 1466 Opi-

450 1525 640 1583 param
666 1523 730 1563 ac
767 1502 1115 1578 splendidam
1152 1512 1395 1553 mensam
1433 1507 1737 1564 apponens,
1772 1501 2043 1558 suamque

449 1582 697 1663 crucem,
731 1612 796 1652 ac
821 1594 1026 1667 quibus
1052 1590 1300 1647 cruciﬁxi
1332 1600 1501 1642 causa
1535 1582 1759 1638 functus
1779 1590 1886 1644 est,
1918 1595 2042 1635 cru.

449 1697 724 1751 ciamenta
756 1697 1015 1759 recteque
1039 1687 1179 1741 facta
1210 1698 1274 1738 ac
1303 1680 1539 1735 virtutes
1570 1676 1723 1731 velut
1752 1676 2044 1729 immorta-

451 1786 532 1840 les
563 1783 735 1854 dapes
763 1780 1026 1843 oder-ens,
1083 1774 1345 1830 convivas
1379 1783 1512 1824 suos
1542 1781 1708 1839 quam
1732 1765 2042 1822 lautissime

450 1877 653 1948 accipit
677 1890 745 1932 ac
771 1872 961 1928 habet.

520 1970 656 2038 Quis
676 1983 788 2023 non
820 1965 990 2038 igitur
1033 1969 1236 2033 praesto
1285 1958 1352 2014 ad
1406 1957 1814 2014 solemnitatem
1847 1967 2045 2010 occur—

451 2065 574 2122 rat?
628 2061 764 2131 Quis
818 2061 891 2115 ita
938 2057 1148 2128 segnis,
1192 2054 1268 2111 ita
1313 2052 1597 2125 negligens
1643 2064 1710 2105 ac
1755 2061 2040 2108 morosus;

450 2158 647 2231 quisve
676 2155 757 2212 sic
782 2152 966 2208 mollis
995 2148 1276 2218 animique
1293 2146 1534 2210 solutus,
1561 2152 1622 2200 ut
1645 2141 1872 2198 delicias
1897 2139 2046 2209 ejus-

452 2249 627 2317 modi,
655 2259 720 2305 ut
746 2255 952 2302 tantam
978 2241 1388 2315 iucunditatem
1413 2238 1690 2307 talemque
1723 2233 2046 2290 convivato-

453 2361 573 2402 rem
608 2336 1037 2410 contempserit?
1069 2334 1166 2406 qui
1189 2337 1406 2404 {nempe
1434 2330 1605 2386 iﬁlius
1640 2327 1886 2383 hominis
1914 2339 2044 2381 cum

451 2445 624 2503 esset,
655 2451 728 2490 ac
751 2433 962 2490 bonam
1016 2428 1261 2484 animam
1311 2424 1545 2482 sortitus
1594 2420 1811 2486 fuisset,
1866 2433 2043 2489 usque

452 2535 594 2590 adeo
622 2537 880 2599 tantaque
905 2521 1191 2596 diligentia
1225 2519 1470 2591 scipsum
1498 2514 1768 2580 excoluit,
1795 2512 2044 2584 legisque

453 2621 804 2684 documentis
833 2634 899 2675 ac
926 2616 1118 2689 gratia
1137 2613 1355 2686 placitis
1376 2609 1633 2676 absolvit,
1662 2617 1724 2666 ut
1756 2606 1856 2664 Dei
1895 2606 2045 2663 ﬁlius

454 2719 769 2776 efﬁceretur
791 2727 858 2769 ac
891 2708 1308 2764 esistimaretur
1338 2703 1407 2759 ".

526 2811 708 2868 Vultis
761 2815 820 2863 et
868 2802 1179 2874 disciplina:
1231 2796 1482 2860 modum,
1529 2809 1642 2866 quo
1695 2792 1765 2850 ad
1824 2793 2042 2849 Patrem

455 2919 618 2963 suum
643 2909 941 2975 provectus
976 2902 1084 2961 est,
1113 2892 1366 2950 discere?
1403 2890 1612 2946 Praesto
1659 2901 1784 2943 sum
1816 2894 1880 2942 ut
1906 2901 2047 2956 pau-

455 3001 540 3055 cis
570 2996 844 3054 referam:
887 3005 954 3046 ac
986 3000 1174 3058 quaeso
1195 2999 1400 3041 ‘aurem
1431 2982 1696 3039 solertem
1728 2989 1896 3050 atque
1922 2977 2047 3033 ani-

457 3109 612 3152 mum
645 3086 1082 3147 accommodate.
1115 3080 1214 3137 Ille
1239 3077 1501 3133 nimirum
1531 3072 1808 3144 morigero
1852 3069 2047 3126 auditu

2144 566 2254 620 τῶν
2281 567 2503 620 πάντων
2533 563 2942 637 περισσοτέρως
2969 562 3380 633 κατωρθώσατο
3398 561 3743 635 γνωριζόμε-

2142 678 2254 724 νος.
2289 661 2475 731 Σίμων
2498 660 2529 713 δ
2557 657 2894 730 καλούμενος
2936 657 3199 727 Ζηλωτής
3218 673 3233 688 ο
3266 655 3466 728 ἐπίσης
3495 656 3596 726 μὲν
3627 659 3743 722 τοῖς

2142 751 2383 824 πρώτοις
2405 753 2474 824 τῇ
2511 753 2593 816 είς
2615 750 2710 804 τδν
2745 748 2952 823 Κύριον
2999 748 3257 822 εύσεὸείᾳ
3291 750 3699 822 σεμνυνόμενος
3721 765 3740 783 ⁸

2141 845 2349 900 πλείονι
2374 846 2433 900 δὲ
2457 844 2567 900 τῶν
2598 845 2774 900 ἄλλων
2788 843 3089 917 θερμότητι
3115 841 3515 912 κοσμούμενος,
3549 844 3739 899 εὐστόρ

2141 956 2253 1011 χως
2281 938 2547 1010 κέκληται
2575 938 2863 1008 Ζηλωτήςο
2904 936 3061 990 τοῦτο
3095 937 3208 1009 γὰρ
3245 937 3432 1008 ζῆλος,
3457 938 3736 1009 θερμότης

2141 1033 2286 1088 κατὰ
2308 1031 2654 1103 εὐλογιστίας
2691 1032 2831 1102 ὑπὲρ
2863 1032 2964 1102 τῆς
3003 1030 3100 1085 τοῦ
3134 1031 3274 1085 Θεοῦ
3302 1035 3471 1103 τιμῆς
3496 1033 3739 1088 hamo.-

2144 1127 2304 1198 μένη,
2327 1127 2423 1180 καὶ
2452 1127 2520 1198 τῇ
2560 1125 2742 1179 πίστει
2789 1124 2852 1178 τὸ
2883 1124 3126 1195 ἀσφαλὲς
3155 1124 3536 1198 παρεχομένη.
3563 1119 3739 1191 οὗτος

2140 1219 2292 1288 ἡμᾶς
2331 1219 2574 1289 σήμερον
2634 1215 2946 1287 διαπρυσίῳ
2997 1216 3319 1287 κηρύγματι
3382 1217 3481 1271 καὶ
3528 1218 3743 1289 ἠσυχίῳ

2141 1312 2279 1384 πρὸς
2318 1309 2589 1383 μυστικὴν
2627 1310 2956 1366 πανδαισίαν
2999 1309 3291 1378 συγκαλεῖ·
3331 1309 3607 1364 ἒαυτδνδὶ
3637 1327 3742 1365 πο-

2143 1402 2335 1473 λυτελῆ
2371 1405 2465 1456 καὶ
2492 1404 2690 1475 νοερὰν
2731 1401 3017 1472 τράπεζαν
3063 1401 3346 1474 προτιθείς
3373 1419 3385 1434 ·
3423 1401 3520 1456 τὸν
3568 1401 3740 1456 αὑτοῦ

2141 1496 2198 1550 δὲ
2222 1496 2476 1564 σταυρὸν,
2504 1495 2599 1548 καὶ
2620 1495 2690 1549 τὰ
2710 1493 2854 1565 ὑπὲρ
2875 1493 2972 1549 τοῦ
2997 1493 3418 1565 ἐσταυρωμένον
3434 1491 3740 1562 παθήματα

2144 1589 2243 1644 καὶ
2275 1589 2590 1662 ἀνδραγαθή
2600 1606 2750 1659 ματα
2782 1588 2935 1643 ὥσπε
2945 1605 2977 1661 ρ
3007 1590 3115 1657 dxi,»
3126 1604 3264 1658 ρατα
3293 1585 3740 1659 προϐαλλόμενος

2146 1683 2441 1752 ἐδέσματα,
2481 1685 2539 1736 ὲν
2569 1681 2782 1744 τούτοις
2805 1682 2938 1744 τοὺς
2996 1680 3164 1736 αὐτοῦ
3204 1679 3537 1750 δαιτύμονας
3587 1680 3737 1751 λαμο

2150 1776 2305 1849 πρῶς
2328 1778 2409 1832 ὅτι
2446 1775 2682 1847 μάλιστα
2713 1775 2983 1841 δεξιοῦται
3005 1775 3102 1830 καὶ
3135 1773 3526 1846 φιλοτιμεῖται.

2215 1951 2314 2016 Τίς
2340 1950 2434 2005 οῦν
2474 1951 2574 2004 οὐκ
2600 1951 2904 2020 ἀπαντήσει
2952 1951 3090 2024 πρὸς
3120 1952 3223 2023 τὴν
3251 1952 3599 2025 πανήγυρινς
3631 1953 3733 2019 τίς

2142 2041 2288 2098 οὕτω
2334 2044 2599 2117 ῥᾴθυμος,
2626 2042 2804 2110 οὕτως
2833 2044 3043 2116 ἀμελής
3082 2062 3144 2100 τε
3185 2043 3282 2100 καὶ
3323 2045 3731 2119 ὕπεροτιτικόςς

2143 2136 2228 2200 τίς
2257 2134 2316 2190 δὲ
2339 2135 2564 2208 ’χαῦνος
2591 2134 2738 2192 οὕτω
2793 2138 2890 2192 καὶ
2940 2122 3430 2212 ἐκλελυμένοςηῦς
3478 2139 3737 2212 τοιαύτης

2144 2228 2380 2301 τρυφῆς,
2410 2230 2668 2301 τοιαύτης
2697 2231 3063 2304 τερπνότητος
3087 2233 3184 2288 καὶ
3213 2232 3533 2305 ἑστιάτορος
3553 2235 3733 2289 τοιού-

2143 2338 2240 2376 του
2267 2321 2638 2393 παραμελείνς
2689 2323 2749 2388 ὃς
2791 2324 2918 2389 Υίδς
2959 2323 3036 2378 ὢν
3065 2324 3384 2396 ἀνθρώπου,
3427 2329 3526 2385 καὶ
3562 2328 3742 2402 ψυχῆς

2143 2412 2324 2485 λαχὼν
2351 2414 2587 2484 ἀγαθῆς,
2622 2414 2716 2468 ἐπὶ
2765 2414 3024 2471 τοσοῦτον
3071 2416 3268 2473 ἑαυτὸν
3300 2419 3368 2473 δι’
3415 2420 3742 2491 ἐπιμελείας

2146 2506 2509 2579 ιξησκήσατο,
2549 2508 2644 2564 καὶ
2670 2508 2763 2563 τοῦ
2799 2509 2969 2580 νόμου
2996 2512 3112 2574 τοῖς
3142 2512 3605 2583 παραγγέλμασι,
3647 2517 3741 2570 καὶ

2144 2603 2258 2665 τοῖς
2285 2602 2382 2673 τῆς
2412 2602 2633 2675 χάριτος
2661 2602 2900 2674 δόγμασι
2917 2605 3272 2677 κατήρτιστο,
3307 2607 3384 2672 ὡς
3407 2607 3541 2664 Υίὸν
3567 2627 3742 2665 κατα-

2148 2695 2340 2766 στῆναι
2362 2697 2462 2750 καὶ
2489 2695 2809 2768 λογισθῆναι
2849 2697 3012 2754 Θεοῦ.

2219 2787 2488 2842 Βούλεσθε
2533 2790 2630 2843 καὶ
2667 2789 2760 2844 τὸν
2797 2791 3001 2863 τρόπον
3040 2791 3144 2864 τῆς
3172 2792 3528 2866 ἀναγωγικῆς
3565 2795 3736 2850 αὑτοῦ

2148 2880 2288 2951 πρὸς
2331 2881 2424 2934 τὸν
2473 2878 2693 2954 Πατέρα
2744 2885 3025 2950 πολιτείας
3057 2886 3279 2955 μαθείνς
3315 2886 3581 2959 Ἕτοιμος
3611 2888 3736 2944 επι-

2148 2976 2338 3043 τεμεῖν
2360 2973 2505 3042 ἐγώ·
2537 2977 2631 3029 καί
2668 2993 2760 3047 μοι
2801 2978 3020 3034 συνετὸν
3058 2979 3154 3045 οῦς
3174 2981 3273 3035 καὶ⁵
3317 2979 3561 3037 διάνοιαν
3602 2981 3734 3036 ὐποο

2153 3068 2321 3136 σχεῖν.
2365 3065 2604 3132 Ἐκεῖνος
2640 3069 2780 3140 ἀκοῇ
2817 3069 2917 3140 μὲν
2947 3071 3213 3137 εὐπειθεϊ,
3243 3071 3520 3146 διανοίᾳδὶ
3542 3076 3733 3146 πιστῇ,
3834 3103 3839 3106 -

457 3201 524 3244 ac
554 3183 703 3240 ﬁdeli
736 3186 924 3237 mente
955 3177 1143 3232 divina
1169 3171 1423 3234 edoctus,
1483 3168 1913 3238 intelligensque
1943 3164 2044 3219 Do-

2151 3157 2219 3211 τὰ
2261 3157 2424 3244 ἔνθεα
2458 3157 2617 3227 λόγια
2650 3159 2746 3214 τοῦ
2802 3162 3008 3234 Κυρίου
3043 3162 3272 3231 συνιεὶς,
3326 3165 3425 3219 καὶ
3474 3165 3739 3237 νηπιόθεν

458 3279 597 3336 mini
634 3274 880 3338 oracula,
912 3279 1078 3340 atque
1128 3267 1246 3322 hac
1267 3280 1298 3318 a
1339 3276 1518 3335 puero
1546 3261 1602 3316 in
1633 3259 1882 3315 animum
1911 3271 2048 3312 con-

457 3384 676 3444 gerens,
729 3366 998 3422 hactenus
1049 3357 1274 3432 quidem
1319 3370 1423 3410 ceu
1452 3351 1767 3407 rudimento
1803 3348 1923 3419 lege
1962 3346 2050 3402 in-

458 3439 836 3525 stituebatur;
870 3452 1300 3520 caritatibusque
1321 3441 1821 3520 justiﬁeationibus
1853 3455 1919 3498 ac
1948 3439 2047 3496 lit-

461 3568 594 3612 terte
647 3545 1052 3622 imperfectic-ni
1104 3555 1324 3598 tnuvans
1375 3551 1641 3610 operam,
1707 3533 1878 3622 inque
1940 3529 2050 3587 illis

457 3609 750 3707 exercens:
782 3641 849 3696 ad
883 3638 1072 3712 gratim
1105 3631 1503 3705 perfectionem
1535 3609 1975 3699 praeparabatur.

532 3738 674 3808 Quia
713 3749 847 3792 vero
904 3732 998 3804 qui
1051 3729 1293 3784 litteram
1346 3724 1644 3794 abrOgaret
1698 3726 1757 3775 et
1791 3717 2048 3790 spiritum

458 3835 895 3891 coiisummaret,
922 3832 1150 3881 venerat
1174 3838 1191 3876 :
1219 3835 1286 3874 ac
1303 3819 1546 3874 lucernae
1567 3813 1794 3885 quidem
1826 3809 2051 3867 lucendi

463 3939 682 3995 tempus
728 3925 1070 3981 excesserat,
1118 3913 1351 3987 iustitiae
1400 3919 1586 3966 autem
1615 3908 1706 3964 Sol
1748 3907 2047 3972 illuxerat;

461 4029 630 4088 atque
666 4013 850 4070 noctis
882 4028 942 4067 se
983 4006 1246 4063 maestitia
1295 4004 1667 4065 subducente,
1693 4002 1811 4074 iam
1862 4000 2053 4057 oriens

461 4122 710 4169 summos
746 4104 1016 4162 montium
1040 4103 1276 4156 vertices
1309 4096 1648 4164 illustrabat;
1681 4111 1793 4152 non
1813 4094 2052 4165 amplius

465 4201 658 4274 ﬁguris
695 4194 1020 4265 umbrisque
1045 4189 1301 4246 distineri
1335 4185 1641 4244 sustinuit:
1669 4202 1782 4241 non
1811 4193 1874 4241 ut
1896 4183 2054 4240 dein-

465 4310 598 4367 ceps
631 4290 927 4364 paedagogo
949 4285 1144 4342 aﬁixus
1186 4283 1375 4354 illique
1414 4280 1674 4336 assiduus
1711 4290 1878 4343 esset,
1917 4293 2054 4348 Ope-

467 4404 544 4443 rae
568 4383 807 4454 pretium
842 4379 1002 4436 duxit
1029 4395 1044 4432 :
1080 4375 1178 4431 sed
1212 4372 1368 4446 gravi
1397 4372 1492 4427 illo
1515 4373 1649 4444 jugo
1676 4370 1921 4427 humeris
1954 4384 2054 4424 ex-

465 4491 653 4542 cusso,
683 4476 875 4547 iugum
915 4467 1161 4541 magistri
1202 4481 1370 4522 suave
1406 4464 1700 4536 imposuit;
1755 4469 2056 4534 spretoque

2152 3251 2294 3307 αὐτὰ
2326 3251 2651 3324 συμϐάλλων
2695 3256 2763 3324 τῇ
2799 3253 3020 3327 καρδίᾳ,
3052 3256 3192 3322 τέως
3234 3258 3335 3328 μὲν
3375 3257 3742 3330 ἑστοιχειοῦτο

2149 3345 2231 3414 τῷ
2258 3343 2429 3416 νόμῳ,
2463 3343 2561 3399 καὶ
2588 3346 2702 3410 τοῖς
2727 3349 2828 3418 τῆς
2854 3325 3054 3420 σαρκὸς
3088 3325 3423 3421 δικαιῶμασι
3454 3325 3739 3426 παίδοτριέ

2152 3435 2438 3504 ϐούμενος,
2477 3437 2574 3492 καὶ
2601 3439 2670 3510 τῇ
2704 3436 2925 3512 ἀτελείᾳ
2960 3437 3057 3494 τοῦ
3082 3442 3417 3514 γράμματος
3452 3443 3738 3518 ἕγγυμνα-

2151 3527 2418 3598 ξάμενος,
2473 3529 2613 3603 πρὸς
2666 3529 2768 3604 τήν
2823 3533 2925 3604 τῆς
2961 3534 3187 3607 χάριτος
3225 3535 3544 3608 τελειότητα
3594 3555 3739 3612 παρη

2151 3622 2499 3688 εσκευάζετο.

2236 3713 2459 3786 Ἐπειδὴ
2508 3714 2563 3768 δὲ
2594 3718 2624 3772 ό
2667 3715 2762 3771 τοῦ
2812 3716 3144 3790 γράμματος
3189 3717 3466 3793 seems;
3511 3719 3605 3778 καὶ
3642 3721 3740 3778 τοῦ

2151 3805 2466 3879 πνεύματος
2492 3803 2599 3881 ἧκε
2630 3807 2926 3882 τελειωτής
2952 3829 2966 3843 ο
3005 3813 3098 3867 καὶ
3132 3811 3209 3883 τῷ
3240 3812 3420 3886 λύχνῳ
3457 3816 3558 3886 μὲν
3587 3817 3618 3870 ό
3642 3815 3737 3869 τοῦ

2152 3898 2367 3966 φαίνειν
2400 3900 2589 3971 ἐξήκει
2628 3901 2847 3972 καιρὸς,
2876 3904 2906 3957 ό
2943 3903 3134 3966 Ἥλιος
3166 3903 3224 3956 δὲ
3260 3905 3359 3975 τῆς
3385 3904 3738 3974 δικαιοσύνης

2153 3990 2402 4061 ἐπεφάνη
2420 4007 2435 4022 °
2473 3993 2565 4047 καὶ
2601 3993 2635 4064 ή
2668 3996 2943 4065 κατήφεια
2969 3996 3069 4066 μὲν
3091 3995 3365 4067 ὑπεχώρει
3393 3997 3494 4065 τῆς
3520 3997 3735 4065 νυκτὸς,

2154 4086 2190 4156 ὴ
2213 4084 2446 4158 ἀνατολὴ
2471 4085 2529 4139 δὲ
2550 4085 2651 4156 ἤδη
2667 4086 2768 4150 τὰς
2793 4087 3105 4158 ἀκρωρείας
3136 4088 3526 4160 κατεφώτιζεν,
3555 4091 3739 4145 οὐκέτι

2154 4177 2266 4239 τοῖς
2296 4173 2488 4240 τύποις
2525 4176 2774 4247 ἠνείχετο
2831 4179 3166 4249 προσμένειν
3211 4180 3304 4234 καὶ
3352 4184 3473 4247 ταῖς
3523 4183 3737 4244 σκιαῖς·

2154 4266 2340 4320 οὐκέτι
2381 4267 2462 4338 τῷ
2496 4268 2833 4339 παιδαγωγῷ
2865 4270 3262 4344 προσλιπαρεῖν
3288 4272 3427 4344 ᾠετο
3471 4273 3613 4329 δεῖν’
3649 4275 3742 4330 τὸν

2156 4355 2215 4410 δὲ
2256 4355 2427 4428 βαρὺν
2454 4357 2665 4412 ἐκείνου
2711 4358 2877 4427 ζυγὸν
2904 4360 3013 4414 τῶν
3043 4360 3262 4416 οἰκείων
3290 4361 3459 4434 ὢμων
3492 4365 3747 4420 ἀπωθού-

2163 4463 2343 4520 μενος,
2381 4449 2473 4502 τὸν
2514 4448 2610 4503 τοῦ
2660 4449 2988 4506 διδασκάλου
3026 4453 3267 4524 χρηστὸν
3311 4457 3706 4530 ὲπεφορτίζετο
3730 4476 3746 4492 ·

467 4563 908 4626 circumcisionis
939 4561 1191 4617 modesto
1215 4573 1406 4623 onere,
1428 4557 1550 4612 leve
1572 4554 1759 4627 gratia:
1775 4569 1916 4609 onus
1936 4554 2046 4608 elc-

2162 4543 2257 4600 καὶ
2275 4542 2338 4596 τὸ
2356 4542 2639 4598 δύσοιστον
2675 4544 2844 4622 ἄχθος
2889 4547 2991 4618 τῆς
3019 4551 3328 4623 περιτομῆς
3361 4553 3656 4626 ὑπεριδὼν,
3689 4553 3752 4607 τὸ

466 4665 580 4734 git;
613 4676 676 4716 ac
708 4658 904 4714 relicto
927 4655 1098 4719 Mosc,
1139 4659 1432 4707 vocantem
1461 4650 1648 4704 Iesum
1673 4653 1898 4702 secutus
1923 4653 2008 4700 est
2035 4660 2049 4697 :

467 4755 563 4826 qui
585 4750 848 4808 nimirum
872 4761 985 4803 sua:
1030 4744 1108 4800 illi
1139 4742 1328 4815 gratia:
1358 4739 1542 4795 radios
1567 4736 1881 4799 adundcns,
1918 4751 2051 4807 pro-

467 4847 712 4919 prizeque
762 4840 950 4913 gloria-
981 4853 1045 4893 ac
1095 4834 1398 4907 maiestatis
1450 4846 1672 4887 sensum
1724 4830 2052 4893 immittens,

465 4947 630 5008 atque
657 4947 874 4990 sursum
910 4930 1149 4985 ducente
1177 4923 1606 4997 spiritaliorique
1637 4937 1827 4976 amere
1848 4920 2054 4976 subve-

468 5032 626 5094 hens,
661 5044 725 5083 ac
748 5023 977 5081 indubia
1009 5020 1346 5078 confirmans
1391 5015 1520 5080 ﬁde,
1555 5014 1819 5086 regnique
1848 5012 2051 5085 praedi-

467 5123 573 5178 cati
605 5136 700 5192 spe
738 5116 1126 5184 desiderioque
1180 5109 1556 5175 contendens,
1589 5107 1696 5162 sibi
1735 5112 1912 5162 totum
1952 5105 2053 5159 ad-

468 5215 698 5270 dixisset
716 5227 781 5268 ac
812 5209 1173 5272 devinxisset,
1213 5200 1588 5259 subtilissima:
1624 5199 1825 5255 mentis
1864 5198 2054 5254 eleva-

468 5308 715 5364 tionibus
765 5300 1301 5368 abstrusissimisque
1342 5292 1910 5366 contemplationibus
1945 5290 2054 5347 sibi

465 5416 594 5457 eum
612 5396 917 5454 concilians
936 5403 1262 5465 aptansque.

539 5584 751 5657 Duplici
801 5598 936 5640 vero
977 5583 1091 5654 jam
1146 5580 1380 5642 ratione.
1423 5577 1509 5634 vir
1567 5576 1919 5634 beatissimus
1977 5578 2053 5635 illi

468 5681 713 5738 animum
755 5677 1078 5744 attendens,
1133 5691 1197 5731 ac
1233 5688 1466 5745 corpore
1495 5671 1742 5744 quidem,
1793 5673 2054 5744 quodque

545 5865 587 5896 "
623 5863 750 5925 San.
797 5878 920 5932 vm,
953 5866 1040 5924 l9.

2154 4635 2389 4706 ἐλαφρὸν
2422 4637 2524 4709 τῆς
2573 4636 2796 4710 χάριτος
2825 4639 3082 4712 ᾑρέτισεν
3106 4657 3121 4672 ·
3164 4642 3260 4696 καὶ
3290 4643 3384 4698 τὸν
3411 4645 3621 4716 Maio-71v
3649 4664 3749 4700 xa-

2154 4729 2420 4792 ταλιπὼν.
2443 4730 2621 4785 ὀπίσω
2639 4731 2736 4785 τοῦ
2773 4732 2948 4805 Ἰησοῦ
2969 4734 3264 4801 καλοῦντος
3285 4739 3595 4807 ἠκολούθει.
3627 4742 3746 4803 Ὃς,

2160 4824 2328 4879 αὐτοῦ
2357 4827 2424 4897 τῇ
2460 4826 2662 4899 καρδίᾳ
2689 4826 2790 4900 τὴν
2814 4829 3024 4884 οἰκείαν
3055 4832 3407 4903 ἐναστράψας
3435 4833 3619 4906 χάριν,
3653 4833 3751 4888 καὶ

2161 4918 2261 4989 τῆς
2292 4917 2429 4982 ιδίας
2474 4920 2635 4990 δόξης
2667 4921 2821 4992 αὺτῷ
2872 4923 2968 4977 καὶ
3009 4924 3436 4998 μεγαλειότητος
3493 4924 3748 4994 αίσθησιν

2161 5011 2483 5082 ἐνθέμενος,
2513 5014 2609 5068 κα)⁸
2655 5014 2736 5087 τῷ
2788 5016 3061 5089 ἀναγωγῷ
3091 5019 3257 5090 ἔρωτι
3288 5019 3610 5092 πτερώσας,
3654 5019 3751 5073 καὶ

2161 5107 2229 5175 τῇ
2255 5105 2554 5178 ἀδιακρίτῳ
2583 5107 2767 5164 πίστει
2812 5107 3122 5180 βεϐαιώσας
3143 5153 3160 5178 ,
3191 5113 3288 5166 καὶ
3332 5113 3400 5182 τῇ
3437 5109 3615 5164 ἑλπίδι
3647 5110 3752 5182 τῆς

2163 5197 2584 5268 κηρυσσομὲνης
2639 5200 2936 5256 συντείνων
2993 5201 3314 5272 βασιλείας,
3373 5200 3574 5256 ἑαυτοῦ
3625 5203 3750 5257 ελον

2157 5287 2457 5359 ἐποιήσατο
2507 5291 2603 5344 καὶ
2646 5292 3004 5365 κατεδήσατο,
3039 5295 3404 5366 νοερωτάταις
3442 5296 3611 5352 αὐτὸν
3663 5298 3754 5352 ἀνα

2154 5380 2426 5450 αγωγίαις
2469 5383 2565 5437 ttai
2616 5387 3063 5453 μυστικωτάταις
3104 5388 3285 5460 ἑαυτῷ
3324 5389 3583 5462 θεωρίαις
3614 5408 3755 5462 μνη·-

2156 5474 2482 5546 στευόμενος
2513 5475 2612 5532 καὶ
2641 5477 3041 5549 ἁρμοζόμενος.

2225 5581 2360 5653 Διχῆ
2409 5581 2465 5636 δὲ
2501 5581 2690 5638 λοιπὸν
2726 5585 2756 5637 ό
2787 5585 3214 5657 μακαριώτατος
3263 5593 3550 5662 προσέχων
3578 5591 3755 5662 αὐτῷ,

2156 5675 2254 5730 καὶ
2284 5673 2501 5750 σώματι
2534 5678 2641 5750 μὲν
2667 5678 2770 5735 καὶ
2803 5678 2867 5732 τὸ
2909 5679 3213 5752 ὁρώμενον,
3248 5683 3367 5741 uti»;
3413 5683 3630 5757 ἀληθῶς
3651 5683 3758 5742 ἀνα
