4156 6282
394 446 398 449 -
475 412 585 482 ΞΒ

1689 409 1987 487 NICET/E
2020 407 2554 472 PAPHLAGONIS

3651 398 3761 467 2M

471 531 625 588 velut
654 525 864 585 Christi
892 525 1279 589 laudatricem,
1332 538 1398 582 ac
1449 530 1712 596 tanquam
1741 525 1924 596 reipsa
1953 524 2063 580 lau-

2188 524 2248 586 ὓς
2280 522 2512 594 ὄργανον
2541 517 2737 589 λογίων
2766 516 2926 586 Θεοῦ,
2951 517 3029 583 ὥς
3063 516 3341 576 ὲπαινέτιν
3365 514 3625 590 Χριστοῦ,
3668 517 3763 569 καὶ

471 622 713 678 dabilem
744 630 911 693 atque
936 620 1226 691 placitam;
1257 634 1358 690 per
1380 635 1544 692 quam
1571 620 1663 676 ille
1679 621 1953 677 exaltatus
1974 629 2060 676 est

471 715 526 769 in
555 713 836 786 gentibus,
858 713 1135 769 exaltatus
1159 719 1246 769 est
1273 712 1330 766 iu
1355 722 1500 768 terra
1530 711 1596 767 ”.

545 801 780 860 Osculor
813 800 1322 857 venerabilissimas
1356 809 1479 856 tuas
1514 816 1711 856 manus
1744 818 1760 868 ;
1801 801 2067 873 .comple—

471 905 597 950 etor
627 901 686 949 et
707 892 1150 964 speciosissimos
1185 893 1359 961 pedes
1385 906 1399 945 :
1435 907 1656 956 manus,
1681 907 1805 962 qua:
1833 903 2064 948 strenue

473 1001 538 1040 ac
584 983 860 1042 industrie
909 983 1145 1040 Domino
1201 984 1563 1040 servierunt:
1613 1000 1736 1055 quae
1780 983 2063 1056 Evangelii

473 1077 667 1144 gratia:
714 1075 1029 1132 ministerio
1076 1074 1283 1130 functae
1335 1083 1488 1140 sunt,
1549 1075 1754 1146 quibus
1820 1075 2068 1131 creditus

478 1169 606 1224 vita:
647 1168 846 1227 Sermo
883 1189 898 1225 :
939 1184 1104 1240 quem
1183 1172 1452 1225 nimirum
1512 1179 1770 1226 scrutatae
1831 1178 1964 1226 sunt
2012 1177 2070 1224 et

479 1270 973 1317 eontrectaveruut
1033 1262 1478 1333 inveneruutque
1555 1263 1680 1318 vita:
1742 1262 2067 1318 Sermonem

478 1367 602 1406 esse
628 1352 667 1382 ⁸⁸
697 1369 712 1404 :
744 1353 832 1407 cui
894 1351 1202 1421 conjuncta:
1232 1366 1297 1408 ac
1325 1351 1536 1422 Spiritu
1578 1352 1770 1406 divino
1801 1360 2070 1421 coaptatze

479 1453 644 1515 atque
689 1455 1011 1516 compactae,
1067 1447 1214 1501 illius
1259 1461 1457 1502 manus
1501 1445 1642 1500 effici
1689 1451 2014 1499 meruerunt
2053 1461 2067 1496 :

480 1552 680 1592 manus
737 1539 928 1606 utique
1005 1538 1338 1593 eximiorum
1404 1553 1637 1609 Operum
1704 1537 2064 1602 effectrices;

480 1629 816 1682 mirabilium
845 1628 942 1684 Dei
975 1629 1323 1684 voluntatum
1381 1627 1907 1684 consummatrices.

488 1754 503 1769 ο
546 1721 734 1777 Adoro
759 1729 816 1776 et
867 1721 1058 1791 pedes,
1105 1721 1257 1777 velut
1309 1735 1537 1776 currum
1593 1719 1981 1782 cherubicum,
2012 1725 2072 1772 ut

481 1813 689 1883 quibus
717 1813 974 1876 vehatur,
1003 1813 1098 1883 qui
1124 1813 1298 1869 caelos
1339 1813 1533 1884 implet
1584 1821 1641 1869 et
1688 1821 1931 1879 terram;
1973 1811 2068 1881 qui

2170 616 2248 677 ὡς
2296 611 2591 683 ἐπαινετὴν
2622 609 2701 681 τῷ
2731 610 2845 664 ὄντι
2893 612 2989 665 καὶ
3030 610 3265 684 θελητήν
3286 628 3303 646 ⁰
3337 610 3407 667 δι’
3455 605 3525 684 ἦς
3552 609 3764 672 ἐκεῖνος

2170 706 2360 778 ὑψώθη
2389 709 2446 759 ὲν
2471 705 2704 772 ἔθνεσιν,
2736 702 2927 775 ὑψώθη
2947 704 3008 757 ὲν
3029 705 3124 775 γῇ.

2240 796 2386 853 Φιλῶ
2420 815 2515 851 σου
2541 797 2644 860 τὰς
2664 797 3006 868 τιμιωτάτας
3030 798 3220 868 χεῖρας
3259 813 3274 828 ·
3316 796 3766 868 περιπτύσσομαι

2171 893 2265 948 καὶ
2306 893 2438 956 τοὺς
2482 891 2856 962 ὡραιοτάτους
2906 889 3076 953 πόδας
3113 907 3128 922 ο
3157 893 3371 962 χεῖρας,
3391 890 3493 953 τὰς
3546 888 3766 958 εὐφυῶς

2171 985 2267 1041 καὶ
2303 985 2498 1050 αἰσίως
2562 983 3063 1055 ὑπηρετησαμένας
3117 982 3200 1052 τῷ
3264 983 3496 1054 Κυρίῳσ
3530 982 3631 1046 τὰς
3683 977 3767 1052 τῷ

2173 1076 2497 1148 Εὑαγγελίῳ
2528 1079 2629 1147 τῆς
2677 1075 2900 1147 χάριτος
2947 1074 3424 1147 διακονησαμένας
3461 1091 3475 1106 ο
3526 1075 3628 1138 τὰς
3670 1074 3768 1128 τὸν

2170 1173 2273 1242 τῆς
2299 1170 2445 1241 ζωῆς
2472 1169 2916 1239 πεπιστευμένας
2946 1167 3119 1236 Λόγον
3163 1183 3177 1196 ·
3212 1167 3410 1236 Λόγον,
3446 1166 3506 1220 ὃν
3529 1165 3767 1237 ἠρεύνη-

2174 1279 2294 1328 σαν,
2354 1265 2415 1317 δν
2459 1262 2819 1334 ἐψηλάφησαν
2873 1261 2970 1315 καὶ
3013 1253 3175 1332 εὖρον
3204 1262 3379 1331 Λόγον
3407 1261 3538 1314 ὄντα
3567 1259 3714 1330 ζωῆς
3748 1274 3763 1290 ⁸

2173 1345 2217 1424 ᾧ
2242 1355 2647 1424 συμφυὸμεναι,
2686 1353 2780 1406 καὶ
2825 1351 3110 1422 Πνεύματι
3163 1351 3298 1422 θείῳ
3330 1349 3769 1422 συναρμολογού-

2174 1464 2359 1517 μεναι,
2386 1451 2567 1518 χεῖρες
2595 1447 2807 1500 ἐκείνου
2826 1444 3080 1512 γενέσθαι
3117 1445 3488 1516 κατηξίωνται
3514 1461 3530 1476 ο
3561 1447 3766 1516 χεῖρες,

2174 1539 2350 1610 ἔργων
2371 1539 2663 1610 ὑπερφυῶν
2698 1538 2992 1610 αὐτουργοί
3029 1553 3043 1569 ο
3071 1536 3394 1609 θαυμασίων
3422 1536 3561 1590 Θεοῦ
3608 1536 3767 1606 θελη-

2175 1635 2364 1706 μάτων
2395 1633 2512 1686 τελε
2522 1633 2786 1704 σιουργοί.

2249 1726 2550 1798 Προσκυνῶ
2586 1729 2682 1780 καὶ
2707 1736 2833 1790 τοὺς
2862 1726 3051 1787 πόδας,
3077 1723 3153 1789 ὡς
3183 1725 3335 1794 ἅρμα
3365 1720 3709 1793 Χερουδικόν
3741 1737 3760 1752 ο

2173 1818 2251 1882 ὡς
2309 1816 2570 1889 όχοῦντας
2619 1816 2706 1886 ἐφ’
2760 1818 2974 1881 ἑαυτοῖς
3020 1816 3116 1872 τὸν
3160 1816 3422 1887 οὐρανοὺς
3450 1812 3764 1884 πληροῦντα

481 1902 538 1959 in
591 1902 850 1958 universo
911 1903 1039 1969 hoc,
1090 1911 1358 1973 extraque
1423 1903 1744 1959 universum
1788 1912 2064 1977 versatur.

2188 1915 2268 1968 mi.
2317 1915 2445 1984 γῆν,
2485 1914 2577 1967 τὸν
2641 1917 2702 1967 ὲν
2747 1913 2826 1982 τῷ
2877 1914 3042 1967 παντὶ
3093 1912 3231 1984 τῷδε
3288 1911 3384 1965 καὶ
3419 1909 3514 1963 τοῦ
3562 1908 3764 1971 παντὸς

482 1999 656 2057 Pedes
689 2001 979 2066 nimirum,
1008 1999 1104 2070 qui
1137 2015 1358 2054 omnem
1391 1997 1504 2054 fere
1534 2006 2062 2070 percurreruntter-

482 2108 642 2147 ram:
697 2091 869 2163 pedes
925 2100 1108 2148 rectos
1137 2099 1195 2146 et
1242 2105 1463 2146 sursum
1511 2088 1847 2156 tendentes;
1897 2089 2071 2160 pedes

482 2187 653 2242 alatos
681 2200 738 2241 et
766 2185 1043 2248 volucres,
1101 2185 1294 2256 quales
1357 2183 1661 2240 Cherubim
1691 2203 1706 2252 ;
1757 2183 1928 2254 pedes
1959 2182 2070 2238 ful-

483 2281 634 2350 guris
662 2280 834 2333 instar
855 2285 1164 2341 currentes,
1198 2275 1627 2347 incredibilique
1655 2277 1938 2331 celeritate
1963 2276 2071 2331 cir—

483 2376 808 2423 cumeuules
843 2378 1066 2431 terram,
1110 2381 1176 2423 ac
1226 2366 1417 2422 fideles
1471 2367 1528 2422 in
1586 2367 2072 2424 benedictionibus

486 2462 892 2532 praevenienles
923 2461 989 2515 η.

554 2554 807 2618 Osculor,
840 2553 1122 2623 etiamque
1170 2561 1337 2624 atque
1369 2551 1538 2608 etiam
1587 2554 1777 2610 colens
1833 2563 1887 2612 te
1929 2571 2072 2626 quo-

487 2663 595 2719 que
625 2654 823 2708 totum.
851 2654 998 2700 totus
1024 2660 1092 2701 ex
1124 2654 1239 2699 toto
1270 2654 1456 2701 mente
1493 2645 1884 2712 circumfusus,
1919 2661 2072 2702 com-

489 2740 739 2810 plector:
784 2739 1098 2808 spirituque
1129 2738 1282 2793 velut
1321 2738 1379 2791 in
1429 2739 1656 2807 speculo
1683 2738 2072 2794 obversantem

487 2838 762 2885 contuens
789 2844 853 2884 ac
889 2829 1156 2883 memoria
1217 2828 1595 2894 collustratus,
1654 2829 1814 2899 quasi
1867 2829 2076 2885 intelliv

487 2932 653 2994 gente
713 2920 1172 2990 intemerataque,
1224 2935 1289 2975 ac
1341 2920 1521 2974 omnis
1560 2930 1779 2977 exserte
1809 2921 2074 2986 materiae,

489 3013 635 3080 luce,
655 3022 901 3083 augustae
928 3021 1127 3067 vestra:
1153 3010 1578 3084 magnificentiae
1594 3027 1658 3068 ac
1677 3012 1894 3068 decoris
1921 3015 2076 3069 vultu

489 3102 940 3174 circumfulgeor.

559 3211 833 3267 Caeterum
882 3211 1189 3277 videamus,
1235 3210 1418 3282 quoad
1465 3211 1652 3276 liceat,
1686 3219 1890 3282 quanta
1923 3208 2082 3266 Zelo-

493 3311 577 3359 tes
613 3303 930 3375 evangelica
956 3305 1242 3361 iunctione
1259 3315 1315 3360 et
1345 3305 1570 3360 virtutis
1600 3305 1762 3360 laude
1788 3306 2078 3361 enituerit.

492 3399 711 3454 Etenim
744 3408 1005 3469 tauquam
1040 3399 1217 3470 reipsa
1247 3414 1393 3455 verae
1457 3398 1600 3455 lucis
1631 3398 1959 3470 discipulus,
1998 3400 2084 3455 di-

465 3492 799 3562 ,vinumque
845 3501 1022 3548 totum
1068 3492 1257 3547 lumen
1298 3492 1636 3547 nitidissima
1686 3498 1882 3548 mente
1931 3507 2086 3549 com-

493 3585 708 3654 plexus,
747 3593 1004 3656 totusque
1042 3586 1264 3642 lucidus
1293 3595 1350 3640 et
1393 3585 1542 3642 filius
1598 3587 1743 3642 lucis
1788 3602 1856 3643 ac
1901 3588 2084 3655 rcipsa

495 3677 591 3730 lux
610 3675 727 3746 ipse
757 3675 1008 3740 effectus,
1043 3684 1169 3746 post
1213 3677 1404 3746 prima:
1451 3693 1791 3748 summaeque
1835 3678 1978 3732 lucis
2020 3692 2086 3733 ac

493 3769 784 3840 originalis
811 3769 868 3823 in
900 3784 1064 3824 cruce
1100 3785 1382 3836 occasum,
1411 3780 1536 3842 post
1569 3771 1719 3826 illius
1761 3771 1832 3826 ab
1892 3771 2087 3826 inferis

496 3859 665 3914 tertio
717 3867 1280 3930 vespere'exortum,
1339 3871 1464 3931 p051
1493 3876 1784 3916 ascensum
1817 3863 1874 3916 in
1915 3863 2088 3918 cmlos

497 3950 673 4022 (illius
705 3951 919 4007 scilicet
949 3968 1115 4022 supra
1139 3968 1308 4022 quam
1351 3968 1610 4007 arcanam
1640 3953 1932 4024 latebram)
1965 3962 2090 4024 post

497 4037 766 4094 Paracleti
789 4039 1177 4110 perfectiorem
1196 4041 1517 4105 adventum,
1550 4043 1774 4112 quando
1821 4045 2086 4099 nimirum

500 4132 715 4201 magnis
750 4131 1074 4201 lprimisque
1121 4132 1288 4187 Verbi
1347 4133 1641 4204 discipulis
1696 4136 1753 4190 in
1801 4137 2092 4192 caenaculo

499 4221 820 4286 consideus,
844 4223 963 4291 pari
995 4239 1118 4277 cum
1162 4223 1270 4278 illis
1298 4224 1550 4296 collegio,
1598 4225 1654 4280 in
1698 4227 1903 4297 linguis
1951 4227 2094 4298 ignis

501 4315 689 4386 specie
711 4316 1108 4387 apparentibus
1161 4333 1227 4372 ac
1285 4318 1470 4373 sonitu
1510 4319 1675 4375 flatus
1721 4321 2090 4387 vehementis,

501 4408 989 4479 Splritusai’atre
1018 4411 1385 4479 descendens,
1430 4411 1487 4467 in
1532 4415 1743 4483 optimo
1803 4415 1975 4470 corde
2029 4431 2095 4470 ac

503 4503 846 4574 regalissimo
869 4512 1164 4575 susceptus
1199 4515 1326 4563 est:
1384 4515 1516 4562 tunc
1545 4509 1706 4576 plane
1741 4509 1908 4565 etiam
1964 4524 2095 4578 per-

502 4595 725 4653 fectiori
758 4597 1006 4666 repletus
1066 4597 1358 4666 sapientia,
1392 4598 1980 4671 divinissimorumque
2013 4604 2093 4658 si-

503 4705 738 4763 gnorum
778 4704 843 4743 ac
873 4688 1249 4760 prodigiorum
1279 4698 1555 4760 potestate
1589 4701 1762 4763 atque
1789 4695 1999 4750 virtute
2028 4712 2096 4751 ex

502 4783 616 4835 alto
653 4780 903 4845 indutus,
940 4779 1224 4836 Orientem
1257 4781 1598 4852 relinquens,
1623 4784 1691 4838 ad
1733 4795 1921 4854 partes
1947 4790 2096 4842 occi-

503 4870 665 4936 duas,
702 4870 845 4926 duce
884 4869 1117 4940 Spiritu,
1153 4872 1234 4926 sol
1258 4887 1488 4942 magnus
1530 4874 1832 4944 eximiique
1867 4876 2098 4948 fulgoris

504 4961 694 5034 Libyae
721 4962 1016 5024 universae,
1038 4962 1350 5033 Africazque
1389 4973 1446 5019 et
1471 4963 1831 5032 Mauritania,
1867 4984 1930 5023 ac
1957 4985 2097 5023 cun-

505 5054 610 5110 etis
653 5054 895 5126 denique
925 5072 1025 5128 per
1059 5057 1325 5114 occiduas
1356 5074 1486 5114 oras
1511 5058 1672 5115 sedes
1697 5062 1898 5127 nactis,
1929 5077 2095 5118 exor-

509 5158 602 5203 tus
633 5164 712 5206 es.
1369 5202 1371 5204 .

578 5240 718 5309 Quis
749 5242 920 5313 igitur
971 5242 1060 5298 vel
1108 5252 1294 5299 mente
1351 5245 1645 5317 intelligat,
1680 5247 1766 5300 vel
1803 5246 1939 5302 satis
1973 5262 2101 5301 ora-

508 5332 664 5389 tione
711 5333 943 5404 exsequi
1034 5335 1271 5389 squiciat
1313 5346 1481 5405 atque
1527 5347 1792 5407 exponat,
1859 5339 2100 5406 labores,

508 5440 808 5490 aerumnas,
858 5425 1108 5492 timores,
1151 5426 1367 5481 viarum
1419 5428 1696 5497 pericula,
1729 5428 1967 5500 vigilias,
2005 5446 2103 5486 cu-

511 5533 624 5582 ras,
645 5519 889 5582 dolores,
907 5519 1118 5584 turbas,
1158 5518 1466 5574 infidelium
1492 5521 1863 5577 Barbarorum
1890 5538 2106 5594 grassa-

515 5611 715 5675 tiones,
746 5611 996 5676 insidias,
1033 5614 1240 5683 plagas,
1288 5629 1562 5679 carceres,
1599 5615 1859 5681 insultas,
1904 5615 2104 5671 coitio-

515 5713 637 5764 nes,
686 5701 1206 5768 contradictiones...
1236 5703 1562 5767 calumnias,
1620 5704 1875 5768 verbera,
1914 5704 2103 5759 detra-

515 5788 730 5846 ctiones
756 5797 815 5846 et
843 5792 1117 5857 convicia,
1143 5792 1374 5865 ejusque
1405 5809 1597 5852 omnes
1627 5794 1909 5865 Evangelii
1936 5809 2100 5850 causa

2174 2005 2281 2071 ἔξω
2314 2004 2636 2060 καθεστῶτα
2671 2021 2686 2037 ⁸
2724 2004 2912 2069 πόδας,
2944 2006 3072 2066 τοὺς
3104 2005 3286 2057 πᾶσαν
3319 2000 3517 2073 μικροῦ
3545 2001 3765 2070 διαδρα-

2180 2101 2382 2170 μόντας
2443 2098 2546 2169 τὴν
2609 2099 2738 2168 γῆν,
2787 2099 2916 2161 τοὺς
2958 2096 3218 2161 ίθυτενεῖς
3273 2097 3370 2149 καὶ
3430 2095 3767 2165 ἀνωφόρους,

2175 2193 2303 2257 τοὺς
2328 2193 2645 2263 πτερωτοὺς
2670 2191 2766 2246 καὶ
2797 2190 3058 2256 πτηνοὺς,
3088 2182 3193 2242 οἷοι
3241 2185 3354 2242 τῶν
3402 2186 3716 2259 Χερουδείμ
3752 2203 3771 2218 ο

2177 2287 2304 2349 τοὺς
2337 2284 2624 2355 ἀστραπῆς
2650 2283 2807 2354 δίκην
2837 2280 3083 2344 θέοντας,
3141 2280 3238 2333 καὶ
3289 2278 3564 2348 ἀμηχάνῳ
3605 2275 3775 2347 ταχύ-

2176 2376 2738 2449 τητιπεριοδεύοντας
2787 2374 2889 2444 τὴν
2934 2371 3063 2440 γῆν,
3093 2371 3189 2423 καὶ
3219 2372 3278 2423 ὲν
3310 2368 3587 2437 εὐλογίαις
3639 2385 3778 2439 χρη-

2181 2474 2440 2541 στότητος
2465 2466 2878 2541 προφθάνοντας
2911 2465 3040 2528 τοὺς
3075 2461 3325 2525 πιστούς.

2265 2562 2634 2632 Ἀσπάζομαι,
2681 2563 2776 2615 καὶ
2828 2559 2950 2614 λίαν
2991 2557 3168 2628 τιμῶν
3205 2554 3654 2628 περιπτύσσομαι
3682 2555 3782 2609 καὶ

2185 2656 2245 2710 σὲ
2282 2657 2424 2718 δλον,
2456 2655 2576 2718 δλος
2609 2654 2677 2707 δι’
2718 2653 2841 2706 ὅλου
2871 2653 2940 2723 τῇ
2972 2649 3185 2720 διανοίᾳ
3228 2648 3467 2720 περιφύς
3502 2661 3517 2676 ⁶
3547 2649 3641 2701 καί⁸
3697 2645 3779 2716 τῷ

2185 2747 2463 2820 πνεύματι
2493 2742 3019 2814 κατοπτριζόμενος,
3046 2742 3142 2795 καὶ
3174 2742 3244 2812 τῇ
3279 2741 3471 2813 μνήμῃ
3499 2738 3778 2808 περιλαμο

2184 2841 2440 2911 πόμενος,
2476 2835 2565 2891 οἷα
2596 2834 2768 2908 νοερῷ
2819 2835 2915 2887 καὶ
2970 2834 3229 2904 ἀχράντῳ
3263 2831 3359 2885 καὶ
3409 2829 3557 2898 ἀΰλῳ
3608 2829 3769 2894 φωτὶ.

2184 2932 2263 3003 τῷ
2295 2928 2576 3003 προσώπῳ
2604 2929 2702 3001 τῆς
2727 2925 3006 2999 ὑμετέρας
3054 2923 3497 2998 περιαυγὰζομαι
3544 2920 3772 2990 θεοπρε-

2186 3042 2256 3079 πε
2265 3025 2373 3090 ίας.

2272 3193 2412 3250 Ἀλλ’
2436 3194 2656 3265 ἴδωμεν,
2692 3191 2768 3259 ὼς
2794 3191 3042 3262 ἐφικτὸν,
3071 3189 3168 3244 καὶ
3197 3188 3296 3261 τὴν
3323 3186 3467 3241 κατὰ
3503 3183 3568 3238 τὺ
3593 3183 3781 3252 Εὐαγ-

2110 3269 2156 3331 c
2186 3293 2365 3364 γέλιον
2403 3291 2758 3361 εὐδοκίμησιν
2788 3286 2884 3342 τοῦ
2912 3284 3164 3357 Ζηλωτοῦ
3201 3303 3214 3316 ·
3250 3285 3343 3338 καὶ
3373 3282 3485 3353 γὰρ
3531 3280 3609 3343 ὡς
3645 3278 3779 3349 ἀλη-

2189 3388 2298 3450 θῶς
2325 3386 2402 3457 τῷ
2435 3383 2674 3456 ἀληθινῷ
2703 3381 3054 3454 μαθητεύσας
3119 3379 3279 3447 φωτὶ,
3314 3377 3408 3431 καὶ
3447 3374 3510 3427 τὸ
3556 3372 3778 3446 θεαρχι-

2189 3480 2285 3533 κὸν
2317 3480 2432 3548 φῶς
2459 3479 2579 3531 ὅλον
2628 3475 2966 3545 διειδεστάτῃ
3018 3472 3341 3541 δεδεγμένος
3391 3467 3626 3538 διανοίᾳ,
3685 3464 3786 3519 καὶ

2193 3572 2522 3646 φωτοφανὴς
2575 3569 2716 3633 ὅλος,
2758 3568 2852 3622 καὶ⁸
2872 3568 2986 3630 υίὸς
3012 3563 3192 3634 φωτὸς
3231 3564 3328 3616 καὶ
3357 3558 3478 3631 φῶς
3513 3559 3788 3630 αὑτόχρη-
3829 3613 3833 3616 ,

2195 3685 2272 3738 μα
2299 3663 2561 3735 γεγονὼς,
2599 3662 2737 3732 μετά
2760 3663 2864 3732 τὴν
2890 3660 2985 3714 τοῦ
3014 3656 3326 3730 ἀρχιεράηου
3351 3653 3535 3724 φωτὸς
3563 3654 3658 3706 ἐπὶ
3687 3651 3786 3706 τοῦ

2196 3757 2434 3830 σταυροῦ
2487 3757 2664 3821 δύσιν,
2694 3754 2833 3824 μετὰ
2865 3753 2965 3823 τὴν
3001 3750 3062 3815 ἐξ
3100 3750 3228 3822 ᾅδου
3261 3748 3594 3819 τριέσπερον
3647 3747 3784 3800 ἀνα-

2195 3849 2376 3920 τολὴν,
2405 3847 2544 3918 μετὰ
2576 3847 2675 3917 τὴν
2720 3846 2800 3907 εἰς
2831 3844 3097 3915 οὐρανοὺς
3148 3841 3414 3895 ἀνάδασιν
3446 3855 3462 3871 ⁶
3517 3838 3622 3895 εἰτ’
3689 3833 3788 3891 οὖν

2197 3942 2584 4012 ὑπερὰρρητον
2617 3937 2711 3992 τοῦ
2741 3935 2906 3990 αὑτοῦ
2943 3935 3274 4006 ἁποκρυφήν
3309 3949 3324 3964 ·
3382 3933 3520 4002 μετὰ
3559 3931 3658 3999 τὴν
3685 3945 3784 3981 τε-

2196 4033 2474 4104 λειοτέραν
2508 4029 2601 4084 τοῦ
2633 4028 2994 4100 Παρακλήτου
3026 4025 3352 4097 παρουσίαν,
3387 4023 3550 4094 ἡνίκα
3578 4021 3642 4091 δὴ
3669 4022 3786 4085 τοῖς

2202 4129 2460 4200 μεγάλοις
2509 4122 2604 4177 τοῦ
2636 4121 2813 4192 Λόγου
2845 4118 2944 4174 καὶ
2994 4119 3233 4190 πρώτοις
3271 4119 3333 4171 ὲν
3376 4112 3613 4185 ὕπερώῳ
3646 4130 3787 4182 συγ-

2199 4222 2517 4293 καθήμενος
2545 4216 2855 4289 ὁμιληταῖς,
2892 4216 2950 4268 ὲν
2988 4211 3264 4282 γλώσσαις
3288 4208 3587 4281 πυροειδῶς
3637 4207 3784 4279 δρω-

2205 4315 2418 4386 μέναις,
2444 4313 2538 4368 καὶ
2569 4311 2748 4383 βιαίας
2788 4309 2906 4379 ἦχῳ
2940 4308 3132 4378 πνοῆς,
3174 4306 3238 4386 τὸ
3267 4302 3494 4374 Πνεῦμα
3519 4301 3794 4373 πατρόθεν

2203 4413 2414 4477 κατιὸν,
2452 4409 2763 4479 ἁγαθοειδεῖ
2792 4405 2993 4477 καρδίᾳ.
3035 4405 3130 4458 καὶ
3168 4401 3580 4473 βασιλικωτάτῃ
3632 4415 3800 4453 κατα·

2203 4505 2448 4560 δέδεκται
2477 4518 2491 4533 '
2518 4505 2636 4556 τότε
2665 4500 2730 4572 δὴ
2765 4499 2861 4554 καὶ
2891 4497 3086 4568 σοφίας
3103 4496 3318 4558 τελείας
3345 4492 3683 4565 πληρωθεὶς,
3702 4489 3800 4545 καὶ

2208 4594 2698 4667 θεοπρεπεστάτων
2733 4591 2976 4663 σημείων
2999 4589 3097 4643 καὶ⁸
3121 4589 3368 4659 τεράτων
3399 4585 3655 4651 ἐξουσίαν
3702 4584 3805 4637 καὶ

2207 4691 2436 4759 δύναμιν
2477 4685 2685 4741 ἄνωθεν
2741 4681 3002 4744 ὲνδυθεὶς,
3046 4677 3400 4742 καταλείπεις
3458 4677 3559 4748 μὲν
3600 4673 3794 4744 Ἑῴαν,

2206 4781 2343 4854 πρὸς
2384 4780 2454 4833 τὰ
2520 4775 2785 4847 Ἐσπὲρια
2832 4774 2910 4834 δὲ,
2963 4771 3052 4826 διὰ
3079 4768 3176 4824 τοῦ
3224 4769 3544 4841 Πνεύματος
3569 4764 3793 4854 ὁδηγοῦ-

2210 4852 2389 4944 μενος,
2431 4871 2603 4939 μέγας
2634 4869 2785 4938 ἥλιος
2816 4864 2912 4920 καὶ⁸
2945 4860 3260 4932 ὑπερφαὴς,
3290 4863 3359 4930 τῇ
3385 4876 3443 4912 τε
3478 4855 3654 4926 Λιϐύῃ
3686 4852 3794 4944 πα-

2208 4942 2298 5036 σῃ,
2339 4963 2574 5032 Ἀφρικῇ
2603 4975 2663 5012 τε
2692 4958 2789 5011 καὶ
2832 4951 3217 5026 Μαυριτανία,
3258 4950 3353 5004 καὶ
3384 4950 3520 5001 πᾶσι
3677 4942 3796 5006 τοῖς

2205 5035 2303 5126 την
2339 5053 2633 5125 Ἑσπερίαν
2661 5051 2829 5104 οἰκεῖν
2861 5046 3121 5118 λαχοῦσιν
3161 5038 3498 5109 ὲξανέτειλες
3529 5035 3656 5106 γῆν.

2276 5239 2374 5304 Τις
2395 5235 2489 5294 οὖν
2521 5237 2844 5309 ὲννοηθῆναι
2873 5251 2978 5298 vet,
3007 5237 3091 5295 τίς
3114 5231 3172 5285 δὲ
3208 5226 3396 5291 ἱκανὸς
3425 5220 3791 5279 διασκευάσαι

2204 5335 2348 5404 λόγῳ
2369 5335 2493 5398 τοὺς
2523 5332 2743 5394 πόνους.
2774 5331 2900 5393 τοὺς
2931 5329 3157 5391 κόπους,
3207 5321 3336 5384 τοὺς
3373 5318 3603 5389 φόϐους,
3665 5314 3800 5378 τοὺς

2207 5427 2349 5497 ὑπὲρ
2375 5426 2474 5494 τῆς
2495 5424 2614 5478 όδοῦ
2640 5420 2918 5483 κινδύνους
2945 5435 2960 5450 ·
2987 5419 3087 5482 τὰς
3117 5414 3451 5486 ἀγρυπνίας,
3478 5409 3593 5473 ’τὰς
3635 5423 3802 5480 φρον-

2206 5522 2377 5583 τίδας,
2404 5519 2502 5582 τὰς
2528 5518 2742 5580 ὀδύνας,
2771 5515 2869 5577 τὰς
2893 5511 3328 5575 ἀκαταστασίας,
3355 5507 3454 5572 τὰς
3485 5503 3637 5575 παρὰ
3693 5499 3808 5554 τῶν

2215 5612 2510 5686 βαρϐάρων
2538 5613 2785 5665 ἀπίστων
2807 5603 3185 5678 καταδρομὰς,
3237 5603 3339 5665 τὰς
3400 5597 3645 5669 ἐνέδρας,
3701 5591 3805 5658 τὰς

2209 5706 2446 5776 πληγὰς,
2468 5704 2567 5770 τὰς
2587 5703 2833 5776 εἰρκτὰς.
2873 5701 2972 5763 τὰς
3017 5696 3419 5759 ἐπαναστάσεις
3467 5692 3564 5746 καὶ
3605 5690 3802 5776 επιστ)⁴

2211 5796 2430 5857 στάσεις
2467 5808 2482 5824 ·
2532 5791 2630 5858 τὰς
2689 5790 3000 5862 ἀντιλογίας
3063 5786 3159 5840 καὶ
3226 5781 3590 5856 συκοφαντίας
3621 5795 3637 5812 ο
3703 5775 3807 5843 τὰς

593 5944 635 5980 ’⁷
661 5945 803 6006 Paul.
841 5949 1059 6015 nvdl.
1140 5951 1180 5984 "
1212 5947 1416 6009 Hoan.
1456 5970 1492 6019 l,
1535 5955 1582 6011 ι.
1678 5957 1716 5988 ⁸³
1749 5953 1955 6010 Ezech.
1987 5955 2082 6022 1,7

2188 5953 2302 6010 ἰοί.
2341 5968 2431 6019 xx,
2462 5949 2520 6009 4.
