4134 6278
409 381 510 445 2i5

412 585 501 639 τοῦ
559 587 896 656 Εὑαγγελίου
941 588 1219 660 περιόδους
1255 606 1272 622 ·
1326 591 1423 643 καὶ
1478 592 1660 655 πάσας
1726 592 1825 655 τὰς
1871 590 1983 647 θλίο

406 680 557 746 ψεις,
601 680 669 742 ἀς
729 680 948 751 ἡμέραν
983 681 1044 747 ἐξ
1084 682 1294 754 ἡμέρας
1341 683 1373 737 ὁ
1416 684 1835 757 μακαριώτατος
1885 702 1987 738 πο-

409 772 799 843 λιορκούμενος
849 774 1136 844 ὑπομένων
1182 776 1416 847 ὑπέμενε
1458 776 1550 832 τὸν
1591 776 1823 849 Κύριον,
1884 779 1989 842 ἕως

412 864 565 937 αύτῷ
600 864 873 936 προσχὼν,
904 867 998 922 καὶ
1030 870 1129 937 τῆς
1158 868 1395 939 δεήσεως
1424 870 1787 939 είσακηκοὼς,
1815 869 1987 941 θύραν

412 956 650 1020 πίστεως
674 956 853 1027 ἤνοιξε
880 959 993 1021 τοῖς
1009 957 1218 1013 ἔθνεσιν
1237 976 1253 989 ’
1285 959 1390 1023 ἕως
1408 960 1684 1031 οἰκτείρας
1711 963 1988 1032 ἀνήγαγεν

410 1047 578 1103 αὑτὸν
598 1051 662 1104 ὲκ
688 1049 890 1104 λάκκου
916 1049 1318 1121 ταλαιπωρίας,
1345 1051 1442 1105 καὶ⁵
1476 1052 1665 1123 ὥσπερ
1712 1051 1987 1124 θαλάσσης

412 1140 666 1205 κλύδωνι,
700 1143 768 1213 τῇ
794 1140 916 1195 κατ’
947 1141 1113 1196 αὐτοῦ
1146 1142 1255 1198 τῶν
1312 1128 1549 1197 ἀσεόῶν
1580 1144 1986 1217 ἐπιτετιμηκὼς

410 1236 801 1300 ἐπαναστάσει,
822 1235 998 1289 καὶτὸ
1024 1236 1357 1306 φλεγμαῖνον
1384 1237 1485 1307 τῆς
1513 1237 1695 1291 αὐτῶν
1746 1239 1985 1305 διανοίας

408 1324 774 1387 κατευνάσας,
811 1325 904 1378 καὶ
931 1324 993 1378 τὸ
1024 1324 1374 1395 δαιμονιῶδες
1426 1326 1656 1396 ὅρμημα
1711 1326 1983 1398 πραΰνας,

407 1418 503 1469 καὶ
551 1415 689 1487 πρὸς
729 1417 822 1469 τὸν
876 1415 1018 1469 θεῖον
1062 1416 1227 1487 φόσον
1268 1418 1326 1470 ὲν
1372 1419 1623 1488 σημείοις
1660 1418 1757 1472 καὶ
1791 1404 1984 1491 τέρασι

410 1506 742 1576 μεταϐαλὼν
777 1506 1027 1580 φοϐεροῖς
1053 1509 1183 1562 ’καὶ
1219 1508 1392 1573 οὕτως
1435 1511 1632 1575 αὐτοὺς
1672 1512 1810 1583 πρὸς
1857 1530 1987 1581 συγ⁴

408 1598 709 1653 κατάθεσιν
736 1600 833 1653 καὶ
861 1600 1047 1653 πίστιν
1074 1601 1175 1671 τῆς
1206 1600 1466 1673 ἀληθείας
1503 1604 1603 1657 τοῦ
1649 1605 1983 1674 Εὐαγγελίου

408 1687 763 1760 μεταγαγὼν,
792 1688 1060 1760 ἐρρύσατο
1109 1690 1210 1761 μὲν
1254 1692 1348 1747 τδν
1403 1694 1571 1748 αὐτοῦ
1613 1697 1832 1768 κήρυκα
1882 1701 1983 1769 τῆς

405 1781 725 1849 καταιγίδος
753 1780 864 1833 τῶν
893 1782 1171 1849 φονευτῶν
1199 1798 1215 1814 ο
1247 1785 1374 1850 τοὺς
1398 1786 1455 1840 δὲ
1490 1787 1745 1861 καθάπερ
1773 1792 1838 1845 ἐκ
1885 1809 1986 1846 πε-

402 1874 628 1943 λάγους,
646 1876 749 1945 τῆς
769 1873 1019 1947 ποικίλης
1035 1876 1216 1933 αὐτῶν
1243 1877 1499 1945 ἀσεεείας
1529 1882 1981 1955 ὲκλυτρούμενος,

400 1966 476 2030 ὡς
508 1968 604 2019 ἐπὶ
621 1966 822 2038 λιμένα
852 1970 1144 2041 σωτήριον,
1162 1969 1257 2024 τὸν
1285 1972 1539 2042 μέγιστον
1563 1974 1786 2047 Σίμωνα
1814 1994 1987 2047 προσ-

400 2057 644 2127 ὡρμιζεν
669 2075 683 2091 ο
716 2059 767 2112 oi
797 2060 891 2113 καὶ
935 2063 1003 2131 τῇ
1053 2061 1233 2135 πέτρᾳ
1272 2063 1372 2133 τῆς
1408 2064 1660 2129 ἀκλινοῦς
1690 2067 1857 2121 αὑτοῦ
1895 2068 1986 2122 πί-

407 2163 580 2211 στεως
605 2149 1025 2222 ἔτιερειδόμενοι,
1061 2153 1155 2206 καὶ
1185 2152 1265 2225 τῷ
1300 2152 1454 2208 ὕδατι
1481 2156 1865 2227 καθαιρόμενοι
1893 2160 1987 2213 καὶ

414 2238 495 2309 τῷ
522 2239 789 2309 Πνεῦματι
819 2242 1204 2312 φωτιζόμενοι,
1228 2246 1323 2299 καὶ
1358 2248 1472 2310 τοῖς
1507 2248 1671 2317 ίεροῖς
1703 2247 1773 2303 δι’
1818 2249 1984 2304 αὑτοῦ

427 2330 741 2402 μυστηρίοις
767 2335 1329 2407 τελεσιουργούμενοι,
1353 2338 1433 2402 είς
1457 2339 1787 2410 Ἐκκλησίας
1822 2340 1982 2413 ἀμώ-

429 2441 564 2494 μους
580 2423 651 2495 τῷ
684 2425 1033 2498 ύπεραμώμῳ
1049 2444 1152 2482 κατ
1160 2445 1188 2497 η
1194 2429 1452 2501 ρτίζοντο.

492 2517 711 2583 Οῦτωςό
742 2519 1307 2592 θεομακαριστότατος
1330 2524 1605 2597 Ζηλωτής,
1636 2529 1738 2598 τῆς
1769 2528 1982 2583 ἀντιτε-

418 2610 684 2682 ταγμένης
748 2613 899 2684 αὑτῷ
946 2615 1268 2685 περιγέγονε
1317 2617 1631 2689 δυνάμεως·
1681 2621 1779 2676 καὶ
1842 2621 1986 2676 οὕτω

410 2700 531 2759 τοὺς
588 2699 1113 2772 ᾐχμαλωτισμένους
1166 2706 1258 2759 ὑπ’
1317 2707 1487 2780 αὐτῆς
1542 2711 1983 2781 αίχμαλωτξζων,

405 2788 618 2861 ἡμέραν
648 2791 773 2845 καθ’
802 2792 1016 2864 ἡμέραν
1046 2797 1111 2866 τῇ
1151 2796 1448 2870 Ἐκκλησία
1485 2802 1612 2865 τοὺς
1644 2802 1984 2871 σωζομένους

402 2882 739 2953 προσετίθει.
771 2885 886 2939 Καὶ
934 2886 1043 2958 γὰρ
1098 2884 1167 2959 ἦν
1202 2890 1333 2960 όρᾷν
1386 2892 1663 2963 ἀκραιφνῆ
1703 2894 1798 2947 τοῦ
1847 2894 1981 2948 Θεοῦ

400 2977 462 3029 ὲν
489 2974 644 3046 αὐτῷ
676 2976 779 3047 τὴν
826 2978 1120 3049 ὁμοιότητα
1151 2997 1166 3012 ο
1204 2976 1273 3051 ἦν
1302 2983 1435 3054 όρᾲν
1475 2983 1680 3038 ἁπλοῦν
1731 2987 1826 3039 καὶ
1877 3003 1982 3039 που

398 3068 584 3139 λυειδῆ
606 3068 700 3125 τὸν
723 3071 907 3125 αὐτόν.
941 3073 1049 3127 Καὶ
1070 3072 1129 3127 ὃν
1150 3073 1353 3145 τρόπον
1373 3078 1400 3129 6
1432 3075 1584 3147 ἧλιος
1614 3074 1696 3141 εἷς
1742 3078 1841 3148 μὲν
1884 3078 1982 3151 τὴν

1149 383 1429 446 ORATIO
1463 382 1601 445 XII.
1634 409 1702 422 -
1732 384 1814 445 ΙΝ
1856 382 2166 447 LAUDEM
2204 388 2268 450 S.
2308 389 2620 451 SIMONIS
2658 390 2915 451 APOST.

418 494 593 559 αἰκίας
638 496 738 550 καὶ
775 496 1083 570 λοιδορίας,
1127 499 1219 553 καὶ
1258 500 1424 556 αὑτοῦ
1469 501 1647 564 πάσας
1691 500 1791 563 τὰς
1849 501 1984 570 ὑπὲρ

2089 500 2461 568 profectiones
2527 513 2585 559 et
2651 504 2847 558 itinera
2898 520 2913 557 :
2962 518 3154 559 omnes
3223 498 3462 571 denique

3544 516 3663 555 mo-

2088 591 2279 649 lestias
2305 610 2371 649 ac
2418 596 2583 660 mala,
2624 611 2747 666 quae
2778 595 2866 649 vir
2911 594 3266 651 beatissimus
3312 591 3660 648 adversario-

2090 701 2214 739 rum
2246 686 2600 741 iniestatione
2627 685 2880 758 quotidie
2918 685 3203 741 sustinens
3228 684 3298 748 ³⁸,
3352 682 3662 739 sustinebat

2088 779 2401 843 Dominum,
2449 778 2628 834 donec
2678 777 2728 833 is
2792 778 2871 834 illi
2950 774 3240 833 attendens
3293 775 3660 845 exauditaque

2088 870 2241 925 illius
2275 870 2549 937 oratione,
2581 868 2711 925 ﬁdei
2765 868 2988 940 ianuam
3040 868 3299 939 gentibus
3349 867 3564 937 aperuit
3586 869 3654 923 ⁸⁵.

2085 963 2273 1017 Donec
2298 960 2581 1026 misertus,
2610 961 2801 1019 eduxit
2829 976 2960 1019 eum
3005 960 3073 1014 de
3124 960 3246 1014 lacu
3303 958 3562 1020 miseriae,
3594 972 3666 1012 ae

2086 1053 2236 1107 velut
2260 1052 2431 1107 maris
2454 1052 2719 1122 procella,
2753 1051 3052 1123 impiorum
3080 1051 3136 1105 in
3158 1065 3290 1106 eum
3323 1050 3533 1105 insultu
3568 1048 3659 1104 in-

2085 1149 2328 1210 crepato,
2354 1156 2656 1210 eorumque
2678 1140 2850 1196 animi
2881 1148 3102 1195 tumore
3156 1138 3372 1200 sedato,
3430 1153 3496 1193 ac
3548 1136 3663 1192 dae-7

2085 1234 2338 1288 moniaco
2357 1233 2565 1304 impetu
2590 1232 2846 1295 delinito,
2870 1232 3051 1302 iisque
3087 1222 3147 1286 in
3191 1230 3441 1285 divinum
3496 1229 3659 1285 timo-

2085 1340 2203 1379 rem
2246 1325 2531 1394 signorum
2573 1324 3100 1393 tremendorumque
3162 1332 3541 1393 portentorum
3599 1322 3654 1376 vi

2084 1414 2410 1477 immutatis,
2437 1423 2604 1484 atque
2634 1412 2691 1467 in
2716 1428 2844 1469 eum
2884 1412 3114 1467 modum
3158 1413 3226 1467 ad
3271 1426 3555 1467 assensum
3593 1410 3658 1465 li-

2082 1503 2317 1572 demque
2346 1501 2597 1557 veritatis
2626 1501 2911 1572 Evangelii
2955 1501 3251 1562 traductis,
3303 1508 3421 1554 tum
3448 1515 3659 1570 praeco-

2083 1611 2207 1649 nem
2235 1610 2399 1649 suum
2418 1608 2485 1649 ex
2509 1593 2912 1648 homicidarum
2941 1593 3182 1663 procella
3218 1593 3388 1658 eruit,
3409 1601 3526 1647 tum
3566 1608 3656 1648 ve-

2082 1688 2165 1742 lut
2200 1702 2233 1742 e
2266 1688 2477 1757 pelago,
2504 1702 2574 1741 ex
2601 1687 2754 1741 varia
2788 1701 2852 1741 ac
2908 1686 3199 1757 multiplici
3229 1700 3427 1739 eorum
3458 1684 3656 1755 impie-

2086 1788 2196 1835 tate
2220 1780 2558 1849 redemptos,
2585 1779 2741 1850 quasi
2779 1779 2835 1833 in
2881 1779 3142 1848 sospitale
3180 1780 3356 1841 littus,
3384 1777 3455 1833 ad
3485 1775 3657 1831 maxio

2087 1887 2235 1946 mum
2261 1871 2543 1926 Simonem
2576 1870 2902 1939 appellebat.
2934 1870 3087 1941 lique
3133 1869 3294 1932 adeo,
3324 1870 3563 1923 immota:
3590 1869 3657 1923 il—

2087 1964 2195 2018 lius
2220 1961 2346 2017 ﬁdei
2379 1972 2548 2033 petra:
2571 1960 2708 2027 nixi,
2736 1971 2792 2017 et
2818 1976 2957 2031 aqua
3014 1960 3294 2015 emundati
3336 1974 3406 2015 ac
3444 1958 3656 2028 Spiritu

2085 2053 2368 2115 illustrati,
2399 2052 2682 2121 sacrisque
2712 2067 2813 2121 per
2844 2067 2973 2107 eum
3029 2050 3232 2106 initiati
3258 2065 3323 2106 ac
3350 2050 3655 2105 consecrati

2086 2148 2381 2223 mysteriis,
2401 2147 2455 2201 in
2476 2147 2755 2202 Ecclesias
2780 2146 3179 2210 immaculatas,
3210 2146 3263 2202 ci
3293 2145 3656 2217 perﬁcieban-

2087 2248 2195 2309 tur,
2228 2239 2321 2309 qui
2357 2252 2575 2294 omnem
2600 2252 2631 2292 a
2663 2238 2875 2293 macula
2909 2235 3207 2308 puritatem
3235 2236 3481 2293 excedita

2156 2512 2248 2568 Sic
2270 2512 2382 2568 Deo
2411 2511 2763 2567 beatissimus
2790 2512 3030 2577 Zelotes,
3073 2526 3195 2581 quae
3246 2519 3502 2566 conserta
3539 2510 3669 2566 acie

2083 2604 2348 2659 adversus
2373 2604 2529 2659 illum
2580 2605 2779 2668 stabat,
2810 2606 3074 2659 virtutem
3110 2604 3433 2674 superavit;
3468 2602 3660 2673 sicque

2084 2695 2205 2750 illos
2231 2696 2535 2766 captivans,
2568 2711 2709 2766 quos
2763 2711 2828 2751 ea
2872 2694 3179 2759 addixerat,
3230 2694 3397 2750 saluti
3442 2694 3663 2749 deditos

2080 2787 2330 2857 quotidie
2353 2788 2615 2842 Ecclesia
2639 2786 2991 2858 adjungebat.
3021 2787 3225 2841 Verum
3268 2801 3506 2856 namque
3559 2786 3656 2841 Dei

2081 2878 2438 2933 simulacrum
2495 2878 2551 2934 in
2604 2893 2672 2933 eo
2724 2877 2997 2932 elucebat.
3063 2877 3311 2933 Vidisses
3348 2877 3655 2947 simplicem

2080 2987 2231 3036 eum,
2263 2980 2322 3025 et
2347 2969 2740 3025 multiformem
2765 2986 2782 3035 ;
2811 2984 2877 3025 ac
2902 2968 3050 3023 sicut
3078 2970 3162 3025 sol
3210 2985 3337 3026 cum
3384 2985 3527 3025 unus
3556 2984 3659 3024 na-

2082 3075 2203 3121 tura
2233 3063 2508 3130 sit,unius
2536 3062 2925 3134 generisluce,
2953 3060 3167 3117 elfectis
3192 3068 3373 3117 tamen
3422 3054 3486 3117 ac
3540 3061 3659 3115 vir-

399 3162 595 3231 φύσιν,
630 3163 709 3235 τῷ
740 3165 1006 3234 μονοειδεῐ
1034 3165 1129 3220 τοῦ
1171 3167 1370 3238 φωτὸς,
1401 3168 1646 3235 ποικίλος
1678 3170 1734 3223 δὲ
1760 3150 1974 3224 δείκνυ-

2087 3156 2293 3211 tutibus
2321 3156 2507 3209 varius
2534 3152 2846 3209 ostenditur
2870 3169 2883 3206 :
2915 3152 2995 3208 sic
3019 3161 3077 3207 et
3104 3167 3332 3221 magnus
3353 3150 3657 3222 apostolus.

400 3269 497 3307 ται
514 3257 639 3318 ταῖς
670 3256 974 3328 ἐνεργείαις
997 3272 1012 3288 ·
1031 3256 1175 3312 οὕτω
1235 3261 1340 3313 καὶ
1366 3262 1395 3315 ὁ
1434 3261 1610 3331 μέγας
1655 3260 1974 3325 ἀπόστολος,

400 3345 647 3417 host.ch
681 3348 778 3419 μὲν
808 3349 927 3419 ἦτοι
955 3349 1313 3420 χριστοειδὴς,
1346 3350 1426 3420 τῷ
1454 3351 1585 3421 περὶ
1613 3352 1821 3415 πάντας
1843 3353 1976 3421 ἀγα-

399 3437 677 3507 θοπρεπεῖ
714 3438 816 3509 τῆς
868 3441 1242 3511 συνειδήσεως,
1280 3441 1517 3506 ποικίλος
1558 3440 1615 3495 δὲ
1674 3444 1794 3505 ταῖς
1840 3459 1979 3515 προσ

403 3529 585 3593 νοίαις
626 3531 722 3584 καὶ
751 3532 872 3594 ταῖς
914 3532 1044 3601 περὶ
1087 3532 1185 3597 τὰς
1221 3533 1542 3606 Ἐκκλησίας
1574 3536 1820 3607 φροντίσι
1845 3535 1982 3589 καθ-

416 3622 596 3691 ωρᾶτο
628 3636 643 3650 ·
676 3621 769 3675 καὶ
797 3621 887 3675 νῦν
919 3625 1018 3692 μὲν
1068 3623 1277 3696 σιωπὴν
1314 3622 1556 3692 εθλογον,
1616 3624 1712 3679 νῦν
1741 3625 1799 3680 δὲ
1825 3626 1982 3694 λόγον

412 3710 633 3779 καίριον
660 3709 1066 3780 ἐνδεικνύμενος
1092 3728 1105 3743 ·
1134 3711 1230 3765 νῦν
1260 3713 1360 3785 μὲν
1414 3714 1983 3787 ἀνθρωποπρεπὲστε-

409 3818 503 3870 ρον
535 3803 653 3865 τοῖς
675 3802 1093 3872 ἑντυγχάνουσιν
1136 3805 1363 3877 ὁμιλῶν,
1406 3807 1500 3860 καὶ
1549 3809 1618 3860 τὰ
1676 3808 1986 3882 ὑψηλότερα

405 3892 499 3946 τοῦ
534 3894 869 3964 Εὑαγγελίου
894 3897 1467 3970 παρακαλυπτόμενος,
1501 3898 1595 3954 νῦν
1623 3901 1679 3954 δὲ
1707 3904 1805 3976 τὴν
1849 3904 1985 3976 ἀλή-

408 3988 565 4041 θειαν
590 3990 1127 4060 παρρησιαζόμενος,
1164 3994 1260 4047 καὶ
1293 3992 1384 4047 τὸν
1412 3993 1505 4047 ὑπ’
1549 3996 1723 4050 αὐτοῦ
1780 4014 1986 4069 κηρυσ‹

414 4075 646 4145 σόμενον
687 4076 919 4147 Ἰησοῦν,
968 4079 1100 4133 Θεὸν
1154 4076 1296 4135 εἶναι
1357 4085 1703 4154 προαιὼνιον,
1757 4088 1981 4156 τέλειον,

410 4167 668 4238 ἄναρχον,
700 4168 1055 4241 ἀτελεύτητον
1079 4172 1585 4244 διαμαρτυρόμενος
1615 4193 1632 4209 ο
1664 4176 1800 4232 Θεὸν
1855 4180 1985 4247 ἀλη-

414 4258 483 4328 θῆ
499 4259 593 4312 καὶ
620 4258 821 4328 ζῶντα,
862 4258 924 4328 ἐξ
949 4262 1202 4332 ἀληθινοῦ
1239 4266 1336 4320 καὶ
1365 4264 1564 4333 ζῶντος
1602 4268 1691 4322 ἀεὶ
1720 4268 1814 4323 τοῦ
1854 4270 1986 4324 ἰδίου

420 4350 754 4423 γεννώμενον
781 4353 995 4426 Πατρός
1029 4372 1046 4388 ο
1101 4355 1389 4428 ἀσώματον
1441 4359 1735 4429 ἀσωμάτου
1767 4378 1784 4395 ·
1827 4361 1987 4431 ἅγιον

431 4441 577 4505 ἁγίου
606 4458 624 4477 ο
645 4443 762 4511 φῶς
796 4446 863 4499 ἐκ
894 4446 1095 4518 φωτὸς,
1140 4446 1286 4518 ζωὴν
1312 4450 1375 4503 ἐκ
1403 4449 1569 4521 ζωῆς,
1600 4454 1865 4525 ὁμότιμον
1893 4456 1987 4510 καὶ

2086 3243 2373 3299 uniformis
2406 3259 2533 3299 cum
2586 3251 2734 3298 esset
2762 3240 3000 3313 (Christo
3022 3240 3233 3298 scilicet
3293 3239 3469 3296 alllnis
3493 3248 3660 3310 atque

2083 3335 2324 3403 similis),
2353 3334 2706 3390 conscientiae
2749 3350 2880 3401 erga
2928 3347 3122 3388 omnes
3171 3332 3459 3398 bonitate;
3508 3329 3661 3384 curis

2086 3426 2443 3482 nihilominus
2489 3423 2969 3494 Ecclesiarumque
3031 3421 3402 3479 sollicitudine
3472 3419 3659 3476 varius

2086 3517 2435 3573 cernebatur.
2462 3516 2537 3571 Ae
2556 3516 2720 3571 modo
2762 3515 3008 3587 quidem,
3043 3529 3348 3586 congruum
3393 3512 3541 3584 justa
3567 3527 3658 3566 ra-

2090 3610 2237 3664 tione
2279 3608 2599 3674 silentium;
2661 3607 2825 3661 modo
2864 3614 3070 3670 autem,
3131 3613 3509 3677 opportunum
3539 3617 3661 3658 ser-

2088 3716 2307 3755 monem
2327 3700 2836 3756 exhibebatznunc
2868 3712 2935 3753 ex
2992 3697 3232 3753 humana
3280 3694 3494 3749 ratione
3555 3693 3661 3747 bu-

2092 3791 2276 3846 mitius
2312 3790 2644 3846 adeuntibus
2676 3787 3025 3861 loquebatur,
3055 3801 3117 3843 ac
3174 3783 3451 3854 Evangelii
3484 3781 3661 3837 sublio

2092 3884 2266 3941 miora
2288 3882 2621 3954 obtegebat;
2652 3895 2799 3936 nunc
2846 3878 3129 3935 veritatem
3166 3876 3345 3949 palam
3399 3875 3663 3945 loqueba-

2091 3988 2202 4045 tur,
2237 3995 2301 4035 ac
2318 3994 2481 4051 quem
2530 3972 3114 4049 pradicabatrlesum,
3154 3971 3327 4027 Deum
3350 3984 3471 4026 esse
3522 3984 3664 4039 prae.

2090 4081 2378 4135 aeternum,
2406 4072 2731 4143 perfectum,
2778 4064 3033 4140 principii
3086 4063 3321 4135 ﬁnisque
3356 4070 3662 4133 expertem,

2092 4165 2539 4223 contestabatur:
2563 4164 2730 4218 Deum
2770 4174 2957 4214 verum
2982 4172 3045 4212 ac
3064 4155 3274 4221 vivum,
3323 4170 3393 4213 ex
3435 4169 3571 4209 vero
3599 4169 3665 4209 ac

2091 4256 2217 4314 vivo
2270 4268 2487 4327 semper
2556 4245 2871 4311 nascentem
2913 4250 3107 4313 Patre;
3153 4246 3542 4317 incorporeum
3595 4260 3662 4299 es

2094 4350 2420 4418 incorporeo
2451 4354 2741 4412 ;sanctum
2771 4358 2840 4397 ex
2860 4347 3047 4396 sancto
3073 4354 3090 4403 ;
3120 4338 3304 4393 lumen
3332 4350 3401 4395 ex
3430 4336 3663 4400 lumine,

2093 4441 2262 4496 vitam
2300 4453 2369 4494 ex
2398 4437 2547 4502 vita;
2594 4434 2714 4506 pari
2739 4434 2948 4487 honore
2980 4437 3037 4485 et
3062 4427 3265 4483 dcitate
3291 4436 3346 4481 et
3377 4424 3619 4479 bonitate
3647 4439 3664 4489 ;

433 4530 644 4598 ὁμόθεον
667 4537 761 4590 καὶ
789 4516 1124 4607 ὀμοάγαθονο
1164 4516 1253 4596 δι⁹ή
1287 4534 1349 4596 οῦ
1403 4516 1647 4614 οὐρανός.
1672 4562 1734 4603 τε
1764 4516 1878 4600 ’καὶ
1916 4549 1984 4618 γῆ

2094 4549 2191 4604 per
2211 4546 2374 4602 quem
2400 4528 2597 4583 coelum
2623 4532 2679 4579 et
2725 4531 2873 4581 terra
2906 4520 3197 4592 producta,
3228 4516 3519 4592 omnisque
3566 4528 3666 4570 eo-

432 4624 697 4698 παρήχθη,
732 4630 828 4682 καὶ
850 4632 879 4684 ὁ
905 4630 1125 4702 σύμπας
1143 4632 1476 4708 διεκοσμήθη
1510 4637 1734 4706 κόσμος.

496 4716 691 4774 Τοῦτον
724 4722 820 4776 νῦν
875 4724 1054 4796 σάρκα
1078 4725 1348 4793 γενέσθαι,
1380 4726 1481 4797 τὴν
1509 4728 1789 4799 ἡμετέραν
1835 4731 1991 4785 εὐτέ-

412 4812 566 4866 λειαν
595 4815 739 4885 ὑπὲρ
766 4816 922 4887 ἡμῶν
948 4819 1016 4874 ὲκ
1062 4818 1399 4892 παρθενικῆς
1430 4819 1528 4877 καὶ
1579 4822 1744 4891 ἀγίας
1793 4824 1987 4893 νηδύος

410 4906 690 4960 ὑποδύντα
720 4923 734 4937 ·
786 4909 880 4962 καὶ⁵
942 4909 1165 4981 σταυρῷ
1225 4910 1322 4964 καλ⁸
1374 4909 1575 4967 πάθεσι
1619 4913 1717 4967 καὶ
1774 4914 1989 4987 θανάτῳ

412 4999 919 5068 προσωμιληκότα,
964 5001 1232 5058 ἀπάθειαν
1283 5003 1415 5075 ἡμῖν
1448 5005 1546 5058 καὶ
1574 5003 1721 5077 ζωὴν
1773 5006 1991 5062 αίώνιον

408 5091 504 5145 διά
552 5092 657 5161 τῆς
700 5094 766 5147 ἐκ
810 5094 1021 5165 νεκρῶν
1064 5096 1368 5166 τριημέρου
1415 5098 1765 5164 ἀναστάσεως
1806 5117 1989 5172 παρα-

414 5184 567 5252 σχεῖν
595 5200 613 5216 ο
633 5183 695 5236 ὃν
720 5184 814 5238 καὶ
841 5184 1217 5257 ἀναληφθῆναι
1247 5188 1553 5257 βλεπόντων
1588 5189 1745 5260 ἡμῶν
1780 5192 1860 5256 είς
1896 5193 1991 5249 τὸν

413 5274 667 5347 ούρανὸν,
694 5275 788 5328 καὶ
810 5275 963 5347 ἥξειν
987 5278 1243 5346 ἐμφανῶς
1286 5277 1447 5343 αὖθις
1490 5280 1703 5335 ἐκεῖθεν
1754 5283 1989 5354 προσδο-

420 5365 628 5437 κῶμεν,
659 5367 740 5430 είς
768 5368 949 5443 κρίσιν
969 5367 1114 5423 ἀπαν
1164 5370 1228 5426 τὸ
1264 5370 1489 5445 πλάσμα
1545 5374 1987 5447 παραστήσονται.

493 5548 601 5603 Καὶ
620 5545 717 5602 νῦν
749 5546 850 5618 μὲν
881 5545 1119 5617 ἐλέγχων
1156 5545 1256 5617 τὴν
1317 5546 1525 5612 ἄνοιαν,
1578 5547 1680 5617 τὴν
1733 5548 1991 5603 ἀσέϐειαν

427 5638 531 5696 τῶν
576 5642 652 5713 μὴ
691 5638 1085 5711 ἐπεγνωκότων
1125 5638 1218 5693 τδν
1267 5638 1421 5702 Θεὸν,
1461 5639 1553 5693 τὸν
1595 5640 1793 5696 οἰκεῖον
1850 5641 1991 5698 πλάσο

492 5825 537 5864 ⁸⁸
563 5824 710 5887 Psal.
743 5837 933 5891 ιτιιιι,
964 5822 1000 5876 2
1093 5823 1138 5854 ¹¹
1167 5821 1302 5884 Luc.
1331 5838 1447 5890 vut,
1477 5822 1567 5883 54.

2097 4639 2218 4679 rum
2243 4632 2470 4676 ornatus
2497 4629 2553 4676 et
2573 4615 2855 4674 distinctio
2886 4615 3055 4673 edita.

2163 4716 2322 4771 llunc
2348 4711 2512 4769 modo
2542 4724 2761 4767 carnem
2798 4707 3005 4765 factum
3036 4721 3182 4772 esse,
3212 4716 3400 4762 nostra
3431 4716 3532 4775 pro
3551 4715 3666 4756 no-

2094 4807 2180 4863 bis
2210 4805 2463 4861 indutum
2490 4801 2715 4864 vilitate,
2760 4814 2829 4856 ex
2857 4798 3112 4870 virginali
3139 4806 3437 4866 sanctoque
3463 4802 3661 4861 utero;
3686 4844 3698 4848 -

2093 4909 2368 4969 cruceque
2396 4903 2451 4949 et
2475 4888 2825 4965 passionibus
2852 4903 2915 4944 ac
2943 4896 3117 4944 morte
3150 4885 3522 4963 perfunctum,
3557 4885 3663 4937 im-

2094 4989 2377 5045 mortalem
2430 4983 2592 5040 nobis
2647 4980 2923 5049 nullisque
2965 4978 3257 5036 obnoxiam
3318 4974 3666 5051 passionibus

2091 5092 2257 5154 atque
2278 5086 2540 5134 atternam
2567 5072 2756 5137 vitam,
2799 5070 3049 5128 triduana
3074 5084 3142 5127 ex
3183 5066 3416 5125 mortuis
3474 5082 3663 5121 resur-

2092 5173 2335 5232 rectione
2375 5168 2662 5243 pmbere:
2721 5178 2887 5235 quem
2919 5170 2977 5218 et
3031 5160 3195 5218 nobis
3235 5159 3555 5217 videntibus
3603 5159 3662 5215 in

2094 5265 2295 5323 coelum
2340 5268 2650 5328 receptum.
2702 5254 2831 5314 inde
2884 5267 3079 5311 rursus
3128 5251 3423 5321 cormpicua
3479 5251 3664 5321 specie

2100 5364 2396 5413 venturum
2425 5332 2825 5424 exspectamus,
2855 5345 2950 5419 qui
2970 5359 3071 5417 pro
3096 5341 3356 5399 tribunali
3377 5342 3481 5398 sibi
3507 5342 3666 5407 sistat

2100 5464 2262 5505 omne
2294 5446 2597 5505 humanum
2624 5454 2817 5513 genus.

2171 5538 2250 5594 Ac
2272 5536 2436 5591 modo
2464 5532 2709 5604 quidem,
2736 5544 2927 5586 eorum
2954 5527 3047 5599 qui
3094 5527 3266 5581 Deum
3320 5525 3664 5581 conditorem

2100 5646 2261 5692 suum
2287 5626 2587 5697 mundique
2633 5624 2795 5695 hujus
2820 5619 3198 5680 universitatis
3246 5618 3499 5697 opiﬁcem
3553 5634 3667 5684 non
