4134 6278
471 320 578 376 251

1679 305 1972 368 ΝΙΕΕΤΛΞ
2008 304 2201 367 PAPII
2213 302 2535 367 LAGONIS

3626 303 3736 370 252

469 427 697 490 (edens,
733 425 787 478 in
824 439 882 479 se
905 438 1038 479 vero
1065 431 1216 479 totus
1258 434 1581 486 conversus,
1623 437 1793 491 seque
1845 421 2047 485 medio,

2162 418 2321 472 θῶσιν
2344 437 2358 449 ·
2397 418 2533 488 μετά
2561 412 2736 470 ταῦτα
2761 413 2915 485 γοῦν,
2943 411 3036 470 τοῦ
3066 413 3276 486 κόσμου
3311 413 3411 486 μὶν
3428 412 3612 469 τέλεον
3635 417 3734 470 καὶ

475 522 530 575 in
548 535 698 584 eum,
737 518 793 572 in
825 532 987 587 quem
1023 532 1123 586 per
1148 515 1314 572 fidem
1346 529 1563 584 semper
1605 513 2000 584 commigrabat
2030 529 2045 579 ;

473 623 676 681 corpus
702 607 928 680 quidem
958 609 1109 664 velut
1130 607 1397 678 quasdam
1418 606 1578 661 fzeces
1604 607 1778 676 ponit,
1807 606 1901 675 qui
1929 622 2051 682 car-

473 706 562 759 nis
576 702 788 774 pridem
822 700 1143 756 indumento
1163 710 1450 754 emortuus
1479 707 1654 763 esset;
1686 698 1836 753 velut
1865 710 2048 753 autem

477 795 584 850 levi
612 809 792 864 penna
815 809 878 848 ac
911 793 1166 862 cmlipeta
1207 791 1408 861 spiritu
1458 791 1514 845 in
1570 791 1741 846 caelos
1776 791 2047 854 sublatus,

481 883 631 942 videt
668 886 772 941 sibi
802 886 1059 941 ctelestes
1104 894 1326 955 apertas
1364 884 1595 955 januas;
1627 883 1779 940 videt
1825 892 1880 939 et
1905 884 2051 938 clare

483 976 678 1032 Filium
705 975 988 1031 sedentem
1023 991 1054 1029 a
1078 974 1288 1029 dextris
1316 983 1561 1044 paterna:
1587 975 1896 1045 majestatis
1929 991 1943 1028 :
1970 974 2053 1045 ip-

479 1082 648 1138 seque
677 1066 894 1123 cunctis
921 1066 1029 1121 illis
1059 1065 1326 1120 mentium
1352 1073 1780 1132 sanctorumque
1818 1064 2054 1135 stipatus

483 1159 811 1232 agminibus,
858 1158 1088 1230 mystice
1132 1173 1196 1213 ac
1234 1173 1341 1228 qua
1388 1173 1553 1211 nemo
1595 1158 1785 1212 verbis
1813 1158 2055 1227 explicet

487 1250 726 1315 ratione,
762 1250 833 1304 ad
869 1264 1185 1319 supremum
1234 1247 1481 1303 omnium
1530 1262 1712 1318 regem
1763 1248 1880 1303 adit
1926 1263 2051 1304 cum

485 1344 886 1407 exsultatione;
923 1342 1212 1413 ipsumque
1245 1341 1382 1395 facie
1407 1340 1481 1406 ad
1509 1340 1704 1395 faciem
1736 1350 1953 1408 nactus,
1988 1358 2054 1397 ac

488 1437 566 1490 illi
598 1435 796 1489 eximie
819 1433 1001 1489 laudis
1036 1432 1255 1488 cantico
1283 1432 1599 1496 defunctus,
1648 1431 1891 1501 Jesuqtte
1923 1433 2055 1488 dex-

485 1537 620 1591 tera,
652 1543 855 1582 corona
880 1526 1069 1598 gloriae
1096 1525 1336 1581 donatus
1365 1542 1381 1578 :
1409 1524 1578 1579 nullis
1605 1525 1844 1595 denique
1871 1525 2054 1581 verbis

480 1619 799 1688 explicabiii
856 1625 1122 1689 apparatu
1172 1626 1338 1688 atque
1365 1617 1579 1672 honore
1608 1627 1924 1689 susceptus,
1957 1634 2053 1672 su-

479 1709 687 1776 premis
735 1710 1039 1782 primisque
1086 1716 1375 1781 conpletur
1416 1715 1588 1779 atque,
1624 1710 1817 1766 unitur
1853 1711 1951 1766 Dei
1987 1709 2053 1766 li-

542 2075 662 2139 iioc
698 2078 824 2148 tibi,
868 2077 1056 2138 divine
1101 2077 1269 2139 Verbi
1294 2096 1359 2138 ac
1395 2079 1847 2154 eloquentissime
1888 2085 2056 2142 disci-

477 2174 626 2243 pule,
675 2173 780 2228 hoc
804 2173 1092 2243 longorum
1123 2172 1396 2238 laborum,
1431 2190 1572 2243 quos
1606 2176 1852 2246 magistri
1878 2192 2043 2232 causa

479 2259 872 2328 desudaveras,
924 2263 1150 2334 dignum
1201 2265 1533 2334 praemium;
1567 2275 1628 2320 ut
1658 2268 1917 2324 videlicet
1967 2269 2047 2324 illi

479 2355 581 2426 ipsi
623 2355 987 2425 copulareris,
1016 2370 1082 2409 ac
1112 2356 1259 2410 sicut
1287 2371 1415 2411 eum
1449 2357 1856 2415 clariﬁcaveras
1880 2377 2047 2431 super

479 2457 706 2513 terram,
746 2448 827 2502 sic
866 2462 991 2502 cum
1029 2462 1098 2502 eo
1134 2446 1189 2502 in
1219 2448 1377 2505 caelis
1410 2451 1800 2507 ciarillcareris
1832 2468 1847 2506 :
1876 2469 1943 2508 ac
1968 2454 2049 2509 si-

479 2540 868 2596 :utexcellenti
897 2541 1135 2610 quadam
1161 2542 1370 2597 ratione
1390 2543 1711 2612 passionum
1743 2545 1930 2601 socius
1951 2562 2057 2602 ex-

479 2634 718 2699 stiteras,
748 2633 830 2689 sic
856 2634 1103 2705 ejusdem
1131 2649 1256 2689 cum
1285 2650 1354 2690 eo
1379 2637 1531 2708 regni
1560 2638 1837 2709 particeps
1864 2639 2050 2696 enice-

478 2725 640 2782 reris.

546 2815 709 2872 Salve
743 2816 821 2872 sis
841 2815 1030 2886 igitur,
1062 2817 1175 2873 Deo
1200 2817 1521 2876 beatissime
1577 2837 1903 2895 summeque
1949 2844 2049 2884 ve-

477 2907 742 2964 nerabilis
775 2908 994 2975 Simon,
1012 2909 1348 2967 obedientiae
1365 2928 1568 2968 nomen
1603 2915 1735 2984 (hoc
1754 2918 1902 2972 enim
1929 2920 2052 2992 ejus

478 3008 869 3080 significatum)
900 3008 1065 3080 digne
1095 3010 1209 3065 Deo
1229 3008 1462 3065 laudada
1495 3026 1583 3066 res
1607 3009 1882 3081 digneque
1902 3027 2053 3066 ama-

2151 509 2244 563 τοῦ
2273 510 2525 581 σώματος
2557 509 2928 577 ἐξιστάμενος,
2966 509 3101 578 πρὸς
3145 507 3337 561 ἑαυτὸν
3365 507 3424 561 δὲ
3446 524 3735 562 συννενευο

2151 602 2261 665 κὼς
2295 603 2436 665 ὅλος,
2474 602 2568 654 καὶ
2597 601 2664 654 δι’
2691 600 2885 654 ἑαυτοῦ
2922 600 3058 670 πρὸς
3080 599 3194 662 τὸν,
3223 601 3281 652 ὲν
3305 592 3349 668 ᾧ
3375 601 3464 652 διά
3492 600 3735 661 πίστεως

2150 688 2218 764 ἦν
2250 694 2338 747 ἀεὶ
2369 692 2784 762 μεθιστάμενος,
2816 692 3221 755 ἀποδιῦλίζεται
3249 691 3346 761 μὲν
3367 690 3616 760 καθάπερ
3637 688 3736 742 τοῦ

2154 785 2427 856 σώματος,
2447 776 2632 838 ’πάλαι
2662 784 2724 836 τὸ
2751 784 3006 855 σάρκινον
3035 785 3261 854 φόρημα
3295 783 3700 852 νενεκρωμένος
3718 797 3735 813 ⁸

2152 873 2241 932 οἷα
2267 877 2326 930 δὲ
2352 877 2538 948 πτερῷ
2559 876 2747 950 κούφῳ
2787 877 2882 930 καὶ
2917 876 3275 948 οὑρανοπόρῳ
3329 875 3407 945 τῷ
3459 874 3738 944 πνεύματι

2152 966 2497 1037 διαιρόμενος-
2517 968 2596 1030 είς
2623 967 2906 1038 οὐρανοὺς,
2927 967 3030 1038 ὁρᾷ
3063 965 3160 1034 μὲν
3193 965 3292 1027 τὰς
3318 964 3572 1036 οὐρανίας
3598 965 3738 1019 ἀνα-

2153 1056 2512 1127 πεπταμένας
2545 1056 2694 1127 αὑτῷ
2733 1056 2908 1119 πύλας
2937 1073 2954 1091 ο
2983 1057 3088 1128 δρᾷ
3111 1057 3166 1110 δὲ
3197 1055 3454 1125 καθαρῶς
3488 1057 3580 1110 τὸν
3603 1057 3741 1110 Υἱὺν

2153 1145 2246 1200 τοῦ
2276 1145 2412 1218 Θεοῦ
2442 1150 2504 1200 ὲκ
2525 1142 2713 1212 δεξιῶν
2733 1147 2834 1217 τῆς
2866 1147 3133 1218 Πατρώας
3163 1145 3554 1218 μεγαλωσύνης
3589 1147 3742 1218 ἱδρυ-

2158 1239 2319 1308 μένον
2341 1254 2354 1266 ·
2390 1239 2484 1292 καὶ
2507 1230 2667 1304 αὑτὸς
2692 1239 2797 1292 ὑπὸ
2829 1223 3010 1307 πάσης
3047 1241 3242 1310 νοερᾶς
3269 1239 3363 1292 καὶ
3383 1239 3543 1307 ἁγίας
3581 1238 3742 1310 δορυ-

2155 1329 2488 1401 φορούμενος
2520 1330 2864 1401 ταξιαρχίας,
2895 1331 3143 1402 πρόσεισι
3174 1333 3454 1402 μυστικῶς
3497 1333 3592 1384 καὶ
3640 1333 3744 1403 ἀρ-

2156 1425 2336 1493 ρήτως
2359 1423 2438 1494 τῷ
2465 1423 2567 1494 τῆς
2598 1423 2758 1495 δόξης
2781 1425 2840 1478 ἐν
2873 1424 3195 1492 ἀγαλλιάσει
3224 1425 3571 1496 Παμὸασιλεῖ
3591 1442 3606 1455 ο
3645 1428 3742 1480 καὶ

2154 1514 2305 1586 αὑτῷ
2357 1516 2654 1586 πρόσωπον
2704 1517 2841 1587 πρὸς
2890 1516 3183 1585 πρόσωπον
3241 1516 3621 1588 ἐντετυχηκὼς
3646 1519 3740 1570 καὶ

2156 1606 2452 1678 ὑπερφυῶς
2475 1607 2636 1661 αὑτὸν
2666 1608 2927 1678 ὑμνηκιῖκ
2952 1623 2968 1638 ·
3001 1608 3095 1660 καὶ
3123 1609 3202 1680 τῷ
3251 1609 3504 1680 στεφάνῳ
3526 1609 3625 1678 τῆς
3650 1613 3736 1662 δι-

2157 1699 2454 1769 καιοσύνης
2483 1699 2634 1769 παρά
2662 1701 2761 1769 τῆς
2789 1700 2970 1766 δεξιᾶς
2998 1702 3444 1772 ἐστεφανωμένος
3486 1699 3576 1756 τοῦ
3625 1702 3731 1772 Ἰη-

2161 1791 2255 1846 σοῦ
2291 1808 2304 1823 ⁸
2331 1795 2423 1846 καὶ
2446 1793 2689 1865 ἀρρήτου
2705 1792 3005 1859 δεξιώσεως
3040 1794 3136 1848 καὶ
3155 1794 3322 1865 τιμῆς
3353 1793 3728 1858 καταξιωθεὶς,

2156 1886 2270 1948 τοῖς
2300 1885 2561 1939 ἀνωτάτω
2589 1886 2685 1938 καὶ
2707 1888 2945 1956 πρώτοις
2973 1884 3070 1940 τοῦ
3134 1883 3276 1940 Θεοῦ
3336 1885 3739 1957 συναρμόξεται

2160 1978 2255 2031 καὶ
2290 1977 2610 2032 συνενοῦται
2634 1979 2848 2033 παισίν.

2229 2066 2399 2120 Τοῦτό
2443 2084 2549 2133 σοι,
2579 2065 2834 2121 θεσπέσιε
2857 2068 2950 2121 τοῦ
2985 2067 3160 2135 Λόγου
3189 2068 3283 2123 καὶ
3309 2069 3612 2138 λογιὼτατε
3644 2087 3748 2141 μα-

2157 2157 2328 2227 θητά·
2352 2157 2513 2211 τοῦτο
2538 2157 2646 2210 τῶν
2676 2158 2903 2230 μακρῶν
2937 2159 3077 2230 ὑπὲρ
3099 2158 3191 2214 τοῦ
3212 2159 3534 2214 διδασκάλου
3562 2164 3751 2217 πόνων

2157 2252 2218 2305 τὸ
2246 2251 2416 2322 γέρας
2451 2251 2723 2316 ἀντάξιον,
2764 2251 2916 2322 αὑτῷ
2955 2253 3149 2323 ἐκείνῳ
3206 2255 3548 2324 συναφθῆναι
3580 2271 3594 2285 ·
3647 2259 3751 2311 καὶ

2153 2343 2344 2415 ὥσπερ
2382 2344 2641 2408 ὲδὸξασας
2664 2343 2826 2397 αὐτὸν
2863 2343 2959 2397 ἐπὶ
2988 2346 3086 2416 τῆς
3121 2345 3246 2414 γῆς,
3278 2345 3452 2412 οὑτως
3480 2348 3542 2400 ὲν
3567 2349 3747 2420 οὑραο

2153 2439 2266 2499 νοῖς
2293 2436 2445 2506 αὐτῷ
2478 2434 2906 2506 συνδοξασθῆναι
2933 2451 2949 2466 ·
2971 2437 3087 2507 Ι,καὶ
3117 2435 3308 2510 ὥσπερ
3340 2438 3450 2490 τῶν
3482 2439 3753 2511 παθημά.

2151 2546 2258 2582 των
2288 2528 2741 2599 ὑπερϐαλλόντως
2771 2527 3140 2599 ὲκοινιῖινησας
3163 2573 3178 2593 ,
3211 2528 3353 2584 οὕτω
3387 2533 3482 2585 καὶ
3511 2530 3612 2600 τῆς
3637 2533 3747 2586 αὑ-

2150 2621 2251 2690 τῆς
2280 2620 2430 2692 αὑτῷ
2461 2620 2741 2692 βασιλείας
2771 2625 3201 2693 συμμετασχεῖν.

2223 2804 2394 2874 Χαῖρε
2416 2803 2618 2865 τοίνυν,
2641 2795 2687 2857 ὦ
2719 2802 3255 2875 θεομακαριστότατε
3297 2805 3396 2860 καὶ
3437 2807 3744 2877 τιμιώτατε

2154 2896 2356 2967 Σίμων,
2380 2897 2442 2950 τὸ
2469 2896 2569 2966 τῆς
2594 2897 2843 2968 ὑπακοῆς
2873 2897 3045 2968 ὄνομα
3084 2915 3100 2931 ο
3156 2900 3318 2953 τοῦτο
3340 2901 3450 2969 γὰρ
3489 2903 3522 2970 ἡ
3559 2918 3746 2971 σημαο

2155 2990 2248 3043 σία
2276 3006 2290 3021 ⁸
2325 2990 2388 3043 τὸ
2410 2988 2786 3054 ἀξιεπαίνετον
2813 2990 2932 3062 Θεῷ
2963 2993 3198 3064 πρᾶγμα
3225 2995 3322 3048 καὶ
3346 2993 3705 3064 ἀξιοπόθητον
3725 3011 3743 3026 ο

478 3101 631 3168 bilis,
659 3109 826 3172 atque
868 3101 1080 3172 angelis
1119 3102 1343 3172 quidem
1395 3103 1725 3170 amulanda,
1771 3104 2054 3160 tremenda

2162 3081 2255 3136 καὶ
2311 3082 2567 3151 ἀγγέλοις
2628 3084 2727 3153 μὲν
2771 3083 3037 3154 ζηλωτὸν,
3098 3085 3318 3157 δαίμοσι
3370 3085 3424 3139 δὲ
3456 3087 3687 3154 φρικτόν
3722 3101 3738 3117 ·

481 3207 620 3249 vero
649 3194 1033 3259 dxemonibus;
1086 3209 1152 3249 ac
1206 3193 1464 3250 fidelibus
1510 3195 1733 3265 quidem
1761 3198 2056 3252 venerabio

476 3285 548 3342 lis
575 3291 633 3339 et
661 3283 934 3352 amabilis,
964 3283 1281 3342 infidelibus
1309 3301 1444 3341 vero
1471 3287 1703 3342 molesta
1732 3296 1790 3343 et
1819 3304 2055 3345 aversa-

479 3378 627 3434 bilis.

553 3470 714 3534 Salve
736 3470 833 3536 sis,
858 3468 1063 3526 Christi
1095 3471 1383 3526 aemulator
1407 3470 1810 3527 ferventissime
1835 3488 1899 3528 ac
1923 3489 2059 3543 gna-

478 3561 740 3628 vissime,
788 3569 941 3617 tanto
982 3561 1187 3616 Phines
1219 3561 1337 3627 illo,
1379 3561 1610 3631 Eliaque
1637 3570 1693 3615 et
1735 3562 1962 3628 Eiisaao;
1995 3577 2062 3618 ac

484 3654 779 3726 prophetis
821 3670 889 3710 eo
926 3655 1151 3709 nomine
1183 3652 1406 3709 laudem
1456 3653 1811 3717 habentibus,
1871 3654 2062 3709 divino

479 3748 600 3803 zelo
631 3747 908 3817 superior,
942 3756 1150 3817 quanto
1179 3745 1387 3802 Christi
1415 3746 1601 3801 schola
1625 3747 1856 3817 ejusque
1880 3746 2053 3801 disci-

473 3840 595 3910 puli
619 3840 885 3909 partibus,
920 3840 1182 3910 majorem
1229 3836 1325 3894 Dei
1380 3837 1638 3893 notitiam
1690 3839 2063 3909 majoremque

487 3930 619 3984 fidei
669 3930 943 3984 fervorem
978 3928 1250 4000 adeptus,
1286 3928 1510 3998 majoris
1557 3943 1778 3999 quoque
1831 3928 2065 3985 fervoris

484 4023 826 4078 alacritatem
856 4020 1212 4092 studiumque
1245 4019 1373 4074 boni
1404 4020 1697 4090 praestandi
1718 4022 1889 4092 gratia
1920 4036 2054 4077 con-

486 4114 689 4169 tulisti.

552 4204 763 4271 Gaude,
816 4202 964 4274 quod
1019 4210 1115 4258 tua
1167 4202 1340 4274 ipsius
1363 4217 1533 4273 opera
1561 4201 1869 4269 honestata,
1894 4220 2061 4275 quam

484 4300 542 4353 in
577 4308 725 4354 terra
773 4307 970 4353 nactus
1020 4296 1225 4362 fueras,
1277 4295 1787 4366 patria;illamque
1844 4298 2068 4367 penitus

481 4405 896 4462 supergressus,
955 4390 1201 4445 rationes
1272 4398 1414 4453 tuas,
1450 4389 1602 4442 velut
1640 4389 1882 4444 caelestis
1921 4388 2068 4444 illius

2159 3175 2257 3230 καὶ
2308 3178 2518 3238 πιστοῖς
2554 3177 2654 3245 μὲν
2696 3177 2975 3249 αἰδέσιμον
3025 3180 3123 3233 καὶ
3168 3181 3440 3252 ἐράσμιον,
3473 3179 3733 3244 ἀπίστοις

2160 3267 2214 3320 δὲ
2247 3265 2385 3339 βαρύ
2409 3283 2470 3320 τε
2497 3268 2592 3322 καὶ
2619 3270 3011 3342 ἀποτρόπαιον.

2205 3444 2425 3514 Χαῖρε,
2452 3443 2692 3515 Χριστοῦ
2723 3443 2942 3515 ζηλωτὰ
2969 3445 3269 3519 θερμότατε
3299 3445 3394 3502 καὶ
3414 3446 3732 3518 δραστήριιο

2161 3537 2402 3608 τοσούτῳ
2453 3539 2532 3609 τῷ
2579 3539 2709 3609 θείῳ
2769 3538 2919 3612 ζήλῳ
2979 3541 3073 3594 τὸν
3126 3540 3312 3606 Φινεὲς
3371 3543 3600 3604 ἐκεῖνον,
3649 3543 3746 3596 τὸν

2175 3628 2383 3694 Ἠλίαν,
2407 3630 2501 3683 τὸν
2541 3630 2867 3696 Ἐλισσαῖον,
2902 3630 2998 3685 καὶ
3032 3632 3163 3696 τοὺς
3207 3632 3299 3685 ἐπὶ
3348 3631 3526 3702 τούτῳ
3567 3650 3751 3703 μακαο

2167 3720 2486 3791 ριζομένους
2511 3721 2869 3792 ὑπερστὶλλων
2897 3721 3004 3775 τῶν
3030 3723 3349 3794 προφητῶν,
3381 3723 3491 3792 ὅσῳ
3522 3724 3601 3793 τῷ
3652 3741 3757 3792 μα-

2165 3812 2424 3884 θητεύσαι
2445 3813 2667 3885 Χριστῷ
2702 3813 2947 3877 πλείονος
3001 3813 3330 3882 θεογνωσίας
3360 3814 3455 3868 καὶ
3488 3815 3755 3886 θερμοτὲ·

2168 3924 2266 3976 ρας
2303 3908 2402 3977 τῆς
2436 3909 2674 3971 πίστεως
2698 3907 3068 3978 εὑμοιρηκὼς,
3121 3907 3462 3978 θερμοτέραν
3507 3908 3605 3961 καὶ
3651 3907 3752 3976 τὴν

2167 3999 2310 4071 ὑπὲρ
2338 3998 2431 4054 τοῦ
2467 4000 2676 4071 ἀγαθοῦ
2706 4000 3020 4072 προθυμίαν
3044 4004 3411 4072 κατενηνοχας
3447 4000 3542 4055 καὶ
3581 4015 3755 4054 σπου-

2165 4090 2286 4163 δήν.

2236 4184 2431 4256 Χαῖρε,
2459 4184 2541 4239 ὅτι
2594 4184 2663 4239 δι’
2691 4183 2885 4239 ἑαυτοῦ
2927 4185 3198 4257 σεμνύνας
3240 4183 3340 4256 τὴν
3382 4184 3622 4257 πατρίδα
3652 4184 3748 4252 τὴν

2166 4277 2259 4330 ἐπὶ
2285 4276 2410 4347 γῆς,
2431 4277 2530 4348 τῆς
2553 4277 2651 4348 μὲν
2697 4276 2880 4331 τέλεον
2937 4277 3338 4348 ὑπερανέστης,
3376 4277 3468 4332 τὸν
3517 4277 3750 4348 οὐρανὸν

2167 4369 2244 4434 δὲ,
2266 4367 2342 4432 ὡς
2369 4369 2618 4438 οὑράνιος
2671 4368 2894 4440 ᾤκησας
2948 4373 3077 4433 παῖς
3100 4387 3116 4401 ·
3149 4369 3248 4425 καὶ
3275 4368 3437 4435 Σιὼν,
3471 4369 3610 4424 Θεοῦ
3647 4368 3754 4440 τὴν

484 4482 544 4537 in
565 4483 766 4537 coelum
791 4480 1162 4563 transtuleris,
1193 4480 1470 4550 Sioneque
1498 4481 1594 4535 Dei
1627 4480 1911 4551 Metropoli
1937 4495 2056 4535 vera

2174 4460 2529 4533 μητρόπολιν,
2567 4461 2799 4532 πατρίδα
2819 4462 2994 4534 ἀληθῆ
3024 4463 3299 4532 ἐγνωκὼς,
3321 4461 3582 4533 Σιωνίτης
3611 4461 3755 4530 μᾶλ-

482 4574 704 4644 cognita
737 4573 932 4643 patria,
959 4572 1200 4628 Sionites
1221 4573 1425 4642 potius,
1450 4587 1614 4641 quam
1639 4571 1859 4627 Canites
1877 4573 2067 4643 appel-

484 4663 591 4718 lari
618 4663 932 4719 merueris:
983 4663 1078 4734 qui
1111 4663 1373 4717 nimirum
1433 4663 1576 4718 sicut
1627 4673 1840 4732 patrem
1887 4673 2065 4733 patre,

484 4755 973 4826 hereditatemque
1000 4755 1344 4820 haereditate,
1371 4766 1535 4826 atque
1562 4754 1759 4810 fratres
1780 4756 2064 4824 fratribus,

483 4849 569 4906 sic
592 4858 648 4904 et
682 4848 911 4917 patriam
936 4849 1137 4920 patria,
1174 4848 1536 4919 mortaliaque
1553 4858 1610 4903 et
1635 4848 1801 4912 ﬂuxa,
1843 4847 1910 4904 iis
1943 4863 2067 4919 quae

488 4941 708 4997 stabilia
735 4952 866 4996 sunt
890 4957 954 4997 ac
1003 4943 1343 5014 incorrupta,
1374 4941 1610 5014 sapienti
1644 4942 1882 4998 consilio
1911 4957 2063 4998 com-

485 5034 789 5090 mutaveris
811 5036 879 5092 “.

559 5129 722 5185 Salve
751 5129 848 5193 sis,
898 5130 1079 5185 Patris
1122 5128 1348 5198 quidem
1376 5127 1662 5194 minister;
1719 5127 2070 5198 dispensator

486 5233 623 5275 vero
643 5223 1030 5294 mysteriorum
1087 5215 1233 5288 Filii,
1265 5237 1329 5277 ac
1359 5221 1600 5292 Spiritus
1648 5221 1849 5277 famule
1882 5239 1894 5273 :
1926 5222 2066 5288 sive,

489 5307 669 5368 l’atris
694 5314 917 5384 quidem
951 5329 1135 5384 praeco
1162 5329 1226 5369 ac
1248 5314 1500 5370 minister
1525 5331 1542 5378 ;
1577 5313 1700 5369 Filii
1723 5329 1879 5379 vero,
1915 5314 2068 5370 testis

487 5411 550 5460 et
579 5405 865 5475 apostole;
901 5405 1143 5476 Spiritus
1188 5405 1427 5476 denique
1464 5405 1733 5478 discipule
1756 5421 1819 5462 ac
1850 5404 2063 5474 scriba;

561 5581 613 5616 "
632 5582 790 5639 Joan.
815 5599 879 5649 ιι,
911 5583 933 5637 1
961 5599 977 5649 ;
1004 5582 1119 5641 los.
1144 5599 1259 5651 xu,
1281 5581 1372 5639 28.

559 5757 706 5835 (5r)
733 5772 875 5826 τω
900 5765 1128 5820 audivit.

2171 4555 2264 4608 λον
2311 4556 2347 4625 ἢ
2406 4554 2716 4626 Κανανίτης
2766 4555 2932 4621 ἀξίως
2999 4557 3443 4628 προσηγόρευσαι
3488 4573 3504 4586 ο
3556 4554 3759 4627 ὥσπερ

2175 4647 2389 4719 πατέρα
2422 4647 2522 4718 μὲν
2542 4649 2767 4720 πατρὸς,
2800 4649 3002 4720 κλῆρον
3025 4650 3084 4703 δὲ
3119 4650 3348 4721 κλήρου,
3410 4647 3676 4715 ἀδελφοὺς
3699 4648 3761 4702 δδ

2172 4739 2437 4810 ἀδελφῶν,
2464 4741 2608 4796 οὕτω
2644 4741 2736 4794 καὶ
2771 4740 3008 4812 πατρίδα
3051 4741 3151 4811 τῆς
3203 4740 3484 4812 πατρίδος,
3522 4739 3592 4792 τὰ
3634 4738 3787 4819 ἐπί-ε

2174 4850 2321 4904 κηρα
2357 4834 2452 4887 καὶ
2479 4833 2715 4906 λυόμενα
2760 4833 2869 4890 τῶν
2893 4834 3145 4890 ἑστώτων
3177 4835 3273 4889 καὶ
3298 4833 3601 4906 ἀκηράτων
3632 4833 3761 4904 έχεο

2175 4926 2387 4997 φρόνως
2423 4926 2821 4999 ἀμειψάμενος.

2245 5130 2440 5202 Χαῖρε,
2463 5129 2557 5184 τοῦ
2598 5130 2811 5202 Πατρός
2849 5130 2949 5201 μὲν
2985 5129 3254 5202 ὑπηρέτα,
3287 5127 3537 5200 οἱκονόμε
3566 5126 3626 5182 δι
3654 5144 3757 5196 μυ·
3833 5172 3836 5173 ν

2173 5221 2410 5292 στηρίων
2437 5220 2532 5274 τοὺ
2563 5219 2717 5284 Υίοῦ,
2749 5221 2842 5273 καὶ
2861 5218 2955 5273 τοῦ
2991 5219 3304 5288 Πνεὺματος
3330 5216 3612 5286 λειτουργέ
3644 5230 3658 5245 ·
3697 5213 3760 5285 ἥ,

2171 5311 2267 5365 τοῦ
2305 5312 2404 5384 μὲν
2433 5310 2609 5382 κήρυξ
2636 5311 2732 5366 καὶ
2751 5310 2966 5367 διάκονε
2989 5327 3002 5342 ·
3033 5310 3130 5364 τοῦ
3156 5310 3212 5364 δὲ
3237 5312 3448 5382 μάρτυς
3473 5308 3571 5362 καὶ
3600 5306 3761 5360 ἀπόο

2175 5404 2366 5460 στολε·
2424 5402 2518 5459 τοῦ
2579 5404 2637 5458 δὲ
2689 5404 2871 5475 μύστα
2911 5405 3005 5460 καὶ
3049 5401 3418 5477 γραμματεῦ·
3472 5398 3571 5469 τῆς
3621 5395 3766 5469 μιᾶς
