4134 6278
551 325 665 397 259

1776 322 2072 384 NiCET/E
2111 324 2641 388 PAPHLAGONIS

3731 325 3848 393 260

552 443 804 516 exempla
825 447 1024 497 nactus
1044 447 1212 504 esset,
1241 437 1432 512 sicque
1458 437 1549 494 illa
1564 437 1759 508 majori
1782 438 2008 494 virtutis
2037 440 2139 493 cla-

2250 443 2544 514 περιουσίᾳ
2571 441 2675 512 τῆς
2702 440 2911 514 ἀρετῆς
2949 441 3352 515 ὑπερϐαλόντα,
3387 442 3466 509 ὡς
3499 440 3747 509 ἐκείνους
3775 446 3845 499 ὲκ

553 539 722 593 ritate
747 536 992 600 vicisset,
1035 533 1212 602 iisque
1230 530 1645 600 praecelluisset,
1668 541 1730 586 ut
1753 546 1863 586 non
1888 539 1997 587 tam
2025 531 2142 603 ipse

553 632 797 694 illorum,
832 643 998 699 quam
1038 626 1112 682 illi
1143 626 1263 696 ejus
1306 624 1468 696 longe
1517 623 1825 696 fulgoribus
1880 624 2145 682 honesta-

553 731 748 777 rentur
763 738 826 775 ac
849 720 1226 791 przeniterent.

625 817 782 872 Hunc
814 827 870 871 et
906 816 960 870 in
1002 825 1189 886 typum
1250 819 1455 871 sancta:
1512 826 1578 867 ex
1635 809 1840 867 Iudaeis
1901 809 2144 866 collecta:

552 908 814 964 Ecclesia:
840 916 1185 975 assumptum
1211 920 1333 959 esse
1367 903 1645 958 existimo.
1698 902 1836 972 Quia
1887 902 2035 956 enim
2060 901 2147 959 fu~

551 1011 736 1058 turum
768 1009 912 1064 erat,
936 1009 995 1053 ut
1025 1015 1160 1069 gens
1212 999 1441 1054 Judaica
1504 998 1723 1053 duabus
1753 999 1924 1053 scissa
1970 997 2144 1068 parti-

554 1102 675 1159 bus,
714 1096 882 1150 altera
908 1093 1133 1163 quidem
1160 1094 1570 1150 necessitudine
1587 1093 1700 1151 Deo
1723 1091 2141 1165 adjungeretur,

553 1190 725 1245 altera
766 1186 1171 1257 repelleretur;
1207 1186 1338 1242 hinc
1399 1187 1624 1256 quidem
1651 1201 1752 1256 per
1785 1184 1949 1239 tidem
1980 1187 2145 1256 justi-

554 1281 735 1345 (lcata,
769 1279 896 1334 inde
948 1279 1360 1336 incredulitatis
1402 1293 1569 1333 causa
1626 1276 1924 1342 damnata;
1970 1287 2143 1346 utque

553 1391 678 1445 pars
702 1375 871 1428 altera
921 1373 1459 1444 superaedilicaretur
1533 1384 1700 1441 super
1723 1369 2143 1426 fundamentum

553 1468 921 1537 apostolorum
953 1476 1006 1522 et
1029 1466 1444 1536 prophetarum,
1465 1463 1638 1518 altera
1668 1462 1840 1517 instar
1865 1477 2141 1516 ramorum

553 1559 832 1613 aridorum
862 1569 919 1614 et
954 1559 1233 1613 inutilium
1265 1572 1296 1612 a
1331 1565 1518 1611 sancta
1564 1555 1748 1609 radice
1773 1553 2143 1625 effringeren-

551 1653 744 1717 tur";
777 1653 976 1707 excisa:
1042 1651 1266 1722 quidem
1312 1649 1610 1722 Synagogae
1673 1657 1834 1720 typus
1891 1649 2144 1718 proditus

551 1752 634 1798 est
659 1744 932 1799 nefandus
964 1745 1055 1800 ille
1087 1744 1381 1816 proditor;
1419 1751 1734 1797 sanctarum
1773 1757 1904 1796 vero
1947 1742 2140 1797 Eccle-

2247 534 2403 588 τοῦδε
2441 536 2576 587 πολὺ
2610 534 2838 603 μᾶλλον,
2865 537 2898 609 ἢ
2923 535 3114 592 τοῦτον
3135 536 3198 608 ἐξ
3225 538 3447 594 ἐκείνων
3472 537 3851 609 γνωρίζεσθαι

2247 629 2344 683 καὶ
2373 627 2818 706 λαμπρύνεσθαι,

2321 809 2522 864 Τοῦτον
2549 809 2794 886 ἠγοῦμαι
2832 812 2930 869 καὶ
2975 813 3055 878 είς
3108 811 3282 867 τύπον
3344 812 3443 882 τῆς
3468 812 3527 879 ἑξ
3567 811 3853 868 Ἰουδαίων

2246 901 2411 972 ἁγίας
2450 903 2779 976 Ἐκκλησίας
2810 905 3212 980 παρειλῆφθαι.
3267 907 3485 978 Ἐπειδὴ
3511 909 3619 978 γὰρ
3642 908 3850 977 ἔμελλε

2246 996 2367 1067 διχῆ
2403 997 2464 1051 τὸ
2505 997 2773 1052 Ἰουδαίων
2799 983 3056 1070 μερισθὲν
3099 998 3275 1068 γένος.
3300 986 3374 1053 τὸ
3421 1000 3522 1067 μὲν
3550 999 3849 1069 οἱκειωθῆ-

2247 1106 2337 1146 ναι
2355 1088 2496 1161 Θεῷ,
2512 1091 2568 1145 τὸ
2589 1091 2633 1143 δ’
2658 1090 3016 1163 ἀποτεθῆναι·
3036 1091 3098 1145 τὸ
3115 1089 3215 1162 μὲν
3239 1089 3327 1146 διὰ
3342 1090 3578 1154 πίστεως
3603 1092 3851 1146 δικαιού-

2251 1200 2434 1254 μενον,
2462 1182 2599 1237 τὸδὲ
2655 1181 2724 1237 δι’
2757 1182 3048 1240 ἀπείθειαν
3100 1185 3591 1256 κατακρινόμενονο
3631 1190 3727 1240 καὶ
3776 1188 3849 1242 τὸ

2251 1275 2351 1348 μὲν
2375 1273 2874 1349 ἑποικοδομηθῆναι
2903 1275 2982 1348 τῷ
3014 1275 3251 1346 θεμελίῳ
3271 1277 3377 1329 τῶν
3398 1279 3715 1332 ἀποστόλων
3743 1280 3848 1334 καὶ

2248 1370 2567 1440 προφητῶν,
2594 1370 2654 1422 τὸ
2674 1368 2732 1426 δὲ
2760 1370 2946 1443 τρόπῳ
2980 1369 3192 1424 κλάδων
3229 1370 3410 1441 ξηρῶν
3446 1372 3539 1426 καὶ
3566 1373 3847 1443 ἀκάρπων

2245 1465 2344 1534 τῆς
2369 1464 2532 1532 ἁγίας
2560 1463 2927 1534 ὲκκλασθῆναι
2969 1462 3125 1535 ῥίζης
3152 1478 3167 1493 ο
3194 1462 3364 1529 τύπος
3410 1464 3510 1532 μὲν
3547 1464 3647 1534 τῆς
3672 1467 3848 1518 ἐκκε-

2248 1559 2532 1629 κομμένης
2577 1557 2909 1626 Συναγωγῆς
2957 1558 3166 1619 ἐκεῖνος
3202 1558 3230 1608 ὁ
3262 1556 3579 1625 δυσώνυμος
3630 1559 3846 1631 ἀπελή-

2247 1643 2443 1710 λεγκτο
2493 1645 2794 1716 προδότης·
2853 1645 3026 1707 τύπος
3079 1645 3138 1698 δὲ
3179 1644 3276 1704 τοῦ
3336 1649 3685 1720 σεσωσμένου
3739 1644 3842 1721 τῆς

2251 1737 2404 1806 ίερᾶς
2468 1737 2796 1807 Ἐκκλησίας
2851 1737 3326 1807 καταλείμματος,
3357 1741 3386 1793 6
3413 1742 3833 1811 μακαριώτατος

551 1837 646 1890 sia:
697 1837 1060 1907 reliquiarum
1119 1837 1284 1891 saluti
1334 1836 1646 1890 deditarum
1707 1843 1870 1906 typus
1941 1833 2139 1889 enituit

2259 1830 2480 1894 Ἰούδας,
2512 1830 2541 1882 6
2570 1830 2665 1883 νῦν
2698 1832 3090 1900 ἐπαινούμενος
3143 1831 3417 1886 ἐδείκνυτο
3451 1849 3466 1865 ·
3507 1838 3604 1888 καὶ
3640 1835 3818 1909 ὥσπερ

551 1930 901 1985 beatissimus
930 1931 1120 1995 Judas,
1170 1945 1337 2000 quem
1377 1929 1883 2000 impraesentiarum
1942 1926 2137 1981 lauda-

550 2039 691 2077 mus.
715 2025 791 2078 Ac
842 2023 985 2079 sicut
1018 2023 1111 2078 ille
1143 2024 1213 2078 ob
1258 2023 1469 2095 peccati
1521 2039 1793 2078 summam
1837 2022 2141 2092 nequitiam

548 2117 841 2172 devinctus
865 2117 1209 2188 devotusque
1262 2118 1503 2184 diabolo,
1551 2119 1639 2182 his
1675 2119 1767 2188 qui
1811 2127 2142 2190 sequuntur,

550 2212 602 2264 in
629 2211 914 2266 interitum
935 2213 1096 2281 praeit
1126 2229 1140 2278 ;
1173 2212 1254 2268 sic
1283 2213 1388 2267 iste
1413 2212 1656 2282 perfecta
1686 2213 1896 2282 justitia
1921 2212 2143 2268 Christo

546 2304 861 2373 copulatus,
897 2303 964 2358 ad
1013 2305 1245 2359 salutem
1272 2321 1439 2374 supra
1471 2317 1634 2379 quam
1670 2305 1991 2376 perfectam,
2022 2320 2139 2372 eos,

547 2396 640 2466 qui
674 2395 753 2450 illi
783 2396 1016 2452 comites
1040 2396 1434 2467 adjungantur,
1470 2398 1644 2454 ducit.

615 2488 1072 2558 Quandoquidem
1095 2489 1262 2560 igitur
1289 2490 1586 2560 ancipitem
1604 2489 1759 2546 vocis
1780 2489 2141 2562 signiﬁcatio-

547 2597 675 2636 nem
707 2581 1087 2646 distinximus,
1106 2598 1171 2638 ac
1191 2582 1338 2653 quod
1375 2583 1539 2653 vulgo
1565 2583 1908 2654 rudibusque
1938 2584 2143 2640 abhor-

549 2689 673 2729 rere
708 2673 1021 2739 videbatur,
1050 2675 1292 2729 nominis
1351 2675 1719 2745 explicatione
1788 2675 2138 2744 detersimus,

550 2782 669 2836 age,
702 2782 825 2837 qua:
845 2767 910 2822 ad
935 2777 1186 2823 sanctum
1213 2767 1363 2824 hunc
1387 2768 1584 2825 ludam
1617 2777 1917 2838 spectant,"
1941 2786 2138 2841 quem-

548 2859 846 2913 admodum
880 2859 996 2930 ipse
1042 2858 1204 2914 nobis
1268 2859 1490 2915 ccelitus
1523 2859 1792 2922 illuxerit,
1817 2860 2142 2915 considere-

550 2963 707 3011 mus;
731 2949 802 3003 ab
834 2948 954 3020 ejus
971 2948 1193 3018 quidem
1227 2949 1483 3004 minutim
1515 2949 1792 3005 narranda
1818 2950 1928 3006 vita
1949 2966 2140 3022 super-

549 3040 828 3105 sedentes,
890 3041 1289 3112 apostolicique
1356 3041 1566 3098 laboris
1611 3042 1864 3113 periodo,
1921 3059 2135 3100 necnon

549 3131 1039 3200 praedicationibus
1060 3143 1119 3186 et
1142 3134 1429 3192 miraculis
1475 3133 1696 3189 omissis
1727 3134 1897 3205 (quod
1957 3151 2137 3205 neque

2244 1925 2452 1988 ἐκεῖνος
2472 1923 2540 1978 δι’
2571 1922 2850 1995 ἁμαρτίας
2903 1926 3083 1994 ἄκρας
3135 1925 3442 1990 οἰκειωθεὶς
3473 1929 3552 1999 τῷ
3575 1929 3822 2000 διαθάλῳ,

2245 2020 2324 2087 είς
2350 2019 2628 2077 ἀπώλειαν
2651 2019 2760 2072 τῶν
2817 2021 3101 2090 ἑπομένων
3167 2021 3514 2093 καθηγεῖται,
3573 2023 3719 2078 οὕτω
3748 2025 3832 2078 δια

2243 2111 2342 2181 τῆς
2377 2111 2585 2176 τελείας
2618 2111 2970 2182 δικαιοσύνης
2987 2105 3144 2177 οὗτος
3160 2113 3239 2184 τῷ
3263 2113 3485 2183 Χριστῷ
3511 2116 3837 2184 συναφθεὶς,

2246 2206 2383 2278 πρὸς
2439 2198 2713 2283 ὕπερτελῆ
2781 2205 3058 2280 σωτηρίαν
3080 2209 3206 2272 τοὺς
3251 2209 3650 2276 ἀκολοθοῦντας
3679 2212 3847 2287 αὐτῷ

2244 2303 2595 2378 χειραγωγεῖ⁹

2329 2482 2548 2555 Ἐπειδὴ
2578 2483 2673 2538 οὖν
2700 2482 2799 2552 τὴν
2828 2485 3154 2557 ὁμωνυμίαν
3184 2487 3625 2558 διεστειλάμεθα,
3655 2491 3847 2548 καὶτὸ

2243 2575 2499 2640 ἀπεοικὸς
2528 2577 2722 2630 δοκοῦν
2758 2582 2870 2643 τοῖς
2928 2581 3145 2644 πολλοῖς
3192 2582 3288 2634 καὶ
3334 2583 3574 2652 ἀμαθέσι
3609 2586 3698 2639 διὰ
3734 2589 3848 2654 τῆς

2241 2669 2336 2723 τοῦ
2364 2671 2626 2740 ὀνόματος
2653 2671 2940 2742 δηλώσεως
2971 2674 3412 2747 ἀνεκαθῄραμεν,
3441 2679 3573 2750 φέρε
3596 2680 3664 2734 τὰ
3688 2682 3847 2738 κατὰ

2241 2764 2333 2814 τὸν
2365 2764 2510 2834 ἱερὸν
2554 2762 2742 2817 τοῦτον
2776 2764 2998 2831 Ἰούδαν,
3033 2766 3109 2827 ὡς
3140 2767 3206 2820 ἂν
3233 2768 3397 2832 αὐτὸς
3431 2771 3562 2838 ἡμῖν
3605 2772 3847 2841 οὐρανό-

2243 2855 2336 2908 θεν
2360 2856 2708 2927 ὲλλάμψειεν,
2749 2857 3153 2929 θεωρήσωμενε
3222 2859 3320 2932 τὴν
3375 2862 3475 2932 μὲν
3503 2864 3600 2917 ἐπὶ
3647 2865 3840 2938 λεπτῷ

2240 2949 2340 3016 τῆς
2369 2947 2534 3002 αὐτοῦ
2570 2947 2845 3013 πολιτείας
2869 2949 3170 3020 ἀφήγησιν,
3213 2953 3306 3004 καὶ
3340 2951 3438 3024 τὴν
3465 2953 3834 3022 ἀποστολικὴν

2243 3039 2512 3109 περίοδον,
2547 3041 2642 3093 καὶ
2673 3038 2743 3096 τὰ
2774 3041 3107 3114 κηρύγματα
3137 3043 3232 3095 καὶ
3247 3043 3313 3103 τὰ
3338 3042 3596 3115 θαύματα
3620 3047 3838 3117 νιαρέν⁴

2241 3135 2461 3198 τες,ὅτι
2521 3136 2646 3206 μηδ’
2705 3135 3102 3205 ὑπομνήμασιν
3147 3138 3282 3209 ήμῐν
3344 3135 3629 3206 ἐξεγένετο
3659 3142 3840 3216 μέχρι

551 3223 692 3278 ullos
719 3225 988 3280 hactenus
1008 3224 1125 3281 base
1153 3226 1590 3297 complectentes
1617 3229 1891 3285 nanscisci
1919 3229 2139 3288 licuerit

2246 3226 2339 3281 τοῦ
2369 3227 2531 3298 δεῦρο
2558 3231 2872 3298 περιτυχεῖν
2890 3243 2902 3257 ·
2943 3229 3323 3292 ἀποπολικοῖς
3350 3229 3407 3283 δὲ
3449 3229 3644 3284 τοῦτον
3671 3232 3845 3288 ἐπαί-

548 3315 999 3386 commentarios)
1060 3317 1383 3387 apostolicis
1418 3330 1545 3373 eum
1577 3318 1838 3374 laudibus
1869 3321 2020 3376 velut
2044 3338 2136 3376 ro-

550 3421 733 3460 sarum
767 3406 998 3463 ﬂoribus
1023 3409 1261 3464 aliorum
1293 3426 1446 3466 more
1467 3422 1821 3475 coronantes,
1845 3421 1959 3468 tum
1985 3424 2136 3484 grata

550 3498 631 3552 illi
659 3498 977 3566 fecerimus,
1009 3510 1124 3556 tum
1151 3500 1328 3557 amica
1365 3503 1526 3558 valde
1559 3512 1727 3574 atque
1752 3514 1998 3574 accepta,
2029 3507 2138 3572 his,

550 3589 645 3659 qui
686 3590 803 3645 veri
847 3603 1126 3647 amantem
1176 3593 1430 3648 auditum
1477 3594 1860 3664 praetendunt;
1924 3607 1987 3652 ut
2042 3597 2140 3668 qui

547 3697 615 3737 ex
643 3683 1034 3740 communibus
1069 3686 1434 3758 omniumque
1469 3701 1636 3742 sensu
1678 3688 1914 3758 receptis
1973 3692 2141 3745 ratio-

550 3775 712 3830 nibus
748 3815 764 3839 ,
820 3775 1072 3832 veritatis
1138 3776 1416 3859 discipulo
1469 3778 1846 3838 laudationem
1885 3791 2141 3848 contexa-

551 3880 692 3923 mus.

618 3982 758 4051 Ejus
799 3982 986 4053 itaque
1011 3983 1080 4039 ab
1108 3984 1270 4042 initio
1302 3983 1431 4042 vitae
1459 3986 1603 4044 ratio
1630 4002 1694 4046 ac
1723 3987 1982 4045 educatio
2014 4003 2141 4044 san-

548 4084 636 4130 cta
661 4075 830 4132 dubio
867 4079 1059 4146 procul
1108 4079 1365 4149 iustaque
1391 4089 1448 4137 ct
1491 4079 1656 4136 bona.
1705 4082 1854 4138 Bona
1905 4083 2051 4137 enim
2074 4099 2139 4137 ex

549 4169 759 4235 radice,
809 4170 966 4227 bona:
1013 4172 1216 4230 indolis
1271 4184 1458 4229 ortum
1516 4190 1743 4246 germen
1771 4188 1857 4231 est
1889 4194 1903 4230 :
1939 4192 2004 4232 ac
2037 4177 2141 4233 sub

550 4271 786 4333 parente
812 4263 964 4334 justo
987 4267 1309 4338 sobrioque,
1354 4268 1539 4324 sobrie
1557 4272 1818 4341 justeque
1863 4270 2046 4341 justus
2076 4269 2144 4325 fi-

548 4353 658 4410 lius
685 4356 1047 4413 erudiebatur
1064 4375 1127 4415 ac
1151 4361 1548 4416 instituebatur
1568 4364 1634 4415 ".
1652 4363 1999 4435 Quapropter
2020 4378 2141 4418 om-

547 4464 649 4504 nes
686 4451 872 4506 saeculi
921 4453 1194 4510 vanitates
1224 4464 1282 4510 et
1311 4455 1557 4510 insanias
1588 4454 1754 4512 falsas
1805 4455 2090 4518 devitabat
2122 4472 2137 4520 ;

547 4542 655 4598 hoc
711 4560 935 4612 cavens,
966 4562 1034 4601 ne
1059 4548 1285 4619 ingenui
1351 4549 1646 4620 magnique
1676 4549 1799 4620 ejus
1849 4549 2020 4613 animi
2051 4550 2135 4606 vis

546 4634 772 4690 caducis
803 4637 971 4695 rebus
991 4654 1057 4695 ex
1080 4638 1313 4699 libidine
1349 4641 1590 4706 addicta,
1637 4651 2130 4713 corrumperetur:

549 4737 696 4783 tutus
723 4745 856 4786 vero
889 4734 947 4786 in
972 4746 1032 4787 se
1063 4733 1387 4803 conspirans
1407 4733 1586 4788 acsibi
1618 4734 1864 4799 studens,
1887 4734 2134 4806 legisque

548 4822 904 4879 meditatione
970 4826 1494 4896 institutus,tstque
1542 4826 1924 4882 mandatorum
1966 4828 2136 4882 docu-

548 4915 748 4974 mentis
779 4918 1033 4972 excultus
1073 4933 1138 4974 ac
1179 4920 1470 4990 magniﬁce
1504 4921 1975 4992 prreexercitatus,
2023 4935 2135 4978 non

548 5006 733 5065 minus
764 5010 965 5065 mentis
1002 5010 1218 5078 habitu,
1251 5027 1417 5083 quam
1441 5013 1694 5084 corporis
1718 5023 1929 5071 statura
1954 5012 2138 5086 quoti-

548 5095 638 5158 die
660 5113 936 5167 crescens,
965 5101 1219 5172 profectu
1247 5104 1573 5177 augebatur.

619 5276 760 5354 Quia
791 5278 961 5350 igitur
980 5279 1096 5351 ipse
1118 5281 1339 5352 quidem
1369 5283 1695 5356 paedagogo
1723 5285 1843 5356 lege
1873 5285 2142 5349 hactenus

549 5372 882 5437 custoditus,
909 5374 978 5428 ad
1026 5391 1341 5430 mensuram
1390 5379 1570 5433 aetatis
1643 5390 1758 5434 tum
1811 5382 2137 5451 corporalis,

2241 3339 2351 3386 νοις
2376 3322 2452 3385 ὡς
2488 3321 2679 3375 ἄνθεσι
2737 3321 2908 3392 ῥόδων
2973 3322 3119 3376 κατὰ
3161 3325 3260 3394 τὴν
3311 3323 3445 3394 πρὸς
3470 3324 3596 3386 τοὺς
3628 3324 3847 3400 ἄλλους

2240 3416 2499 3486 ὁμοίωσιν
2523 3416 2950 3486 ἀναδησάμενοι,
2991 3417 3140 3486 αύτῷ
3176 3433 3238 3470 τε
3269 3417 3635 3486 κεχαρισμένα
3686 3419 3842 3489 δρᾶ-

2242 3525 2438 3579 σαιμεν
2487 3507 2595 3572 ἂν,
2658 3507 2787 3576 φίλα
2843 3525 2901 3562 τε
2957 3507 3099 3576 ἄγαν
3157 3510 3255 3563 καὶ
3322 3508 3660 3563 εὐαπόδεκτα
3710 3513 3842 3578 τοῖς

2241 3598 2513 3671 φιλαλήθη
2540 3602 2916 3671 προτείνουσιν
2939 3601 3114 3671 ἀκοήν
3136 3619 3150 3634 ο
3178 3601 3253 3665 ὡς
3275 3602 3340 3656 ἐκ
3372 3601 3480 3654 τῶν
3506 3601 3708 3656 κοινῶν
3740 3606 3842 3660 καὶ

2241 3692 2684 3764 ὡμολογημένων
2716 3693 2962 3760 ἐννοιῶν,
2990 3695 3089 3763 τὴν
3118 3694 3397 3767 εὐφημίαν
3427 3694 3506 3767 τῷ
3533 3696 3636 3767 τῆς
3697 3698 3834 3779 ἁληο

2242 3785 2393 3854 θείας
2414 3785 2897 3856 διασκευαζόμενοι
2921 3786 3161 3862 μαθητῇ.

2323 3961 2390 4016 Ἠ
2419 3962 2519 4034 μὲν
2545 3962 2638 4022 οὖν
2669 3963 2727 4031 ἐξ
2762 3964 2938 4035 ἀρχῆς
2957 3963 3124 4019 αὑτοῦ
3162 3964 3351 4036 βίωσις
3401 3969 3498 4022 καὶ
3541 3968 3816 4048 ἀναγωγὴ,

2240 4057 2690 4128 ὁμολογουμένως
2722 4058 2854 4126 ἁγία
2881 4059 2977 4113 καὶ
3005 4060 3191 4114 δικαία
3234 4061 3328 4114 καὶ
3353 4062 3556 4134 ἀγαθή.
3589 4063 3826 4135 Ἀγαθῆς

2242 4151 2350 4221 γὰρ
2395 4151 2552 4223 ῥίζης
2603 4152 2919 4222 ἀγαθοφυὴς
2958 4152 3187 4222 βλαστὸς
3235 4155 3475 4224 ἐκδοθείς
3505 4173 3519 4188 ο
3576 4157 3661 4213 καὶ
3708 4157 3816 4216 ὑπὸ

2239 4244 2434 4315 δικαίῳ
2457 4246 2628 4317 πατρὶ
2651 4247 2746 4301 καὶ
2770 4250 3030 4318 σώφρονι,
3059 4249 3416 4319 σωφρονικῶς
3442 4252 3539 4306 καὶ
3564 4248 3810 4315 δικαίως,

2241 4338 2268 4392 6
2294 4337 2505 4403 δίκαιος
2533 4338 2853 4396 ἐπαιδεύετο
2876 4341 2972 4400 καὶ
2995 4341 3233 4414 ἀνήγετο
3259 4346 3407 4408 παῖς.
3448 4345 3614 4402 Ὅθεν
3641 4343 3828 4419 πάσας

2245 4431 2343 4501 μὲν
2401 4429 2496 4484 τοῦ
2551 4429 2665 4504 βίου
2717 4433 3090 4505 ματαιότητας
3143 4435 3238 4494 καὶ
3296 4437 3496 4506 μανίας
3523 4439 3837 4510 παρῃτεῖτο

2240 4524 2482 4593 ψευδεῖς,
2524 4526 2598 4596 μὴ
2627 4526 2987 4592 καταξιῶντδ
3015 4528 3236 4597 εὐγενὲς
3284 4531 3383 4601 τῆς
3436 4531 3603 4589 αύτοῦ
3645 4531 3842 4606 ψυχῆς

2241 4619 2337 4672 καὶ
2373 4620 2738 4693 μεγαλοφυὲς,
2763 4623 2830 4693 τῇ
2858 4620 3149 4692 φιλοπαθετ
3179 4622 3289 4679 τῶν
3324 4623 3608 4695 ἑπικὴρων
3659 4639 3846 4688 κατα-

2242 4712 2515 4785 φθαρῆναι
2562 4715 2724 4786 σχολῇ
2752 4732 2766 4750 ν
2798 4716 2936 4786 πρὸς
2984 4718 3176 4769 ἑαυτὸν
3204 4717 3260 4773 δὲ
3291 4720 3660 4794 συννενευκὼς
3691 4721 3851 4802 ὅλος,

2242 4811 2338 4862 καὶ
2357 4810 2421 4880 τῇ
2453 4807 2657 4884 μελέτῃ
2673 4808 2764 4860 τοῦ
2792 4811 2959 4875 νόμου
3002 4810 3548 4885 παιδοτριὸούμενος,
3587 4814 3689 4878 καὶ
3717 4819 3856 4882 ταῖς

2244 4901 2642 4972 παραγγελίαις
2667 4901 2774 4954 τῶν
2820 4903 3050 4960 ἐντολῶν
3080 4903 3501 4974 ὲξασκούμενος,
3530 4907 3625 4967 καὶ
3662 4889 3858 4978 pie-fa;

2246 4994 2460 5063 λοφυῶς
2494 4997 3041 5068 προγυμναζόμενος,
3082 4998 3256 5064 οὕτως
3277 5002 3376 5072 ούχ
3400 4995 3563 5080 ἦττον
3590 5001 3696 5074 τῆς
3744 5023 3860 5058 σω-

2245 5090 2482 5158 ματικῆς
2520 5088 2756 5158 ἡλικίας,
2784 5088 2883 5157 τῆς
2911 5088 3155 5157 διανοίας
3177 5092 3276 5164 τὴν
3305 5091 3420 5157 ἕξιν
3444 5091 3670 5171 ἡμέραν
3717 5097 3858 5151 καθ’

2239 5181 2456 5252 ἡμέραν
2479 5181 2748 5246 αὐξάνων,
2781 5181 3023 5238 ἐπεδίδου
3057 5184 3178 5247 ταῖς
3202 5185 3529 5256 προκοπαῖςτ

2324 5274 2476 5332 Ἐπεὶ
2508 5270 2639 5342 γοῦν
2688 5272 2850 5345 αὐτὸς
2909 5273 3009 5351 μὲν
3039 5274 3138 5345 τῆς
3171 5290 3230 5327 τε
3269 5274 3616 5344 σωματικῆς,
3641 5277 3756 5349 τῆς
3789 5297 3861 5334 τι

2239 5366 2382 5421 κατὰ
2408 5366 2587 5437 ψυχὴν
2610 5365 2826 5437 ἡλικίας
2857 5367 2937 5432 είς
2985 5365 3183 5440 μέτρον
3220 5366 3324 5420 ὑπὸ
3354 5364 3434 5438 τῷ
3487 5367 3861 5445 παιδαγωγῷ

551 5471 668 5518 tum
696 5463 862 5520 animi
895 5476 1264 5536 provexerat;
1299 5484 1556 5540 magnum
1603 5479 1787 5526 autem
1832 5473 2021 5543 gratiae
2052 5474 2139 5537 lu-

2243 5463 2388 5535 νόμῳ
2451 5461 2589 5536 τέως
2643 5461 3054 5533 φρουρούμενος
3100 5460 3478 5531 προὸέὸηκενε
3513 5462 3576 5515 τὺ
3602 5463 3765 5532 μέγα
3793 5467 3861 5522 δὲ

551 5571 677 5611 men
717 5557 808 5613 Sol
837 5559 1087 5629 justitize,
1127 5562 1363 5632 unigena
1427 5570 1671 5633 paternae
1716 5565 2039 5629 substantia:
2079 5568 2143 5622 ﬁ-

549 5664 706 5722 gura,
735 5651 953 5706 mortali
971 5653 1083 5725 jam
1102 5668 1276 5710 massa
1300 5670 1398 5727 per
1421 5654 1868 5729 castissimanﬁac
1898 5658 2142 5730 virgina-

623 5850 670 5935 ξι
700 5852 904 5932 Εριιρς,
949 5871 1014 5927 ιι,
1063 5856 1152 5916 20.
1233 5858 1276 5892 "
1317 5859 1465 5915 Psal.
1515 5877 1697 5935 xxxix,
1745 5860 1799 5919 5.

2239 5563 2338 5630 τῆς
2362 5558 2586 5633 χάριτος
2647 5557 2784 5628 φῶς,
2813 5558 2841 5610 6
2865 5556 3054 5621 Ἤλιος
3086 5554 3187 5625 τῆς
3216 5555 3587 5634 δικαιοσύνης,
3614 5559 3644 5623 6
3671 5577 3859 5628 μονο-

2242 5656 2406 5729 γενὴς
2436 5655 2533 5727 τῆς
2571 5652 2846 5725 πατρικῆς
2904 5651 3258 5716 ὑποστάσεως
3280 5650 3598 5732 χαρακτὴρ,
3635 5650 3754 5730 ἤδη
3787 5651 3862 5714 νδ
