4134 6278
304 339 411 411 261

1135 339 1415 403 ORATIO
1450 339 1619 403 XIII.
1641 340 1721 381 ···-’
1754 338 1835 403 1N
1872 336 2187 406 LAUDEM
2224 336 2285 397 S.
2324 335 2539 401 ΗΠ)ιῖ
2566 336 2822 401 APOST.

3477 341 3589 409 262

303 460 560 533 βρότειον
598 453 837 527 φύραμα
875 452 977 508 διὰ
1024 452 1125 523 τῆς
1150 452 1425 519 πανάγνου
1455 449 1551 503 καὶ
1571 449 1906 522 παρθενικῆς

2009 448 2113 502 lem
2134 447 2686 520 Mariamassumpta.
2713 450 2930 521 subque
2962 450 3110 509 illius
3133 462 3367 526 parente
3420 457 3592 517 lose--

301 547 624 619 ἀνειληφὼς
669 548 927 618 Μαριὰμ,
983 545 1081 600 καὶ
1138 544 1244 599 ῦπδ
1286 544 1365 616 τῷ
1396 544 1606 599 ἐκείνου
1628 543 1802 614 πατρὶ
1826 541 1905 612 τῷ

316 643 549 712 Ἰωσὴφ,
580 639 682 695 ἅτε
720 640 1000 710 μνηστῆρι
1026 639 1126 708 τῆς
1152 636 1430 709 Παρθένου
1457 636 1556 705 τὴν
1586 634 1907 707 σωματικὴν

306 736 536 806 ἡλικίαν
608 733 944 802 ἀναγόμενος
975 745 990 761 ⁸
1036 730 1225 801 ἐπειδὴ
1257 732 1377 794 ταῖς
1416 728 1663 784 Ἰωάννου
1693 744 1905 799 μαρτυ-

312 827 493 899 ρίαις,
563 825 661 879 καὶ
714 824 850 878 πολὺ
905 822 1107 894 μᾶλλον
1156 825 1280 885 ταῖς
1305 821 1399 876 τοῦ
1423 821 1673 892 οὐρανίου
1699 821 1906 891 Πατρὸς

314 922 414 973 ἐπὶ
440 916 537 972 τοῦ
573 916 767 979 ῦδατος
794 915 1230 978 ἀπεκαλύπτετο,
1257 915 1355 968 καὶ
1382 918 1495 977 τοῖς
1521 914 1907 985 ῦπερςςυεστὰ-

324 1026 441 1072 τοις
461 1007 623 1063 εὐθὺς
640 1006 754 1059 τῶν
799 1006 1001 1077 ἔργων,
1050 1006 1234 1077 ἡρέμα
1261 1005 1322 1059 τὸ
1347 1006 1764 1077 μεγαλοπρεπὲς
1808 1006 1909 1077 τῆς

325 1099 535 1163 οἰκείας
550 1096 816 1168 ὲπέφαινε
845 1096 1121 1168 θεότητος,
1137 1098 1198 1151 ού
1220 1081 1360 1152 κατὰ
1380 1100 1506 1161 τοὺς
1527 1097 1910 1170 ψευδωνύμως

324 1185 483 1255 οὗτος
516 1190 804 1253 Ἰουδαίους
834 1190 900 1243 τὰ
924 1190 1023 1259 τῆς
1047 1189 1274 1262 καρδίας
1296 1192 1544 1260 νοήματα
1566 1193 1909 1263 πεπωρωμέ-

325 1301 437 1348 νης,
462 1283 755 1353 βασκάνοις
776 1281 867 1335 τὸν
912 1281 1211 1355 εὐεργέτην
1262 1283 1557 1352 ἀνέϐλεψεν
1592 1283 1909 1356 ὀφθαλμοῖς*

316 1374 709 1444 οὐδ’ὴγᾶπησε
748 1375 870 1443 μὲν,
902 1376 1122 1444 φυσικῇ·
1142 1373 1199 1427 δὲ
1230 1375 1369 1449 μόνῃ
1408 1375 1784 1448 φιλοστοργίᾳ,
1816 1378 1911 1430 καὶ

315 1466 648 1535 συγγενείας
678 1465 972 1536 οἰκειότητι
1009 1465 1185 1538 τούτῳ
1208 1467 1584 1539 συνδεόμενος,
1613 1468 1714 1538 τῆς
1739 1485 1912 1541 σωτη-

319 1558 559 1631 ριὼδους
600 1557 838 1624 πίστεως
890 1556 1032 1611 κατά
1077 1559 1204 1622 τὼς
1244 1557 1462 1622 πλείους
1494 1557 1604 1612 τῶν
1630 1560 1911 1627 συγγενῶν

313 1655 527 1723 ἕρημος
551 1645 622 1721 ἦν
645 1666 661 1682 ⁸
695 1649 817 1705 οὐδὲ
862 1648 1044 1703 πίστει
1103 1651 1203 1720 μιν
1253 1652 1451 1722 ἐχρῆτο
1476 1651 1692 1722 βεσαίᾳ,
1724 1652 1825 1723 τῆς
1853 1654 1911 1708 δὲ
1940 1684 1941 1687 η

315 1745 481 1813 ἁγίας
511 1744 736 1814 ἀγάπης
761 1744 832 1796 τὰ
861 1741 1095 1815 δεύτερά
1121 1759 1269 1808 τινος
1293 1744 1401 1796 τῶν
1430 1744 1508 1813 τῷ
1529 1745 1751 1821 Χριστῷ
1784 1747 1905 1799 τότε

321 1835 720 1907 μθητώπων
745 1836 1057 1905 ἀπεφέρετο
1078 1850 1092 1863 ⁸
1126 1834 1263 1905 ὁμοῦ
1296 1835 1353 1889 δὲ
1395 1837 1906 1909 συνδεδραμηκότων
1941 1821 1979 1876 Β

318 1927 405 1981 ἔπ’
436 1925 590 1997 αὐτῷ
608 1927 715 1996 τῆς
743 1926 885 1978 κατὰ
912 1925 974 1977 τὸ
998 1923 1159 1995 σῶμα
1192 1926 1536 1997 συγγενείας,
1557 1931 1654 1999 τῆς
1674 1932 1907 2001 φυσικῆς

322 2017 717 2088 πῳσπαθείας,
749 2016 847 2074 είτ⁹
869 2010 965 2072 οὖν
990 2014 1196 2085 φιλίας,
1220 2015 1320 2086 τῆς
1350 2018 1575 2091 ἀγάπης
1602 2020 1696 2074 τοῦ
1733 2021 1907 2075 Πνεῦ-

332 2128 498 2183 ματος
517 2129 531 2142 ⁸
551 2111 652 2181 τῆς
697 2110 797 2181 οὐχ
823 2104 988 2184 ἧττον
1024 2109 1115 2164 διὰ
1140 2111 1231 2164 τὸν
1253 2110 1348 2163 τοῦ
1376 2111 1493 2183 βίου
1523 2114 1741 2186 τρόπον,
1781 2114 1816 2185 ἦ
1838 2113 1907 2167 τὰ

338 2203 551 2272 μεγαλα
604 2202 853 2273 θαύματα
900 2201 1160 2269 πίστεως,
1211 2202 1335 2257 καθ’
1363 2202 1422 2259 ὃν
1475 2204 1572 2258 καὶ
1619 2206 1908 2260 συνανατέ-

344 2294 583 2364 θραπτο,
614 2294 706 2347 καὶ
729 2294 1023 2365 συνανῆκτο
1041 2293 1118 2366 τῷ
1162 2294 1361 2365 Ἰησοῦ,
1385 2296 1459 2359 ὠς
1478 2296 1556 2367 τῷ
1577 2296 1727 2367 αὐτῷ
1752 2314 1906 2369 νομι-

352 2384 575 2454 ζόμενος
623 2385 909 2457 κεχρῆσθαι
956 2388 1156 2459 πατρί’
1219 2389 1309 2443 διὰ
1356 2386 1534 2442 ταῦτα
1585 2388 1765 2442 τοίνυν
1807 2388 1907 2461 τῆς

352 2478 642 2550 ἀκροτάτης
677 2481 810 2551 πρὸς
846 2479 1015 2534 αὐτὸν
1064 2479 1229 2545 εὐθὺς
1253 2481 1611 2552 οίκειότητος,
1663 2481 1782 2552 ἦτοι
1816 2498 1908 2551 φιν-

350 2572 557 2643 λότητος
591 2575 619 2627 ό
664 2573 1087 2645 μακαριώτατος
1133 2574 1481 2649 εὐμοιρηκώς
1515 2589 1532 2606 ⁸
1592 2573 1729 2645 όμοῦ
1761 2591 1822 2629 τε
1847 2573 1909 2628 τὸ

344 2664 661 2736 εὐαγγέλιον
690 2667 790 2737 τῆς
820 2665 911 2720 τοῦ
938 2665 1075 2720 Θεοῦ
1125 2665 1403 2738 βασιλείας
1430 2667 1526 2722 τοῦ
1550 2666 1909 2741 κηρύγματος

336 2758 545 2826 ἐδέξατο
576 2758 682 2830 τὴν
734 2758 937 2830 ἀρχὴν,
966 2761 1061 2815 καὶ
1085 2760 1251 2824 αὐτὸς
1269 2760 1364 2819 τοῦ
1401 2760 1738 2830 Εῦαγγελίου
1774 2760 1910 2815 καθ-

329 2848 545 2907 ίσταται
576 2850 851 2920 μαθητήςο
881 2850 977 2903 καὶ
994 2852 1062 2922 τῇ
1096 2853 1395 2922 συγγενικῇ
1422 2851 1577 2923 φιλία
1617 2852 1717 2922 τὴν
1765 2853 1909 2906 κατὰ

322 2940 458 2994 Θεδν
516 2941 834 3013 προστιθείς
857 2958 874 2973 ⁸
938 2944 1030 2995 καὶ
1064 2945 1129 3011 τῇ
1161 2941 1513 3012 παιδαριώδει
1571 2944 1772 3011 γνώσει
1810 2942 1908 3016 τὴν

320 3035 540 3092 τελείαν
569 3033 914 3105 ἐξευρηκὼς
940 3034 1036 3087 καὶ
1068 3033 1144 3106 τῷ
1188 3035 1523 3107 παιδαγωγῷ
1578 3038 1729 3107 νόμῳ
1770 3037 1908 3108 πρὸς

324 3128 419 3190 τὸν
441 3129 608 3199 νόμον
630 3126 725 3182 τοῦ
787 3126 1101 3197 Ιινεύματος
1148 3129 1322 3199 ῥᾷστα
1366 3127 1781 3196 συμϐιϐασθείς,
1812 3130 1907 3183 καὶ

325 3220 421 3275 τὸν
451 3219 773 3275 διδάσκαλον
802 3218 1057 3290 εῦθύτητι
1118 3217 1211 3273 νοῦ
1254 3219 1652 3291 διανοούμενος,
1697 3221 1905 3275 δικαιό-

323 3329 473 3368 τατα
493 3315 593 3384 τῆς
622 3310 844 3383 πρώτης
878 3311 988 3365 τῶν
1011 3312 1106 3365 τοῦ
1137 3309 1313 3381 Ἰησοῦ
1335 3313 1504 3382 φίλων
1528 3311 1757 3378 τάξεως,
1810 3313 1906 3368 καὶ

323 3409 432 3480 τῆς
465 3408 616 3478 ἱερᾶς
644 3406 959 3478 ἐναρίθμιος
1016 3404 1291 3464 δείκνυται
1344 3406 1454 3461 τῶν
1502 3405 1719 3477 ὑψηλῶν
1773 3405 1907 3471 ἁπο-

331 3500 546 3556 στόλων
576 3497 891 3565 δωδεκάδος.

420 3589 705 3647 Ἐντεῦθεν
724 3591 993 3661 αῦτηκοος
1012 3590 1111 3661 μὲν
1142 3587 1458 3661 μυστηρίων
1481 3588 1730 3659 κρυφίων
1744 3584 1905 3651 Θεοῦ,

328 3684 619 3754 αὐτόπτης
666 3682 723 3737 δὲ
772 3681 951 3754 ἔργων
999 3682 1328 3755 χρηματίζει
1374 3681 1552 3736 Θεοῦ·
1589 3680 1792 3753 μᾶλλον
1850 3680 1907 3736 δὲ

328 3780 593 3847 κοινωνὸς
647 3781 745 3851 μὲν
792 3783 886 3833 καὶ
926 3779 1136 3851 μύστης
1171 3778 1373 3851 ὀργίων
1427 3776 1784 3849 θεουργικῶν⁸
1812 3775 1910 3829 αῦο

324 3872 653 3956 τουργδςδὲ
679 3873 1006 3927 καθίσταται
1061 3871 1362 3942 θαυμάτων
1424 3868 1709 3925 θεοτελῶν.
1769 3869 1910 3956 Ὅσα

329 3970 439 4043 γὰρ
539 3965 729 4036 Πατὴρ
750 3965 970 4036 ἐνήργει
993 3962 1084 4018 διὰ
1102 3963 1198 4017 τοῦ
1227 3962 1589 4031 Μονογενοῦς,
1637 3959 1790 4016 ταῦθ’
1816 3953 1909 4040 οῦ-

336 4079 418 4127 τος
444 4056 616 4123 αὖθις
638 4056 985 4115 ἀποστέλλων
1020 4054 1148 4120 τοῦς
1178 4054 1414 4122 δώδεκα,
1446 4054 1581 4127 πρὸς
1610 4056 1677 4107 τὰ
1694 4052 1911 4108 ἀπολωο

338 4157 459 4211 λότα
489 4153 767 4227 πρόϐατα,
784 4151 1022 4223 Ἰσραὴλ,
1049 4152 1146 4205 καὶ
1173 4148 1307 4225 πρὸς
1326 4148 1428 4223 τὴν
1451 4147 1691 4221 μεγάλην
1712 4147 1911 4219 αὐτοὺς

336 4253 441 4306 τῶν
463 4246 641 4302 ἐθνῶν
665 4242 1065 4318 προγυμνάζων
1093 4241 1424 4317 ἀποστολὴνἰ
1454 4243 1551 4299 καὶ
1587 4240 1703 4319 μετ’
1730 4240 1911 4301 αὐτῶν

344 4342 398 4394 δὲ
422 4342 502 4412 τῷ
525 4339 802 4411 πνεύματι
851 4336 1220 4409 πορευόμενος
1251 4336 1479 4413 ὲνήργει
1509 4348 1525 4364 ⁸
1560 4333 1681 4413 μεθ’
1711 4328 1787 4390 ὧν
1816 4333 1912 4392 καὶ

356 4435 536 4499 αῦτδς,
560 4428 605 4488 ὦ
635 4430 1152 4506 τρισμακαριώτατε
1180 4431 1196 4489 l
1244 4429 1595 4505 πεμπόμενος
1618 4469 1636 4501 ,
1665 4430 1761 4485 καὶ
1811 4428 1911 4498 τὴν

363 4526 644 4596 αὑτὴντοῖς
664 4523 987 4597 κορυφαίοις
1016 4523 1112 4580 καὶ
1140 4521 1379 4597 πρώτοις
1409 4519 1682 4588 ἐξουσίαν,
1713 4520 1790 4589 ὼς
1819 4521 1912 4578 οὐ·

359 4620 450 4680 ὁὲν
485 4618 650 4673 αὐτῶν
684 4619 832 4675 κατά
888 4615 1105 4687 πνεῦμα
1149 4615 1459 4687 ἁγιωσύνης
1499 4614 1911 4685 ἐλαττούμενος.

346 4710 601 4783 είληφὼς,
628 4711 891 4782 δαίμονας
925 4707 1023 4778 μὲν
1045 4705 1351 4774 egeam“,
1380 4704 1454 4769 ὡς
1486 4704 1592 4761 ύπὺ
1622 4704 1795 4777 πυρὸς
1814 4704 1915 4774 τῆς

338 4804 670 4878 ἐνεργούσης
698 4806 758 4856 ὲν
788 4801 873 4856 σοὶ
896 4801 1119 4871 χάριτος
1148 4797 1639 4870 ἑκπιμπραμίνους
1660 4796 1756 4852 καὶ
1785 4795 1914 4853 διω-

338 4903 645 4966 κομένους⁸
704 4894 943 4967 λεπροὺς
1008 4891 1351 4963 ἐκαθάριςες,
1414 4889 1556 4962 λόγῳ
1624 4890 1768 4963 μόνῳ
1821 4890 1916 4944 καὶ

334 4994 629 5065 ἐπικλήσει
664 4987 762 5043 τοῦ
792 4987 1107 5059 πέμψαντος
1133 4984 1233 5059 τῆς
1264 4983 1470 5054 λέπρας
1516 4982 1915 5054 ἐκκαθαιρομέ-

337 5106 439 5160 νης
466 5102 483 5121 ⁸
510 5085 741 5156 νεκροὺς
763 5082 821 5136 δὲ
851 5082 918 5134 δι’
961 5080 1106 5150 ἁφῆς
1149 5077 1330 5152 χειρὸς
1362 5076 1531 5147 μόνης
1560 5076 1655 5135 καὶ
1678 5092 1914 5148 προσευ..

337 5180 448 5254 xi};
479 5178 750 5239 ἀνιστῶν,
789 5174 884 5228 καὶ
930 5171 1164 5242 τυφλοὺς
1211 5168 1499 5240 ὀμματῶν,
1555 5169 1651 5227 καὶ
1709 5167 1915 5240 χωλοὺς

336 5270 613 5344 ἀνορθῶν,
645 5268 745 5323 καὶ
791 5266 971 5323 πᾶσαν
1001 5265 1155 5321 νόσον
1182 5261 1278 5321 καὶ
1310 5262 1489 5318 πᾶσαν
1517 5258 1768 5331 σώματος
1805 5260 1915 5316 πά-

334 5369 449 5439 θην
476 5361 920 5436 ἐξιώμενοςβλον
944 5361 1001 5413 ἒν
1022 5360 1104 5413 σοὶ
1121 5356 1210 5417 τὸν
1236 5354 1336 5427 τῆς
1359 5354 1501 5424 ζωῆς
1531 5355 1713 5429 μένειν
1759 5353 1914 5421 λόγον

332 5454 458 5523 τοῖς
477 5451 1171 5527 θαυμασίοιςπιστούμενος
1205 5449 1575 5519 ὶνεργήμασιν
1614 5445 1910 5508 ὲδείκνυες.

417 5550 621 5605 Τοῦτον
642 5544 942 5620 ἁρῤαὸὧνα
978 5543 1196 5615 πρῶτον
1218 5540 1313 5597 τοῦ
1341 5539 1481 5594 Πνεύ
1490 5556 1659 5611 ματος
1689 5540 1784 5593 καὶ
1815 5540 1915 5611 τῆς

341 5645 568 5716 χάριτος
587 5640 867 5714 ἀπαρχὴν,
896 5636 1004 5693 τῶν
1057 5633 1315 5696 τοιούτων
1356 5631 1597 5706 σημείων
1639 5629 1738 5703 τὴν
1794 5631 1916 5685 ἐπί-

2006 540 2138 611 pho,
2180 549 2369 611 utpote
2418 542 2650 612 virginis
2670 558 2891 613 sponso,
2921 547 3190 615 corporali
3218 556 3380 604 aetate
3427 565 3587 622 auge-

2007 646 2186 695 scens,
2208 646 2335 687 cum
2381 632 2611 689 Joannis
2642 634 2983 700 testimonio,
3017 644 3132 691 tum
3158 637 3317 709 longe
3349 641 3587 711 amplius

2008 726 2123 797 ipsa
2150 727 2325 782 Patris
2347 728 2590 785 emlestis
2628 744 2794 800 super
2823 745 3019 801 aquam
3048 747 3182 787 voce
3211 732 3583 804 detegeretur,

2008 819 2421 891 magniﬁcisque
2444 829 2624 877 tamen
2653 822 2917 892 operibus
2947 839 3060 880 sum
3104 826 3311 882 sensim
3354 827 3583 885 deitatis

2007 911 2468 982 magniﬁcentiam
2524 914 2815 983 proderet;
2876 915 3303 989 haudquaquam
3345 919 3414 984 is,
3460 919 3583 975 falsi

2008 1006 2246 1060 nominis
2274 1005 2588 1061 ludaeorum
2624 1021 2800 1070 more,
2846 1009 3132 1065 occaecatis
3151 1011 3354 1066 mentis
3404 1013 3585 1067 sensi-

2010 1096 2135 1162 bus,
2166 1097 2463 1153 liventibus
2495 1098 2672 1154 oculis
2702 1099 3111 1164 benefactorem
3149 1104 3355 1172 aspexit
3379 1104 3445 1157 ³⁸.
3476 1104 3586 1159 Ne-

2010 1196 2117 1264 que
2144 1190 2334 1245 dilexit
2390 1190 2635 1261 quidem,
2661 1200 2718 1246 at
2748 1192 3271 1267 naturaliduntaxat
3298 1194 3503 1251 amoris
3531 1196 3584 1250 vi

2010 1281 2402 1353 sanguinisque
2436 1284 2848 1341 necessitudine
2904 1286 2983 1339 illi
3035 1286 3343 1352 devinctus,
3380 1286 3458 1341 uti
3494 1301 3585 1341 co-

2011 1384 2298 1445 gnatorum
2332 1391 2524 1446 magna
2558 1391 2710 1446 pars,
2749 1378 2973 1432 salutari
3007 1378 3113 1434 ﬁde
3153 1378 3585 1434 destituebatur.

2011 1465 2199 1535 Neque
2251 1464 2411 1537 ﬁrma
2458 1466 2683 1536 quidem
2727 1483 2861 1522 usus
2892 1476 2977 1523 est
3002 1466 3145 1535 ﬁde;
3174 1469 3321 1539 quod
3342 1484 3479 1524 vero
3511 1467 3579 1523 ad

2014 1568 2255 1632 sanctam
2312 1559 2667 1616 dilectionem
2721 1561 2938 1624 attinet,
2982 1561 3254 1617 secundas
3305 1577 3417 1632 prae
3468 1560 3584 1616 ullo

2012 1667 2203 1707 eorum
2234 1652 2386 1716 tulit,
2411 1653 2507 1723 qui
2537 1660 2653 1708 tum
2684 1651 2906 1712 Christo
2939 1653 3202 1727 magistro
3243 1654 3541 1710 utebantur
3566 1671 3581 1710 :

2014 1746 2284 1815 quinimo,
2318 1745 2481 1799 simul
2508 1744 2562 1799 in
2591 1759 2659 1800 eo
2692 1746 3151 1801 concurrentibus
3172 1746 3442 1816 corporali
3465 1744 3584 1801 afﬁ-

2009 1837 2203 1903 nitate,
2228 1836 2603 1907 naturalisque
2644 1836 2875 1893 affectus
2904 1836 3248 1908 proclivitate
3304 1838 3585 1910 (amicitia:

2008 1929 2219 1984 scilicet
2247 1929 2680 2003 necessitudine)
2710 1945 2924 1987 necnon
2970 1929 3211 2003 Spiritus
3267 1931 3575 1999 charitate;

2008 2019 2114 2077 ﬁde
2145 2021 2302 2085 item,
2335 2037 2499 2094 quam
2547 2036 2658 2077 non
2719 2023 2903 2079 minus
2931 2038 3147 2078 morum
3182 2025 3299 2095 ipsa
3346 2023 3582 2094 vitaeque

2007 2115 2359 2172 necessitudo
2399 2117 2743 2180 conciliaret,
2768 2132 2932 2187 quam
2966 2116 3207 2188 ingentia
3242 2119 3333 2177 illa
3370 2128 3582 2189 patrata

2007 2204 2269 2263 miracula
2287 2206 2545 2279 (educato
2564 2208 2776 2267 scilicet
2799 2225 2922 2265 cum
2941 2210 3093 2274 Iesu,
3120 2219 3181 2265 ut
3202 2212 3298 2285 qui
3326 2210 3582 2272 eumdem

2008 2296 2212 2354 habere
2234 2310 2516 2368 parentem
2542 2300 2999 2373 exsistimaretur)
3031 2319 3046 2356 :
3088 2300 3193 2364 his.
3222 2301 3465 2372 inquam,
3496 2300 3585 2361 vir

2007 2389 2380 2458 beatissimus,
2413 2408 2685 2453 summam
2734 2393 2919 2451 statim
2963 2392 3018 2455 in
3045 2393 3171 2451 eum
3217 2391 3582 2451 necessitudi-

2007 2494 2155 2547 nem,
2191 2483 2307 2538 sive
2321 2484 3010 2551 amicitiam,eonsecutus,
3041 2485 3204 2541 simul
3220 2491 3385 2556 atque
3398 2484 3582 2541 Evan-

2008 2569 2209 2638 gelium
2242 2574 2395 2643 regni
2423 2574 2921 2645 pmdicaricmpit,
2971 2575 3088 2646 ipse
3132 2590 3353 2651 quoque
3406 2575 3583 2633 Even-

2007 2661 2133 2731 gelii
2175 2661 2481 2732 discipulus
2528 2663 2814 2733 efﬁcitur;
2860 2667 3321 2737 cognationisque
3376 2667 3457 2725 illi
3512 2683 3580 2729 ac

2007 2755 2295 2826 sanguinis
2352 2758 2745 2814 necessitudini
2806 2757 2995 2814 divino
3057 2774 3242 2816 amore
3298 2758 3580 2832 adjuncto,

2009 2849 2317 2919 puerilique
2375 2849 2605 2906 scientia
2664 2852 2956 2908 adinventa
3000 2868 3123 2924 qua:
3174 2854 3415 2924 perfecta
3460 2865 3577 2928 est;

2007 2942 2233 3011 legeque
2260 2942 2572 3014 paedagogo,
2608 2944 2677 2999 ad
2700 2944 2935 3013 Spiritus
2960 2943 3106 2999 facili
3131 2945 3352 3017 negotio
3389 2946 3563 3018 legem

2009 3044 2321 3104 provectus,
2353 3048 2417 3088 ac
2443 3035 2644 3089 mentis
2669 3036 3002 3091 rectitudine
3040 3036 3358 3107 magistrum
3414 3037 3578 3093 intel-

1937 3159 1977 3215 ο
2011 3122 2205 3194 ligens,
2237 3138 2334 3193 per
2381 3138 2545 3188 quam
2591 3123 2789 3179 merito
2852 3125 3043 3195 primae
3092 3125 3223 3181 Jesu
3272 3125 3575 3186 amicorum

2012 3215 2196 3280 classi,
2239 3230 2509 3285 sacroque
2566 3216 2883 3272 sublimium
2913 3218 3286 3287 apostolorum
3320 3217 3583 3283 duodena

2012 3310 2182 3365 choro
2201 3318 2545 3373 accensetur.

2081 3563 2214 3621 inde
2239 3565 2579 3621 occultorom
2622 3563 2721 3626 Dei
2768 3564 3150 3640 mysteriorum
3202 3565 3320 3638 ipse
3366 3565 3586 3631 auditor

2013 3670 2364 3730 operumque
2422 3659 2699 3732 inspector
2754 3658 2992 3715 elﬁcitur
3039 3677 3054 3716 :
3102 3660 3352 3732 quinlmo
3401 3660 3587 3723 socius

2012 3749 2232 3823 quidem
2283 3765 2346 3806 ac
2385 3760 2590 3825 mystes
2617 3766 2683 3805 ac
2735 3750 3055 3809 deiﬁcarum
3107 3753 3584 3829 caaremoniarum,

2013 3842 2458 3914 diviniorumque
2526 3850 2773 3913 patrator
2844 3842 3239 3901 miraculorum
3308 3843 3581 3907 redditur.

2012 3935 2209 3992 Omnia
2224 3934 2375 3990 enim
2397 3950 2519 4006 quae
2541 3935 2702 3991 Pater
2721 3933 2998 4009 Unigeniti
3032 3950 3263 3992 munere
3317 3937 3583 4007 operaba—

2016 4036 2125 4095 tur,
2161 4026 2277 4084 haec
2305 4027 2397 4085 ille
2422 4042 2615 4087 rursus
2640 4027 2865 4085 mittens
2892 4028 3185 4090 duodecim
3210 4029 3278 4088 ad
3313 4045 3446 4088 oves
3463 4047 3587 4104 qua

2014 4123 2293 4201 perierant
2342 4123 2540 4179 domus
2578 4121 2818 4187 lsraelis,
2868 4128 3033 4195 atque
3067 4122 3137 4187 ad
3176 4137 3430 4195 magnum
3455 4139 3589 4196 gen.

2017 4216 2153 4278 tium
2174 4216 2536 4291 apostolatum
2561 4215 2713 4275 velut
2738 4213 3047 4276 rudimento
3062 4230 3348 4283 exercens,
3369 4215 3586 4287 illisque

2017 4327 2207 4368 comes
2260 4310 2458 4382 spiritu
2515 4308 2744 4370 vadens.
2794 4308 2987 4369 itidem
3037 4308 3391 4381 operabatur.
3448 4307 3585 4365 Cum

2017 4404 2220 4475 quibus
2255 4413 2312 4460 tu
2340 4416 2582 4473 quoque,
2614 4397 2950 4466 beatissime.
3006 4399 3228 4464 missus,
3248 4398 3403 4457 velut
3442 4398 3581 4455 nihil

1938 4513 1993 4582 Ι)
2019 4496 2128 4552 illis
2156 4492 2467 4551 sanctitatis
2495 4492 2693 4564 spiritu
2723 4491 2989 4557 deterior,
3014 4501 3211 4548 nactus
3235 4500 3584 4564 potestatem,

2016 4588 2293 4645 daemones
2320 4584 2602 4657 ejiciebas,
2623 4598 2764 4655 quos
2782 4581 2954 4641 instar
2978 4582 3119 4654 ignis
3138 4583 3218 4639 vis
3249 4583 3436 4656 gratia:
3456 4582 3510 4641 in
3536 4591 3591 4641 te

2017 4674 2205 4732 efﬁcax
2230 4672 2547 4732 incenderet
2587 4682 2752 4750 atque
2779 4670 3032 4744 fugaret;
3070 4671 3322 4742 leprosos
3359 4671 3591 4727 munda-

2018 4767 2139 4829 bas.
2173 4767 2289 4830 solo
2316 4779 2569 4825 sermone
2594 4779 2662 4821 ac
2712 4764 2987 4821 mittentis
3045 4764 3299 4820 invocato
3363 4763 3588 4827 nomine

2018 4859 2226 4929 lepram
2245 4857 2541 4930 proﬁigans
2573 4873 2588 4925 ;
2624 4866 2884 4919 mortuos
2938 4857 3178 4928 denique
3231 4856 3350 4913 solo
3392 4871 3590 4917 manus

2022 4961 2169 5007 tactu
2202 4960 2365 5021 atque
2414 4951 2673 5022 precibus
2714 4950 3019 5015 suscitans,
3058 4950 3213 5006 caesis
3239 4950 3417 5005 visum
3465 4950 3591 5004 red-

2018 5042 2176 5111 dens,
2200 5044 2429 5101 claudos
2460 5043 2700 5116 erigens,
2732 5058 3060 5114 omnemque
3093 5043 3345 5098 morbum
3377 5058 3442 5098 ac
3464 5058 3593 5097 cors

2017 5136 2168 5210 poris
2192 5137 2573 5209 aegritudinem
2599 5149 2818 5202 sanans,
2839 5143 3014 5191 totum
3048 5134 3102 5190 in
3139 5146 3192 5191 te
3213 5138 3341 5191 vita:
3365 5149 3592 5199 manere

2016 5242 2327 5286 sermonem
2347 5227 2612 5289 mirandis
2638 5227 2902 5300 operibus
2926 5226 3274 5289 ostendebas.

2090 5542 2332 5599 Primum
2358 5542 2507 5600 hunc
2533 5543 2773 5616 Spiritus
2801 5542 3168 5602 arrhabonem
3192 5558 3256 5601 ac
3285 5543 3470 5617 gratiae
3488 5542 3593 5599 dc-

2020 5635 2363 5705 libationem,
2413 5638 2747 5709 cjuscemodi
2829 5638 3113 5719 signorum
3188 5636 3592 5703 esbibitloncm

424 5822 726 5896 “anheli.
750 5821 915 5889 me;
947 5818 1113 5879 Hebr.
1148 5835 1187 5887 ι,
1212 5819 1281 5886 3;
1314 5816 1503 5876 Matth.
1548 5833 1627 5887 ιιι,
1656 5818 1755 5885 17;
1788 5816 1920 5874 Luc.
1956 5833 2039 5887 ιη,
2065 5820 2155 5879 22.
