4156 6282
400 369 505 434 271

1565 349 1862 415 NICETE
1896 344 2435 406 l—‘APHLAGONIS

3562 340 3674 419 272

399 497 463 537 ac
484 481 560 537 illi
591 479 859 536 formatus
887 476 1015 542 fide,
1043 491 1150 531 una
1176 472 1383 530 Christi
1409 471 1683 534 doctrina,
1715 483 1822 522 una
1861 479 1982 536 gra-

2089 473 2223 522 στει,
2258 459 2356 528 μιᾷ
2385 457 2479 510 τοῦ
2503 455 2738 526 Χριστοῦ
2767 457 2976 528 διδαχῇ,
3029 458 3128 528 μιᾷ
3159 457 3343 530 χάριτι
3389 460 3483 513 καὶ
3509 462 3670 514 πνεὺο

399 573 475 627 tia
509 569 818 638 eodemque
858 566 1135 639 perfectus
1191 563 1421 633 Spiritu,
1478 559 1657 630 ipsum
1706 566 1982 629 postremo

399 660 780 718 beatissimum
835 658 1132 728 complevit
1160 654 1560 710 duodenarium
1608 650 1981 720 apostolorum

399 755 632 810 chorum
668 769 683 806 ε
731 751 827 822 qui
881 749 975 806 fiat
1003 759 1065 804 ut
1100 752 1212 802 non
1242 746 1394 816 paria
1421 745 1529 799 illis
1562 741 1782 813 praemia
1811 741 1985 794 hono-

401 859 624 915 resque,
659 852 773 898 tum
806 842 861 898 in
889 841 1045 899 caelis
1075 855 1103 894 a
1135 839 1282 910 Rege
1318 835 1506 910 gloriae
1533 849 1597 888 ac
1634 831 1980 903 praemiorum

396 936 702 1010 justissima
725 933 958 998 arbitro,
989 939 1107 988 tum
1137 931 1191 984 in
1221 938 1365 988 terra
1396 927 1539 998 apud
1573 923 1842 980 sermonis
1872 938 1982 978 non

401 1027 624 1097 iniquos
652 1025 1064 1095 dispensatores
1098 1020 1384 1076 obtineat?
1435 1014 1748 1072 Laudemus
1799 1015 1983 1083 itaque

400 1115 1026 1182 Mathiam,venerabile
1070 1127 1294 1176 nomen,
1349 1112 1594 1174 beatum,
1653 1106 1981 1170 colendum;

400 1227 540 1272 rem.
562 1225 685 1280 qua:
708 1222 806 1277 pro
825 1205 1063 1261 nominis
1097 1203 1311 1258 ratione
1351 1212 1466 1258 tum
1492 1200 1848 1270 intelligatur,
1869 1206 1984 1252 tum

401 1301 692 1366 laudetur;
737 1313 866 1354 vere
922 1297 1186 1351 nimirum
1217 1295 1316 1349 Dei
1377 1293 1605 1353 donum,
1636 1291 1722 1345 his
1773 1289 1986 1344 scilicet

402 1392 497 1464 qui
522 1392 823 1461 accipiunL
856 1388 969 1444 Hoc
997 1388 1161 1444 etiam
1206 1386 1308 1442 sibi
1346 1385 1482 1448 vult,
1511 1381 1663 1454 quod
1693 1382 1771 1435 sic
1798 1379 1985 1449 appel-

402 1484 570 1540 latur.
599 1481 909 1538 Laudemus
944 1493 1070 1535 cum
1121 1479 1379 1543 cantico;
1419 1491 1504 1541 ac,
1544 1482 1750 1544 quanta
1811 1469 1984 1524 facul-

402 1585 513 1640 tas,
542 1588 693 1641 eum,
716 1571 814 1644 qui
841 1573 1064 1628 virtutis
1086 1569 1492 1642 magniﬁcentia
1518 1580 1735 1622 omnem
1760 1563 1985 1618 laudum

404 1665 754 1737 Splendorem
810 1663 1112 1734 superavit,
1144 1662 1560 1733 magnificemus
1596 1676 1610 1714 :
1668 1673 1769 1712 nec
1799 1654 1986 1711 verbis

405 1757 584 1813 solum
617 1771 808 1812 verum
849 1756 979 1812 Iesu
1025 1755 1358 1825 discipulum
1393 1752 1718 1812 exaltemus,
1788 1749 1881 1803 sed
1931 1756 1987 1800 et

407 1863 574 1920 quam
601 1848 905 1920 magniﬁcis
945 1848 1106 1904 donis
1129 1848 1351 1917 Deoque
1380 1846 1641 1916 acceptis,
1693 1843 1840 1897 illius
1873 1856 1984 1894 me-

406 1939 640 1995 moriam
666 1942 1059 2012 constipemus.

475 2115 736 2179 annnam
768 2124 900 2186 ergo
954 2127 1084 2170 sunt
1119 2130 1367 2178 munera,
1419 2113 1621 2184 quibus
1649 2124 1876 2183 magnus
1903 2126 1988 2166 sa-

407 2217 614 2273 cerque
644 2205 925 2274 apostolus
954 2206 1150 2261 lubens
1169 2205 1606 2276 acoipiturYNon
1633 2219 1832 2259 aurum
1860 2203 1987 2263 dicti

405 2301 466 2349 et
501 2303 814 2366 argentum,
871 2311 978 2351 nec
1026 2299 1295 2352 unionum
1345 2296 1626 2367 fulgores,
1662 2306 1756 2351 aut
1807 2302 1989 2350 vestes

408 2383 682 2452 pretiosas
723 2392 906 2452 (teme
941 2385 1149 2442 scilicet
1200 2385 1463 2450 fructum,
1512 2396 1568 2439 et
1596 2400 1717 2455 quae
1749 2385 1804 2439 in
1841 2393 1987 2439 terra

411 2471 662 2528 diﬁluant
689 2489 753 2528 ac
782 2473 1099 2544 intereant),
1124 2475 1218 2530 sed
1249 2476 1480 2544 perenni
1513 2475 1589 2530 illi
1611 2490 1839 2530 munere
1874 2481 1988 2528 ter-

410 2579 676 2622 renarum
700 2566 1086 2634 abjectionem,
1128 2583 1370 2622 amorem
1414 2568 1742 2630 caelestium,
1790 2583 1987 2621 carna-

408 2656 547 2712 lium
601 2665 978 2730 eontemptum
1029 2669 1194 2729 atque
1257 2661 1568 2731 neglectum
1597 2701 1611 2724 ,
1659 2660 1986 2730 spiritalium

410 2765 641 2820 gnavam
671 2765 891 2821 operam
924 2766 1222 2822 coramque
1263 2753 1600 2810 offeramus:
1651 2768 1714 2808 ac
1765 2752 1987 2822 quidem

411 2852 516 2911 pro
543 2841 778 2911 pecunia
811 2840 1136 2912 longiusque
1182 2857 1212 2897 a
1247 2844 1458 2898 ratione
1498 2843 1831 2898 abhorrente
1864 2857 1990 2897 cor-

411 2931 565 3000 poris
592 2929 873 3001 voluptate
901 2946 966 2986 ac
991 2931 1219 2988 libidine
1247 2933 1469 2988 virtutis
1493 2932 1829 2988 desiderium
1871 2943 1989 2988 stu—

414 3021 716 3094 diumque;
747 3038 848 3094 pro
885 3024 994 3079 cibi
1014 3025 1110 3094 qui
1146 3025 1539 3095 corrumpitur,
1572 3040 1804 3094 operosa
1835 3025 1988 3080 solli-

2087 564 2215 616 ματι
2250 546 2326 616 τῷ
2378 546 2526 616 αὐτῷ
2567 548 3021 616 κατηρτισμένος,
3059 548 3154 600 καὶ
3188 549 3289 617 τῆς
3315 550 3673 620 μακαριωτά-

2083 656 2183 708 της
2217 625 2325 694 τῶν
2350 638 2664 693 ἀποστόλων
2687 637 3102 701 δυοκαιδεκάδος
3138 638 3366 709 ῦστερον
3401 637 3674 694 ἀναδέδει-

2086 749 2206 785 κται
2223 749 2286 784 συ
2294 732 2442 802 μπλη
2452 731 2650 803 ρωτὴς,
2677 731 2792 792 πῶς
2810 731 2870 783 οὐ
2887 730 2995 783 τῶν
3012 732 3143 784 ῖσων
3161 748 3222 798 γε
3233 730 3341 801 ρῶν
3371 731 3461 784 καὶ
3477 731 3674 801 τιμῶν,

2085 823 2142 877 ἓν
2170 840 2230 876 τε
2256 826 2367 885 τοῖς
2403 825 2650 895 οὐρανοῖς
2687 823 2835 893 παρά
2861 823 2941 895 τῷ
2974 823 3191 876 Βασιλεῖ
3229 823 3331 893 τῆς
3363 824 3543 894 δέξης,
3580 825 3671 878 καὶ

2084 916 2193 968 τῶν
2249 914 2500 968 ἐπάθλων
2560 914 2884 985 δικαιοτάτῳ
2940 914 3244 985 βραϐευτῇ·
3304 918 3398 968 καὶ
3442 917 3535 970 ἐπὶ
3568 917 3672 987 γῆς

2085 1007 2235 1077 παρά
2256 1024 2317 1074 γε
2348 1008 2459 1069 τοῖς
2492 1006 2592 1059 οὐκ
2635 1005 2840 1068 ἀδίκοις
2874 1004 2968 1057 τοῦ
2997 1006 3156 1072 λόγου
3187 1006 3492 1075 διαιτηταῖς
3537 1024 3673 1062 κατ-

2086 1101 2274 1165 αξιοίτ’
2291 1101 2356 1155 ἀν
2375 1117 2391 1168 ;
2408 1101 2719 1168 Αἰνέσωμεν
2743 1098 3031 1168 τοιγαροῦν
3053 1099 3368 1166 Μαθίαν,τὸ
3388 1101 3682 1171 σεϐάσμιον

2084 1195 2276 1265 ὄνομα,
2310 1194 2370 1247 τὸ
2407 1193 2700 1264 μακάριον,
2722 1192 2784 1244 τὸ
2805 1190 3009 1261 τίμιον,
3045 1192 3106 1244 τὸ
3140 1194 3282 1246 κατὰ
3310 1192 3370 1246 τὸ
3398 1193 3594 1264 ὄνομα,
3618 1194 3680 1248 τὸ

2086 1288 2320 1358 πρᾶγμα
2342 1285 2630 1355 νοούμενον
2670 1285 2765 1338 καὶ
2803 1283 3158 1354 αἱνούμενονο
3188 1285 3256 1338 τὸ
3289 1287 3507 1356 ἀληθῶς
3535 1286 3675 1358 δόμα

2086 1385 2222 1440 Θεοῦ
2244 1427 2259 1451 ,
2291 1384 2493 1457 δηλαδὴ
2557 1387 2667 1448 τοῖς
2695 1383 3032 1455 λαμϐάνουσι
3057 1400 3070 1414 ·
3115 1382 3275 1437 τοῦτο
3305 1382 3415 1453 γὰρ
3440 1383 3474 1453 ἡ
3508 1397 3680 1453 προσ-

2087 1479 2280 1549 ηγορία
2311 1477 2589 1547 βούλεταν
2621 1477 2926 1546 αἱνέσωμεν
2963 1476 3078 1547 μετ’
3109 1474 3278 1546 ᾠδῆς,
3317 1471 3410 1527 καὶ
3442 1475 3676 1526 ἀποστ⁰⁶

2086 1570 2258 1631 λικοῖς
2288 1568 2553 1632 ἐπαίνοις,
2589 1567 2664 1629 ὡς
2697 1564 2918 1635 ἐφικτὸν
2947 1565 3100 1634 ἡμῖν,
3133 1562 3545 1634 μεγαλύνωμεν,
3581 1562 3676 1615 τὸν

2085 1661 2153 1730 τῇ
2175 1658 2513 1729 μεγαλοφυῖᾳ
2539 1657 2638 1726 τῆς
2660 1657 2863 1726 ἀρετῆς
2936 1657 3117 1709 πᾶσαν
3136 1654 3374 1708 ἐπαίνων
3405 1653 3677 1721 ὑπερανα-

2088 1750 2260 1804 6ἀντα
2279 1750 2642 1819 λαμπρότητα
2667 1763 2682 1780 ·
2716 1748 2812 1801 καὶ
2849 1746 2924 1818 μὴ
2970 1748 3083 1809 τοῖς
3122 1745 3301 1814 λόγοις
3332 1742 3492 1813 μόνον
3521 1742 3673 1812 ὑψώο

2091 1859 2273 1911 σωμεν
2300 1841 2393 1894 τὸν
2433 1842 2656 1910 γνήσιον
2708 1839 2800 1892 τοῦ
2866 1837 3042 1908 Ἰησοῦ
3077 1836 3344 1908 μαθητὴν,
3401 1832 3540 1886 ἀλλὰ
3579 1831 3673 1888 καὶ

2086 1935 2359 2005 λαμπροῖς
2401 1933 2482 1986 ὅτι
2520 1930 2759 2003 μάλιστα
2812 1931 3011 2002 δώροις
3055 1929 3150 1982 καὶ
3205 1925 3523 1996 θεοτερπὲσι
3573 1924 3672 1996 τὴν

2091 2026 2312 2098 μνήμην
2343 2022 2510 2078 αὑτοῦ
2542 2021 3042 2091 καταπυκάσωμεν.

2157 2116 2294 2170 Τίνα
2320 2115 2501 2169 τοίνυν
2547 2114 2616 2167 τὰ
2640 2113 2812 2186 δῶρα,
2845 2109 2928 2177 οἷς
2956 2115 2984 2166 ὁ
3018 2112 3192 2182 μέγας
3231 2109 3322 2164 καὶ
3356 2109 3500 2179 ἱερὸς
3545 2109 3674 2164 a126-

2089 2209 2273 2272 στολος
2305 2206 2487 2279 χαίρει
2527 2205 3018 2278 φιλοτιμούμενος;
3050 2204 3125 2258 Οὐ
3171 2206 3369 2275 χρυσον
3397 2202 3542 2271 λέγω
3581 2201 3675 2257 ml.

2086 2300 2346 2372 ἄργυρον,
2373 2299 2497 2352 οὐδὲ
2544 2297 2712 2353 λίθων
2763 2297 3179 2368 λαμπρότητας,
3217 2295 3344 2350 οὐδὲ
3371 2294 3482 2350 τῶν
3510 2293 3676 2364 ἐσθη-

2092 2391 2275 2460 μάτων
2297 2390 2397 2453 τὰς
2459 2390 2797 2459 τιμιότητας,
2830 2386 2932 2456 γῆς
2967 2387 3126 2449 ὄντας
3155 2384 3389 2458 καρπὸν,
3418 2385 3512 2438 καὶ
3536 2383 3679 2438 κατὰ

2087 2483 2189 2552 γῆς
2216 2484 2408 2554 ῥέοντα
2435 2481 2527 2534 καὶ
2555 2479 2827 2550 ὀλλύμενα
2846 2496 2860 2510 ·
2900 2477 3037 2533 ἀλλὰ
3075 2477 3552 2548 δωροφορήσωμεν
3577 2475 3678 2544 τὴν

2087 2573 2196 2627 τῶν
2226 2575 2427 2643 γηΐνων
2452 2572 2738 2635 ἀπόθεσιν,
2773 2571 2880 2624 τῶν
2907 2569 3172 2642 οὐρανίων
3195 2568 3293 2641 τὴν
3325 2569 3531 2638 ἔφεσιν,
3571 2567 3678 2620 τῶν

2091 2663 2367 2735 σαρκικῶν
2425 2663 2523 2736 τὴν
2576 2661 2881 2736 ὑπεροψίαν
2937 2662 3031 2716 καὶ
3081 2663 3182 2733 τὴν
3233 2661 3517 2733 ἀμέλειαν,
3566 2660 3677 2713 τῶν

2089 2755 2474 2827 πνευματικῶν
2497 2756 2597 2826 τὴν
2630 2755 2894 2826 ἐργασίαν
2919 2755 3014 2807 καὶ
3059 2754 3402 2824 ἐπιμέλειαν·
3434 2755 3525 2806 καὶ
3554 2753 3677 2806 ἀντὶ

2093 2848 2191 2919 μὲν
2214 2847 2313 2918 τῆς
2343 2845 2803 2918 βοσκηματώδους
2825 2849 2919 2901 καὶ
2935 2845 3281 2917 ἀλογωτέρας
3303 2844 3393 2898 τοῦ
3423 2843 3672 2915 σώματος

2091 2940 2308 3012 ἡδονῆς,
2340 2939 2439 3011 τὴν
2461 2940 2560 3010 τῆς
2599 2940 2802 3013 ἀρετῆς
2841 2938 3142 3010 ἐπιθυμίαν
3175 2938 3268 2992 καὶ
3295 2939 3392 3007 τὴν
3414 2937 3670 3009 σπουδήνο

2090 3033 2211 3087 ἀντὶ
2230 3032 2286 3085 δὲ
2322 3032 2420 3102 τῆς
2449 3034 2576 3105 περὶ
2592 3034 2693 3100 τὴν
2717 3031 3099 3103 ἀπολλυμένην
3123 3030 3325 3101 βρῶσιν
3351 3031 3675 3101 πολυεργίας

414 3115 662 3173 citudine
677 3133 741 3174 ac
758 3118 1061 3191 diligentia,
1077 3135 1361 3176 sacrorum
1381 3121 1728 3191 eloquiorum
1745 3120 1987 3192 legisque

2095 3125 2192 3178 καὶ
2217 3121 2556 3193 φιλοπονίας,
2607 3123 2715 3178 τῶν
2769 3123 2931 3194 ιερῶν
2979 3123 3180 3191 λογίων
3222 3123 3318 3175 καὶ
3364 3120 3458 3175 τοῦ
3507 3121 3675 3192 νόμου

415 3210 646 3282 spiritus
685 3211 813 3268 vita:
841 3228 1034 3283 puram
1062 3214 1473 3270 meditationem
1506 3213 1899 3270 fructificemus
1918 3219 1984 3267 θ’.

415 3301 506 3358 Sic
534 3303 682 3357 enim
705 3319 855 3369 vere,
901 3304 989 3359 bis
1008 3307 1103 3375 qui
1133 3307 1346 3362 sincere
1373 3306 1617 3372 laudant,
1652 3307 1820 3362 etiam
1866 3321 1990 3360 cor-

415 3391 570 3464 poris
643 3395 954 3448 necessaria
979 3433 996 3460 ,
1054 3395 1295 3452 caelestis
1356 3396 1536 3452 Patris
1611 3395 1988 3451 munificentia

416 3483 643 3540 omnino
672 3483 1050 3540 subministrat
1092 3499 1192 3556 pro
1223 3502 1291 3542 eo
1324 3501 1389 3542 ac
1409 3486 1658 3558 promisit
1690 3486 1773 3545 δι’.

483 3669 603 3726 Non
632 3668 779 3724 enim
807 3670 1013 3726 frustra
1049 3685 1203 3726 saera
1235 3673 1320 3726 lex
1349 3672 1710 3727 cessationem
1756 3673 1825 3727 ab
1854 3689 1988 3743 ope-

416 3762 576 3818 ribus
596 3761 998 3834 corporalibus,
1049 3778 1147 3834 per
1177 3764 1302 3819 illos
1353 3767 1588 3819 maxime
1635 3764 1754 3820 dies
1787 3765 1989 3835 quibus

416 3856 684 3911 festorum
712 3856 977 3910 solemnia
1002 3866 1263 3926 aguntur,
1312 3857 1575 3912 indixisse
1604 3857 1942 3927 conspicitur
1971 3876 1987 3925 ;

416 3963 519 4001 nec
567 3962 635 4000 eo
680 3947 933 4010 consilio,
985 3956 1043 4000 ut
1072 3949 1318 4018 corporis
1355 3949 1468 4002 otio
1521 3964 1584 4003 ac
1622 3948 1833 4004 desidia
1867 3963 1990 4003 ear-

416 4041 613 4110 nisque
638 4039 868 4094 mollitie
900 4041 1141 4095 animum
1183 4040 1399 4095 libidini
1433 4041 1782 4109 laxaremus;
1831 4058 1992 4098 secus

416 4145 552 4187 vero
587 4130 792 4186 indicta
828 4133 1134 4198 vacatione,
1168 4135 1270 4187 hoc
1311 4134 1457 4188 serio
1489 4143 1645 4188 curat
1673 4143 1730 4188 et
1771 4135 1902 4205 agit,
1933 4144 1992 4189 ut

417 4233 474 4277 et
496 4238 728 4292 corpore
749 4231 804 4278 et
841 4233 1024 4279 mente
1065 4234 1120 4279 et
1152 4226 1334 4280 animo
1384 4243 1413 4281 a
1463 4235 1683 4281 terrena
1716 4227 1992 4297 inquietu—

419 4317 548 4372 dine
593 4319 892 4390 laboreque
919 4333 982 4371 ac
1019 4317 1264 4372 molestia
1295 4317 1437 4372 circa
1470 4334 1558 4373 res
1596 4335 1763 4373 vanas
1793 4320 1994 4374 libere-

419 4423 565 4472 mur,
594 4418 758 4480 atque
790 4409 858 4464 ad
889 4409 1093 4464 bonum
1129 4418 1326 4464 natura
1373 4419 1585 4478 (verum
1619 4412 1750 4467 illud
1785 4413 1989 4467 bonum

2094 3215 2190 3270 τοῦ
2220 3216 2538 3287 Πνεὺματος
2566 3218 2666 3285 τῆς
2699 3214 2844 3285 ζωῆς
2872 3216 2970 3286 τὴν
2997 3215 3243 3285 καθαρὰν
3285 3213 3517 3285 μελέτην
3545 3229 3680 3284 καρσ-

2092 3306 2427 3377 ποφορῶμεν
2451 3323 2465 3338 ·
2500 3305 2674 3377 ταύτῃ
2710 3307 2819 3376 γὰρ
2852 3305 3064 3377 ἀληθῶς
3096 3308 3209 3368 τοῖς
3241 3304 3483 3374 γνησίως
3523 3303 3679 3370 δοξάο

2089 3397 2264 3465 ζουσι,
2295 3399 2388 3452 καὶ
2428 3400 2462 3470 ὴ
2504 3399 2615 3451 τῶν
2651 3397 2978 3468 ἐπιτηδείων
3001 3395 3095 3450 τοῦ
3129 3395 3382 3466 σώματος
3412 3389 3550 3468 πρὸς
3579 3394 3676 3450 τοῦ

2088 3489 2339 3559 οὐρανίου
2368 3489 2599 3560 Πατρδς,
2619 3487 2693 3552 ὡς
2719 3488 3075 3560 ἐπήγγελται,
3097 3486 3313 3550 πάντως
3331 3485 3520 3540 ἕπεται
3549 3502 3677 3558 χορ-

2087 3579 2239 3650 ηγία.
2554 3582 2557 3585 ’

2159 3669 2269 3725 Καὶ
2300 3668 2405 3736 γὰρ
2435 3667 2533 3722 οὐκ
2562 3668 2682 3735 εικῆ
2719 3666 2817 3737 τὴν
2845 3666 2953 3721 ἀπὺ
2979 3665 3086 3720 τῶν
3125 3664 3455 3735 σωματικῶν
3487 3664 3669 3736 ἔργων

2090 3765 2309 3836 ἀργίαν,
2362 3766 2456 3818 καὶ
2511 3765 2744 3833 μάλιστα
2800 3761 2939 3816 κατὰ
2969 3762 3064 3824 τὰς
3118 3761 3269 3832 lapsi;
3320 3759 3429 3813 τῶν
3466 3759 3669 3830 ἑορτῶν

2091 3857 2324 3928 ἡμέρας,
2381 3857 2408 3909 δ
2439 3855 2581 3926 ἱερὸς
2634 3855 2880 3923 φαίνεται
2927 3854 3088 3925 νόμος
3146 3850 3512 3922 συντεταχιτκο
3556 3850 3670 3904 οὐδ’

2092 3947 2232 4002 ὥστε
2258 3945 2511 4019 ῥᾳστώνῃ
2544 3944 2796 4016 σώματος
2831 3944 2924 3998 καὶ
2971 3947 3186 3999 ἀνέσεσι
3233 3947 3434 4016 σαρκὸς
3463 3945 3670 4012 ἐφεῖναι

2091 4039 2190 4108 τὴν
2238 4037 2415 4108 ψυχὴν
2451 4038 2667 4108 ἡδοναῖς
2692 4050 2708 4066 ·
2759 4037 3065 4090 τούναντίον
3117 4037 3218 4106 μὲν
3242 4032 3351 4100 οὖν,
3388 4037 3479 4089 καὶ
3511 4033 3669 4103 σῶμα

2092 4131 2187 4186 καὶ
2216 4131 2340 4184 νοῦν
2384 4132 2475 4184 καὶ
2503 4129 2677 4201 ψυχὴν
2703 4127 3043 4199 ἐξείργεσθαι
3081 4129 3180 4199 μὲν
3205 4129 3304 4200 τῆς
3337 4129 3484 4182 κάτω
3509 4143 3667 4199 περι-

2094 4225 2286 4295 φορᾶς,
2317 4224 2409 4277 καὶ
2434 4223 2532 4293 τῆς
2566 4222 2693 4293 περὶ
2717 4220 2786 4274 τὰ
2812 4221 3017 4288 μάταια
3053 4220 3356 4293 μοχθηρίας
3384 4226 3476 4274 και
3507 4220 3667 4289 ὀχληο

2097 4322 2218 4391 ρεας
2249 4319 2682 4374 ἀπαλλάττεσθαι
2717 4317 2806 4371 διά
2853 4317 2953 4387 τῆς
3007 4319 3202 4389 ἀργίας
3258 4319 3627 4388 προμηθεῖται
3655 4330 3670 4344 ’

2094 4414 2467 4468 ἀνατείνεσθαι
2493 4413 2548 4465 δὲ
2595 4411 2728 4482 πρὸς
2778 4410 2838 4464 τὸ
2875 4411 3032 4479 φύσει
3068 4412 3252 4474 καλὸν,
3284 4413 3345 4464 τὸ
3400 4412 3570 4473 ὅντως
3617 4410 3677 4464 ὂν

419 4508 477 4555 et
501 4499 735 4554 amabile
763 4509 975 4555 naturae
1007 4501 1159 4554 omni
1192 4501 1514 4573 intelligenti
1562 4519 1624 4557 ac
1657 4505 1887 4558 rationis
1937 4505 1987 4558 vi

2095 4507 2295 4577 ἀγαθὸν
2320 4505 2414 4559 καὶ
2440 4471 2737 4575 ἐπέραστον
2769 4471 2913 4577 πᾶσι]
2941 4505 3099 4574 νοερᾷ
3128 4504 3220 4558 καὶ
3243 4471 3456 4575 ’λογικῇ
3482 4471 3674 4570 φύσει·

418 4592 684 4663 praedita)
735 4593 1041 4662 erigamur;
1089 4593 1330 4662 dumque
1379 4608 1408 4646 a
1443 4596 1722 4649 saecularis
1754 4596 1879 4650 vitae
1914 4597 1992 4649 la‘

420 4685 648 4740 boribus
679 4699 742 4738 ac
770 4684 1037 4739 molestiis
1068 4685 1242 4738 otium
1272 4685 1503 4756 agimus,
1540 4689 1804 4756 potiorem
1842 4689 1989 4742 illam

417 4786 475 4830 et
522 4783 834 4830 manentem
864 4774 1094 4828 rationis
1130 4783 1292 4844 atque
1345 4774 1566 4828 virtutis
1614 4776 1990 4844 operationem

417 4864 791 4935 proferamus;
819 4865 1132 4934 divinisque
1172 4865 1402 4919 canticis
1446 4881 1507 4918 ac
1540 4867 1709 4920 sacris
1745 4865 1994 4935 Scriptu—

419 4973 605 5012 rarum
641 4957 1114 5021 meditationibus,
1145 4957 1261 5028 jugi
1293 4958 1531 5027 denique
1580 4975 1804 5028 precum
1849 4960 1988 5014 assi-

418 5050 648 5111 duitate.
677 5051 910 5105 Domino
937 5049 1300 5120 perfruamur.

492 5167 534 5200 δ’
565 5168 724 5222 Joan.
753 5185 830 5236 γι,
863 5170 931 5223 27
955 5186 970 5235 ;
997 5170 1156 5223 Rom.
1193 5184 1307 5235 vm,
1340 5168 1394 5221 ‘2.
1471 5171 1536 5200 Μ·
1562 5169 1750 5223 Matth.
1788 5187 1863 5236 vr,
1889 5173 1977 5227 5'7.

421 5329 737 5385 cusserunt,
770 5323 930 5391 cujus
956 5336 1064 5394 non
1095 5320 1356 5375 videntur
1386 5320 1562 5377 Judaei
1599 5322 1988 5394 habuissejus,

420 5394 512 5448 sed
547 5394 918 5446 Romanorum
979 5392 1245 5444 duntaxat
1291 5394 1575 5460 prassides.
1638 5394 1860 5447 Placent
1881 5392 1989 5447 ’νο-

421 5474 567 5533 teres
616 5462 838 5533 tabulae,
867 5460 1068 5529 quibus
1096 5461 1309 5533 nudum
1351 5463 1564 5533 Matini-ie
1600 5465 1984 5533 consignatum

421 5532 620 5603 natale,
648 5532 977 5603 quibuscum
1007 5531 1188 5583 malim
1232 5532 1476 5600 profiteri
1512 5533 1724 5586 nescire
1754 5531 1984 5603 reliqua,

419 5602 580 5671 quam
640 5617 761 5672 qua:
810 5601 1078 5672 nesciam?
1113 5611 1170 5653 ut
1198 5613 1367 5672 certa
1426 5603 1731 5656 venditare.
1776 5601 1989 5658 Crescit

421 5687 637 5739 semper
661 5671 799 5724 fama
833 5673 1037 5724 eundo.
1065 5671 1364 5740 Displicent
1400 5676 1532 5726 Acta
1555 5673 1642 5726 illa
1668 5689 1732 5726 ex
1757 5673 1989 5728 Hebraeo

423 5759 601 5804 versa,
633 5741 777 5812 quod
802 5756 961 5795 unam
991 5741 1230 5812 Iudaeam
1275 5743 1445 5795 velint
1497 5743 1711 5797 Mathiae
1765 5745 1989 5812 provin-

424 5813 730 5881 ciam,qua:
759 5810 860 5866 fuit
917 5812 1106 5868 Jacobi
1167 5811 1440 5880 Zcbcdmi,
1482 5810 1827 5883 aliorumque
1861 5829 1990 5882 apo-

2095 4600 2185 4651 καὶ
2236 4596 2430 4666 σχολὴν
2481 4596 2588 4650 ἀπὸ
2643 4595 2750 4648 τῶν
2819 4595 3083 4665 βιωτικῶν
3139 4595 3374 4665 ἄγοντας
3433 4595 3670 4665 μόχθων,

2093 4691 2257 4745 παντὶ
2290 4687 2464 4742 σθένει
2514 4689 2613 4760 τὴν
2664 4690 2897 4757 κρείττω
2953 4689 3047 4742 καὶ
3107 4689 3372 4757 μένουσαν
3411 4687 3675 4755 ἐργασίαν

2092 4781 2186 4836 τοῦ
2212 4781 2367 4848 λόγου
2407 4781 2499 4833 καὶ
2527 4782 2624 4850 τῆς
2645 4781 2842 4850 ἀρετῆς
2871 4781 3144 4852 προτιμᾷν
3168 4797 3181 4809 ⁸
3214 4779 3402 4849 ὕμνοις
3426 4795 3484 4830 τε
3511 4776 3672 4835 θείοις

2096 4874 2190 4927 καὶ
2228 4873 2397 4942 ἱεραῖς
2428 4873 2536 4925 τῶν
2555 4873 2751 4940 λογίων
2783 4872 3036 4940 μελέταις
3066 4877 3158 4927 καὶ
3190 4871 3513 4943 προσευχαῖς
3542 4869 3668 4919 ἀεν-

2102 4969 2246 5030 νάοις
2267 4964 2357 5018 τοῦ
2387 4963 2593 5035 Κυρίου
2623 4966 2996 5038 κατατρυφᾷν.

2089 5325 2378 5390 stolarum,
2406 5331 2462 5379 et
2494 5340 2602 5394 qua
2652 5324 2864 5387 relicta,
2905 5322 2981 5394 ad,
3033 5320 3196 5394 aliasi
3217 5329 3408 5394 gentes
3440 5319 3673 5394 commi-

2123 5405 2336 5458 rarunt,
2376 5411 2487 5449 uno
2513 5390 2709 5451 relicto
2729 5395 2935 5451 Jacobo
2966 5393 3135 5448 fratre
3183 5390 3401 5447 Domini
3449 5390 3674 5448 Jeroso-

2111 5480 2358 5535 ymoruin
2390 5466 2656 5530 antistite,
2693 5481 2856 5533 quem
2895 5466 3072 5519 solum
3103 5480 3228 5519 cum
3261 5463 3429 5518 Petro
3453 5462 3664 5535 Paulus

2083 5534 2438 5606 .I’erosolymis
2489 5546 2546 5590 et
2602 5536 2655 5588 in
2715 5535 2899 5589 .ludaaa
2954 5536 3192 5599 viderit;
3236 5535 3361 5589 aliis
3408 5534 3673 5606 nimirum

2088 5607 2316 5675 ipsoque
2353 5605 2554 5676 illathia
2591 5622 2689 5676 per
2720 5606 2853 5659 alias
2887 5606 3142 5676 regiones
3191 5620 3290 5673 pro
3328 5605 3673 5673 apostolatus

2087 5691 2315 5728 munere
2350 5675 2635 5744 dispersis,
2670 5676 2758 5729 ubi
2795 5685 2917 5744 post
2945 5691 3120 5729 annos
3155 5676 3221 5729 14
3247 5691 3277 5728 a
3309 5690 3406 5729 sua
3439 5689 3675 5727 conver-

2089 5747 2264 5806 sione,
2298 5761 2363 5799 eo
2390 5745 2639 5800 ascendit
2666 5755 2725 5799 ut
2753 5746 2976 5801 Petrum
3030 5745 3316 5815 inviseret,
3349 5755 3402 5801 et
3431 5761 3558 5800 cum
3602 5757 3671 5798 eo

2087 5815 2445 5882 Evangelium
2487 5817 2782 5872 conferret.
