4134 6278
380 344 493 410 275

1551 343 1847 406 NICET/E
1883 344 2083 405 PAPH
2092 343 2416 407 LAGONIS

3548 337 3666 401 276

380 457 588 525 animo,
639 472 915 530 sensuque
948 446 1201 530 placidus
1247 475 1313 516 ac
1367 458 1654 516 modestus
1690 460 1963 545 mitisque

2084 460 2324 532 (ρηστὸς,
2351 458 2554 514 καὶτὸν
2571 458 2672 531 τῆς
2696 457 2875 531 ψυχῆς
2890 458 3091 531 τρόπον
3115 456 3385 528 ἐπιεικὴς,
3405 455 3482 521 ὡς
3501 454 3670 526 μόνον

381 565 510 606 cum
537 560 706 618 esset,
726 551 822 608 ubi
850 551 1093 623 primum
1115 553 1245 609 Jesu
1269 552 1412 611 fama
1441 556 1500 611 in
1530 555 1788 612 omnium
1816 568 1981 610 aures

2084 551 2241 626 ἠτοῦ
2294 551 2470 622 Ἰησοῦ
2501 553 2661 624 φήμη
2692 552 2796 607 ἀνά
2839 552 3021 614 πάσας
3069 550 3180 605 τῶν
3229 547 3535 621 ἀνθρώπων
3580 545 3664 600 δι-

381 643 649 709 insonuit,
686 653 1085 716 cmperuntque
1109 644 1317 702 Christi
1361 648 1629 704 miracula
1653 648 1710 702 in
1749 644 1975 703 Christo

381 732 822 802 increbrescere,
875 736 1021 792 haud
1051 737 1185 794 satis
1209 739 1423 810 putavit
1465 740 1660 796 auditu
1705 740 1976 796 solover-

381 822 516 878 bum
546 825 865 896 suscipere;
898 827 1035 897 quin
1063 836 1121 882 et
1156 829 1405 883 cucurrit
1455 829 1642 884 animo
1685 829 1882 884 avidus
1915 839 1977 883 ut

383 917 520 988 ipsis
552 933 774 989 quoque
802 919 983 974 oculis
1010 919 1404 976 miraculorum
1431 919 1712 991 inspector
1736 919 1916 976 iieret.

454 1009 576 1064 Mox
603 1009 788 1080 itaque
809 1027 874 1066 ac
906 1011 1068 1079 vidit,
1087 1027 1197 1067 non
1237 1011 1532 1080 dubitavit,
1555 1020 1650 1067 aut
1678 1012 1831 1068 velut
1879 1013 1976 1084 qui

383 1101 618 1158 modicae
686 1103 814 1160 ﬁdei
866 1110 1016 1171 sunt,
1072 1100 1284 1176 anceps
1346 1105 1529 1162 haesit.
1593 1105 1715 1162 Non
1769 1105 1976 1161 invidia

385 1195 614 1264 exarsit,
665 1196 818 1252 velut
848 1198 1235 1270 malignissimi
1271 1199 1484 1264 Judazi;
1521 1214 1632 1255 non
1668 1199 1976 1255 dementis-

383 1286 654 1342 simorum
679 1288 969 1358 gentilium
1002 1304 1159 1347 more
1187 1289 1583 1362 segnioriuit;
1615 1291 1751 1362 quin
1787 1289 1976 1347 animo

385 1377 697 1444 revirescit,
719 1378 996 1435 excitatur
1021 1380 1258 1452 spiritu;
1308 1397 1375 1437 ac
1396 1381 1622 1454 quidem
1663 1391 1848 1439 mente
1875 1382 1977 1439 ad-

387 1467 646 1532 miratur,
678 1467 734 1524 in
763 1468 1104 1525 desiderium
1153 1486 1286 1527 vero
1312 1471 1574 1529 transfert
1617 1474 1970 1543 miraculum,

387 1561 842 1635 desideriumque
904 1563 1188 1621 desiderio
1236 1565 1562 1632 cumulans,
1615 1567 1672 1622 in
1721 1567 1970 1624 divinum

386 1664 634 1712 amorem
655 1652 932 1722 provehit.
955 1652 1283 1710 Vehementi
1316 1653 1557 1728 denique
1598 1665 1974 1730 contentoque

387 1740 718 1798 boniformis
773 1743 981 1799 amoris
1039 1744 1281 1810 ardore,
1338 1746 1566 1817 depulsa
1623 1759 1968 1805 terrenorum

2081 645 2268 715 ηχεῖτο
2296 642 2488 707 ἀκοὰς,
2523 643 2619 697 καὶ
2635 641 2705 695 τὰ
2733 640 2829 695 τοῦ
2861 639 3097 712 Χριστοῦ
3133 639 3412 711 θαυμάσια
3441 639 3500 717 ὲν
3527 637 3668 707 Χρι-

2082 735 2194 806 στῷ
2223 732 2682 796 ἀπεκαλύπτεετο,¹
2713 739 2815 787 οὐκ
2847 729 3120 804 αὔταρκες
3146 733 3350 803 ἥγηται
3387 728 3455 782 δι’
3491 729 3669 799 ἀκοῆς

2083 831 2254 898 μόνης
2303 827 2366 881 τὸ
2401 829 2554 899 ῥῆμα
2597 825 3031 893 καταδέξασθαι·
3067 823 3203 878 ἀλλά
3253 822 3348 876 καὶ
3385 819 3673 890 αὐτόπτης

2078 921 2188 977 τῶν
2217 923 2541 992 θαυμασίων
2576 920 2780 991 ἔδραμε
2813 919 3084 990 γενέσθαι.

2162 1016 2252 1080 Ὠς
2271 1014 2365 1070 οὖν
2396 1011 2559 1077 εἶδεν,
2594 1016 2696 1070 οὐκ
2728 1015 3008 1069 ἔδίστασεν
3041 1015 3117 1078 ὠς
3143 1016 3199 1068 oi
3237 1011 3569 1081 ὀλιγόπιστοι
3593 1011 3666 1082 τῇ

2075 1107 2302 1180 διανοίᾳ.
2335 1107 2450 1162 οὐκ
2493 1107 2820 1177 ἐϐάσκηνεν,
2855 1107 2933 1170 ὡς
2956 1108 3005 1160 oi
3040 1103 3335 1174 κακοήθεις
3379 1104 3626 1158 Ἰουδαῖοι
3647 1119 3668 1135 ο

2074 1199 2198 1254 οὐδὲ
2219 1198 2627 1272 temo-sanam.
2658 1198 2735 1263 ὡς
2763 1199 2813 1252 oi
2853 1196 3173 1253 ἀνούστατοι
3221 1198 3331 1250 τῶν
3396 1193 3628 1250 ἐθνικῶν
3648 1207 3666 1224 °

2074 1292 2218 1347 ἀλλ’·
2252 1291 2544 1347 ἀναθάλλει
2607 1291 2710 1361 τὴν
2766 1289 3041 1362 καρδίαν,
3097 1290 3549 1361 ἀναζωπυρεῖται
3602 1287 3671 1341 τδ

2073 1385 2328 1456 πνεῦμαο
2357 1385 2452 1440 καὶ
2503 1385 2777 1455 θαυμάζει
2813 1384 2914 1454 μὲν
2969 1382 3048 1454 τῷ
3101 1382 3218 1454 νοτ,
3264 1385 3344 1445 είς
3389 1380 3556 1437 πόθον
3605 1380 3672 1435 δὲ

2077 1478 2401 1551 μετατίθησι
2432 1477 2495 1532 τὸ
2549 1477 2738 1548 θαῦμα
2761 1493 2779 1509 ο
2830 1477 2982 1549 πόθῳ
3031 1477 3089 1531 δι
3118 1476 3280 1530 πόθον
3325 1474 3665 1543 προστιθεὶς,

2073 1570 2155 1634 είς
2204 1569 2387 1622 ἔνθεον
2424 1567 2604 1637 ἔρωτα
2663 1567 3002 1638 προκόπτειο
3050 1565 3130 1640 τῷ
3186 1564 3403 1638 σφοδρῷ
3449 1565 3508 1618 δὲ
3567 1565 3662 1619 τοῦ

2071 1659 2420 1730 ἀγαθοειδοῦς
2438 1659 2640 1732 ἔρωτος
2663 1661 2754 1714 καὶ
2774 1659 3148 1730 ὲπιτεταμένῳ
3174 1659 3357 1714 πᾶσαν
3384 1657 3491 1713 τῶν
3507 1658 3661 1711 κάτω

2073 1752 2543 1824 διακρουσάμενος
2571 1751 2895 1822 ἐπιθυμίαν,
2925 1750 3022 1806 καὶ
3052 1751 3238 1806 πᾶσαν
3274 1747 3373 1805 τοῦ
3407 1747 3498 1804 νῦν
3523 1748 3656 1803 αῑῶο

388 1836 536 1890 omni
590 1835 918 1907 cupiditate,
979 1835 1242 1908 omnique
1297 1840 1483 1895 σκευιί
1535 1841 1700 1914 hujus
1741 1857 1974 1899 excussa

2084 1863 2164 1910 νος
2191 1817 2664 1918 ἀποτιναξάμενος
2695 1817 2934 1916 σπουδήν
2954 1860 2969 1876 ·
3006 1845 3103 1899 καὶ
3130 1845 3368 1908 οἰκείους
3403 1844 3502 1916 μὲν
3527 1842 3666 1898 πάν⁶

386 1944 552 1996 cura;
576 1941 741 2001 atque
773 1933 1103 1990 necessariis
1131 1933 1356 2005 quidem
1383 1933 1644 2000 omnibus
1683 1935 1836 1990 velut
1869 1930 1973 1990 nii-

386 2022 538 2078 nime
591 2025 924 2081 necessariis
977 2027 1201 2098 spretis,
1255 2023 1711 2098 charisSimisque
1765 2027 1977 2082 relictis

386 2115 540 2172 velut
559 2117 858 2181 extraneis,
884 2120 1134 2174 omnium
1168 2120 1288 2175 vice
1318 2135 1487 2174 unum
1512 2119 1717 2190 oppido
1749 2121 1976 2191 optabat

389 2210 635 2266 nancisci
674 2210 888 2268 Iesum.
943 2213 1054 2268 Has
1115 2231 1254 2270 unas
1293 2216 1660 2287 percupiebat
1702 2216 1925 2272 divitias
1958 2234 1975 2270 :

388 2309 560 2357 totam
590 2302 669 2357 illi
706 2303 877 2359 vitam
911 2320 1096 2360 comes
1125 2306 1407 2363 adhaerere
1435 2308 1674 2375 avebat;
1715 2319 1772 2363 et
1798 2319 1859 2364 ut
1890 2308 1977 2364 di-

386 2395 549 2473 vinas
572 2395 719 2451 illius
757 2405 1067 2454 mereretur
1097 2399 1293 2456 audire
1327 2400 1767 2470 praedicationes,
1802 2400 1977 2470 pluris

389 2486 471 2542 illi
500 2503 722 2544 servum
755 2506 899 2557 esse,
933 2507 1097 2562 quam
1117 2500 1178 2548 ut
1201 2493 1585 2548 universorum
1617 2494 1787 2549 herus
1805 2499 1974 2560 esset,

390 2578 673 2636 habebat:
704 2599 877 2638 unum
933 2586 1087 2640 illum
1118 2587 1246 2642 vita:
1287 2604 1401 2644 sum
1437 2598 1650 2659 patrem
1684 2597 1740 2645 et
1795 2599 1982 2660 pasto-

390 2686 509 2728 rem
529 2679 694 2743 atque
731 2675 1058 2746 magistrum
1087 2685 1145 2734 et
1170 2686 1567 2749 praeceptorem
1591 2680 1851 2736 ducebat.

458 2763 606 2832 Quid
633 2781 768 2822 vero
787 2767 1099 2825 Dominus?
1133 2786 1266 2825 num
1291 2771 1551 2842 discipuli
1571 2772 1979 2828 simulationem

391 2857 635 2928 sprevit?
686 2858 795 2915 Aut
823 2860 1046 2917 admisit
1075 2863 1327 2934 quidem,
1377 2864 1474 2920 sed
1521 2873 1702 2920 tamen
1735 2864 1978 2920 ﬁdelium

395 2950 573 3005 turbae
623 2950 1018 3009 innumerabili
1061 2956 1302 3028 adlegit?
1351 2957 1438 3011 vel
1496 2957 1735 3027 denique
1783 2955 1979 3026 paucis

2073 1957 2177 2003 τας
2200 1939 2277 2004 ὡς
2305 1939 2611 2003 ἀνοικείους
2645 1938 2940 2011 ὑπεριδὼν,
2965 1939 3042 2002 ὥς
3068 1937 3384 2009 ἀλλοτρίους
3431 1936 3488 1990 δὲ
3541 1936 3672 1997 τοὺς

2077 2030 2370 2101 φιλτάτους
2389 2031 2571 2100 ἀφεὶς,
2605 2029 2766 2100 μόνον
2792 2028 2941 2101 ἔχειν
2968 2029 3092 2083 ἀντὶ
3117 2029 3337 2082 πάντων
3361 2026 3551 2080 ὶπόθει
3577 2025 3680 2079 τὸν

2089 2121 2318 2193 Ἰησοῦν.
2345 2123 2524 2178 Μόνον
2548 2121 2786 2193 Χριστὸν
2816 2121 3004 2174 ὲπόθει
3031 2121 3285 2174 πλουτεῖν
3308 2139 3323 2154 ·
3355 2118 3508 2189 αὒτῷ
3539 2117 3674 2171 ἀκο-

2075 2216 2286 2272 λουθεῖν
2322 2216 2412 2270 διά
2439 2214 2553 2286 βίου
2588 2215 2792 2276 παντός
2816 2229 2833 2245 ο
2865 2212 3033 2267 αὑτοῦ
3069 2212 3180 2266 τῶν
3209 2210 3675 2286 θεορῤημοσυνῶν

2077 2305 2467 2375 καταξιοῦσθαι
2494 2322 2510 2337 ’
2567 2302 2733 2359 αὐτοῦ
2795 2302 2982 2368 δοῦλος
3040 2298 3205 2368 εἶναι,
3238 2301 3273 2372 ἢ
3306 2301 3414 2355 τῶν
3449 2301 3682 2354 πάντων

2074 2399 2347 2471 δεσπότην
2368 2396 2667 2466 ἐπεθύμει·
2705 2396 2800 2450 καὶ
2833 2396 2998 2450 αὐτὸν
3027 2396 3126 2468 τῆς
3161 2394 3367 2457 οἰκείας
3391 2394 3540 2462 ζωῆς
3565 2409 3677 2447 πα-

2076 2493 2235 2559 τέρα,
2289 2493 2524 2563 ποιμένα
2579 2491 2676 2545 καὶ
2724 2488 3047 2544 διδάσκαλον
3103 2484 3264 2559 μόνον
3314 2486 3525 2540 ἐτίθετο
3573 2483 3676 2538 καὶ

2077 2583 2424 2655 καθηγητήν.

2151 2765 2218 2822 Τί
2248 2766 2338 2823 δαὶ
2363 2769 2394 2822 ό
2419 2765 2660 2837 Κύριοςς
2690 2758 2802 2838 ἄρα
2839 2763 3067 2838 παρεῖδε
3097 2761 3190 2816 τὸν
3230 2757 3395 2830 ζῆλον
3442 2759 3536 2814 τοῦ
3568 2775 3682 2830 μαο

2079 2858 2291 2932 θητοῦς
2343 2859 2414 2911 Ἢ
2444 2857 2716 2928 προσέσχε
2755 2857 2876 2928 μὲν,
2923 2853 3002 2925 τῷ
3052 2852 3345 2924 ἀναρίθμῳ
3373 2850 3434 2905 δὲ
3482 2848 3681 2905 τοῦτον

2079 2950 2275 3022 πλήθει
2301 2949 2559 3013 συνέταξε
2590 2948 2700 3002 τῶν
2732 2946 2981 3012 πιστῶν;
3013 2947 3047 3017 ἢ
3074 2947 3187 3009 τοῖς
3211 2944 3415 3012 ὀλίγοις
3451 2943 3551 3014 μὲν
3578 2942 3680 2997 καὶ

393 3038 621 3108 quidem
667 3048 730 3100 et.
780 3041 877 3112 qui
929 3043 1090 3100 facile
1125 3055 1557 3103 numerarentur
1601 3049 1908 3112 accensuit,
1944 3064 1975 3103 a

2084 3041 2469 3114 εὐαριθμήτοις
2503 3038 2935 3111 συνηρίθμησεν,
2985 3039 3084 3106 τῆς
3120 3035 3347 3108 πρώτης
3379 3036 3437 3089 δὶ
3461 3035 3682 3101 τάξεως

396 3131 572 3201 prima
607 3139 788 3188 tamen
823 3136 995 3191 classe
1025 3138 1274 3208 repulit?
1321 3139 1541 3194 Minime
1567 3139 1851 3209 gentium;
1878 3139 1974 3195 sed

2084 3135 2384 3199 ἀπώσατος
2419 3129 2708 3201 Οὐδαμῶς·
2745 3128 2881 3184 ἀλλά
2922 3129 3022 3198 τῆς
3049 3127 3309 3196 δευτέρας
3337 3128 3435 3196 μὲν
3459 3123 3672 3224 τὲξξως

397 3238 525 3278 cum
574 3224 811 3295 primum
863 3230 1124 3285 secunda:
1170 3228 1573 3301 discipulorum
1612 3232 1805 3288 classis
1849 3248 1977 3288 eum

2084 3223 2192 3278 τῶν
2220 3222 2386 3278 αὑτοῦ
2419 3221 2678 3292 μαθητῶν
2706 3221 2924 3292 πρῶτον
2948 3216 3203 3288 ἠξιωκὼς
3224 3215 3309 3269 καὶ
3333 3215 3440 3276 τοῖς
3481 3210 3668 3265 Ἐσδο-

395 3314 692 3382 cﬂ'ccisset,
722 3332 787 3373 ac
811 3317 1171 3392 Septuaginta
1198 3321 1514 3394 adlegisset,
1547 3321 1872 3394 eductisque
1900 3324 1986 3380 di-

397 3406 544 3464 vinis
562 3411 1071 3484 sacratioribusque
1113 3413 1387 3470 doctrinis
1416 3431 1480 3469 ac
1509 3415 1792 3471 miraculis
1815 3416 1983 3472 abso-

397 3497 656 3555 lutiorem
691 3511 1033 3571 praestasset,
1060 3519 1188 3560 eum
1238 3505 1293 3560 in
1329 3505 1554 3561 modum
1599 3505 1750 3561 omni
1786 3523 1985 3577 prove-

399 3599 547 3645 ctum
569 3591 768 3661 pietate
786 3601 951 3665 atque
967 3595 1194 3660 virtute,
1219 3596 1284 3652 ad
1308 3614 1625 3668 supremum
1651 3615 1868 3664 eorum,
1887 3600 1982 3671 qui

399 3684 672 3754 coryphaei
703 3694 910 3753 essent,
934 3688 1097 3759 digne
1115 3706 1215 3759 pro
1232 3692 1446 3747 meritis
1473 3692 1981 3763 sustollitgradum.

470 3775 542 3829 At
594 3778 869 3846 quisnam,
901 3779 1063 3845 cedo,
1111 3781 1307 3836 modus
1343 3783 1762 3837 translationis?
1797 3785 1982 3839 Domi-

400 3883 509 3922 nus
541 3867 719 3934 Jesus,
745 3871 830 3924 sui
859 3871 913 3925 in
938 3881 1082 3927 terra
1101 3872 1374 3928 incolatus
1421 3873 1673 3952 absoluta
1697 3889 1874 3942 mora,
1901 3891 1991 3930 sa-

400 3961 707 4032 lutat-isque
738 3963 1166 4033 dispensationis
1207 3975 1432 4036 peracto
1481 3951 1672 4036 opere,
1723 3983 1801 4035 ac_
1834 3969 1986 4023 omni

403 4053 585 4110 Patris
649 4055 869 4125 expleto
899 4057 1157 4132 consilio,
1217 4059 1283 4112 ad
1333 4058 1607 4112 viviiicam
1659 4052 1987 4130 bcafamque

403 4145 591 4201 crucis
619 4147 933 4216 passionem
956 4157 1201 4203 venerat.
1253 4149 1330 4204 Ac
1367 4151 1538 4206 Judas
1571 4151 1796 4220 quidem
1845 4167 1989 4207 unus

404 4237 472 4291 de
493 4236 812 4301 duodecim,
846 4238 943 4293 ilio
976 4236 1202 4302 Iudaeis,
1240 4239 1366 4294 data
1421 4241 1656 4309 pecunia
1677 4283 1692 4306 ,
1744 4241 1986 4310 prodito,

403 4330 767 4398 apostolicum
805 4345 1009 4384 munus
1037 4331 1240 4400 laqueo
1271 4341 1658 4387 commut‘arat.
1690 4331 1863 4387 Judaei
1895 4331 1994 4386 ila-

403 4423 563 4490 gcilis
579 4439 804 4489 cassum,
837 4425 1088 4494 colaphis
1128 4424 1548 4480 dehonestatum
1578 4426 1633 4489 (.0
1675 4425 1826 4480 nulla
1857 4441 1988 4480 ver-

2086 3317 2329 3388 μήκοντα
2358 3311 2724 3383 συντεταχὼς,
2759 3312 2856 3367 καὶ
2886 3312 3093 3374 πάσαις
3135 3309 3296 3363 αὑτὸν
3321 3304 3660 3374 θεουργικαῖς

2084 3407 2670 3480 προκαταρτισάμενος
2703 3403 3151 3475 μυσταγωγίαις,
3183 3401 3328 3455 οὕτω
3374 3398 3516 3454 κατὰ
3545 3396 3665 3475 sui-

2085 3516 2184 3553 σαν
2214 3497 2503 3552 εὐσέδειαν
2553 3496 2650 3550 καὶ
2699 3495 2904 3568 ἀρετὴν
2940 3494 3343 3565 προκεκοφότα.
3398 3487 3535 3559 πρὸς
3578 3486 3672 3539 τδν

2083 3593 2364 3650 ἀνώτατον
2412 3589 2523 3643 τῶν
2579 3587 2896 3659 κορυφαίων
2946 3584 3298 3656 ἀξιοπρεπῶς
3352 3581 3547 3649 ἀνάγει
3578 3578 3679 3648 βα-

2085 3685 2246 3756 ὴώψ

2157 3767 2255 3840 Τίς
2307 3777 2396 3830 δαὶ
2439 3777 2536 3830 καί
2589 3777 2792 3845 τρόπος
2843 3773 2946 3844 τῆς
3006 3770 3380 3842 μεταθέσεωςς
3449 3766 3677 3840 Ἐπειδὴ

2088 3870 2427 3924 συνετελεῖτο
2473 3868 2575 3938 μὶν
2617 3867 2697 3936 τῷ
2733 3866 2922 3937 Κυρίῳ
2968 3863 3142 3934 Ἰησοῦ
3167 3864 3200 3931 ἠ
3252 3863 3347 3916 ἐπὶ
3396 3861 3501 3930 γῆς
3537 3857 3676 3926 μετὰ

2089 3964 2340 4034 σώματος
2371 3961 2647 4032 διατριϐὴ,
2674 3961 2734 4014 τὸ
2761 3959 2922 4028 ἔργον
2968 3958 3024 4012 δὲ
3046 3958 3146 4026 τῆς
3181 3954 3452 4025 σωτηρίου
3495 3953 3677 4007 διατεο

2086 4053 2326 4120 τελεκὼς
2358 4053 2695 4123 οἰκονομίας,
2730 4055 2825 4107 καὶ
2880 4053 3062 4105 πᾶσαν
3109 4051 3208 4120 τὴν
3261 4047 3540 4118 πατρικὴν
3590 4063 3684 4098 πεο

2091 4149 2258 4218 ράνας
2291 4147 2506 4217 βουλὴν,
2540 4147 2632 4199 ὲπί
2660 4145 2720 4198 τδ
2759 4145 3024 4210 ζωοποιὸν
3051 4142 3144 4196 τοῦ
3177 4139 3414 4221 σταυροῦ
3445 4141 3540 4192 καὶ
3569 4155 3678 4209 μα-

2088 4239 2279 4307 κάριον
2310 4233 2415 4309 ἧκε
2460 4238 2630 4301 πάθος
2651 4253 2666 4267 ο
2690 4237 2786 4290 καὶ
2836 4235 3036 4294 Ἰούδας
3067 4235 3167 4306 μὲν
3197 4230 3274 4296 εἷς
3299 4232 3410 4287 τῶν
3463 4231 3680 4286 δώδεκα

2089 4335 2203 4395 τοῖς
2247 4332 2521 4393 Ἰουδαίοις
2571 4330 2761 4384 τοῦτον
2817 4330 3084 4400 ἀργυρίου
3121 4328 3443 4398 προέμενος,
3481 4324 3682 4396 βρόχον

2089 4423 2361 4495 ὴλλάξατο
2383 4426 2485 4494 τῆς
2525 4423 2834 4493 ἀποστολῆς
2854 4441 2868 4454 ο
2897 4423 2948 4476 οἱ
2978 4422 3034 4475 δὲ
3063 4421 3256 4474 τοῦτον
3286 4417 3682 4490 φραγελὼσανο

403 4516 690 4570 borumvi
725 4515 1105 4596 explicabilem
1143 4517 1616 4588 longanimitatem
1636 4517 1676 4589 ι)
1727 4517 1981 4573 illusum-

2086 4533 2176 4578 τες
2225 4517 2617 4583 κολαφίσαντες
2693 4513 2760 4578 (ὣ
2813 4514 3196 4585 μακροθυμίας
3255 4509 3528 4582 ἀφάτουί)
3581 4509 3680 4561 καὶ

407 4621 516 4676 que
549 4605 704 4661 cruci
747 4605 1049 4660 aﬂixerant.
1112 4606 1162 4662 is
1201 4618 1387 4662 autem
1443 4609 1767 4664 conculcata
1806 4617 1986 4664 morte

408 4714 473 4754 ac
507 4714 575 4753 eo
609 4697 704 4769 qui
760 4700 956 4753 mortis
1001 4697 1238 4754 habebat
1290 4700 1607 4770 imperium,
1659 4717 1689 4755 a
1749 4700 1988 4755 mortuis

409 4791 726 4858 suscitatus,
763 4791 988 4863 jamque
1017 4791 1274 4861 pluribus
1299 4793 1480 4847 modis
1501 4791 1790 4864 discipulis
1813 4792 1992 4848 factus

411 4885 762 4954 conspicuus,
790 4895 1069 4953 postremo
1103 4883 1210 4939 illis
1241 4885 1560 4940 videntibus
1590 4885 1644 4940 in
1670 4887 1868 4942 cmlum
1900 4901 1984 4940 re-

412 4983 604 5042 ct'ptus
626 4980 765 5028 erat.
796 4973 1090 5042 Postquam
1124 4973 1308 5043 itaque
1327 4975 1443 5028 haec
1469 4974 1539 5028 ita
1571 4981 1724 5044 gesta
1749 4973 1988 5038 fuerant,

411 5065 642 5133 exsurgit
671 5064 854 5119 statim
885 5081 1116 5136 magnus
1138 5065 1390 5119 Petrus“
1413 5066 1512 5135 (iiii
1547 5065 1691 5120 cnim
1724 5066 1994 5121 sermonis

413 5157 776 5228 principatus,
823 5158 1024 5227 jusque
1080 5157 1367 5226 pascendae.
1413 5166 1576 5228 atque
1611 5156 1864 5228 regendae
1895 5157 1993 5210 Ec-

414 5247 594 5302 clcsiae
623 5247 1002 5303 concreditum
1036 5251 1176 5313 erat)
1213 5249 1379 5318 inque
1405 5249 1586 5302 media
1616 5249 1991 5318 apostolorum

418 5340 600 5403 turba,
633 5339 850 5409 publica
899 5339 954 5393 in
1000 5339 1207 5408 Spiritu
1233 5339 1501 5394 concione
1536 5339 1690 5394 Judze
1719 5339 1996 5410 proditio~

419 5447 565 5494 nem,
583 5439 640 5485 et
665 5446 829 5500 quam
859 5431 977 5500 ejus
999 5445 1160 5484 causa
1184 5430 1422 5499 diruptis
1452 5429 1759 5485 visceribus
1775 5446 1992 5500 poenam

418 5522 465 5578 is
500 5521 833 5582 sustulisset,
869 5532 1266 5576 commemorat
1299 5540 1312 5575 :
1354 5521 1758 5578 duodenarium
1797 5537 1994 5577 nume-

417 5629 563 5675 rum,
591 5627 756 5680 quem
779 5610 1047 5667 Dominus
1076 5612 1130 5666 in
1160 5614 1424 5683 apostolis
1453 5628 1672 5668 sacrum
1707 5612 1994 5677 voluisset,

421 5705 628 5761 inluda
657 5703 1178 5770 diminutum,haud
1231 5705 1647 5775 despiciendum
1689 5721 1841 5763 esse:
1901 5711 1999 5761 aut

489 5823 896 5892 "Aa.nls.

2092 4608 2530 4674 καταπαίξαντες
2581 4607 2965 4677 ἐσταύρωσαν
3007 4608 3036 4658 ό
3064 4607 3120 4660 δὲ
3149 4605 3239 4658 τὸν
3275 4603 3526 4663 θάνατον,
3576 4603 3682 4656 καὶ

2089 4700 2181 4753 τὸν
2215 4701 2277 4754 τὸ
2305 4701 2504 4770 κράτος
2561 4700 2754 4770 ἔχοντα
2781 4698 2874 4752 τοῦ
2908 4700 3138 4752 θανάτου
3166 4694 3521 4765 πεπατηκὼς,
3553 4711 3682 4765 τρι-ρ

2092 4792 2300 4862 ἥμερος
2325 4792 2548 4862 ἀνίσχεν
2575 4793 2641 4843 ὲκ
2663 4791 2772 4844 τῶν
2818 4788 3049 4858 νεκρῶν,
3089 4789 3186 4841 καὶ
3231 4787 3453 4856 τρόποις
3479 4784 3684 4838 ἑαυτὸν

2092 4884 2334 4937 πλείοσιν
2372 4883 2688 4956 ’ἐμφανίσας
2737 4884 2849 4945 τοῖς
2892 4881 3184 4952 μαθηταῖς,
3215 4865 3469 4949 δρώντων
3496 4876 3681 4930 αὐτῶν

2092 4976 2319 5045 ἔσχατον
2345 4977 2424 5037 είς
2446 4976 2536 5028 τὸν
2567 4975 2798 5044 οὐρανὸν
2827 4974 3290 5045 ἀναλαμὸἁνεται.
3337 4969 3556 5039 Ἐπειδὴ
3581 4965 3678 5036 οὖν

2092 5065 2236 5119 οὕτω
2287 5065 2460 5119 ταῦτα
2497 5064 2898 5126 συντετέλεστο,
2947 5063 3262 5120 ἀνίσταται
3295 5061 3395 5132 μὶν
3437 5061 3467 5114 ό
3499 5059 3677 5130 μέγας

2095 5157 2313 5226 Πέτρος
2345 5156 2506 5219 εὐθύς
2529 5173 2544 5187 ο
2576 5155 2752 5225 τούτῳ
2786 5155 2895 5227 γὰρ
2917 5155 3006 5208 τοῦ
3035 5154 3194 5222 λόγου
3222 5151 3322 5223 τὴν
3351 5150 3679 5221 ἠγεμονίαν,

2097 5251 2189 5303 καί⁵
2217 5251 2313 5319 τῆς
2351 5247 2680 5315 Ἐκκλησίας
2710 5245 3116 5316 ἐγκεχειρίσθαι
3145 5242 3244 5313 τὴν
3272 5241 3676 5313 ποιμαντικήν·

2094 5343 2153 5393 ὲν
2188 5341 2336 5410 μέσῳ
2363 5339 2418 5393 δὲ
2450 5338 2528 5411 τῷ
2561 5337 2762 5407 πλήθει
2787 5337 2895 5392 τῶν
2925 5336 3243 5390 ἀποστόλων
3275 5337 3334 5388 ὲν
3379 5336 3456 5405 τῷ
3501 5333 3676 5389 Πνεύσ

2099 5448 2230 5501 ματι
2252 5430 2604 5502 δημηγορῶν,
2628 5429 3034 5500 ἀναμιμνήσκει
3066 5429 3166 5499 μὶν
3191 5427 3290 5498 τὴν
3343 5425 3512 5480 Ἰούδα
3536 5442 3680 5491 προε-

2095 5521 2300 5585 δοσιαν,
2329 5523 2425 5576 καὶ
2453 5521 2607 5592 ῥῆξιν
2636 5522 2705 5592 ἢν
2733 5520 2801 5573 δι’
2828 5518 2999 5591 αὐτὴν
3028 5519 3235 5588 ὑπέστη
3260 5535 3276 5550 ο
3314 5519 3413 5572 οὐκ
3438 5518 3590 5581 ἀξιον
3615 5517 3678 5571 δέ

2097 5631 2231 5684 φησι
2257 5614 2356 5683 τὴν
2383 5612 2462 5684 τῷ
2491 5612 2680 5684 Κυρίῳ
2705 5615 3075 5684 τετιμημένην
3121 5611 3394 5664 δωδεκάδα
3425 5609 3684 5680 μειωθεῖ-

2100 5723 2201 5762 σαν
2248 5705 2548 5778 ὑπεριδεῖν,
2578 5704 2701 5760 οὐδε
2728 5705 2818 5760 τδν
2848 5701 2945 5792 tot?
2996 5702 3447 5775 παραδεδηκότος
3500 5701 3682 5757 τόπον
