  <div class='ocr_page' id='page_1' title='image "/cluster/home/n/w/nwhite01/storage/ocr_20150623/105/mdp.39015008714183/157.png"; bbox 0 0 4134 6278; ppageno 0'>
   <div class='ocr_carea' id='block_1_1' title="bbox 544 355 654 418">
    <p class='ocr_par' dir='ltr' id='par_1_1' title="bbox 544 355 654 418">
     <span class='ocr_line' id='line_1_1' title="bbox 544 355 654 418; baseline -0.009 0"><span class='ocrx_word' id='word_1_1' title='bbox 544 355 654 418; x_wconf 68' lang='grc'><strong>290</strong></span> 
     </span>
    </p>
   </div>
   <div class='ocr_carea' id='block_1_2' title="bbox 618 460 2206 533">
    <p class='ocr_par' dir='ltr' id='par_1_2' title="bbox 618 460 2206 533">
     <span class='ocr_line' id='line_1_2' title="bbox 618 460 2206 533; baseline -0.001 -20"><span class='ocrx_word' id='word_1_2' title='bbox 618 464 753 517; x_wconf 80' lang='lat' dir='ltr'><strong>Cum</strong></span> <span class='ocrx_word' id='word_1_3' title='bbox 772 460 1097 533; x_wconf 62' lang='lat' dir='ltr'><strong>jamritaque</strong></span> <span class='ocrx_word' id='word_1_4' title='bbox 1149 470 1349 530; x_wconf 67' lang='lat' dir='ltr'><strong>prazsto</strong></span> <span class='ocrx_word' id='word_1_5' title='bbox 1400 470 1549 515; x_wconf 87' lang='lat' dir='ltr'><strong>esset</strong></span> <span class='ocrx_word' id='word_1_6' title='bbox 1581 460 1955 532; x_wconf 77' lang='lat' dir='ltr'><strong>emigrationis</strong></span> <span class='ocrx_word' id='word_1_7' title='bbox 1988 468 2126 514; x_wconf 87' lang='lat' dir='ltr'><strong>tem-</strong></span> <span class='ocrx_word' id='word_1_8' title='bbox 2160 465 2206 522; x_wconf 74' lang='grc' dir='ltr'><strong>Α</strong></span> 
     </span>
    </p>
   </div>
   <div class='ocr_carea' id='block_1_3' title="bbox 549 551 2126 628">
    <p class='ocr_par' dir='ltr' id='par_1_3' title="bbox 549 551 2126 628">
     <span class='ocr_line' id='line_1_3' title="bbox 549 551 2126 628; baseline -0.004 -16"><span class='ocrx_word' id='word_1_9' title='bbox 549 572 653 628; x_wconf 89' lang='lat' dir='ltr'><strong>pus</strong></span> <span class='ocrx_word' id='word_1_10' title='bbox 682 571 747 610; x_wconf 88' lang='lat' dir='ltr'><strong>ac</strong></span> <span class='ocrx_word' id='word_1_11' title='bbox 774 555 997 626; x_wconf 67' lang='lat' dir='ltr'><strong>praemia</strong></span> <span class='ocrx_word' id='word_1_12' title='bbox 1021 553 1355 609; x_wconf 80' lang='lat' dir='ltr'><strong>conferenda</strong></span> <span class='ocrx_word' id='word_1_13' title='bbox 1389 562 1598 613; x_wconf 83' lang='lat' dir='ltr'><strong>esseut,</strong></span> <span class='ocrx_word' id='word_1_14' title='bbox 1662 556 1955 623; x_wconf 83' lang='lat' dir='ltr'><strong>derepente</strong></span> <span class='ocrx_word' id='word_1_15' title='bbox 1998 551 2126 605; x_wconf 81' lang='lat' dir='ltr'><strong>Ale-</strong></span> 
     </span>
    </p>
   </div>
   <div class='ocr_carea' id='block_1_4' title="bbox 551 644 2132 718">
    <p class='ocr_par' dir='ltr' id='par_1_4' title="bbox 551 644 2132 718">
     <span class='ocr_line' id='line_1_4' title="bbox 551 644 2132 718; baseline -0.003 -14"><span class='ocrx_word' id='word_1_16' title='bbox 551 648 949 704; x_wconf 79' lang='lat' dir='ltr'><strong>xandrinorum</strong></span> <span class='ocrx_word' id='word_1_17' title='bbox 1011 648 1377 718; x_wconf 78' lang='lat' dir='ltr'><strong>aequissimis</strong></span> <span class='ocrx_word' id='word_1_18' title='bbox 1408 648 1561 703; x_wconf 86' lang='lat' dir='ltr'><strong>zelus</strong></span> <span class='ocrx_word' id='word_1_19' title='bbox 1589 647 1921 713; x_wconf 87' lang='lat' dir='ltr'><strong>inardescit;</strong></span> <span class='ocrx_word' id='word_1_20' title='bbox 1978 644 2132 700; x_wconf 83' lang='lat' dir='ltr'><strong>zelus</strong></span> 
     </span>
    </p>
   </div>
   <div class='ocr_carea' id='block_1_5' title="bbox 552 734 2128 808">
    <p class='ocr_par' dir='ltr' id='par_1_5' title="bbox 552 734 2128 808">
     <span class='ocr_line' id='line_1_5' title="bbox 552 734 2128 808; baseline -0.006 -11"><span class='ocrx_word' id='word_1_21' title='bbox 552 741 767 797; x_wconf 73' lang='lat' dir='ltr'><strong>scilicet</strong></span> <span class='ocrx_word' id='word_1_22' title='bbox 827 739 1159 796; x_wconf 62' lang='lat' dir='ltr'><strong>daemoniaci</strong></span> <span class='ocrx_word' id='word_1_23' title='bbox 1202 738 1406 793; x_wconf 80' lang='lat' dir='ltr'><strong>furoris</strong></span> <span class='ocrx_word' id='word_1_24' title='bbox 1453 754 1522 794; x_wconf 84' lang='lat' dir='ltr'><strong>ac</strong></span> <span class='ocrx_word' id='word_1_25' title='bbox 1577 739 1661 793; x_wconf 89' lang='lat' dir='ltr'><strong>sui</strong></span> <span class='ocrx_word' id='word_1_26' title='bbox 1712 738 2004 808; x_wconf 77' lang='lat' dir='ltr'><strong>impotens.</strong></span> <span class='ocrx_word' id='word_1_27' title='bbox 2042 734 2128 800; x_wconf 82' lang='lat' dir='ltr'><strong>lii,</strong></span> 
     </span>
    </p>
   </div>
   <div class='ocr_carea' id='block_1_6' title="bbox 550 829 2132 901">
    <p class='ocr_par' dir='ltr' id='par_1_6' title="bbox 550 829 2132 901">
     <span class='ocr_line' id='line_1_6' title="bbox 550 829 2132 901; baseline -0.003 -13"><span class='ocrx_word' id='word_1_28' title='bbox 550 834 843 889; x_wconf 75' lang='lat' dir='ltr'><strong>consilium</strong></span> <span class='ocrx_word' id='word_1_29' title='bbox 868 833 922 886; x_wconf 90' lang='lat' dir='ltr'><strong>in</strong></span> <span class='ocrx_word' id='word_1_30' title='bbox 953 842 1204 888; x_wconf 89' lang='lat' dir='ltr'><strong>sanctum</strong></span> <span class='ocrx_word' id='word_1_31' title='bbox 1229 831 1505 896; x_wconf 87' lang='lat' dir='ltr'><strong>ineuntes,</strong></span> <span class='ocrx_word' id='word_1_32' title='bbox 1537 832 1780 901; x_wconf 86' lang='lat' dir='ltr'><strong>atquein</strong></span> <span class='ocrx_word' id='word_1_33' title='bbox 1835 829 1960 899; x_wconf 82' lang='lat' dir='ltr'><strong>ejus</strong></span> <span class='ocrx_word' id='word_1_34' title='bbox 1982 829 2132 884; x_wconf 74' lang='lat' dir='ltr'><strong>aedes</strong></span> 
     </span>
    </p>
   </div>
   <div class='ocr_carea' id='block_1_7' title="bbox 550 920 2130 994">
    <p class='ocr_par' dir='ltr' id='par_1_7' title="bbox 550 920 2130 994">
     <span class='ocr_line' id='line_1_7' title="bbox 550 920 2130 994; baseline -0.004 -12"><span class='ocrx_word' id='word_1_35' title='bbox 550 927 891 991; x_wconf 87' lang='lat' dir='ltr'><strong>invadentes,</strong></span> <span class='ocrx_word' id='word_1_36' title='bbox 916 939 1041 979; x_wconf 89' lang='lat' dir='ltr'><strong>cum</strong></span> <span class='ocrx_word' id='word_1_37' title='bbox 1070 923 1416 979; x_wconf 87' lang='lat' dir='ltr'><strong>Dominicum</strong></span> <span class='ocrx_word' id='word_1_38' title='bbox 1464 938 1603 994; x_wconf 87' lang='lat' dir='ltr'><strong>opus</strong></span> <span class='ocrx_word' id='word_1_39' title='bbox 1653 931 1904 993; x_wconf 83' lang='lat' dir='ltr'><strong>agentem</strong></span> <span class='ocrx_word' id='word_1_40' title='bbox 1955 920 2130 976; x_wconf 78' lang='lat' dir='ltr'><strong>oﬁ&#39;en-</strong></span> 
     </span>
    </p>
   </div>
   <div class='ocr_carea' id='block_1_8' title="bbox 550 1012 2133 1087">
    <p class='ocr_par' dir='ltr' id='par_1_8' title="bbox 550 1012 2133 1087">
     <span class='ocr_line' id='line_1_8' title="bbox 550 1012 2133 1087; baseline -0.005 -14"><span class='ocrx_word' id='word_1_41' title='bbox 550 1020 787 1083; x_wconf 88' lang='lat' dir='ltr'><strong>dissent,</strong></span> <span class='ocrx_word' id='word_1_42' title='bbox 874 1018 1114 1073; x_wconf 86' lang='lat' dir='ltr'><strong>violenta</strong></span> <span class='ocrx_word' id='word_1_43' title='bbox 1168 1033 1333 1072; x_wconf 87' lang='lat' dir='ltr'><strong>manu</strong></span> <span class='ocrx_word' id='word_1_44' title='bbox 1402 1018 1714 1087; x_wconf 81' lang='lat' dir='ltr'><strong>abreptum,</strong></span> <span class='ocrx_word' id='word_1_45' title='bbox 1800 1015 1899 1071; x_wconf 87' lang='lat' dir='ltr'><strong>soli</strong></span> <span class='ocrx_word' id='word_1_46' title='bbox 1968 1012 2133 1084; x_wconf 84' lang='lat' dir='ltr'><strong>pavi-</strong></span> 
     </span>
    </p>
   </div>
   <div class='ocr_carea' id='block_1_9' title="bbox 551 1107 2129 1182">
    <p class='ocr_par' dir='ltr' id='par_1_9' title="bbox 551 1107 2129 1182">
     <span class='ocr_line' id='line_1_9' title="bbox 551 1107 2129 1182; baseline -0.006 -16"><span class='ocrx_word' id='word_1_47' title='bbox 551 1120 742 1167; x_wconf 89' lang='lat' dir='ltr'><strong>mento</strong></span> <span class='ocrx_word' id='word_1_48' title='bbox 781 1110 1060 1177; x_wconf 82' lang='lat' dir='ltr'><strong>allidunt;</strong></span> <span class='ocrx_word' id='word_1_49' title='bbox 1108 1119 1338 1182; x_wconf 88' lang='lat' dir='ltr'><strong>tumque</strong></span> <span class='ocrx_word' id='word_1_50' title='bbox 1395 1109 1582 1181; x_wconf 75' lang='lat' dir='ltr'><strong>ligatis</strong></span> <span class='ocrx_word' id='word_1_51' title='bbox 1611 1124 1642 1165; x_wconf 89' lang='lat' dir='ltr'><strong>e</strong></span> <span class='ocrx_word' id='word_1_52' title='bbox 1675 1109 1817 1163; x_wconf 86' lang='lat' dir='ltr'><strong>collo</strong></span> <span class='ocrx_word' id='word_1_53' title='bbox 1885 1107 2129 1169; x_wconf 81' lang='lat' dir='ltr'><strong>funibus,</strong></span> 
     </span>
    </p>
   </div>
   <div class='ocr_carea' id='block_1_10' title="bbox 548 1198 2133 1273">
    <p class='ocr_par' dir='ltr' id='par_1_10' title="bbox 548 1198 2133 1273">
     <span class='ocr_line' id='line_1_10' title="bbox 548 1198 2133 1273; baseline -0.003 -17"><span class='ocrx_word' id='word_1_54' title='bbox 548 1204 645 1257; x_wconf 83' lang='lat' dir='ltr'><strong>alii</strong></span> <span class='ocrx_word' id='word_1_55' title='bbox 673 1202 896 1273; x_wconf 78' lang='lat' dir='ltr'><strong>quidem</strong></span> <span class='ocrx_word' id='word_1_56' title='bbox 934 1203 1113 1259; x_wconf 86' lang='lat' dir='ltr'><strong>media</strong></span> <span class='ocrx_word' id='word_1_57' title='bbox 1142 1201 1476 1258; x_wconf 80' lang='lat' dir='ltr'><strong>Alexandria</strong></span> <span class='ocrx_word' id='word_1_58' title='bbox 1502 1201 1741 1256; x_wconf 85' lang='lat' dir='ltr'><strong>ludibrio</strong></span> <span class='ocrx_word' id='word_1_59' title='bbox 1774 1198 2133 1270; x_wconf 81' lang='lat' dir='ltr'><strong>propudiosa-</strong></span> 
     </span>
    </p>
   </div>
   <div class='ocr_carea' id='block_1_11' title="bbox 554 1292 2131 1367">
    <p class='ocr_par' dir='ltr' id='par_1_11' title="bbox 554 1292 2131 1367">
     <span class='ocr_line' id='line_1_11' title="bbox 554 1292 2131 1367; baseline -0.004 -16"><span class='ocrx_word' id='word_1_60' title='bbox 554 1312 660 1367; x_wconf 88' lang='lat' dir='ltr'><strong>que</strong></span> <span class='ocrx_word' id='word_1_61' title='bbox 689 1296 1003 1366; x_wconf 88' lang='lat' dir='ltr'><strong>spectaculo</strong></span> <span class='ocrx_word' id='word_1_62' title='bbox 1027 1298 1096 1352; x_wconf 82' lang='lat' dir='ltr'><strong>ab</strong></span> <span class='ocrx_word' id='word_1_63' title='bbox 1131 1304 1256 1351; x_wconf 88' lang='lat' dir='ltr'><strong>ante</strong></span> <span class='ocrx_word' id='word_1_64' title='bbox 1279 1295 1595 1359; x_wconf 84' lang='lat' dir='ltr'><strong>trahebant,</strong></span> <span class='ocrx_word' id='word_1_65' title='bbox 1629 1295 1720 1349; x_wconf 88' lang='lat' dir='ltr'><strong>alii</strong></span> <span class='ocrx_word' id='word_1_66' title='bbox 1752 1292 1926 1349; x_wconf 86' lang='lat' dir='ltr'><strong>secuti</strong></span> <span class='ocrx_word' id='word_1_67' title='bbox 1968 1292 2131 1346; x_wconf 75' lang='lat' dir='ltr'><strong>fusti—</strong></span> 
     </span>
    </p>
   </div>
   <div class='ocr_carea' id='block_1_12' title="bbox 554 1384 2131 1459">
    <p class='ocr_par' dir='ltr' id='par_1_12' title="bbox 554 1384 2131 1459">
     <span class='ocr_line' id='line_1_12' title="bbox 554 1384 2131 1459; baseline -0.003 -16"><span class='ocrx_word' id='word_1_68' title='bbox 554 1390 658 1444; x_wconf 86' lang='lat' dir='ltr'><strong>bus</strong></span> <span class='ocrx_word' id='word_1_69' title='bbox 676 1388 1062 1459; x_wconf 88' lang='lat' dir='ltr'><strong>lapidibusque</strong></span> <span class='ocrx_word' id='word_1_70' title='bbox 1100 1384 1411 1442; x_wconf 78' lang='lat' dir='ltr'><strong>tondebant</strong></span> <span class='ocrx_word' id='word_1_71' title='bbox 1443 1404 1459 1443; x_wconf 89' lang='lat'><strong>:</strong></span> <span class='ocrx_word' id='word_1_72' title='bbox 1494 1402 1603 1456; x_wconf 89' lang='lat' dir='ltr'><strong>qua</strong></span> <span class='ocrx_word' id='word_1_73' title='bbox 1626 1386 1672 1440; x_wconf 92' lang='lat' dir='ltr'><strong>is</strong></span> <span class='ocrx_word' id='word_1_74' title='bbox 1703 1385 1934 1444; x_wconf 67' lang='lat' dir='ltr'><strong>saevitia.</strong></span> <span class='ocrx_word' id='word_1_75' title='bbox 1972 1396 2131 1439; x_wconf 78' lang='lat' dir='ltr'><strong>sacra</strong></span> 
     </span>
    </p>
   </div>
   <div class='ocr_carea' id='block_1_13' title="bbox 555 1476 1965 1549">
    <p class='ocr_par' dir='ltr' id='par_1_13' title="bbox 555 1476 1965 1549">
     <span class='ocr_line' id='line_1_13' title="bbox 555 1476 1965 1549; baseline -0.003 -16"><span class='ocrx_word' id='word_1_76' title='bbox 555 1479 778 1549; x_wconf 89' lang='lat' dir='ltr'><strong>Deoque</strong></span> <span class='ocrx_word' id='word_1_77' title='bbox 808 1479 1006 1534; x_wconf 84' lang='lat' dir='ltr'><strong>dilecta</strong></span> <span class='ocrx_word' id='word_1_78' title='bbox 1036 1493 1099 1532; x_wconf 89' lang='lat' dir='ltr'><strong>ac</strong></span> <span class='ocrx_word' id='word_1_79' title='bbox 1135 1479 1453 1549; x_wconf 84' lang='lat' dir='ltr'><strong>gratissima</strong></span> <span class='ocrx_word' id='word_1_80' title='bbox 1480 1478 1699 1533; x_wconf 79' lang='lat' dir='ltr'><strong>victima</strong></span> <span class='ocrx_word' id='word_1_81' title='bbox 1727 1476 1965 1531; x_wconf 76' lang='lat' dir='ltr'><strong>exstitit.</strong></span> 
     </span>
    </p>
   </div>
   <div class='ocr_carea' id='block_1_14' title="bbox 626 1654 2134 1726">
    <p class='ocr_par' dir='ltr' id='par_1_14' title="bbox 626 1654 2134 1726">
     <span class='ocr_line' id='line_1_14' title="bbox 626 1654 2134 1726; baseline -0.003 -15"><span class='ocrx_word' id='word_1_82' title='bbox 626 1658 759 1712; x_wconf 83' lang='lat' dir='ltr'><strong>Eum</strong></span> <span class='ocrx_word' id='word_1_83' title='bbox 786 1660 840 1712; x_wconf 90' lang='lat' dir='ltr'><strong>in</strong></span> <span class='ocrx_word' id='word_1_84' title='bbox 864 1656 1109 1721; x_wconf 81' lang='lat' dir='ltr'><strong>modum.</strong></span> <span class='ocrx_word' id='word_1_85' title='bbox 1130 1656 1503 1726; x_wconf 76' lang='lat' dir='ltr'><strong>apostolorum</strong></span> <span class='ocrx_word' id='word_1_86' title='bbox 1528 1668 1740 1710; x_wconf 87' lang='lat' dir='ltr'><strong>sunnna</strong></span> <span class='ocrx_word' id='word_1_87' title='bbox 1772 1654 2134 1709; x_wconf 81' lang='lat' dir='ltr'><strong>admiratione</strong></span> 
     </span>
    </p>
   </div>
   <div class='ocr_carea' id='block_1_15' title="bbox 550 1744 2131 1818">
    <p class='ocr_par' dir='ltr' id='par_1_15' title="bbox 550 1744 2131 1818">
     <span class='ocr_line' id='line_1_15' title="bbox 550 1744 2131 1818; baseline -0.003 -18"><span class='ocrx_word' id='word_1_88' title='bbox 550 1750 739 1818; x_wconf 83' lang='lat' dir='ltr'><strong>digne,</strong></span> <span class='ocrx_word' id='word_1_89' title='bbox 788 1761 1078 1801; x_wconf 87' lang='lat' dir='ltr'><strong>sacrorum</strong></span> <span class='ocrx_word' id='word_1_90' title='bbox 1138 1747 1446 1801; x_wconf 87' lang='lat' dir='ltr'><strong>antistitum</strong></span> <span class='ocrx_word' id='word_1_91' title='bbox 1503 1744 1901 1806; x_wconf 83' lang='lat' dir='ltr'><strong>sacratissime,</strong></span> <span class='ocrx_word' id='word_1_92' title='bbox 1931 1744 2131 1796; x_wconf 89' lang='lat' dir='ltr'><strong>trium-</strong></span> 
     </span>
    </p>
   </div>
   <div class='ocr_carea' id='block_1_16' title="bbox 1742 345 2606 410">
    <p class='ocr_par' dir='ltr' id='par_1_16' title="bbox 1742 345 2606 410">
     <span class='ocr_line' id='line_1_16' title="bbox 1742 345 2606 410; baseline -0.003 -2"><span class='ocrx_word' id='word_1_93' title='bbox 1742 348 2037 410; x_wconf 72' lang='grc' dir='ltr'><strong>ΝΙΕΕΤίΕ</strong></span> <span class='ocrx_word' id='word_1_94' title='bbox 2075 345 2606 410; x_wconf 81' lang='lat' dir='ltr'><strong>PAPHLAGONIS</strong></span> 
     </span>
    </p>
   </div>
   <div class='ocr_carea' id='block_1_17' title="bbox 3725 352 3833 415">
    <p class='ocr_par' dir='ltr' id='par_1_17' title="bbox 3725 352 3833 415">
     <span class='ocr_line' id='line_1_17' title="bbox 3725 352 3833 415; baseline -0.019 -2"><span class='ocrx_word' id='word_1_95' title='bbox 3725 352 3833 415; x_wconf 79' lang='lat' dir='ltr'><strong>3in</strong></span> 
     </span>
    </p>
   </div>
   <div class='ocr_carea' id='block_1_18' title="bbox 2321 454 3834 529">
    <p class='ocr_par' dir='ltr' id='par_1_18' title="bbox 2321 454 3834 529">
     <span class='ocr_line' id='line_1_18' title="bbox 2321 454 3834 529; baseline 0.003 -19"><span class='ocrx_word' id='word_1_96' title='bbox 2321 458 2474 511; x_wconf 78' lang='grc' dir='ltr'><strong>Ἐπεὶ</strong></span> <span class='ocrx_word' id='word_1_97' title='bbox 2506 455 2562 510; x_wconf 86' lang='grc' dir='ltr'><strong>δὲ</strong></span> <span class='ocrx_word' id='word_1_98' title='bbox 2591 454 2690 526; x_wconf 87' lang='grc' dir='ltr'><strong>τῆς</strong></span> <span class='ocrx_word' id='word_1_99' title='bbox 2716 454 3029 519; x_wconf 86' lang='grc' dir='ltr'><strong>ἀναλύσεως</strong></span> <span class='ocrx_word' id='word_1_100' title='bbox 3060 456 3154 511; x_wconf 77' lang='grc' dir='ltr'><strong>καὶ</strong></span> <span class='ocrx_word' id='word_1_101' title='bbox 3187 454 3295 508; x_wconf 78' lang='grc' dir='ltr'><strong>τῶν</strong></span> <span class='ocrx_word' id='word_1_102' title='bbox 3327 458 3611 529; x_wconf 72' lang='grc' dir='ltr'><strong>στεφάνων</strong></span> <span class='ocrx_word' id='word_1_103' title='bbox 3636 460 3668 514; x_wconf 79' lang='grc' dir='ltr'><strong>ὁ</strong></span> <span class='ocrx_word' id='word_1_104' title='bbox 3700 479 3834 516; x_wconf 88' lang='grc' dir='ltr'><strong>και-</strong></span> 
     </span>
    </p>
   </div>
   <div class='ocr_carea' id='block_1_19' title="bbox 2239 547 3837 622">
    <p class='ocr_par' dir='ltr' id='par_1_19' title="bbox 2239 547 3837 622">
     <span class='ocr_line' id='line_1_19' title="bbox 2239 547 3837 622; baseline 0.004 -20"><span class='ocrx_word' id='word_1_105' title='bbox 2239 549 2330 622; x_wconf 82' lang='grc' dir='ltr'><strong>ρὸς</strong></span> <span class='ocrx_word' id='word_1_106' title='bbox 2370 549 2472 620; x_wconf 72' lang='grc' dir='ltr'><strong>ἤδη</strong></span> <span class='ocrx_word' id='word_1_107' title='bbox 2517 548 2700 620; x_wconf 85' lang='grc' dir='ltr'><strong>παρῆν</strong></span> <span class='ocrx_word' id='word_1_108' title='bbox 2723 590 2739 615; x_wconf 93' lang='grc'><strong>,</strong></span> <span class='ocrx_word' id='word_1_109' title='bbox 2774 548 2934 612; x_wconf 76' lang='grc' dir='ltr'><strong>ζῆλος</strong></span> <span class='ocrx_word' id='word_1_110' title='bbox 2980 548 3077 618; x_wconf 74' lang='grc' dir='ltr'><strong>μὲν</strong></span> <span class='ocrx_word' id='word_1_111' title='bbox 3118 547 3349 613; x_wconf 71' lang='grc' dir='ltr'><strong>ἐξάπινα</strong></span> <span class='ocrx_word' id='word_1_112' title='bbox 3385 554 3498 615; x_wconf 81' lang='grc' dir='ltr'><strong>τοῖς</strong></span> <span class='ocrx_word' id='word_1_113' title='bbox 3526 554 3637 606; x_wconf 81' lang='grc' dir='ltr'><strong>τῶν</strong></span> <span class='ocrx_word' id='word_1_114' title='bbox 3679 554 3837 608; x_wconf 74' lang='grc' dir='ltr'><strong>Ἀλε-</strong></span> 
     </span>
    </p>
   </div>
   <div class='ocr_carea' id='block_1_20' title="bbox 2234 640 3838 717">
    <p class='ocr_par' dir='ltr' id='par_1_20' title="bbox 2234 640 3838 717">
     <span class='ocr_line' id='line_1_20' title="bbox 2234 640 3838 717; baseline 0.004 -24"><span class='ocrx_word' id='word_1_115' title='bbox 2234 641 2506 711; x_wconf 77' lang='grc' dir='ltr'><strong>ξανδρέων</strong></span> <span class='ocrx_word' id='word_1_116' title='bbox 2537 640 2840 694; x_wconf 83' lang='grc' dir='ltr'><strong>ἀνάπτεται</strong></span> <span class='ocrx_word' id='word_1_117' title='bbox 2875 641 3289 712; x_wconf 82' lang='grc' dir='ltr'><strong>πονηροτάτοις·</strong></span> <span class='ocrx_word' id='word_1_118' title='bbox 3317 642 3477 714; x_wconf 75' lang='grc' dir='ltr'><strong>ζῆλος</strong></span> <span class='ocrx_word' id='word_1_119' title='bbox 3512 643 3838 717; x_wconf 78' lang='grc' dir='ltr'><strong>δαιμωνιὼ-</strong></span> 
     </span>
    </p>
   </div>
   <div class='ocr_carea' id='block_1_21' title="bbox 2233 733 3838 806">
    <p class='ocr_par' dir='ltr' id='par_1_21' title="bbox 2233 733 3838 806">
     <span class='ocr_line' id='line_1_21' title="bbox 2233 733 3838 806; baseline 0.004 -18"><span class='ocrx_word' id='word_1_120' title='bbox 2233 734 2350 806; x_wconf 82' lang='grc' dir='ltr'><strong>δης,</strong></span> <span class='ocrx_word' id='word_1_121' title='bbox 2376 734 2472 788; x_wconf 75' lang='grc' dir='ltr'><strong>καὶ</strong></span> <span class='ocrx_word' id='word_1_122' title='bbox 2503 735 2563 787; x_wconf 89' lang='grc' dir='ltr'><strong>οὐ</strong></span> <span class='ocrx_word' id='word_1_123' title='bbox 2590 733 2876 797; x_wconf 82' lang='grc' dir='ltr'><strong>καθεκτός⁹</strong></span> <span class='ocrx_word' id='word_1_124' title='bbox 2914 735 2964 787; x_wconf 80' lang='grc' dir='ltr'><strong>οι</strong></span> <span class='ocrx_word' id='word_1_125' title='bbox 2995 734 3324 803; x_wconf 76' lang='grc' dir='ltr'><strong>συμὸούλιον</strong></span> <span class='ocrx_word' id='word_1_126' title='bbox 3359 737 3483 791; x_wconf 81' lang='grc' dir='ltr'><strong>κατ’</strong></span> <span class='ocrx_word' id='word_1_127' title='bbox 3523 738 3694 794; x_wconf 78' lang='grc' dir='ltr'><strong>αὐτοῦ</strong></span> <span class='ocrx_word' id='word_1_128' title='bbox 3725 740 3838 794; x_wconf 83' lang='grc' dir='ltr'><strong>λα·-</strong></span> 
     </span>
    </p>
   </div>
   <div class='ocr_carea' id='block_1_22' title="bbox 2234 826 3835 902">
    <p class='ocr_par' dir='ltr' id='par_1_22' title="bbox 2234 826 3835 902">
     <span class='ocr_line' id='line_1_22' title="bbox 2234 826 3835 902; baseline 0.005 -22"><span class='ocrx_word' id='word_1_129' title='bbox 2234 827 2443 893; x_wconf 80' lang='grc' dir='ltr'><strong>6όντες,</strong></span> <span class='ocrx_word' id='word_1_130' title='bbox 2484 829 2578 881; x_wconf 82' lang='grc' dir='ltr'><strong>καὶ</strong></span> <span class='ocrx_word' id='word_1_131' title='bbox 2621 828 2721 899; x_wconf 76' lang='grc' dir='ltr'><strong>τὴν</strong></span> <span class='ocrx_word' id='word_1_132' title='bbox 2777 827 2959 881; x_wconf 85' lang='grc' dir='ltr'><strong>οίκίαν</strong></span> <span class='ocrx_word' id='word_1_133' title='bbox 3001 826 3098 881; x_wconf 78' lang='grc' dir='ltr'><strong>τοῦ</strong></span> <span class='ocrx_word' id='word_1_134' title='bbox 3138 831 3417 901; x_wconf 76' lang='grc' dir='ltr'><strong>μακαρίου</strong></span> <span class='ocrx_word' id='word_1_135' title='bbox 3453 833 3835 902; x_wconf 82' lang='grc' dir='ltr'><strong>πεφθακότες,</strong></span> 
     </span>
    </p>
   </div>
   <div class='ocr_carea' id='block_1_23' title="bbox 2233 915 3835 996">
    <p class='ocr_par' dir='ltr' id='par_1_23' title="bbox 2233 915 3835 996">
     <span class='ocr_line' id='line_1_23' title="bbox 2233 915 3835 996; baseline -0.001 -25"><span class='ocrx_word' id='word_1_136' title='bbox 2233 918 2327 971; x_wconf 76' lang='grc' dir='ltr'><strong>καὶ</strong></span> <span class='ocrx_word' id='word_1_137' title='bbox 2353 917 2539 970; x_wconf 81' lang='grc' dir='ltr'><strong>τοῦτον</strong></span> <span class='ocrx_word' id='word_1_138' title='bbox 2568 915 2661 970; x_wconf 77' lang='grc' dir='ltr'><strong>τοῦ</strong></span> <span class='ocrx_word' id='word_1_139' title='bbox 2694 916 2903 988; x_wconf 81' lang='grc' dir='ltr'><strong>Κυρίου</strong></span> <span class='ocrx_word' id='word_1_140' title='bbox 2934 916 2994 971; x_wconf 74' lang='grc' dir='ltr'><strong>τὸ</strong></span> <span class='ocrx_word' id='word_1_141' title='bbox 3027 918 3190 989; x_wconf 76' lang='grc' dir='ltr'><strong>ἔργον</strong></span> <span class='ocrx_word' id='word_1_142' title='bbox 3225 919 3631 987; x_wconf 74' lang='grc' dir='ltr'><strong>καταλαϐόντες</strong></span> <span class='ocrx_word' id='word_1_143' title='bbox 3657 926 3835 996; x_wconf 66' lang='grc' dir='ltr'><strong>ἔργα-</strong></span> 
     </span>
    </p>
   </div>
   <div class='ocr_carea' id='block_1_24' title="bbox 2236 1007 3836 1087">
    <p class='ocr_par' dir='ltr' id='par_1_24' title="bbox 2236 1007 3836 1087">
     <span class='ocr_line' id='line_1_24' title="bbox 2236 1007 3836 1087; baseline 0.004 -25"><span class='ocrx_word' id='word_1_144' title='bbox 2236 1007 2487 1078; x_wconf 80' lang='grc' dir='ltr'><strong>ζόμενον,</strong></span> <span class='ocrx_word' id='word_1_145' title='bbox 2520 1008 2933 1079; x_wconf 73' lang='grc' dir='ltr'><strong>συναρπάζουσί</strong></span> <span class='ocrx_word' id='word_1_146' title='bbox 2956 1026 3015 1062; x_wconf 92' lang='grc' dir='ltr'><strong>τε</strong></span> <span class='ocrx_word' id='word_1_147' title='bbox 3053 1010 3320 1081; x_wconf 77' lang='grc' dir='ltr'><strong>σφοδρῶς,</strong></span> <span class='ocrx_word' id='word_1_148' title='bbox 3356 1014 3450 1065; x_wconf 74' lang='grc' dir='ltr'><strong>καὶ</strong></span> <span class='ocrx_word' id='word_1_149' title='bbox 3479 1013 3558 1084; x_wconf 83' lang='grc' dir='ltr'><strong>τῷ</strong></span> <span class='ocrx_word' id='word_1_150' title='bbox 3588 1016 3688 1085; x_wconf 85' lang='grc' dir='ltr'><strong>τῆς</strong></span> <span class='ocrx_word' id='word_1_151' title='bbox 3722 1018 3836 1087; x_wconf 84' lang='grc' dir='ltr'><strong>γῆς</strong></span> 
     </span>
    </p>
   </div>
   <div class='ocr_carea' id='block_1_25' title="bbox 2236 1099 3836 1173">
    <p class='ocr_par' dir='ltr' id='par_1_25' title="bbox 2236 1099 3836 1173">
     <span class='ocr_line' id='line_1_25' title="bbox 2236 1099 3836 1173; baseline 0.006 -19"><span class='ocrx_word' id='word_1_152' title='bbox 2236 1100 2425 1170; x_wconf 79' lang='grc' dir='ltr'><strong>ἐδάφει</strong></span> <span class='ocrx_word' id='word_1_153' title='bbox 2462 1102 2960 1173; x_wconf 75' lang='grc' dir='ltr'><strong>προσαράσσουσιν.</strong></span> <span class='ocrx_word' id='word_1_154' title='bbox 3008 1099 3145 1156; x_wconf 75' lang='grc' dir='ltr'><strong>Εἶτα</strong></span> <span class='ocrx_word' id='word_1_155' title='bbox 3189 1103 3476 1167; x_wconf 81' lang='grc' dir='ltr'>καλωδίοις</span> <span class='ocrx_word' id='word_1_156' title='bbox 3520 1107 3690 1162; x_wconf 83' lang='grc' dir='ltr'><strong>αὐτοῦ</strong></span> <span class='ocrx_word' id='word_1_157' title='bbox 3733 1113 3836 1163; x_wconf 82' lang='grc' dir='ltr'><strong>τὸν</strong></span> 
     </span>
    </p>
   </div>
   <div class='ocr_carea' id='block_1_26' title="bbox 2235 1189 3838 1265">
    <p class='ocr_par' dir='ltr' id='par_1_26' title="bbox 2235 1189 3838 1265">
     <span class='ocr_line' id='line_1_26' title="bbox 2235 1189 3838 1265; baseline 0.007 -22"><span class='ocrx_word' id='word_1_158' title='bbox 2235 1189 2507 1262; x_wconf 81' lang='grc' dir='ltr'><strong>τράχηλον</strong></span> <span class='ocrx_word' id='word_1_159' title='bbox 2557 1192 2890 1261; x_wconf 75' lang='grc' dir='ltr'><strong>ἐξάψαντες,</strong></span> <span class='ocrx_word' id='word_1_160' title='bbox 2936 1194 2985 1246; x_wconf 85' lang='grc' dir='ltr'><strong>οἱ</strong></span> <span class='ocrx_word' id='word_1_161' title='bbox 3028 1194 3127 1263; x_wconf 84' lang='grc' dir='ltr'><strong>μὲν</strong></span> <span class='ocrx_word' id='word_1_162' title='bbox 3158 1193 3475 1265; x_wconf 77' lang='grc' dir='ltr'><strong>ἔμπροσθεν</strong></span> <span class='ocrx_word' id='word_1_163' title='bbox 3526 1192 3710 1254; x_wconf 76' lang='grc' dir='ltr'><strong>εἷλκον</strong></span> <span class='ocrx_word' id='word_1_164' title='bbox 3740 1201 3838 1254; x_wconf 79' lang='grc' dir='ltr'><strong>διὰ</strong></span> 
     </span>
    </p>
   </div>
   <div class='ocr_carea' id='block_1_27' title="bbox 2240 1284 3837 1359">
    <p class='ocr_par' dir='ltr' id='par_1_27' title="bbox 2240 1284 3837 1359">
     <span class='ocr_line' id='line_1_27' title="bbox 2240 1284 3837 1359; baseline 0.007 -24"><span class='ocrx_word' id='word_1_165' title='bbox 2240 1284 2414 1353; x_wconf 82' lang='grc' dir='ltr'><strong>μέσης</strong></span> <span class='ocrx_word' id='word_1_166' title='bbox 2453 1284 2864 1357; x_wconf 67' lang='grc' dir='ltr'><strong>Ἀλεξανδρείας</strong></span> <span class='ocrx_word' id='word_1_167' title='bbox 2919 1284 3293 1358; x_wconf 76' lang='grc' dir='ltr'><strong>θεατρίζοντες</strong></span> <span class='ocrx_word' id='word_1_168' title='bbox 3340 1292 3437 1341; x_wconf 76' lang='grc' dir='ltr'><strong>καὶ</strong></span> <span class='ocrx_word' id='word_1_169' title='bbox 3472 1291 3725 1359; x_wconf 64' lang='grc' dir='ltr'><strong>παίγνιον</strong></span> <span class='ocrx_word' id='word_1_170' title='bbox 3753 1312 3837 1346; x_wconf 83' lang='grc' dir='ltr'><strong>τι·</strong></span> 
     </span>
    </p>
   </div>
   <div class='ocr_carea' id='block_1_28' title="bbox 2235 1375 3830 1451">
    <p class='ocr_par' dir='ltr' id='par_1_28' title="bbox 2235 1375 3830 1451">
     <span class='ocr_line' id='line_1_28' title="bbox 2235 1375 3830 1451; baseline 0.006 -22"><span class='ocrx_word' id='word_1_171' title='bbox 2235 1375 2440 1440; x_wconf 77' lang='grc' dir='ltr'><strong>θέντες·</strong></span> <span class='ocrx_word' id='word_1_172' title='bbox 2472 1380 2521 1431; x_wconf 85' lang='grc' dir='ltr'><strong>οί</strong></span> <span class='ocrx_word' id='word_1_173' title='bbox 2569 1379 2625 1430; x_wconf 85' lang='grc' dir='ltr'><strong>δὲ</strong></span> <span class='ocrx_word' id='word_1_174' title='bbox 2661 1378 2837 1443; x_wconf 74' lang='grc' dir='ltr'><strong>ξύλοις</strong></span> <span class='ocrx_word' id='word_1_175' title='bbox 2874 1380 2966 1432; x_wconf 77' lang='grc' dir='ltr'><strong>καὶ</strong></span> <span class='ocrx_word' id='word_1_176' title='bbox 3015 1380 3188 1445; x_wconf 86' lang='grc' dir='ltr'><strong>λίθοις</strong></span> <span class='ocrx_word' id='word_1_177' title='bbox 3222 1382 3480 1451; x_wconf 81' lang='grc' dir='ltr'><strong>ἑπόμενοι</strong></span> <span class='ocrx_word' id='word_1_178' title='bbox 3516 1386 3830 1441; x_wconf 61' lang='grc' dir='ltr'><strong>κατέκλων</strong></span> 
     </span>
    </p>
   </div>
   <div class='ocr_carea' id='block_1_29' title="bbox 2240 1468 3829 1547">
    <p class='ocr_par' dir='ltr' id='par_1_29' title="bbox 2240 1468 3829 1547">
     <span class='ocr_line' id='line_1_29' title="bbox 2240 1468 3829 1547; baseline 0.004 -23"><span class='ocrx_word' id='word_1_179' title='bbox 2240 1470 2331 1524; x_wconf 76' lang='grc' dir='ltr'><strong>καὶ</strong></span> <span class='ocrx_word' id='word_1_180' title='bbox 2354 1468 2503 1540; x_wconf 83' lang='grc' dir='ltr'><strong>θῦμα</strong></span> <span class='ocrx_word' id='word_1_181' title='bbox 2547 1470 2690 1543; x_wconf 77' lang='grc' dir='ltr'><strong>ἱερὸν</strong></span> <span class='ocrx_word' id='word_1_182' title='bbox 2730 1471 2873 1524; x_wconf 70' lang='grc' dir='ltr'><strong>οὕτω</strong></span> <span class='ocrx_word' id='word_1_183' title='bbox 2905 1472 3001 1525; x_wconf 76' lang='grc' dir='ltr'><strong>καὶ</strong></span> <span class='ocrx_word' id='word_1_184' title='bbox 3042 1472 3197 1541; x_wconf 80' lang='grc' dir='ltr'><strong>φίλον</strong></span> <span class='ocrx_word' id='word_1_185' title='bbox 3221 1472 3343 1544; x_wconf 86' lang='grc' dir='ltr'><strong>Θεῷ</strong></span> <span class='ocrx_word' id='word_1_186' title='bbox 3372 1476 3469 1528; x_wconf 76' lang='grc' dir='ltr'><strong>καὶ</strong></span> <span class='ocrx_word' id='word_1_187' title='bbox 3498 1477 3829 1547; x_wconf 78' lang='grc' dir='ltr'><strong>εὐχάριστον</strong></span> 
     </span>
    </p>
   </div>
   <div class='ocr_carea' id='block_1_30' title="bbox 2240 1561 2507 1634">
    <p class='ocr_par' dir='ltr' id='par_1_30' title="bbox 2240 1561 2507 1634">
     <span class='ocr_line' id='line_1_30' title="bbox 2240 1561 2507 1634; baseline 0 -19"><span class='ocrx_word' id='word_1_188' title='bbox 2240 1561 2382 1634; x_wconf 77' lang='grc' dir='ltr'><strong>ιέρευ</strong></span> <span class='ocrx_word' id='word_1_189' title='bbox 2390 1579 2507 1616; x_wconf 89' lang='grc' dir='ltr'><strong>σαν.</strong></span> 
     </span>
    </p>
   </div>
   <div class='ocr_carea' id='block_1_31' title="bbox 2307 1648 3823 1728">
    <p class='ocr_par' dir='ltr' id='par_1_31' title="bbox 2307 1648 3823 1728">
     <span class='ocr_line' id='line_1_31' title="bbox 2307 1648 3823 1728; baseline 0.005 -20"><span class='ocrx_word' id='word_1_190' title='bbox 2307 1654 2499 1718; x_wconf 80' lang='grc' dir='ltr'><strong>Οὐτως</strong></span> <span class='ocrx_word' id='word_1_191' title='bbox 2526 1695 2541 1720; x_wconf 83' lang='grc'><strong>,</strong></span> <span class='ocrx_word' id='word_1_192' title='bbox 2585 1648 2631 1708; x_wconf 78' lang='grc' dir='ltr'><strong>ὦ</strong></span> <span class='ocrx_word' id='word_1_193' title='bbox 2672 1652 3094 1727; x_wconf 82' lang='grc' dir='ltr'><strong>θαυμασιώτατε</strong></span> <span class='ocrx_word' id='word_1_194' title='bbox 3152 1657 3263 1710; x_wconf 85' lang='grc' dir='ltr'><strong>τῶν</strong></span> <span class='ocrx_word' id='word_1_195' title='bbox 3315 1658 3648 1728; x_wconf 77' lang='grc' dir='ltr'><strong>ἀποστόλων,</strong></span> <span class='ocrx_word' id='word_1_196' title='bbox 3704 1660 3823 1715; x_wconf 80' lang='grc' dir='ltr'><strong>τῶν</strong></span> 
     </span>
    </p>
   </div>
   <div class='ocr_carea' id='block_1_32' title="bbox 2247 1748 3814 1829">
    <p class='ocr_par' dir='ltr' id='par_1_32' title="bbox 2247 1748 3814 1829">
     <span class='ocr_line' id='line_1_32' title="bbox 2247 1748 3814 1829; baseline 0.005 -29"><span class='ocrx_word' id='word_1_197' title='bbox 2247 1748 2518 1821; x_wconf 84' lang='grc' dir='ltr'><strong>ἱεραρχῶν</strong></span> <span class='ocrx_word' id='word_1_198' title='bbox 2576 1748 3148 1819; x_wconf 76' lang='grc' dir='ltr'><strong>ίεροτελεστικώκατεο</strong></span> <span class='ocrx_word' id='word_1_199' title='bbox 3182 1749 3291 1804; x_wconf 82' lang='grc' dir='ltr'><strong>τῶν</strong></span> <span class='ocrx_word' id='word_1_200' title='bbox 3314 1751 3630 1823; x_wconf 79' lang='grc' dir='ltr'><strong>ἀθληφόρων</strong></span> <span class='ocrx_word' id='word_1_201' title='bbox 3650 1756 3814 1829; x_wconf 60' lang='lat' dir='ltr'><strong>mp-</strong></span> 
     </span>
    </p>
   </div>
   <div class='ocr_carea' id='block_1_33' title="bbox 555 1836 2129 1918">
    <p class='ocr_par' dir='ltr' id='par_1_33' title="bbox 555 1836 2128 1911">
     <span class='ocr_line' id='line_1_33' title="bbox 555 1836 2128 1911; baseline -0.001 -17"><span class='ocrx_word' id='word_1_202' title='bbox 555 1843 852 1911; x_wconf 87' lang='lat' dir='ltr'><strong>phatorum</strong></span> <span class='ocrx_word' id='word_1_203' title='bbox 886 1840 1215 1895; x_wconf 83' lang='lat' dir='ltr'><strong>athletarum</strong></span> <span class='ocrx_word' id='word_1_204' title='bbox 1259 1838 1562 1894; x_wconf 80' lang='lat' dir='ltr'><strong>fortissime</strong></span> <span class='ocrx_word' id='word_1_205' title='bbox 1592 1853 1654 1893; x_wconf 87' lang='lat' dir='ltr'><strong>ac</strong></span> <span class='ocrx_word' id='word_1_206' title='bbox 1682 1836 2128 1909; x_wconf 81' lang='lat' dir='ltr'><strong>generosissime,</strong></span> 
     </span>
    </p>
   </div>
   <div class='ocr_carea' id='block_1_34' title="bbox 2231 1836 3813 1918">
    <p class='ocr_par' dir='ltr' id='par_1_34' title="bbox 2235 1844 3813 1918">
     <span class='ocr_line' id='line_1_34' title="bbox 2235 1844 3813 1918; baseline 0.004 -22"><span class='ocrx_word' id='word_1_207' title='bbox 2235 1844 2431 1915; x_wconf 80' lang='grc' dir='ltr'><strong>ῥότατε</strong></span> <span class='ocrx_word' id='word_1_208' title='bbox 2468 1844 2565 1897; x_wconf 75' lang='grc' dir='ltr'><strong>καὶ</strong></span> <span class='ocrx_word' id='word_1_209' title='bbox 2602 1844 2978 1912; x_wconf 82' lang='grc' dir='ltr'><strong>γενναιότατε,</strong></span> <span class='ocrx_word' id='word_1_210' title='bbox 3031 1844 3092 1896; x_wconf 79' lang='grc' dir='ltr'><strong>τὸ</strong></span> <span class='ocrx_word' id='word_1_211' title='bbox 3124 1846 3375 1916; x_wconf 83' lang='grc' dir='ltr'><strong>σάρκινον</strong></span> <span class='ocrx_word' id='word_1_212' title='bbox 3411 1846 3627 1918; x_wconf 72' lang='grc' dir='ltr'><strong>ἔλυτρον</strong></span> <span class='ocrx_word' id='word_1_213' title='bbox 3658 1867 3813 1917; x_wconf 80' lang='grc' dir='ltr'><strong>μιαι‹</strong></span> 
     </span>
    </p>
   </div>
   <div class='ocr_carea' id='block_1_35' title="bbox 551 1931 2133 1987">
    <p class='ocr_par' dir='ltr' id='par_1_35' title="bbox 551 1931 2133 1987">
     <span class='ocr_line' id='line_1_35' title="bbox 551 1931 2133 1987; baseline 0 -4"><span class='ocrx_word' id='word_1_214' title='bbox 551 1940 843 1986; x_wconf 74' lang='lat' dir='ltr'><strong>cruentum</strong></span> <span class='ocrx_word' id='word_1_215' title='bbox 867 1932 1047 1987; x_wconf 90' lang='lat' dir='ltr'><strong>adhuc</strong></span> <span class='ocrx_word' id='word_1_216' title='bbox 1079 1933 1394 1986; x_wconf 88' lang='lat' dir='ltr'><strong>necantimn</strong></span> <span class='ocrx_word' id='word_1_217' title='bbox 1450 1931 1704 1985; x_wconf 86' lang='lat' dir='ltr'><strong>manibus</strong></span> <span class='ocrx_word' id='word_1_218' title='bbox 1745 1932 1986 1986; x_wconf 89' lang='lat' dir='ltr'><strong>scissum</strong></span> <span class='ocrx_word' id='word_1_219' title='bbox 2015 1945 2133 1985; x_wconf 83' lang='lat' dir='ltr'><strong>car-</strong></span> 
     </span>
    </p>
   </div>
   <div class='ocr_carea' id='block_1_36' title="bbox 549 2022 2130 2095">
    <p class='ocr_par' dir='ltr' id='par_1_36' title="bbox 549 2022 2130 2095">
     <span class='ocr_line' id='line_1_36' title="bbox 549 2022 2130 2095; baseline -0.002 -16"><span class='ocrx_word' id='word_1_220' title='bbox 549 2027 639 2079; x_wconf 82' lang='lat' dir='ltr'><strong>nis</strong></span> <span class='ocrx_word' id='word_1_221' title='bbox 664 2024 1100 2095; x_wconf 72' lang='lat' dir='ltr'><strong>integumentum</strong></span> <span class='ocrx_word' id='word_1_222' title='bbox 1125 2024 1465 2093; x_wconf 88' lang='lat' dir='ltr'><strong>relinquens,</strong></span> <span class='ocrx_word' id='word_1_223' title='bbox 1494 2024 1559 2079; x_wconf 86' lang='lat' dir='ltr'><strong>ad</strong></span> <span class='ocrx_word' id='word_1_224' title='bbox 1600 2024 1923 2079; x_wconf 83' lang='lat' dir='ltr'><strong>certaminis</strong></span> <span class='ocrx_word' id='word_1_225' title='bbox 1952 2022 2130 2093; x_wconf 87' lang='lat' dir='ltr'><strong>ipsum</strong></span> 
     </span>
    </p>
   </div>
   <div class='ocr_carea' id='block_1_37' title="bbox 552 2113 2134 2186">
    <p class='ocr_par' dir='ltr' id='par_1_37' title="bbox 552 2113 2134 2186">
     <span class='ocr_line' id='line_1_37' title="bbox 552 2113 2134 2186; baseline -0.003 -17"><span class='ocrx_word' id='word_1_226' title='bbox 552 2115 838 2186; x_wconf 76' lang='lat' dir='ltr'><strong>pnesidem</strong></span> <span class='ocrx_word' id='word_1_227' title='bbox 872 2130 935 2171; x_wconf 87' lang='lat' dir='ltr'><strong>ac</strong></span> <span class='ocrx_word' id='word_1_228' title='bbox 961 2114 1311 2170; x_wconf 86' lang='lat' dir='ltr'><strong>Servatorem</strong></span> <span class='ocrx_word' id='word_1_229' title='bbox 1340 2115 1623 2170; x_wconf 74' lang='lat' dir='ltr'><strong>Christum</strong></span> <span class='ocrx_word' id='word_1_230' title='bbox 1649 2130 1850 2169; x_wconf 84' lang='lat' dir='ltr'><strong>corona</strong></span> <span class='ocrx_word' id='word_1_231' title='bbox 1918 2113 2134 2167; x_wconf 81' lang='lat' dir='ltr'><strong>redimi-</strong></span> 
     </span>
    </p>
   </div>
   <div class='ocr_carea' id='block_1_38' title="bbox 552 2205 2133 2277">
    <p class='ocr_par' dir='ltr' id='par_1_38' title="bbox 552 2205 2133 2277">
     <span class='ocr_line' id='line_1_38' title="bbox 552 2205 2133 2277; baseline 0.001 -17"><span class='ocrx_word' id='word_1_232' title='bbox 552 2218 642 2263; x_wconf 89' lang='lat' dir='ltr'><strong>tus</strong></span> <span class='ocrx_word' id='word_1_233' title='bbox 666 2215 924 2277; x_wconf 88' lang='lat' dir='ltr'><strong>receptus</strong></span> <span class='ocrx_word' id='word_1_234' title='bbox 965 2222 1054 2273; x_wconf 84' lang='lat' dir='ltr'><strong>es;</strong></span> <span class='ocrx_word' id='word_1_235' title='bbox 1103 2215 1407 2276; x_wconf 83' lang='lat' dir='ltr'><strong>posteaque</strong></span> <span class='ocrx_word' id='word_1_236' title='bbox 1455 2223 1618 2263; x_wconf 86' lang='lat' dir='ltr'><strong>sacro</strong></span> <span class='ocrx_word' id='word_1_237' title='bbox 1662 2208 1756 2261; x_wconf 86' lang='lat' dir='ltr'><strong>illo</strong></span> <span class='ocrx_word' id='word_1_238' title='bbox 1803 2205 2133 2277; x_wconf 77' lang='lat' dir='ltr'><strong>corpusculo</strong></span> 
     </span>
    </p>
   </div>
   <div class='ocr_carea' id='block_1_39' title="bbox 553 2299 2129 2370">
    <p class='ocr_par' dir='ltr' id='par_1_39' title="bbox 553 2299 2129 2370">
     <span class='ocr_line' id='line_1_39' title="bbox 553 2299 2129 2370; baseline 0 -16"><span class='ocrx_word' id='word_1_239' title='bbox 553 2301 665 2369; x_wconf 88' lang='lat' dir='ltr'><strong>igni</strong></span> <span class='ocrx_word' id='word_1_240' title='bbox 709 2299 1044 2363; x_wconf 75' lang='lat' dir='ltr'><strong>sacriﬁcato,</strong></span> <span class='ocrx_word' id='word_1_241' title='bbox 1078 2299 1154 2353; x_wconf 86' lang='lat' dir='ltr'><strong>ita</strong></span> <span class='ocrx_word' id='word_1_242' title='bbox 1205 2300 1447 2369; x_wconf 91' lang='lat' dir='ltr'><strong>undique</strong></span> <span class='ocrx_word' id='word_1_243' title='bbox 1500 2299 1573 2362; x_wconf 87' lang='lat' dir='ltr'><strong>ei.</strong></span> <span class='ocrx_word' id='word_1_244' title='bbox 1620 2316 1781 2370; x_wconf 84' lang='lat' dir='ltr'><strong>quem</strong></span> <span class='ocrx_word' id='word_1_245' title='bbox 1836 2300 2129 2362; x_wconf 77' lang='lat' dir='ltr'><strong>diiexeras,</strong></span> 
     </span>
    </p>
   </div>
   <div class='ocr_carea' id='block_1_40' title="bbox 551 2389 2129 2461">
    <p class='ocr_par' dir='ltr' id='par_1_40' title="bbox 551 2389 2129 2461">
     <span class='ocr_line' id='line_1_40' title="bbox 551 2389 2129 2461; baseline -0.003 -15"><span class='ocrx_word' id='word_1_246' title='bbox 551 2392 734 2446; x_wconf 75' lang='lat' dir='ltr'><strong>factus</strong></span> <span class='ocrx_word' id='word_1_247' title='bbox 767 2390 970 2457; x_wconf 87' lang='lat' dir='ltr'><strong>hostia,</strong></span> <span class='ocrx_word' id='word_1_248' title='bbox 1012 2389 1396 2445; x_wconf 83' lang='lat' dir='ltr'><strong>holocaustum</strong></span> <span class='ocrx_word' id='word_1_249' title='bbox 1451 2390 1756 2461; x_wconf 80' lang='lat' dir='ltr'><strong>perfectum</strong></span> <span class='ocrx_word' id='word_1_250' title='bbox 1815 2390 2129 2446; x_wconf 83' lang='lat' dir='ltr'><strong>immacula-</strong></span> 
     </span>
    </p>
   </div>
   <div class='ocr_carea' id='block_1_41' title="bbox 556 2482 1699 2538">
    <p class='ocr_par' dir='ltr' id='par_1_41' title="bbox 556 2482 1699 2538">
     <span class='ocr_line' id='line_1_41' title="bbox 556 2482 1699 2538; baseline -0.003 -1"><span class='ocrx_word' id='word_1_251' title='bbox 556 2494 668 2538; x_wconf 89' lang='lat' dir='ltr'><strong>tum</strong></span> <span class='ocrx_word' id='word_1_252' title='bbox 701 2483 755 2537; x_wconf 92' lang='lat' dir='ltr'><strong>in</strong></span> <span class='ocrx_word' id='word_1_253' title='bbox 780 2482 1004 2538; x_wconf 87' lang='lat' dir='ltr'><strong>odorem</strong></span> <span class='ocrx_word' id='word_1_254' title='bbox 1038 2484 1326 2538; x_wconf 83' lang='lat' dir='ltr'><strong>suavitatis</strong></span> <span class='ocrx_word' id='word_1_255' title='bbox 1378 2483 1597 2537; x_wconf 88' lang='lat' dir='ltr'><strong>oblatus</strong></span> <span class='ocrx_word' id='word_1_256' title='bbox 1620 2495 1699 2537; x_wconf 90' lang='lat' dir='ltr'><strong>es.</strong></span> 
     </span>
    </p>
   </div>
   <div class='ocr_carea' id='block_1_42' title="bbox 622 2572 2127 2644">
    <p class='ocr_par' dir='ltr' id='par_1_42' title="bbox 622 2572 2127 2644">
     <span class='ocr_line' id='line_1_42' title="bbox 622 2572 2127 2644; baseline 0.002 -18"><span class='ocrx_word' id='word_1_257' title='bbox 622 2575 736 2628; x_wconf 81' lang='lat' dir='ltr'><strong>Ave</strong></span> <span class='ocrx_word' id='word_1_258' title='bbox 756 2574 961 2643; x_wconf 86' lang='lat' dir='ltr'><strong>itaque,</strong></span> <span class='ocrx_word' id='word_1_259' title='bbox 992 2572 1175 2629; x_wconf 85' lang='lat' dir='ltr'><strong>divine</strong></span> <span class='ocrx_word' id='word_1_260' title='bbox 1225 2574 1521 2643; x_wconf 76' lang='lat' dir='ltr'><strong>divinaque</strong></span> <span class='ocrx_word' id='word_1_261' title='bbox 1573 2590 1739 2629; x_wconf 86' lang='lat' dir='ltr'><strong>sensu</strong></span> <span class='ocrx_word' id='word_1_262' title='bbox 1762 2575 2127 2644; x_wconf 82' lang='lat' dir='ltr'><strong>evangelista!</strong></span> 
     </span>
    </p>
   </div>
   <div class='ocr_carea' id='block_1_43' title="bbox 551 2663 2128 2732">
    <p class='ocr_par' dir='ltr' id='par_1_43' title="bbox 551 2663 2128 2732">
     <span class='ocr_line' id='line_1_43' title="bbox 551 2663 2128 2732; baseline -0.003 -13"><span class='ocrx_word' id='word_1_263' title='bbox 551 2665 764 2724; x_wconf 79' lang='lat' dir='ltr'><strong>Gaude.</strong></span> <span class='ocrx_word' id='word_1_264' title='bbox 782 2665 925 2732; x_wconf 90' lang='lat' dir='ltr'><strong>quod</strong></span> <span class='ocrx_word' id='word_1_265' title='bbox 942 2664 1045 2719; x_wconf 89' lang='lat' dir='ltr'><strong>etsi</strong></span> <span class='ocrx_word' id='word_1_266' title='bbox 1065 2664 1311 2719; x_wconf 80' lang='lat' dir='ltr'><strong>inferiori</strong></span> <span class='ocrx_word' id='word_1_267' title='bbox 1334 2663 1623 2719; x_wconf 84' lang='lat' dir='ltr'><strong>duodecim</strong></span> <span class='ocrx_word' id='word_1_268' title='bbox 1638 2664 1829 2719; x_wconf 69' lang='lat' dir='ltr'><strong>ordine</strong></span> <span class='ocrx_word' id='word_1_269' title='bbox 1850 2680 1913 2718; x_wconf 88' lang='lat' dir='ltr'><strong>ac</strong></span> <span class='ocrx_word' id='word_1_270' title='bbox 1930 2664 2128 2729; x_wconf 85' lang='lat' dir='ltr'><strong>classe,</strong></span> 
     </span>
    </p>
   </div>
   <div class='ocr_carea' id='block_1_44' title="bbox 553 2755 2132 2827">
    <p class='ocr_par' dir='ltr' id='par_1_44' title="bbox 553 2755 2132 2827">
     <span class='ocr_line' id='line_1_44' title="bbox 553 2755 2132 2827; baseline 0.001 -16"><span class='ocrx_word' id='word_1_271' title='bbox 553 2756 828 2827; x_wconf 76' lang='lat' dir='ltr'><strong>Evangelii</strong></span> <span class='ocrx_word' id='word_1_272' title='bbox 888 2763 1074 2812; x_wconf 89' lang='lat' dir='ltr'><strong>tamen</strong></span> <span class='ocrx_word' id='word_1_273' title='bbox 1126 2755 1409 2812; x_wconf 74' lang='lat' dir='ltr'><strong>iunctione</strong></span> <span class='ocrx_word' id='word_1_274' title='bbox 1454 2772 1517 2811; x_wconf 90' lang='lat' dir='ltr'><strong>ac</strong></span> <span class='ocrx_word' id='word_1_275' title='bbox 1542 2757 1810 2813; x_wconf 84' lang='lat' dir='ltr'><strong>Paracleti</strong></span> <span class='ocrx_word' id='word_1_276' title='bbox 1837 2759 2017 2823; x_wconf 87' lang='lat' dir='ltr'><strong>donis,</strong></span> <span class='ocrx_word' id='word_1_277' title='bbox 2061 2762 2132 2813; x_wconf 84' lang='lat' dir='ltr'><strong>ab</strong></span> 
     </span>
    </p>
   </div>
   <div class='ocr_carea' id='block_1_45' title="bbox 552 2848 1583 2921">
    <p class='ocr_par' dir='ltr' id='par_1_45' title="bbox 552 2848 1583 2921">
     <span class='ocr_line' id='line_1_45' title="bbox 552 2848 1583 2921; baseline 0.004 -17"><span class='ocrx_word' id='word_1_278' title='bbox 552 2864 745 2904; x_wconf 89' lang='lat' dir='ltr'><strong>eorum</strong></span> <span class='ocrx_word' id='word_1_279' title='bbox 788 2848 925 2905; x_wconf 89' lang='lat' dir='ltr'><strong>nihil</strong></span> <span class='ocrx_word' id='word_1_280' title='bbox 956 2848 1296 2921; x_wconf 83' lang='lat' dir='ltr'><strong>perfectione</strong></span> <span class='ocrx_word' id='word_1_281' title='bbox 1329 2849 1583 2907; x_wconf 84' lang='lat' dir='ltr'><strong>delicias.</strong></span> 
     </span>
    </p>
   </div>
   <div class='ocr_carea' id='block_1_46' title="bbox 625 3027 2130 3100">
    <p class='ocr_par' dir='ltr' id='par_1_46' title="bbox 625 3027 2130 3100">
     <span class='ocr_line' id='line_1_46' title="bbox 625 3027 2130 3100; baseline 0.006 -20"><span class='ocrx_word' id='word_1_282' title='bbox 625 3027 815 3083; x_wconf 86' lang='lat' dir='ltr'><strong>Gaude</strong></span> <span class='ocrx_word' id='word_1_283' title='bbox 838 3027 982 3097; x_wconf 88' lang='lat' dir='ltr'><strong>quod</strong></span> <span class='ocrx_word' id='word_1_284' title='bbox 1011 3028 1279 3098; x_wconf 86' lang='lat' dir='ltr'><strong>apostolis</strong></span> <span class='ocrx_word' id='word_1_285' title='bbox 1338 3038 1395 3083; x_wconf 92' lang='lat' dir='ltr'><strong>ut</strong></span> <span class='ocrx_word' id='word_1_286' title='bbox 1442 3030 1740 3100; x_wconf 88' lang='lat' dir='ltr'><strong>apostolus.</strong></span> <span class='ocrx_word' id='word_1_287' title='bbox 1782 3030 2130 3100; x_wconf 85' lang='lat' dir='ltr'><strong>evangelistis</strong></span> 
     </span>
    </p>
   </div>
   <div class='ocr_carea' id='block_1_47' title="bbox 553 3120 2122 3191">
    <p class='ocr_par' dir='ltr' id='par_1_47' title="bbox 553 3120 2122 3191">
     <span class='ocr_line' id='line_1_47' title="bbox 553 3120 2122 3191; baseline 0 -19"><span class='ocrx_word' id='word_1_288' title='bbox 553 3128 815 3191; x_wconf 83' lang='lat' dir='ltr'><strong>tanquam</strong></span> <span class='ocrx_word' id='word_1_289' title='bbox 871 3120 1233 3189; x_wconf 83' lang='lat' dir='ltr'><strong>evangelista,</strong></span> <span class='ocrx_word' id='word_1_290' title='bbox 1293 3122 1619 3190; x_wconf 82' lang='lat' dir='ltr'><strong>patriarchis</strong></span> <span class='ocrx_word' id='word_1_291' title='bbox 1680 3130 1738 3176; x_wconf 81' lang='lat' dir='ltr'><strong>ut</strong></span> <span class='ocrx_word' id='word_1_292' title='bbox 1792 3122 2122 3191; x_wconf 72' lang='lat' dir='ltr'><strong>patriarcha,</strong></span> 
     </span>
    </p>
   </div>
   <div class='ocr_carea' id='block_1_48' title="bbox 553 3214 2123 3285">
    <p class='ocr_par' dir='ltr' id='par_1_48' title="bbox 553 3214 2123 3285">
     <span class='ocr_line' id='line_1_48' title="bbox 553 3214 2123 3285; baseline 0.004 -20"><span class='ocrx_word' id='word_1_293' title='bbox 553 3222 718 3282; x_wconf 78' lang='lat' dir='ltr'><strong>atque</strong></span> <span class='ocrx_word' id='word_1_294' title='bbox 748 3221 806 3265; x_wconf 91' lang='lat' dir='ltr'><strong>ut</strong></span> <span class='ocrx_word' id='word_1_295' title='bbox 830 3223 1037 3283; x_wconf 78' lang='lat' dir='ltr'><strong>martyr</strong></span> <span class='ocrx_word' id='word_1_296' title='bbox 1067 3214 1400 3285; x_wconf 83' lang='lat' dir='ltr'><strong>martyribus</strong></span> <span class='ocrx_word' id='word_1_297' title='bbox 1453 3226 1886 3271; x_wconf 85' lang='lat' dir='ltr'><strong>connumeratus</strong></span> <span class='ocrx_word' id='word_1_298' title='bbox 1937 3216 2014 3271; x_wconf 86' lang='lat' dir='ltr'><strong>sis</strong></span> <span class='ocrx_word' id='word_1_299' title='bbox 2058 3230 2123 3271; x_wconf 85' lang='lat' dir='ltr'><strong>ac</strong></span> 
     </span>
    </p>
   </div>
   <div class='ocr_carea' id='block_1_49' title="bbox 552 3307 2127 3380">
    <p class='ocr_par' dir='ltr' id='par_1_49' title="bbox 552 3307 2127 3380">
     <span class='ocr_line' id='line_1_49' title="bbox 552 3307 2127 3380; baseline 0.003 -21"><span class='ocrx_word' id='word_1_300' title='bbox 552 3315 871 3376; x_wconf 65' lang='lat' dir='ltr'><strong>eumptatus;</strong></span> <span class='ocrx_word' id='word_1_301' title='bbox 938 3307 1175 3375; x_wconf 75' lang='lat' dir='ltr'><strong>hincque</strong></span> <span class='ocrx_word' id='word_1_302' title='bbox 1254 3310 1387 3365; x_wconf 80' lang='lat' dir='ltr'><strong>varii</strong></span> <span class='ocrx_word' id='word_1_303' title='bbox 1433 3311 1651 3380; x_wconf 88' lang='lat' dir='ltr'><strong>generis</strong></span> <span class='ocrx_word' id='word_1_304' title='bbox 1692 3325 1894 3364; x_wconf 84' lang='lat' dir='ltr'><strong>corona</strong></span> <span class='ocrx_word' id='word_1_305' title='bbox 1928 3310 2127 3364; x_wconf 83' lang='lat' dir='ltr'><strong>eximie</strong></span> 
     </span>
    </p>
   </div>
   <div class='ocr_carea' id='block_1_50' title="bbox 550 3396 2126 3470">
    <p class='ocr_par' dir='ltr' id='par_1_50' title="bbox 550 3396 2126 3470">
     <span class='ocr_line' id='line_1_50' title="bbox 550 3396 2126 3470; baseline 0.006 -23"><span class='ocrx_word' id='word_1_306' title='bbox 550 3396 911 3467; x_wconf 75' lang='lat' dir='ltr'><strong>ptzelnlgens,</strong></span> <span class='ocrx_word' id='word_1_307' title='bbox 942 3412 1157 3451; x_wconf 75' lang='lat' dir='ltr'><strong>Summo</strong></span> <span class='ocrx_word' id='word_1_308' title='bbox 1189 3400 1433 3452; x_wconf 85' lang='lat' dir='ltr'><strong>omnium</strong></span> <span class='ocrx_word' id='word_1_309' title='bbox 1475 3398 1605 3470; x_wconf 79' lang='lat' dir='ltr'><strong>Regi</strong></span> <span class='ocrx_word' id='word_1_310' title='bbox 1643 3410 1822 3456; x_wconf 84' lang='lat' dir='ltr'><strong>astare</strong></span> <span class='ocrx_word' id='word_1_311' title='bbox 1853 3417 1880 3457; x_wconf 85' lang='lat' dir='ltr'><strong>a</strong></span> <span class='ocrx_word' id='word_1_312' title='bbox 1918 3399 2126 3456; x_wconf 80' lang='lat' dir='ltr'><strong>dextris</strong></span> 
     </span>
    </p>
   </div>
   <div class='ocr_carea' id='block_1_51' title="bbox 553 3490 1108 3559">
    <p class='ocr_par' dir='ltr' id='par_1_51' title="bbox 553 3490 1108 3559">
     <span class='ocr_line' id='line_1_51' title="bbox 553 3490 1108 3559; baseline 0 -19"><span class='ocrx_word' id='word_1_313' title='bbox 553 3494 584 3541; x_wconf 79' lang='grc' dir='ltr'><strong>ιι</strong></span> <span class='ocrx_word' id='word_1_314' title='bbox 612 3504 753 3559; x_wconf 77' lang='lat' dir='ltr'><strong>guus</strong></span> <span class='ocrx_word' id='word_1_315' title='bbox 778 3490 997 3543; x_wconf 80' lang='lat' dir='ltr'><strong>habitus</strong></span> <span class='ocrx_word' id='word_1_316' title='bbox 1029 3504 1108 3542; x_wconf 84' lang='lat' dir='ltr'><strong>es.</strong></span> 
     </span>
    </p>
   </div>
   <div class='ocr_carea' id='block_1_52' title="bbox 624 3580 2126 3654">
    <p class='ocr_par' dir='ltr' id='par_1_52' title="bbox 624 3580 2126 3654">
     <span class='ocr_line' id='line_1_52' title="bbox 624 3580 2126 3654; baseline 0.003 -20"><span class='ocrx_word' id='word_1_317' title='bbox 624 3580 838 3643; x_wconf 76' lang='lat' dir='ltr'><strong>Gaude,</strong></span> <span class='ocrx_word' id='word_1_318' title='bbox 895 3581 1043 3649; x_wconf 84' lang='lat' dir='ltr'><strong>quod</strong></span> <span class='ocrx_word' id='word_1_319' title='bbox 1086 3596 1192 3634; x_wconf 91' lang='lat' dir='ltr'><strong>non</strong></span> <span class='ocrx_word' id='word_1_320' title='bbox 1225 3582 1415 3647; x_wconf 81' lang='lat' dir='ltr'><strong>semel,</strong></span> <span class='ocrx_word' id='word_1_321' title='bbox 1462 3581 1555 3637; x_wconf 85' lang='lat' dir='ltr'><strong>sed</strong></span> <span class='ocrx_word' id='word_1_322' title='bbox 1612 3592 1669 3638; x_wconf 83' lang='lat' dir='ltr'><strong>et</strong></span> <span class='ocrx_word' id='word_1_323' title='bbox 1724 3583 1949 3654; x_wconf 67' lang='lat' dir='ltr'><strong>stepius.</strong></span> <span class='ocrx_word' id='word_1_324' title='bbox 1980 3583 2126 3639; x_wconf 84' lang='lat' dir='ltr'><strong>bono</strong></span> 
     </span>
    </p>
   </div>
   <div class='ocr_carea' id='block_1_53' title="bbox 548 3670 2126 3744">
    <p class='ocr_par' dir='ltr' id='par_1_53' title="bbox 548 3670 2126 3744">
     <span class='ocr_line' id='line_1_53' title="bbox 548 3670 2126 3744; baseline 0.001 -17"><span class='ocrx_word' id='word_1_325' title='bbox 548 3672 681 3728; x_wconf 62' lang='grc' dir='ltr'><strong>«ιι-ευ</strong></span> <span class='ocrx_word' id='word_1_326' title='bbox 722 3670 1036 3726; x_wconf 89' lang='lat' dir='ltr'><strong>testimonio</strong></span> <span class='ocrx_word' id='word_1_327' title='bbox 1078 3671 1426 3740; x_wconf 72' lang='lat' dir='ltr'><strong>perfunctus,</strong></span> <span class='ocrx_word' id='word_1_328' title='bbox 1472 3688 1647 3744; x_wconf 88' lang='lat' dir='ltr'><strong>neque</strong></span> <span class='ocrx_word' id='word_1_329' title='bbox 1687 3674 1859 3729; x_wconf 83' lang='lat' dir='ltr'><strong>semel</strong></span> <span class='ocrx_word' id='word_1_330' title='bbox 1910 3678 2126 3729; x_wconf 83' lang='lat' dir='ltr'><strong>vinctus</strong></span> 
     </span>
    </p>
   </div>
   <div class='ocr_carea' id='block_1_54' title="bbox 556 3763 2131 3831">
    <p class='ocr_par' dir='ltr' id='par_1_54' title="bbox 556 3763 2131 3831">
     <span class='ocr_line' id='line_1_54' title="bbox 556 3763 2131 3831; baseline 0.003 -14"><span class='ocrx_word' id='word_1_331' title='bbox 556 3766 802 3825; x_wconf 83' lang='lat' dir='ltr'><strong>tunibus,</strong></span> <span class='ocrx_word' id='word_1_332' title='bbox 840 3763 1014 3816; x_wconf 79' lang='lat' dir='ltr'><strong>media</strong></span> <span class='ocrx_word' id='word_1_333' title='bbox 1056 3765 1278 3819; x_wconf 83' lang='lat' dir='ltr'><strong>civitate</strong></span> <span class='ocrx_word' id='word_1_334' title='bbox 1304 3775 1537 3831; x_wconf 84' lang='lat' dir='ltr'><strong>tractus,</strong></span> <span class='ocrx_word' id='word_1_335' title='bbox 1564 3776 1625 3819; x_wconf 84' lang='lat' dir='ltr'><strong>et</strong></span> <span class='ocrx_word' id='word_1_336' title='bbox 1653 3764 1927 3821; x_wconf 88' lang='lat' dir='ltr'><strong>laceratus</strong></span> <span class='ocrx_word' id='word_1_337' title='bbox 1954 3766 2131 3821; x_wconf 88' lang='lat' dir='ltr'><strong>carni-</strong></span> 
     </span>
    </p>
   </div>
   <div class='ocr_carea' id='block_1_55' title="bbox 554 3855 2129 3927">
    <p class='ocr_par' dir='ltr' id='par_1_55' title="bbox 554 3855 2129 3927">
     <span class='ocr_line' id='line_1_55' title="bbox 554 3855 2129 3927; baseline 0.002 -18"><span class='ocrx_word' id='word_1_338' title='bbox 554 3858 656 3909; x_wconf 85' lang='lat' dir='ltr'><strong>bus</strong></span> <span class='ocrx_word' id='word_1_339' title='bbox 702 3866 862 3920; x_wconf 80' lang='lat' dir='ltr'><strong>cs,et</strong></span> <span class='ocrx_word' id='word_1_340' title='bbox 911 3863 1005 3907; x_wconf 91' lang='lat' dir='ltr'><strong>tuo</strong></span> <span class='ocrx_word' id='word_1_341' title='bbox 1059 3855 1233 3923; x_wconf 86' lang='lat' dir='ltr'><strong>ipsius</strong></span> <span class='ocrx_word' id='word_1_342' title='bbox 1278 3870 1475 3910; x_wconf 85' lang='lat' dir='ltr'><strong>cruore</strong></span> <span class='ocrx_word' id='word_1_343' title='bbox 1535 3856 1819 3911; x_wconf 77' lang='lat' dir='ltr'><strong>iniectus:</strong></span> <span class='ocrx_word' id='word_1_344' title='bbox 1862 3858 1955 3912; x_wconf 86' lang='lat' dir='ltr'><strong>sed</strong></span> <span class='ocrx_word' id='word_1_345' title='bbox 2006 3867 2129 3927; x_wconf 87' lang='lat' dir='ltr'><strong>post</strong></span> 
     </span>
    </p>
   </div>
   <div class='ocr_carea' id='block_1_56' title="bbox 553 3946 2125 4018">
    <p class='ocr_par' dir='ltr' id='par_1_56' title="bbox 553 3946 2125 4018">
     <span class='ocr_line' id='line_1_56' title="bbox 553 3946 2125 4018; baseline 0.002 -19"><span class='ocrx_word' id='word_1_346' title='bbox 553 3949 785 4017; x_wconf 83' lang='lat' dir='ltr'><strong>primum</strong></span> <span class='ocrx_word' id='word_1_347' title='bbox 835 3946 1131 4010; x_wconf 81' lang='lat' dir='ltr'><strong>lanienam,</strong></span> <span class='ocrx_word' id='word_1_348' title='bbox 1182 3946 1485 4002; x_wconf 84' lang='lat' dir='ltr'><strong>semivivus</strong></span> <span class='ocrx_word' id='word_1_349' title='bbox 1526 3947 1579 4001; x_wconf 89' lang='lat' dir='ltr'><strong>in</strong></span> <span class='ocrx_word' id='word_1_350' title='bbox 1622 3964 1902 4002; x_wconf 70' lang='lat' dir='ltr'><strong>caret-rem</strong></span> <span class='ocrx_word' id='word_1_351' title='bbox 1939 3950 2125 4018; x_wconf 85' lang='lat' dir='ltr'><strong>conje-</strong></span> 
     </span>
    </p>
   </div>
   <div class='ocr_carea' id='block_1_57' title="bbox 548 4039 2128 4111">
    <p class='ocr_par' dir='ltr' id='par_1_57' title="bbox 548 4039 2128 4111">
     <span class='ocr_line' id='line_1_57' title="bbox 548 4039 2128 4111; baseline 0.001 -16"><span class='ocrx_word' id='word_1_352' title='bbox 548 4050 702 4103; x_wconf 77' lang='lat' dir='ltr'><strong>ctus,</strong></span> <span class='ocrx_word' id='word_1_353' title='bbox 735 4055 798 4093; x_wconf 90' lang='lat' dir='ltr'><strong>ac</strong></span> <span class='ocrx_word' id='word_1_354' title='bbox 833 4051 997 4093; x_wconf 84' lang='lat' dir='ltr'><strong>noctu</strong></span> <span class='ocrx_word' id='word_1_355' title='bbox 1037 4039 1283 4107; x_wconf 81' lang='lat' dir='ltr'><strong>angelica</strong></span> <span class='ocrx_word' id='word_1_356' title='bbox 1309 4054 1441 4095; x_wconf 89' lang='lat' dir='ltr'><strong>voce</strong></span> <span class='ocrx_word' id='word_1_357' title='bbox 1471 4050 1696 4096; x_wconf 82' lang='lat' dir='ltr'><strong>sanatus</strong></span> <span class='ocrx_word' id='word_1_358' title='bbox 1730 4052 1895 4111; x_wconf 84' lang='lat' dir='ltr'><strong>atque</strong></span> <span class='ocrx_word' id='word_1_359' title='bbox 1926 4042 2128 4097; x_wconf 86' lang='lat' dir='ltr'><strong>anima-</strong></span> 
     </span>
    </p>
   </div>
   <div class='ocr_carea' id='block_1_58' title="bbox 550 4132 2126 4207">
    <p class='ocr_par' dir='ltr' id='par_1_58' title="bbox 550 4132 2126 4207">
     <span class='ocr_line' id='line_1_58' title="bbox 550 4132 2126 4207; baseline 0.003 -20"><span class='ocrx_word' id='word_1_360' title='bbox 550 4144 640 4187; x_wconf 90' lang='lat' dir='ltr'><strong>tus</strong></span> <span class='ocrx_word' id='word_1_361' title='bbox 663 4174 679 4197; x_wconf 95' lang='lat'><strong>,</strong></span> <span class='ocrx_word' id='word_1_362' title='bbox 716 4141 770 4186; x_wconf 87' lang='lat' dir='ltr'><strong>et</strong></span> <span class='ocrx_word' id='word_1_363' title='bbox 800 4132 852 4185; x_wconf 91' lang='lat' dir='ltr'><strong>in</strong></span> <span class='ocrx_word' id='word_1_364' title='bbox 914 4135 1220 4186; x_wconf 85' lang='lat' dir='ltr'><strong>crastimun</strong></span> <span class='ocrx_word' id='word_1_365' title='bbox 1256 4134 1420 4188; x_wconf 85' lang='lat' dir='ltr'><strong>simili</strong></span> <span class='ocrx_word' id='word_1_366' title='bbox 1467 4134 1645 4188; x_wconf 78' lang='lat' dir='ltr'><strong>adhuc</strong></span> <span class='ocrx_word' id='word_1_367' title='bbox 1688 4136 1901 4189; x_wconf 89' lang='lat' dir='ltr'><strong>ratione</strong></span> <span class='ocrx_word' id='word_1_368' title='bbox 1932 4135 2126 4207; x_wconf 78' lang='lat' dir='ltr'><strong>ligatus</strong></span> 
     </span>
    </p>
   </div>
   <div class='ocr_carea' id='block_1_59' title="bbox 553 4224 2126 4294">
    <p class='ocr_par' dir='ltr' id='par_1_59' title="bbox 553 4224 2126 4294">
     <span class='ocr_line' id='line_1_59' title="bbox 553 4224 2126 4294; baseline 0.001 -15"><span class='ocrx_word' id='word_1_369' title='bbox 553 4232 873 4293; x_wconf 83' lang='lat' dir='ltr'><strong>tractusque</strong></span> <span class='ocrx_word' id='word_1_370' title='bbox 901 4262 917 4287; x_wconf 85' lang='lat'><strong>,</strong></span> <span class='ocrx_word' id='word_1_371' title='bbox 954 4224 1117 4294; x_wconf 89' lang='lat' dir='ltr'><strong>inque</strong></span> <span class='ocrx_word' id='word_1_372' title='bbox 1146 4241 1272 4279; x_wconf 88' lang='lat' dir='ltr'><strong>eum</strong></span> <span class='ocrx_word' id='word_1_373' title='bbox 1307 4226 1530 4279; x_wconf 86' lang='lat' dir='ltr'><strong>modum</strong></span> <span class='ocrx_word' id='word_1_374' title='bbox 1557 4228 1789 4282; x_wconf 87' lang='lat' dir='ltr'><strong>astantis</strong></span> <span class='ocrx_word' id='word_1_375' title='bbox 1816 4228 2029 4281; x_wconf 72' lang='lat' dir='ltr'><strong>Domini</strong></span> <span class='ocrx_word' id='word_1_376' title='bbox 2064 4242 2126 4281; x_wconf 88' lang='lat' dir='ltr'><strong>ac</strong></span> 
     </span>
    </p>
   </div>
   <div class='ocr_carea' id='block_1_60' title="bbox 552 4314 2126 4384">
    <p class='ocr_par' dir='ltr' id='par_1_60' title="bbox 552 4314 2126 4384">
     <span class='ocr_line' id='line_1_60' title="bbox 552 4314 2126 4384; baseline 0.002 -16"><span class='ocrx_word' id='word_1_377' title='bbox 552 4316 704 4384; x_wconf 78' lang='lat' dir='ltr'><strong>pacis</strong></span> <span class='ocrx_word' id='word_1_378' title='bbox 728 4315 919 4368; x_wconf 89' lang='lat' dir='ltr'><strong>osculo</strong></span> <span class='ocrx_word' id='word_1_379' title='bbox 952 4314 1212 4368; x_wconf 87' lang='lat' dir='ltr'><strong>donantis</strong></span> <span class='ocrx_word' id='word_1_380' title='bbox 1241 4324 1462 4383; x_wconf 86' lang='lat' dir='ltr'><strong>aspectu</strong></span> <span class='ocrx_word' id='word_1_381' title='bbox 1497 4326 1778 4370; x_wconf 85' lang='lat' dir='ltr'><strong>recreatus</strong></span> <span class='ocrx_word' id='word_1_382' title='bbox 1831 4317 1974 4370; x_wconf 87' lang='lat' dir='ltr'><strong>nulla</strong></span> <span class='ocrx_word' id='word_1_383' title='bbox 2008 4333 2126 4371; x_wconf 85' lang='lat' dir='ltr'><strong>ver-</strong></span> 
     </span>
    </p>
   </div>
   <div class='ocr_carea' id='block_1_61' title="bbox 552 4404 2124 4473">
    <p class='ocr_par' dir='ltr' id='par_1_61' title="bbox 552 4404 2124 4473">
     <span class='ocr_line' id='line_1_61' title="bbox 552 4404 2124 4473; baseline 0.003 -16"><span class='ocrx_word' id='word_1_384' title='bbox 552 4407 747 4458; x_wconf 86' lang='lat' dir='ltr'><strong>borum</strong></span> <span class='ocrx_word' id='word_1_385' title='bbox 783 4404 830 4457; x_wconf 92' lang='lat' dir='ltr'><strong>vi</strong></span> <span class='ocrx_word' id='word_1_386' title='bbox 865 4404 1174 4473; x_wconf 82' lang='lat' dir='ltr'><strong>cxplicahili</strong></span> <span class='ocrx_word' id='word_1_387' title='bbox 1200 4406 1399 4473; x_wconf 78' lang='lat' dir='ltr'><strong>gaudio</strong></span> <span class='ocrx_word' id='word_1_388' title='bbox 1425 4419 1479 4460; x_wconf 87' lang='lat' dir='ltr'><strong>et</strong></span> <span class='ocrx_word' id='word_1_389' title='bbox 1509 4406 1874 4462; x_wconf 79' lang='lat' dir='ltr'><strong>exsultatione</strong></span> <span class='ocrx_word' id='word_1_390' title='bbox 1904 4411 1968 4461; x_wconf 85' lang='lat' dir='ltr'><strong>ad</strong></span> <span class='ocrx_word' id='word_1_391' title='bbox 2001 4423 2124 4462; x_wconf 91' lang='lat' dir='ltr'><strong>eum</strong></span> 
     </span>
    </p>
   </div>
   <div class='ocr_carea' id='block_1_62' title="bbox 551 4498 856 4566">
    <p class='ocr_par' dir='ltr' id='par_1_62' title="bbox 551 4498 856 4566">
     <span class='ocr_line' id='line_1_62' title="bbox 551 4498 856 4566; baseline -0.003 -15"><span class='ocrx_word' id='word_1_392' title='bbox 551 4498 830 4566; x_wconf 86' lang='lat' dir='ltr'><strong>emigrasti</strong></span> <span class='ocrx_word' id='word_1_393' title='bbox 844 4534 856 4550; x_wconf 90' lang='lat'><strong>.</strong></span> 
     </span>
    </p>
   </div>
   <div class='ocr_carea' id='block_1_63' title="bbox 619 4590 2125 4657">
    <p class='ocr_par' dir='ltr' id='par_1_63' title="bbox 619 4590 2125 4657">
     <span class='ocr_line' id='line_1_63' title="bbox 619 4590 2125 4657; baseline 0.005 -11"><span class='ocrx_word' id='word_1_394' title='bbox 619 4592 830 4655; x_wconf 79' lang='lat' dir='ltr'><strong>Gaude,</strong></span> <span class='ocrx_word' id='word_1_395' title='bbox 864 4590 1065 4657; x_wconf 81' lang='lat' dir='ltr'><strong>Marce,</strong></span> <span class='ocrx_word' id='word_1_396' title='bbox 1134 4590 1342 4646; x_wconf 71' lang='grc' dir='ltr'><strong>ΕπεΙεὶ</strong></span> <span class='ocrx_word' id='word_1_397' title='bbox 1411 4593 1722 4647; x_wconf 81' lang='lat' dir='ltr'><strong>mandatum</strong></span> <span class='ocrx_word' id='word_1_398' title='bbox 1770 4611 1832 4649; x_wconf 76' lang='lat' dir='ltr'><strong>ex</strong></span> <span class='ocrx_word' id='word_1_399' title='bbox 1886 4596 2125 4653; x_wconf 85' lang='lat' dir='ltr'><strong>nominis</strong></span> 
     </span>
    </p>
   </div>
   <div class='ocr_carea' id='block_1_64' title="bbox 551 4681 2122 4757">
    <p class='ocr_par' dir='ltr' id='par_1_64' title="bbox 551 4681 2122 4757">
     <span class='ocr_line' id='line_1_64' title="bbox 551 4681 2122 4757; baseline 0.004 -20"><span class='ocrx_word' id='word_1_400' title='bbox 551 4685 670 4751; x_wconf 80' lang='lat' dir='ltr'><strong>ipsa</strong></span> <span class='ocrx_word' id='word_1_401' title='bbox 707 4683 943 4737; x_wconf 84' lang='lat' dir='ltr'><strong>ratione.</strong></span> <span class='ocrx_word' id='word_1_402' title='bbox 1012 4681 1152 4738; x_wconf 79' lang='lat' dir='ltr'><strong>Vere</strong></span> <span class='ocrx_word' id='word_1_403' title='bbox 1200 4685 1345 4738; x_wconf 71' lang='lat' dir='ltr'><strong>inim</strong></span> <span class='ocrx_word' id='word_1_404' title='bbox 1400 4686 1662 4741; x_wconf 84' lang='lat' dir='ltr'><strong>Altissimi</strong></span> <span class='ocrx_word' id='word_1_405' title='bbox 1727 4689 2122 4757; x_wconf 85' lang='lat' dir='ltr'><strong>propemodum</strong></span> 
     </span>
    </p>
   </div>
   <div class='ocr_carea' id='block_1_65' title="bbox 554 4778 2128 4852">
    <p class='ocr_par' dir='ltr' id='par_1_65' title="bbox 554 4778 2128 4852">
     <span class='ocr_line' id='line_1_65' title="bbox 554 4778 2128 4852; baseline 0.005 -23"><span class='ocrx_word' id='word_1_406' title='bbox 554 4778 870 4832; x_wconf 82' lang='lat' dir='ltr'><strong>mandatum</strong></span> <span class='ocrx_word' id='word_1_407' title='bbox 905 4779 1190 4841; x_wconf 76' lang='lat' dir='ltr'><strong>exstitisti,</strong></span> <span class='ocrx_word' id='word_1_408' title='bbox 1212 4779 1526 4848; x_wconf 81' lang='lat' dir='ltr'><strong>justiiicans</strong></span> <span class='ocrx_word' id='word_1_409' title='bbox 1557 4796 1651 4835; x_wconf 86' lang='lat' dir='ltr'><strong>eos</strong></span> <span class='ocrx_word' id='word_1_410' title='bbox 1684 4783 1776 4850; x_wconf 87' lang='lat' dir='ltr'><strong>qui</strong></span> <span class='ocrx_word' id='word_1_411' title='bbox 1827 4799 2128 4852; x_wconf 85' lang='lat' dir='ltr'><strong>sequeren-</strong></span> 
     </span>
    </p>
   </div>
   <div class='ocr_carea' id='block_1_66' title="bbox 556 4866 2125 4939">
    <p class='ocr_par' dir='ltr' id='par_1_66' title="bbox 556 4866 2125 4939">
     <span class='ocr_line' id='line_1_66' title="bbox 556 4866 2125 4939; baseline 0.005 -22"><span class='ocrx_word' id='word_1_412' title='bbox 556 4876 662 4928; x_wconf 90' lang='lat' dir='ltr'><strong>tur,</strong></span> <span class='ocrx_word' id='word_1_413' title='bbox 685 4880 748 4920; x_wconf 89' lang='lat' dir='ltr'><strong>ac</strong></span> <span class='ocrx_word' id='word_1_414' title='bbox 768 4866 1145 4922; x_wconf 83' lang='lat' dir='ltr'><strong>condemnans</strong></span> <span class='ocrx_word' id='word_1_415' title='bbox 1166 4883 1282 4930; x_wconf 86' lang='lat' dir='ltr'><strong>eos,</strong></span> <span class='ocrx_word' id='word_1_416' title='bbox 1303 4870 1395 4937; x_wconf 90' lang='lat' dir='ltr'><strong>qui</strong></span> <span class='ocrx_word' id='word_1_417' title='bbox 1422 4877 1517 4922; x_wconf 87' lang='lat' dir='ltr'><strong>tuo</strong></span> <span class='ocrx_word' id='word_1_418' title='bbox 1542 4869 1836 4939; x_wconf 75' lang='lat' dir='ltr'><strong>Evangelia</strong></span> <span class='ocrx_word' id='word_1_419' title='bbox 1862 4872 2125 4926; x_wconf 87' lang='lat' dir='ltr'><strong>increduli</strong></span> 
     </span>
    </p>
   </div>
   <div class='ocr_carea' id='block_1_67' title="bbox 554 4955 2122 5030">
    <p class='ocr_par' dir='ltr' id='par_1_67' title="bbox 554 4955 2122 5030">
     <span class='ocr_line' id='line_1_67' title="bbox 554 4955 2122 5030; baseline 0.003 -21"><span class='ocrx_word' id='word_1_420' title='bbox 554 4966 758 5011; x_wconf 81' lang='lat' dir='ltr'><strong>essent.</strong></span> <span class='ocrx_word' id='word_1_421' title='bbox 796 4955 985 5013; x_wconf 88' lang='lat' dir='ltr'><strong>Gaude</strong></span> <span class='ocrx_word' id='word_1_422' title='bbox 1011 4970 1065 5012; x_wconf 89' lang='lat' dir='ltr'><strong>et</strong></span> <span class='ocrx_word' id='word_1_423' title='bbox 1090 4959 1298 5023; x_wconf 59' lang='lat' dir='ltr'><strong>laetare,</strong></span> <span class='ocrx_word' id='word_1_424' title='bbox 1338 4961 1525 5030; x_wconf 82' lang='lat' dir='ltr'><strong>tuique</strong></span> <span class='ocrx_word' id='word_1_425' title='bbox 1550 4976 1855 5015; x_wconf 84' lang='lat' dir='ltr'><strong>memorum</strong></span> <span class='ocrx_word' id='word_1_426' title='bbox 1893 4978 2122 5027; x_wconf 78' lang='lat' dir='ltr'><strong>memor,</strong></span> 
     </span>
    </p>
   </div>
   <div class='ocr_carea' id='block_1_68' title="bbox 554 5050 2126 5123">
    <p class='ocr_par' dir='ltr' id='par_1_68' title="bbox 554 5050 2126 5123">
     <span class='ocr_line' id='line_1_68' title="bbox 554 5050 2126 5123; baseline 0.004 -22"><span class='ocrx_word' id='word_1_427' title='bbox 554 5060 661 5105; x_wconf 75' lang='lat' dir='ltr'><strong>tua:</strong></span> <span class='ocrx_word' id='word_1_428' title='bbox 692 5065 792 5103; x_wconf 89' lang='lat' dir='ltr'><strong>nos</strong></span> <span class='ocrx_word' id='word_1_429' title='bbox 816 5050 1086 5105; x_wconf 75' lang='lat' dir='ltr'><strong>claritatis</strong></span> <span class='ocrx_word' id='word_1_430' title='bbox 1132 5060 1184 5105; x_wconf 86' lang='lat' dir='ltr'><strong>ct</strong></span> <span class='ocrx_word' id='word_1_431' title='bbox 1242 5054 1452 5120; x_wconf 47' lang='lat' dir='ltr'><strong>gratia),</strong></span> <span class='ocrx_word' id='word_1_432' title='bbox 1506 5062 1611 5106; x_wconf 66' lang='lat' dir='ltr'><strong>tute</strong></span> <span class='ocrx_word' id='word_1_433' title='bbox 1644 5054 1695 5106; x_wconf 89' lang='lat' dir='ltr'><strong>in</strong></span> <span class='ocrx_word' id='word_1_434' title='bbox 1748 5055 2126 5123; x_wconf 73' lang='grc' dir='ltr'><strong>ι·ω1ἱε]υρυιι-</strong></span> 
     </span>
    </p>
   </div>
   <div class='ocr_carea' id='block_1_69' title="bbox 552 5143 2122 5215">
    <p class='ocr_par' dir='ltr' id='par_1_69' title="bbox 552 5143 2122 5215">
     <span class='ocr_line' id='line_1_69' title="bbox 552 5143 2122 5215; baseline 0.007 -26"><span class='ocrx_word' id='word_1_435' title='bbox 552 5143 739 5195; x_wconf 69' lang='lat' dir='ltr'><strong>rlitatis</strong></span> <span class='ocrx_word' id='word_1_436' title='bbox 796 5152 850 5195; x_wconf 82' lang='lat' dir='ltr'><strong>et</strong></span> <span class='ocrx_word' id='word_1_437' title='bbox 882 5143 1189 5213; x_wconf 82' lang='lat' dir='ltr'><strong>splendoris</strong></span> <span class='ocrx_word' id='word_1_438' title='bbox 1224 5149 1521 5214; x_wconf 78' lang='lat' dir='ltr'><strong>participes</strong></span> <span class='ocrx_word' id='word_1_439' title='bbox 1574 5146 1832 5215; x_wconf 87' lang='lat' dir='ltr'><strong>precibus</strong></span> <span class='ocrx_word' id='word_1_440' title='bbox 1867 5146 2039 5211; x_wconf 78' lang='lat' dir='ltr'><strong>eiiice,</strong></span> <span class='ocrx_word' id='word_1_441' title='bbox 2068 5147 2122 5200; x_wconf 88' lang='lat' dir='ltr'><strong>in</strong></span> 
     </span>
    </p>
   </div>
   <div class='ocr_carea' id='block_1_70' title="bbox 548 5233 2123 5310">
    <p class='ocr_par' dir='ltr' id='par_1_70' title="bbox 548 5233 2123 5310">
     <span class='ocr_line' id='line_1_70' title="bbox 548 5233 2123 5310; baseline 0.004 -25"><span class='ocrx_word' id='word_1_442' title='bbox 548 5235 770 5287; x_wconf 74' lang='lat' dir='ltr'><strong>(lin-isto</strong></span> <span class='ocrx_word' id='word_1_443' title='bbox 795 5233 926 5289; x_wconf 78' lang='lat' dir='ltr'><strong>Jesu</strong></span> <span class='ocrx_word' id='word_1_444' title='bbox 953 5234 1183 5288; x_wconf 88' lang='lat' dir='ltr'><strong>Domino</strong></span> <span class='ocrx_word' id='word_1_445' title='bbox 1218 5245 1428 5302; x_wconf 90' lang='lat' dir='ltr'><strong>nostro,</strong></span> <span class='ocrx_word' id='word_1_446' title='bbox 1460 5236 1550 5291; x_wconf 87' lang='lat' dir='ltr'><strong>cui</strong></span> <span class='ocrx_word' id='word_1_447' title='bbox 1584 5246 1667 5291; x_wconf 89' lang='lat' dir='ltr'><strong>est</strong></span> <span class='ocrx_word' id='word_1_448' title='bbox 1697 5237 1893 5301; x_wconf 87' lang='lat' dir='ltr'><strong>honor,</strong></span> <span class='ocrx_word' id='word_1_449' title='bbox 1949 5238 2123 5310; x_wconf 87' lang='lat' dir='ltr'><strong>gloria</strong></span> 
     </span>
    </p>
   </div>
   <div class='ocr_carea' id='block_1_71' title="bbox 549 5326 1361 5393">
    <p class='ocr_par' dir='ltr' id='par_1_71' title="bbox 549 5326 1361 5393">
     <span class='ocr_line' id='line_1_71' title="bbox 549 5326 1361 5393; baseline 0.002 -15"><span class='ocrx_word' id='word_1_450' title='bbox 549 5334 604 5378; x_wconf 87' lang='lat' dir='ltr'><strong>et</strong></span> <span class='ocrx_word' id='word_1_451' title='bbox 628 5333 869 5393; x_wconf 86' lang='lat' dir='ltr'><strong>potestas</strong></span> <span class='ocrx_word' id='word_1_452' title='bbox 897 5334 1121 5379; x_wconf 57' lang='lat' dir='ltr'><strong>eterna.</strong></span> <span class='ocrx_word' id='word_1_453' title='bbox 1166 5326 1361 5380; x_wconf 84' lang='lat' dir='ltr'><strong>Amen.</strong></span> 
     </span>
    </p>
   </div>
   <div class='ocr_carea' id='block_1_72' title="bbox 2234 1929 3822 2007">
    <p class='ocr_par' dir='ltr' id='par_1_72' title="bbox 2234 1929 3822 2007">
     <span class='ocr_line' id='line_1_72' title="bbox 2234 1929 3822 2007; baseline 0.008 -26"><span class='ocrx_word' id='word_1_454' title='bbox 2234 1930 2415 1998; x_wconf 78' lang='grc' dir='ltr'><strong>φόνοις</strong></span> <span class='ocrx_word' id='word_1_455' title='bbox 2445 1929 2528 1984; x_wconf 71' lang='grc' dir='ltr'><strong>ἔτι</strong></span> <span class='ocrx_word' id='word_1_456' title='bbox 2565 1930 2903 2003; x_wconf 77' lang='grc' dir='ltr'><strong>ῥηγνύμενον</strong></span> <span class='ocrx_word' id='word_1_457' title='bbox 2935 1932 3127 2004; x_wconf 77' lang='grc' dir='ltr'><strong>χερσὶν</strong></span> <span class='ocrx_word' id='word_1_458' title='bbox 3150 1936 3334 2003; x_wconf 79' lang='grc' dir='ltr'><strong>ἀφεὶς,</strong></span> <span class='ocrx_word' id='word_1_459' title='bbox 3366 1937 3499 2006; x_wconf 75' lang='grc' dir='ltr'><strong>πρὸς</strong></span> <span class='ocrx_word' id='word_1_460' title='bbox 3532 1937 3624 1990; x_wconf 78' lang='grc' dir='ltr'><strong>τὸν</strong></span> <span class='ocrx_word' id='word_1_461' title='bbox 3666 1940 3822 2007; x_wconf 68' lang='grc' dir='ltr'><strong>ἀγωι</strong></span> 
     </span>
    </p>
   </div>
   <div class='ocr_carea' id='block_1_73' title="bbox 2231 2017 3821 2099">
    <p class='ocr_par' dir='ltr' id='par_1_73' title="bbox 2231 2017 3821 2099">
     <span class='ocr_line' id='line_1_73' title="bbox 2231 2017 3821 2099; baseline 0.007 -28"><span class='ocrx_word' id='word_1_462' title='bbox 2231 2017 2460 2090; x_wconf 88' lang='grc' dir='ltr'><strong>νοθέτην</strong></span> <span class='ocrx_word' id='word_1_463' title='bbox 2500 2020 2596 2073; x_wconf 75' lang='grc' dir='ltr'><strong>καὶ</strong></span> <span class='ocrx_word' id='word_1_464' title='bbox 2627 2020 2865 2099; x_wconf 80' lang='grc' dir='ltr'><strong>Σωτῆρα</strong></span> <span class='ocrx_word' id='word_1_465' title='bbox 2887 2024 3316 2095; x_wconf 80' lang='grc' dir='ltr'><strong>στεφανηφορῶν</strong></span> <span class='ocrx_word' id='word_1_466' title='bbox 3346 2026 3650 2099; x_wconf 78' lang='grc' dir='ltr'><strong>ἀνελήφθης</strong></span> <span class='ocrx_word' id='word_1_467' title='bbox 3680 2030 3821 2098; x_wconf 85' lang='grc' dir='ltr'><strong>Χρι-</strong></span> 
     </span>
    </p>
   </div>
   <div class='ocr_carea' id='block_1_74' title="bbox 2234 2098 3812 2187">
    <p class='ocr_par' dir='ltr' id='par_1_74' title="bbox 2234 2098 3812 2187">
     <span class='ocr_line' id='line_1_74' title="bbox 2234 2098 3812 2187; baseline 0.006 -23"><span class='ocrx_word' id='word_1_468' title='bbox 2234 2112 2381 2165; x_wconf 73' lang='grc' dir='ltr'><strong>στόνο</strong></span> <span class='ocrx_word' id='word_1_469' title='bbox 2408 2112 2512 2165; x_wconf 75' lang='grc' dir='ltr'><strong>καὶ</strong></span> <span class='ocrx_word' id='word_1_470' title='bbox 2545 2112 2607 2165; x_wconf 84' lang='grc' dir='ltr'><strong>τὸ</strong></span> <span class='ocrx_word' id='word_1_471' title='bbox 2638 2098 2872 2183; x_wconf 76' lang='grc' dir='ltr'><strong>ἱερδνδὲ</strong></span> <span class='ocrx_word' id='word_1_472' title='bbox 2906 2114 3045 2184; x_wconf 86' lang='grc' dir='ltr'><strong>μετά</strong></span> <span class='ocrx_word' id='word_1_473' title='bbox 3082 2115 3255 2169; x_wconf 82' lang='grc' dir='ltr'><strong>ταῦτα</strong></span> <span class='ocrx_word' id='word_1_474' title='bbox 3291 2118 3565 2187; x_wconf 78' lang='grc' dir='ltr'><strong>σωμάτιον</strong></span> <span class='ocrx_word' id='word_1_475' title='bbox 3594 2098 3679 2173; x_wconf 80' lang='grc' dir='ltr'><strong>διὰ</strong></span> <span class='ocrx_word' id='word_1_476' title='bbox 3708 2137 3812 2173; x_wconf 80' lang='grc' dir='ltr'><strong>πυο</strong></span> 
     </span>
    </p>
   </div>
   <div class='ocr_carea' id='block_1_75' title="bbox 2236 2206 3814 2283">
    <p class='ocr_par' dir='ltr' id='par_1_75' title="bbox 2236 2206 3814 2283">
     <span class='ocr_line' id='line_1_75' title="bbox 2236 2206 3814 2283; baseline -0.011 -12"><span class='ocrx_word' id='word_1_477' title='bbox 2236 2206 2328 2273; x_wconf 60' lang='grc' dir='ltr'><strong>(δ”-ς</strong></span> <span class='ocrx_word' id='word_1_478' title='bbox 2372 2206 2851 2277; x_wconf 58' lang='grc' dir='ltr'><strong>ἱερουργούμενος,</strong></span> <span class='ocrx_word' id='word_1_479' title='bbox 2892 2208 2987 2261; x_wconf 83' lang='grc' dir='ltr'><strong>καὶ</strong></span> <span class='ocrx_word' id='word_1_480' title='bbox 3008 2207 3171 2270; x_wconf 71' lang='grc' dir='ltr'><strong>οὕτω,</strong></span> <span class='ocrx_word' id='word_1_481' title='bbox 3203 2209 3289 2263; x_wconf 75' lang='grc' dir='ltr'><strong>διὰ</strong></span> <span class='ocrx_word' id='word_1_482' title='bbox 3322 2211 3541 2266; x_wconf 81' lang='grc' dir='ltr'><strong>πάντων</strong></span> <span class='ocrx_word' id='word_1_483' title='bbox 3575 2210 3651 2283; x_wconf 78' lang='grc' dir='ltr'><strong>τῷ</strong></span> <span class='ocrx_word' id='word_1_484' title='bbox 3671 2214 3814 2283; x_wconf 62' lang='grc' dir='ltr'><strong>ητα.</strong></span> 
     </span>
    </p>
   </div>
   <div class='ocr_carea' id='block_1_76' title="bbox 2233 2297 3821 2376">
    <p class='ocr_par' dir='ltr' id='par_1_76' title="bbox 2233 2297 3821 2376">
     <span class='ocr_line' id='line_1_76' title="bbox 2233 2297 3821 2376; baseline 0.008 -28"><span class='ocrx_word' id='word_1_485' title='bbox 2233 2297 2440 2368; x_wconf 86' lang='grc' dir='ltr'><strong>πηκότι</strong></span> <span class='ocrx_word' id='word_1_486' title='bbox 2471 2315 2528 2351; x_wconf 90' lang='grc' dir='ltr'><strong>σε</strong></span> <span class='ocrx_word' id='word_1_487' title='bbox 2560 2299 3004 2370; x_wconf 88' lang='grc' dir='ltr'><strong>καθιερούμενος,</strong></span> <span class='ocrx_word' id='word_1_488' title='bbox 3028 2301 3401 2373; x_wconf 75' lang='grc' dir='ltr'><strong>ὁλοκάρταυμα</strong></span> <span class='ocrx_word' id='word_1_489' title='bbox 3432 2304 3636 2359; x_wconf 74' lang='grc' dir='ltr'><strong>τέλειον</strong></span> <span class='ocrx_word' id='word_1_490' title='bbox 3662 2304 3821 2376; x_wconf 72' lang='grc' dir='ltr'><strong>ἄμω-</strong></span> 
     </span>
    </p>
   </div>
   <div class='ocr_carea' id='block_1_77' title="bbox 2235 2390 3464 2465">
    <p class='ocr_par' dir='ltr' id='par_1_77' title="bbox 2235 2390 3464 2465">
     <span class='ocr_line' id='line_1_77' title="bbox 2235 2390 3464 2465; baseline 0.006 -23"><span class='ocrx_word' id='word_1_491' title='bbox 2235 2406 2335 2460; x_wconf 91' lang='grc' dir='ltr'><strong>μον</strong></span> <span class='ocrx_word' id='word_1_492' title='bbox 2365 2390 2445 2453; x_wconf 86' lang='grc' dir='ltr'><strong>είς</strong></span> <span class='ocrx_word' id='word_1_493' title='bbox 2477 2390 2655 2463; x_wconf 76' lang='grc' dir='ltr'><strong>ὀσμὴν</strong></span> <span class='ocrx_word' id='word_1_494' title='bbox 2691 2392 2916 2455; x_wconf 82' lang='grc' dir='ltr'><strong>εὐωδίας</strong></span> <span class='ocrx_word' id='word_1_495' title='bbox 2959 2394 3261 2465; x_wconf 85' lang='grc' dir='ltr'><strong>ἀνηνέχθης</strong></span> <span class='ocrx_word' id='word_1_496' title='bbox 3292 2395 3464 2465; x_wconf 81' lang='grc' dir='ltr'><strong>αὐτῷ.</strong></span> 
     </span>
    </p>
   </div>
   <div class='ocr_carea' id='block_1_78' title="bbox 2302 2559 3826 2641">
    <p class='ocr_par' dir='ltr' id='par_1_78' title="bbox 2302 2559 3826 2641">
     <span class='ocr_line' id='line_1_78' title="bbox 2302 2559 3826 2641; baseline 0.006 -23"><span class='ocrx_word' id='word_1_497' title='bbox 2302 2565 2474 2636; x_wconf 86' lang='grc' dir='ltr'><strong>Χαῖρε</strong></span> <span class='ocrx_word' id='word_1_498' title='bbox 2500 2565 2701 2629; x_wconf 81' lang='grc' dir='ltr'><strong>τοίνυν,</strong></span> <span class='ocrx_word' id='word_1_499' title='bbox 2739 2559 2786 2621; x_wconf 81' lang='grc' dir='ltr'><strong>ὦ</strong></span> <span class='ocrx_word' id='word_1_500' title='bbox 2830 2566 3081 2624; x_wconf 76' lang='grc' dir='ltr'><strong>θεσπέσιε</strong></span> <span class='ocrx_word' id='word_1_501' title='bbox 3133 2570 3229 2624; x_wconf 54' lang='grc' dir='ltr'><strong>καὶ⁸</strong></span> <span class='ocrx_word' id='word_1_502' title='bbox 3257 2568 3486 2641; x_wconf 72' lang='grc' dir='ltr'><strong>θεόφρον</strong></span> <span class='ocrx_word' id='word_1_503' title='bbox 3522 2568 3826 2640; x_wconf 61' lang='grc' dir='ltr'><strong>εὐαγγέλια</strong></span> 
     </span>
    </p>
   </div>
   <div class='ocr_carea' id='block_1_79' title="bbox 2232 2655 3822 2733">
    <p class='ocr_par' dir='ltr' id='par_1_79' title="bbox 2232 2655 3822 2733">
     <span class='ocr_line' id='line_1_79' title="bbox 2232 2655 3822 2733; baseline 0.006 -25"><span class='ocrx_word' id='word_1_504' title='bbox 2232 2656 2356 2712; x_wconf 88' lang='grc' dir='ltr'><strong>στά.</strong></span> <span class='ocrx_word' id='word_1_505' title='bbox 2389 2658 2582 2729; x_wconf 79' lang='grc' dir='ltr'><strong>Χαῖρε,</strong></span> <span class='ocrx_word' id='word_1_506' title='bbox 2609 2659 2690 2712; x_wconf 82' lang='grc' dir='ltr'><strong>ὅτι</strong></span> <span class='ocrx_word' id='word_1_507' title='bbox 2717 2660 2766 2712; x_wconf 85' lang='grc' dir='ltr'><strong>εί</strong></span> <span class='ocrx_word' id='word_1_508' title='bbox 2789 2655 2886 2713; x_wconf 73' lang='grc' dir='ltr'><strong>καὶ</strong></span> <span class='ocrx_word' id='word_1_509' title='bbox 2922 2661 3022 2730; x_wconf 76' lang='grc' dir='ltr'><strong>τὴν</strong></span> <span class='ocrx_word' id='word_1_510' title='bbox 3046 2661 3198 2727; x_wconf 77' lang='grc' dir='ltr'><strong>τάξιν</strong></span> <span class='ocrx_word' id='word_1_511' title='bbox 3226 2663 3325 2733; x_wconf 83' lang='grc' dir='ltr'><strong>τῆς</strong></span> <span class='ocrx_word' id='word_1_512' title='bbox 3349 2662 3648 2727; x_wconf 83' lang='grc' dir='ltr'><strong>δωδεκάδος</strong></span> <span class='ocrx_word' id='word_1_513' title='bbox 3676 2664 3822 2717; x_wconf 83' lang='grc' dir='ltr'><strong>ὐπο-</strong></span> 
     </span>
    </p>
   </div>
   <div class='ocr_carea' id='block_1_80' title="bbox 2230 2747 3826 2825">
    <p class='ocr_par' dir='ltr' id='par_1_80' title="bbox 2230 2747 3826 2825">
     <span class='ocr_line' id='line_1_80' title="bbox 2230 2747 3826 2825; baseline 0.004 -24"><span class='ocrx_word' id='word_1_514' title='bbox 2230 2747 2476 2821; x_wconf 73' lang='grc' dir='ltr'><strong>δέσηκας</strong></span> <span class='ocrx_word' id='word_1_515' title='bbox 2499 2791 2515 2815; x_wconf 87' lang='grc'><strong>,</strong></span> <span class='ocrx_word' id='word_1_516' title='bbox 2544 2749 2683 2804; x_wconf 82' lang='grc' dir='ltr'><strong>ἀλλὰ</strong></span> <span class='ocrx_word' id='word_1_517' title='bbox 2714 2755 2782 2823; x_wconf 72' lang='grc' dir='ltr'><strong>τῇ</strong></span> <span class='ocrx_word' id='word_1_518' title='bbox 2809 2752 3089 2825; x_wconf 72' lang='grc' dir='ltr'><strong>ἱερουργίᾳ</strong></span> <span class='ocrx_word' id='word_1_519' title='bbox 3111 2754 3204 2808; x_wconf 81' lang='grc' dir='ltr'><strong>τοῦ</strong></span> <span class='ocrx_word' id='word_1_520' title='bbox 3228 2755 3563 2825; x_wconf 73' lang='grc' dir='ltr'><strong>Εὐαγγελίου</strong></span> <span class='ocrx_word' id='word_1_521' title='bbox 3584 2756 3678 2810; x_wconf 77' lang='grc' dir='ltr'><strong>καὶ</strong></span> <span class='ocrx_word' id='word_1_522' title='bbox 3704 2757 3826 2821; x_wconf 75' lang='grc' dir='ltr'><strong>τοῖς</strong></span> 
     </span>
    </p>
   </div>
   <div class='ocr_carea' id='block_1_81' title="bbox 2230 2841 3825 2920">
    <p class='ocr_par' dir='ltr' id='par_1_81' title="bbox 2230 2841 3825 2920">
     <span class='ocr_line' id='line_1_81' title="bbox 2230 2841 3825 2920; baseline 0.004 -24"><span class='ocrx_word' id='word_1_523' title='bbox 2230 2841 2324 2897; x_wconf 82' lang='grc' dir='ltr'><strong>τοῦ</strong></span> <span class='ocrx_word' id='word_1_524' title='bbox 2395 2844 2755 2916; x_wconf 79' lang='grc' dir='ltr'><strong>Παρακλήτου</strong></span> <span class='ocrx_word' id='word_1_525' title='bbox 2818 2847 3152 2919; x_wconf 80' lang='grc' dir='ltr'><strong>χαρίσμασιν</strong></span> <span class='ocrx_word' id='word_1_526' title='bbox 3226 2848 3380 2904; x_wconf 82' lang='grc' dir='ltr'><strong>οὐδὲν</strong></span> <span class='ocrx_word' id='word_1_527' title='bbox 3430 2850 3528 2920; x_wconf 87' lang='grc' dir='ltr'><strong>τῆς</strong></span> <span class='ocrx_word' id='word_1_528' title='bbox 3586 2850 3825 2903; x_wconf 73' lang='grc' dir='ltr'><strong>ἐκείνων</strong></span> 
     </span>
    </p>
   </div>
   <div class='ocr_carea' id='block_1_82' title="bbox 2231 2931 2891 3006">
    <p class='ocr_par' dir='ltr' id='par_1_82' title="bbox 2231 2931 2891 3006">
     <span class='ocr_line' id='line_1_82' title="bbox 2231 2931 2891 3006; baseline 0.011 -21"><span class='ocrx_word' id='word_1_529' title='bbox 2231 2931 2488 3006; x_wconf 64' lang='grc' dir='ltr'><strong>ἀλείφθης</strong></span> <span class='ocrx_word' id='word_1_530' title='bbox 2529 2936 2891 3006; x_wconf 81' lang='grc' dir='ltr'><strong>τελειότητος.</strong></span> 
     </span>
    </p>
   </div>
   <div class='ocr_carea' id='block_1_83' title="bbox 2303 3026 3825 3099">
    <p class='ocr_par' dir='ltr' id='par_1_83' title="bbox 2303 3026 3825 3099">
     <span class='ocr_line' id='line_1_83' title="bbox 2303 3026 3825 3099; baseline 0.003 -20"><span class='ocrx_word' id='word_1_531' title='bbox 2303 3026 2500 3099; x_wconf 85' lang='grc' dir='ltr'><strong>Χαῖρε,</strong></span> <span class='ocrx_word' id='word_1_532' title='bbox 2554 3029 2636 3083; x_wconf 82' lang='grc' dir='ltr'><strong>ὅτι</strong></span> <span class='ocrx_word' id='word_1_533' title='bbox 2686 3030 2800 3092; x_wconf 82' lang='grc' dir='ltr'><strong>τοῖς</strong></span> <span class='ocrx_word' id='word_1_534' title='bbox 2844 3030 3163 3093; x_wconf 75' lang='grc' dir='ltr'><strong>ἀποστόλοις</strong></span> <span class='ocrx_word' id='word_1_535' title='bbox 3190 3030 3268 3095; x_wconf 82' lang='grc' dir='ltr'><strong>ὡς</strong></span> <span class='ocrx_word' id='word_1_536' title='bbox 3323 3031 3657 3097; x_wconf 74' lang='grc' dir='ltr'><strong>ἀπόστολος,</strong></span> <span class='ocrx_word' id='word_1_537' title='bbox 3702 3035 3825 3097; x_wconf 80' lang='grc' dir='ltr'><strong>τοῖς</strong></span> 
     </span>
    </p>
   </div>
   <div class='ocr_carea' id='block_1_84' title="bbox 2232 3107 3823 3195">
    <p class='ocr_par' dir='ltr' id='par_1_84' title="bbox 2232 3107 3823 3195">
     <span class='ocr_line' id='line_1_84' title="bbox 2232 3107 3823 3195; baseline 0.003 -23"><span class='ocrx_word' id='word_1_538' title='bbox 2232 3119 2647 3188; x_wconf 82' lang='grc' dir='ltr'><strong>εὐαγγελισταῖς</strong></span> <span class='ocrx_word' id='word_1_539' title='bbox 2684 3121 2759 3185; x_wconf 80' lang='grc' dir='ltr'><strong>ὡς</strong></span> <span class='ocrx_word' id='word_1_540' title='bbox 2792 3121 3217 3191; x_wconf 79' lang='grc' dir='ltr'><strong>εὐαγγελιστὴς,</strong></span> <span class='ocrx_word' id='word_1_541' title='bbox 3247 3107 3368 3177; x_wconf 41' lang='grc' dir='ltr'><strong>”καὶ</strong></span> <span class='ocrx_word' id='word_1_542' title='bbox 3398 3124 3511 3187; x_wconf 77' lang='grc' dir='ltr'><strong>τοῖς</strong></span> <span class='ocrx_word' id='word_1_543' title='bbox 3543 3126 3823 3195; x_wconf 84' lang='grc' dir='ltr'><strong>πατριάρ-</strong></span> 
     </span>
    </p>
   </div>
   <div class='ocr_carea' id='block_1_85' title="bbox 2226 3211 3824 3285">
    <p class='ocr_par' dir='ltr' id='par_1_85' title="bbox 2226 3211 3824 3285">
     <span class='ocr_line' id='line_1_85' title="bbox 2226 3211 3824 3285; baseline 0.001 -21"><span class='ocrx_word' id='word_1_544' title='bbox 2226 3228 2349 3281; x_wconf 85' lang='grc' dir='ltr'><strong>χαις</strong></span> <span class='ocrx_word' id='word_1_545' title='bbox 2382 3211 2481 3281; x_wconf 73' lang='grc' dir='ltr'><strong>μὲν</strong></span> <span class='ocrx_word' id='word_1_546' title='bbox 2526 3211 2601 3275; x_wconf 82' lang='grc' dir='ltr'><strong>ὡς</strong></span> <span class='ocrx_word' id='word_1_547' title='bbox 2639 3213 3003 3283; x_wconf 80' lang='grc' dir='ltr'><strong>πατριάρχης,</strong></span> <span class='ocrx_word' id='word_1_548' title='bbox 3037 3212 3113 3275; x_wconf 79' lang='grc' dir='ltr'><strong>ὡς</strong></span> <span class='ocrx_word' id='word_1_549' title='bbox 3174 3213 3378 3285; x_wconf 74' lang='grc' dir='ltr'><strong>μάρτυς</strong></span> <span class='ocrx_word' id='word_1_550' title='bbox 3410 3214 3465 3265; x_wconf 79' lang='grc' dir='ltr'><strong>δὲ</strong></span> <span class='ocrx_word' id='word_1_551' title='bbox 3517 3214 3633 3278; x_wconf 79' lang='grc' dir='ltr'><strong>τοῖς</strong></span> <span class='ocrx_word' id='word_1_552' title='bbox 3676 3214 3824 3285; x_wconf 82' lang='grc' dir='ltr'><strong>μάρ-</strong></span> 
     </span>
    </p>
   </div>
   <div class='ocr_carea' id='block_1_86' title="bbox 2225 3302 3819 3375">
    <p class='ocr_par' dir='ltr' id='par_1_86' title="bbox 2225 3302 3819 3375">
     <span class='ocr_line' id='line_1_86' title="bbox 2225 3302 3819 3375; baseline 0.003 -21"><span class='ocrx_word' id='word_1_553' title='bbox 2225 3318 2351 3354; x_wconf 89' lang='grc' dir='ltr'><strong>τυσι</strong></span> <span class='ocrx_word' id='word_1_554' title='bbox 2411 3302 2882 3374; x_wconf 78' lang='grc' dir='ltr'><strong>συνηριθμημένος</strong></span> <span class='ocrx_word' id='word_1_555' title='bbox 2946 3304 3041 3357; x_wconf 76' lang='grc' dir='ltr'><strong>καὶ</strong></span> <span class='ocrx_word' id='word_1_556' title='bbox 3073 3302 3525 3375; x_wconf 81' lang='grc' dir='ltr'><strong>συντεταγμένος,</strong></span> <span class='ocrx_word' id='word_1_557' title='bbox 3560 3306 3660 3357; x_wconf 69' lang='grc' dir='ltr'><strong>καὶ</strong></span> <span class='ocrx_word' id='word_1_558' title='bbox 3694 3322 3819 3359; x_wconf 83' lang='grc' dir='ltr'><strong>ποι-</strong></span> 
     </span>
    </p>
   </div>
   <div class='ocr_carea' id='block_1_87' title="bbox 2226 3391 3816 3467">
    <p class='ocr_par' dir='ltr' id='par_1_87' title="bbox 2226 3391 3816 3467">
     <span class='ocr_line' id='line_1_87' title="bbox 2226 3391 3816 3467; baseline 0.001 -20"><span class='ocrx_word' id='word_1_559' title='bbox 2226 3391 2365 3464; x_wconf 82' lang='grc' dir='ltr'><strong>κίλῳ</strong></span> <span class='ocrx_word' id='word_1_560' title='bbox 2394 3395 2645 3465; x_wconf 80' lang='grc' dir='ltr'><strong>στεφάνῳ</strong></span> <span class='ocrx_word' id='word_1_561' title='bbox 2680 3394 2768 3448; x_wconf 83' lang='grc' dir='ltr'><strong>διὰ</strong></span> <span class='ocrx_word' id='word_1_562' title='bbox 2798 3395 2974 3449; x_wconf 84' lang='grc' dir='ltr'><strong>ταῦτα</strong></span> <span class='ocrx_word' id='word_1_563' title='bbox 3005 3395 3500 3467; x_wconf 76' lang='grc' dir='ltr'><strong>καθωραῖζόμενος,</strong></span> <span class='ocrx_word' id='word_1_564' title='bbox 3531 3397 3600 3455; x_wconf 78' lang='grc' dir='ltr'><strong>ἐκ</strong></span> <span class='ocrx_word' id='word_1_565' title='bbox 3625 3397 3816 3465; x_wconf 61' lang='lat' dir='ltr'><strong>deﬁnit:</strong></span> 
     </span>
    </p>
   </div>
   <div class='ocr_carea' id='block_1_88' title="bbox 2227 3487 3451 3559">
    <p class='ocr_par' dir='ltr' id='par_1_88' title="bbox 2227 3487 3451 3559">
     <span class='ocr_line' id='line_1_88' title="bbox 2227 3487 3451 3559; baseline 0.002 -20"><span class='ocrx_word' id='word_1_566' title='bbox 2227 3487 2581 3557; x_wconf 80' lang='grc' dir='ltr'><strong>παραστῆναι</strong></span> <span class='ocrx_word' id='word_1_567' title='bbox 2606 3487 2681 3557; x_wconf 83' lang='grc' dir='ltr'><strong>τῷ</strong></span> <span class='ocrx_word' id='word_1_568' title='bbox 2710 3487 3048 3559; x_wconf 76' lang='grc' dir='ltr'><strong>Παμϐασιλεῖ</strong></span> <span class='ocrx_word' id='word_1_569' title='bbox 3076 3487 3451 3554; x_wconf 79' lang='grc' dir='ltr'><strong>καταξιοῦσαι.</strong></span> 
     </span>
    </p>
   </div>
   <div class='ocr_carea' id='block_1_89' title="bbox 2296 3578 3819 3652">
    <p class='ocr_par' dir='ltr' id='par_1_89' title="bbox 2296 3578 3819 3652">
     <span class='ocr_line' id='line_1_89' title="bbox 2296 3578 3819 3652; baseline -0.001 -19"><span class='ocrx_word' id='word_1_570' title='bbox 2296 3580 2494 3649; x_wconf 76' lang='grc' dir='ltr'><strong>Χαῖρε,</strong></span> <span class='ocrx_word' id='word_1_571' title='bbox 2524 3581 2720 3652; x_wconf 84' lang='grc' dir='ltr'><strong>ὃτιούχ</strong></span> <span class='ocrx_word' id='word_1_572' title='bbox 2741 3582 2891 3648; x_wconf 75' lang='grc' dir='ltr'><strong>ἀπαξ</strong></span> <span class='ocrx_word' id='word_1_573' title='bbox 2936 3583 3037 3652; x_wconf 78' lang='grc' dir='ltr'><strong>τὴν</strong></span> <span class='ocrx_word' id='word_1_574' title='bbox 3075 3580 3245 3651; x_wconf 78' lang='grc' dir='ltr'><strong>καλὴν</strong></span> <span class='ocrx_word' id='word_1_575' title='bbox 3286 3578 3461 3650; x_wconf 86' lang='grc' dir='ltr'><strong>Ἰησοῦ</strong></span> <span class='ocrx_word' id='word_1_576' title='bbox 3502 3582 3819 3651; x_wconf 72' lang='grc' dir='ltr'><strong>μαρτυρίαν</strong></span> 
     </span>
    </p>
   </div>
   <div class='ocr_carea' id='block_1_90' title="bbox 2228 3671 3818 3743">
    <p class='ocr_par' dir='ltr' id='par_1_90' title="bbox 2228 3671 3818 3743">
     <span class='ocr_line' id='line_1_90' title="bbox 2228 3671 3818 3743; baseline -0.002 -18"><span class='ocrx_word' id='word_1_577' title='bbox 2228 3671 2642 3743; x_wconf 72' lang='grc' dir='ltr'><strong>ἐμαρτύρησας,</strong></span> <span class='ocrx_word' id='word_1_578' title='bbox 2727 3673 3017 3727; x_wconf 76' lang='grc' dir='ltr'><strong>πλεονάκις</strong></span> <span class='ocrx_word' id='word_1_579' title='bbox 3058 3672 3116 3725; x_wconf 81' lang='grc' dir='ltr'><strong>δέ</strong></span> <span class='ocrx_word' id='word_1_580' title='bbox 3143 3687 3157 3702; x_wconf 73' lang='grc' dir='ltr'>ο</span> <span class='ocrx_word' id='word_1_581' title='bbox 3205 3671 3312 3724; x_wconf 84' lang='grc' dir='ltr'><strong>οὐδ’</strong></span> <span class='ocrx_word' id='word_1_582' title='bbox 3367 3671 3514 3737; x_wconf 74' lang='grc' dir='ltr'><strong>ἅπαξ</strong></span> <span class='ocrx_word' id='word_1_583' title='bbox 3556 3672 3818 3740; x_wconf 80' lang='grc' dir='ltr'><strong>σχοινίοις</strong></span> 
     </span>
    </p>
   </div>
   <div class='ocr_carea' id='block_1_91' title="bbox 2229 3763 3805 3833">
    <p class='ocr_par' dir='ltr' id='par_1_91' title="bbox 2229 3763 3805 3833">
     <span class='ocr_line' id='line_1_91' title="bbox 2229 3763 3805 3833; baseline -0.002 -17"><span class='ocrx_word' id='word_1_584' title='bbox 2229 3764 2547 3829; x_wconf 73' lang='grc' dir='ltr'><strong>καταδεθεὶς</strong></span> <span class='ocrx_word' id='word_1_585' title='bbox 2600 3764 2688 3816; x_wconf 68' lang='grc' dir='ltr'><strong>διὰ</strong></span> <span class='ocrx_word' id='word_1_586' title='bbox 2743 3764 2913 3833; x_wconf 85' lang='grc' dir='ltr'><strong>μέσης</strong></span> <span class='ocrx_word' id='word_1_587' title='bbox 2957 3764 3055 3833; x_wconf 78' lang='grc' dir='ltr'><strong>τῆς</strong></span> <span class='ocrx_word' id='word_1_588' title='bbox 3097 3764 3306 3825; x_wconf 80' lang='grc' dir='ltr'><strong>πόλεως</strong></span> <span class='ocrx_word' id='word_1_589' title='bbox 3355 3764 3669 3830; x_wconf 79' lang='grc' dir='ltr'><strong>είλκύσθης,</strong></span> <span class='ocrx_word' id='word_1_590' title='bbox 3710 3763 3805 3813; x_wconf 80' lang='grc' dir='ltr'><strong>καὶ</strong></span> 
     </span>
    </p>
   </div>
   <div class='ocr_carea' id='block_1_92' title="bbox 2229 3853 3797 3928">
    <p class='ocr_par' dir='ltr' id='par_1_92' title="bbox 2229 3853 3797 3928">
     <span class='ocr_line' id='line_1_92' title="bbox 2229 3853 3797 3928; baseline -0.003 -21"><span class='ocrx_word' id='word_1_591' title='bbox 2229 3855 2327 3919; x_wconf 87' lang='grc' dir='ltr'><strong>τὰς</strong></span> <span class='ocrx_word' id='word_1_592' title='bbox 2358 3858 2566 3926; x_wconf 86' lang='grc' dir='ltr'><strong>σάρκας</strong></span> <span class='ocrx_word' id='word_1_593' title='bbox 2625 3856 3031 3927; x_wconf 70' lang='grc' dir='ltr'><strong>κατετρύφθης,</strong></span> <span class='ocrx_word' id='word_1_594' title='bbox 3096 3858 3187 3911; x_wconf 62' lang='grc' dir='ltr'><strong>καῖ</strong></span> <span class='ocrx_word' id='word_1_595' title='bbox 3235 3857 3316 3928; x_wconf 81' lang='grc' dir='ltr'><strong>τῷ</strong></span> <span class='ocrx_word' id='word_1_596' title='bbox 3376 3855 3549 3920; x_wconf 79' lang='grc' dir='ltr'><strong>οίκείῳ</strong></span> <span class='ocrx_word' id='word_1_597' title='bbox 3601 3853 3797 3921; x_wconf 79' lang='grc' dir='ltr'><strong>αἵματι</strong></span> 
     </span>
    </p>
   </div>
   <div class='ocr_carea' id='block_1_93' title="bbox 2229 3945 3801 4020">
    <p class='ocr_par' dir='ltr' id='par_1_93' title="bbox 2229 3945 3801 4020">
     <span class='ocr_line' id='line_1_93' title="bbox 2229 3945 3801 4020; baseline -0.001 -19"><span class='ocrx_word' id='word_1_598' title='bbox 2229 3947 2459 4018; x_wconf 73' lang='grc' dir='ltr'><strong>ὲεάφηςο</strong></span> <span class='ocrx_word' id='word_1_599' title='bbox 2493 3948 2629 4002; x_wconf 76' lang='grc' dir='ltr'><strong>ἀλλά</strong></span> <span class='ocrx_word' id='word_1_600' title='bbox 2672 3949 2811 4017; x_wconf 85' lang='grc' dir='ltr'><strong>μετὰ</strong></span> <span class='ocrx_word' id='word_1_601' title='bbox 2856 3948 2946 4001; x_wconf 79' lang='grc' dir='ltr'><strong>τδν</strong></span> <span class='ocrx_word' id='word_1_602' title='bbox 2992 3951 3325 4020; x_wconf 82' lang='grc' dir='ltr'><strong>σπαραγμὸν</strong></span> <span class='ocrx_word' id='word_1_603' title='bbox 3362 3949 3451 4002; x_wconf 76' lang='grc' dir='ltr'><strong>τὸν</strong></span> <span class='ocrx_word' id='word_1_604' title='bbox 3486 3945 3691 4017; x_wconf 79' lang='grc' dir='ltr'><strong>πρῶτον</strong></span> <span class='ocrx_word' id='word_1_605' title='bbox 3720 3948 3801 4009; x_wconf 79' lang='grc' dir='ltr'><strong>είς</strong></span> 
     </span>
    </p>
   </div>
   <div class='ocr_carea' id='block_1_94' title="bbox 2229 4034 3811 4110">
    <p class='ocr_par' dir='ltr' id='par_1_94' title="bbox 2229 4034 3811 4110">
     <span class='ocr_line' id='line_1_94' title="bbox 2229 4034 3811 4110; baseline -0.003 -19"><span class='ocrx_word' id='word_1_606' title='bbox 2229 4039 2456 4110; x_wconf 78' lang='grc' dir='ltr'><strong>εἱρκτὴν</strong></span> <span class='ocrx_word' id='word_1_607' title='bbox 2505 4037 2775 4109; x_wconf 72' lang='grc' dir='ltr'><strong>ἡμιθανὴς</strong></span> <span class='ocrx_word' id='word_1_608' title='bbox 2818 4037 3134 4108; x_wconf 65' lang='grc' dir='ltr'><strong>ἐμϐληθεὶς,</strong></span> <span class='ocrx_word' id='word_1_609' title='bbox 3180 4040 3273 4092; x_wconf 82' lang='grc' dir='ltr'><strong>καὶ</strong></span> <span class='ocrx_word' id='word_1_610' title='bbox 3314 4040 3381 4092; x_wconf 79' lang='grc' dir='ltr'><strong>δι’</strong></span> <span class='ocrx_word' id='word_1_611' title='bbox 3422 4034 3654 4105; x_wconf 77' lang='grc' dir='ltr'><strong>ἀγγέλου</strong></span> <span class='ocrx_word' id='word_1_612' title='bbox 3694 4054 3811 4104; x_wconf 58' lang='lat' dir='ltr'><strong>quo-</strong></span> 
     </span>
    </p>
   </div>
   <div class='ocr_carea' id='block_1_95' title="bbox 2227 4126 3813 4202">
    <p class='ocr_par' dir='ltr' id='par_1_95' title="bbox 2227 4126 3813 4202">
     <span class='ocr_line' id='line_1_95' title="bbox 2227 4126 3813 4202; baseline -0.003 -20"><span class='ocrx_word' id='word_1_613' title='bbox 2227 4132 2324 4202; x_wconf 85' lang='grc' dir='ltr'><strong>νῆς</strong></span> <span class='ocrx_word' id='word_1_614' title='bbox 2358 4129 2548 4193; x_wconf 74' lang='grc' dir='ltr'><strong>νυκτὸς</strong></span> <span class='ocrx_word' id='word_1_615' title='bbox 2580 4130 2749 4192; x_wconf 71' lang='grc' dir='ltr'><strong>ἰαθεὶς</strong></span> <span class='ocrx_word' id='word_1_616' title='bbox 2781 4130 2877 4183; x_wconf 70' lang='grc' dir='ltr'><strong>καὶ</strong></span> <span class='ocrx_word' id='word_1_617' title='bbox 2912 4128 3429 4200; x_wconf 82' lang='grc' dir='ltr'><strong>προθυμοποιηθείς’</strong></span> <span class='ocrx_word' id='word_1_618' title='bbox 3457 4128 3555 4183; x_wconf 65' lang='grc' dir='ltr'><strong>καὶ</strong></span> <span class='ocrx_word' id='word_1_619' title='bbox 3586 4130 3655 4196; x_wconf 76' lang='grc' dir='ltr'><strong>τῇ</strong></span> <span class='ocrx_word' id='word_1_620' title='bbox 3685 4126 3813 4196; x_wconf 74' lang='grc' dir='ltr'><strong>ἑξῆς</strong></span> 
     </span>
    </p>
   </div>
   <div class='ocr_carea' id='block_1_96' title="bbox 2228 4219 3815 4293">
    <p class='ocr_par' dir='ltr' id='par_1_96' title="bbox 2228 4219 3815 4293">
     <span class='ocr_line' id='line_1_96' title="bbox 2228 4219 3815 4293; baseline -0.002 -19"><span class='ocrx_word' id='word_1_621' title='bbox 2228 4219 2383 4284; x_wconf 78' lang='grc' dir='ltr'><strong>αὖθις</strong></span> <span class='ocrx_word' id='word_1_622' title='bbox 2430 4220 2631 4291; x_wconf 82' lang='grc' dir='ltr'><strong>ὁμοίως</strong></span> <span class='ocrx_word' id='word_1_623' title='bbox 2667 4221 2845 4285; x_wconf 79' lang='grc' dir='ltr'><strong>δεθεὶς</strong></span> <span class='ocrx_word' id='word_1_624' title='bbox 2908 4224 3002 4274; x_wconf 77' lang='grc' dir='ltr'><strong>καὶ</strong></span> <span class='ocrx_word' id='word_1_625' title='bbox 3062 4224 3417 4293; x_wconf 70' lang='grc' dir='ltr'><strong>κατασυρεὶς,</strong></span> <span class='ocrx_word' id='word_1_626' title='bbox 3481 4223 3578 4275; x_wconf 76' lang='grc' dir='ltr'><strong>καὶ</strong></span> <span class='ocrx_word' id='word_1_627' title='bbox 3644 4220 3815 4282; x_wconf 72' lang='grc' dir='ltr'><strong>οὔτως</strong></span> 
     </span>
    </p>
   </div>
   <div class='ocr_carea' id='block_1_97' title="bbox 2226 4312 3821 4386">
    <p class='ocr_par' dir='ltr' id='par_1_97' title="bbox 2226 4312 3821 4386">
     <span class='ocr_line' id='line_1_97' title="bbox 2226 4312 3821 4386; baseline 0 -20"><span class='ocrx_word' id='word_1_628' title='bbox 2226 4312 2528 4367; x_wconf 70' lang='grc' dir='ltr'><strong>ἐπιστάντα</strong></span> <span class='ocrx_word' id='word_1_629' title='bbox 2573 4312 2666 4367; x_wconf 75' lang='grc' dir='ltr'><strong>τὸν</strong></span> <span class='ocrx_word' id='word_1_630' title='bbox 2719 4313 2923 4383; x_wconf 82' lang='grc' dir='ltr'><strong>Κύριον</strong></span> <span class='ocrx_word' id='word_1_631' title='bbox 2963 4318 3056 4369; x_wconf 75' lang='grc' dir='ltr'><strong>καὶ</strong></span> <span class='ocrx_word' id='word_1_632' title='bbox 3106 4315 3398 4386; x_wconf 77' lang='grc' dir='ltr'><strong>εἰρηνικῶς</strong></span> <span class='ocrx_word' id='word_1_633' title='bbox 3430 4314 3821 4384; x_wconf 73' lang='grc' dir='ltr'><strong>ἀσπαζόμενον</strong></span> 
     </span>
    </p>
   </div>
   <div class='ocr_carea' id='block_1_98' title="bbox 2228 4405 3824 4480">
    <p class='ocr_par' dir='ltr' id='par_1_98' title="bbox 2228 4405 3824 4480">
     <span class='ocr_line' id='line_1_98' title="bbox 2228 4405 3824 4480; baseline 0.001 -22"><span class='ocrx_word' id='word_1_634' title='bbox 2228 4405 2577 4475; x_wconf 82' lang='grc' dir='ltr'><strong>τεθεαμένος,</strong></span> <span class='ocrx_word' id='word_1_635' title='bbox 2608 4406 2748 4475; x_wconf 78' lang='grc' dir='ltr'><strong>μετὰ</strong></span> <span class='ocrx_word' id='word_1_636' title='bbox 2775 4408 2949 4480; x_wconf 79' lang='grc' dir='ltr'><strong>χαρᾶς</strong></span> <span class='ocrx_word' id='word_1_637' title='bbox 2971 4409 3252 4478; x_wconf 85' lang='grc' dir='ltr'><strong>άφράστου</strong></span> <span class='ocrx_word' id='word_1_638' title='bbox 3302 4409 3396 4461; x_wconf 74' lang='grc' dir='ltr'><strong>καὶ</strong></span> <span class='ocrx_word' id='word_1_639' title='bbox 3436 4406 3824 4475; x_wconf 75' lang='grc' dir='ltr'><strong>ἀγαλλιάσεως</strong></span> 
     </span>
    </p>
   </div>
   <div class='ocr_carea' id='block_1_99' title="bbox 2151 4500 2965 4586">
    <p class='ocr_par' dir='ltr' id='par_1_99' title="bbox 2151 4500 2965 4586">
     <span class='ocr_line' id='line_1_99' title="bbox 2151 4500 2965 4586; baseline 0.006 -38"><span class='ocrx_word' id='word_1_640' title='bbox 2151 4528 2205 4586; x_wconf 75' lang='lat' dir='ltr'><strong><em>D</em></strong></span> <span class='ocrx_word' id='word_1_641' title='bbox 2234 4500 2575 4570; x_wconf 76' lang='grc' dir='ltr'><strong>ἐξεδήμησας</strong></span> <span class='ocrx_word' id='word_1_642' title='bbox 2615 4502 2754 4570; x_wconf 54' lang='grc' dir='ltr'><strong>πρδης</strong></span> <span class='ocrx_word' id='word_1_643' title='bbox 2780 4501 2965 4555; x_wconf 87' lang='grc' dir='ltr'><strong>αὐτόν.</strong></span> 
     </span>
    </p>
   </div>
   <div class='ocr_carea' id='block_1_100' title="bbox 2302 4591 3822 4664">
    <p class='ocr_par' dir='ltr' id='par_1_100' title="bbox 2302 4591 3822 4664">
     <span class='ocr_line' id='line_1_100' title="bbox 2302 4591 3822 4664; baseline -0.001 -18"><span class='ocrx_word' id='word_1_644' title='bbox 2302 4594 2495 4664; x_wconf 79' lang='grc' dir='ltr'><strong>Χαῖρε,</strong></span> <span class='ocrx_word' id='word_1_645' title='bbox 2524 4595 2719 4663; x_wconf 86' lang='grc' dir='ltr'><strong>Μάρκε</strong></span> <span class='ocrx_word' id='word_1_646' title='bbox 2742 4634 2756 4656; x_wconf 88' lang='grc'><strong>,</strong></span> <span class='ocrx_word' id='word_1_647' title='bbox 2781 4593 2820 4660; x_wconf 79' lang='grc' dir='ltr'><strong>ἠ</strong></span> <span class='ocrx_word' id='word_1_648' title='bbox 2844 4594 2950 4649; x_wconf 83' lang='grc' dir='ltr'><strong>τοῦ</strong></span> <span class='ocrx_word' id='word_1_649' title='bbox 2969 4594 3234 4663; x_wconf 73' lang='grc' dir='ltr'><strong>ἰ’ψηλοῦ</strong></span> <span class='ocrx_word' id='word_1_650' title='bbox 3258 4593 3500 4661; x_wconf 70' lang='grc' dir='ltr'><strong>ἐντολὴ,</strong></span> <span class='ocrx_word' id='word_1_651' title='bbox 3542 4591 3688 4647; x_wconf 83' lang='grc' dir='ltr'><strong>κατὰ</strong></span> <span class='ocrx_word' id='word_1_652' title='bbox 3719 4592 3822 4662; x_wconf 82' lang='grc' dir='ltr'><strong>τὴν</strong></span> 
     </span>
    </p>
   </div>
   <div class='ocr_carea' id='block_1_101' title="bbox 2233 4686 3822 4758">
    <p class='ocr_par' dir='ltr' id='par_1_101' title="bbox 2233 4686 3822 4758">
     <span class='ocr_line' id='line_1_101' title="bbox 2233 4686 3822 4758; baseline -0.001 -20"><span class='ocrx_word' id='word_1_653' title='bbox 2233 4687 2512 4756; x_wconf 84' lang='grc' dir='ltr'><strong>σημασίαν</strong></span> <span class='ocrx_word' id='word_1_654' title='bbox 2566 4686 2658 4739; x_wconf 72' lang='grc' dir='ltr'><strong>τοῦ</strong></span> <span class='ocrx_word' id='word_1_655' title='bbox 2712 4686 3015 4756; x_wconf 79' lang='grc' dir='ltr'><strong>ὀνόματοςο</strong></span> <span class='ocrx_word' id='word_1_656' title='bbox 3067 4690 3163 4740; x_wconf 83' lang='grc' dir='ltr'><strong>καί</strong></span> <span class='ocrx_word' id='word_1_657' title='bbox 3197 4686 3309 4758; x_wconf 89' lang='grc' dir='ltr'><strong>γάρ</strong></span> <span class='ocrx_word' id='word_1_658' title='bbox 3348 4686 3563 4757; x_wconf 81' lang='grc' dir='ltr'><strong>ἀληθῶς</strong></span> <span class='ocrx_word' id='word_1_659' title='bbox 3610 4686 3822 4755; x_wconf 79' lang='grc' dir='ltr'><strong>τρόπον</strong></span> 
     </span>
    </p>
   </div>
   <div class='ocr_carea' id='block_1_102' title="bbox 2231 4775 3818 4849">
    <p class='ocr_par' dir='ltr' id='par_1_102' title="bbox 2231 4775 3818 4849">
     <span class='ocr_line' id='line_1_102' title="bbox 2231 4775 3818 4849; baseline -0.003 -18"><span class='ocrx_word' id='word_1_660' title='bbox 2231 4778 2353 4831; x_wconf 83' lang='grc' dir='ltr'><strong>τινὰ</strong></span> <span class='ocrx_word' id='word_1_661' title='bbox 2403 4777 2498 4831; x_wconf 77' lang='grc' dir='ltr'><strong>τοῦ</strong></span> <span class='ocrx_word' id='word_1_662' title='bbox 2549 4778 2803 4846; x_wconf 73' lang='grc' dir='ltr'><strong>Ὑψίστου</strong></span> <span class='ocrx_word' id='word_1_663' title='bbox 2839 4779 3068 4848; x_wconf 84' lang='grc' dir='ltr'><strong>γέγονας</strong></span> <span class='ocrx_word' id='word_1_664' title='bbox 3120 4779 3331 4849; x_wconf 72' lang='grc' dir='ltr'><strong>ἐντολὴ.</strong></span> <span class='ocrx_word' id='word_1_665' title='bbox 3391 4775 3681 4832; x_wconf 82' lang='grc' dir='ltr'><strong>δικαιοῦσα</strong></span> <span class='ocrx_word' id='word_1_666' title='bbox 3720 4780 3818 4845; x_wconf 77' lang='grc' dir='ltr'><strong>μὲν</strong></span> 
     </span>
    </p>
   </div>
   <div class='ocr_carea' id='block_1_103' title="bbox 2232 4868 3819 4940">
    <p class='ocr_par' dir='ltr' id='par_1_103' title="bbox 2232 4868 3819 4940">
     <span class='ocr_line' id='line_1_103' title="bbox 2232 4868 3819 4940; baseline 0.002 -20"><span class='ocrx_word' id='word_1_667' title='bbox 2232 4868 2359 4930; x_wconf 76' lang='grc' dir='ltr'><strong>τοὺς</strong></span> <span class='ocrx_word' id='word_1_668' title='bbox 2393 4870 2716 4938; x_wconf 85' lang='grc' dir='ltr'><strong>ἑπομένους,</strong></span> <span class='ocrx_word' id='word_1_669' title='bbox 2745 4870 3152 4940; x_wconf 80' lang='grc' dir='ltr'><strong>κατακρίνουσα</strong></span> <span class='ocrx_word' id='word_1_670' title='bbox 3194 4869 3251 4922; x_wconf 79' lang='grc' dir='ltr'><strong>δὲ</strong></span> <span class='ocrx_word' id='word_1_671' title='bbox 3292 4870 3415 4932; x_wconf 74' lang='grc' dir='ltr'><strong>τοὺς</strong></span> <span class='ocrx_word' id='word_1_672' title='bbox 3446 4868 3819 4928; x_wconf 74' lang='grc' dir='ltr'><strong>ἀπειθοῦντας</strong></span> 
     </span>
    </p>
   </div>
   <div class='ocr_carea' id='block_1_104' title="bbox 2231 4959 3811 5033">
    <p class='ocr_par' dir='ltr' id='par_1_104' title="bbox 2231 4959 3811 5033">
     <span class='ocr_line' id='line_1_104' title="bbox 2231 4959 3811 5033; baseline -0.001 -22"><span class='ocrx_word' id='word_1_673' title='bbox 2231 4959 2309 5029; x_wconf 81' lang='grc' dir='ltr'><strong>τῷ</strong></span> <span class='ocrx_word' id='word_1_674' title='bbox 2344 4960 2657 5029; x_wconf 82' lang='grc' dir='ltr'><strong>Εὐαγγελίῳ</strong></span> <span class='ocrx_word' id='word_1_675' title='bbox 2710 4977 2825 5013; x_wconf 82' lang='grc' dir='ltr'><strong>σου’</strong></span> <span class='ocrx_word' id='word_1_676' title='bbox 2869 4966 3028 5032; x_wconf 84' lang='grc' dir='ltr'><strong>χαῖρε</strong></span> <span class='ocrx_word' id='word_1_677' title='bbox 3075 4964 3169 5016; x_wconf 74' lang='grc' dir='ltr'><strong>καὶ</strong></span> <span class='ocrx_word' id='word_1_678' title='bbox 3226 4962 3548 5033; x_wconf 78' lang='grc' dir='ltr'><strong>εὐφραίνου,</strong></span> <span class='ocrx_word' id='word_1_679' title='bbox 3580 4960 3811 5013; x_wconf 78' lang='grc' dir='ltr'><strong>καὶτῶν</strong></span> 
     </span>
    </p>
   </div>
   <div class='ocr_carea' id='block_1_105' title="bbox 2232 5054 3805 5125">
    <p class='ocr_par' dir='ltr' id='par_1_105' title="bbox 2232 5054 3805 5125">
     <span class='ocr_line' id='line_1_105' title="bbox 2232 5054 3805 5125; baseline 0.009 -23"><span class='ocrx_word' id='word_1_680' title='bbox 2232 5056 2597 5122; x_wconf 68' lang='grc' dir='ltr'><strong>μεμνημένων</strong></span> <span class='ocrx_word' id='word_1_681' title='bbox 2654 5071 2747 5106; x_wconf 91' lang='grc' dir='ltr'><strong>σου</strong></span> <span class='ocrx_word' id='word_1_682' title='bbox 2786 5054 3155 5123; x_wconf 87' lang='grc' dir='ltr'><strong>μεμνημένος,</strong></span> <span class='ocrx_word' id='word_1_683' title='bbox 3210 5057 3312 5125; x_wconf 80' lang='grc' dir='ltr'><strong>τῆς</strong></span> <span class='ocrx_word' id='word_1_684' title='bbox 3369 5055 3466 5125; x_wconf 77' lang='grc' dir='ltr'><strong>σῆς</strong></span> <span class='ocrx_word' id='word_1_685' title='bbox 3509 5054 3663 5121; x_wconf 69' lang='grc' dir='ltr'><strong>δόξης</strong></span> <span class='ocrx_word' id='word_1_686' title='bbox 3711 5056 3805 5103; x_wconf 68' lang='grc' dir='ltr'><strong>καί</strong></span> 
     </span>
    </p>
   </div>
   <div class='ocr_carea' id='block_1_106' title="bbox 2229 5144 3810 5217">
    <p class='ocr_par' dir='ltr' id='par_1_106' title="bbox 2229 5144 3810 5217">
     <span class='ocr_line' id='line_1_106' title="bbox 2229 5144 3810 5217; baseline 0.001 -23"><span class='ocrx_word' id='word_1_687' title='bbox 2229 5146 2472 5214; x_wconf 77' lang='grc' dir='ltr'><strong>χάριτος,</strong></span> <span class='ocrx_word' id='word_1_688' title='bbox 2504 5148 2602 5216; x_wconf 81' lang='grc' dir='ltr'><strong>τῆς</strong></span> <span class='ocrx_word' id='word_1_689' title='bbox 2633 5145 2730 5214; x_wconf 82' lang='grc' dir='ltr'><strong>σῆς</strong></span> <span class='ocrx_word' id='word_1_690' title='bbox 2774 5148 2832 5199; x_wconf 83' lang='grc' dir='ltr'><strong>ὲν</strong></span> <span class='ocrx_word' id='word_1_691' title='bbox 2878 5148 3127 5217; x_wconf 77' lang='grc' dir='ltr'><strong>οὐρανοῖς</strong></span> <span class='ocrx_word' id='word_1_692' title='bbox 3171 5146 3510 5217; x_wconf 84' lang='grc' dir='ltr'><strong>εὐφροσύνης</strong></span> <span class='ocrx_word' id='word_1_693' title='bbox 3557 5148 3647 5197; x_wconf 69' lang='grc' dir='ltr'><strong>καὶ</strong></span> <span class='ocrx_word' id='word_1_694' title='bbox 3672 5144 3810 5212; x_wconf 75' lang='grc' dir='ltr'><strong>λαμ-</strong></span> 
     </span>
    </p>
   </div>
   <div class='ocr_carea' id='block_1_107' title="bbox 2229 5236 3818 5309">
    <p class='ocr_par' dir='ltr' id='par_1_107' title="bbox 2229 5236 3818 5309">
     <span class='ocr_line' id='line_1_107' title="bbox 2229 5236 3818 5309; baseline 0.001 -21"><span class='ocrx_word' id='word_1_695' title='bbox 2229 5238 2502 5307; x_wconf 80' lang='grc' dir='ltr'><strong>πρότητος</strong></span> <span class='ocrx_word' id='word_1_696' title='bbox 2566 5238 2866 5309; x_wconf 80' lang='grc' dir='ltr'><strong>πρόσευξαι</strong></span> <span class='ocrx_word' id='word_1_697' title='bbox 2921 5242 3233 5309; x_wconf 80' lang='grc' dir='ltr'><strong>μετασχεῖν·</strong></span> <span class='ocrx_word' id='word_1_698' title='bbox 3274 5240 3333 5291; x_wconf 81' lang='grc' dir='ltr'><strong>ὲν</strong></span> <span class='ocrx_word' id='word_1_699' title='bbox 3368 5236 3593 5308; x_wconf 82' lang='grc' dir='ltr'><strong>Χριστῷ</strong></span> <span class='ocrx_word' id='word_1_700' title='bbox 3635 5236 3818 5305; x_wconf 66' lang='grc' dir='ltr'><strong>Ἰησοῦ</strong></span> 
     </span>
    </p>
   </div>
   <div class='ocr_carea' id='block_1_108' title="bbox 2226 5324 3819 5401">
    <p class='ocr_par' dir='ltr' id='par_1_108' title="bbox 2226 5324 3819 5401">
     <span class='ocr_line' id='line_1_108' title="bbox 2226 5324 3819 5401; baseline 0.002 -20"><span class='ocrx_word' id='word_1_701' title='bbox 2226 5328 2303 5398; x_wconf 82' lang='grc' dir='ltr'><strong>τῷ</strong></span> <span class='ocrx_word' id='word_1_702' title='bbox 2335 5330 2522 5399; x_wconf 79' lang='grc' dir='ltr'><strong>Κυρίῳ</strong></span> <span class='ocrx_word' id='word_1_703' title='bbox 2551 5329 2725 5399; x_wconf 72' lang='grc' dir='ltr'><strong>ἡμῶν,</strong></span> <span class='ocrx_word' id='word_1_704' title='bbox 2753 5324 2796 5397; x_wconf 77' lang='grc' dir='ltr'><strong>ᾧ</strong></span> <span class='ocrx_word' id='word_1_705' title='bbox 2825 5332 2858 5399; x_wconf 80' lang='grc' dir='ltr'><strong>η</strong></span> <span class='ocrx_word' id='word_1_706' title='bbox 2887 5329 3033 5396; x_wconf 78' lang='grc' dir='ltr'><strong>δόξα,</strong></span> <span class='ocrx_word' id='word_1_707' title='bbox 3062 5332 3196 5400; x_wconf 81' lang='grc' dir='ltr'><strong>τιμὴ</strong></span> <span class='ocrx_word' id='word_1_708' title='bbox 3218 5332 3311 5383; x_wconf 76' lang='grc' dir='ltr'><strong>καὶ</strong></span> <span class='ocrx_word' id='word_1_709' title='bbox 3334 5331 3535 5401; x_wconf 85' lang='grc' dir='ltr'><strong>κράτος</strong></span> <span class='ocrx_word' id='word_1_710' title='bbox 3566 5330 3819 5386; x_wconf 71' lang='grc' dir='ltr'><strong>αἰώνιον.</strong></span> 
     </span>
    </p>
   </div>
   <div class='ocr_carea' id='block_1_109' title="bbox 2242 5421 2433 5491">
    <p class='ocr_par' dir='ltr' id='par_1_109' title="bbox 2242 5421 2433 5491">
     <span class='ocr_line' id='line_1_109' title="bbox 2242 5421 2433 5491; baseline 0.021 -21"><span class='ocrx_word' id='word_1_711' title='bbox 2242 5421 2433 5491; x_wconf 74' lang='grc' dir='ltr'><strong>’Λμῄν.</strong></span> 
     </span>
    </p>
   </div>
  </div>
