4134 6306
505 418 608 481 427

1709 415 2005 478 NICET/E
2042 413 2237 475 ΡΑΡΠ
2249 413 2493 477 LAGON
2503 415 2573 476 ts

3657 412 3756 480 428

505 525 728 597 ignique
760 538 824 580 ac
845 522 990 580 ferro
1019 533 1212 580 natura
1283 524 1600 589 obnoxiam,
1634 525 1933 596 quomodo,
1974 523 2064 596 Vin<

2177 523 2295 589 πῶς
2313 525 2503 580 τοῦτον
2531 526 2686 591 Θεὸν,
2718 520 2762 581 ὦ
2793 511 3007 600 ἄνδρες,
3039 527 3098 602 ού
3133 525 3394 598 φρίσσετε
3424 524 3639 594 καλεῖν,
3661 526 3753 581 θυ-

505 633 691 688 quam.
718 631 848 673 eam
870 615 1038 673 Deum
1075 633 1289 685 vocare,
1329 633 1362 674 ο
1393 618 1516 681 viri,
1561 631 1667 672 non
1700 618 2079 689 perhorresci-

505 711 621 778 tis;
662 725 763 766 nec
819 725 916 767 vos
955 710 1122 782 pudet
1157 711 1394 768 victimis
1451 727 1518 766 ac
1572 711 1882 767 libamentis
1925 713 2077 769 omni

501 802 818 858 destitutam
850 817 1015 858 sensu
1045 812 1298 859 naturam
1322 838 1328 843 -
1351 803 1646 859 venerari?
1676 803 1802 860 ilaic
1829 804 1974 860 enim
2029 806 2077 861 si

498 892 647 949 Deus
680 884 786 958 εει,
818 895 923 950 erit
953 895 1202 966 profecto
1225 905 1277 950 et
1307 897 1482 951 saltus
1511 896 1694 951 omnis
1722 895 1863 952 Deus
1897 912 2068 952 :cun-

499 995 588 1042 cta
617 988 762 1042 enim
797 988 959 1043 unius
1031 997 1236 1044 natnrm
1265 997 1432 1052 sunt,
1487 990 1728 1044 arbores
1765 988 1972 1045 scilicet
2013 1005 2080 1047 ac

499 1079 668 1149 ligna.
705 1078 861 1147 Quod
889 1080 934 1136 si
969 1081 1196 1137 arbores
1223 1083 1296 1138 dii
1326 1090 1476 1148 sunt,
1536 1082 1814 1151 quomodo
1862 1082 2073 1139 securi-

498 1172 603 1226 bus
633 1173 948 1249 excidentes
982 1173 1202 1244 ignique
1233 1174 1490 1244 pabulum
1519 1174 1898 1243 subjicientes,
1959 1191 2075 1230 non

501 1261 818 1331 impietatis,
859 1273 1004 1318 etut
1059 1265 1149 1318 Dei
1207 1264 1508 1320 adversarii
1568 1265 1825 1330 audiatis,
1893 1263 2067 1322 aleam

498 1356 694 1410 subitis
721 1355 742 1410 ?
775 1355 879 1412 lies
941 1357 1184 1412 stultitiae.
1209 1357 1391 1429 plena,
1432 1357 1638 1428 profusi
1663 1359 1925 1429 stuporis,
1958 1358 2078 1414 exi-

499 1463 618 1518 guae
648 1447 936 1520 fragilique
962 1449 1144 1505 arbori
1182 1465 1246 1506 ac
1299 1467 1524 1522 prorsus
1585 1452 1760 1507 inutili
1799 1452 2078 1510 attendere

499 1541 769 1602 animum,
800 1549 854 1595 et
885 1548 942 1594 ut
1002 1541 1109 1596 Deo
1133 1527 1341 1597 cultum
1384 1542 1457 1596 illi
1505 1543 1784 1599 adhibere.
1838 1544 1893 1600 Si
1929 1545 2074 1600 enim

498 1633 592 1702 qui
623 1633 821 1688 caelum
851 1633 1051 1704 ipsum,
1079 1635 1364 1705 solemque
1397 1645 1448 1690 et
1490 1636 1672 1690 lunam
1697 1652 1762 1691 ac
1793 1638 2074 1692 stellarum

497 1724 762 1794 quasdam
793 1739 888 1780 seu
933 1725 1176 1781 siderum
1223 1727 1423 1781 deit'ate
1477 1727 1791 1795 donarunt,
1843 1729 2078 1800 reliqua-

496 1831 604 1885 que
627 1815 897 1870 elementa
926 1831 991 1872 ac
1040 1816 1222 1886 ignem
1270 1816 1446 1887 ipsum
1490 1829 1835 1883 venerantes,
1867 1819 2074 1890 justam

2186 619 2332 682 σίαις
2369 636 2427 672 τε
2467 619 2563 673 καὶ
2611 621 2865 684 σπονδαῖς
2921 621 3021 690 τὴν
3068 619 3396 692 ἀναίσθητον
3441 618 3605 690 φύσιν
3656 620 3756 674 οὐκ

2184 707 2506 780 αἰσχύνεσθε
2533 711 2743 782 τιμᾷνς
2779 711 2838 762 Et
2875 708 2985 781 γὰρ
3017 709 3148 774 Θεὸς
3172 709 3352 774 τοῦτο,
3378 709 3474 764 καὶ
3507 710 3615 764 πᾶν
3646 709 3754 780 ἄρα

2183 801 2343 866 ἄλσος
2378 801 2510 866 Θεὸς
2539 802 2604 856 ἂν
2637 803 2721 874 είη
2747 819 2761 834 ο
2825 805 3003 857 πάντα
3031 804 3140 876 γάρ
3184 805 3302 857 ἐστι
3347 803 3562 873 φύσεως
3597 804 3754 875 μσς

2184 893 2318 960 ξύλα
2345 893 2456 966 γάρ
2482 910 2497 926 ’
2539 896 2586 948 εί
2606 895 2664 948 δὲ
2703 894 2771 948 τὰ
2824 894 2954 960 ξύλα
2977 894 3113 960 θεοὶ,
3143 895 3260 961 πῶς
3287 894 3464 949 ταῦτα
3491 897 3612 958 ταῖς
3635 894 3754 962 ἀξία

2185 1004 2303 1050 ναις
2333 987 2716 1053 ἐκκόπτοντες,
2756 988 2846 1041 καὶ
2862 988 3089 1061 τῷπυρὶ
3113 988 3320 1060 τροφὴν
3342 987 3753 1057 ὑποσάλλοντες,

2183 1076 2245 1131 ού
2275 1078 2616 1133 κινδυνεύετε
2652 1069 2982 1150 θεομαχείν;
3016 1078 3226 1148 Πολλῆς
3259 1079 3420 1134 τοῦτο
3451 1079 3617 1150 γέμει
3637 1077 3756 1132 ἀλο-

2181 1169 2331 1238 γίας,
2368 1168 2815 1242 ὑπερϐαλλούσης
2856 1169 3241 1240 ἀναισθησίας,
3277 1168 3471 1240 βραχεῖ
3501 1170 3592 1224 καὶ
3623 1168 3765 1224 duo?

2184 1261 2370 1334 ca'LOptp
2399 1262 2540 1334 ξύλῳ
2588 1263 2681 1316 καὶ
2710 1263 2955 1333 ἀνονήτῳ
2991 1262 3170 1317 πάντα
3193 1261 3548 1333 προσανέχειν
3578 1277 3637 1314 τε
3662 1262 3756 1316 καὶ

2181 1352 2470 1424 λατρεύειν
2502 1353 2576 1417 ὡς
2602 1351 2742 1423 Θεῷ.
2764 1353 2842 1406 Ei
2875 1352 2982 1423 γὰρ
3011 1352 3060 1406 oi
3086 1350 3179 1405 τὸν
3197 1351 3427 1423 οὐρανὸν
3450 1349 3635 1416 αὐτὸν,
3665 1351 3758 1406 καὶ

2183 1443 2462 1514 τδνῆλιον,
2503 1443 2735 1514 σελήνην
2795 1459 2855 1496 τε
2910 1442 3009 1495 καὶ
3046 1441 3298 1514 ἀστέρων
3328 1439 3481 1504 τινὰς
3507 1432 3756 1511 θεοποιη-

2184 1553 2396 1598 σαντες,
2427 1535 2494 1590 τά
2525 1552 2584 1588 τε
2600 1534 2764 1588 λοιπὰ
2796 1535 3059 1605 στοιχεῖα,
3099 1533 3194 1586 καὶ
3235 1530 3366 1586 αὐτὸ
3403 1529 3758 1601 σεδαζόμενοι

2181 1628 2241 1681 τὸ
2265 1625 2397 1698 πῦρ,
2447 1627 2658 1681 ἔνδικον
2691 1627 3029 1698 ἀπειλήφασι
3067 1629 3170 1698 τὴν
3209 1626 3404 1698 ὀργὴν,
3437 1607 3523 1678 δτι
3550 1624 3649 1694 οὐχ
3682 1621 3757 1689 ὡς

2181 1721 2316 1774 Θεὸν
2363 1717 2625 1786 ἐδόξασαν
2678 1719 2710 1790 ἢ
2769 1719 3176 1791 εὐχαρίστησαν
3210 1719 3302 1772 τὸν
3341 1716 3452 1770 τῶν
3504 1717 3755 1770 ἁπάντων

2183 1814 2523 1886 παραγωγέα
2550 1830 2612 1866 τε
2641 1813 2736 1867 καὶ
2797 1811 3050 1883 συνοχέα,
3083 1809 3220 1864 ἀλλὰ
3248 1811 3363 1873 τοῖς
3401 1807 3584 1862 αὐτῶν
3610 1807 3750 1876 λογι-

498 1908 636 1963 iram
677 1921 1019 1976 receperunt,
1075 1909 1222 1979 quod
1267 1925 1374 1964 non
1410 1909 1551 1964 sicut
1605 1908 1772 1966 Deum
1808 1913 2064 1982 gloriﬁca-

2182 1908 2342 1977 σμοῖς
2403 1906 2832 1978 ματαιωθέντες,
2885 1906 3226 1975 ἐλάτρευσαν
3278 1905 3347 1975 τῇ
3388 1901 3565 1956 κτίσει
3603 1898 3745 1969 παρὰ

496 2009 718 2067 verunt,
753 2011 849 2056 aut
910 2003 1116 2072 gratias
1175 2011 1426 2072 egerunt,
1477 2003 1597 2072 ejus
1641 2002 1792 2058 cultu
1841 2002 2064 2074 impcnsi

2181 1994 2271 2051 τδν
2300 1996 2562 2053 κτίσαντα
2587 2013 2604 2029 ο
2637 1995 2818 2068 πολλῷ
2854 1994 3055 2068 μᾶλλον
3094 1995 3274 2067 ὑμεῖς,
3324 1996 3374 2047 oi
3399 1992 3491 2048 τὸν
3518 1993 3613 2063 τῆς
3645 1989 3748 2043 κτί-

494 2091 590 2162 i‘jni
617 2093 800 2148 omnia
849 2094 1107 2165 produxit
1157 2104 1583 2166 conservatque,
1610 2095 1704 2152 sed
1738 2111 2064 2152 evanescen-

2181 2104 2322 2154 σεως
2373 2088 2504 2160 ὅλης
2557 2087 2863 2160 φυτουργὸν
2890 2085 3147 2156 ἀφέντες,
3179 2085 3275 2138 καὶ
3315 2083 3392 2154 τῷ
3427 2081 3750 2154 χαμαιζήλῳ

496 2191 580 2239 tes
609 2185 660 2238 in
707 2184 1131 2255 cogitationibus
1189 2186 1306 2242 suis
1348 2189 1390 2254 ',
1421 2188 1710 2244 coluerunt
1768 2199 2064 2246 creaturam

2177 2182 2353 2255 τούτῳ
2379 2181 2530 2254 φυτῷ
2564 2185 2624 2236 τὸ
2659 2181 2892 2254 φοὸερὸν
2919 2180 3090 2246 ὄνομα
3129 2178 3224 2232 τοῦ
3251 2179 3387 2232 Θεοῦ
3417 2176 3754 2246 καταεᾷευδόο

496 2276 674 2346 magis
699 2292 864 2349 quam
895 2277 1208 2336 Creatorem
1241 2296 1255 2346 ;
1290 2278 1449 2352 longe
1473 2297 1571 2338 vos
1600 2282 1795 2351 potiori
1830 2285 2064 2350 ratione,

2179 2294 2354 2346 μενοι,
2383 2277 2597 2332 δικαίαν
2622 2277 2707 2346 ἐφ’
2737 2276 2970 2339 ἑαυτοὺς
3010 2273 3200 2328 ελκετε
3241 2271 3334 2328 τοῦ
3381 2285 3752 2344 κατοφρονου-

495 2365 626 2418 dum
713 2380 781 2420 eo
859 2366 1087 2433 omisso,
1156 2370 1248 2437 qui
1281 2380 1541 2426 creatum
1573 2375 1753 2429 cunnis
1783 2382 1936 2429 sator
1965 2383 2064 2442 est,

2180 2375 2342 2447 μένον
2375 2374 2472 2444 τὴν
2502 2370 2756 2442 ἀπειλήν.

495 2456 689 2513 humili
736 2459 864 2515 huic
915 2459 1074 2530 stirpi
1131 2447 1470 2520 tremendum
1527 2466 1621 2524 Dei
1667 2483 1869 2526 nomen
1921 2468 2062 2526 falso
2120 2469 2414 2536 ascribitis,
2456 2469 2662 2540 justam
2719 2466 2774 2522 in
2839 2464 3222 2536 vosmetipsos,
3266 2461 3387 2534 ejus
3418 2461 3510 2532 qui
3573 2475 3602 2516 a
3655 2474 3754 2516 vo-

493 2555 581 2612 bis
639 2559 1047 2627 contemnitur,
1101 2561 1528 2634 indignationem
1564 2563 1800 2620 trahitis.
3433 2630 3438 2634 .

564 2647 656 2706 i0.
698 2669 718 2703 ι
770 2649 827 2708 Si
890 2652 1016 2722 quid
1057 2654 1223 2726 igitur
1261 2657 1394 2712 mihi
1423 2657 1664 2724 creditis,
1699 2657 1802 2714 viri
1833 2658 2001 2723 cives,
2032 2664 2064 2714 si

2257 2656 2308 2712 ι’.
2336 2675 2355 2711 ι
2376 2655 2445 2711 Ei
2473 2672 2526 2709 τι
2554 2650 2647 2709 οὖν
2673 2652 2800 2725 ἐμοὶ
2830 2648 3107 2713 πείθεσθε,
3139 2640 3186 2700 ὦ
3213 2643 3403 2717 ἄνδρες
3433 2643 3674 2709 πολῖται,
3702 2643 3760 2697 εἴ

492 2756 602 2812 qua
642 2742 800 2800 vobis
829 2758 960 2799 cura
993 2745 1190 2804 salutis
1215 2757 1320 2814 est,
1341 2749 1596 2805 arborem
1624 2750 1768 2807 hanc
1805 2753 2064 2808 succidite

2177 2769 2231 2807 τι
2261 2751 2414 2824 μέλει
2439 2749 2538 2820 τῆς
2566 2747 2774 2810 οἰκείας
2829 2742 3104 2814 σωτηρίας
3130 2743 3280 2812 ὑμῖν,
3324 2740 3386 2794 τὸ
3419 2739 3518 2811 μὲν
3537 2737 3757 2810 δένδρον

493 2842 550 2886 et
599 2833 654 2888 in
708 2833 889 2904 ignem
951 2836 1361 2909 mittite,gquod
1416 2841 1565 2896 nulla
1598 2840 1703 2896 alia
1736 2833 1856 2912 ejus
1914 2844 2064 2900 vobis

2173 2842 2332 2898 τοῦτο
2367 2839 2662 2912 ἐκκόψατε,
2693 2836 2789 2890 καὶ
2815 2836 2895 2900 είς
2954 2834 3067 2904 πῦρ
3101 2830 3347 2904 βάλλετε,
3385 2830 3469 2884 δτι
3516 2829 3639 2902 μηδ’
3672 2830 3755 2896 ei;

498 2924 707 2980 utilitas
739 2927 810 2980 sit
842 2925 952 2998 (6);
985 2913 1200 3000 ipsique
1228 2947 1413 2987 rerum
1445 2933 1697 2989 omnium
1730 2934 1906 2990 oculis
1938 2931 2064 2991 sub-

2172 2936 2302 2994 ἄλλο
2322 2928 2383 2990 ’τι
2441 2935 2542 3006 μὲν
2591 2929 2917 3005 χρησιμεύει
2965 2927 3128 2998 ὑμῖν·
3170 2926 3322 2980 αὐτοὶ
3350 2923 3410 2979 δὲ
3439 2925 3622 2979 πᾶσαν
3645 2922 3755 2976 τῶν

488 3018 766 3087 jectarum
819 3028 1072 3076 creatura
1137 3024 1400 3078 mentium
1467 3025 1703 3097 cogitatu
1773 3040 2064 3098 superata,

2171 3028 2462 3103 ὁρωμένων
2494 3026 2591 3098 τὴν
2627 3025 2805 3080 κτίσιν
2849 3024 2970 3086 ταῖς
3015 3019 3278 3082 διανοίαις
3311 3017 3748 3089 ὑπερϐαίνοντες,

491 3123 658 3180 quant
690 3123 908 3166 omnem
937 3114 1114 3168 nostri
1159 3129 1328 3170 causa
1363 3131 1473 3170 non
1520 3116 1684 3172 lateat
1708 3118 1932 3183 editam,
1972 3135 2064 3175 na-

2173 3123 2354 3177 πᾶσαν
2415 3119 2573 3193 ἡμῶν
2666 3116 2852 3170 ἕνεκεν
2921 3112 3296 3184 γεγενημένην
3359 3111 3599 3189 εἰδότες,
3661 3111 3756 3166 καὶ.

491 3209 722 3273 turaque
740 3200 1066 3259 deteriorem
1091 3220 1256 3276 quam
1279 3219 1377 3276 pro
1411 3207 1652 3263 hominis
1709 3208 2024 3278 praestantia
2051 3225 2064 3276 ;

2171 3215 2340 3287 χείρω
2393 3211 2489 3266 τοῦ
2537 3208 2825 3283 ἀνθρώπου
2870 3207 3012 3262 κατὰ
3065 3207 3230 3277 φύσιν
3278 3205 3465 3272 οὖσαν,
3494 3205 3630 3259 ἀλλὰ
3656 3205 3751 3258 καὶ

489 3293 586 3348 sed
618 3301 677 3349 et
711 3293 1058 3364 superiorum
1088 3295 1250 3352 nobis
1297 3298 1590 3364 mentium,
1640 3307 2064 3370 sanctarumque

2171 3309 2270 3379 την
2292 3305 2436 3377 ὑπὲρ
2469 3305 2616 3376 ἡμᾶς
2641 3302 2860 3374 ποίησιν
2890 3300 3000 3354 τῶν
3036 3299 3240 3372 νοερῶν
3269 3299 3363 3354 καὶ
3387 3297 3556 3368 ἁγίων
3579 3295 3748 3366 ἁφένο

489 3383 924 3441 substantiarum
974 3387 1183 3444 omissa
1224 3386 1581 3456 factura,tseu
1608 3391 1792 3463 potius
1815 3391 1883 3447 iis
1910 3390 2064 3463 quasi

2172 3418 2264 3465 τες
2288 3398 2516 3467 οὐσιῶν,
2562 3395 2778 3469 μᾶλλον·
2811 3393 2870 3449 δὲ
2915 3393 2985 3446 δι’
3033 3391 3217 3447 αὐτῶν
3250 3385 3744 3463 χειραγωγούμενοι

489 3469 655 3532 manu
690 3476 1040 3546 ducentibus,
1064 3482 1148 3537 ad
1178 3479 1321 3552 ejus,
1345 3483 1437 3554 qui
1465 3512 1468 3514 τ
1496 3496 1622 3540 vere
1651 3482 1796 3540 Deus
1823 3489 1924 3552 est,
1959 3499 2064 3540 no-

2173 3495 2309 3568 προς
2363 3489 2463 3562 τὴν
2513 3485 2719 3560 γνῶσιν
2775 3485 2870 3542 τοῦ
2901 3486 3074 3551 ὅντως
3115 3486 3268 3550 δντος
3294 3479 3750 3554 κατευθυνὼμεθα

490 3568 665 3625 titiam
692 3569 998 3642 dirigamur
1055 3591 1071 3628 :
1119 3574 1217 3645 qui
1267 3589 1465 3645 nempe
1517 3590 1734 3647 semper
1788 3577 1903 3647 ipse
1956 3587 2062 3644 est,

486 3674 814 3734 scmperque
868 3661 1209 3736 unigenitum
1263 3665 1497 3722 Verbum
1545 3667 1694 3723 velut
1741 3667 1826 3723 sol
1860 3668 2060 3734 lucem,

369 3755 374 3765 '
486 3765 555 3808 ex
589 3752 899 3811 substantia
927 3770 1054 3820 sua.
1082 3772 1147 3812 ac
1171 3747 1517 3828 splenderem
1547 3761 1698 3826 edit;
1741 3774 2064 3831 semperque

487 3845 782 3912 consitum,
830 3853 892 3901 ut
938 3845 1012 3901 ita
1049 3846 1279 3918 loquar,
1331 3863 1396 3904 ac
1439 3860 1729 3920 cognatum
1792 3849 2060 3920 Spiritum

485 3945 739 3992 sanctum
783 3952 850 3993 ex
889 3954 994 4011 suo
1021 3954 1118 3996 ore
1163 3932 1394 3998 indivise
1441 3941 1688 4013 profert.
1721 3937 1822 3998 Hic
1880 3942 2061 3999 Verbo

485 4042 590 4084 suo
622 4027 860 4087 ﬁrmavit
879 4033 1048 4089 caelos
1076 4032 1118 4100 ³,
1147 4034 1364 4104 vimque
1388 4049 1606 4091 omnem
1659 4031 1842 4091 rerum
1873 4035 1972 4091 abs
2001 4051 2062 4092 se

485 4121 830 4178 conditarum
855 4122 1060 4195 Spiritu
1091 4121 1299 4196 perlicit
1327 4135 1492 4199 atque
1523 4126 1776 4184 absolvit.
1819 4127 1918 4184 ilic
1947 4131 2058 4201 pri-

484 4227 638 4267 mum
664 4213 971 4283 hominem,
1019 4218 1087 4272 ad
1116 4217 1406 4289 imaginem
1440 4233 1596 4274 suam
1645 4229 1700 4278 et
1747 4220 2059 4277 similitudi-

485 4320 612 4360 nem
647 4304 973 4376 conditum,
1013 4319 1180 4381 atque
1221 4312 1276 4365 in
1331 4312 1584 4383 paradiso
1635 4317 1896 4385 positum,
1930 4328 2058 4370 cum

483 4397 727 4454 ntandati
779 4401 1215 4470 transgressione
1247 4405 1594 4474 ,εστι-ιιι)ιίοηί
1644 4407 1916 4476 mortique
1960 4406 2056 4460 ad-

485 4489 663 4546 dictus
691 4502 862 4558 esset,
919 4493 1301 4567 perditumque
1331 4511 1439 4552 non
1492 4512 1719 4568 prorsus
1763 4500 2056 4570 despexit,

482 4583 579 4636 sed
610 4586 822 4642 ratione
843 4584 1070 4660 legeque
1088 4603 1156 4644 ac
1188 4590 1468 4661 prophetis
1503 4593 1742 4663 primum
1773 4594 2055 4660 erudiens,

481 4680 665 4753 ipsum
729 4695 950 4750 quoque
1003 4679 1222 4739 demum
1295 4699 1396 4754 pro
1451 4685 1614 4742 nobis
1656 4685 1854 4753 Filium
1885 4687 2054 4753 dedit,

2169 3585 2306 3643 Θεοῦ
2323 3602 2337 3617 ·
2357 3586 2416 3649 ὃς
2443 3584 2601 3657 μόνος
2624 3580 2699 3635 ὢν
2715 3579 2826 3647 ἀεὶ,
2851 3577 2947 3633 καὶ
2966 3577 3053 3634 ἀεὶ
3075 3576 3166 3630 τὸν
3194 3575 3460 3648 μονογενῆ
3488 3573 3660 3645 Λόγον
3687 3575 3754 3628 ἐκ

2168 3677 2268 3751 τῆς
2299 3678 2434 3740 ἰδίας
2467 3675 2652 3740 οὐσίας
2682 3671 3041 3741 ἀπαυγάζων.
3063 3670 3250 3743 ὥσπερ
3289 3671 3318 3723 ὀ
3347 3671 3494 3742 ἥλιος
3527 3671 3590 3722 τὸ
3612 3667 3754 3737 φῶς,

2169 3773 2266 3826 καὶ
2292 3771 2381 3826 ἀεὶ
2407 3755 2631 3840 Πνεῦμα
2670 3766 2828 3836 ἅγιον
2889 3764 3192 3834 σύμφυτον,
3244 3761 3340 3816 τοῦ
3390 3760 3591 3816 οἰκείου
3630 3759 3752 3814 στό-

2171 3880 2343 3936 ματος
2371 3862 2690 3934 ἀμερίστως
2743 3858 3090 3932 προϊέμενος.
3135 3849 3304 3917 Οὗτος
3354 3852 3432 3924 τῷ
3456 3853 3616 3923 Λόγῳ
3645 3853 3751 3923 μὲν

2168 3954 2335 4010 αὑτοῦ
2373 3952 2709 4027 ἐστερέωσεν
2738 3954 2864 4015 τοὺς
2895 3947 3177 4020 οὐρανοὺς,
3218 3944 3295 4016 τῷ
3346 3943 3624 4013 Πνεύματι
3683 3941 3745 3997 δὲ

2169 4051 2349 4104 πᾶσαν
2375 4048 2474 4118 τὴν
2501 4045 2733 4118 δύναμιν
2758 4043 2866 4097 τῶν
2889 4040 2978 4093 ὐπ’
3004 4036 3167 4092 αὐτοῦ
3191 4035 3524 4106 κτιζομένων
3543 4048 3747 4107 καταρ-

2166 4139 2396 4206 τίζεται.
2432 4131 2601 4202 υῦτος
2652 4135 2746 4190 τὸν
2795 4133 3077 4202 ἄνθρωπον
3146 4127 3364 4200 πρῶτον
3405 4127 3525 4182 κατ’
3558 4125 3750 4181 εἰκόνα

2171 4234 2307 4290 ίδίαν
2337 4233 2572 4303 ποιήσας
2622 4229 2718 4286 καὶ
2770 4226 3051 4300 ὁμοίωσιν,
3082 4223 3177 4278 καὶ
3213 4225 3272 4277 ὲν
3310 4220 3389 4294 τῷ
3433 4221 3748 4292 παραδείσῳ

2165 4324 2450 4390 τεθεικὼς,
2489 4324 2584 4378 καὶ
2607 4321 2828 4392 ἐντολὴν
2853 4318 3124 4382 δεδωκὼς,
3164 4315 3356 4385 ἐπειδὴ
3387 4315 3456 4386 τῇ
3487 4311 3751 4385 παρασάο

2167 4437 2252 4475 σει
2279 4418 2379 4488 τῆς
2412 4417 2635 4489 ἐντολῆς
2670 4412 2880 4485 φθορὰν
2928 4409 3326 4481 κατακέκριται
3364 4407 3460 4461 καὶ
3490 4405 3745 4471 θάνατον,

2164 4512 2266 4566 ούκ
2324 4513 2404 4575 είς
2453 4496 2605 4572 τέλος
2647 4506 2810 4561 αὐτὸν
2858 4503 3146 4574 ὑπερεῖδεν
3191 4502 3580 4572 ἀπολλύμενον,
3608 4497 3752 4554 ἀλλὰ

2165 4605 2306 4674 λόγῳ
2336 4603 2432 4656 καὶ
2471 4603 2622 4672 νόμῳ
2666 4599 2763 4655 καὶ
2825 4598 3134 4670 προφήταις
3187 4589 3747 4667 προπαιδαγωγήσας,

2165 4694 2388 4766 ὕστερον
2417 4691 2517 4748 καὶ
2573 4691 2736 4745 αὑτὸν
2777 4690 2979 4744 ἔδωκεν
3021 4688 3115 4742 τὸν
3146 4687 3277 4740 Υἱὸν
3304 4685 3446 4757 ὑπὲρ
3473 4684 3652 4756 ἡμῶν,
3683 4681 3750 4750 ἐξ

480 4771 658 4842 puella
685 4773 913 4844 innupta
935 4779 1144 4841 natum,
1174 4775 1372 4830 factum
1396 4776 1695 4844 hominem,
1715 4779 1873 4847 aquis
1895 4779 2062 4835 intin-

2171 4785 2548 4856 ἀπειρογάμου
2591 4784 2760 4854 κόρης
2815 4779 3198 4862 γεννώμενον,
3247 4775 3748 4850 ἀνθρωπιζόμενον.

480 4873 654 4927 ctum.
715 4874 1012 4931 tentatum,
1070 4869 1220 4923 cruci
1268 4865 1510 4934 aiiixum,
1548 4871 1842 4942 sepultum,
1898 4872 2055 4927 tertia

482 4959 808 5014 suscitatum
833 4960 942 5026 die,
965 4969 1130 5031 atque
1156 4961 1211 5016 in
1234 4962 1406 5018 cmlos
1434 4972 1776 5034 assumptum
1805 4982 1820 5020 :
1851 4966 2056 5036 quippe

479 5049 578 5120 qui
621 5049 754 5106 inde
787 5066 983 5107 rursus
1009 5062 1270 5110 venturus
1295 5064 1663 5124 exspectetur,
1693 5072 1757 5112 ac
1786 5057 2055 5128 quidquid

478 5139 774 5198 formatum
826 5153 910 5200 est
956 5146 1287 5214 (humanum
1353 5147 1564 5205 scilicet
1611 5145 1786 5219 genus
1851 5148 2048 5220 omne)

476 5249 581 5290 suo
605 5235 1285 5305 tribunaliadhibiturus,
1339 5240 1634 5312 unicuique
1671 5242 1906 5313 denique
1953 5259 2054 5314 pro

475 5341 544 5381 co
589 5343 656 5384 ac
709 5329 964 5399 gesserit,
997 5329 1328 5387 redditurus.
1387 5329 1544 5388 llunc
1597 5347 1718 5397 vos,
1753 5335 1937 5404 amici,
1993 5347 2052 5392 ut

477 5419 649 5476 Deum
679 5421 1016 5490 agnoscatis,
1050 5423 1340 5478 admoneo.
1366 5410 1503 5480 lluic
1532 5435 1591 5480 ut
1636 5425 1840 5482 cultum
1889 5429 2049 5483 adhi-

478 5508 674 5574 beatis,
706 5525 946 5582 curaque
971 5511 1306 5580 spiritalibus
1337 5512 1532 5570 hostiis
1565 5517 1782 5585 placare
1826 5519 2050 5576 studea-

547 5645 568 5674 ⁸
602 5640 761 5698 Rom.
793 5659 830 5711 ι,
858 5643 949 5700 2t.
1019 5646 1049 5678 "
1078 5645 1225 5702 Psal.
1255 5662 1426 5716 run,
1460 5650 1512 5708 6.

549 5804 630 5872 (6)
663 5801 860 5877 Debuit
932 5803 1049 5877 haec
1095 5807 1241 5862 lotus
1279 5805 1451 5864 fuisse
1508 5808 1776 5870 fructibus
1820 5810 2103 5877 destituta,

477 5873 620 5931 idem
651 5872 854 5931 clarius
885 5876 1206 5946 exprimitur
1232 5893 1382 5933 num.
1415 5877 1505 5933 ιϐ.

2163 4877 2588 4951 βαπτιζόμενον,
2619 4875 3038 4946 πειραζόμενος),
3079 4858 3506 4942 σταυρούμενον,
3541 4868 3758 4924 θαπτόι

2163 4986 2347 5040 μενον,
2369 4969 2672 5040 τριήμερον
2721 4966 3108 5036 ἀνιστάμενον,
3141 4963 3279 5033 πρὸς
3301 4963 3575 5032 ὀὐρανοὺς
3606 4963 3748 5018 ἀνα.-

2157 5059 2596 5131 λαμόανόμενον,
2649 5057 2742 5112 καὶ¹
2768 5056 2922 5120 αὖθις
2956 5054 3164 5108 ἐκεῖθεν
3197 5053 3348 5124 ἦξειν
3381 5051 3749 5124 προσδεχόμεο

2159 5171 2271 5216 νον,
2297 5152 2392 5206 καὶ
2421 5150 2645 5221 σύμπαν
2678 5148 2740 5202 τὸ
2769 5147 2997 5218 πλάσμα
3030 5144 3403 5214 παραστήσειν
3431 5142 3625 5212 ἑαυτῷ,
3649 5141 3750 5196 καὶ

2158 5242 2452 5298 ἀποδοῦναι
2485 5241 2702 5311 ἑκάστῳ
2753 5237 2896 5294 κατὰ
2949 5237 3048 5308 τὴν
3094 5235 3294 5306 πρᾶξιν
3325 5233 3512 5288 αὐτοῦ.
3541 5231 3748 5288 Τοῦτον

2162 5337 2331 5407 ὑμᾶς,
2356 5329 2400 5388 ὧ
2429 5333 2596 5404 φίλοι,
2625 5332 2761 5385 Θεὸν
2793 5330 2996 5384 εἰδέναι
3053 5326 3352 5399 παλρεγγυώ
3375 5343 3390 5356 ·
3440 5324 3628 5379 τοῦτον
3656 5323 3751 5378 σέ-

2161 5425 2388 5491 ϐεσθαι,
2442 5415 2910 5486 τοῦτονθυσίαις
3004 5419 3405 5489 πνευματικαῖς
3469 5415 3746 5470 ίλεοῦσθαι

2161 5517 2429 5593 παραινῶ,
2453 5517 2544 5573 τὸν
2573 5518 2632 5573 ἐν
2663 5515 2842 5589 [largi
2875 5515 2972 5570 καὶ
2997 5511 3136 5585 rus,
3159 5511 3256 5566 καὶ
3284 5511 3428 5581 ἁγίῳ
3458 5509 3745 5582 Πνεύματι

2159 5828 2284 5869 cum
2331 5828 2440 5871 non
2495 5815 2602 5873 nisi
2652 5818 2720 5874 ad
2777 5815 3218 5873 comburendum
3289 5811 3442 5870 utilis
3501 5811 3740 5868 dicatur.
