4134 6306
467 371 563 435 431
1662 370 1888 430 NICET
1915 373 1956 430 Ε
1997 368 2522 428 PAPHLAGONIS

3607 364 3715 428 432

460 481 766 541 tollentem.
808 492 1012 549 eosque
1067 480 1160 549 qui
1201 476 1678 535 immedicabiliter
1715 480 1806 533 illo
1851 478 2030 532 affecti

2134 478 2226 529 καὶ
2260 477 2390 546 μίαν
2429 474 2600 528 πλείω
2656 475 3029 545 κατορθούσης
3088 475 3183 529 καὶ
3219 473 3356 546 ὁμοῦ
3407 476 3466 529 τό
3521 495 3581 530 τε
3615 479 3714 544 τῆς

454 580 631 637 erant,
669 568 1114 634 confundentem,
1169 585 1270 625 nec
1306 585 1415 625 non
1469 570 1676 640 plures,
1709 570 1913 643 quibus
1943 584 2032 624 cr-

457 677 550 716 ror
588 676 691 715 non
718 661 797 716 sic
825 661 932 715 alte
962 661 1281 729 inoleverat,
1313 663 1717 726 emendantem,
1738 661 1804 716 ad
1833 661 2031 716 verita-

454 766 588 816 tem,
639 754 856 818 ducem,
898 751 1118 824 Deoque
1163 770 1265 809 suo
1316 753 1542 825 gloriam
1593 753 1975 826 rependcntem
2017 772 2031 808 :

454 847 586 914 quin
617 859 671 899 et
711 847 908 899 horum
939 845 1162 900 demum
1212 846 1459 917 prmmio,
1522 848 1816 903 clarissimi
1868 849 2033 903 etiam

455 941 699 1009 martyrii
726 939 914 993 laurea
943 937 1320 994 decorantem.

527 1117 614 1170 15.
646 1115 750 1170 Ubi
803 1115 972 1186 igitur
1028 1116 1366 1181 sacerdotes,
1430 1116 1791 1171 constitutum
1850 1117 2033 1173 arbori

457 1212 790 1266 sacriﬁcium
841 1212 1132 1275 reddituri,
1166 1212 1538 1277 advenissent,
1576 1216 1928 1283 exeisamque
1971 1228 2034 1267 ac

457 1305 605 1357 humi
634 1303 962 1373 propudiose
983 1302 1176 1356 illismt
1202 1304 1635 1374 conspexissent,
1655 1306 1886 1373 primum
1913 1305 2035 1374 qui-

453 1399 579 1450 dem
617 1397 835 1450 attoniti
881 1395 1181 1460 haerebant,
1217 1396 1372 1466 longe
1406 1397 1649 1451 maxime
1686 1405 1932 1466 stupore,
1975 1405 2035 1450 ut

457 1505 555 1560 par
599 1499 704 1556 est,
753 1489 966 1557 perciti.
1000 1487 1092 1542 Sic
1147 1488 1290 1542 enim
1343 1497 1740 1559 comparatum,
1800 1497 1857 1542 ut
1887 1488 2032 1558 quod

455 1590 651 1648 praeter
703 1594 916 1633 omnem
974 1581 1439 1648 exspectationem
1513 1579 1736 1643 accidit,
1788 1581 2031 1634 animum

454 1681 675 1741 stupore
711 1671 910 1726 alliciat
938 1681 1104 1742 atque
1144 1673 1435 1741 percellat.
1480 1687 1544 1726 ac
1601 1671 1870 1740 siquidem
1904 1672 2034 1727 illud

453 1765 658 1820 bonum
709 1765 1003 1829 exstiterit,
1062 1766 1355 1820 hilaritath
1385 1765 1606 1835 impleat
1658 1781 1719 1819 ac
1751 1764 2029 1836 jucundis-

453 1859 593 1912 sime
624 1857 844 1921 habeat,
900 1857 984 1910 sin
1013 1873 1141 1912 vero
1188 1857 1414 1922 malum,
1444 1857 1705 1912 mtestitia
1755 1857 2032 1928 animique

451 1950 646 2004 dolore
696 1950 924 2019 repleat.
980 1950 1060 2003 Ae
1093 1949 1139 2004 si
1184 1949 1402 2020 quidem
1459 1965 1527 2004 eo
1557 1959 1782 2006 auctore
1835 1966 2034 2006 evene-

453 2042 548 2108 rit,
601 2042 692 2112 qni
728 2044 862 2096 nulli
901 2042 1018 2112 ipse
1041 2057 1197 2097 noxa:
1227 2042 1500 2098 obnoxius
1546 2043 1640 2108 sit,
1682 2043 1862 2099 dirum
1917 2059 2032 2100 me-

453 2136 562 2190 rito
612 2137 918 2191 cruciatum
972 2135 1160 2190 animo
1216 2135 1420 2202 infert,
1473 2136 1647 2191 donec
1702 2137 2030 2206 quibusdam

452 2243 578 2282 eum
611 2228 915 2282 rationibus
943 2225 1162 2282 deliniri
1216 2227 1530 2298 contigerit.
1582 2225 1806 2282 Detecto
1843 2235 2026 2282 autem

453 2329 701 2384 auctore,
759 2335 935 2389 eoque
965 2318 1440 2394 nosmobnoxio,
1502 2319 1767 2390 quidquid
1827 2319 2032 2377 doloris

453 2416 576 2463 erat
597 2409 877 2476 animique
896 2407 1174 2464 cruciatus
1192 2410 1480 2478 derepente
1512 2410 1564 2463 in
1594 2408 1730 2463 iram
1761 2407 2032 2464 furorem.-

2134 570 2353 639 ἀπάτης
2415 569 2646 638 ὕργανον
2707 567 3121 638 ἑξαναιρούσης,
3177 567 3437 632 καὶτοὺς
3479 569 3714 634 ἀνιάτως

2133 659 2306 732 τούτῳ
2357 661 2813 731 προσπάσχοντας
2845 660 3340 732 καταισχυνούσηςο
3385 661 3615 726 πολλοὺς
3658 663 3716 717 δὲ

2133 752 2472 824 διορθούσης,
2527 746 2610 816 οἷς
2670 754 2743 823 μὴ
2786 754 2927 806 κατὰ
2961 752 3124 823 βάθος
3161 755 3230 806 τά
3266 757 3364 824 τῆς
3401 754 3720 827 πλανήσεως

2135 844 2428 913 ἐντέτηκε·
2467 844 2604 915 πρὸς
2658 842 2756 915 τὴν
2797 843 3056 915 ἀλήθειαν
3106 844 3162 898 δὲ
3212 845 3578 916 ποδηγούσης,
3625 846 3720 902 καὶ

2136 937 2232 991 τὸν
2288 937 2487 992 οἰκεῖον
2528 937 2861 1006 δοξαζούσης
2918 937 3079 990 Θεὸν
3136 938 3227 991 ναὶ
3278 939 3384 1008 μὴν
3405 939 3492 992 διὰ
3519 938 3716 1008 ταῦτα,

2134 1031 2227 1082 καὶ
2257 1027 2630 1100 λαμπροτάτῳ
2654 1028 3160 1100 καταγλαῖζομένης
3193 1030 3500 1102 μαρτυρίῳ.

2210 1129 2299 1189 ιγ’.
2348 1123 2499 1175 Ἐπεὶ
2523 1123 2632 1193 γὰρ
2655 1116 2790 1191 ἧκον
2811 1123 2860 1174 οἱ
2890 1123 3057 1194 ίερεῖς
3096 1123 3193 1192 τὴν
3219 1127 3615 1198 νενομισμένην
3639 1128 3716 1199 τῷ

2133 1215 2339 1288 δένδρῳ
2363 1214 2553 1268 θυσίαν
2592 1214 2983 1279 ἀποδώσοντες,
3024 1217 3258 1269 ὲκκοπὲν
3291 1215 3348 1270 δὲ
3399 1217 3558 1272 τοῦτο
3620 1222 3718 1275 καὶ

2136 1308 2279 1361 κατὰ
2335 1311 2437 1378 γῆς
2492 1309 2705 1380 ἀτίμως
2757 1303 2899 1362 εἶδον
2937 1312 3309 1382 καταρραγὲν,
3356 1312 3574 1384 πρῶτον
3616 1315 3716 1385 μὲν

2132 1400 2487 1471 ἀπηνεοῡντο,
2519 1401 2718 1470 θάμϐει
2751 1401 2951 1473 πολλῷ,
2977 1403 3119 1456 κατὰ
3141 1403 3202 1457 τὸ
3247 1403 3416 1472 εἰκὸς,
3457 1408 3718 1478 περιεχό-

2138 1507 2333 1562 μενοι·
2387 1488 2532 1545 οίδεν
2575 1491 2685 1565 γὰρ
2730 1494 2790 1546 τδ
2837 1495 2991 1566 παρά
3033 1496 3358 1564 προσδοκίαν
3407 1501 3717 1568 συμπῖπτον

2135 1583 2467 1654 ἐκπλήσσειν
2485 1585 2585 1654 τὴν
2613 1585 2814 1656 ψυχὴν,
2851 1587 2943 1639 καὶ
2982 1587 3187 1654 ἀγαθὸν
3242 1587 3340 1658 μὲν
3384 1587 3572 1658 ὀφθὲν,
3605 1591 3719 1646 ἱλα-

2138 1674 2365 1744 ρότητος
2386 1677 2481 1730 καὶ
2507 1675 2773 1746 εὐθυμίας
2830 1678 3222 1750 ἀναπιμπλᾷν,
3272 1680 3442 1735 κακὸν
3478 1682 3558 1747 δὲ,
3588 1700 3715 1737 σκυ-

2136 1766 2487 1835 θρωπότητος
2541 1767 2636 1820 καὶ
2671 1768 2973 1839 δυσθυμίας
2994 1785 3006 1798 ·
3037 1771 3132 1822 καὶ
3173 1771 3220 1823 εί
3274 1772 3371 1842 μὲν
3399 1772 3457 1838 ἐξ
3484 1773 3711 1827 ἀνευθύ-

2064 1841 2106 1901 Β
2139 1873 2228 1909 νου
2257 1855 2415 1910 τοῦτο
2450 1856 2795 1930 συμϐέϐηκεν
2825 1860 3024 1922 αἰτίας,
3053 1860 3252 1932 δεινὴν,
3280 1841 3426 1916 κατά
3449 1863 3508 1916 τὸ
3538 1864 3702 1930 εἰκὸς,

2139 1947 2469 2017 ὲνσκήπτειν
2496 1952 2560 2020 τῇ
2608 1949 2752 2021 ψυχῇ
2780 1949 2877 2021 τὴν
2902 1949 3119 2021 ὀδύνην,
3164 1950 3324 2024 ἄχρις
3353 1951 3418 2006 ἂν
3450 1954 3712 2019 ἐπινοίαις

2137 2040 2252 2093 τισὶ
2299 2042 2694 2116 παρηγορηθῇο
2749 2043 3084 2113 περιφανοῦς
3130 2043 3186 2097 δὲ
3249 2044 3347 2098 τοῦ
3393 2047 3568 2100 αίτίου
3618 2047 3712 2102 καὶ

2138 2133 2444 2187 ὑπευθύνου
2496 2134 2862 2200 καθεστῶτος,
2895 2137 2976 2198 είς
3020 2136 3190 2208 ὀργὴν
3231 2138 3493 2209 ἐξαπίνης
3521 2139 3588 2192 τὰ
3613 2139 3712 2210 τῆς

2135 2226 2314 2297 λύπης
2373 2226 2827 2297 μετεσκεύασται,
2875 2229 2937 2282 οὐ
2993 2231 3260 2305 πρότερον
3301 2231 3543 2284 ἀνιεῖσαν
3584 2231 3711 2295 τοὺς

2135 2319 2546 2390 ὀργιζομένους,
2601 2319 2786 2391 πρὶνῆ
2819 2320 2899 2391 τῷ
2947 2319 3279 2391 λελυπηκότι
3310 2322 3406 2394 τὴν
3434 2324 3532 2393 τῆς
3563 2322 3712 2375 ἀντις

2136 2410 2418 2482 λυπήσεως
2459 2411 2616 2479 ἀξίαν
2641 2412 2990 2481 ἀντεπάγωσι
3015 2415 3227 2482 ποινήν.

454 2518 562 2573 que
591 2503 811 2564 transit,
841 2516 947 2555 non
981 2503 1132 2572 prius
1155 2500 1358 2556 liberos
1388 2502 1573 2556 sinens
1602 2515 1742 2570 quos
1773 2501 2080 2568 incesserit,
2140 2504 2273 2573 quin
2347 2503 2424 2558 illi
2466 2504 2560 2574 qui
2605 2504 2864 2575 iniuriam
2904 2503 3052 2570 fecit,
3091 2511 3295 2574 quanta
3337 2519 3434 2576 pro
3452 2503 3709 2563 facinoris

455 2597 654 2654 merito
704 2596 986 2659 videatur,
1035 2595 1330 2650 vindictam
1393 2609 1720 2665 poenamque
1763 2594 2128 2663 rependerint.

527 2693 618 2748 M.
648 2689 764 2747 Hoc
792 2701 850 2746 et
870 2690 978 2746 illis
1001 2704 1125 2746 cum
1162 2689 1234 2746 ita
1266 2693 1563 2759 evenisset,
1614 2692 1852 2760 primum
1901 2692 2033 2762 qui-

453 2786 579 2841 dem
616 2785 746 2856 quis
777 2793 939 2838 tantm
977 2784 1057 2839 eis
1111 2783 1288 2840 cladis
1321 2795 1510 2840 auctor
1560 2785 1878 2848 exstitisset,
1909 2785 2031 2840 ani-

455 2879 563 2934 mis
590 2877 974 2948 exquirebant.
1014 2876 1156 2930 Tum
1193 2875 1458 2946 paulatim
1509 2876 1694 2930 animo
1729 2877 2032 2933 recolentes

453 2979 662 3040 quanta
697 2967 1036 3040 Hyacinthus
1085 2967 1340 3021 hortatus
1369 2976 1513 3021 esset
1548 2981 1612 3022 ac
1657 2967 2028 3036 increpasset;

456 3075 754 3129 secumque
782 3057 1110 3128 cogitantes,
1135 3057 1338 3110 nullius
1361 3057 1520 3126 plane
1549 3056 1776 3111 alterius
1809 3056 1862 3110 id
1891 3071 2032 3126 opus

455 3168 600 3216 esse,
623 3166 788 3222 quam
826 3151 950 3220 ejus
980 3151 1072 3219 qui
1100 3160 1154 3204 et
1185 3148 1492 3204 hostiarum
1536 3150 1939 3219 perceptionem
1975 3160 2035 3203 ut

457 3247 782 3302 sceleratam
827 3244 1260 3309 abominaretur,
1293 3252 1350 3297 et
1380 3243 1432 3298 in
1481 3257 1578 3297 eos
1628 3242 1722 3312 qui
1778 3241 2036 3296 offerrent

456 3339 622 3394 etiam
652 3345 816 3407 atque
847 3337 1009 3390 etiam
1067 3335 1432 3400 inveheretur,
1468 3335 1761 3405 verbisque
1794 3334 2034 3391 deterre—

2211 2693 2292 2748 ιδ’.
2320 2694 2490 2749 Τοῦτο
2521 2691 2765 2751 κάκεῖνοι
2793 2696 3077 2760 παθόντες,
3124 2696 3337 2769 πρῶτον
3373 2697 3471 2768 μὲν
3502 2698 3590 2756 τὸν
3621 2699 3710 2755 αἴ-

2133 2802 2250 2838 τιον
2299 2787 2482 2851 αὐτοῖς
2530 2788 2736 2856 ταύτης
2791 2788 3190 2842 ἀνεσκοποῦντο
3241 2789 3338 2859 τῆς
3388 2792 3709 2862 συμφορᾶςτ

2136 2877 2326 2931 ἔπειτα
2351 2879 2460 2932 τῶν
2506 2880 2793 2935 Ὑακίνθου
2847 2881 2988 2934 κατά
3042 2880 3238 2952 μικρὸν
3277 2881 3358 2945 είς
3406 2882 3710 2954 ἀνάμνησιν

2135 2970 2362 3040 ἥκοντες
2386 2972 2680 3026 νουθεσιῶν
2707 3015 2721 3040 ,
2774 2975 2868 3027 καὶ
2901 2974 3358 3043 κατανενοηκότες
3391 2975 3466 3037 ὼς
3498 2975 3710 3041 οὐδενὸς

2134 3063 2201 3116 ἂν
2232 3061 2506 3134 εἴηπάλλου
2557 3064 2619 3117 τὸ
2663 3064 2845 3137 ἔργον,
2883 3065 2915 3135 ἢ
2969 3065 3063 3119 τοῦ
3095 3065 3329 3119 καὶτῶν
3377 3067 3578 3122 θυσιῶν
3610 3069 3709 3138 τὴν

2137 3154 2441 3226 μετάληψιν
2468 3155 2542 3218 ὡς
2574 3156 2740 3226 ἐναγῆ
2780 3157 3210 3228 μυσαττομένου,
3242 3160 3335 3213 καὶ
3363 3159 3706 3223 θυσιάζουσιν

2136 3247 2561 3319 ἐπιτιμῶντοςῆ
2603 3249 3086 3320 προσωχθηκότος,
3130 3251 3339 3321 ὁρμῶσι
3392 3250 3493 3320 μὲν
3536 3249 3698 3319 ὁμόσε

2134 3341 2253 3395 κατ’
2276 3340 2439 3394 αὑτοῦ
2473 3342 2672 3407 πάντες
2689 3359 2701 3373 ·
2734 3343 2877 3396 συῶν
2903 3343 2960 3396 δὲ
2989 3345 3190 3413 τρόπον
3214 3344 3336 3406 τοὺς
3363 3343 3576 3406 ὀδόντας
3601 3342 3695 3412 θή-

456 3438 580 3494 ret;
616 3442 728 3481 uno
773 3440 970 3481 omnes
1011 3425 1066 3479 in
1110 3440 1238 3478 eum
1286 3425 1503 3479 irruunt
1554 3424 1801 3494 impetu;
1844 3440 2033 3479 suum-

2137 3450 2347 3504 γοντες,
2377 3434 2473 3488 καὶ
2498 3435 2607 3487 πᾶν
2639 3435 2799 3503 μέλος
2838 3435 2930 3490 τοῦ
2964 3436 3215 3506 σώματος
3248 3435 3447 3501 αὐτῶν,
3472 3434 3564 3488 καὶ
3594 3435 3700 3487 πᾶν

455 3535 566 3591 que
596 3534 748 3575 more
775 3519 966 3573 dentes
1019 3525 1241 3580 acuunt,
1284 3532 1346 3571 ac
1376 3518 1608 3587 quodvis
1653 3518 1868 3572 tandem
1914 3532 2036 3571 cor-

455 3610 608 3681 poris
631 3608 934 3665 membrutn
961 3647 976 3674 ,
1013 3607 1273 3676 quidquid
1300 3607 1535 3677 denique
1587 3607 1763 3663 cuivis
1793 3623 2036 3662 occurre-

460 3711 568 3766 ret,
629 3715 783 3758 arma
837 3701 1102 3758 adversus
1159 3697 1423 3752 Sanctum
1479 3697 1768 3766 arripiunt.
1817 3696 1862 3750 0
1896 3713 2033 3766 quo-

457 3794 623 3850 modo
654 3801 961 3861 opportune
984 3790 1391 3856 sanguinariam
1427 3789 1574 3843 iilam
1621 3789 2032 3858 impressionem

456 3885 838 3942 narraverint!
907 3882 1115 3952 Lingua
1172 3883 1519 3954 sacrilegum,
1582 3893 1892 3949 cruentum,
1932 3881 2034 3935 im-

456 3979 606 4048 pium
643 3977 813 4049 (quin
875 3977 1080 4044 potius,
1141 3975 1451 4046 deicidam)
1527 3975 1814 4030 maledicto
1863 3976 2036 4049 jacta-

459 4069 614 4130 hant.
652 4082 747 4125 ore
775 4065 1112 4136 despuehant
1142 4084 1156 4120 :
1194 4067 1456 4131 calcibus,
1493 4069 1686 4138 pugnis
1713 4069 2033 4133 insilientes,

458 4159 707 4217 crinibus
739 4158 1030 4216 trahebant
1065 4176 1077 4212 :
1113 4158 1266 4212 humi
1322 4158 1719 4225 distrahebant,
1767 4161 2033 4216 caedentes

459 4252 623 4328 lignis
642 4267 706 4306 ac
735 4251 1004 4322 lapidibus
1039 4269 1053 4310 ι
1093 4250 1280 4321 sicque
1313 4250 1635 4320 injuriarum
1666 4251 1812 4303 omni
1838 4265 2034 4319 genere

459 4355 622 4419 atque
655 4346 944 4404 verberum
970 4343 1246 4410 exsatiati,
1277 4342 1515 4397 civitatis
1547 4343 1762 4412 prtesidi
1799 4343 1876 4414 (9)
1908 4359 2032 4397 eum

459 4439 852 4495 adhibUerunt.

528 4533 617 4587 l5.
644 4530 1039 4599 Stabatitaque
1071 4526 1331 4592 Sanetus,
1361 4537 1531 4582 totum
1555 4536 1731 4581 mente
1753 4526 2033 4584 Christum

458 4619 703 4684 indutus,
741 4622 888 4675 omni
921 4621 972 4672 ir.
1006 4635 1130 4673 eum
1170 4619 1375 4673 intenta
1428 4620 1623 4674 mentis
1657 4618 1792 4671 acie.
1830 4618 1904 4671 Ex
1937 4619 2034 4670 ad-

455 4730 616 4770 verso
649 4730 777 4770 vero
803 4723 1010 4770 stantes
1040 4711 1140 4767 viri
1166 4712 1490 4782 sanguinum
1515 4727 1577 4765 ae
1602 4710 1796 4773 dolosi,
1823 4709 2031 4763 fortiter

456 4805 811 4860 accusabant.
852 4824 870 4855 ι
909 4803 1100 4865 Nobis,
1133 4801 1370 4866 aiebant,
1403 4815 1622 4871 praeses,
1655 4816 1761 4852 una
1797 4802 1866 4854 ob
1900 4816 2031 4853 oeu-

456 4898 539 4955 los
581 4897 777 4966 gratia,
817 4910 924 4950 una
973 4896 1113 4949 bona
1151 4893 1441 4962 faustaque
1486 4893 1835 4963 exspectatio,
1891 4892 2031 4948 Deus

457 4993 573 5062 ipse
619 4990 954 5057 conspicuus
987 5005 1048 5042 ac
1080 4987 1392 5056 spectabilis
1431 4998 1544 5038 erat
1572 5003 1586 5053 ;
1626 4985 1753 5047 alta,
1782 4985 2029 5052 pulchra,

458 5091 687 5137 venusta
740 5081 956 5147 lateque
1014 5095 1252 5148 expansa
1305 5077 1578 5132 frondium
1616 5092 1806 5131 coma:
1843 5090 2034 5144 nempe

455 5171 602 5226 foliis
637 5171 1018 5224 umbraculum
1072 5171 1322 5238 praebens
1352 5168 1626 5236 variisque
1657 5166 1933 5234 leporibus
1954 5167 2034 5219 ci-

451 5261 678 5315 vitatem
711 5270 954 5313 nostram
991 5274 1245 5314 recreans
1290 5257 1701 5324 oblectansque.
1740 5254 1812 5318 ls,
1849 5270 2028 5323 quan-

452 5367 618 5421 quam
645 5349 831 5402 arbori
865 5365 958 5416 per
1000 5349 1184 5402 omnia
1230 5347 1428 5404 similis
1460 5347 1894 5408 existimabatur,
1936 5347 2030 5400 ad-

453 5443 688 5497 mirabili
736 5451 914 5496 tamen
956 5441 1152 5495 decore
1177 5450 1230 5496 et
1275 5439 1464 5511 gratiis
1515 5440 1728 5495 eunetis
1764 5439 2028 5508 stirpibus

452 5536 729 5589 eminebat
755 5551 770 5596 ;
812 5532 904 5588 sed
934 5544 990 5588 et
1017 5533 1096 5587 vis
1127 5534 1376 5600 qtnedam
1404 5532 1591 5586 efIieax
1631 5548 1695 5586 ac
1735 5534 1923 5588 vivens
1951 5533 2026 5586 illi

2134 3526 2196 3580 τὸ
2222 3526 2535 3597 παρατυχὺν
2569 3527 2786 3598 ἑκάστῳ
2813 3527 2976 3582 ὅπλον
3008 3527 3148 3583 κατὰ
3180 3527 3275 3582 τοῦ
3311 3528 3493 3597 Ἀγίου
3528 3527 3707 3582 ποιού-

2138 3636 2288 3690 μενοι
2321 3619 2386 3690 (Eb
2410 3620 2529 3683 πῶς
2561 3618 2626 3673 ἂν
2649 3620 2876 3692 καιρίως
2890 3621 2988 3692 τὴν
3011 3622 3256 3692 φοινικῆν
3290 3623 3505 3692 ἐκείνην
3532 3619 3711 3674 ὲπίθεο

2138 3726 2222 3765 σιν
2256 3710 2635 3783 ὲξηγησαίμην
2657 3713 2719 3784 ς),
2737 3715 2800 3782 τῇ
2823 3712 3036 3785 γλώττῃ
3068 3713 3166 3784 μὲν
3195 3713 3386 3766 τοῦτον
3409 3714 3707 3784 ἱερόσυλον,

2141 3803 2442 3873 μιαιφόνον,
2477 3803 2654 3869 ἄθεον,
2685 3804 2884 3874 μᾶλλον
2915 3805 2970 3858 δὲ
3009 3805 3286 3858 θεοκτόνον
3317 3805 3704 3873 ἐλοιδοροῦντο,

2135 3893 2212 3961 τῷ
2239 3895 2466 3964 στόματι
2491 3895 2544 3948 δὲ
2575 3897 2878 3951 κατέπτυον
2904 3913 2917 3925 ·
2950 3896 3044 3949 καὶ
3096 3898 3207 3959 τοῖς
3244 3897 3372 3949 ποσὶ
3414 3895 3546 3964 λάξ,
3589 3901 3710 3961 ταῖς

2137 3989 2291 4058 χερσὶ
2312 3987 2366 4041 δὲ
2397 3988 2503 4052 πὺξ
2534 3989 2900 4059 ἐναλλόμενοι,
2932 3985 3108 4042 εἷλκον
3138 3989 3246 4041 τῶν
3279 3990 3502 4060 τριχῶν,
3539 3992 3711 4045 ἐσπά-

2137 4096 2338 4149 ρασσον
2365 4080 2503 4132 κατὰ
2539 4080 2663 4150 γῆς,
2705 4082 2818 4145 τοῖς
2866 4079 3044 4148 ξύλοις
3097 4079 3373 4146 παίοντες,
3402 4085 3512 4146 τοῖς
3543 4082 3711 4144 λίθοις

2137 4171 2446 4242 βάλλοντες,
2479 4173 2571 4226 καὶ
2609 4170 2752 4226 οὕτω
2776 4171 3135 4237 παντοδαπῶς
3161 4173 3322 4228 αὐτὸν
3346 4175 3708 4243 αἰκισάμενοι,

2135 4265 2211 4336 τῷ
2243 4266 2343 4336 τῆς
2374 4266 2579 4328 πόλεως
2615 4265 2843 4335 ἡγεμόνι
2874 4266 3310 4339 παρεστήσαντο.

2213 4522 2290 4578 ιε’.
2326 4524 2590 4595 Εἱστήκει
2617 4524 2674 4576 δὲ
2706 4525 2732 4574 6
2765 4523 3008 4593 Μάρτυς,
3041 4523 3160 4578 ὅλον
3192 4524 3393 4594 νοερῶς
3427 4523 3710 4592 ἐνδεδυμέ-

2136 4631 2226 4676 νος
2279 4614 2534 4684 Χριστὺν,
2593 4615 2720 4682 ὃλην
2769 4613 2904 4685 πρὸς
2939 4613 3103 4667 αὐτὸν
3157 4615 3455 4668 ἀνατείνων
3482 4613 3576 4667 τοῦ
3613 4612 3709 4666 νοῦ

2135 4707 2232 4775 τὴν
2265 4709 2438 4780 ῥοπήν
2469 4723 2481 4736 ·
2512 4705 2572 4771 ἐξ
2607 4707 2856 4770 ἐναντίας
2905 4706 2960 4759 δὲ
3009 4707 3200 4760 τούτου
3239 4707 3430 4776 ἄνδρες
3463 4707 3710 4776 αἱμάτων

2136 4799 2230 4851 καὶ
2295 4799 2598 4868 δολιότητος
2676 4798 2979 4866 ἱστάμενοι,
3039 4799 3269 4861 εὐτόνως
3342 4800 3705 4870 κατηγόρουν,

2142 4909 2159 4940 ι
2211 4890 2396 4958 Ἡμῖν,
2455 4890 2729 4956 λέγοντες.
2781 4883 2826 4941 ὦ
2878 4889 3102 4958 ἡγεμδν.
3149 4889 3246 4959 μία
3298 4891 3397 4958 μὲν
3449 4892 3606 4960 Χάρις
3655 4893 3710 4943 ἐν

2137 4980 2460 5049 ὀφθαλμοῖς,
2500 4983 2596 5049 μία
2646 4980 2702 5030 δὲ
2757 4979 3052 5048 προσδοκία
3085 4981 3261 5051 ἀγαθὴ
3295 4982 3321 5032 ὁ
3352 4982 3712 5051 περίϐλεπτος

2139 5074 2350 5140 ὑπῆρχε
2379 5073 2538 5132 Θεὸς·
2574 5073 2601 5121 6
2645 5069 2933 5136 ύψίκομος,
2986 5068 3014 5118 ὁ
3054 5068 3307 5139 εὔκομος,
3341 5074 3366 5124 6
3401 5073 3712 5142 πανώραιος

2139 5164 2233 5217 καὶ
2258 5163 2488 5230 εὐθαλὴς
2509 5179 2520 5191 ·
2549 5164 2575 5214 ὁ
2594 5163 2703 5221 τοῖς
2727 5159 2942 5228 φύλλοις
2961 5161 3182 5229 περισκέ
3193 5179 3325 5227 πων,
3350 5165 3442 5215 καὶ
3460 5165 3712 5232 ἀγλαΐαις

2138 5253 2409 5314 ποικίλαις
2427 5254 2521 5321 τὴν
2541 5249 2978 5321 ἡμετέρανξπόλιν
2999 5250 3342 5318 ψυχαγωγῶν
3364 5254 3455 5304 καὶ
3479 5254 3714 5308 ἀνακτώ-

2140 5361 2330 5416 μενοςυ
2377 5345 2434 5408 ὃς
2492 5344 2540 5395 εί
2593 5343 2684 5395 καὶ
2725 5340 2921 5410 δένδρῳ
2959 5345 3322 5415 παρεμφερὴς
3377 5347 3710 5414 νενόμισται,

2138 5437 2272 5490 ἀλλὰ
2294 5436 2510 5488 πάντων
2544 5437 2666 5495 ταῖς
2702 5435 3045 5499 θαυμασταῖς
3070 5433 3396 5505 ὡραιότησιν
3445 5438 3716 5510 ὑπεξῃρη-

2137 5546 2225 5582 ται
2249 5529 2451 5596 φυτῶν·
2475 5527 2609 5580 ἀλλὰ
2637 5525 2732 5578 καὶ
2747 5524 2976 5592 δύναμις
3001 5526 3222 5596 ἐνεργὸς
3244 5529 3334 5580 κοιλ⁵
3361 5529 3509 5592 ζῶσα
3537 5531 3715 5603 τούτῳ

526 5745 606 5816 (9)
636 5743 1115 5816 Pt'aasidisnomen
1140 5740 1464 5816 exprimitur
1521 5741 1572 5793 in
1607 5733 2178 5816 Menologio__Sirleti,
2233 5728 2638 5800 Martyrologio,
2692 5743 2753 5783 ac
2835 5743 2970 5784 mss.
3028 5732 3232 5786 nostris
3298 5731 3537 5800 Graecis;
3617 5737 3717 5793 sed

459 5808 661 5887 ubique
690 5828 815 5867 eum
848 5814 1028 5882 aliquo
1056 5808 1389 5880 discrimine,
1436 5820 1493 5866 ut
1523 5812 1706 5866 notavi
1746 5813 1880 5881 (not.
1912 5808 1984 5876 l).
