4134 6306
449 398 551 466 £37

1013 401 1298 467 ORATIO
1335 403 1494 466 XIX.
1521 430 1592 441 —
1615 404 1699 467 ΙΝ
1739 405 2055 469 LAUDEM
2092 406 2156 470 S.
2193 405 2614 471 HYACINTHI
2651 410 3113 478 AMASTBENI.

3607 413 3717 480 438

446 521 657 573 τίθεται
683 517 881 589 ψυχήν.
919 511 1142 589 ταύτην
1185 517 1287 589 μὲν
1321 517 1414 580 οὖν
1442 518 1605 583 εὐθὺς
1637 521 1666 574 ὀ
1691 520 2011 593 παράδεισος

2133 533 2307 574 mum.
2339 517 2496 578 Hunc
2519 536 2651 578 vero
2678 524 2860 580 statim
2895 523 2988 580 Dei
3018 526 3305 597 paradisus
3336 525 3545 591 habuit,
3577 526 3711 599 Regi

446 609 558 684 εἶχε
600 611 692 667 τοῦ
720 611 879 678 Θεοῦ,
918 612 1005 684 ’τῷ
1049 612 1271 667 Βασιλεῖ
1324 612 1424 682 τῆς
1465 612 1624 682 δόξης
1669 615 2032 686 άνσφθέγκτῳ

446 701 590 776 χαρᾷ
614 704 978 776 προσιοῦσαν,
1004 703 1097 758 καὶ
1125 703 1456 785 πανευαγῶς
1504 704 1653 776 αὑτῷ
1689 704 2028 782 προσκυνοῦ-

447 813 569 863 σαν,
601 794 697 853 καὶ
725 798 806 869 τῷ
835 797 936 870 τῆς
988 784 1302 869 ἀφθαρσίας
1341 784 1593 871 στεφάνῳ
1627 801 1697 870 τῇ
1722 802 2028 872 Δεσποτικῇ

445 892 932 964 καταστεφομένην
955 892 1103 962 δεξιᾷ
1129 906 1143 922 ·
1175 891 1385 964 ταύτην
1405 892 1465 946 αἱ
1493 895 1680 964 νοεραὶ
1712 896 1886 949 πᾶσαι
1919 886 2030 949 τῶν

442 984 690 1058 οὐρανῶν
719 985 990 1056 Δυνάμεις
1050 984 1324 1056 ἐπῄνεσαν
1349 1025 1367 1052 ,
1417 985 1515 1040 καὶ
1542 985 1617 1051 ὡς
1648 988 1946 1058 νικηφόρον
1993 986 2026 1058 ἦ

443 1078 814 1149 Χριστοφόρον
839 1078 1059 1143 ἑαυταῖς
1102 1063 1617 1148 προσῳκειῶσαντο.
1649 1077 1866 1151 Ταύτην
1888 1077 2026 1134 ἀπό-

420 1169 623 1226 ’στολοι
657 1171 778 1242 μὲν,
813 1171 886 1234 ὡς
914 1168 1402 1224 ἀωστολικὼτατα
1425 1169 1730 1242 βιώσασαν,
1760 1170 2000 1240 ἄσμεναι

438 1280 577 1317 τατα
597 1261 1016 1336 [ἁσμενέστατα]
1034 1261 1363 1334 δεξιούμενοι
1389 1263 1816 1334 περιεπτύξαντο
1831 1282 1845 1295 ·
1869 1261 2027 1335 Μαρ-

438 1357 620 1430 τύρων
649 1356 705 1410 δὲ
730 1359 878 1429 χοροὶ
909 1358 1066 1427 ἱεροὶ,
1098 1356 1174 1421 ὼς
1198 1358 1395 1412 οίκεῖον
1420 1357 1600 1412 αὐτῶν
1631 1355 1813 1429 μέλος,
1841 1351 1936 1412 καὶ
1965 1352 2026 1412 τὸ

436 1445 768 1517 τιμιώτατον
790 1447 1177 1518 ἀποδεχόμενοι
1206 1448 1312 1500 τῶν
1340 1448 1520 1519 μελῶν
1538 1465 1552 1480 ο
1572 1450 1668 1505 καὶ
1683 1449 1759 1520 τῷ
1776 1450 2028 1522 ’πνεύμα-

438 1557 492 1594 τι
523 1540 1050 1612 συναρμολογοῦντες
1092 1541 1304 1606 ἑαυτοῖς
1349 1542 1440 1595 καὶ
1471 1541 1898 1614 συμδιόάζοντες
1924 1546 2025 1616 τῆς

437 1633 610 1704 αὐτῆς
659 1635 845 1696 αὐτοῖς
894 1633 1055 1704 δόξης
1111 1636 1206 1687 καὶ
1239 1634 1650 1707 μακαριότητος
1699 1637 1928 1710 μέτοχον
1955 1638 2022 1692 δι’

434 1727 634 1790 αἰῶνος
698 1726 1084 1798 ἐκληρώσαντο
1110 1744 1124 1758 ·
1161 1727 1225 1782 οὐ
1271 1719 1434 1797 μόνον
1463 1728 1542 1791 δὲ,
1580 1729 1721 1783 ἀλλά
1756 1730 1853 1810 καὶ
1881 1747 2016 1802 προ-

433 1818 623 1889 φητῶν
657 1819 753 1872 καὶ
779 1819 955 1887 ἁγίων
981 1819 1160 1872 θίασοι
1189 1819 1429 1885 πάντων,
1455 1820 1531 1884 ὡς
1555 1819 1655 1890 τῆς
1682 1821 1804 1893 ίσης
1834 1818 2021 1887 αὐτοῖς
2047 1869 2050 1883 1

432 1910 722 1980 ἁγιότητος
751 1911 1207 1983 ὑπερϐαλλόντως
1245 1913 1584 1984 μετέχουσαν
1627 1913 1890 1986 ὁρῶντες,
1916 1915 2015 1986 τὴν

434 2003 603 2072 αὐτῆς
667 2003 926 2058 ἀνάλυσιν
984 2004 1083 2058 καὶ
1141 2003 1404 2075 ὲνᾶημίαν
1441 2005 1581 2077 πρὸς
1633 2005 1724 2060 τὸν
1755 2007 2013 2078 Χριστὸν,

431 2094 693 2167 λαμπρὰν
734 2096 817 2150 ὅτι
849 2095 1086 2169 μάλιστα
1116 2097 1211 2152 καὶ
1239 2095 1723 2172 θεοπρεπεστάτην
1756 2099 2016 2171 συνεκρό-

435 2206 606 2261 τησαν
633 2191 849 2262 ἑορτήν.

510 2377 615 2426 κα’.
653 2369 858 2425 Τοῦτον
888 2371 991 2443 μιν
1015 2367 1107 2428 οὗν
1153 2375 1247 2429 τὸν
1277 2372 1482 2449 τρρπον
1506 2375 1540 2442 ή
1559 2374 1843 2446 τρισολὸία
1869 2375 2014 2447 ψυχὴ

434 2465 536 2530 τὰς
598 2467 692 2521 τοῦ
743 2467 1005 2540 οὐρανίου
1050 2471 1264 2542 [ἰατρὸς
1312 2469 1758 2542 κατακληροῦται
1811 2475 2008 2542 μονάς·

431 2559 552 2614 ἀλλ’
595 2560 717 2614 οὐδὲ
774 2561 836 2615 τὸ
876 2561 1021 2634 ίερὸν
1051 2562 1231 2617 ἐκεῖνο
1259 2565 1356 2618 καὶ
1399 2560 1762 2636 ἁθλοφορικον
1789 2566 2010 2636 σκῆνος,

429 2651 465 2723 ἢ
501 2651 676 2716 οὕτως
730 2655 812 2718 είς
855 2659 960 2728 γῆν
1006 2657 1175 2712 πεσὸν
1219 2644 1600 2730 παρεώραται,
1634 2657 1667 2730 ἦ
1708 2659 1851 2714 κατά
1880 2660 2012 2724 τοὺς

426 2741 648 2810 λοιποὺς
679 2741 969 2821 μάρτυρας
1005 2750 1300 2824 τετίμηται
1327 2768 1343 2780 ·
1371 2750 1561 2824 ὥσπερ
1584 2752 1642 2807 δὲ
1671 2754 1864 2824 τέρασι
1901 2754 2014 2822 μεί·

424 2836 544 2902 ζοσι
596 2839 691 2894 καὶ
752 2841 1155 2914 ἀφθονωτέροις
1202 2845 1430 2914 lauda-tv
1477 2832 1588 2898 ὕπο
1618 2844 1738 2906 ἱτοῦ
1769 2845 2011 2916 Χριστοῦ

423 2930 880 3004 πεφιλοτίμηται,
925 2935 1071 2988 οὕτω
1101 2937 1196 2991 καὶ
1224 2940 1342 3001 ταῖς
1362 2929 1434 3002 ’ἐξ
1459 2937 1768 3008 ἀνθρώπων
1795 2943 2008 3010 τιμαῖς,

420 3020 686 3076 ἀπάντων
724 3024 911 3092 ὀλίγου
939 3023 1050 3078 δεῖν
1076 3026 1188 3079 τῶν
1229 3025 1610 3098 ἀθλοφορικῶν
1648 3031 1917 3102 σωμάτων
1949 3031 2010 3085 τὸ

419 3114 803 3179 ὲπιδοξότατον
869 3118 1158 3188 ἠνέγκατο.
1204 3118 1342 3172 Τότε
1397 3121 1496 3190 μὲν
1539 3120 1658 3192 γὰρ’
1693 3112 1859 3176 αὑτοῦ
1900 3112 2004 3176 που

2131 612 2342 683 gloriae,
2369 614 2516 669 nulla
2545 617 2836 672 verborum
2860 618 2912 673 vi
2942 618 3248 688 explicabili
3295 619 3519 689 gaudio,
3549 634 3712 676 acce-

2131 704 2371 769 dentem,
2403 702 2565 775 eique
2609 706 3031 778 religiosissime
3062 708 3250 764 habitu
3304 710 3515 765 cultum
3553 710 3714 766 adbi-

2132 794 2371 863 bentem,
2418 808 2584 868 atque
2638 801 3071 872 incorruptionis
3115 798 3376 858 coronam
3428 796 3711 859 00minica

2129 889 2353 946 dextera
2388 892 2803 961 suscipientem.
2843 891 2992 948 lianc
3036 893 3345 949 ctelestium
3373 902 3708 964 potestatum

2130 993 2340 1038 mentes
2370 998 2562 1037 omnes
2597 983 2982 1050 laudaverunt,
3025 1000 3091 1042 ac
3132 986 3276 1042 velut
3325 987 3568 1044 victoria:
3597 996 3712 1044 tro-

2128 1091 2266 1147 ρτεσ,
2293 1086 2390 1130 aut
2419 1075 2700 1132 Christum
2751 1076 3036 1144 ferentem,
3067 1077 3184 1134 suis
3205 1077 3560 1135 domesticam
3599 1095 3713 1147 ca:-

2129 1168 2278 1223 tibus
2310 1169 2645 1223 asciverunt.
2675 1169 2831 1224 Hanc
2857 1177 2912 1224 et
2943 1168 3198 1239 apostoli,
3232 1185 3353 1240 quae
3392 1172 3712 1241 apostolicis

2131 1260 2556 1330 pm‘clarissime
2598 1259 2917 1315 muneribus
2961 1261 3128 1315 vitam
3185 1261 3377 1331 egerit,
3451 1250 3711 1333 placidis-

2127 1351 2265 1406 sime
2310 1351 2643 1420 accipientes
2681 1352 2956 1424 complexi
2987 1363 3138 1410 sunt.
3191 1354 3344 1411 Sacri
3402 1365 3708 1428 martyrum

2125 1443 2306 1506 chori,
2352 1444 2504 1498 velut
2559 1445 2840 1513 proprium
2891 1445 3135 1513 ipsorum
3189 1448 3498 1503 membrum
3556 1449 3711 1505 ι·εεί-

2127 1539 2338 1609 pientes
2389 1534 2877 1607 membrorumque
2905 1540 3330 1606 nobilissimum,
3382 1557 3448 1598 ac
3488 1543 3592 1598 sibi
3628 1543 3711 1612 ip-

2126 1629 2205 1687 sis
2239 1629 2434 1701 Spiritu
2459 1629 2863 1695 concin‘nantes
2889 1646 2952 1685 ac
2981 1632 3411 1694 committentes.
3455 1633 3706 1704 ejusdem

2125 1722 2331 1776 sociam
2363 1721 2647 1791 glorias-ac
2672 1724 3026 1779 beatitudinis
3072 1728 3126 1778 in
3169 1739 3344 1780 aevum
3377 1726 3519 1780 nacti
3554 1736 3704 1784 sunt.

2127 1815 2312 1886 Neque
2347 1813 2402 1869 id
2445 1814 2630 1881 modo,
2676 1817 2773 1871 sed
2811 1825 2864 1871 et
2913 1817 3305 1886 prophetarum
3357 1827 3708 1877 sanctorum-

2121 1924 2228 1978 que
2261 1909 2505 1964 omnium
2535 1908 2692 1965 ebori
2736 1908 2886 1964 velut
2915 1910 3064 1980 paris
3093 1910 3204 1967 illis
3235 1912 3547 1967 sanctitatis
3572 1927 3701 1982 gra-

2123 1999 2213 2058 tiis
2245 2001 2448 2058 eximie
2501 2011 2720 2062 auctam
2762 2007 3190 2073 conspicientes,
3249 2010 3370 2072 ejus
3422 2009 3490 2060 ad
3539 2004 3707 2059 Chri-

2121 2105 2265 2150 stum
2301 2095 2634 2150 solutionem
2669 2110 2737 2150 ac
2759 2096 3202 2165 emigrationem,
3234 2096 3440 2152 claram
3467 2097 3706 2152 maxime

2121 2184 2630 2256 diviniSsimamque
2680 2188 3026 2244 festivitatem
3080 2203 3147 2244 ac
3197 2188 3493 2260 tripudium
3559 2192 3704 2245 cele-

2122 2279 2372 2336 brartmt.

2189 2373 2281 2428 2i.
2315 2373 2546 2430 ln'bunc
2576 2375 2760 2445 itaque
2787 2374 3013 2430 modum
3052 2383 3133 2430 ter
3164 2373 3326 2429 beata
3373 2373 3557 2428 anima
3589 2388 3706 2430 ea:-

2120 2466 2274 2522 lestis
2325 2466 2508 2523 Patris
2551 2467 2871 2524 mansiones
2917 2467 3185 2536 sedesque
3225 2467 3621 2537 consequitur:
3652 2473 3707 2519 at

2119 2558 2298 2630 neque
2325 2575 2544 2615 sacrum
2575 2560 2706 2615 illud
2763 2575 2828 2614 ac
2875 2558 3209 2629 triumphale
3264 2559 3704 2621 tabernaculum,

2120 2655 2201 2708 vel
2232 2654 2313 2710 sic
2344 2653 2399 2707 in
2430 2663 2630 2708 terram
2657 2653 2863 2709 cadens
2889 2663 3132 2720 spretum
3158 2663 3262 2718 est,
3292 2653 3377 2707 vel
3409 2653 3522 2721 pari
3555 2667 3703 2708 mar-

2118 2746 2329 2822 tyribus
2359 2747 2584 2818 reliquis
2605 2747 2810 2802 honore
2839 2745 3152 2803 decoratum
3187 2764 3200 2802 :
3241 2745 3334 2803 sed
3362 2745 3504 2801 sicut
3533 2747 3705 2814 majo-

2117 2840 2270 2913 ribus
2321 2839 2582 2910 prodigiis
2629 2838 3089 2911 uberioribusque
3155 2837 3452 2895 sanitatum
3511 2838 3702 2909 gratiis

2114 2929 2317 2988 Christi
2349 2946 2576 2986 munere
2602 2930 2956 2986 honestatem
2985 2940 3087 2994 est,
3125 2929 3204 2985 sic
3233 2939 3285 2984 et
3319 2928 3578 2985 humanis
3601 2929 3700 2985 ho-

2117 3023 2346 3080 noribus
2369 3039 2432 3080 ac
2479 3023 2784 3095 obsequiis,
2828 3025 3044 3078 cunctis
3094 3021 3208 3077 fere
3239 3022 3475 3078 victoria
3525 3021 3700 3094 incly-

2116 3126 2293 3172 torum
2341 3127 2641 3189 martyrum
2692 3116 3020 3186 corporibus
3066 3115 3263 3185 majOri
3317 3117 3488 3185 gloria
3573 3114 3700 3169 illu-

421 3207 654 3279 πλησίον
681 3208 784 3278 τῆς
814 3209 1022 3272 πόλεως
1053 3211 1157 3280 γῆς
1189 3210 1411 3281 βάθεσιν
1448 3213 1553 3266 ὑπὸ
1581 3216 1689 3266 τῶν
1716 3215 2006 3268 εὐσεϐούν-

2117 3209 2286 3288 strius
2342 3210 2615 3264 habitum.
2645 3212 2723 3264 Ac
2778 3218 2893 3262 tum
2940 3208 3161 3278 quidem
3208 3206 3318 3262 illic
3373 3206 3475 3261 loci
3531 3221 3702 3277 prope

416 3316 530 3380 των
599 3300 630 3354 ὁ
687 3301 986 3373 πολύτιμος
1035 3303 1268 3374 ἐντίμως
1299 3308 1675 3376 καταχωσθεὶς
1714 3309 2008 3381 θησαυρὸς,

420 3395 690 3466 οὐμενοῦν
738 3397 969 3465 ἀφικτὸς
1003 3399 1036 3468 ἧ
1067 3415 1169 3452 τινι
1205 3399 1430 3469 γέγονεν
1460 3399 1518 3466 ἐξ
1552 3400 1765 3454 ὲκείντυ
1794 3401 2009 3474 θεωρη-

424 3483 538 3550 τδς,
566 3487 626 3540 οὑ
663 3486 769 3559 μὴν
802 3489 920 3550 ταῖς
943 3488 1340 3559 ἀγαθουργίαις
1386 3491 1497 3543 τῶν
1526 3489 1694 3543 αὐτοῦ
1729 3491 2010 3559 θαυματο-

431 3578 605 3631 ποιῶν
663 3575 770 3643 οἷός
806 3597 866 3633 τε
920 3580 1131 3650 γίνεται
1172 3581 1400 3635 λαθεῖνο
1450 3582 1566 3635 ἀλλ’
1597 3584 2011 3647 ὲκτενεστάταις

435 3673 538 3742 μὲν
562 3672 790 3737 ἱκεσίαις
820 3674 908 3728 τὸν
935 3676 1140 3746 Κύριον
1170 3675 1318 3730 ἔνδον
1352 3677 1380 3730 ὁ
1417 3675 1717 3749 ἁθλοφόρος
1749 3676 2009 3748 Damius-

428 3776 538 3825 νος,
569 3759 674 3826 ἔξω
697 3762 751 3816 δὲ
775 3767 892 3830 ταῖς
947 3764 1040 3818 ἐπὶ
1089 3765 1184 3819 τοῦ
1230 3765 1402 3835 τάφου
1451 3768 1802 3834 τελουμέναις
1833 3770 2008 3822 ίάσεσι

425 3851 718 3922 δυσωπῶν,
775 3858 868 3911 καὶ
915 3858 1182 3923 τοιούτοις
1230 3859 1395 3915 πάλαι
1437 3860 1534 3937 τὴν
1561 3860 1728 3927 αὑτοῦ
1772 3862 1926 3916 πόλιν
1950 3861 2006 3929 ἐξ

426 3948 689 4013 ἀπιστίας
742 3951 821 4013 είς
874 3950 1176 4023 ὀρθότομον
1257 3953 1442 4008 πίστιν
1502 3954 1598 4007 καὶ
1646 3955 2011 4026 ἀνυπόκριτον

422 4042 700 4112 μετάγων,
724 4042 842 4097 οὐδὲ
874 4044 1038 4116 μέχρι
1073 4044 1170 4098 τοῦ
1206 4045 1300 4099 νῦν
1321 4048 1348 4099 ὁ
1379 4047 1679 4117 θαυμάσιος
1714 4047 2012 4104 διαλείπειε

417 4131 657 4203 Λέγεται
687 4135 817 4209 γὰρ.
840 4135 868 4190 δ
884 4138 978 4192 καὶ
998 4137 1274 4209 ὁρώμενον
1299 4139 1638 4202 πιστεύεται,
1657 4140 1741 4193 ὅτι
1770 4131 2009 4216 ἑκάστης

415 4225 512 4282 τοῦ
566 4229 819 4282 ἐνιαυτοῦ
867 4229 1210 4301 περιτροπῆς
1255 4230 1354 4302 τὴν
1402 4229 1499 4284 τοῦ
1555 4231 1714 4301 ἁγίου
1784 4232 2008 4304 μνήμην

421 4318 760 4390 ἒπατούσης,
807 4321 992 4392 δέησις
1023 4322 1156 4393 περὶ
1205 4323 1298 4376 τὸν
1351 4323 1494 4392 ίερίιν
1541 4325 1734 4392 τάφον,
1778 4324 1883 4379 ὑπὸ
1912 4324 2007 4380 τοῦ

424 4411 583 4483 ἱεροῦ,
601 4407 801 4480 παντὸς
855 4415 1240 4486 ἀναπέμπεται
1303 4415 1433 4469 λαοῦ
1458 4433 1471 4447 ⁸
1506 4417 1660 4486 ἄφνω
1692 4417 1748 4472 δὲ
1786 4416 1915 4487 χοῦς
1949 4419 2009 4473 ἐν

421 4503 540 4576 ἥκω
565 4508 674 4560 τινὶ
705 4509 838 4578 ξένῳ
900 4510 995 4563 καὶ
1027 4498 1319 4580 ῥοιζήματι
1353 4511 1658 4581 πνεύματος
1695 4513 1760 4564 ὲκ
1786 4509 1879 4564 τοῦ
1909 4509 2006 4582 βά-

2114 3301 2388 3356 eivitatem
2413 3309 2635 3372 aggesto
2661 3299 2883 3358 tumulo
2910 3300 3184 3370 pretiosus
3220 3299 3517 3356 thesaurus
3564 3297 3699 3354 lide-

2117 3396 2245 3448 lium
2300 3398 2555 3450 manibus
2592 3393 2896 3448 bonorilice
2951 3392 3209 3448 conditus
3256 3403 3344 3449 est
3376 3410 3390 3444 :
3423 3409 3489 3448 ac
3518 3406 3698 3462 quan-

2112 3501 2277 3555 quam
2314 3485 2648 3550 inaccessos,
2694 3484 2940 3555 nullique
2963 3498 3029 3538 eo
3053 3499 3119 3539 ex
3164 3491 3410 3550 tempore
3459 3497 3521 3538 re
3565 3497 3701 3538 con-

2114 3587 2338 3649 spectus
2370 3586 2475 3641 est,
2531 3592 2629 3647 per
2671 3576 2796 3647 ejus
2859 3575 3042 3631 tamen
3097 3575 3429 3630 mirabilium
3469 3591 3696 3647 operum

2123 3669 2362 3726 beneliea
2421 3684 2653 3725 munera
2731 3663 2874 3724 haud
2928 3667 3046 3724 ﬁeri
3098 3678 3316 3740 poterat
3372 3677 3432 3724 ut
3484 3669 3696 3724 lateret.

2120 3763 2263 3829 Quin
2303 3763 2527 3834 iugibus
2560 3762 2949 3833 contentisque
3002 3763 3502 3833 supplicationibus
3547 3762 3695 3818 intus

2120 3846 2410 3912 Dominum
2475 3867 2686 3927 martyr
2738 3857 3092 3924 triumphalis
3151 3858 3399 3927 placans,
3451 3856 3699 3929 forisque

2115 3952 2168 4006 in
2191 3951 2425 4025 sepulcri
2449 3954 2713 4005 memoria
2749 3957 3046 4006 sanitatum
3087 3967 3318 4006 munere
3343 3966 3693 4022 permovens,

2114 4043 2312 4113 bisque
2338 4043 2468 4098 olim
2502 4059 2656 4098 suam
2691 4044 2971 4097 civitatem
3024 4044 3093 4098 ab
3139 4041 3459 4098 inﬁdelitate
3511 4043 3577 4098 ad
3619 4059 3699 4098 re-

2115 4143 2261 4191 ctam
2312 4138 2700 4207 sinceramque
2745 4136 2904 4190 lidem
2953 4138 3260 4200 traducere,
3317 4137 3698 4205 liactenusque

2112 4229 2196 4305 vir
2227 4228 2584 4283 admirandus
2627 4231 2735 4283 non
2765 4235 2972 4284 cessat.
3003 4231 3172 4283 Aiunt
3199 4234 3347 4283 enim
3379 4229 3495 4290 (cui
3531 4230 3606 4284 rei
3641 4237 3696 4289 et

2110 4324 2222 4394 ipse
2250 4322 2399 4378 visus
2451 4332 2670 4393 praestat
2707 4321 2896 4393 fidem)
2959 4332 3204 4379 vertente
3287 4325 3417 4378 anni
3491 4335 3696 4395 tempe-

2109 4417 2269 4476 state,
2303 4426 2410 4481 qua
2445 4411 2566 4481 ejus
2606 4410 2841 4465 celebris
2893 4413 3156 4467 memoria
3209 4413 3411 4484 agitur,
3465 4423 3696 4468 sacrata:

2110 4504 2288 4573 plebis
2324 4507 2472 4561 circa
2511 4521 2732 4562 sacrum
2768 4507 3042 4562 tumulum
3089 4507 3498 4576 obsecratione,
3534 4509 3696 4564 dere~

422 4597 551 4663 θους
582 4600 824 4656 κάτωθεν
884 4602 1193 4658 ἀναδίδοται
1247 4603 1280 4675 ἢ
1340 4604 1782 4676 ἀναρριπίζεται,
1830 4604 2002 4670 οὕτως

2117 4605 2270 4666 pente
2303 4598 2528 4652 insolito
2557 4600 2795 4668 quodam
2823 4601 3031 4668 seuitu,
3057 4601 3330 4672 ﬂatusque
3351 4601 3590 4657 stridore
3620 4616 3692 4657 ex

422 4691 670 4764 σφοδρῶς
689 4696 1097 4765 ὲκφυσώμενος,
1130 4696 1204 4759 ὠς
1244 4697 1338 4750 καὶ
1383 4697 1510 4761 τοὺς
1540 4697 1685 4767 ξπερὶ
1712 4699 1802 4751 τον
1831 4697 2002 4766 τάφον

414 4784 739 4854 καιομένους
758 4787 1108 4858 λαμπτῆρας,
1126 4791 1191 4859 τῇ
1219 4788 1475 4861 ἐπιπνοίᾳ
1506 4788 2000 4844 κατασϐέννυσθαι·

411 4875 551 4930 αὐτὸ
577 4874 636 4928 δὲ
671 4876 726 4929 τὸ
749 4876 846 4930 τοῦ
891 4878 1062 4948 τάφου
1117 4873 1318 4949 στόμα,
1360 4878 1454 4932 καὶ
1484 4878 1581 4948 τὴν
1615 4878 2000 4932 καλύπτουσαν

410 4966 814 5041 λαρνακοειδῶς
859 4959 1194 5040 οἰκοδομίαν,
1236 4970 1520 5043 ἀνάμεστα
1545 4970 1640 5025 τοῦ
1669 4969 1819 5044 ίεροῦ
1850 4973 1998 5043 χοὸς,

407 5061 507 5116 καὶ
561 5061 663 5133 τῆς
718 5062 906 5134 τιμίας
945 5064 1151 5129 ταύτης
1201 5065 1383 5128 κονίας
1437 5064 1640 5134 εὐθέως
1678 5067 1993 5122 ἀποδείκνυ-

409 5149 559 5204 σθαι.

481 5239 588 5312 κβκ
621 5243 808 5310 ’Ἄξιον
851 5248 943 5298 καὶ
977 5245 1132 5300 τοῦτο
1172 5252 1239 5317 τῆ
1286 5247 1501 5319 ἱστορίᾳ.
1528 5248 1892 5321 παραδοῦναι,
1920 5251 1993 5316 ὡς

411 5333 472 5386 οὐ
515 5335 625 5406 πρὸ
671 5337 884 5391 πολλῶν
937 5338 1147 5393 τούτων
1199 5340 1355 5404 ἐτῶν,
1407 5342 1508 5412 τῆς
1549 5343 1767 5412 ἐτησίου
1808 5343 1994 5407 κονίας

416 5423 919 5501 ἀναϐραττομένης,
949 5431 1044 5485 καὶ
1069 5432 1160 5484 τὸν
1195 5434 1369 5504 μέγαν
1402 5433 1494 5504 τῆς
1527 5434 1709 5506 χειρὸς
1733 5435 1994 5490 δάκτυλον

417 5517 512 5572 τοῦ
565 5520 885 5596 θαυμαστοῦ
949 5527 1244 5600 Μάρτυρος
1297 5527 1543 5582 κάτωθεν
1591 5529 1992 5599 συναναὸῆναι,

439 5786 446 5790 -
482 5752 597 5825 (l2)
631 5755 778 5812 Idem
811 5755 922 5813 fere
954 5759 1276 5814 miraculum
1309 5773 1563 5815 narratur
1614 5762 1682 5816 de
1738 5761 1993 5825 sepulcro

407 5822 472 5900 ξ.
490 5822 818 5900 _Raymundi
843 5829 912 5900 de
940 5827 1276 5900 Pegnal'orti,
1303 5832 1379 5886 uti
1404 5833 1612 5890 dictum
1639 5840 1721 5891 cst
1748 5822 1818 5889 ad
1845 5832 1988 5890 diem

409 5897 443 5954 7
481 5894 731 5955 Januarii
760 5898 814 5957 in
834 5899 954 5972 ejus
985 5894 1157 5971 A'ctis,
1181 5894 1304 5974 cap.
1341 5904 1397 5960 8.

2107 4687 2235 4742 imis
2267 4703 2487 4742 sursum
2517 4690 2793 4757 pulverem
2820 4705 3108 4762 erumpere
3137 4691 3254 4758 ΗΞ)
3284 4706 3382 4746 seu
3413 4689 3691 4746 exsumari

2107 4789 2256 4835 tanta
2282 4781 2648 4846 vehementia,
2683 4792 2744 4836 ut
2791 4793 2842 4838 et
2893 4783 3107 4839 tumulo
3134 4783 3558 4852 circumpositas
3600 4798 3692 4838 ac—

2105 4888 2297 4929 censas
2349 4873 2497 4928 faces
2548 4875 2844 4943 spiratione
2869 4879 3224 4947 exstinguat;
3261 4878 3555 4948 ipsumque
3601 4888 3690 4934 tu-

2103 4966 2237 5020 muli
2271 4981 2356 5031 os,
2387 4982 2650 5038 urumque
2676 4968 2727 5021 in
2764 4968 2987 5024 modum
3013 4971 3354 5040 operientem
3392 4969 3685 5036 fabricam,

2103 5074 2265 5113 sacro
2303 5060 2523 5127 pulvere
2547 5060 3129 5132 pretiosoque'cinere
3173 5061 3460 5119 confestim
3505 5065 3686 5120 adim-

2099 5155 2266 5226 pleat.

2170 5249 2258 5302 2‘2.
2307 5247 2535 5321 Dignum
2566 5265 2694 5305 vero
2739 5259 2794 5305 et
2856 5250 3000 5310 istud
3051 5250 3448 5307 commentario
3503 5252 3688 5308 consi-

2100 5358 2305 5414 gnaro;
2337 5352 2462 5397 ante
2488 5341 2756 5398 nimirum
2793 5359 2901 5398 non
2954 5345 3153 5399 multos
3203 5344 3304 5400 hos
3335 5359 3511 5399 annos
3543 5345 3683 5415 (l5),

2100 5427 2289 5491 annuo
2341 5437 2566 5506 pulvere
2612 5448 2933 5507 erumpente
2984 5453 3049 5494 ac
3093 5439 3411 5504 ebullieute,
3477 5438 3685 5494 dextrae

2101 5545 2318 5600 quoque
2350 5530 2652 5587 admirandi
2679 5531 2936 5604 martyris
2991 5532 3255 5603 majorem
3305 5530 3535 5602 digitum
3575 5519 3683 5585 una

2171 5759 2283 5833 (l3)
2316 5759 2454 5815 llinc
2509 5767 2676 5833 patet,
2719 5757 2926 5814 cultum
2970 5759 3092 5829 ejus
3153 5757 3461 5814 Amastride
3503 5753 3684 5815 adhuc

2097 5831 2354 5891 ﬂoruisse
2387 5832 2589 5892 saeculo
2619 5844 2790 5889 nono.
