4134 6306
358 396 454 464 ill

1064 394 1347 456 ORATIO
1382 394 1511 458 XX.
1535 422 1602 436 --
1664 396 1748 458 IN
1788 396 2103 460 LAUDEM
2140 401 2199 462 S.
2228 400 2605 465 GREGOBII
2643 406 2917 469 TIIEOL.

3520 407 3629 473 M2

362 521 655 577 uertem;
692 507 896 566 ίιίοῖνπο
941 507 1273 565 inhibendi”
1307 519 1570 575 ουηειῑιιε,
1606 510 1938 584 segniusth
1968 521 2010 574 Δ
2039 517 2282 588 cogitatu
2342 519 2653 574 dirimatur.
2705 519 3184 587 Quemadmodum
3239 516 3389 576 enim
3458 524 3634 579 hocce

363 608 625 678 agendum
652 618 817 675 quam
845 609 906 657 ut
937 616 1051 656 rem
1078 602 1482 672 aggrediamur.
1513 602 1764 675 Magnum
1786 605 1933 659 enim

365 698 660 768 ingensque
690 702 796 759 est,
826 702 886 749 ut
918 693 1002 748 vel
1028 700 1352 763 temperate,
1378 692 1432 747 in
1464 693 1533 748 iis
1555 709 1678 764 quas
1702 693 1937 749 maxima

362 802 512 852 sum,
536 789 647 843 vim
667 787 977 859 argumenti
1001 796 1199 842 tractes
1223 804 1242 842 :
1274 786 1473 843 nedum
1500 797 1561 842 ut
1590 803 1691 859 pro
1711 803 1938 858 operum

365 884 559 941 merito
602 879 943 950 exsequaris.
978 878 1115 946 Quia
1150 878 1298 934 enim
1342 894 1472 934 vero
1505 880 1595 934 ille
1636 878 1729 935 Dei
1765 879 1943 936 Verbo

360 985 476 1033 tum
518 974 756 1045 genitus,
790 982 1011 1043 tumque
1039 970 1334 1042 perfectus,
1369 971 1571 1027 viventi
1606 970 1715 1028 Deo
1762 971 1942 1030 Verbo

363 1064 771 1122 necessitudine
797 1063 1126 1130 coniunctus
1158 1072 1263 1128 est,
1294 1063 1569 1133 quomodo
1598 1078 1707 1118 non
1742 1063 1942 1119 rationi

367 1156 966 1221 convenientissimum,
991 1166 1047 1208 ut
1073 1169 1173 1224 pro
1202 1154 1337 1207 virili
1366 1164 1575 1219 nostra,
1595 1171 1656 1211 ac
1680 1166 1943 1225 quantum

365 1250 587 1320 assequi
620 1249 763 1310 licet,
796 1247 1084 1310 honorem,
1107 1247 1199 1314 qui
1231 1261 1295 1301 ex
1330 1246 1676 1301 sermonibus
1707 1246 1948 1302 dicendi-

368 1358 477 1414 que
507 1342 766 1398 facultate
793 1351 899 1406 est,
929 1341 1008 1395 illi
1041 1341 1396 1395 tribuamus?
1429 1339 1704 1394 Laudetur
1732 1341 1897 1413 igitur
1927 1357 1943 1407 ;

367 1435 567 1506 quippe
629 1449 846 1503 aaquum
893 1442 1275 1503 sanctumque,
1321 1444 1379 1486 ut
1414 1433 1482 1497 is,
1528 1433 1620 1502 qui
1688 1434 1949 1504 operibus

372 1541 431 1580 ac
468 1523 840 1585 sermonibus,
876 1522 1059 1592 quoad
1098 1522 1207 1575 vita
1252 1531 1531 1592 superstes
1575 1520 1681 1577 fuit
1729 1525 1948 1580 tuendis

373 1610 533 1671 Verbi
604 1613 856 1685 partibus
929 1614 1186 1679 labores,
1241 1628 1306 1669 ac
1373 1613 1663 1670 mtestitias
1717 1616 1946 1670 nimium

372 1717 604 1781 quantas
659 1709 925 1779 jugesque
968 1706 1264 1773 sustinuit,
1308 1706 1567 1763 laudibus
1613 1724 1834 1778 quoque
1880 1725 1949 1764 ex

372 1802 704 1873 eloquentia,
733 1814 1160 1869 sermonumque
1190 1799 1238 1853 vi
1261 1801 1569 1871 eoi-ragatis
1590 1816 1690 1856 ceu
1720 1800 1951 1859 tioribus

372 1903 688 1951 exornetur.
1978 1863 2028 1923 Β

443 1987 617 2040 Porro
640 1983 962 2054 Gregorium
987 1982 1133 2049 dico,
1165 1982 1363 2038 divinae
1392 1999 1717 2055 summeque
1748 1985 1956 2056 princi-

378 2076 463 2149 pis
490 2077 869 2147 cognominem
908 2076 1195 2149 theologiam
1224 2093 1242 2143 ;
1269 2076 1409 2143 sive,
1436 2085 1497 2131 ut
1526 2077 1720 2148 loquar
1747 2078 1951 2145 verius,

382 2168 557 2239 ipsam
578 2168 756 2239 reipsa
781 2168 1621 2239 tbeologiam.Quemadmodum
1646 2171 1796 2227 enim
1823 2186 1953 2227 vera

383 2262 475 2318 illa
498 2261 650 2317 lux"
676 2276 775 2332 pro
802 2261 964 2316 nobis
992 2270 1155 2334 atque
1200 2262 1489 2318 nobiscum
1534 2271 1678 2329 orta,
1711 2278 1837 2319 cum
1883 2262 1959 2319 sit

390 2353 678 2425 sapientia,
717 2360 773 2409 et
811 2354 1043 2425 justitia,
1078 2366 1133 2410 et
1177 2355 1481 2426 redemptio
1507 2355 1575 2422 ⁸⁸,
1617 2354 1698 2415 sic
1748 2355 1957 2429 potius,

388 2463 555 2519 quam
588 2462 653 2501 ex
677 2447 785 2503 illis
826 2447 1056 2503 deducto
1071 2450 1307 2504 nomine
1335 2459 1649 2520 nuncupata
1677 2457 1783 2506 est.
1816 2447 1960 2505 Sunt

391 2541 539 2593 enim
565 2539 743 2593 divina
777 2538 889 2593 lucc
920 2541 1137 2594 nomina
1164 2539 1459 2611 ejusmodi,
1494 2552 1549 2596 ut
1583 2537 1956 2611 praepollcant,

388 2630 696 2700 divinisque
722 2629 927 2699 aptiora
950 2632 1236 2695 exsistant,
1266 2631 1321 2685 in
1351 2631 1552 2701 quibus
1567 2632 1803 2687 essentia
1834 2645 1959 2686 cum

386 2723 704 2793 operatione
753 2724 958 2793 pariter
992 2723 1293 2779 concurrit.
1347 2722 1439 2778 Sic
1486 2739 1706 2795 quoque
1750 2724 1831 2778 vir
1870 2723 1960 2778 hic

386 2817 623 2883 divinus,
649 2817 740 2886 qui
776 2826 945 2871 totam
969 2816 1172 2874 mentis
1205 2816 1313 2872 vim
1342 2817 1556 2872 eximiae
1580 2817 1964 2873 divinissimazo

384 2923 491 2977 que
520 2908 804 2978 theologia!
832 2907 1342 2977 contemperaverit,
1378 2914 1660 2978 totamque
1685 2922 1807 2964 eam
1839 2909 1963 2964 ani-

382 3014 475 3056 mo
510 3000 833 3071 intelligenti
876 3000 1229 3071 expresserit,
1298 3000 1553 3072 quiuimo
1593 3009 1741 3057 totus
1784 3000 1855 3058 ab
1901 3016 1967 3058 ea

383 3095 816 3164 comprehensus
847 3094 942 3157 sit,
982 3093 1133 3149 velut
1163 3090 1282 3165 ipsa
1316 3093 1499 3165 reipsa
1530 3093 1803 3165 theologia
1847 3102 1964 3150 tum

381 3196 487 3250 est,
515 3197 631 3241 tum
658 3186 974 3240 nominatus
1007 3184 1132 3239 fuit.
1162 3182 1266 3252 Qui
1304 3185 1465 3255 igitur
1502 3184 1612 3250 llat,
1647 3194 1709 3240 ut
1743 3200 1868 3256 qua
1896 3185 1964 3241 ad

384 3279 535 3335 illam
577 3286 790 3349 spectat
832 3276 1096 3342 laudatio,
1128 3292 1237 3333 non
1261 3286 1413 3333 recto
1451 3277 1667 3333 tramite
1696 3277 1761 3333 ad
1802 3280 1965 3333 istum

387 3375 623 3430 evaserit
646 3374 672 3428 ἲ
698 3372 1015 3444 't‘heulogite
1043 3380 1223 3428 autem
1247 3370 1511 3437 laudatio,
1542 3371 1715 3442 ipsius
1739 3372 1809 3428 sit
1844 3389 1969 3443 per-

393 3466 554 3531 fecte,
583 3481 647 3523 ac
674 3482 839 3537 quam
870 3463 1123 3535 perfectis
1149 3464 1449 3537 loquuntur
1475 3465 1547 3532 ³⁷,
1581 3465 1779 3521 divinas
1818 3467 1970 3537 prin-

398 3556 536 3627 cipis
566 3555 843 3626 sapientiae
875 3556 1170 3612 celebratio
1201 3572 1218 3619 ;
1254 3556 1412 3627 cujus
1448 3556 1548 3614 iste
1577 3570 1790 3613 amator
1810 3602 1825 3625 ,
1864 3573 1969 3629 qua

402 3649 587 3704 nescio
620 3664 687 3703 an
720 3650 863 3707 ullus
890 3650 1227 3723 praestantia,
1254 3666 1321 3706 es
1359 3666 1425 3707 eo
1456 3652 1741 3707 hominum
1775 3667 1973 3723 genere

401 3744 548 3812 quia
588 3743 786 3797 saeculo
823 3743 1229 3814 philosOpbiam
1272 3744 1449 3799 colere
1480 3754 1812 3811 statuerunt,
1842 3744 1974 3801 cilc-

395 3846 540 3902 ctus,
592 3838 813 3907 viasque
856 3848 1158 3907 scrutatus,
1190 3849 1353 3908 atque
1391 3841 1725 3895 incertorum
1786 3856 1848 3895 ac
1879 3856 1975 3897 oc-

398 3931 680 3985 cultorum
712 3931 758 3963 ³⁶
804 3931 951 3987 illius
981 3932 1210 4003 mystica
1245 3947 1512 4002 sacraque
1546 3934 1761 3989 ratione
1796 3934 1979 3990 scien-

331 4058 337 4065 -
394 4024 528 4081 tiam
549 4026 801 4093 edoctus,
826 4026 906 4081 sic
931 4027 1131 4083 mentis
1156 4041 1347 4093 sensu,
1370 4026 1662 4099 divineque
1695 4028 1976 4084 interioris

396 4120 788 4193 perfectionem
822 4120 1056 4178 hominis
1089 4120 1319 4192 adeptus
1352 4129 1455 4187 est,
1490 4137 1556 4177 ac
1580 4137 1680 4191 par
1705 4131 1822 4178 erat
1850 4137 1975 4177 eum

396 4216 666 4287 adipisci,
703 4216 799 4286 qui
847 4231 1080 4286 superna
1128 4216 1393 4285 sapientia
1438 4227 1660 4284 parente
1709 4200 1979 4285 suprema

399 4308 624 4366 virtutis
646 4309 801 4366 cultu
830 4317 991 4364 natus
1012 4319 1155 4364 erat.
1186 4306 1345 4362 Velut
1365 4310 1513 4362 enim
1542 4308 1787 4364 divinum
1823 4308 1975 4363 vehi-

404 4400 609 4466 culum,
642 4398 760 4454 sive
777 4398 1017 4455 eximius
1049 4397 1393 4454 divinissimo
1423 4395 1603 4454 Verbo
1629 4398 1829 4454 eximia
1857 4401 1982 4457 vita

407 4489 636 4556 ratione,
667 4490 929 4561 verbique
963 4490 1084 4545 luce
1105 4498 1315 4560 partus,
1350 4500 1622 4568 evaserat.

2039 607 2183 663 aeris
2214 623 2437 680 corpus.
2479 611 2610 666 solis
2668 612 2834 666 radiis
2870 611 3285 682 fulgoribusque
3320 613 3587 669 imlmtum
3608 654 3628 681 ,

2042 708 2324 772 letumque
2368 716 2435 759 ex
2469 712 2582 757 toto
2645 704 2954 760 cxsilientis
3022 703 3149 758 inde
3228 720 3291 759 ac
3340 706 3633 761 emicantis

2041 792 2349 863 splendoris
2401 808 2641 849 corusco
2692 794 2948 863 plenum,
3013 808 3179 848 unam
3229 792 3371 847 lucis
3412 793 3627 861 plenam

2041 901 2227 942 aream
2272 886 2447 943 oculis
2478 894 2828 957 reprmsentat
2867 902 2884 954 ;
2931 889 3005 939 ita
3046 896 3101 939 et
3136 886 3258 951 iste,
3290 883 3632 954 spiritalibus

2048 978 2197 1035 hisce
2238 978 2406 1033 radiis
2452 978 2635 1050 magni
2671 978 2894 1049 justitiae
2922 977 3067 1034 Solis
3108 978 3281 1033 aciem
3319 976 3630 1041 intendens,

2043 1086 2376 1141 omnemque
2402 1068 2720 1141 ejus,qucm
2744 1086 2907 1135 nemo
2939 1070 3139 1137 capiat,
3157 1069 3353 1124 eximia
3385 1069 3624 1139 quadam

2046 1163 2258 1218 ratione
2294 1163 2596 1218 claritatem
2638 1164 2880 1231 capiens,
2908 1162 3189 1232 animique
3227 1160 3482 1217 essentia
3508 1173 3636 1214 cor-

2048 1271 2179 1327 pore
2218 1256 2430 1310 vacanti
2474 1253 2865 1321 commisccus,
2914 1263 3066 1308 tanto
3098 1255 3297 1322 magis,
3328 1268 3433 1317 eo,
3466 1265 3632 1322 quem

2048 1346 2312 1410 diximus,
2343 1360 2489 1411 aere,
2521 1360 2636 1401 suae
2668 1344 2743 1399 illi
2781 1343 3127 1413 conjunctior
3161 1342 3270 1399 luci
3301 1342 3634 1407 ostenditur,

2050 1448 2256 1506 quanto
2316 1452 2409 1492 aer
2456 1437 2604 1490 brevi
2660 1437 2925 1505 temporis
2976 1435 3265 1489 intervallo
3322 1432 3637 1504 aspectabili

2051 1529 2170 1583 luce
2202 1530 2478 1596 perfusus,
2507 1527 2597 1581 illa
2616 1528 2904 1596 migrante,
2928 1526 3101 1581 noctis
3127 1541 3247 1582 mox
3277 1526 3515 1582 tenebris
3571 1538 3641 1580 ac

2050 1619 2281 1690 caligine
2313 1619 2611 1689 impletur;
2654 1618 2741 1671 hic
2769 1626 2949 1671 autem
2987 1617 3181 1682 semel,
3204 1617 3292 1682 iis,
3327 1631 3470 1688 quos
3498 1612 3645 1672 dixis

2055 1729 2202 1777 nuis,
2238 1712 2406 1768 radiis
2446 1713 2691 1767 animum
2738 1710 3022 1775 adhibens,
3061 1711 3251 1779 sicque
3288 1709 3487 1764 mentis
3528 1707 3645 1763 felio

2055 1808 2217 1861 citate
2253 1819 2443 1859 eorum
2495 1802 2706 1876 fulgore
2754 1801 3078 1867 illustratus,
3133 1816 3193 1856 ut
3237 1801 3416 1872 lucis(
3445 1815 3644 1868 nempe

2056 1897 2343 1967 Spiritalis)
2392 1895 2543 1951 ﬁlius
2592 1896 2848 1957 evaserit,
2888 1895 3009 1963 ejus
3044 1894 3256 1949 scilicet
3288 1909 3411 1962 qme
3448 1893 3503 1947 in
3548 1893 3642 1947 illo

2056 1991 2268 2045 ratione
2304 1988 2471 2044 nullis
2507 1987 2687 2044 verbis
2722 1986 3031 2058 explicabili
3062 1986 3357 2051 ,formata,
3393 1984 3511 2041 sive
3568 1984 3647 2040 si-

2053 2090 2219 2152 gnata
2268 2079 2361 2144 sit,
2402 2078 2666 2134 indivisus
2692 2094 2722 2132 a
2754 2086 2978 2147 parente
3008 2075 3063 2130 in
3100 2078 3362 2132 smculum
3409 2087 3594 2137 manet
3623 2089 3647 2143 ε

2057 2173 2260 2241 luxque
2287 2172 2551 2242 spiritalis
2577 2186 2643 2225 ac
2687 2187 2846 2241 pura,
2883 2186 2994 2226 non
3030 2170 3133 2227 sibi
3200 2170 3319 2240 ipse
3357 2170 3649 2239 duntaxat,

2056 2265 2153 2321 sed
2185 2274 2239 2320 et
2270 2264 2355 2321 his
2388 2265 2481 2335 qui
2522 2265 2600 2319 illi
2633 2265 2879 2321 animum
2922 2264 3232 2331 attendunt,
3297 2261 3530 2318 ciiicitur
3564 2267 3651 2318 at-

2055 2370 2167 2425 que
2199 2356 2471 2413 cernitur.

2128 2444 2269 2501 Cum
2313 2446 2481 2518 igitur
2530 2446 2679 2502 istud
2728 2447 2784 2501 in
2834 2462 2960 2502 eum
3010 2446 3238 2518 pulchre
3293 2445 3500 2501 dictum
3549 2444 3645 2512 sit,

2060 2539 2332 2609 fidemque
2365 2540 2626 2595 meruerit
2662 2555 2677 2603 ;
2711 2554 2810 2608 age
2838 2539 2952 2609 jam
2984 2554 3085 2594 nos
3118 2554 3229 2609 quo
3250 2554 3338 2605 rue
3370 2537 3650 2607 spiritales

2062 2628 2433 2699 intelligentia:
2468 2631 2672 2699 radios,
2711 2630 3049 2701 spiritalibus
3087 2628 3439 2702 intelligentia
3479 2627 3650 2683 animi

2064 2724 2315 2781 manibus
2346 2724 2620 2792 rapientes
2652 2724 2861 2795 (radios
2898 2724 3110 2779 scilicet
3135 2724 3399 2793 Gregorio
3426 2720 3650 2793 quidem

2065 2818 2388 2880 cmicantes.
2431 2826 2485 2873 at
2512 2818 2605 2890 qui
2637 2832 2668 2872 e
2695 2817 2839 2873 cmlo
2866 2816 2935 2872 ad
2970 2832 3071 2873 nos
3104 2831 3283 2886 usque
3328 2816 3650 2885 pervadant)

2063 2924 2484 2981 sermonemque
2518 2911 2763 2975 virtutis,
2797 2925 2863 2966 ac
2893 2908 3175 2981 sapientiae
3212 2907 3519 2964 summitati
3571 2907 3653 2963 la-

2066 3012 2283 3069 xantrl,
2300 3002 2535 3075 ejusque
2560 3016 2732 3060 sacra
2755 3000 3063 3072 Theologia:
3085 2998 3361 3072 profundo
3387 3000 3654 3055 intentam

2066 3103 2304 3150 mentem
2346 3095 2691 3163 adhibentes,
2738 3103 2906 3165 atque
2942 3092 3069 3149 inde
3117 3094 3262 3148 velut
3298 3091 3463 3148 claris
3493 3091 3653 3148 nobis

2065 3187 2310 3245 collectis
2348 3184 2674 3258 fulgoribus,
2704 3186 2759 3241 id
2802 3193 2907 3250 est,
2953 3183 3158 3240 divinis
3206 3184 3658 3241 illustratioribus

2070 3278 2475 3353 alfulgentibus,
2510 3280 2800 3350 praeclaras
2818 3276 3080 3347 'l'heologi
3112 3292 3202 3332 res
3263 3283 3428 3346 atque
3463 3276 3656 3331 merita

2071 3386 2169 3441 pro
2189 3386 2377 3427 eorum
2404 3380 2518 3427 tum
2542 3370 2895 3435 sublimitate,
2926 3379 3040 3424 tum
3066 3367 3355 3424 latitudine
3384 3376 3659 3423 contuen-

2072 3479 2171 3529 tes,
2204 3477 2366 3537 atque
2391 3469 2444 3522 in
2476 3483 2606 3523 eum
2642 3467 2807 3523 rectis
2832 3466 3034 3521 tuentis
3056 3464 3235 3520 oculis
3285 3479 3351 3521 ac
3383 3461 3659 3518 irretortis

2072 3562 2419 3621 intendentes
2443 3602 2462 3628 ,
2494 3563 2778 3635 proprium
2821 3562 2872 3617 ei
2910 3577 2976 3618 ac
3047 3559 3383 3615 conveniens
3458 3572 3662 3615 munus

2073 3658 2435 3729 charumque.
2468 3657 2691 3712 laudum
2726 3656 2996 3724 primitias
3021 3653 3339 3710 Oilei-amns.

2153 3752 2231 3805 Ac
2251 3764 2384 3805 vero
2409 3750 2699 3822 diligenter
2727 3757 2989 3804 attentam
3020 3747 3153 3801 mihi
3186 3762 3399 3810 aurem,
3431 3759 3495 3799 ac
3521 3743 3664 3800 bene

2075 3843 2357 3905 volentem
2393 3842 2637 3898 anitnum
2674 3881 2691 3908 ,
2747 3850 2984 3897 mentem
3066 3839 3303 3910 denique
3366 3839 3660 3894 mundanis

2077 3953 2175 3994 seu
2209 3936 2528 3992 carnalibus
2560 3934 2963 3991 turbationibus
2996 3933 3224 3988 liberam
3290 3930 3664 4000 mundamth

2077 4031 2364 4096 exhibete,
2439 4037 2709 4099 quotquot
2760 4026 2956 4082 merito
3012 4025 3333 4095 tlieoIOgicis
3404 4024 3665 4079 oblcctari

2078 4124 2310 4179 canticis
2382 4134 2546 4191 atque
2618 4121 2873 4175 laudibus
2925 4118 3244 4188 pet-optatis.
3300 4117 3467 4173 Plane
3514 4114 3664 4171 enim

2080 4219 2281 4283 oratio,
2318 4216 2395 4271 uti
2428 4231 2550 4286 quas
2590 4217 2820 4269 honesta
2853 4223 2979 4269 sunt
3020 4212 3233 4266 sincere
3265 4209 3616 4264 laudantibus
3645 4249 3664 4276 ,

2080 4312 2162 4369 sic
2203 4327 2332 4367 vero
2366 4312 2532 4366 etiam
2568 4311 2862 4381 prudenter
2898 4322 2962 4363 ac
2992 4315 3118 4360 cata
3152 4314 3335 4360 mente
3397 4304 3670 4360 audienti-

2082 4406 2206 4469 bus,
2237 4406 2397 4474 longe
2420 4402 2713 4459 utilissima
2744 4416 2808 4457 ac
2834 4401 3074 4457 salubris
3100 4398 3342 4454 essistit.

2155 4494 2290 4562 Quae
2323 4496 2605 4552 enimvero
2624 4494 2696 4550 ab
2728 4494 2855 4548 imis
2878 4489 3022 4547 haud
3045 4505 3205 4548 secus
3231 4503 3297 4546 ac
3321 4501 3522 4557 corpus
3548 4501 3669 4542 um-

484 4582 601 4650 Qua
628 4585 790 4655 igitur
821 4586 1036 4639 ratione
1062 4582 1142 4649 is,
1166 4583 1259 4653 qui
1287 4582 1453 4639 solari
1484 4581 1650 4655 globo
1690 4582 1834 4638 oeuli
1870 4583 1978 4638 vim
2005 4591 2063 4652 ι)
2087 4588 2199 4644 bim
2228 4597 2596 4655 asscctantur,
2627 4602 2728 4644 eeo
2752 4601 2877 4657 quas
2909 4585 2978 4639 ad
3002 4599 3192 4647 contra
3224 4597 3350 4654 qua:
3368 4582 3514 4636 dicta
3541 4587 3671 4651 sunt

405 4674 616 4747 deligit,
648 4676 814 4732 simul
861 4690 1080 4746 quoque
1116 4684 1429 4729 concretam
1464 4674 1539 4729 illi
1576 4675 1756 4729 lucem
1790 4689 1985 4732 neces-

403 4770 554 4823 sario
582 4768 848 4823 luminum
879 4767 994 4821 acie
1023 4766 1273 4837 attingit,
1306 4766 1385 4822 sic
1419 4766 1512 4838 qui
1544 4765 1725 4822 laudis
1755 4766 1981 4823 obtentu

399 4862 459 4918 in
493 4876 749 4931 magnum
782 4860 1102 4929 Gregorium
1132 4860 1370 4928 linguam
1403 4860 1669 4915 laxaverit
1698 4898 1714 4924 ,
1748 4858 1985 4914 Theolo-

395 4956 505 5027 εἰει)
544 4969 766 5024 quoque
811 4956 865 5007 in
898 4968 963 5007 eo
990 4952 1174 5008 sedem
1221 4952 1496 5014 habentis,
1551 4953 1666 5008 sive
1704 4954 1987 5023 sapientiae

398 5060 571 5121 atque
602 5047 839 5109 virtutis.
869 5047 1035 5102 dubio
1066 5046 1253 5116 procul
1288 5046 1491 5115 pariter
1515 5048 1704 5103 laudes
1738 5051 1987 5119 aggredi—

396 5155 515 5198 tur.
546 5142 677 5197 limc
702 5143 848 5197 enim
879 5158 983 5196 non
1015 5156 1204 5195 eorum
1238 5141 1330 5210 qui
1364 5139 1496 5195 foris
1519 5151 1648 5197 sunt
1679 5143 1985 5212 sapientum

400 5247 555 5306 typo,
610 5232 705 5288 sed
752 5234 911 5304 plane
962 5235 1263 5303 apostolica
1302 5249 1538 5298 norma,
1588 5250 1763 5305 neque
1801 5234 1987 5291 Graeca

407 5327 731 5392 ambitione,
771 5329 864 5381 sed
906 5326 1020 5396 lege
1064 5327 1374 5396 evangelica
1404 5328 1669 5399 scitisque
1698 5331 1838 5399 ejus,
1864 5346 1991 5385 con-

414 5420 768 5491 templatione
795 5421 997 5490 pariter
1022 5437 1083 5473 ac
1114 5423 1353 5483 actione,
1385 5422 1525 5475 velut
1560 5432 1751 5477 natura
1798 5440 1988 5478 essen-

417 5513 596 5583 tiaque
639 5513 902 5585 Gregorio
930 5524 1204 5577 conserta,
1251 5513 1409 5583 eique
1439 5526 1691 5569 coiicreta
1721 5531 1986 5585 apparue-

414 5615 563 5660 runt.
578 5604 777 5663 Parum
796 5606 1111 5674 abest,quin
1142 5615 1193 5660 et
1224 5605 1338 5661 haec
1361 5606 1657 5677 Gregorius
1675 5608 1889 5663 dicatur
1908 5620 1990 5663 to-

416 5710 513 5757 tus
526 5715 590 5756 ex
605 5710 720 5758 toto
737 5701 823 5756 his
844 5703 1189 5768 eommistus,
1210 5709 1269 5756 ut
1288 5701 1373 5755 vix
1396 5703 1467 5756 ab
1485 5703 1565 5759 eis
1583 5703 1763 5758 subtili
1794 5704 1992 5760 mentis

2082 4681 2302 4766 tandem
2332 4698 2442 4738 non
2473 4682 2767 4737 admodum
2795 4678 3107 4743 conferant,
3162 4677 3461 4731 omittenda
3489 4688 3671 4743 operm

2084 4774 2321 4847 pretium
2358 4777 2501 4831 duco
2530 4793 2545 4842 ;
2572 4790 2699 4830 cum
2730 4785 2787 4830 et
2816 4781 3080 4843 praterea
3113 4768 3266 4823 multi
3292 4767 3407 4837 jam
3446 4779 3508 4819 ea
3538 4778 3671 4819 con-

2086 4868 2446 4939 scripserint,
2489 4867 2711 4935 sintque
2767 4866 3025 4919 omnibus
3070 4861 3405 4930 conspicua,
3456 4858 3671 4912 tametsi

2088 4976 2193 5018 nos
2222 4960 2444 5015 minime
2479 4961 2823 5029 eloquamur.
2855 4957 3117 5024 Quasnam
3152 4971 3278 5008 vero
3321 4954 3437 5008 haec
3484 4950 3608 5006 dico
3649 4950 3674 5005 τ

2089 5051 2243 5116 Puta,
2266 5051 2450 5123 patriar
2502 5050 2841 5117 n‘tajestatcm
2866 5062 2929 5101 ac
2951 5044 3347 5115 praestantiam,
3367 5058 3478 5097 non
3501 5056 3669 5111 quam

2090 5143 2137 5197 is
2161 5158 2322 5213 quem
2343 5142 2648 5199 laudamus,
2669 5142 2793 5193 inde
2818 5136 3099 5206 percipiat,
3120 5136 3211 5190 sed
3242 5149 3348 5205 qua
3368 5135 3483 5203 ipse
3517 5134 3663 5186 illam

2089 5235 2274 5305 potius
2322 5229 2642 5287 excellentia
2686 5229 2906 5283 virtutis
2969 5226 3354 5297 impartiverit.
3408 5223 3619 5278 Etenim
3654 5263 3671 5288 ,

2096 5328 2557 5403 quemadmodum
2608 5340 2713 5378 non
2756 5338 2821 5377 ea
2868 5321 3079 5377 ratione
3130 5318 3358 5374 illustris
3394 5317 3670 5380 Christus.

2092 5421 2239 5493 quod
2267 5429 2427 5476 natus
2465 5419 2518 5472 in
2550 5415 2865 5480 Bethleem,
2893 5428 3052 5471 secus
3100 5426 3227 5464 vero
3263 5409 3352 5463 illa
3379 5407 3498 5477 ejus
3524 5406 3671 5461 clara

2096 5515 2385 5573 cunabulis
2427 5513 2658 5581 orbique
2688 5508 2921 5564 celebris
2941 5507 3147 5571 evasit;
3177 5504 3256 5559 sic
3276 5512 3331 5559 et
3351 5500 3672 5572 Gregorius,

2098 5628 2203 5667 non
2247 5617 2467 5679 propter
2505 5604 2873 5668 Nazianzum,
2912 5616 2980 5656 ex
3013 5614 3119 5669 qua
3171 5597 3327 5651 duxit
3370 5594 3671 5666 originem,

2099 5704 2405 5761 honestatis
2426 5700 2646 5759 cumulo
2669 5695 2874 5768 aliquid
2896 5693 3141 5767 accepit;
3172 5692 3302 5765 quin
3332 5689 3427 5747 illa
3455 5693 3677 5760 propter

486 5885 533 5920 ³⁸
557 5884 721 5945 Joau.
754 5902 793 5953 ι,
822 5885 882 5943 9.
954 5885 998 5920 κ
1025 5884 1044 5941 l
1073 5882 1199 5941 Cor.
1234 5900 1273 5954 ι,
1303 5884 1391 5941 30.
1470 5884 1511 5917 ³⁷
1546 5885 1565 5938 Ι
1597 5884 1726 5941 Cor.
1758 5900 1821 5950 II.
1851 5886 1886 5941 6

2067 5885 2196 5941 Padi.
2226 5901 2256 5938 ι.
2304 5884 2355 5938 8.
