  <div class='ocr_page' id='page_1' title='image "/cluster/home/n/w/nwhite01/storage/ocr_20150623/105/mdp.39015008714183/229.png"; bbox 0 0 4150 6298; ppageno 0'>
   <div class='ocr_carea' id='block_1_1' title="bbox 591 402 697 466">
    <p class='ocr_par' dir='ltr' id='par_1_1' title="bbox 591 402 697 466">
     <span class='ocr_line' id='line_1_1' title="bbox 591 402 697 466; baseline 0 0"><span class='ocrx_word' id='word_1_1' title='bbox 591 402 697 466; x_wconf 66' lang='grc'><strong>443</strong></span> 
     </span>
    </p>
   </div>
   <div class='ocr_carea' id='block_1_2' title="bbox 1771 401 2620 466">
    <p class='ocr_par' dir='ltr' id='par_1_2' title="bbox 1771 401 2620 466">
     <span class='ocr_line' id='line_1_2' title="bbox 1771 401 2620 466; baseline -0.005 0"><span class='ocrx_word' id='word_1_2' title='bbox 1771 403 2065 466; x_wconf 71' lang='grc' dir='ltr'><strong>ΝΙἘΕΤᾸΞ</strong></span> <span class='ocrx_word' id='word_1_3' title='bbox 2094 401 2286 465; x_wconf 80' lang='grc' dir='ltr'><strong>ΡΛΡΗ</strong></span> <span class='ocrx_word' id='word_1_4' title='bbox 2297 401 2541 463; x_wconf 74' lang='lat' dir='ltr'><strong>LAGON</strong></span> <span class='ocrx_word' id='word_1_5' title='bbox 2549 404 2620 462; x_wconf 89' lang='lat' dir='ltr'><strong>IS</strong></span> 
     </span>
    </p>
   </div>
   <div class='ocr_carea' id='block_1_3' title="bbox 3733 397 3843 463">
    <p class='ocr_par' dir='ltr' id='par_1_3' title="bbox 3733 397 3843 463">
     <span class='ocr_line' id='line_1_3' title="bbox 3733 397 3843 463; baseline 0.036 -4"><span class='ocrx_word' id='word_1_6' title='bbox 3733 397 3843 463; x_wconf 70' lang='lat' dir='ltr'><strong>HI.</strong></span> 
     </span>
    </p>
   </div>
   <div class='ocr_carea' id='block_1_4' title="bbox 590 513 3846 592">
    <p class='ocr_par' dir='ltr' id='par_1_4' title="bbox 590 513 3846 592">
     <span class='ocr_line' id='line_1_4' title="bbox 590 513 3846 592; baseline 0 -24"><span class='ocrx_word' id='word_1_7' title='bbox 590 514 912 586; x_wconf 74' lang='lat' dir='ltr'><strong>Gregorium</strong></span> <span class='ocrx_word' id='word_1_8' title='bbox 949 515 1000 569; x_wconf 90' lang='lat' dir='ltr'><strong>in</strong></span> <span class='ocrx_word' id='word_1_9' title='bbox 1030 515 1180 570; x_wconf 80' lang='lat' dir='ltr'><strong>orbis</strong></span> <span class='ocrx_word' id='word_1_10' title='bbox 1221 530 1396 586; x_wconf 88' lang='lat' dir='ltr'><strong>usque</strong></span> <span class='ocrx_word' id='word_1_11' title='bbox 1437 516 1572 572; x_wconf 86' lang='lat' dir='ltr'><strong>Ilncs</strong></span> <span class='ocrx_word' id='word_1_12' title='bbox 1607 516 1690 571; x_wconf 92' lang='lat' dir='ltr'><strong>sui</strong></span> <span class='ocrx_word' id='word_1_13' title='bbox 1731 518 2033 574; x_wconf 78' lang='lat' dir='ltr'><strong>claritatem</strong></span> <span class='ocrx_word' id='word_1_14' title='bbox 2065 531 2160 570; x_wconf 81' lang='lat' dir='ltr'><strong>no-</strong></span> <span class='ocrx_word' id='word_1_15' title='bbox 2195 518 2240 574; x_wconf 77' lang='grc' dir='ltr'><strong>Δ</strong></span> <span class='ocrx_word' id='word_1_16' title='bbox 2268 515 2650 580; x_wconf 82' lang='lat' dir='ltr'><strong>deterioribus,</strong></span> <span class='ocrx_word' id='word_1_17' title='bbox 2689 513 2781 568; x_wconf 87' lang='lat' dir='ltr'><strong>sed</strong></span> <span class='ocrx_word' id='word_1_18' title='bbox 2819 513 3318 592; x_wconf 65' lang='lat' dir='ltr'><strong>priestautioribus,</strong></span> <span class='ocrx_word' id='word_1_19' title='bbox 3374 529 3484 570; x_wconf 90' lang='lat' dir='ltr'><strong>non</strong></span> <span class='ocrx_word' id='word_1_20' title='bbox 3519 515 3588 570; x_wconf 85' lang='lat' dir='ltr'><strong>ab</strong></span> <span class='ocrx_word' id='word_1_21' title='bbox 3619 514 3846 586; x_wconf 70' lang='lat' dir='ltr'><strong>iis-qna!</strong></span> 
     </span>
    </p>
   </div>
   <div class='ocr_carea' id='block_1_5' title="bbox 589 605 2166 677">
    <p class='ocr_par' dir='ltr' id='par_1_5' title="bbox 589 605 2166 677">
     <span class='ocr_line' id='line_1_5' title="bbox 589 605 2166 677; baseline -0.001 -13"><span class='ocrx_word' id='word_1_22' title='bbox 589 610 755 664; x_wconf 86' lang='lat' dir='ltr'><strong>minis</strong></span> <span class='ocrx_word' id='word_1_23' title='bbox 795 607 1043 677; x_wconf 76' lang='lat' dir='ltr'><strong>protulit.</strong></span> <span class='ocrx_word' id='word_1_24' title='bbox 1079 605 1319 671; x_wconf 79' lang='lat' dir='ltr'><strong>Modum,</strong></span> <span class='ocrx_word' id='word_1_25' title='bbox 1354 622 1464 676; x_wconf 90' lang='lat' dir='ltr'><strong>quo</strong></span> <span class='ocrx_word' id='word_1_26' title='bbox 1516 607 1569 661; x_wconf 91' lang='lat' dir='ltr'><strong>in</strong></span> <span class='ocrx_word' id='word_1_27' title='bbox 1615 607 1788 662; x_wconf 90' lang='lat' dir='ltr'><strong>lucem</strong></span> <span class='ocrx_word' id='word_1_28' title='bbox 1828 617 2116 676; x_wconf 83' lang='lat' dir='ltr'><strong>susceptus</strong></span> <span class='ocrx_word' id='word_1_29' title='bbox 2145 624 2166 663; x_wconf 92' lang='lat'><strong><em>:</em></strong></span> 
     </span>
    </p>
   </div>
   <div class='ocr_carea' id='block_1_6' title="bbox 589 698 2168 771">
    <p class='ocr_par' dir='ltr' id='par_1_6' title="bbox 589 698 2168 771">
     <span class='ocr_line' id='line_1_6' title="bbox 589 698 2168 771; baseline 0.001 -16"><span class='ocrx_word' id='word_1_30' title='bbox 589 699 851 755; x_wconf 81' lang='lat' dir='ltr'><strong>maternis</strong></span> <span class='ocrx_word' id='word_1_31' title='bbox 881 699 1026 753; x_wconf 89' lang='lat' dir='ltr'><strong>enim</strong></span> <span class='ocrx_word' id='word_1_32' title='bbox 1050 698 1318 768; x_wconf 77' lang='lat' dir='ltr'><strong>precibus,</strong></span> <span class='ocrx_word' id='word_1_33' title='bbox 1350 713 1414 753; x_wconf 89' lang='lat' dir='ltr'><strong>ac</strong></span> <span class='ocrx_word' id='word_1_34' title='bbox 1445 699 1567 762; x_wconf 72' lang='lat' dir='ltr'><strong>title,</strong></span> <span class='ocrx_word' id='word_1_35' title='bbox 1603 700 1743 754; x_wconf 84' lang='lat' dir='ltr'><strong>haud</strong></span> <span class='ocrx_word' id='word_1_36' title='bbox 1768 715 1926 756; x_wconf 85' lang='lat' dir='ltr'><strong>secus</strong></span> <span class='ocrx_word' id='word_1_37' title='bbox 1953 717 2017 756; x_wconf 90' lang='lat' dir='ltr'><strong>ac</strong></span> <span class='ocrx_word' id='word_1_38' title='bbox 2045 716 2168 771; x_wconf 72' lang='lat' dir='ltr'><strong>qua:</strong></span> 
     </span>
    </p>
   </div>
   <div class='ocr_carea' id='block_1_7' title="bbox 588 791 2166 861">
    <p class='ocr_par' dir='ltr' id='par_1_7' title="bbox 588 791 2166 861">
     <span class='ocr_line' id='line_1_7' title="bbox 588 791 2166 861; baseline 0.002 -16"><span class='ocrx_word' id='word_1_39' title='bbox 588 791 766 847; x_wconf 80' lang='lat' dir='ltr'><strong>Verbo</strong></span> <span class='ocrx_word' id='word_1_40' title='bbox 812 792 1096 861; x_wconf 69' lang='lat' dir='ltr'><strong>praecurrit</strong></span> <span class='ocrx_word' id='word_1_41' title='bbox 1128 805 1251 858; x_wconf 80' lang='lat' dir='ltr'><strong>vox,</strong></span> <span class='ocrx_word' id='word_1_42' title='bbox 1289 800 1382 844; x_wconf 88' lang='lat' dir='ltr'><strong>aut</strong></span> <span class='ocrx_word' id='word_1_43' title='bbox 1422 791 1570 846; x_wconf 85' lang='lat' dir='ltr'><strong>velut</strong></span> <span class='ocrx_word' id='word_1_44' title='bbox 1601 804 1754 848; x_wconf 85' lang='lat' dir='ltr'><strong>sacer</strong></span> <span class='ocrx_word' id='word_1_45' title='bbox 1786 793 1876 848; x_wconf 89' lang='lat' dir='ltr'><strong>ille</strong></span> <span class='ocrx_word' id='word_1_46' title='bbox 1904 809 1966 847; x_wconf 80' lang='lat' dir='ltr'><strong>ex</strong></span> <span class='ocrx_word' id='word_1_47' title='bbox 2014 804 2166 848; x_wconf 85' lang='lat' dir='ltr'><strong>utero</strong></span> 
     </span>
    </p>
   </div>
   <div class='ocr_carea' id='block_1_8' title="bbox 587 885 2163 956">
    <p class='ocr_par' dir='ltr' id='par_1_8' title="bbox 587 885 2163 956">
     <span class='ocr_line' id='line_1_8' title="bbox 587 885 2163 956; baseline 0 -15"><span class='ocrx_word' id='word_1_48' title='bbox 587 886 834 950; x_wconf 82' lang='lat' dir='ltr'><strong>Samuel,</strong></span> <span class='ocrx_word' id='word_1_49' title='bbox 866 886 1213 955; x_wconf 84' lang='lat' dir='ltr'><strong>impetratus,</strong></span> <span class='ocrx_word' id='word_1_50' title='bbox 1254 885 1743 954; x_wconf 85' lang='lat' dir='ltr'><strong>earumquedubio</strong></span> <span class='ocrx_word' id='word_1_51' title='bbox 1760 886 1949 955; x_wconf 82' lang='lat' dir='ltr'><strong>procul</strong></span> <span class='ocrx_word' id='word_1_52' title='bbox 1977 894 2163 956; x_wconf 89' lang='lat' dir='ltr'><strong>partus</strong></span> 
     </span>
    </p>
   </div>
   <div class='ocr_carea' id='block_1_9' title="bbox 587 977 2162 1042">
    <p class='ocr_par' dir='ltr' id='par_1_9' title="bbox 587 977 2162 1042">
     <span class='ocr_line' id='line_1_9' title="bbox 587 977 2162 1042; baseline 0.001 -10"><span class='ocrx_word' id='word_1_53' title='bbox 587 978 758 1033; x_wconf 79' lang='lat' dir='ltr'><strong>audiit</strong></span> <span class='ocrx_word' id='word_1_54' title='bbox 812 993 876 1034; x_wconf 89' lang='lat' dir='ltr'><strong>ac</strong></span> <span class='ocrx_word' id='word_1_55' title='bbox 905 978 1151 1034; x_wconf 78' lang='lat' dir='ltr'><strong>effectus.</strong></span> <span class='ocrx_word' id='word_1_56' title='bbox 1191 977 1466 1034; x_wconf 73' lang='lat' dir='ltr'><strong>Urbanum</strong></span> <span class='ocrx_word' id='word_1_57' title='bbox 1500 977 1908 1042; x_wconf 79' lang='lat' dir='ltr'><strong>educationem,</strong></span> <span class='ocrx_word' id='word_1_58' title='bbox 1933 979 2162 1034; x_wconf 86' lang='lat' dir='ltr'><strong>scitam-</strong></span> 
     </span>
    </p>
   </div>
   <div class='ocr_carea' id='block_1_10' title="bbox 586 1071 2163 1142">
    <p class='ocr_par' dir='ltr' id='par_1_10' title="bbox 586 1071 2163 1142">
     <span class='ocr_line' id='line_1_10' title="bbox 586 1071 2163 1142; baseline 0.001 -18"><span class='ocrx_word' id='word_1_59' title='bbox 586 1086 728 1142; x_wconf 88' lang='lat' dir='ltr'><strong>que,</strong></span> <span class='ocrx_word' id='word_1_60' title='bbox 763 1086 827 1125; x_wconf 91' lang='lat' dir='ltr'><strong>ac</strong></span> <span class='ocrx_word' id='word_1_61' title='bbox 851 1086 957 1141; x_wconf 87' lang='lat' dir='ltr'><strong>qua</strong></span> <span class='ocrx_word' id='word_1_62' title='bbox 986 1071 1204 1126; x_wconf 87' lang='lat' dir='ltr'><strong>educari</strong></span> <span class='ocrx_word' id='word_1_63' title='bbox 1246 1085 1369 1126; x_wconf 88' lang='lat' dir='ltr'><strong>eum</strong></span> <span class='ocrx_word' id='word_1_64' title='bbox 1406 1072 1661 1135; x_wconf 84' lang='lat' dir='ltr'><strong>decebat,</strong></span> <span class='ocrx_word' id='word_1_65' title='bbox 1703 1071 1793 1142; x_wconf 87' lang='lat' dir='ltr'><strong>qui</strong></span> <span class='ocrx_word' id='word_1_66' title='bbox 1815 1080 2163 1127; x_wconf 86' lang='lat' dir='ltr'><strong>sacrosancta</strong></span> 
     </span>
    </p>
   </div>
   <div class='ocr_carea' id='block_1_11' title="bbox 586 1162 2158 1235">
    <p class='ocr_par' dir='ltr' id='par_1_11' title="bbox 586 1162 2158 1235">
     <span class='ocr_line' id='line_1_11' title="bbox 586 1162 2158 1235; baseline -0.001 -16"><span class='ocrx_word' id='word_1_67' title='bbox 586 1164 897 1234; x_wconf 81' lang='lat' dir='ltr'><strong>decensque</strong></span> <span class='ocrx_word' id='word_1_68' title='bbox 940 1163 1156 1219; x_wconf 88' lang='lat' dir='ltr'><strong>virtutis</strong></span> <span class='ocrx_word' id='word_1_69' title='bbox 1195 1165 1409 1219; x_wconf 84' lang='lat' dir='ltr'><strong>oﬂicina</strong></span> <span class='ocrx_word' id='word_1_70' title='bbox 1451 1166 1670 1220; x_wconf 87' lang='lat' dir='ltr'><strong>futurus</strong></span> <span class='ocrx_word' id='word_1_71' title='bbox 1707 1173 1845 1219; x_wconf 88' lang='lat' dir='ltr'><strong>erat.</strong></span> <span class='ocrx_word' id='word_1_72' title='bbox 1879 1162 2158 1235; x_wconf 83' lang='lat' dir='ltr'><strong>Ingenium</strong></span> 
     </span>
    </p>
   </div>
   <div class='ocr_carea' id='block_1_12' title="bbox 585 1256 2157 1325">
    <p class='ocr_par' dir='ltr' id='par_1_12' title="bbox 585 1256 2157 1325">
     <span class='ocr_line' id='line_1_12' title="bbox 585 1256 2157 1325; baseline 0.001 -15"><span class='ocrx_word' id='word_1_73' title='bbox 585 1256 805 1320; x_wconf 84' lang='lat' dir='ltr'><strong>subtile,</strong></span> <span class='ocrx_word' id='word_1_74' title='bbox 845 1271 909 1310; x_wconf 86' lang='lat' dir='ltr'><strong>ac</strong></span> <span class='ocrx_word' id='word_1_75' title='bbox 934 1256 1350 1325; x_wconf 77' lang='lat' dir='ltr'><strong>capacissimum</strong></span> <span class='ocrx_word' id='word_1_76' title='bbox 1384 1256 1436 1310; x_wconf 88' lang='lat' dir='ltr'><strong>in</strong></span> <span class='ocrx_word' id='word_1_77' title='bbox 1460 1257 1691 1324; x_wconf 82' lang='lat' dir='ltr'><strong>juvene,</strong></span> <span class='ocrx_word' id='word_1_78' title='bbox 1722 1272 1788 1311; x_wconf 89' lang='lat' dir='ltr'><strong>ac</strong></span> <span class='ocrx_word' id='word_1_79' title='bbox 1819 1266 2007 1312; x_wconf 85' lang='lat' dir='ltr'><strong>tenero</strong></span> <span class='ocrx_word' id='word_1_80' title='bbox 2029 1272 2157 1312; x_wconf 89' lang='lat' dir='ltr'><strong>cor-</strong></span> 
     </span>
    </p>
   </div>
   <div class='ocr_carea' id='block_1_13' title="bbox 583 1345 2160 1426">
    <p class='ocr_par' dir='ltr' id='par_1_13' title="bbox 583 1345 2160 1426">
     <span class='ocr_line' id='line_1_13' title="bbox 583 1345 2160 1426; baseline 0.001 -25"><span class='ocrx_word' id='word_1_81' title='bbox 583 1361 717 1418; x_wconf 83' lang='lat' dir='ltr'><strong>pore</strong></span> <span class='ocrx_word' id='word_1_82' title='bbox 745 1347 1076 1426; x_wconf 83' lang='lat' dir='ltr'><strong>;-animique</strong></span> <span class='ocrx_word' id='word_1_83' title='bbox 1105 1345 1382 1401; x_wconf 83' lang='lat' dir='ltr'><strong>solertiam</strong></span> <span class='ocrx_word' id='word_1_84' title='bbox 1428 1357 1652 1409; x_wconf 82' lang='lat' dir='ltr'><strong>tantam,</strong></span> <span class='ocrx_word' id='word_1_85' title='bbox 1688 1348 2043 1418; x_wconf 75' lang='lat' dir='ltr'><strong>sagacitatem</strong></span> <span class='ocrx_word' id='word_1_86' title='bbox 2097 1365 2160 1402; x_wconf 90' lang='lat' dir='ltr'><strong>ac</strong></span> 
     </span>
    </p>
   </div>
   <div class='ocr_carea' id='block_1_14' title="bbox 584 1438 2153 1510">
    <p class='ocr_par' dir='ltr' id='par_1_14' title="bbox 584 1438 2153 1510">
     <span class='ocr_line' id='line_1_14' title="bbox 584 1438 2153 1510; baseline 0.001 -20"><span class='ocrx_word' id='word_1_87' title='bbox 584 1438 983 1507; x_wconf 70' lang='lat' dir='ltr'><strong>prmstantiam,</strong></span> <span class='ocrx_word' id='word_1_88' title='bbox 1007 1449 1207 1505; x_wconf 86' lang='lat' dir='ltr'><strong>quanta</strong></span> <span class='ocrx_word' id='word_1_89' title='bbox 1239 1454 1362 1493; x_wconf 92' lang='lat' dir='ltr'><strong>eum</strong></span> <span class='ocrx_word' id='word_1_90' title='bbox 1397 1440 1581 1494; x_wconf 85' lang='lat' dir='ltr'><strong>statim</strong></span> <span class='ocrx_word' id='word_1_91' title='bbox 1606 1439 1881 1510; x_wconf 77' lang='lat' dir='ltr'><strong>designari</strong></span> <span class='ocrx_word' id='word_1_92' title='bbox 1912 1440 2153 1504; x_wconf 82' lang='lat' dir='ltr'><strong>decebat,</strong></span> 
     </span>
    </p>
   </div>
   <div class='ocr_carea' id='block_1_15' title="bbox 581 1532 2154 1603">
    <p class='ocr_par' dir='ltr' id='par_1_15' title="bbox 581 1532 2154 1603">
     <span class='ocr_line' id='line_1_15' title="bbox 581 1532 2154 1603; baseline -0.002 -18"><span class='ocrx_word' id='word_1_93' title='bbox 581 1533 675 1601; x_wconf 90' lang='lat' dir='ltr'><strong>qui</strong></span> <span class='ocrx_word' id='word_1_94' title='bbox 717 1532 964 1586; x_wconf 76' lang='lat' dir='ltr'><strong>divinum</strong></span> <span class='ocrx_word' id='word_1_95' title='bbox 1024 1548 1090 1587; x_wconf 84' lang='lat' dir='ltr'><strong>ac</strong></span> <span class='ocrx_word' id='word_1_96' title='bbox 1151 1533 1500 1603; x_wconf 82' lang='lat' dir='ltr'><strong>magniﬁcum</strong></span> <span class='ocrx_word' id='word_1_97' title='bbox 1549 1533 1829 1602; x_wconf 65' lang='lat' dir='ltr'><strong>sapientiae</strong></span> <span class='ocrx_word' id='word_1_98' title='bbox 1874 1533 2154 1587; x_wconf 85' lang='lat' dir='ltr'><strong>delubrum</strong></span> 
     </span>
    </p>
   </div>
   <div class='ocr_carea' id='block_1_16' title="bbox 579 1622 980 1678">
    <p class='ocr_par' dir='ltr' id='par_1_16' title="bbox 579 1622 980 1678">
     <span class='ocr_line' id='line_1_16' title="bbox 579 1622 980 1678; baseline 0.005 -2"><span class='ocrx_word' id='word_1_99' title='bbox 579 1622 980 1678; x_wconf 64' lang='lat' dir='ltr'><strong>exstmbatur.</strong></span> 
     </span>
    </p>
   </div>
   <div class='ocr_carea' id='block_1_17' title="bbox 650 1714 2154 1787">
    <p class='ocr_par' dir='ltr' id='par_1_17' title="bbox 650 1714 2154 1787">
     <span class='ocr_line' id='line_1_17' title="bbox 650 1714 2154 1787; baseline 0.003 -20"><span class='ocrx_word' id='word_1_100' title='bbox 650 1714 734 1767; x_wconf 79' lang='lat' dir='ltr'><strong>Ad</strong></span> <span class='ocrx_word' id='word_1_101' title='bbox 754 1714 867 1768; x_wconf 68' lang='lat' dir='ltr'><strong>haac</strong></span> <span class='ocrx_word' id='word_1_102' title='bbox 899 1714 1078 1769; x_wconf 85' lang='lat' dir='ltr'><strong>varias</strong></span> <span class='ocrx_word' id='word_1_103' title='bbox 1111 1715 1411 1785; x_wconf 73' lang='lat' dir='ltr'><strong>disciplina:</strong></span> <span class='ocrx_word' id='word_1_104' title='bbox 1437 1731 1602 1771; x_wconf 82' lang='lat' dir='ltr'><strong>causa</strong></span> <span class='ocrx_word' id='word_1_105' title='bbox 1631 1731 1854 1787; x_wconf 76' lang='lat' dir='ltr'><strong>peregre</strong></span> <span class='ocrx_word' id='word_1_106' title='bbox 1872 1726 2154 1787; x_wconf 87' lang='lat' dir='ltr'><strong>susceptas</strong></span> 
     </span>
    </p>
   </div>
   <div class='ocr_carea' id='block_1_18' title="bbox 577 1805 2149 1880">
    <p class='ocr_par' dir='ltr' id='par_1_18' title="bbox 577 1805 2149 1880">
     <span class='ocr_line' id='line_1_18' title="bbox 577 1805 2149 1880; baseline 0.004 -21"><span class='ocrx_word' id='word_1_107' title='bbox 577 1805 941 1872; x_wconf 78' lang='lat' dir='ltr'><strong>profectiones</strong></span> <span class='ocrx_word' id='word_1_108' title='bbox 971 1823 1034 1863; x_wconf 88' lang='lat' dir='ltr'><strong>ac</strong></span> <span class='ocrx_word' id='word_1_109' title='bbox 1054 1809 1245 1863; x_wconf 82' lang='lat' dir='ltr'><strong>itinera</strong></span> <span class='ocrx_word' id='word_1_110' title='bbox 1269 1827 1281 1875; x_wconf 90' lang='lat'><strong>;</strong></span> <span class='ocrx_word' id='word_1_111' title='bbox 1307 1822 1459 1880; x_wconf 89' lang='lat' dir='ltr'><strong>puta,</strong></span> <span class='ocrx_word' id='word_1_112' title='bbox 1485 1810 1759 1864; x_wconf 72' lang='lat' dir='ltr'><strong>Nazianzo</strong></span> <span class='ocrx_word' id='word_1_113' title='bbox 1806 1812 2110 1866; x_wconf 68' lang='lat' dir='ltr'><strong>Caesaream</strong></span> <span class='ocrx_word' id='word_1_114' title='bbox 2135 1830 2149 1878; x_wconf 87' lang='lat'><strong>;</strong></span> 
     </span>
    </p>
   </div>
   <div class='ocr_carea' id='block_1_19' title="bbox 574 1895 2151 1971">
    <p class='ocr_par' dir='ltr' id='par_1_19' title="bbox 574 1895 2151 1971">
     <span class='ocr_line' id='line_1_19' title="bbox 574 1895 2151 1971; baseline 0.005 -20"><span class='ocrx_word' id='word_1_115' title='bbox 574 1895 810 1969; x_wconf 79' lang='lat' dir='ltr'><strong>in&#39;deque</strong></span> <span class='ocrx_word' id='word_1_116' title='bbox 843 1897 1270 1956; x_wconf 73' lang='lat' dir='ltr'><strong>in&quot;Pa|:estinam</strong></span> <span class='ocrx_word' id='word_1_117' title='bbox 1308 1921 1321 1965; x_wconf 85' lang='lat'><strong>;</strong></span> <span class='ocrx_word' id='word_1_118' title='bbox 1356 1919 1531 1971; x_wconf 82' lang='lat' dir='ltr'><strong>exque</strong></span> <span class='ocrx_word' id='word_1_119' title='bbox 1563 1903 1846 1959; x_wconf 62' lang='lat' dir='ltr'><strong>Palaestina</strong></span> <span class='ocrx_word' id='word_1_120' title='bbox 1913 1905 2117 1960; x_wconf 80' lang='lat' dir='ltr'><strong>Alexau</strong></span> <span class='ocrx_word' id='word_1_121' title='bbox 2139 1934 2151 1944; x_wconf 90' lang='lat'><strong><em>-</em></strong></span> 
     </span>
    </p>
   </div>
   <div class='ocr_carea' id='block_1_20' title="bbox 573 1990 2142 2066">
    <p class='ocr_par' dir='ltr' id='par_1_20' title="bbox 573 1990 2142 2066">
     <span class='ocr_line' id='line_1_20' title="bbox 573 1990 2142 2066; baseline 0.004 -22"><span class='ocrx_word' id='word_1_122' title='bbox 573 1990 750 2044; x_wconf 87' lang='lat' dir='ltr'><strong>driam</strong></span> <span class='ocrx_word' id='word_1_123' title='bbox 782 2006 796 2056; x_wconf 89' lang='lat'><strong>;</strong></span> <span class='ocrx_word' id='word_1_124' title='bbox 844 1991 1176 2054; x_wconf 70' lang='lat' dir='ltr'><strong>Alexandria</strong></span> <span class='ocrx_word' id='word_1_125' title='bbox 1225 1995 1278 2047; x_wconf 93' lang='lat' dir='ltr'><strong>in</strong></span> <span class='ocrx_word' id='word_1_126' title='bbox 1310 1993 1600 2058; x_wconf 70' lang='lat' dir='ltr'><strong>Grieciam,</strong></span> <span class='ocrx_word' id='word_1_127' title='bbox 1643 1996 2000 2066; x_wconf 83' lang='lat' dir='ltr'><strong>Athenasque</strong></span> <span class='ocrx_word' id='word_1_128' title='bbox 2037 2013 2142 2050; x_wconf 85' lang='lat' dir='ltr'><strong>ma-</strong></span> 
     </span>
    </p>
   </div>
   <div class='ocr_carea' id='block_1_21' title="bbox 572 2083 2152 2159">
    <p class='ocr_par' dir='ltr' id='par_1_21' title="bbox 572 2083 2152 2159">
     <span class='ocr_line' id='line_1_21' title="bbox 572 2083 2152 2159; baseline 0.004 -23"><span class='ocrx_word' id='word_1_129' title='bbox 572 2098 741 2154; x_wconf 80' lang='lat' dir='ltr'><strong>gnum</strong></span> <span class='ocrx_word' id='word_1_130' title='bbox 778 2083 910 2138; x_wconf 89' lang='lat' dir='ltr'><strong>illud</strong></span> <span class='ocrx_word' id='word_1_131' title='bbox 941 2085 1317 2140; x_wconf 86' lang='lat' dir='ltr'><strong>doctrinarum</strong></span> <span class='ocrx_word' id='word_1_132' title='bbox 1341 2088 1532 2151; x_wconf 86' lang='lat' dir='ltr'><strong>decus,</strong></span> <span class='ocrx_word' id='word_1_133' title='bbox 1559 2103 1622 2142; x_wconf 90' lang='lat' dir='ltr'><strong>ac</strong></span> <span class='ocrx_word' id='word_1_134' title='bbox 1644 2102 1833 2142; x_wconf 90' lang='lat' dir='ltr'><strong>earum</strong></span> <span class='ocrx_word' id='word_1_135' title='bbox 1859 2089 2099 2159; x_wconf 82' lang='lat' dir='ltr'><strong>reginam</strong></span> <span class='ocrx_word' id='word_1_136' title='bbox 2138 2105 2152 2149; x_wconf 83' lang='lat'><strong>:</strong></span> 
     </span>
    </p>
   </div>
   <div class='ocr_carea' id='block_1_22' title="bbox 573 2177 2146 2251">
    <p class='ocr_par' dir='ltr' id='par_1_22' title="bbox 573 2177 2146 2251">
     <span class='ocr_line' id='line_1_22' title="bbox 573 2177 2146 2251; baseline 0.003 -17"><span class='ocrx_word' id='word_1_137' title='bbox 573 2177 668 2234; x_wconf 83' lang='lat' dir='ltr'><strong>ubi</strong></span> <span class='ocrx_word' id='word_1_138' title='bbox 699 2177 887 2233; x_wconf 89' lang='lat' dir='ltr'><strong>divino</strong></span> <span class='ocrx_word' id='word_1_139' title='bbox 917 2178 1118 2234; x_wconf 86' lang='lat' dir='ltr'><strong>Basilio</strong></span> <span class='ocrx_word' id='word_1_140' title='bbox 1149 2181 1299 2249; x_wconf 87' lang='lat' dir='ltr'><strong>paris</strong></span> <span class='ocrx_word' id='word_1_141' title='bbox 1329 2179 1632 2251; x_wconf 73' lang='lat' dir='ltr'><strong>disciplina:</strong></span> <span class='ocrx_word' id='word_1_142' title='bbox 1661 2197 1825 2237; x_wconf 88' lang='lat' dir='ltr'><strong>causa</strong></span> <span class='ocrx_word' id='word_1_143' title='bbox 1857 2181 1967 2236; x_wconf 91' lang='lat' dir='ltr'><strong>illic</strong></span> <span class='ocrx_word' id='word_1_144' title='bbox 1998 2196 2146 2248; x_wconf 87' lang='lat' dir='ltr'><strong>pcre-</strong></span> 
     </span>
    </p>
   </div>
   <div class='ocr_carea' id='block_1_23' title="bbox 572 2270 2148 2345">
    <p class='ocr_par' dir='ltr' id='par_1_23' title="bbox 572 2270 2148 2345">
     <span class='ocr_line' id='line_1_23' title="bbox 572 2270 2148 2345; baseline 0.003 -23"><span class='ocrx_word' id='word_1_145' title='bbox 572 2285 670 2340; x_wconf 75' lang='lat' dir='ltr'><strong>gre</strong></span> <span class='ocrx_word' id='word_1_146' title='bbox 690 2270 868 2341; x_wconf 86' lang='lat' dir='ltr'><strong>agenti</strong></span> <span class='ocrx_word' id='word_1_147' title='bbox 899 2287 1250 2341; x_wconf 76' lang='lat' dir='ltr'><strong>congressus,</strong></span> <span class='ocrx_word' id='word_1_148' title='bbox 1279 2273 1534 2345; x_wconf 85' lang='lat' dir='ltr'><strong>illiusque</strong></span> <span class='ocrx_word' id='word_1_149' title='bbox 1565 2290 1698 2331; x_wconf 85' lang='lat' dir='ltr'><strong>usus</strong></span> <span class='ocrx_word' id='word_1_150' title='bbox 1730 2277 2148 2338; x_wconf 78' lang='lat' dir='ltr'><strong>consuetudine,</strong></span> 
     </span>
    </p>
   </div>
   <div class='ocr_carea' id='block_1_24' title="bbox 573 2354 2148 2433">
    <p class='ocr_par' dir='ltr' id='par_1_24' title="bbox 573 2354 2148 2433">
     <span class='ocr_line' id='line_1_24' title="bbox 573 2354 2148 2433; baseline 0.001 -18"><span class='ocrx_word' id='word_1_151' title='bbox 573 2354 776 2416; x_wconf 82' lang='lat' dir='ltr'><strong>nedum</strong></span> <span class='ocrx_word' id='word_1_152' title='bbox 816 2365 966 2424; x_wconf 86' lang='lat' dir='ltr'><strong>tecti,</strong></span> <span class='ocrx_word' id='word_1_153' title='bbox 1011 2363 1320 2433; x_wconf 83' lang='lat' dir='ltr'><strong>vietusque,</strong></span> <span class='ocrx_word' id='word_1_154' title='bbox 1355 2379 1419 2419; x_wconf 90' lang='lat' dir='ltr'><strong>ac</strong></span> <span class='ocrx_word' id='word_1_155' title='bbox 1459 2366 1904 2422; x_wconf 61' lang='lat' dir='ltr'><strong>mensasocium</strong></span> <span class='ocrx_word' id='word_1_156' title='bbox 1939 2355 2148 2429; x_wconf 80' lang='lat' dir='ltr'><strong>habuit,</strong></span> 
     </span>
    </p>
   </div>
   <div class='ocr_carea' id='block_1_25' title="bbox 573 2453 2151 2529">
    <p class='ocr_par' dir='ltr' id='par_1_25' title="bbox 573 2453 2151 2529">
     <span class='ocr_line' id='line_1_25' title="bbox 573 2453 2151 2529; baseline 0.006 -22"><span class='ocrx_word' id='word_1_157' title='bbox 573 2453 668 2507; x_wconf 84' lang='lat' dir='ltr'><strong>sed</strong></span> <span class='ocrx_word' id='word_1_158' title='bbox 712 2464 766 2509; x_wconf 88' lang='lat' dir='ltr'><strong>ct</strong></span> <span class='ocrx_word' id='word_1_159' title='bbox 812 2453 1305 2524; x_wconf 88' lang='lat' dir='ltr'><strong>pulcherrimarum</strong></span> <span class='ocrx_word' id='word_1_160' title='bbox 1355 2457 1808 2528; x_wconf 85' lang='lat' dir='ltr'><strong>disciplinarum,</strong></span> <span class='ocrx_word' id='word_1_161' title='bbox 1861 2460 2151 2529; x_wconf 80' lang='lat' dir='ltr'><strong>omnisque</strong></span> 
     </span>
    </p>
   </div>
   <div class='ocr_carea' id='block_1_26' title="bbox 572 2533 2150 2620">
    <p class='ocr_par' dir='ltr' id='par_1_26' title="bbox 572 2533 2150 2620">
     <span class='ocr_line' id='line_1_26' title="bbox 572 2533 2150 2620; baseline 0.004 -22"><span class='ocrx_word' id='word_1_162' title='bbox 572 2543 791 2599; x_wconf 86' lang='lat' dir='ltr'><strong>virtutis</strong></span> <span class='ocrx_word' id='word_1_163' title='bbox 833 2547 1090 2601; x_wconf 81' lang='lat' dir='ltr'><strong>concordi</strong></span> <span class='ocrx_word' id='word_1_164' title='bbox 1127 2549 1327 2604; x_wconf 89' lang='lat' dir='ltr'><strong>mentis</strong></span> <span class='ocrx_word' id='word_1_165' title='bbox 1355 2533 1667 2619; x_wconf 84' lang='lat' dir='ltr'><strong>proposito,</strong></span> <span class='ocrx_word' id='word_1_166' title='bbox 1716 2565 1931 2620; x_wconf 87' lang='lat' dir='ltr'><strong>unaque</strong></span> <span class='ocrx_word' id='word_1_167' title='bbox 1981 2539 2150 2606; x_wconf 88' lang='lat' dir='ltr'><strong>animi</strong></span> 
     </span>
    </p>
   </div>
   <div class='ocr_carea' id='block_1_27' title="bbox 571 2636 2151 2712">
    <p class='ocr_par' dir='ltr' id='par_1_27' title="bbox 571 2636 2151 2712">
     <span class='ocr_line' id='line_1_27' title="bbox 571 2636 2151 2712; baseline 0.006 -20"><span class='ocrx_word' id='word_1_168' title='bbox 571 2636 973 2705; x_wconf 81' lang='lat' dir='ltr'><strong>conspiratione</strong></span> <span class='ocrx_word' id='word_1_169' title='bbox 1013 2653 1170 2710; x_wconf 63' lang='lat' dir='ltr'><strong>atque</strong></span> <span class='ocrx_word' id='word_1_170' title='bbox 1209 2639 1286 2694; x_wconf 89' lang='lat' dir='ltr'><strong>illi</strong></span> <span class='ocrx_word' id='word_1_171' title='bbox 1314 2641 1585 2712; x_wconf 86' lang='lat' dir='ltr'><strong>particeps</strong></span> <span class='ocrx_word' id='word_1_172' title='bbox 1620 2647 1873 2699; x_wconf 83' lang='lat' dir='ltr'><strong>accessit.</strong></span> <span class='ocrx_word' id='word_1_173' title='bbox 1918 2643 2151 2701; x_wconf 84' lang='lat' dir='ltr'><strong>Athenis</strong></span> 
     </span>
    </p>
   </div>
   <div class='ocr_carea' id='block_1_28' title="bbox 569 2725 2148 2801">
    <p class='ocr_par' dir='ltr' id='par_1_28' title="bbox 569 2725 2148 2801">
     <span class='ocr_line' id='line_1_28' title="bbox 569 2725 2148 2801; baseline 0.009 -25"><span class='ocrx_word' id='word_1_174' title='bbox 569 2739 700 2780; x_wconf 75' lang='lat' dir='ltr'><strong>vero</strong></span> <span class='ocrx_word' id='word_1_175' title='bbox 739 2725 1083 2798; x_wconf 82' lang='lat' dir='ltr'><strong>Byzantium,</strong></span> <span class='ocrx_word' id='word_1_176' title='bbox 1118 2729 1305 2783; x_wconf 87' lang='lat' dir='ltr'><strong>urbem</strong></span> <span class='ocrx_word' id='word_1_177' title='bbox 1349 2730 1558 2786; x_wconf 82' lang='lat' dir='ltr'><strong>scilicet</strong></span> <span class='ocrx_word' id='word_1_178' title='bbox 1585 2732 1696 2801; x_wconf 86' lang='lat' dir='ltr'><strong>jam</strong></span> <span class='ocrx_word' id='word_1_179' title='bbox 1736 2732 1850 2788; x_wconf 86' lang='lat' dir='ltr'><strong>fere</strong></span> <span class='ocrx_word' id='word_1_180' title='bbox 1877 2749 2148 2790; x_wconf 83' lang='lat' dir='ltr'><strong>summam</strong></span> 
     </span>
    </p>
   </div>
   <div class='ocr_carea' id='block_1_29' title="bbox 565 2819 2150 2891">
    <p class='ocr_par' dir='ltr' id='par_1_29' title="bbox 565 2819 2150 2891">
     <span class='ocr_line' id='line_1_29' title="bbox 565 2819 2150 2891; baseline 0.006 -17"><span class='ocrx_word' id='word_1_181' title='bbox 565 2819 717 2874; x_wconf 84' lang='lat' dir='ltr'><strong>orbis</strong></span> <span class='ocrx_word' id='word_1_182' title='bbox 739 2835 945 2885; x_wconf 86' lang='lat' dir='ltr'><strong>arcem,</strong></span> <span class='ocrx_word' id='word_1_183' title='bbox 980 2821 1035 2875; x_wconf 83' lang='lat' dir='ltr'><strong>in</strong></span> <span class='ocrx_word' id='word_1_184' title='bbox 1079 2837 1267 2891; x_wconf 85' lang='lat' dir='ltr'><strong>quam,</strong></span> <span class='ocrx_word' id='word_1_185' title='bbox 1296 2821 1371 2877; x_wconf 89' lang='lat' dir='ltr'><strong>uti</strong></span> <span class='ocrx_word' id='word_1_186' title='bbox 1403 2824 1622 2889; x_wconf 66' lang='lat' dir='ltr'><strong>reliquae</strong></span> <span class='ocrx_word' id='word_1_187' title='bbox 1640 2835 1910 2882; x_wconf 81' lang='lat' dir='ltr'><strong>terrarum</strong></span> <span class='ocrx_word' id='word_1_188' title='bbox 1946 2823 2150 2883; x_wconf 69' lang='lat' dir='ltr'><strong>divitiae</strong></span> 
     </span>
    </p>
   </div>
   <div class='ocr_carea' id='block_1_30' title="bbox 566 2917 2146 2987">
    <p class='ocr_par' dir='ltr' id='par_1_30' title="bbox 566 2917 2146 2987">
     <span class='ocr_line' id='line_1_30' title="bbox 566 2917 2146 2987; baseline 0.006 -21"><span class='ocrx_word' id='word_1_189' title='bbox 566 2925 635 2966; x_wconf 82' lang='lat' dir='ltr'><strong>ac</strong></span> <span class='ocrx_word' id='word_1_190' title='bbox 663 2922 988 2967; x_wconf 86' lang='lat' dir='ltr'><strong>ornamenta</strong></span> <span class='ocrx_word' id='word_1_191' title='bbox 1030 2928 1127 2984; x_wconf 88' lang='lat' dir='ltr'><strong>pro</strong></span> <span class='ocrx_word' id='word_1_192' title='bbox 1160 2925 1407 2987; x_wconf 66' lang='lat' dir='ltr'><strong>angustae</strong></span> <span class='ocrx_word' id='word_1_193' title='bbox 1433 2917 1585 2972; x_wconf 83' lang='lat' dir='ltr'><strong>urbis</strong></span> <span class='ocrx_word' id='word_1_194' title='bbox 1626 2918 1912 2986; x_wconf 86' lang='lat' dir='ltr'><strong>majestate</strong></span> <span class='ocrx_word' id='word_1_195' title='bbox 1944 2935 2146 2976; x_wconf 82' lang='lat' dir='ltr'><strong>corrre-</strong></span> 
     </span>
    </p>
   </div>
   <div class='ocr_carea' id='block_1_31' title="bbox 567 3004 2144 3080">
    <p class='ocr_par' dir='ltr' id='par_1_31' title="bbox 567 3004 2144 3080">
     <span class='ocr_line' id='line_1_31' title="bbox 567 3004 2144 3080; baseline 0.006 -22"><span class='ocrx_word' id='word_1_196' title='bbox 567 3005 782 3059; x_wconf 73' lang='lat' dir='ltr'><strong>ttienter</strong></span> <span class='ocrx_word' id='word_1_197' title='bbox 825 3004 1224 3074; x_wconf 80' lang='lat' dir='ltr'><strong>inferebantur,</strong></span> <span class='ocrx_word' id='word_1_198' title='bbox 1266 3008 1346 3062; x_wconf 73' lang='lat' dir='ltr'><strong>sic</strong></span> <span class='ocrx_word' id='word_1_199' title='bbox 1390 3024 1612 3079; x_wconf 85' lang='lat' dir='ltr'><strong>quoque</strong></span> <span class='ocrx_word' id='word_1_200' title='bbox 1658 3021 1787 3066; x_wconf 92' lang='lat' dir='ltr'><strong>tunc</strong></span> <span class='ocrx_word' id='word_1_201' title='bbox 1829 3013 1973 3080; x_wconf 91' lang='lat' dir='ltr'><strong>quod</strong></span> <span class='ocrx_word' id='word_1_202' title='bbox 2017 3012 2144 3067; x_wconf 83' lang='lat' dir='ltr'><strong>uni-</strong></span> 
     </span>
    </p>
   </div>
   <div class='ocr_carea' id='block_1_32' title="bbox 564 3090 2144 3168">
    <p class='ocr_par' dir='ltr' id='par_1_32' title="bbox 564 3090 2144 3168">
     <span class='ocr_line' id='line_1_32' title="bbox 564 3090 2144 3168; baseline 0.005 -18"><span class='ocrx_word' id='word_1_203' title='bbox 564 3097 740 3153; x_wconf 83' lang='lat' dir='ltr'><strong>versis</strong></span> <span class='ocrx_word' id='word_1_204' title='bbox 768 3098 1121 3167; x_wconf 68' lang='lat' dir='ltr'><strong>praestantius</strong></span> <span class='ocrx_word' id='word_1_205' title='bbox 1150 3108 1253 3163; x_wconf 84' lang='lat' dir='ltr'><strong>est,</strong></span> <span class='ocrx_word' id='word_1_206' title='bbox 1295 3100 1486 3156; x_wconf 76' lang='lat' dir='ltr'><strong>litterze</strong></span> <span class='ocrx_word' id='word_1_207' title='bbox 1536 3090 1746 3157; x_wconf 70' lang='lat' dir='ltr'><strong>scilicet</strong></span> <span class='ocrx_word' id='word_1_208' title='bbox 1775 3119 1840 3158; x_wconf 88' lang='lat' dir='ltr'><strong>ac</strong></span> <span class='ocrx_word' id='word_1_209' title='bbox 1871 3104 2144 3168; x_wconf 88' lang='lat' dir='ltr'><strong>doctrina,</strong></span> 
     </span>
    </p>
   </div>
   <div class='ocr_carea' id='block_1_33' title="bbox 2268 605 3847 678">
    <p class='ocr_par' dir='ltr' id='par_1_33' title="bbox 2268 605 3847 678">
     <span class='ocr_line' id='line_1_33' title="bbox 2268 605 3847 678; baseline 0.001 -18"><span class='ocrx_word' id='word_1_210' title='bbox 2268 605 2527 670; x_wconf 79' lang='lat' dir='ltr'><strong>exterius,</strong></span> <span class='ocrx_word' id='word_1_211' title='bbox 2565 605 2935 674; x_wconf 90' lang='lat' dir='ltr'><strong>profanisque,</strong></span> <span class='ocrx_word' id='word_1_212' title='bbox 2962 616 3178 678; x_wconf 74' lang='lat' dir='ltr'><strong>aequa:</strong></span> <span class='ocrx_word' id='word_1_213' title='bbox 3210 608 3351 662; x_wconf 88' lang='lat' dir='ltr'><strong>circa</strong></span> <span class='ocrx_word' id='word_1_214' title='bbox 3381 610 3556 676; x_wconf 89' lang='lat' dir='ltr'><strong>ipsum</strong></span> <span class='ocrx_word' id='word_1_215' title='bbox 3588 609 3847 664; x_wconf 75' lang='lat' dir='ltr'><strong>conside-</strong></span> 
     </span>
    </p>
   </div>
   <div class='ocr_carea' id='block_1_34' title="bbox 2269 687 3844 771">
    <p class='ocr_par' dir='ltr' id='par_1_34' title="bbox 2269 687 3844 771">
     <span class='ocr_line' id='line_1_34' title="bbox 2269 687 3844 771; baseline 0.001 -19"><span class='ocrx_word' id='word_1_216' title='bbox 2269 687 2601 765; x_wconf 38' lang='lat' dir='ltr'><strong>rantur,&#39;sed</strong></span> <span class='ocrx_word' id='word_1_217' title='bbox 2625 714 2653 752; x_wconf 87' lang='lat' dir='ltr'><strong>a</strong></span> <span class='ocrx_word' id='word_1_218' title='bbox 2681 699 2932 769; x_wconf 85' lang='lat' dir='ltr'><strong>propriis,</strong></span> <span class='ocrx_word' id='word_1_219' title='bbox 2958 715 3019 753; x_wconf 84' lang='lat' dir='ltr'><strong>ac</strong></span> <span class='ocrx_word' id='word_1_220' title='bbox 3038 701 3237 770; x_wconf 82' lang='lat' dir='ltr'><strong>quibus</strong></span> <span class='ocrx_word' id='word_1_221' title='bbox 3269 717 3364 771; x_wconf 90' lang='lat' dir='ltr'><strong>per</strong></span> <span class='ocrx_word' id='word_1_222' title='bbox 3384 703 3541 756; x_wconf 81' lang='lat' dir='ltr'><strong>(idem</strong></span> <span class='ocrx_word' id='word_1_223' title='bbox 3565 706 3630 757; x_wconf 74' lang='lat' dir='ltr'><strong>ex</strong></span> <span class='ocrx_word' id='word_1_224' title='bbox 3661 700 3844 755; x_wconf 81' lang='lat' dir='ltr'><strong>Evan-</strong></span> 
     </span>
    </p>
   </div>
   <div class='ocr_carea' id='block_1_35' title="bbox 2268 791 3846 863">
    <p class='ocr_par' dir='ltr' id='par_1_35' title="bbox 2268 791 3846 863">
     <span class='ocr_line' id='line_1_35' title="bbox 2268 791 3846 863; baseline 0.003 -19"><span class='ocrx_word' id='word_1_225' title='bbox 2268 791 2391 862; x_wconf 72' lang='lat' dir='ltr'><strong>gelii</strong></span> <span class='ocrx_word' id='word_1_226' title='bbox 2442 791 2652 847; x_wconf 87' lang='lat' dir='ltr'><strong>ratione</strong></span> <span class='ocrx_word' id='word_1_227' title='bbox 2698 795 2913 863; x_wconf 75' lang='lat' dir='ltr'><strong>egregie</strong></span> <span class='ocrx_word' id='word_1_228' title='bbox 2953 793 3174 850; x_wconf 89' lang='lat' dir='ltr'><strong>functus</strong></span> <span class='ocrx_word' id='word_1_229' title='bbox 3219 803 3320 857; x_wconf 86' lang='lat' dir='ltr'><strong>est,</strong></span> <span class='ocrx_word' id='word_1_230' title='bbox 3368 795 3568 848; x_wconf 85' lang='lat' dir='ltr'><strong>virtute</strong></span> <span class='ocrx_word' id='word_1_231' title='bbox 3635 792 3846 848; x_wconf 63' lang='lat' dir='ltr'><strong>scilicet</strong></span> 
     </span>
    </p>
   </div>
   <div class='ocr_carea' id='block_1_36' title="bbox 2267 884 3842 956">
    <p class='ocr_par' dir='ltr' id='par_1_36' title="bbox 2267 884 3842 956">
     <span class='ocr_line' id='line_1_36' title="bbox 2267 884 3842 956; baseline 0.001 -16"><span class='ocrx_word' id='word_1_232' title='bbox 2267 884 2367 954; x_wconf 86' lang='lat' dir='ltr'><strong>(uti</strong></span> <span class='ocrx_word' id='word_1_233' title='bbox 2398 884 2604 937; x_wconf 87' lang='lat' dir='ltr'><strong>dictum</strong></span> <span class='ocrx_word' id='word_1_234' title='bbox 2634 886 2762 953; x_wconf 90' lang='lat' dir='ltr'><strong>est),</strong></span> <span class='ocrx_word' id='word_1_235' title='bbox 2794 886 3060 955; x_wconf 83' lang='lat' dir='ltr'><strong>sapientia</strong></span> <span class='ocrx_word' id='word_1_236' title='bbox 3105 903 3169 939; x_wconf 89' lang='lat' dir='ltr'><strong>ac</strong></span> <span class='ocrx_word' id='word_1_237' title='bbox 3203 886 3497 956; x_wconf 78' lang='lat' dir='ltr'><strong>theologia,</strong></span> <span class='ocrx_word' id='word_1_238' title='bbox 3529 886 3842 956; x_wconf 83' lang='lat' dir='ltr'><strong>pontiﬁcem</strong></span> 
     </span>
    </p>
   </div>
   <div class='ocr_carea' id='block_1_37' title="bbox 2266 976 3840 1060">
    <p class='ocr_par' dir='ltr' id='par_1_37' title="bbox 2266 976 3840 1060">
     <span class='ocr_line' id='line_1_37' title="bbox 2266 976 3840 1060; baseline 0.003 -31"><span class='ocrx_word' id='word_1_239' title='bbox 2266 991 2524 1047; x_wconf 85' lang='lat' dir='ltr'><strong>magnum</strong></span> <span class='ocrx_word' id='word_1_240' title='bbox 2571 992 2636 1032; x_wconf 87' lang='lat' dir='ltr'><strong>ac</strong></span> <span class='ocrx_word' id='word_1_241' title='bbox 2665 976 2999 1049; x_wconf 85' lang='lat' dir='ltr'><strong>Theologum</strong></span> <span class='ocrx_word' id='word_1_242' title='bbox 3033 978 3317 1034; x_wconf 86' lang='lat' dir='ltr'><strong>laudemus</strong></span> <span class='ocrx_word' id='word_1_243' title='bbox 3342 995 3358 1045; x_wconf 91' lang='lat'><strong>;</strong></span> <span class='ocrx_word' id='word_1_244' title='bbox 3388 980 3564 1048; x_wconf 88' lang='lat' dir='ltr'><strong>ipsum</strong></span> <span class='ocrx_word' id='word_1_245' title='bbox 3587 978 3840 1060; x_wconf 77' lang='lat' dir='ltr'><strong>eumdem</strong></span> 
     </span>
    </p>
   </div>
   <div class='ocr_carea' id='block_1_38' title="bbox 2267 1068 3843 1150">
    <p class='ocr_par' dir='ltr' id='par_1_38' title="bbox 2267 1068 3843 1150">
     <span class='ocr_line' id='line_1_38' title="bbox 2267 1068 3843 1150; baseline 0.001 -25"><span class='ocrx_word' id='word_1_246' title='bbox 2267 1070 2678 1135; x_wconf 77' lang='lat' dir='ltr'><strong>invocantibus,</strong></span> <span class='ocrx_word' id='word_1_247' title='bbox 2723 1081 2781 1126; x_wconf 87' lang='lat' dir='ltr'><strong>ut</strong></span> <span class='ocrx_word' id='word_1_248' title='bbox 2821 1068 3049 1139; x_wconf 86' lang='lat' dir='ltr'><strong>canticis</strong></span> <span class='ocrx_word' id='word_1_249' title='bbox 3092 1082 3256 1142; x_wconf 86' lang='lat' dir='ltr'><strong>atque</strong></span> <span class='ocrx_word' id='word_1_250' title='bbox 3304 1073 3560 1128; x_wconf 90' lang='lat' dir='ltr'><strong>laudibus</strong></span> <span class='ocrx_word' id='word_1_251' title='bbox 3623 1071 3843 1150; x_wconf 75' lang='lat' dir='ltr'><strong>adjutor-</strong></span> 
     </span>
    </p>
   </div>
   <div class='ocr_carea' id='block_1_39' title="bbox 2249 1153 3840 1236">
    <p class='ocr_par' dir='ltr' id='par_1_39' title="bbox 2249 1153 3840 1236">
     <span class='ocr_line' id='line_1_39' title="bbox 2249 1153 3840 1236; baseline 0.004 -20"><span class='ocrx_word' id='word_1_252' title='bbox 2249 1162 2440 1228; x_wconf 82' lang='lat' dir='ltr'><strong>adsit,</strong></span> <span class='ocrx_word' id='word_1_253' title='bbox 2497 1164 2888 1234; x_wconf 81' lang='lat' dir='ltr'><strong>dexteramque</strong></span> <span class='ocrx_word' id='word_1_254' title='bbox 2939 1161 3225 1236; x_wconf 75' lang='lat' dir='ltr'><strong>benignius</strong></span> <span class='ocrx_word' id='word_1_255' title='bbox 3275 1164 3515 1236; x_wconf 75' lang='lat' dir='ltr'><strong>praebeat</strong></span> <span class='ocrx_word' id='word_1_256' title='bbox 3566 1153 3840 1224; x_wconf 76' lang='lat' dir='ltr'><strong>fatiscenti</strong></span> 
     </span>
    </p>
   </div>
   <div class='ocr_carea' id='block_1_40' title="bbox 2268 1256 2534 1311">
    <p class='ocr_par' dir='ltr' id='par_1_40' title="bbox 2268 1256 2534 1311">
     <span class='ocr_line' id='line_1_40' title="bbox 2268 1256 2534 1311; baseline 0 -1"><span class='ocrx_word' id='word_1_257' title='bbox 2268 1256 2534 1311; x_wconf 86' lang='lat' dir='ltr'><strong>sermoni.</strong></span> 
     </span>
    </p>
   </div>
   <div class='ocr_carea' id='block_1_41' title="bbox 2331 1347 3840 1422">
    <p class='ocr_par' dir='ltr' id='par_1_41' title="bbox 2331 1347 3840 1422">
     <span class='ocr_line' id='line_1_41' title="bbox 2331 1347 3840 1422; baseline 0.004 -21"><span class='ocrx_word' id='word_1_258' title='bbox 2331 1347 2425 1404; x_wconf 90' lang='lat' dir='ltr'><strong>Ille</strong></span> <span class='ocrx_word' id='word_1_259' title='bbox 2459 1350 2619 1418; x_wconf 79' lang='lat' dir='ltr'><strong>igitur</strong></span> <span class='ocrx_word' id='word_1_260' title='bbox 2649 1359 2828 1404; x_wconf 83' lang='lat' dir='ltr'><strong>mente</strong></span> <span class='ocrx_word' id='word_1_261' title='bbox 2890 1349 3183 1421; x_wconf 81' lang='lat' dir='ltr'><strong>animoque</strong></span> <span class='ocrx_word' id='word_1_262' title='bbox 3206 1351 3427 1406; x_wconf 81' lang='lat' dir='ltr'><strong>divinus</strong></span> <span class='ocrx_word' id='word_1_263' title='bbox 3460 1369 3473 1405; x_wconf 90' lang='lat'>:</span> <span class='ocrx_word' id='word_1_264' title='bbox 3505 1352 3661 1422; x_wconf 79' lang='lat' dir='ltr'><strong>cujus</strong></span> <span class='ocrx_word' id='word_1_265' title='bbox 3694 1355 3840 1408; x_wconf 84' lang='lat' dir='ltr'><strong>actio</strong></span> 
     </span>
    </p>
   </div>
   <div class='ocr_carea' id='block_1_42' title="bbox 2260 1442 3839 1516">
    <p class='ocr_par' dir='ltr' id='par_1_42' title="bbox 2260 1442 3839 1516">
     <span class='ocr_line' id='line_1_42' title="bbox 2260 1442 3839 1516; baseline 0.006 -23"><span class='ocrx_word' id='word_1_266' title='bbox 2260 1443 2406 1493; x_wconf 79' lang='lat' dir='ltr'><strong>ooiui</strong></span> <span class='ocrx_word' id='word_1_267' title='bbox 2465 1442 2639 1511; x_wconf 85' lang='lat' dir='ltr'><strong>major</strong></span> <span class='ocrx_word' id='word_1_268' title='bbox 2701 1442 2965 1498; x_wconf 89' lang='lat' dir='ltr'><strong>imitantis</strong></span> <span class='ocrx_word' id='word_1_269' title='bbox 3013 1457 3270 1510; x_wconf 86' lang='lat' dir='ltr'><strong>cOuatu;</strong></span> <span class='ocrx_word' id='word_1_270' title='bbox 3340 1446 3839 1516; x_wconf 70' lang='lat' dir='ltr'><strong>contemplatioque</strong></span> 
     </span>
    </p>
   </div>
   <div class='ocr_carea' id='block_1_43' title="bbox 2260 1519 3839 1607">
    <p class='ocr_par' dir='ltr' id='par_1_43' title="bbox 2260 1519 3839 1607">
     <span class='ocr_line' id='line_1_43' title="bbox 2260 1519 3839 1607; baseline 0.009 -25"><span class='ocrx_word' id='word_1_271' title='bbox 2260 1519 2458 1585; x_wconf 73' lang='lat' dir='ltr'><strong>eximie</strong></span> <span class='ocrx_word' id='word_1_272' title='bbox 2482 1533 2739 1600; x_wconf 70' lang='lat' dir='ltr'><strong>pra-cellit</strong></span> <span class='ocrx_word' id='word_1_273' title='bbox 2762 1551 2776 1587; x_wconf 91' lang='lat'><strong>:</strong></span> <span class='ocrx_word' id='word_1_274' title='bbox 2802 1547 2997 1588; x_wconf 89' lang='lat' dir='ltr'><strong>cuncta</strong></span> <span class='ocrx_word' id='word_1_275' title='bbox 3027 1545 3280 1590; x_wconf 76' lang='lat' dir='ltr'><strong>scrutatis</strong></span> <span class='ocrx_word' id='word_1_276' title='bbox 3307 1537 3359 1591; x_wconf 89' lang='lat' dir='ltr'><strong>in</strong></span> <span class='ocrx_word' id='word_1_277' title='bbox 3391 1536 3484 1592; x_wconf 92' lang='lat' dir='ltr'><strong>Dei</strong></span> <span class='ocrx_word' id='word_1_278' title='bbox 3525 1538 3752 1607; x_wconf 84' lang='lat' dir='ltr'><strong>Spiritu,</strong></span> <span class='ocrx_word' id='word_1_279' title='bbox 3772 1555 3839 1597; x_wconf 85' lang='lat' dir='ltr'><strong>ac</strong></span> 
     </span>
    </p>
   </div>
   <div class='ocr_carea' id='block_1_44' title="bbox 2257 1619 3835 1697">
    <p class='ocr_par' dir='ltr' id='par_1_44' title="bbox 2257 1619 3835 1697">
     <span class='ocr_line' id='line_1_44' title="bbox 2257 1619 3835 1697; baseline 0.008 -26"><span class='ocrx_word' id='word_1_280' title='bbox 2257 1619 2582 1687; x_wconf 83' lang='lat' dir='ltr'><strong>dijudicans,</strong></span> <span class='ocrx_word' id='word_1_281' title='bbox 2627 1624 2831 1692; x_wconf 83' lang='lat' dir='ltr'><strong>quique</strong></span> <span class='ocrx_word' id='word_1_282' title='bbox 2879 1623 3014 1692; x_wconf 85' lang='lat' dir='ltr'><strong>ipse,</strong></span> <span class='ocrx_word' id='word_1_283' title='bbox 3067 1634 3126 1678; x_wconf 89' lang='lat' dir='ltr'><strong>ut</strong></span> <span class='ocrx_word' id='word_1_284' title='bbox 3170 1625 3389 1681; x_wconf 87' lang='lat' dir='ltr'><strong>divinus</strong></span> <span class='ocrx_word' id='word_1_285' title='bbox 3425 1628 3718 1697; x_wconf 78' lang='lat' dir='ltr'><strong>Apostolus</strong></span> <span class='ocrx_word' id='word_1_286' title='bbox 3754 1628 3835 1683; x_wconf 80' lang='lat' dir='ltr'><strong>lo-</strong></span> 
     </span>
    </p>
   </div>
   <div class='ocr_carea' id='block_1_45' title="bbox 2256 1713 3834 1788">
    <p class='ocr_par' dir='ltr' id='par_1_45' title="bbox 2256 1713 3834 1788">
     <span class='ocr_line' id='line_1_45' title="bbox 2256 1713 3834 1788; baseline 0.009 -25"><span class='ocrx_word' id='word_1_287' title='bbox 2256 1713 2480 1780; x_wconf 89' lang='lat' dir='ltr'><strong>quitur,</strong></span> <span class='ocrx_word' id='word_1_288' title='bbox 2529 1730 2559 1768; x_wconf 88' lang='lat' dir='ltr'><strong>a</strong></span> <span class='ocrx_word' id='word_1_289' title='bbox 2609 1716 2826 1769; x_wconf 90' lang='lat' dir='ltr'><strong>nemine</strong></span> <span class='ocrx_word' id='word_1_290' title='bbox 2880 1715 3206 1786; x_wconf 85' lang='lat' dir='ltr'><strong>dijudioetur</strong></span> <span class='ocrx_word' id='word_1_291' title='bbox 3236 1715 3301 1770; x_wconf 85' lang='grc'><strong>³⁹.</strong></span> <span class='ocrx_word' id='word_1_292' title='bbox 3354 1717 3546 1788; x_wconf 77' lang='lat' dir='ltr'><strong>Magna</strong></span> <span class='ocrx_word' id='word_1_293' title='bbox 3596 1719 3834 1778; x_wconf 67' lang='lat' dir='ltr'><strong>cmlestis</strong></span> 
     </span>
    </p>
   </div>
   <div class='ocr_carea' id='block_1_46' title="bbox 2256 1807 3823 1880">
    <p class='ocr_par' dir='ltr' id='par_1_46' title="bbox 2256 1807 3823 1880">
     <span class='ocr_line' id='line_1_46' title="bbox 2256 1807 3823 1880; baseline 0.004 -20"><span class='ocrx_word' id='word_1_294' title='bbox 2256 1808 2482 1862; x_wconf 89' lang='lat' dir='ltr'><strong>touitrui</strong></span> <span class='ocrx_word' id='word_1_295' title='bbox 2507 1811 2686 1877; x_wconf 82' lang='lat' dir='ltr'><strong>proles</strong></span> <span class='ocrx_word' id='word_1_296' title='bbox 2706 1824 2770 1864; x_wconf 90' lang='lat' dir='ltr'><strong>ac</strong></span> <span class='ocrx_word' id='word_1_297' title='bbox 2812 1810 2955 1865; x_wconf 89' lang='lat' dir='ltr'><strong>tilius</strong></span> <span class='ocrx_word' id='word_1_298' title='bbox 2975 1827 2989 1874; x_wconf 86' lang='lat'><strong>;</strong></span> <span class='ocrx_word' id='word_1_299' title='bbox 3011 1807 3128 1863; x_wconf 84' lang='lat' dir='ltr'><strong>sola</strong></span> <span class='ocrx_word' id='word_1_300' title='bbox 3147 1810 3412 1880; x_wconf 85' lang='lat' dir='ltr'><strong>temporis</strong></span> <span class='ocrx_word' id='word_1_301' title='bbox 3432 1812 3823 1879; x_wconf 81' lang='lat' dir='ltr'><strong>antecessioue,</strong></span> 
     </span>
    </p>
   </div>
   <div class='ocr_carea' id='block_1_47' title="bbox 2258 1897 3821 1970">
    <p class='ocr_par' dir='ltr' id='par_1_47' title="bbox 2258 1897 3821 1970">
     <span class='ocr_line' id='line_1_47' title="bbox 2258 1897 3821 1970; baseline 0.004 -20"><span class='ocrx_word' id='word_1_302' title='bbox 2258 1897 2392 1950; x_wconf 89' lang='lat' dir='ltr'><strong>nihil</strong></span> <span class='ocrx_word' id='word_1_303' title='bbox 2432 1913 2563 1970; x_wconf 86' lang='lat' dir='ltr'><strong>vero</strong></span> <span class='ocrx_word' id='word_1_304' title='bbox 2587 1913 2868 1953; x_wconf 75' lang='lat' dir='ltr'><strong>sacrorum</strong></span> <span class='ocrx_word' id='word_1_305' title='bbox 2905 1898 3223 1968; x_wconf 83' lang='lat' dir='ltr'><strong>dogmatum</strong></span> <span class='ocrx_word' id='word_1_306' title='bbox 3255 1897 3555 1970; x_wconf 80' lang='lat' dir='ltr'><strong>magnificis</strong></span> <span class='ocrx_word' id='word_1_307' title='bbox 3584 1901 3821 1968; x_wconf 83' lang='lat' dir='ltr'><strong>vocibus,</strong></span> 
     </span>
    </p>
   </div>
   <div class='ocr_carea' id='block_1_48' title="bbox 2253 1968 3830 2060">
    <p class='ocr_par' dir='ltr' id='par_1_48' title="bbox 2253 1968 3830 2060">
     <span class='ocr_line' id='line_1_48' title="bbox 2253 1968 3830 2060; baseline 0.006 -24"><span class='ocrx_word' id='word_1_308' title='bbox 2253 1968 2688 2055; x_wconf 81' lang='lat' dir='ltr'><strong>divinorumque</strong></span> <span class='ocrx_word' id='word_1_309' title='bbox 2705 2002 2990 2043; x_wconf 83' lang='lat' dir='ltr'><strong>sensorum</strong></span> <span class='ocrx_word' id='word_1_310' title='bbox 3023 1986 3292 2058; x_wconf 81' lang='lat' dir='ltr'><strong>fulgetris,</strong></span> <span class='ocrx_word' id='word_1_311' title='bbox 3310 1968 3510 2060; x_wconf 82' lang='lat' dir='ltr'><strong>quibus</strong></span> <span class='ocrx_word' id='word_1_312' title='bbox 3534 1993 3674 2047; x_wconf 90' lang='lat' dir='ltr'><strong>trine</strong></span> <span class='ocrx_word' id='word_1_313' title='bbox 3692 1993 3830 2051; x_wconf 64' lang='lat' dir='ltr'><strong>sub.</strong></span> 
     </span>
    </p>
   </div>
   <div class='ocr_carea' id='block_1_49' title="bbox 2253 2077 3835 2151">
    <p class='ocr_par' dir='ltr' id='par_1_49' title="bbox 2253 2077 3835 2151">
     <span class='ocr_line' id='line_1_49' title="bbox 2253 2077 3835 2151; baseline 0.008 -21"><span class='ocrx_word' id='word_1_314' title='bbox 2253 2077 2498 2133; x_wconf 86' lang='lat' dir='ltr'><strong>sistentis</strong></span> <span class='ocrx_word' id='word_1_315' title='bbox 2519 2078 2748 2136; x_wconf 81' lang='lat' dir='ltr'><strong>Deitatis</strong></span> <span class='ocrx_word' id='word_1_316' title='bbox 2763 2079 3304 2137; x_wconf 84' lang='lat' dir='ltr'><strong>consubstantialitas</strong></span> <span class='ocrx_word' id='word_1_317' title='bbox 3322 2082 3612 2151; x_wconf 70' lang='lat' dir='ltr'><strong>prmdicata</strong></span> <span class='ocrx_word' id='word_1_318' title='bbox 3632 2089 3835 2142; x_wconf 79' lang='lat' dir='ltr'><strong>meruit</strong></span> 
     </span>
    </p>
   </div>
   <div class='ocr_carea' id='block_1_50' title="bbox 2253 2167 3830 2247">
    <p class='ocr_par' dir='ltr' id='par_1_50' title="bbox 2253 2167 3830 2247">
     <span class='ocr_line' id='line_1_50' title="bbox 2253 2167 3830 2247; baseline 0.006 -24"><span class='ocrx_word' id='word_1_319' title='bbox 2253 2167 2435 2238; x_wconf 80' lang='lat' dir='ltr'><strong>fidem,</strong></span> <span class='ocrx_word' id='word_1_320' title='bbox 2475 2185 2504 2225; x_wconf 85' lang='lat' dir='ltr'><strong>a</strong></span> <span class='ocrx_word' id='word_1_321' title='bbox 2551 2169 2865 2240; x_wconf 61' lang='lat' dir='ltr'><strong>primo&#39;illo</strong></span> <span class='ocrx_word' id='word_1_322' title='bbox 2907 2171 3169 2228; x_wconf 80' lang='lat' dir='ltr'><strong>deficiens</strong></span> <span class='ocrx_word' id='word_1_323' title='bbox 3207 2188 3223 2240; x_wconf 89' lang='lat'><strong>;</strong></span> <span class='ocrx_word' id='word_1_324' title='bbox 3277 2173 3346 2229; x_wconf 89' lang='lat' dir='ltr'><strong>ob</strong></span> <span class='ocrx_word' id='word_1_325' title='bbox 3377 2189 3502 2244; x_wconf 67' lang='lat' dir='ltr'><strong>qua:</strong></span> <span class='ocrx_word' id='word_1_326' title='bbox 3533 2175 3699 2232; x_wconf 83' lang='lat' dir='ltr'><strong>etiam</strong></span> <span class='ocrx_word' id='word_1_327' title='bbox 3733 2193 3830 2247; x_wconf 78' lang='lat' dir='ltr'><strong>par</strong></span> 
     </span>
    </p>
   </div>
   <div class='ocr_carea' id='block_1_51' title="bbox 2253 2251 3832 2335">
    <p class='ocr_par' dir='ltr' id='par_1_51' title="bbox 2253 2251 3832 2335">
     <span class='ocr_line' id='line_1_51' title="bbox 2253 2251 3832 2335; baseline 0.006 -24"><span class='ocrx_word' id='word_1_328' title='bbox 2253 2257 2327 2312; x_wconf 88' lang='lat' dir='ltr'><strong>illi</strong></span> <span class='ocrx_word' id='word_1_329' title='bbox 2361 2259 2560 2314; x_wconf 84' lang='lat' dir='ltr'><strong>nomen</strong></span> <span class='ocrx_word' id='word_1_330' title='bbox 2590 2272 2918 2318; x_wconf 69' lang='lat' dir='ltr'><strong>consecutus</strong></span> <span class='ocrx_word' id='word_1_331' title='bbox 2947 2256 3053 2320; x_wconf 80' lang='lat' dir='ltr'><strong>est.</strong></span> <span class='ocrx_word' id='word_1_332' title='bbox 3082 2262 3185 2329; x_wconf 86' lang='lat' dir='ltr'><strong>Qui</strong></span> <span class='ocrx_word' id='word_1_333' title='bbox 3218 2262 3382 2324; x_wconf 83' lang='lat' dir='ltr'><strong>clare.</strong></span> <span class='ocrx_word' id='word_1_334' title='bbox 3415 2251 3480 2319; x_wconf 82' lang='lat' dir='ltr'><strong>ac</strong></span> <span class='ocrx_word' id='word_1_335' title='bbox 3517 2281 3629 2335; x_wconf 82' lang='lat' dir='ltr'><strong>pra:</strong></span> <span class='ocrx_word' id='word_1_336' title='bbox 3649 2269 3832 2323; x_wconf 73' lang='lat' dir='ltr'><strong>amni-</strong></span> 
     </span>
    </p>
   </div>
   <div class='ocr_carea' id='block_1_52' title="bbox 2251 2341 3829 2426">
    <p class='ocr_par' dir='ltr' id='par_1_52' title="bbox 2251 2341 3829 2426">
     <span class='ocr_line' id='line_1_52' title="bbox 2251 2341 3829 2426; baseline 0.003 -22"><span class='ocrx_word' id='word_1_337' title='bbox 2251 2351 2376 2414; x_wconf 87' lang='lat' dir='ltr'><strong>bus,</strong></span> <span class='ocrx_word' id='word_1_338' title='bbox 2417 2352 2507 2422; x_wconf 84' lang='lat' dir='ltr'><strong>qui</strong></span> <span class='ocrx_word' id='word_1_339' title='bbox 2537 2341 2960 2421; x_wconf 63' lang='lat' dir='ltr'><strong>praecesserunt,</strong></span> <span class='ocrx_word' id='word_1_340' title='bbox 3000 2355 3266 2426; x_wconf 85' lang='lat' dir='ltr'><strong>apertius,</strong></span> <span class='ocrx_word' id='word_1_341' title='bbox 3290 2353 3615 2413; x_wconf 87' lang='lat' dir='ltr'><strong>Trinitatem</strong></span> <span class='ocrx_word' id='word_1_342' title='bbox 3641 2375 3829 2426; x_wconf 70' lang='lat' dir='ltr'><strong>persu-</strong></span> 
     </span>
    </p>
   </div>
   <div class='ocr_carea' id='block_1_53' title="bbox 2252 2441 3826 2523">
    <p class='ocr_par' dir='ltr' id='par_1_53' title="bbox 2252 2441 3826 2523">
     <span class='ocr_line' id='line_1_53' title="bbox 2252 2441 3826 2523; baseline 0.006 -25"><span class='ocrx_word' id='word_1_343' title='bbox 2252 2441 2445 2499; x_wconf 83' lang='lat' dir='ltr'><strong>narum</strong></span> <span class='ocrx_word' id='word_1_344' title='bbox 2483 2444 2712 2501; x_wconf 83' lang='lat' dir='ltr'><strong>Deitatis</strong></span> <span class='ocrx_word' id='word_1_345' title='bbox 2751 2448 2957 2503; x_wconf 89' lang='lat' dir='ltr'><strong>unitate</strong></span> <span class='ocrx_word' id='word_1_346' title='bbox 2988 2447 3155 2503; x_wconf 88' lang='lat' dir='ltr'><strong>Deum</strong></span> <span class='ocrx_word' id='word_1_347' title='bbox 3190 2451 3466 2518; x_wconf 84' lang='lat' dir='ltr'><strong>celebret;</strong></span> <span class='ocrx_word' id='word_1_348' title='bbox 3509 2462 3826 2523; x_wconf 67' lang='lat' dir='ltr'><strong>naturaeque</strong></span> 
     </span>
    </p>
   </div>
   <div class='ocr_carea' id='block_1_54' title="bbox 2255 2537 3823 2609">
    <p class='ocr_par' dir='ltr' id='par_1_54' title="bbox 2255 2537 3823 2609">
     <span class='ocr_line' id='line_1_54' title="bbox 2255 2537 3823 2609; baseline 0.007 -17"><span class='ocrx_word' id='word_1_349' title='bbox 2255 2537 2522 2593; x_wconf 86' lang='lat' dir='ltr'><strong>unitatem</strong></span> <span class='ocrx_word' id='word_1_350' title='bbox 2590 2540 2643 2593; x_wconf 91' lang='lat' dir='ltr'><strong>in</strong></span> <span class='ocrx_word' id='word_1_351' title='bbox 2691 2542 3087 2609; x_wconf 85' lang='lat' dir='ltr'><strong>proprietatum</strong></span> <span class='ocrx_word' id='word_1_352' title='bbox 3137 2540 3405 2599; x_wconf 76' lang='lat' dir='ltr'><strong>Trinitate</strong></span> <span class='ocrx_word' id='word_1_353' title='bbox 3452 2544 3823 2603; x_wconf 82' lang='lat' dir='ltr'><strong>adorationem</strong></span> 
     </span>
    </p>
   </div>
   <div class='ocr_carea' id='block_1_55' title="bbox 2249 2629 3144 2697">
    <p class='ocr_par' dir='ltr' id='par_1_55' title="bbox 2249 2629 3144 2697">
     <span class='ocr_line' id='line_1_55' title="bbox 2249 2629 3144 2697; baseline 0.008 -14"><span class='ocrx_word' id='word_1_354' title='bbox 2249 2629 2561 2697; x_wconf 78' lang='lat' dir='ltr'><strong>habentem,</strong></span> <span class='ocrx_word' id='word_1_355' title='bbox 2597 2631 2843 2687; x_wconf 73' lang='lat' dir='ltr'><strong>divinam</strong></span> <span class='ocrx_word' id='word_1_356' title='bbox 2876 2635 3144 2690; x_wconf 82' lang='lat' dir='ltr'><strong>enuntiet.</strong></span> 
     </span>
    </p>
   </div>
   <div class='ocr_carea' id='block_1_56' title="bbox 2321 2724 3821 2801">
    <p class='ocr_par' dir='ltr' id='par_1_56' title="bbox 2321 2724 3821 2801">
     <span class='ocr_line' id='line_1_56' title="bbox 2321 2724 3821 2801; baseline 0.008 -23"><span class='ocrx_word' id='word_1_357' title='bbox 2321 2724 2437 2790; x_wconf 83' lang='lat' dir='ltr'><strong>Ille,</strong></span> <span class='ocrx_word' id='word_1_358' title='bbox 2473 2725 2620 2778; x_wconf 87' lang='lat' dir='ltr'><strong>omni</strong></span> <span class='ocrx_word' id='word_1_359' title='bbox 2655 2726 2890 2795; x_wconf 88' lang='lat' dir='ltr'><strong>primum</strong></span> <span class='ocrx_word' id='word_1_360' title='bbox 2933 2728 3172 2783; x_wconf 88' lang='lat' dir='ltr'><strong>humana</strong></span> <span class='ocrx_word' id='word_1_361' title='bbox 3210 2731 3477 2801; x_wconf 83' lang='lat' dir='ltr'><strong>sapientia</strong></span> <span class='ocrx_word' id='word_1_362' title='bbox 3525 2748 3588 2788; x_wconf 91' lang='lat' dir='ltr'><strong>ac</strong></span> <span class='ocrx_word' id='word_1_363' title='bbox 3620 2735 3821 2790; x_wconf 73' lang='lat' dir='ltr'><strong>virtute</strong></span> 
     </span>
    </p>
   </div>
   <div class='ocr_carea' id='block_1_57' title="bbox 2248 2816 3822 2895">
    <p class='ocr_par' dir='ltr' id='par_1_57' title="bbox 2248 2816 3822 2895">
     <span class='ocr_line' id='line_1_57' title="bbox 2248 2816 3822 2895; baseline 0.007 -24"><span class='ocrx_word' id='word_1_364' title='bbox 2248 2816 2629 2887; x_wconf 64' lang='lat' dir='ltr'><strong>prarcruditus,</strong></span> <span class='ocrx_word' id='word_1_365' title='bbox 2649 2819 2970 2890; x_wconf 88' lang='lat' dir='ltr'><strong>abundeque</strong></span> <span class='ocrx_word' id='word_1_366' title='bbox 2991 2821 3174 2876; x_wconf 90' lang='lat' dir='ltr'><strong>animo</strong></span> <span class='ocrx_word' id='word_1_367' title='bbox 3199 2838 3261 2878; x_wconf 89' lang='lat' dir='ltr'><strong>ac</strong></span> <span class='ocrx_word' id='word_1_368' title='bbox 3283 2834 3463 2879; x_wconf 83' lang='lat' dir='ltr'><strong>mente</strong></span> <span class='ocrx_word' id='word_1_369' title='bbox 3485 2825 3550 2880; x_wconf 87' lang='lat' dir='ltr'><strong>ad</strong></span> <span class='ocrx_word' id='word_1_370' title='bbox 3571 2826 3822 2895; x_wconf 78' lang='lat' dir='ltr'><strong>pietatem</strong></span> 
     </span>
    </p>
   </div>
   <div class='ocr_carea' id='block_1_58' title="bbox 2245 2909 3824 2991">
    <p class='ocr_par' dir='ltr' id='par_1_58' title="bbox 2245 2909 3824 2991">
     <span class='ocr_line' id='line_1_58' title="bbox 2245 2909 3824 2991; baseline 0.007 -28"><span class='ocrx_word' id='word_1_371' title='bbox 2245 2909 2639 2965; x_wconf 76' lang='lat' dir='ltr'><strong>exercitatione</strong></span> <span class='ocrx_word' id='word_1_372' title='bbox 2670 2913 2867 2980; x_wconf 70' lang='lat' dir='ltr'><strong>praevia</strong></span> <span class='ocrx_word' id='word_1_373' title='bbox 2909 2915 3180 2977; x_wconf 79' lang='lat' dir='ltr'><strong>excultus,</strong></span> <span class='ocrx_word' id='word_1_374' title='bbox 3229 2930 3295 2970; x_wconf 89' lang='lat' dir='ltr'><strong>ac</strong></span> <span class='ocrx_word' id='word_1_375' title='bbox 3323 2932 3447 2970; x_wconf 89' lang='lat' dir='ltr'><strong>cum</strong></span> <span class='ocrx_word' id='word_1_376' title='bbox 3484 2933 3543 2972; x_wconf 88' lang='lat' dir='ltr'><strong>se</strong></span> <span class='ocrx_word' id='word_1_377' title='bbox 3581 2918 3697 2988; x_wconf 90' lang='lat' dir='ltr'><strong>ipse</strong></span> <span class='ocrx_word' id='word_1_378' title='bbox 3725 2934 3824 2991; x_wconf 90' lang='lat' dir='ltr'><strong>per</strong></span> 
     </span>
    </p>
   </div>
   <div class='ocr_carea' id='block_1_59' title="bbox 2249 2997 3824 3073">
    <p class='ocr_par' dir='ltr' id='par_1_59' title="bbox 2249 2997 3824 3073">
     <span class='ocr_line' id='line_1_59' title="bbox 2249 2997 3824 3073; baseline 0.008 -19"><span class='ocrx_word' id='word_1_379' title='bbox 2249 2997 2510 3070; x_wconf 89' lang='lat' dir='ltr'><strong>Spiritum</strong></span> <span class='ocrx_word' id='word_1_380' title='bbox 2542 3015 2635 3054; x_wconf 80' lang='lat' dir='ltr'><strong>vas</strong></span> <span class='ocrx_word' id='word_1_381' title='bbox 2668 2999 2779 3054; x_wconf 85' lang='lat' dir='ltr'><strong>Deo</strong></span> <span class='ocrx_word' id='word_1_382' title='bbox 2797 3001 3021 3072; x_wconf 85' lang='lat' dir='ltr'><strong>dignum</strong></span> <span class='ocrx_word' id='word_1_383' title='bbox 3053 3017 3433 3073; x_wconf 68' lang='lat' dir='ltr'><strong>praeparasset,</strong></span> <span class='ocrx_word' id='word_1_384' title='bbox 3468 3007 3541 3061; x_wconf 89' lang='lat' dir='ltr'><strong>ita</strong></span> <span class='ocrx_word' id='word_1_385' title='bbox 3575 3013 3645 3066; x_wconf 89' lang='lat' dir='ltr'><strong>ad</strong></span> <span class='ocrx_word' id='word_1_386' title='bbox 3675 3011 3824 3066; x_wconf 82' lang='lat' dir='ltr'><strong>lava-</strong></span> 
     </span>
    </p>
   </div>
   <div class='ocr_carea' id='block_1_60' title="bbox 2245 3078 3817 3160">
    <p class='ocr_par' dir='ltr' id='par_1_60' title="bbox 2245 3078 3817 3160">
     <span class='ocr_line' id='line_1_60' title="bbox 2245 3078 3817 3160; baseline 0.008 -16"><span class='ocrx_word' id='word_1_387' title='bbox 2245 3105 2400 3145; x_wconf 75' lang='lat' dir='ltr'><strong>crum</strong></span> <span class='ocrx_word' id='word_1_388' title='bbox 2429 3092 2858 3160; x_wconf 79' lang='lat' dir='ltr'><strong>regenerationis</strong></span> <span class='ocrx_word' id='word_1_389' title='bbox 2884 3093 3030 3146; x_wconf 88' lang='lat' dir='ltr'><strong>venit</strong></span> <span class='ocrx_word' id='word_1_390' title='bbox 3125 3109 3233 3147; x_wconf 93' lang='lat' dir='ltr'><strong>non</strong></span> <span class='ocrx_word' id='word_1_391' title='bbox 3263 3104 3321 3148; x_wconf 89' lang='lat' dir='ltr'><strong>ut</strong></span> <span class='ocrx_word' id='word_1_392' title='bbox 3350 3096 3538 3151; x_wconf 85' lang='lat' dir='ltr'><strong>sordes</strong></span> <span class='ocrx_word' id='word_1_393' title='bbox 3566 3099 3817 3157; x_wconf 81' lang='lat' dir='ltr'><strong>ablueret</strong></span> 
     </span>
    </p>
   </div>
   <div class='ocr_carea' id='block_1_61' title="bbox 565 3177 3814 3266">
    <p class='ocr_par' dir='ltr' id='par_1_61' title="bbox 565 3177 3814 3266">
     <span class='ocr_line' id='line_1_61' title="bbox 565 3177 3814 3266; baseline 0.002 -23"><span class='ocrx_word' id='word_1_394' title='bbox 565 3201 666 3243; x_wconf 79' lang='lat' dir='ltr'><strong>ceu</strong></span> <span class='ocrx_word' id='word_1_395' title='bbox 698 3186 765 3244; x_wconf 81' lang='lat' dir='ltr'><strong>ad</strong></span> <span class='ocrx_word' id='word_1_396' title='bbox 797 3188 1307 3258; x_wconf 67' lang='lat' dir='ltr'><strong>praestantissimum</strong></span> <span class='ocrx_word' id='word_1_397' title='bbox 1339 3191 1556 3246; x_wconf 88' lang='lat' dir='ltr'><strong>urbium</strong></span> <span class='ocrx_word' id='word_1_398' title='bbox 1585 3195 1636 3247; x_wconf 91' lang='lat' dir='ltr'><strong>in</strong></span> <span class='ocrx_word' id='word_1_399' title='bbox 1663 3208 1783 3249; x_wconf 85' lang='lat' dir='ltr'><strong>eam</strong></span> <span class='ocrx_word' id='word_1_400' title='bbox 1813 3196 2144 3266; x_wconf 78' lang='lat' dir='ltr'><strong>commigra-</strong></span> <span class='ocrx_word' id='word_1_401' title='bbox 2168 3205 2212 3262; x_wconf 68' lang='grc' dir='ltr'><strong><em>ε</em></strong></span> <span class='ocrx_word' id='word_1_402' title='bbox 2247 3182 2478 3256; x_wconf 86' lang='lat' dir='ltr'><strong>(audens</strong></span> <span class='ocrx_word' id='word_1_403' title='bbox 2505 3177 2728 3251; x_wconf 86' lang='lat' dir='ltr'><strong>dicam),</strong></span> <span class='ocrx_word' id='word_1_404' title='bbox 2754 3191 2848 3240; x_wconf 88' lang='lat' dir='ltr'><strong>sed</strong></span> <span class='ocrx_word' id='word_1_405' title='bbox 2881 3186 3108 3243; x_wconf 86' lang='lat' dir='ltr'><strong>clariore</strong></span> <span class='ocrx_word' id='word_1_406' title='bbox 3134 3186 3299 3241; x_wconf 88' lang='lat' dir='ltr'><strong>animi</strong></span> <span class='ocrx_word' id='word_1_407' title='bbox 3333 3189 3699 3246; x_wconf 87' lang='lat' dir='ltr'><strong>illustratione</strong></span> <span class='ocrx_word' id='word_1_408' title='bbox 3715 3195 3814 3249; x_wconf 88' lang='lat' dir='ltr'><strong>do-</strong></span> 
     </span>
    </p>
   </div>
   <div class='ocr_carea' id='block_1_62' title="bbox 564 3277 722 3336">
    <p class='ocr_par' dir='ltr' id='par_1_62' title="bbox 564 3277 722 3336">
     <span class='ocr_line' id='line_1_62' title="bbox 564 3277 722 3336; baseline -0.006 0"><span class='ocrx_word' id='word_1_409' title='bbox 564 3277 722 3336; x_wconf 84' lang='lat' dir='ltr'><strong>bant.</strong></span> 
     </span>
    </p>
   </div>
   <div class='ocr_carea' id='block_1_63' title="bbox 637 3371 2141 3443">
    <p class='ocr_par' dir='ltr' id='par_1_63' title="bbox 637 3371 2141 3443">
     <span class='ocr_line' id='line_1_63' title="bbox 637 3371 2141 3443; baseline 0.007 -17"><span class='ocrx_word' id='word_1_410' title='bbox 637 3371 693 3427; x_wconf 92' lang='lat' dir='ltr'><strong>ln</strong></span> <span class='ocrx_word' id='word_1_411' title='bbox 721 3372 807 3427; x_wconf 85' lang='lat' dir='ltr'><strong>his</strong></span> <span class='ocrx_word' id='word_1_412' title='bbox 842 3374 1023 3443; x_wconf 87' lang='lat' dir='ltr'><strong>itaque</strong></span> <span class='ocrx_word' id='word_1_413' title='bbox 1048 3374 1393 3442; x_wconf 76' lang='lat' dir='ltr'><strong>Gregorium,</strong></span> <span class='ocrx_word' id='word_1_414' title='bbox 1424 3378 1571 3431; x_wconf 85' lang='lat' dir='ltr'><strong>viros</strong></span> <span class='ocrx_word' id='word_1_415' title='bbox 1598 3377 1884 3434; x_wconf 87' lang='lat' dir='ltr'><strong>adeuntem</strong></span> <span class='ocrx_word' id='word_1_416' title='bbox 1914 3382 2141 3437; x_wconf 86' lang='lat' dir='ltr'><strong>scientia</strong></span> 
     </span>
    </p>
   </div>
   <div class='ocr_carea' id='block_1_64' title="bbox 564 3465 2140 3544">
    <p class='ocr_par' dir='ltr' id='par_1_64' title="bbox 564 3465 2140 3544">
     <span class='ocr_line' id='line_1_64' title="bbox 564 3465 2140 3544; baseline 0.008 -28"><span class='ocrx_word' id='word_1_417' title='bbox 564 3465 1071 3533; x_wconf 53' lang='lat' dir='ltr'><strong>praestantissimos,</strong></span> <span class='ocrx_word' id='word_1_418' title='bbox 1124 3467 1303 3537; x_wconf 84' lang='lat' dir='ltr'><strong>iisque</strong></span> <span class='ocrx_word' id='word_1_419' title='bbox 1334 3468 1576 3524; x_wconf 85' lang='lat' dir='ltr'><strong>dantem</strong></span> <span class='ocrx_word' id='word_1_420' title='bbox 1624 3485 1845 3540; x_wconf 86' lang='lat' dir='ltr'><strong>operam</strong></span> <span class='ocrx_word' id='word_1_421' title='bbox 1905 3490 1919 3537; x_wconf 92' lang='lat'><strong>;</strong></span> <span class='ocrx_word' id='word_1_422' title='bbox 1976 3484 2140 3544; x_wconf 85' lang='lat' dir='ltr'><strong>atque</strong></span> 
     </span>
    </p>
   </div>
   <div class='ocr_carea' id='block_1_65' title="bbox 565 3554 2141 3629">
    <p class='ocr_par' dir='ltr' id='par_1_65' title="bbox 565 3554 2141 3629">
     <span class='ocr_line' id='line_1_65' title="bbox 565 3554 2141 3629; baseline 0.006 -20"><span class='ocrx_word' id='word_1_423' title='bbox 565 3554 715 3610; x_wconf 89' lang='lat' dir='ltr'><strong>omni</strong></span> <span class='ocrx_word' id='word_1_424' title='bbox 773 3566 890 3611; x_wconf 85' lang='lat' dir='ltr'><strong>arte</strong></span> <span class='ocrx_word' id='word_1_425' title='bbox 930 3558 1284 3627; x_wconf 80' lang='lat' dir='ltr'><strong>grammatica</strong></span> <span class='ocrx_word' id='word_1_426' title='bbox 1327 3560 1896 3629; x_wconf 83' lang='lat' dir='ltr'><strong>poeticaqueabunde</strong></span> <span class='ocrx_word' id='word_1_427' title='bbox 1929 3565 2141 3620; x_wconf 78' lang='lat' dir='ltr'><strong>exerci-</strong></span> 
     </span>
    </p>
   </div>
   <div class='ocr_carea' id='block_1_66' title="bbox 566 3651 2137 3725">
    <p class='ocr_par' dir='ltr' id='par_1_66' title="bbox 566 3651 2137 3725">
     <span class='ocr_line' id='line_1_66' title="bbox 566 3651 2137 3725; baseline 0.006 -23"><span class='ocrx_word' id='word_1_428' title='bbox 566 3657 740 3703; x_wconf 84' lang='lat' dir='ltr'><strong>taturn</strong></span> <span class='ocrx_word' id='word_1_429' title='bbox 776 3667 791 3716; x_wconf 90' lang='lat'><strong>;</strong></span> <span class='ocrx_word' id='word_1_430' title='bbox 828 3651 1063 3704; x_wconf 89' lang='lat' dir='ltr'><strong>oratoria</strong></span> <span class='ocrx_word' id='word_1_431' title='bbox 1096 3666 1310 3707; x_wconf 89' lang='lat' dir='ltr'><strong>summe</strong></span> <span class='ocrx_word' id='word_1_432' title='bbox 1338 3653 1636 3718; x_wconf 80' lang='lat' dir='ltr'><strong>excultum,</strong></span> <span class='ocrx_word' id='word_1_433' title='bbox 1675 3653 1894 3725; x_wconf 84' lang='lat' dir='ltr'><strong>vimque</strong></span> <span class='ocrx_word' id='word_1_434' title='bbox 1920 3669 2137 3712; x_wconf 86' lang='lat' dir='ltr'><strong>omnem</strong></span> 
     </span>
    </p>
   </div>
   <div class='ocr_carea' id='block_1_67' title="bbox 565 3741 2140 3814">
    <p class='ocr_par' dir='ltr' id='par_1_67' title="bbox 565 3741 2140 3814">
     <span class='ocr_line' id='line_1_67' title="bbox 565 3741 2140 3814; baseline 0.006 -16"><span class='ocrx_word' id='word_1_435' title='bbox 565 3741 856 3803; x_wconf 85' lang='lat' dir='ltr'><strong>sermonis.</strong></span> <span class='ocrx_word' id='word_1_436' title='bbox 886 3743 1338 3814; x_wconf 77' lang='lat' dir='ltr'><strong>elegantiamque,</strong></span> <span class='ocrx_word' id='word_1_437' title='bbox 1374 3760 1437 3800; x_wconf 87' lang='lat' dir='ltr'><strong>ac</strong></span> <span class='ocrx_word' id='word_1_438' title='bbox 1464 3745 1772 3802; x_wconf 77' lang='lat' dir='ltr'><strong>facundiam</strong></span> <span class='ocrx_word' id='word_1_439' title='bbox 1810 3751 2140 3807; x_wconf 87' lang='lat' dir='ltr'><strong>commodis-</strong></span> 
     </span>
    </p>
   </div>
   <div class='ocr_carea' id='block_1_68' title="bbox 563 3836 2136 3912">
    <p class='ocr_par' dir='ltr' id='par_1_68' title="bbox 563 3836 2136 3912">
     <span class='ocr_line' id='line_1_68' title="bbox 563 3836 2136 3912; baseline 0.004 -22"><span class='ocrx_word' id='word_1_440' title='bbox 563 3836 702 3891; x_wconf 84' lang='lat' dir='ltr'><strong>sime</strong></span> <span class='ocrx_word' id='word_1_441' title='bbox 732 3836 981 3905; x_wconf 87' lang='lat' dir='ltr'><strong>adeptum</strong></span> <span class='ocrx_word' id='word_1_442' title='bbox 1007 3852 1022 3901; x_wconf 88' lang='lat'><strong>;</strong></span> <span class='ocrx_word' id='word_1_443' title='bbox 1057 3837 1294 3906; x_wconf 82' lang='lat' dir='ltr'><strong>itemque</strong></span> <span class='ocrx_word' id='word_1_444' title='bbox 1325 3836 1698 3906; x_wconf 56' lang='lat' dir='ltr'><strong>philosophia,</strong></span> <span class='ocrx_word' id='word_1_445' title='bbox 1733 3854 1839 3893; x_wconf 78' lang='lat' dir='ltr'><strong>non</strong></span> <span class='ocrx_word' id='word_1_446' title='bbox 1871 3841 2136 3912; x_wconf 80' lang='lat' dir='ltr'><strong>quidquid</strong></span> 
     </span>
    </p>
   </div>
   <div class='ocr_carea' id='block_1_69' title="bbox 563 3917 2141 3996">
    <p class='ocr_par' dir='ltr' id='par_1_69' title="bbox 563 3917 2141 3996">
     <span class='ocr_line' id='line_1_69' title="bbox 563 3917 2141 3996; baseline 0.004 -16"><span class='ocrx_word' id='word_1_447' title='bbox 563 3925 828 3980; x_wconf 79' lang='lat' dir='ltr'><strong>duntaxat</strong></span> <span class='ocrx_word' id='word_1_448' title='bbox 860 3927 1180 3996; x_wconf 80' lang='lat' dir='ltr'><strong>organicum</strong></span> <span class='ocrx_word' id='word_1_449' title='bbox 1208 3934 1314 3990; x_wconf 88' lang='lat' dir='ltr'><strong>est,</strong></span> <span class='ocrx_word' id='word_1_450' title='bbox 1355 3935 1519 3996; x_wconf 84' lang='lat' dir='ltr'><strong>atque</strong></span> <span class='ocrx_word' id='word_1_451' title='bbox 1579 3928 1644 3982; x_wconf 90' lang='lat' dir='ltr'><strong>ad</strong></span> <span class='ocrx_word' id='word_1_452' title='bbox 1683 3917 1861 3984; x_wconf 87' lang='lat' dir='ltr'><strong>mores</strong></span> <span class='ocrx_word' id='word_1_453' title='bbox 1894 3945 1956 3985; x_wconf 88' lang='lat' dir='ltr'><strong>ac</strong></span> <span class='ocrx_word' id='word_1_454' title='bbox 1989 3943 2141 3987; x_wconf 88' lang='lat' dir='ltr'><strong>natu-</strong></span> 
     </span>
    </p>
   </div>
   <div class='ocr_carea' id='block_1_70' title="bbox 561 4019 2134 4091">
    <p class='ocr_par' dir='ltr' id='par_1_70' title="bbox 561 4019 2134 4091">
     <span class='ocr_line' id='line_1_70' title="bbox 561 4019 2134 4091; baseline 0.004 -19"><span class='ocrx_word' id='word_1_455' title='bbox 561 4030 679 4072; x_wconf 74' lang='lat' dir='ltr'><strong>ram</strong></span> <span class='ocrx_word' id='word_1_456' title='bbox 700 4030 974 4085; x_wconf 78' lang='lat' dir='ltr'><strong>spectans,</strong></span> <span class='ocrx_word' id='word_1_457' title='bbox 991 4033 1172 4072; x_wconf 87' lang='lat' dir='ltr'><strong>verum</strong></span> <span class='ocrx_word' id='word_1_458' title='bbox 1198 4019 1364 4073; x_wconf 87' lang='lat' dir='ltr'><strong>etiam</strong></span> <span class='ocrx_word' id='word_1_459' title='bbox 1387 4019 1648 4088; x_wconf 82' lang='lat' dir='ltr'><strong>quidquid</strong></span> <span class='ocrx_word' id='word_1_460' title='bbox 1680 4022 1852 4091; x_wconf 87' lang='lat' dir='ltr'><strong>magis</strong></span> <span class='ocrx_word' id='word_1_461' title='bbox 1877 4023 2134 4079; x_wconf 79' lang='lat' dir='ltr'><strong>eximium</strong></span> 
     </span>
    </p>
   </div>
   <div class='ocr_carea' id='block_1_71' title="bbox 563 4109 2135 4184">
    <p class='ocr_par' dir='ltr' id='par_1_71' title="bbox 563 4109 2135 4184">
     <span class='ocr_line' id='line_1_71' title="bbox 563 4109 2135 4184; baseline 0.004 -20"><span class='ocrx_word' id='word_1_462' title='bbox 563 4109 990 4180; x_wconf 74' lang='lat' dir='ltr'><strong>Spiritaliusquc,</strong></span> <span class='ocrx_word' id='word_1_463' title='bbox 1045 4110 1438 4166; x_wconf 85' lang='lat' dir='ltr'><strong>sublimissimo</strong></span> <span class='ocrx_word' id='word_1_464' title='bbox 1465 4112 1788 4173; x_wconf 84' lang='lat' dir='ltr'><strong>contuitum,</strong></span> <span class='ocrx_word' id='word_1_465' title='bbox 1826 4114 2135 4184; x_wconf 84' lang='lat' dir='ltr'><strong>mentisque</strong></span> 
     </span>
    </p>
   </div>
   <div class='ocr_carea' id='block_1_72' title="bbox 564 4201 2134 4272">
    <p class='ocr_par' dir='ltr' id='par_1_72' title="bbox 564 4201 2134 4272">
     <span class='ocr_line' id='line_1_72' title="bbox 564 4201 2134 4272; baseline 0.004 -18"><span class='ocrx_word' id='word_1_466' title='bbox 564 4201 914 4271; x_wconf 78' lang='lat' dir='ltr'><strong>intelligentia</strong></span> <span class='ocrx_word' id='word_1_467' title='bbox 942 4211 1250 4258; x_wconf 87' lang='lat' dir='ltr'><strong>assecutum</strong></span> <span class='ocrx_word' id='word_1_468' title='bbox 1282 4219 1295 4255; x_wconf 91' lang='lat'><strong>:</strong></span> <span class='ocrx_word' id='word_1_469' title='bbox 1332 4202 1423 4270; x_wconf 91' lang='lat' dir='ltr'><strong>qui</strong></span> <span class='ocrx_word' id='word_1_470' title='bbox 1455 4203 1687 4272; x_wconf 79' lang='lat' dir='ltr'><strong>denique</strong></span> <span class='ocrx_word' id='word_1_471' title='bbox 1713 4203 1954 4272; x_wconf 83' lang='lat' dir='ltr'><strong>cujusvis</strong></span> <span class='ocrx_word' id='word_1_472' title='bbox 1969 4206 2134 4261; x_wconf 85' lang='lat' dir='ltr'><strong>disci-</strong></span> 
     </span>
    </p>
   </div>
   <div class='ocr_carea' id='block_1_73' title="bbox 561 4292 2130 4364">
    <p class='ocr_par' dir='ltr' id='par_1_73' title="bbox 561 4292 2130 4364">
     <span class='ocr_line' id='line_1_73' title="bbox 561 4292 2130 4364; baseline 0.004 -19"><span class='ocrx_word' id='word_1_473' title='bbox 561 4292 762 4362; x_wconf 78' lang='lat' dir='ltr'><strong>plime,</strong></span> <span class='ocrx_word' id='word_1_474' title='bbox 816 4295 1104 4364; x_wconf 87' lang='lat' dir='ltr'><strong>omnisque</strong></span> <span class='ocrx_word' id='word_1_475' title='bbox 1162 4294 1256 4364; x_wconf 88' lang='lat' dir='ltr'><strong>(ut</strong></span> <span class='ocrx_word' id='word_1_476' title='bbox 1314 4295 1481 4350; x_wconf 71' lang='lat' dir='ltr'><strong>verba</strong></span> <span class='ocrx_word' id='word_1_477' title='bbox 1540 4297 1756 4363; x_wconf 90' lang='lat' dir='ltr'><strong>dicam)</strong></span> <span class='ocrx_word' id='word_1_478' title='bbox 1816 4296 2130 4352; x_wconf 74' lang='lat' dir='ltr'><strong>Grmcorum</strong></span> 
     </span>
    </p>
   </div>
   <div class='ocr_carea' id='block_1_74' title="bbox 559 4385 2130 4461">
    <p class='ocr_par' dir='ltr' id='par_1_74' title="bbox 559 4385 2130 4461">
     <span class='ocr_line' id='line_1_74' title="bbox 559 4385 2130 4461; baseline 0.004 -22"><span class='ocrx_word' id='word_1_479' title='bbox 559 4385 839 4452; x_wconf 75' lang='lat' dir='ltr'><strong>sapientia:</strong></span> <span class='ocrx_word' id='word_1_480' title='bbox 863 4402 926 4440; x_wconf 88' lang='lat' dir='ltr'><strong>ac</strong></span> <span class='ocrx_word' id='word_1_481' title='bbox 954 4387 1194 4439; x_wconf 77' lang='lat' dir='ltr'><strong>scicntia:</strong></span> <span class='ocrx_word' id='word_1_482' title='bbox 1241 4387 1519 4455; x_wconf 87' lang='lat' dir='ltr'><strong>potissima</strong></span> <span class='ocrx_word' id='word_1_483' title='bbox 1550 4404 1778 4460; x_wconf 65' lang='lat' dir='ltr'><strong>quicque</strong></span> <span class='ocrx_word' id='word_1_484' title='bbox 1811 4390 2130 4461; x_wconf 80' lang='lat' dir='ltr'><strong>decerpens,</strong></span> 
     </span>
    </p>
   </div>
   <div class='ocr_carea' id='block_1_75' title="bbox 557 4471 2132 4550">
    <p class='ocr_par' dir='ltr' id='par_1_75' title="bbox 557 4471 2132 4550">
     <span class='ocr_line' id='line_1_75' title="bbox 557 4471 2132 4550; baseline 0.007 -24"><span class='ocrx_word' id='word_1_485' title='bbox 557 4471 754 4542; x_wconf 89' lang='lat' dir='ltr'><strong>hisque</strong></span> <span class='ocrx_word' id='word_1_486' title='bbox 779 4475 894 4544; x_wconf 89' lang='lat' dir='ltr'><strong>ipse</strong></span> <span class='ocrx_word' id='word_1_487' title='bbox 923 4473 1023 4530; x_wconf 90' lang='lat' dir='ltr'><strong>sibi</strong></span> <span class='ocrx_word' id='word_1_488' title='bbox 1060 4476 1125 4529; x_wconf 86' lang='lat' dir='ltr'><strong>ad</strong></span> <span class='ocrx_word' id='word_1_489' title='bbox 1155 4490 1215 4530; x_wconf 87' lang='lat' dir='ltr'><strong>ea</strong></span> <span class='ocrx_word' id='word_1_490' title='bbox 1247 4477 1671 4547; x_wconf 83' lang='lat' dir='ltr'><strong>contemplanda</strong></span> <span class='ocrx_word' id='word_1_491' title='bbox 1691 4496 1811 4550; x_wconf 74' lang='lat' dir='ltr'><strong>qua:</strong></span> <span class='ocrx_word' id='word_1_492' title='bbox 1842 4481 1947 4536; x_wconf 84' lang='lat' dir='ltr'><strong>vim</strong></span> <span class='ocrx_word' id='word_1_493' title='bbox 1981 4498 2132 4537; x_wconf 62' lang='lat' dir='ltr'><strong>meno</strong></span> 
     </span>
    </p>
   </div>
   <div class='ocr_carea' id='block_1_76' title="bbox 2244 3273 3809 3348">
    <p class='ocr_par' dir='ltr' id='par_1_76' title="bbox 2244 3273 3809 3348">
     <span class='ocr_line' id='line_1_76' title="bbox 2244 3273 3809 3348; baseline 0.005 -18"><span class='ocrx_word' id='word_1_494' title='bbox 2244 3281 2479 3343; x_wconf 84' lang='lat' dir='ltr'><strong>trandus,</strong></span> <span class='ocrx_word' id='word_1_495' title='bbox 2525 3277 2792 3346; x_wconf 88' lang='lat' dir='ltr'><strong>baptisma</strong></span> <span class='ocrx_word' id='word_1_496' title='bbox 2822 3277 3044 3332; x_wconf 88' lang='lat' dir='ltr'><strong>demum</strong></span> <span class='ocrx_word' id='word_1_497' title='bbox 3073 3273 3377 3348; x_wconf 62' lang='lat' dir='ltr'><strong>“suscipiens</strong></span> <span class='ocrx_word' id='word_1_498' title='bbox 3415 3297 3428 3344; x_wconf 89' lang='lat'><strong>;</strong></span> <span class='ocrx_word' id='word_1_499' title='bbox 3464 3295 3565 3335; x_wconf 89' lang='lat' dir='ltr'><strong>nec</strong></span> <span class='ocrx_word' id='word_1_500' title='bbox 3594 3291 3654 3336; x_wconf 88' lang='lat' dir='ltr'><strong>ut</strong></span> <span class='ocrx_word' id='word_1_501' title='bbox 3682 3283 3809 3338; x_wconf 89' lang='lat' dir='ltr'><strong>abo-</strong></span> 
     </span>
    </p>
   </div>
   <div class='ocr_carea' id='block_1_77' title="bbox 2239 3365 3819 3443">
    <p class='ocr_par' dir='ltr' id='par_1_77' title="bbox 2239 3365 3819 3443">
     <span class='ocr_line' id='line_1_77' title="bbox 2239 3365 3819 3443; baseline 0.004 -21"><span class='ocrx_word' id='word_1_502' title='bbox 2239 3365 2376 3422; x_wconf 88' lang='lat' dir='ltr'><strong>leret</strong></span> <span class='ocrx_word' id='word_1_503' title='bbox 2407 3380 2647 3436; x_wconf 86' lang='lat' dir='ltr'><strong>peccata,</strong></span> <span class='ocrx_word' id='word_1_504' title='bbox 2682 3370 2776 3422; x_wconf 88' lang='lat' dir='ltr'><strong>sed</strong></span> <span class='ocrx_word' id='word_1_505' title='bbox 2813 3368 3027 3438; x_wconf 84' lang='lat' dir='ltr'><strong>potiora</strong></span> <span class='ocrx_word' id='word_1_506' title='bbox 3054 3369 3195 3424; x_wconf 80' lang='lat' dir='ltr'><strong>dena</strong></span> <span class='ocrx_word' id='word_1_507' title='bbox 3226 3381 3604 3441; x_wconf 87' lang='lat' dir='ltr'><strong>percepturus,</strong></span> <span class='ocrx_word' id='word_1_508' title='bbox 3643 3373 3819 3443; x_wconf 78' lang='lat' dir='ltr'><strong>Spiri-</strong></span> 
     </span>
    </p>
   </div>
   <div class='ocr_carea' id='block_1_78' title="bbox 2242 3460 2906 3530">
    <p class='ocr_par' dir='ltr' id='par_1_78' title="bbox 2242 3460 2906 3530">
     <span class='ocr_line' id='line_1_78' title="bbox 2242 3460 2906 3530; baseline 0.005 -16"><span class='ocrx_word' id='word_1_509' title='bbox 2242 3469 2356 3514; x_wconf 89' lang='lat' dir='ltr'><strong>tum</strong></span> <span class='ocrx_word' id='word_1_510' title='bbox 2380 3460 2568 3530; x_wconf 64' lang='lat' dir='ltr'><strong>gratiae</strong></span> <span class='ocrx_word' id='word_1_511' title='bbox 2592 3461 2906 3517; x_wconf 75' lang='lat' dir='ltr'><strong>admittens.</strong></span> 
     </span>
    </p>
   </div>
   <div class='ocr_carea' id='block_1_79' title="bbox 2313 3547 3815 3627">
    <p class='ocr_par' dir='ltr' id='par_1_79' title="bbox 2313 3547 3815 3627">
     <span class='ocr_line' id='line_1_79' title="bbox 2313 3547 3815 3627; baseline 0.007 -23"><span class='ocrx_word' id='word_1_512' title='bbox 2313 3547 2479 3620; x_wconf 87' lang='lat' dir='ltr'><strong>Inque</strong></span> <span class='ocrx_word' id='word_1_513' title='bbox 2504 3554 2648 3607; x_wconf 90' lang='lat' dir='ltr'><strong>hunc</strong></span> <span class='ocrx_word' id='word_1_514' title='bbox 2667 3555 2909 3620; x_wconf 84' lang='lat' dir='ltr'><strong>modum,</strong></span> <span class='ocrx_word' id='word_1_515' title='bbox 2930 3555 3181 3610; x_wconf 68' lang='lat' dir='ltr'><strong>secunda:</strong></span> <span class='ocrx_word' id='word_1_516' title='bbox 3199 3553 3326 3609; x_wconf 86' lang='lat' dir='ltr'><strong>hinc</strong></span> <span class='ocrx_word' id='word_1_517' title='bbox 3350 3557 3472 3611; x_wconf 46' lang='lat' dir='ltr'><strong>vitai</strong></span> <span class='ocrx_word' id='word_1_518' title='bbox 3490 3555 3815 3627; x_wconf 60' lang='lat' dir='ltr'><strong>optimaque</strong></span> 
     </span>
    </p>
   </div>
   <div class='ocr_carea' id='block_1_80' title="bbox 2240 3642 3817 3715">
    <p class='ocr_par' dir='ltr' id='par_1_80' title="bbox 2240 3642 3817 3715">
     <span class='ocr_line' id='line_1_80' title="bbox 2240 3642 3817 3715; baseline 0.006 -18"><span class='ocrx_word' id='word_1_519' title='bbox 2240 3657 2306 3698; x_wconf 89' lang='lat' dir='ltr'><strong>ac</strong></span> <span class='ocrx_word' id='word_1_520' title='bbox 2339 3642 2681 3714; x_wconf 77' lang='lat' dir='ltr'><strong>perfectioris</strong></span> <span class='ocrx_word' id='word_1_521' title='bbox 2723 3645 3031 3715; x_wconf 73' lang='lat' dir='ltr'><strong>disciplina:</strong></span> <span class='ocrx_word' id='word_1_522' title='bbox 3063 3647 3269 3703; x_wconf 89' lang='lat' dir='ltr'><strong>ducens</strong></span> <span class='ocrx_word' id='word_1_523' title='bbox 3292 3651 3600 3713; x_wconf 76' lang='lat' dir='ltr'><strong>exordium,</strong></span> <span class='ocrx_word' id='word_1_524' title='bbox 3637 3665 3666 3702; x_wconf 88' lang='lat' dir='ltr'><strong>a</strong></span> <span class='ocrx_word' id='word_1_525' title='bbox 3693 3650 3817 3706; x_wconf 81' lang='lat' dir='ltr'><strong>vita:</strong></span> 
     </span>
    </p>
   </div>
   <div class='ocr_carea' id='block_1_81' title="bbox 2241 3731 3817 3808">
    <p class='ocr_par' dir='ltr' id='par_1_81' title="bbox 2241 3731 3817 3808">
     <span class='ocr_line' id='line_1_81' title="bbox 2241 3731 3817 3808; baseline 0.007 -22"><span class='ocrx_word' id='word_1_526' title='bbox 2241 3731 2331 3786; x_wconf 87' lang='lat' dir='ltr'><strong>illa</strong></span> <span class='ocrx_word' id='word_1_527' title='bbox 2389 3734 2601 3789; x_wconf 88' lang='lat' dir='ltr'><strong>ratione</strong></span> <span class='ocrx_word' id='word_1_528' title='bbox 2637 3751 2759 3803; x_wconf 77' lang='lat' dir='ltr'><strong>qua:</strong></span> <span class='ocrx_word' id='word_1_529' title='bbox 2798 3737 2950 3799; x_wconf 81' lang='lat' dir='ltr'><strong>carni</strong></span> <span class='ocrx_word' id='word_1_530' title='bbox 3003 3740 3305 3808; x_wconf 87' lang='lat' dir='ltr'><strong>impensior</strong></span> <span class='ocrx_word' id='word_1_531' title='bbox 3333 3748 3437 3800; x_wconf 90' lang='lat' dir='ltr'><strong>est,</strong></span> <span class='ocrx_word' id='word_1_532' title='bbox 3494 3740 3719 3795; x_wconf 71' lang='lat' dir='ltr'><strong>omnino</strong></span> <span class='ocrx_word' id='word_1_533' title='bbox 3758 3757 3817 3797; x_wconf 83' lang='lat' dir='ltr'><strong>se</strong></span> 
     </span>
    </p>
   </div>
   <div class='ocr_carea' id='block_1_82' title="bbox 2240 3821 3809 3902">
    <p class='ocr_par' dir='ltr' id='par_1_82' title="bbox 2240 3821 3809 3902">
     <span class='ocr_line' id='line_1_82' title="bbox 2240 3821 3809 3902; baseline 0.008 -25"><span class='ocrx_word' id='word_1_534' title='bbox 2240 3823 2476 3879; x_wconf 89' lang='lat' dir='ltr'><strong>alienum</strong></span> <span class='ocrx_word' id='word_1_535' title='bbox 2518 3825 2857 3883; x_wconf 67' lang='lat' dir='ltr'><strong>exhibebat:</strong></span> <span class='ocrx_word' id='word_1_536' title='bbox 2901 3830 3035 3898; x_wconf 91' lang='lat' dir='ltr'><strong>quin</strong></span> <span class='ocrx_word' id='word_1_537' title='bbox 3093 3840 3149 3885; x_wconf 89' lang='lat' dir='ltr'><strong>et</strong></span> <span class='ocrx_word' id='word_1_538' title='bbox 3184 3834 3591 3902; x_wconf 88' lang='lat' dir='ltr'><strong>quodammodo</strong></span> <span class='ocrx_word' id='word_1_539' title='bbox 3633 3851 3664 3892; x_wconf 87' lang='lat' dir='ltr'><strong>a</strong></span> <span class='ocrx_word' id='word_1_540' title='bbox 3700 3821 3809 3890; x_wconf 81' lang='lat' dir='ltr'><strong>ter-</strong></span> 
     </span>
    </p>
   </div>
   <div class='ocr_carea' id='block_1_83' title="bbox 2239 3912 3808 3996">
    <p class='ocr_par' dir='ltr' id='par_1_83' title="bbox 2239 3912 3808 3996">
     <span class='ocr_line' id='line_1_83' title="bbox 2239 3912 3808 3996; baseline 0.008 -25"><span class='ocrx_word' id='word_1_541' title='bbox 2239 3933 2367 3973; x_wconf 89' lang='lat' dir='ltr'><strong>rena</strong></span> <span class='ocrx_word' id='word_1_542' title='bbox 2392 3920 2655 3990; x_wconf 87' lang='lat' dir='ltr'><strong>tantisper</strong></span> <span class='ocrx_word' id='word_1_543' title='bbox 2691 3931 2748 3976; x_wconf 88' lang='lat' dir='ltr'><strong>et</strong></span> <span class='ocrx_word' id='word_1_544' title='bbox 2771 3923 2997 3978; x_wconf 87' lang='lat' dir='ltr'><strong>animali</strong></span> <span class='ocrx_word' id='word_1_545' title='bbox 3029 3924 3294 3994; x_wconf 87' lang='lat' dir='ltr'><strong>sapientia</strong></span> <span class='ocrx_word' id='word_1_546' title='bbox 3335 3912 3581 3996; x_wconf 78' lang='lat' dir='ltr'><strong>&quot;atque</strong></span> <span class='ocrx_word' id='word_1_547' title='bbox 3615 3930 3808 3984; x_wconf 81' lang='lat' dir='ltr'><strong>virtute</strong></span> 
     </span>
    </p>
   </div>
   <div class='ocr_carea' id='block_1_84' title="bbox 2238 4010 3810 4085">
    <p class='ocr_par' dir='ltr' id='par_1_84' title="bbox 2238 4010 3810 4085">
     <span class='ocr_line' id='line_1_84' title="bbox 2238 4010 3810 4085; baseline 0.011 -22"><span class='ocrx_word' id='word_1_548' title='bbox 2238 4010 2548 4068; x_wconf 76' lang='lat' dir='ltr'><strong>excedebat.</strong></span> <span class='ocrx_word' id='word_1_549' title='bbox 2565 4011 2668 4068; x_wconf 82' lang='lat' dir='ltr'><strong>Sed</strong></span> <span class='ocrx_word' id='word_1_550' title='bbox 2687 4023 2740 4069; x_wconf 87' lang='lat' dir='ltr'><strong>ct</strong></span> <span class='ocrx_word' id='word_1_551' title='bbox 2755 4030 2916 4085; x_wconf 87' lang='lat' dir='ltr'><strong>supra</strong></span> <span class='ocrx_word' id='word_1_552' title='bbox 2936 4017 3264 4072; x_wconf 87' lang='lat' dir='ltr'><strong>mundanam</strong></span> <span class='ocrx_word' id='word_1_553' title='bbox 3281 4034 3495 4075; x_wconf 90' lang='lat' dir='ltr'><strong>omnem</strong></span> <span class='ocrx_word' id='word_1_554' title='bbox 3516 4021 3810 4079; x_wconf 80' lang='lat' dir='ltr'><strong>amicitiam</strong></span> 
     </span>
    </p>
   </div>
   <div class='ocr_carea' id='block_1_85' title="bbox 2237 4103 3806 4183">
    <p class='ocr_par' dir='ltr' id='par_1_85' title="bbox 2237 4103 3806 4183">
     <span class='ocr_line' id='line_1_85' title="bbox 2237 4103 3806 4183; baseline 0.008 -27"><span class='ocrx_word' id='word_1_555' title='bbox 2237 4103 2431 4171; x_wconf 84' lang='lat' dir='ltr'><strong>elatus,</strong></span> <span class='ocrx_word' id='word_1_556' title='bbox 2474 4105 2526 4160; x_wconf 92' lang='lat' dir='ltr'><strong>in</strong></span> <span class='ocrx_word' id='word_1_557' title='bbox 2555 4107 2812 4175; x_wconf 85' lang='lat' dir='ltr'><strong>spiritum</strong></span> <span class='ocrx_word' id='word_1_558' title='bbox 2844 4110 3193 4166; x_wconf 74' lang='lat' dir='ltr'><strong>solummodo</strong></span> <span class='ocrx_word' id='word_1_559' title='bbox 3217 4115 3616 4183; x_wconf 73' lang='lat' dir='ltr'><strong>commigrath</strong></span> <span class='ocrx_word' id='word_1_560' title='bbox 3645 4133 3659 4180; x_wconf 85' lang='lat'><strong>;</strong></span> <span class='ocrx_word' id='word_1_561' title='bbox 3695 4125 3806 4171; x_wconf 88' lang='lat' dir='ltr'><strong>sta-</strong></span> 
     </span>
    </p>
   </div>
   <div class='ocr_carea' id='block_1_86' title="bbox 2238 4199 3806 4275">
    <p class='ocr_par' dir='ltr' id='par_1_86' title="bbox 2238 4199 3806 4275">
     <span class='ocr_line' id='line_1_86' title="bbox 2238 4199 3806 4275; baseline 0.008 -26"><span class='ocrx_word' id='word_1_562' title='bbox 2238 4199 2455 4268; x_wconf 86' lang='lat' dir='ltr'><strong>tuitque</strong></span> <span class='ocrx_word' id='word_1_563' title='bbox 2487 4207 2545 4254; x_wconf 90' lang='lat' dir='ltr'><strong>ut</strong></span> <span class='ocrx_word' id='word_1_564' title='bbox 2586 4200 2757 4257; x_wconf 83' lang='lat' dir='ltr'><strong>solam</strong></span> <span class='ocrx_word' id='word_1_565' title='bbox 2791 4202 3016 4271; x_wconf 72' lang='lat' dir='ltr'><strong>spiritus</strong></span> <span class='ocrx_word' id='word_1_566' title='bbox 3045 4201 3214 4274; x_wconf 83' lang='lat' dir='ltr'><strong>legem</strong></span> <span class='ocrx_word' id='word_1_567' title='bbox 3247 4218 3585 4275; x_wconf 85' lang='lat' dir='ltr'><strong>sequeretur,</strong></span> <span class='ocrx_word' id='word_1_568' title='bbox 3642 4225 3806 4264; x_wconf 87' lang='lat' dir='ltr'><strong>uuam</strong></span> 
     </span>
    </p>
   </div>
   <div class='ocr_carea' id='block_1_87' title="bbox 2236 4285 3808 4370">
    <p class='ocr_par' dir='ltr' id='par_1_87' title="bbox 2236 4285 3808 4370">
     <span class='ocr_line' id='line_1_87' title="bbox 2236 4285 3808 4370; baseline 0.01 -30"><span class='ocrx_word' id='word_1_569' title='bbox 2236 4285 2376 4343; x_wconf 89' lang='lat' dir='ltr'><strong>banc</strong></span> <span class='ocrx_word' id='word_1_570' title='bbox 2411 4297 2619 4346; x_wconf 88' lang='lat' dir='ltr'><strong>teneret</strong></span> <span class='ocrx_word' id='word_1_571' title='bbox 2641 4306 2909 4360; x_wconf 80' lang='lat' dir='ltr'><strong>normam,</strong></span> <span class='ocrx_word' id='word_1_572' title='bbox 2939 4294 3165 4368; x_wconf 87' lang='lat' dir='ltr'><strong>ejusque</strong></span> <span class='ocrx_word' id='word_1_573' title='bbox 3187 4297 3405 4354; x_wconf 89' lang='lat' dir='ltr'><strong>virtutis</strong></span> <span class='ocrx_word' id='word_1_574' title='bbox 3427 4315 3492 4354; x_wconf 89' lang='lat' dir='ltr'><strong>ac</strong></span> <span class='ocrx_word' id='word_1_575' title='bbox 3529 4301 3808 4370; x_wconf 77' lang='lat' dir='ltr'><strong>sapientia:</strong></span> 
     </span>
    </p>
   </div>
   <div class='ocr_carea' id='block_1_88' title="bbox 2234 4381 3805 4456">
    <p class='ocr_par' dir='ltr' id='par_1_88' title="bbox 2234 4381 3805 4456">
     <span class='ocr_line' id='line_1_88' title="bbox 2234 4381 3805 4456; baseline 0.012 -25"><span class='ocrx_word' id='word_1_576' title='bbox 2234 4391 2352 4447; x_wconf 78' lang='lat' dir='ltr'><strong>qua-</strong></span> <span class='ocrx_word' id='word_1_577' title='bbox 2378 4381 2562 4437; x_wconf 88' lang='lat' dir='ltr'><strong>divino</strong></span> <span class='ocrx_word' id='word_1_578' title='bbox 2591 4384 2795 4453; x_wconf 84' lang='lat' dir='ltr'><strong>Spiritu</strong></span> <span class='ocrx_word' id='word_1_579' title='bbox 2830 4395 3140 4456; x_wconf 55' lang='lat' dir='ltr'><strong>prastatur,</strong></span> <span class='ocrx_word' id='word_1_580' title='bbox 3183 4389 3678 4449; x_wconf 86' lang='lat' dir='ltr'><strong>internnmanimo</strong></span> <span class='ocrx_word' id='word_1_581' title='bbox 3705 4409 3805 4449; x_wconf 82' lang='lat' dir='ltr'><strong>na-</strong></span> 
     </span>
    </p>
   </div>
   <div class='ocr_carea' id='block_1_89' title="bbox 2234 4471 3804 4556">
    <p class='ocr_par' dir='ltr' id='par_1_89' title="bbox 2234 4471 3804 4556">
     <span class='ocr_line' id='line_1_89' title="bbox 2234 4471 3804 4556; baseline 0.011 -30"><span class='ocrx_word' id='word_1_582' title='bbox 2234 4481 2358 4528; x_wconf 85' lang='lat' dir='ltr'><strong>ctus</strong></span> <span class='ocrx_word' id='word_1_583' title='bbox 2376 4489 2638 4540; x_wconf 79' lang='lat' dir='ltr'><strong>amorem,</strong></span> <span class='ocrx_word' id='word_1_584' title='bbox 2665 4493 2901 4548; x_wconf 77' lang='lat' dir='ltr'><strong>cumque</strong></span> <span class='ocrx_word' id='word_1_585' title='bbox 2921 4482 3288 4551; x_wconf 85' lang='lat' dir='ltr'><strong>magnificum,</strong></span> <span class='ocrx_word' id='word_1_586' title='bbox 3324 4485 3565 4556; x_wconf 90' lang='lat' dir='ltr'><strong>iniquam</strong></span> <span class='ocrx_word' id='word_1_587' title='bbox 3585 4471 3804 4545; x_wconf 71' lang='lat' dir='ltr'><strong>Dll‘tllem</strong></span> 
     </span>
    </p>
   </div>
   <div class='ocr_carea' id='block_1_90' title="bbox 559 4559 3806 4648">
    <p class='ocr_par' dir='ltr' id='par_1_90' title="bbox 559 4559 3806 4648">
     <span class='ocr_line' id='line_1_90' title="bbox 559 4559 3806 4648; baseline 0.006 -31"><span class='ocrx_word' id='word_1_588' title='bbox 559 4564 631 4619; x_wconf 83' lang='lat' dir='ltr'><strong>tis</strong></span> <span class='ocrx_word' id='word_1_589' title='bbox 671 4565 936 4620; x_wconf 73' lang='lat' dir='ltr'><strong>excedunt</strong></span> <span class='ocrx_word' id='word_1_590' title='bbox 980 4566 1238 4635; x_wconf 70' lang='lat' dir='ltr'><strong>pmclare</strong></span> <span class='ocrx_word' id='word_1_591' title='bbox 1281 4567 1575 4622; x_wconf 85' lang='lat' dir='ltr'><strong>admodum</strong></span> <span class='ocrx_word' id='word_1_592' title='bbox 1637 4571 1778 4624; x_wconf 89' lang='lat' dir='ltr'><strong>viam</strong></span> <span class='ocrx_word' id='word_1_593' title='bbox 1835 4573 2090 4628; x_wconf 85' lang='lat' dir='ltr'><strong>muniens</strong></span> <span class='ocrx_word' id='word_1_594' title='bbox 2114 4615 2128 4637; x_wconf 87' lang='lat'><strong>,</strong></span> <span class='ocrx_word' id='word_1_595' title='bbox 2164 4559 2206 4613; x_wconf 66' lang='grc' dir='ltr'>θ</span> <span class='ocrx_word' id='word_1_596' title='bbox 2237 4580 2460 4634; x_wconf 79' lang='lat' dir='ltr'><strong>PI&#39;OI&#39;SIIS</strong></span> <span class='ocrx_word' id='word_1_597' title='bbox 2489 4567 2629 4643; x_wconf 70' lang='lat' dir='ltr'><strong>Via&quot;!</strong></span> <span class='ocrx_word' id='word_1_598' title='bbox 2660 4570 3014 4641; x_wconf 70' lang='lat' dir='ltr'><strong>declinabat;</strong></span> <span class='ocrx_word' id='word_1_599' title='bbox 3063 4577 3381 4648; x_wconf 73' lang='lat' dir='ltr'><strong>Cunctisquc</strong></span> <span class='ocrx_word' id='word_1_600' title='bbox 3414 4579 3614 4636; x_wconf 70' lang='lat' dir='ltr'><strong>divinis</strong></span> <span class='ocrx_word' id='word_1_601' title='bbox 3649 4588 3806 4637; x_wconf 84' lang='lat' dir='ltr'><strong>man—</strong></span> 
     </span>
    </p>
   </div>
   <div class='ocr_carea' id='block_1_91' title="bbox 557 4657 2128 4736">
    <p class='ocr_par' dir='ltr' id='par_1_91' title="bbox 557 4657 2128 4736">
     <span class='ocr_line' id='line_1_91' title="bbox 557 4657 2128 4736; baseline 0.005 -25"><span class='ocrx_word' id='word_1_602' title='bbox 557 4657 822 4711; x_wconf 84' lang='lat' dir='ltr'><strong>sictotam</strong></span> <span class='ocrx_word' id='word_1_603' title='bbox 853 4657 1070 4726; x_wconf 85' lang='lat' dir='ltr'><strong>quidem</strong></span> <span class='ocrx_word' id='word_1_604' title='bbox 1095 4659 1292 4713; x_wconf 88' lang='lat' dir='ltr'><strong>mentis</strong></span> <span class='ocrx_word' id='word_1_605' title='bbox 1323 4675 1437 4712; x_wconf 72' lang='lat' dir='ltr'><strong>sua:</strong></span> <span class='ocrx_word' id='word_1_606' title='bbox 1467 4661 1573 4714; x_wconf 86' lang='lat' dir='ltr'><strong>vim</strong></span> <span class='ocrx_word' id='word_1_607' title='bbox 1608 4678 1670 4715; x_wconf 90' lang='lat' dir='ltr'><strong>ac</strong></span> <span class='ocrx_word' id='word_1_608' title='bbox 1696 4662 2128 4736; x_wconf 74' lang='lat' dir='ltr'><strong>intelligentiam,</strong></span> 
     </span>
    </p>
   </div>
   <div class='ocr_carea' id='block_1_92' title="bbox 556 4739 2131 4821">
    <p class='ocr_par' dir='ltr' id='par_1_92' title="bbox 556 4739 2131 4821">
     <span class='ocr_line' id='line_1_92' title="bbox 556 4739 2131 4821; baseline 0.008 -19"><span class='ocrx_word' id='word_1_609' title='bbox 556 4746 832 4811; x_wconf 87' lang='lat' dir='ltr'><strong>Trinitali,</strong></span> <span class='ocrx_word' id='word_1_610' title='bbox 878 4765 997 4818; x_wconf 79' lang='lat' dir='ltr'><strong>qua:</strong></span> <span class='ocrx_word' id='word_1_611' title='bbox 1039 4750 1214 4821; x_wconf 86' lang='lat' dir='ltr'><strong>ipsum</strong></span> <span class='ocrx_word' id='word_1_612' title='bbox 1262 4762 1554 4819; x_wconf 79' lang='lat' dir='ltr'><strong>antequam</strong></span> <span class='ocrx_word' id='word_1_613' title='bbox 1599 4755 1762 4809; x_wconf 88' lang='lat' dir='ltr'><strong>etiam</strong></span> <span class='ocrx_word' id='word_1_614' title='bbox 1809 4739 2131 4815; x_wconf 86' lang='lat' dir='ltr'><strong>nasceretur</strong></span> 
     </span>
    </p>
   </div>
   <div class='ocr_carea' id='block_1_93' title="bbox 550 4841 2126 4923">
    <p class='ocr_par' dir='ltr' id='par_1_93' title="bbox 550 4841 2126 4923">
     <span class='ocr_line' id='line_1_93' title="bbox 550 4841 2126 4923; baseline 0.006 -26"><span class='ocrx_word' id='word_1_615' title='bbox 550 4841 824 4908; x_wconf 74' lang='lat' dir='ltr'><strong>Scivisset,</strong></span> <span class='ocrx_word' id='word_1_616' title='bbox 840 4857 1166 4913; x_wconf 88' lang='lat' dir='ltr'><strong>sacrumque</strong></span> <span class='ocrx_word' id='word_1_617' title='bbox 1183 4844 1287 4898; x_wconf 84' lang='lat' dir='ltr'><strong>sibi</strong></span> <span class='ocrx_word' id='word_1_618' title='bbox 1310 4841 1645 4915; x_wconf 77' lang='lat' dir='ltr'><strong>Thcologum</strong></span> <span class='ocrx_word' id='word_1_619' title='bbox 1666 4849 2126 4923; x_wconf 75' lang='lat' dir='ltr'><strong>praedestinasset,</strong></span> 
     </span>
    </p>
   </div>
   <div class='ocr_carea' id='block_1_94' title="bbox 554 4932 2126 5008">
    <p class='ocr_par' dir='ltr' id='par_1_94' title="bbox 554 4932 2126 5008">
     <span class='ocr_line' id='line_1_94' title="bbox 554 4932 2126 5008; baseline 0.009 -22"><span class='ocrx_word' id='word_1_620' title='bbox 554 4932 789 5003; x_wconf 75' lang='lat' dir='ltr'><strong>perfecte</strong></span> <span class='ocrx_word' id='word_1_621' title='bbox 836 4933 1103 4989; x_wconf 81' lang='lat' dir='ltr'><strong>addixerit</strong></span> <span class='ocrx_word' id='word_1_622' title='bbox 1137 4954 1152 5002; x_wconf 87' lang='lat'><strong>;</strong></span> <span class='ocrx_word' id='word_1_623' title='bbox 1204 4938 1394 5006; x_wconf 77' lang='lat' dir='ltr'><strong>patrize</strong></span> <span class='ocrx_word' id='word_1_624' title='bbox 1424 4955 1550 4992; x_wconf 79' lang='lat' dir='ltr'><strong>vero</strong></span> <span class='ocrx_word' id='word_1_625' title='bbox 1584 4954 1649 4994; x_wconf 91' lang='lat' dir='ltr'><strong>ac</strong></span> <span class='ocrx_word' id='word_1_626' title='bbox 1687 4943 2001 5008; x_wconf 85' lang='lat' dir='ltr'><strong>parentibus</strong></span> <span class='ocrx_word' id='word_1_627' title='bbox 2033 4960 2126 4999; x_wconf 84' lang='lat' dir='ltr'><strong>ca-</strong></span> 
     </span>
    </p>
   </div>
   <div class='ocr_carea' id='block_1_95' title="bbox 546 5011 2128 5107">
    <p class='ocr_par' dir='ltr' id='par_1_95' title="bbox 546 5011 2128 5107">
     <span class='ocr_line' id='line_1_95' title="bbox 546 5011 2128 5107; baseline 0.008 -27"><span class='ocrx_word' id='word_1_628' title='bbox 546 5032 705 5080; x_wconf 69' lang='lat' dir='ltr'><strong>&#39;stum</strong></span> <span class='ocrx_word' id='word_1_629' title='bbox 741 5011 844 5082; x_wconf 81' lang='lat' dir='ltr'><strong>hoc</strong></span> <span class='ocrx_word' id='word_1_630' title='bbox 887 5029 1309 5097; x_wconf 87' lang='lat' dir='ltr'><strong>corpusculum,</strong></span> <span class='ocrx_word' id='word_1_631' title='bbox 1353 5033 1659 5103; x_wconf 78' lang='lat' dir='ltr'><strong>majorique</strong></span> <span class='ocrx_word' id='word_1_632' title='bbox 1697 5049 1940 5091; x_wconf 79' lang='lat' dir='ltr'><strong>animum</strong></span> <span class='ocrx_word' id='word_1_633' title='bbox 1984 5053 2128 5107; x_wconf 80' lang='lat' dir='ltr'><strong>pra:-</strong></span> 
     </span>
    </p>
   </div>
   <div class='ocr_carea' id='block_1_96' title="bbox 554 5116 2125 5199">
    <p class='ocr_par' dir='ltr' id='par_1_96' title="bbox 554 5116 2125 5199">
     <span class='ocr_line' id='line_1_96' title="bbox 554 5116 2125 5199; baseline 0.011 -28"><span class='ocrx_word' id='word_1_634' title='bbox 554 5116 846 5187; x_wconf 82' lang='lat' dir='ltr'><strong>fulgeutem</strong></span> <span class='ocrx_word' id='word_1_635' title='bbox 889 5121 1157 5178; x_wconf 82' lang='lat' dir='ltr'><strong>castitatis</strong></span> <span class='ocrx_word' id='word_1_636' title='bbox 1196 5122 1319 5179; x_wconf 85' lang='lat' dir='ltr'><strong>luce</strong></span> <span class='ocrx_word' id='word_1_637' title='bbox 1359 5126 1676 5180; x_wconf 87' lang='lat' dir='ltr'><strong>reddiderit.</strong></span> <span class='ocrx_word' id='word_1_638' title='bbox 1711 5125 1837 5183; x_wconf 71' lang='lat' dir='ltr'><strong>llaec</strong></span> <span class='ocrx_word' id='word_1_639' title='bbox 1873 5131 2125 5199; x_wconf 89' lang='lat' dir='ltr'><strong>quidem,</strong></span> 
     </span>
    </p>
   </div>
   <div class='ocr_carea' id='block_1_97' title="bbox 553 5209 2125 5288">
    <p class='ocr_par' dir='ltr' id='par_1_97' title="bbox 553 5209 2125 5288">
     <span class='ocr_line' id='line_1_97' title="bbox 553 5209 2125 5288; baseline 0.009 -24"><span class='ocrx_word' id='word_1_640' title='bbox 553 5209 641 5264; x_wconf 80' lang='lat' dir='ltr'><strong>cui</strong></span> <span class='ocrx_word' id='word_1_641' title='bbox 671 5210 911 5278; x_wconf 89' lang='lat' dir='ltr'><strong>libuerit,</strong></span> <span class='ocrx_word' id='word_1_642' title='bbox 947 5225 1132 5268; x_wconf 88' lang='lat' dir='ltr'><strong>narret</strong></span> <span class='ocrx_word' id='word_1_643' title='bbox 1186 5230 1252 5271; x_wconf 85' lang='lat' dir='ltr'><strong>ac</strong></span> <span class='ocrx_word' id='word_1_644' title='bbox 1283 5216 1700 5288; x_wconf 85' lang='lat' dir='ltr'><strong>philosophetur</strong></span> <span class='ocrx_word' id='word_1_645' title='bbox 1734 5238 1746 5285; x_wconf 93' lang='lat'><strong>;</strong></span> <span class='ocrx_word' id='word_1_646' title='bbox 1787 5221 2125 5278; x_wconf 85' lang='lat' dir='ltr'><strong>rudimenta-</strong></span> 
     </span>
    </p>
   </div>
   <div class='ocr_carea' id='block_1_98' title="bbox 553 5300 2123 5387">
    <p class='ocr_par' dir='ltr' id='par_1_98' title="bbox 553 5300 2123 5387">
     <span class='ocr_line' id='line_1_98' title="bbox 553 5300 2123 5387; baseline 0.01 -31"><span class='ocrx_word' id='word_1_647' title='bbox 553 5300 653 5357; x_wconf 83' lang='lat' dir='ltr'><strong>riis</strong></span> <span class='ocrx_word' id='word_1_648' title='bbox 705 5304 849 5358; x_wconf 83' lang='lat' dir='ltr'><strong>velut</strong></span> <span class='ocrx_word' id='word_1_649' title='bbox 885 5305 1234 5373; x_wconf 86' lang='lat' dir='ltr'><strong>actionibus,</strong></span> <span class='ocrx_word' id='word_1_650' title='bbox 1283 5308 1746 5380; x_wconf 74' lang='lat' dir='ltr'><strong>defunctoriisque</strong></span> <span class='ocrx_word' id='word_1_651' title='bbox 1792 5313 1893 5368; x_wconf 79' lang='lat' dir='ltr'><strong>viri</strong></span> <span class='ocrx_word' id='word_1_652' title='bbox 1935 5318 2123 5387; x_wconf 87' lang='lat' dir='ltr'><strong>magni</strong></span> 
     </span>
    </p>
   </div>
   <div class='ocr_carea' id='block_1_99' title="bbox 553 5393 2126 5464">
    <p class='ocr_par' dir='ltr' id='par_1_99' title="bbox 553 5393 2126 5464">
     <span class='ocr_line' id='line_1_99' title="bbox 553 5393 2126 5464; baseline 0.011 -17"><span class='ocrx_word' id='word_1_653' title='bbox 553 5393 944 5462; x_wconf 80' lang='lat' dir='ltr'><strong>agitationibus</strong></span> <span class='ocrx_word' id='word_1_654' title='bbox 969 5394 1245 5454; x_wconf 84' lang='lat' dir='ltr'><strong>facultatis</strong></span> <span class='ocrx_word' id='word_1_655' title='bbox 1274 5399 1488 5454; x_wconf 87' lang='lat' dir='ltr'><strong>dicendi</strong></span> <span class='ocrx_word' id='word_1_656' title='bbox 1520 5401 1623 5454; x_wconf 90' lang='lat' dir='ltr'><strong>vim</strong></span> <span class='ocrx_word' id='word_1_657' title='bbox 1654 5420 1760 5457; x_wconf 89' lang='lat' dir='ltr'><strong>non</strong></span> <span class='ocrx_word' id='word_1_658' title='bbox 1788 5403 2126 5464; x_wconf 87' lang='lat' dir='ltr'><strong>defunctorie</strong></span> 
     </span>
    </p>
   </div>
   <div class='ocr_carea' id='block_1_100' title="bbox 554 5487 2125 5568">
    <p class='ocr_par' dir='ltr' id='par_1_100' title="bbox 554 5487 2125 5568">
     <span class='ocr_line' id='line_1_100' title="bbox 554 5487 2125 5568; baseline 0.01 -31"><span class='ocrx_word' id='word_1_659' title='bbox 554 5500 854 5555; x_wconf 86' lang='lat' dir='ltr'><strong>promens;</strong></span> <span class='ocrx_word' id='word_1_660' title='bbox 884 5487 1152 5557; x_wconf 88' lang='lat' dir='ltr'><strong>siquidem</strong></span> <span class='ocrx_word' id='word_1_661' title='bbox 1191 5490 1360 5545; x_wconf 90' lang='lat' dir='ltr'><strong>in.his</strong></span> <span class='ocrx_word' id='word_1_662' title='bbox 1403 5507 1620 5562; x_wconf 79' lang='lat' dir='ltr'><strong>quoque.</strong></span> <span class='ocrx_word' id='word_1_663' title='bbox 1655 5495 1878 5566; x_wconf 88' lang='lat' dir='ltr'><strong>dignum</strong></span> <span class='ocrx_word' id='word_1_664' title='bbox 1922 5499 2125 5568; x_wconf 86' lang='lat' dir='ltr'><strong>aliquid</strong></span> 
     </span>
    </p>
   </div>
   <div class='ocr_carea' id='block_1_101' title="bbox 553 5576 2130 5659">
    <p class='ocr_par' dir='ltr' id='par_1_101' title="bbox 553 5576 2130 5659">
     <span class='ocr_line' id='line_1_101' title="bbox 553 5576 2130 5659; baseline 0.011 -31"><span class='ocrx_word' id='word_1_665' title='bbox 553 5576 673 5642; x_wconf 85' lang='lat' dir='ltr'><strong>eius</strong></span> <span class='ocrx_word' id='word_1_666' title='bbox 700 5577 1008 5645; x_wconf 85' lang='lat' dir='ltr'><strong>prudentia,</strong></span> <span class='ocrx_word' id='word_1_667' title='bbox 1028 5579 1305 5650; x_wconf 86' lang='lat' dir='ltr'><strong>animique</strong></span> <span class='ocrx_word' id='word_1_668' title='bbox 1336 5585 1643 5651; x_wconf 66' lang='lat' dir='ltr'><strong>praestantia</strong></span> <span class='ocrx_word' id='word_1_669' title='bbox 1669 5602 1730 5639; x_wconf 88' lang='lat' dir='ltr'><strong>ac</strong></span> <span class='ocrx_word' id='word_1_670' title='bbox 1758 5590 2130 5659; x_wconf 83' lang='lat' dir='ltr'><strong>magnitudine</strong></span> 
     </span>
    </p>
   </div>
   <div class='ocr_carea' id='block_1_102' title="bbox 555 5667 2127 5747">
    <p class='ocr_par' dir='ltr' id='par_1_102' title="bbox 555 5667 2127 5747">
     <span class='ocr_line' id='line_1_102' title="bbox 555 5667 2127 5747; baseline 0.011 -24"><span class='ocrx_word' id='word_1_671' title='bbox 555 5667 705 5736; x_wconf 77' lang='lat' dir='ltr'><strong>loqui</strong></span> <span class='ocrx_word' id='word_1_672' title='bbox 740 5668 891 5724; x_wconf 84' lang='lat' dir='ltr'><strong>licet.</strong></span> <span class='ocrx_word' id='word_1_673' title='bbox 934 5670 1100 5726; x_wconf 79' lang='lat' dir='ltr'><strong>Nobis</strong></span> <span class='ocrx_word' id='word_1_674' title='bbox 1136 5685 1316 5727; x_wconf 83' lang='lat' dir='ltr'><strong>autem</strong></span> <span class='ocrx_word' id='word_1_675' title='bbox 1353 5675 1410 5729; x_wconf 83' lang='lat' dir='ltr'><strong>id</strong></span> <span class='ocrx_word' id='word_1_676' title='bbox 1449 5679 1788 5746; x_wconf 77' lang='lat' dir='ltr'><strong>preposituzu</strong></span> <span class='ocrx_word' id='word_1_677' title='bbox 1812 5723 1826 5747; x_wconf 97' lang='lat'><strong>,</strong></span> <span class='ocrx_word' id='word_1_678' title='bbox 1869 5699 1971 5738; x_wconf 90' lang='lat' dir='ltr'><strong>non</strong></span> <span class='ocrx_word' id='word_1_679' title='bbox 2010 5697 2065 5739; x_wconf 89' lang='lat' dir='ltr'><strong>ut</strong></span> <span class='ocrx_word' id='word_1_680' title='bbox 2096 5701 2127 5741; x_wconf 87' lang='lat' dir='ltr'><strong>a</strong></span> 
     </span>
    </p>
   </div>
   <div class='ocr_carea' id='block_1_103' title="bbox 627 5849 2106 5928">
    <p class='ocr_par' dir='ltr' id='par_1_103' title="bbox 627 5849 2106 5928">
     <span class='ocr_line' id='line_1_103' title="bbox 627 5849 2106 5928; baseline 0.008 -25"><span class='ocrx_word' id='word_1_681' title='bbox 627 5850 672 5884; x_wconf 83' lang='grc'><strong><em>⁸⁸</em></strong></span> <span class='ocrx_word' id='word_1_682' title='bbox 699 5849 717 5904; x_wconf 94' lang='lat' dir='ltr'><strong>I</strong></span> <span class='ocrx_word' id='word_1_683' title='bbox 749 5849 876 5905; x_wconf 81' lang='lat' dir='ltr'><strong>Cor.</strong></span> <span class='ocrx_word' id='word_1_684' title='bbox 903 5866 962 5919; x_wconf 86' lang='lat' dir='ltr'><strong>rt,</strong></span> <span class='ocrx_word' id='word_1_685' title='bbox 992 5853 1054 5908; x_wconf 86' lang='lat' dir='ltr'><strong>I0</strong></span> <span class='ocrx_word' id='word_1_686' title='bbox 1083 5871 1098 5921; x_wconf 83' lang='lat'><strong>;</strong></span> <span class='ocrx_word' id='word_1_687' title='bbox 1129 5855 1147 5909; x_wconf 92' lang='lat' dir='ltr'><strong>I</strong></span> <span class='ocrx_word' id='word_1_688' title='bbox 1185 5857 1309 5911; x_wconf 70' lang='lat' dir='ltr'><strong>(lor.</strong></span> <span class='ocrx_word' id='word_1_689' title='bbox 1345 5871 1404 5923; x_wconf 87' lang='lat' dir='ltr'><strong>tt,</strong></span> <span class='ocrx_word' id='word_1_690' title='bbox 1446 5856 1527 5912; x_wconf 79' lang='grc'><strong>15.</strong></span> <span class='ocrx_word' id='word_1_691' title='bbox 1603 5857 1649 5890; x_wconf 65' lang='grc' dir='ltr'><strong>δ”</strong></span> <span class='ocrx_word' id='word_1_692' title='bbox 1682 5857 1868 5917; x_wconf 77' lang='lat' dir='ltr'><strong>Jacob.</strong></span> <span class='ocrx_word' id='word_1_693' title='bbox 1902 5875 1984 5928; x_wconf 78' lang='lat' dir='ltr'><strong>tu,</strong></span> <span class='ocrx_word' id='word_1_694' title='bbox 2021 5861 2106 5916; x_wconf 78' lang='lat' dir='ltr'><strong>I5.</strong></span> 
     </span>
    </p>
   </div>
   <div class='ocr_carea' id='block_1_104' title="bbox 2236 4658 3806 4734">
    <p class='ocr_par' dir='ltr' id='par_1_104' title="bbox 2236 4658 3806 4734">
     <span class='ocr_line' id='line_1_104' title="bbox 2236 4658 3806 4734; baseline 0.009 -18"><span class='ocrx_word' id='word_1_695' title='bbox 2236 4658 2378 4716; x_wconf 87' lang='lat' dir='ltr'><strong>datis</strong></span> <span class='ocrx_word' id='word_1_696' title='bbox 2421 4662 2593 4730; x_wconf 89' lang='lat' dir='ltr'><strong>probe</strong></span> <span class='ocrx_word' id='word_1_697' title='bbox 2642 4663 2999 4734; x_wconf 80' lang='lat' dir='ltr'><strong>perfunctus,</strong></span> <span class='ocrx_word' id='word_1_698' title='bbox 3066 4682 3257 4724; x_wconf 88' lang='lat' dir='ltr'><strong>eorum</strong></span> <span class='ocrx_word' id='word_1_699' title='bbox 3309 4674 3456 4726; x_wconf 89' lang='lat' dir='ltr'><strong>cultu</strong></span> <span class='ocrx_word' id='word_1_700' title='bbox 3526 4673 3806 4730; x_wconf 86' lang='lat' dir='ltr'><strong>Christum</strong></span> 
     </span>
    </p>
   </div>
   <div class='ocr_carea' id='block_1_105' title="bbox 2236 4751 3810 4831">
    <p class='ocr_par' dir='ltr' id='par_1_105' title="bbox 2236 4751 3810 4831">
     <span class='ocr_line' id='line_1_105' title="bbox 2236 4751 3810 4831; baseline 0.011 -28"><span class='ocrx_word' id='word_1_701' title='bbox 2236 4751 2609 4821; x_wconf 86' lang='lat' dir='ltr'><strong>appetibilium</strong></span> <span class='ocrx_word' id='word_1_702' title='bbox 2661 4769 2978 4825; x_wconf 87' lang='lat' dir='ltr'><strong>supremum</strong></span> <span class='ocrx_word' id='word_1_703' title='bbox 3022 4760 3166 4814; x_wconf 87' lang='lat' dir='ltr'><strong>votis</strong></span> <span class='ocrx_word' id='word_1_704' title='bbox 3231 4763 3683 4831; x_wconf 85' lang='lat' dir='ltr'><strong>persequebatur.</strong></span> <span class='ocrx_word' id='word_1_705' title='bbox 3729 4766 3810 4820; x_wconf 75' lang='lat' dir='ltr'><strong>Ac</strong></span> 
     </span>
    </p>
   </div>
   <div class='ocr_carea' id='block_1_106' title="bbox 2234 4847 3810 4922">
    <p class='ocr_par' dir='ltr' id='par_1_106' title="bbox 2234 4847 3810 4922">
     <span class='ocr_line' id='line_1_106' title="bbox 2234 4847 3810 4922; baseline 0.008 -21"><span class='ocrx_word' id='word_1_706' title='bbox 2234 4847 2374 4901; x_wconf 82' lang='lat' dir='ltr'><strong>sicut</strong></span> <span class='ocrx_word' id='word_1_707' title='bbox 2406 4847 2585 4916; x_wconf 86' lang='lat' dir='ltr'><strong>pueri,</strong></span> <span class='ocrx_word' id='word_1_708' title='bbox 2628 4863 2751 4904; x_wconf 90' lang='lat' dir='ltr'><strong>cum</strong></span> <span class='ocrx_word' id='word_1_709' title='bbox 2785 4852 3081 4907; x_wconf 85' lang='lat' dir='ltr'><strong>teneriores</strong></span> <span class='ocrx_word' id='word_1_710' title='bbox 3126 4853 3426 4910; x_wconf 86' lang='lat' dir='ltr'><strong>decurrunt</strong></span> <span class='ocrx_word' id='word_1_711' title='bbox 3468 4873 3676 4922; x_wconf 85' lang='lat' dir='ltr'><strong>annos.</strong></span> <span class='ocrx_word' id='word_1_712' title='bbox 3726 4860 3810 4914; x_wconf 92' lang='lat' dir='ltr'><strong>in-</strong></span> 
     </span>
    </p>
   </div>
   <div class='ocr_carea' id='block_1_107' title="bbox 2236 4934 3806 5012">
    <p class='ocr_par' dir='ltr' id='par_1_107' title="bbox 2236 4934 3806 5012">
     <span class='ocr_line' id='line_1_107' title="bbox 2236 4934 3806 5012; baseline 0.01 -24"><span class='ocrx_word' id='word_1_713' title='bbox 2236 4934 2518 4991; x_wconf 88' lang='lat' dir='ltr'><strong>fantilibus</strong></span> <span class='ocrx_word' id='word_1_714' title='bbox 2567 4939 2717 4995; x_wconf 91' lang='lat' dir='ltr'><strong>scitis</strong></span> <span class='ocrx_word' id='word_1_715' title='bbox 2759 4941 2986 5011; x_wconf 70' lang='lat' dir='ltr'><strong>vita!qu</strong></span> <span class='ocrx_word' id='word_1_716' title='bbox 3019 4943 3322 5001; x_wconf 88' lang='lat' dir='ltr'><strong>rationibus</strong></span> <span class='ocrx_word' id='word_1_717' title='bbox 3361 4949 3600 5012; x_wconf 82' lang='lat' dir='ltr'><strong>educati,</strong></span> <span class='ocrx_word' id='word_1_718' title='bbox 3636 4951 3806 5004; x_wconf 90' lang='lat' dir='ltr'><strong>mori-</strong></span> 
     </span>
    </p>
   </div>
   <div class='ocr_carea' id='block_1_108' title="bbox 2233 5028 3806 5106">
    <p class='ocr_par' dir='ltr' id='par_1_108' title="bbox 2233 5028 3806 5106">
     <span class='ocr_line' id='line_1_108' title="bbox 2233 5028 3806 5106; baseline 0.01 -24"><span class='ocrx_word' id='word_1_719' title='bbox 2233 5028 2336 5084; x_wconf 89' lang='lat' dir='ltr'><strong>bus</strong></span> <span class='ocrx_word' id='word_1_720' title='bbox 2372 5045 2588 5101; x_wconf 89' lang='lat' dir='ltr'><strong>qnoque</strong></span> <span class='ocrx_word' id='word_1_721' title='bbox 2625 5049 2687 5086; x_wconf 91' lang='lat' dir='ltr'><strong>ac</strong></span> <span class='ocrx_word' id='word_1_722' title='bbox 2719 5034 2896 5090; x_wconf 87' lang='lat' dir='ltr'><strong>scnsis</strong></span> <span class='ocrx_word' id='word_1_723' title='bbox 2926 5037 3221 5106; x_wconf 88' lang='lat' dir='ltr'><strong>puerilibus</strong></span> <span class='ocrx_word' id='word_1_724' title='bbox 3251 5047 3498 5106; x_wconf 89' lang='lat' dir='ltr'><strong>utuntur,</strong></span> <span class='ocrx_word' id='word_1_725' title='bbox 3547 5043 3600 5096; x_wconf 92' lang='lat' dir='ltr'><strong>in</strong></span> <span class='ocrx_word' id='word_1_726' title='bbox 3658 5043 3806 5098; x_wconf 92' lang='lat' dir='ltr'><strong>viros</strong></span> 
     </span>
    </p>
   </div>
   <div class='ocr_carea' id='block_1_109' title="bbox 2233 5126 3806 5202">
    <p class='ocr_par' dir='ltr' id='par_1_109' title="bbox 2233 5126 3806 5202">
     <span class='ocr_line' id='line_1_109' title="bbox 2233 5126 3806 5202; baseline 0.01 -28"><span class='ocrx_word' id='word_1_727' title='bbox 2233 5132 2412 5175; x_wconf 85' lang='lat' dir='ltr'><strong>autem</strong></span> <span class='ocrx_word' id='word_1_728' title='bbox 2445 5134 2840 5190; x_wconf 89' lang='lat' dir='ltr'><strong>promoventes,</strong></span> <span class='ocrx_word' id='word_1_729' title='bbox 2871 5126 3120 5195; x_wconf 87' lang='lat' dir='ltr'><strong>cogitatis</strong></span> <span class='ocrx_word' id='word_1_730' title='bbox 3148 5143 3212 5182; x_wconf 89' lang='lat' dir='ltr'><strong>ac</strong></span> <span class='ocrx_word' id='word_1_731' title='bbox 3243 5129 3436 5185; x_wconf 88' lang='lat' dir='ltr'><strong>studiis</strong></span> <span class='ocrx_word' id='word_1_732' title='bbox 3471 5147 3591 5202; x_wconf 70' lang='lat' dir='ltr'><strong>qua:</strong></span> <span class='ocrx_word' id='word_1_733' title='bbox 3628 5133 3806 5202; x_wconf 72' lang='lat' dir='ltr'><strong>magis</strong></span> 
     </span>
    </p>
   </div>
   <div class='ocr_carea' id='block_1_110' title="bbox 2235 5213 3806 5290">
    <p class='ocr_par' dir='ltr' id='par_1_110' title="bbox 2235 5213 3806 5290">
     <span class='ocr_line' id='line_1_110' title="bbox 2235 5213 3806 5290; baseline 0.01 -27"><span class='ocrx_word' id='word_1_734' title='bbox 2235 5213 2379 5267; x_wconf 78' lang='lat' dir='ltr'><strong>viros</strong></span> <span class='ocrx_word' id='word_1_735' title='bbox 2409 5213 2666 5280; x_wconf 85' lang='lat' dir='ltr'><strong>deceant,</strong></span> <span class='ocrx_word' id='word_1_736' title='bbox 2703 5219 3058 5287; x_wconf 84' lang='lat' dir='ltr'><strong>consequenti</strong></span> <span class='ocrx_word' id='word_1_737' title='bbox 3105 5220 3318 5277; x_wconf 85' lang='lat' dir='ltr'><strong>ratione</strong></span> <span class='ocrx_word' id='word_1_738' title='bbox 3360 5224 3660 5290; x_wconf 87' lang='lat' dir='ltr'><strong>accedunt,</strong></span> <span class='ocrx_word' id='word_1_739' title='bbox 3729 5223 3806 5281; x_wconf 89' lang='lat' dir='ltr'><strong>ita</strong></span> 
     </span>
    </p>
   </div>
   <div class='ocr_carea' id='block_1_111' title="bbox 2235 5309 3803 5384">
    <p class='ocr_par' dir='ltr' id='par_1_111' title="bbox 2235 5309 3803 5384">
     <span class='ocr_line' id='line_1_111' title="bbox 2235 5309 3803 5384; baseline 0.008 -25"><span class='ocrx_word' id='word_1_740' title='bbox 2235 5322 2444 5376; x_wconf 89' lang='lat' dir='ltr'><strong>nempe,</strong></span> <span class='ocrx_word' id='word_1_741' title='bbox 2485 5315 2542 5361; x_wconf 89' lang='lat' dir='ltr'><strong>ut</strong></span> <span class='ocrx_word' id='word_1_742' title='bbox 2567 5323 2631 5363; x_wconf 90' lang='lat' dir='ltr'><strong>eo</strong></span> <span class='ocrx_word' id='word_1_743' title='bbox 2664 5311 2806 5379; x_wconf 91' lang='lat' dir='ltr'><strong>quod</strong></span> <span class='ocrx_word' id='word_1_744' title='bbox 2837 5309 3132 5380; x_wconf 78' lang='lat' dir='ltr'><strong>perfecrum</strong></span> <span class='ocrx_word' id='word_1_745' title='bbox 3165 5323 3269 5379; x_wconf 83' lang='lat' dir='ltr'><strong>est,</strong></span> <span class='ocrx_word' id='word_1_746' title='bbox 3298 5316 3521 5384; x_wconf 86' lang='lat' dir='ltr'><strong>puerilis</strong></span> <span class='ocrx_word' id='word_1_747' title='bbox 3549 5318 3658 5372; x_wconf 90' lang='lat' dir='ltr'><strong>illis</strong></span> <span class='ocrx_word' id='word_1_748' title='bbox 3679 5332 3803 5373; x_wconf 87' lang='lat' dir='ltr'><strong>seu-</strong></span> 
     </span>
    </p>
   </div>
   <div class='ocr_carea' id='block_1_112' title="bbox 2231 5399 3806 5479">
    <p class='ocr_par' dir='ltr' id='par_1_112' title="bbox 2231 5399 3806 5479">
     <span class='ocr_line' id='line_1_112' title="bbox 2231 5399 3806 5479; baseline 0.007 -26"><span class='ocrx_word' id='word_1_749' title='bbox 2231 5413 2327 5454; x_wconf 88' lang='lat' dir='ltr'><strong>sus</strong></span> <span class='ocrx_word' id='word_1_750' title='bbox 2369 5414 2434 5454; x_wconf 86' lang='lat' dir='ltr'><strong>ac</strong></span> <span class='ocrx_word' id='word_1_751' title='bbox 2476 5399 2747 5456; x_wconf 90' lang='lat' dir='ltr'><strong>institutio</strong></span> <span class='ocrx_word' id='word_1_752' title='bbox 2803 5402 3087 5457; x_wconf 83' lang='lat' dir='ltr'><strong>abolentur</strong></span> <span class='ocrx_word' id='word_1_753' title='bbox 3124 5422 3139 5458; x_wconf 88' lang='lat'><strong>:</strong></span> <span class='ocrx_word' id='word_1_754' title='bbox 3181 5405 3260 5460; x_wconf 89' lang='lat' dir='ltr'><strong>sic</strong></span> <span class='ocrx_word' id='word_1_755' title='bbox 3313 5422 3532 5477; x_wconf 89' lang='lat' dir='ltr'><strong>quoque</strong></span> <span class='ocrx_word' id='word_1_756' title='bbox 3577 5426 3806 5479; x_wconf 76' lang='lat' dir='ltr'><strong>magnus</strong></span> 
     </span>
    </p>
   </div>
   <div class='ocr_carea' id='block_1_113' title="bbox 2230 5491 3798 5570">
    <p class='ocr_par' dir='ltr' id='par_1_113' title="bbox 2230 5491 3798 5570">
     <span class='ocr_line' id='line_1_113' title="bbox 2230 5491 3798 5570; baseline 0.008 -25"><span class='ocrx_word' id='word_1_757' title='bbox 2230 5491 2351 5558; x_wconf 88' lang='lat' dir='ltr'><strong>iste,</strong></span> <span class='ocrx_word' id='word_1_758' title='bbox 2387 5492 2645 5564; x_wconf 87' lang='lat' dir='ltr'><strong>quidquid</strong></span> <span class='ocrx_word' id='word_1_759' title='bbox 2694 5505 2818 5549; x_wconf 85' lang='lat' dir='ltr'><strong>ante</strong></span> <span class='ocrx_word' id='word_1_760' title='bbox 2875 5496 3149 5550; x_wconf 72' lang='lat' dir='ltr'><strong>lavacrum</strong></span> <span class='ocrx_word' id='word_1_761' title='bbox 3194 5497 3270 5552; x_wconf 90' lang='lat' dir='ltr'><strong>illi</strong></span> <span class='ocrx_word' id='word_1_762' title='bbox 3315 5497 3638 5570; x_wconf 73' lang='lat' dir='ltr'><strong>disciplium,</strong></span> <span class='ocrx_word' id='word_1_763' title='bbox 3683 5513 3798 5557; x_wconf 90' lang='lat' dir='ltr'><strong>tum</strong></span> 
     </span>
    </p>
   </div>
   <div class='ocr_carea' id='block_1_114' title="bbox 2231 5584 3804 5663">
    <p class='ocr_par' dir='ltr' id='par_1_114' title="bbox 2231 5584 3804 5663">
     <span class='ocr_line' id='line_1_114' title="bbox 2231 5584 3804 5663; baseline 0.006 -23"><span class='ocrx_word' id='word_1_764' title='bbox 2231 5584 2298 5640; x_wconf 88' lang='lat' dir='ltr'><strong>ad</strong></span> <span class='ocrx_word' id='word_1_765' title='bbox 2326 5585 2710 5653; x_wconf 82' lang='lat' dir='ltr'><strong>eruditionem,</strong></span> <span class='ocrx_word' id='word_1_766' title='bbox 2739 5596 2852 5642; x_wconf 88' lang='lat' dir='ltr'><strong>tum</strong></span> <span class='ocrx_word' id='word_1_767' title='bbox 2877 5588 2944 5644; x_wconf 85' lang='lat' dir='ltr'><strong>ad</strong></span> <span class='ocrx_word' id='word_1_768' title='bbox 2965 5588 3209 5645; x_wconf 86' lang='lat' dir='ltr'><strong>actiones</strong></span> <span class='ocrx_word' id='word_1_769' title='bbox 3240 5606 3527 5662; x_wconf 85' lang='lat' dir='ltr'><strong>moresque</strong></span> <span class='ocrx_word' id='word_1_770' title='bbox 3553 5599 3804 5663; x_wconf 88' lang='lat' dir='ltr'><strong>spectans</strong></span> 
     </span>
    </p>
   </div>
   <div class='ocr_carea' id='block_1_115' title="bbox 2231 5680 3803 5756">
    <p class='ocr_par' dir='ltr' id='par_1_115' title="bbox 2231 5680 3803 5756">
     <span class='ocr_line' id='line_1_115' title="bbox 2231 5680 3803 5756; baseline 0.004 -20"><span class='ocrx_word' id='word_1_771' title='bbox 2231 5680 2568 5737; x_wconf 83' lang='lat' dir='ltr'><strong>elaboratum</strong></span> <span class='ocrx_word' id='word_1_772' title='bbox 2609 5681 2803 5749; x_wconf 86' lang='lat' dir='ltr'><strong>fuerat,</strong></span> <span class='ocrx_word' id='word_1_773' title='bbox 2841 5690 3100 5754; x_wconf 85' lang='lat' dir='ltr'><strong>tanquam</strong></span> <span class='ocrx_word' id='word_1_774' title='bbox 3141 5683 3403 5756; x_wconf 86' lang='lat' dir='ltr'><strong>puerilem</strong></span> <span class='ocrx_word' id='word_1_775' title='bbox 3451 5702 3673 5744; x_wconf 82' lang='lat' dir='ltr'><strong>sensum</strong></span> <span class='ocrx_word' id='word_1_776' title='bbox 3716 5703 3803 5742; x_wconf 88' lang='lat' dir='ltr'><strong>re-</strong></span> 
     </span>
    </p>
   </div>
  </div>
