  <div class='ocr_page' id='page_1' title='image "/cluster/home/n/w/nwhite01/storage/ocr_20150623/105/mdp.39015008714183/230.png"; bbox 0 0 4150 6298; ppageno 0'>
   <div class='ocr_carea' id='block_1_1' title="bbox 411 362 519 430">
    <p class='ocr_par' dir='ltr' id='par_1_1' title="bbox 411 362 519 430">
     <span class='ocr_line' id='line_1_1' title="bbox 411 362 519 430; baseline 0.019 -2"><span class='ocrx_word' id='word_1_1' title='bbox 411 362 519 430; x_wconf 68' lang='grc'><strong>445</strong></span> 
     </span>
    </p>
   </div>
   <div class='ocr_carea' id='block_1_2' title="bbox 1117 354 2957 422">
    <p class='ocr_par' dir='ltr' id='par_1_2' title="bbox 1117 354 2957 422">
     <span class='ocr_line' id='line_1_2' title="bbox 1117 354 2957 422; baseline 0 -2"><span class='ocrx_word' id='word_1_2' title='bbox 1117 357 1400 420; x_wconf 80' lang='lat' dir='ltr'><strong>ORATIO</strong></span> <span class='ocrx_word' id='word_1_3' title='bbox 1432 358 1561 420; x_wconf 82' lang='lat' dir='ltr'><strong>XX.</strong></span> <span class='ocrx_word' id='word_1_4' title='bbox 1598 383 1666 397; x_wconf 84' lang='lat'><strong>--</strong></span> <span class='ocrx_word' id='word_1_5' title='bbox 1692 355 1776 422; x_wconf 85' lang='lat' dir='ltr'><strong>IN</strong></span> <span class='ocrx_word' id='word_1_6' title='bbox 1815 355 2129 420; x_wconf 79' lang='lat' dir='ltr'><strong>LAUDEM</strong></span> <span class='ocrx_word' id='word_1_7' title='bbox 2164 358 2227 420; x_wconf 92' lang='lat' dir='ltr'><strong>S.</strong></span> <span class='ocrx_word' id='word_1_8' title='bbox 2266 354 2645 419; x_wconf 83' lang='lat' dir='ltr'><strong>GREGORII</strong></span> <span class='ocrx_word' id='word_1_9' title='bbox 2677 356 2957 420; x_wconf 78' lang='lat' dir='ltr'><strong>THEOL.</strong></span> 
     </span>
    </p>
   </div>
   <div class='ocr_carea' id='block_1_3' title="bbox 3558 352 3666 419">
    <p class='ocr_par' dir='ltr' id='par_1_3' title="bbox 3558 352 3666 419">
     <span class='ocr_line' id='line_1_3' title="bbox 3558 352 3666 419; baseline 0.019 -2"><span class='ocrx_word' id='word_1_10' title='bbox 3558 352 3666 419; x_wconf 66' lang='grc' dir='ltr'><strong>ΜΒ</strong></span> 
     </span>
    </p>
   </div>
   <div class='ocr_carea' id='block_1_4' title="bbox 414 472 3664 553">
    <p class='ocr_par' dir='ltr' id='par_1_4' title="bbox 414 472 3664 553">
     <span class='ocr_line' id='line_1_4' title="bbox 414 472 3664 553; baseline -0.003 -15"><span class='ocrx_word' id='word_1_11' title='bbox 414 485 665 553; x_wconf 86' lang='lat' dir='ltr'><strong>linquens</strong></span> <span class='ocrx_word' id='word_1_12' title='bbox 692 522 708 547; x_wconf 91' lang='lat'><strong>,</strong></span> <span class='ocrx_word' id='word_1_13' title='bbox 767 478 1019 550; x_wconf 85' lang='lat' dir='ltr'><strong>quinimo</strong></span> <span class='ocrx_word' id='word_1_14' title='bbox 1064 493 1127 534; x_wconf 86' lang='lat' dir='ltr'><strong>ea</strong></span> <span class='ocrx_word' id='word_1_15' title='bbox 1175 494 1275 535; x_wconf 90' lang='lat' dir='ltr'><strong>ceu</strong></span> <span class='ocrx_word' id='word_1_16' title='bbox 1328 482 1641 535; x_wconf 79' lang='lat' dir='ltr'><strong>rudimento</strong></span> <span class='ocrx_word' id='word_1_17' title='bbox 1703 479 1988 551; x_wconf 85' lang='lat' dir='ltr'><strong>primaque</strong></span> <span class='ocrx_word' id='word_1_18' title='bbox 2013 479 2064 540; x_wconf 79' lang='grc' dir='ltr'>Α</span> <span class='ocrx_word' id='word_1_19' title='bbox 2088 491 2154 533; x_wconf 89' lang='lat' dir='ltr'><strong>eo</strong></span> <span class='ocrx_word' id='word_1_20' title='bbox 2181 472 2437 533; x_wconf 89' lang='lat' dir='ltr'><strong>omnibus</strong></span> <span class='ocrx_word' id='word_1_21' title='bbox 2468 476 2629 531; x_wconf 94' lang='lat' dir='ltr'><strong>simul</strong></span> <span class='ocrx_word' id='word_1_22' title='bbox 2647 472 2902 546; x_wconf 77' lang='lat' dir='ltr'><strong>parandis</strong></span> <span class='ocrx_word' id='word_1_23' title='bbox 2925 473 3214 531; x_wconf 71' lang='lat' dir='ltr'><strong>virtutibus</strong></span> <span class='ocrx_word' id='word_1_24' title='bbox 3238 472 3421 529; x_wconf 90' lang='lat' dir='ltr'><strong>studio</strong></span> <span class='ocrx_word' id='word_1_25' title='bbox 3446 472 3664 529; x_wconf 86' lang='lat' dir='ltr'><strong>incum-</strong></span> 
     </span>
    </p>
   </div>
   <div class='ocr_carea' id='block_1_5' title="bbox 414 566 1982 644">
    <p class='ocr_par' dir='ltr' id='par_1_5' title="bbox 414 566 1982 644">
     <span class='ocr_line' id='line_1_5' title="bbox 414 566 1982 644; baseline -0.002 -17"><span class='ocrx_word' id='word_1_26' title='bbox 414 570 751 644; x_wconf 79' lang='lat' dir='ltr'><strong>institutione</strong></span> <span class='ocrx_word' id='word_1_27' title='bbox 792 568 860 623; x_wconf 88' lang='lat' dir='ltr'><strong>ad</strong></span> <span class='ocrx_word' id='word_1_28' title='bbox 892 566 1295 639; x_wconf 82' lang='lat' dir='ltr'><strong>perfectionem</strong></span> <span class='ocrx_word' id='word_1_29' title='bbox 1345 570 1731 639; x_wconf 81' lang='lat' dir='ltr'><strong>capessendam</strong></span> <span class='ocrx_word' id='word_1_30' title='bbox 1781 581 1940 626; x_wconf 88' lang='lat' dir='ltr'><strong>utens</strong></span> <span class='ocrx_word' id='word_1_31' title='bbox 1965 611 1982 634; x_wconf 94' lang='lat'><strong>,</strong></span> 
     </span>
    </p>
   </div>
   <div class='ocr_carea' id='block_1_6' title="bbox 406 661 1978 732">
    <p class='ocr_par' dir='ltr' id='par_1_6' title="bbox 406 661 1978 732">
     <span class='ocr_line' id='line_1_6' title="bbox 406 661 1978 732; baseline 0.002 -17"><span class='ocrx_word' id='word_1_32' title='bbox 406 662 767 731; x_wconf 71' lang='lat' dir='ltr'><strong>apostolicum</strong></span> <span class='ocrx_word' id='word_1_33' title='bbox 795 661 924 716; x_wconf 91' lang='lat' dir='ltr'><strong>illud</strong></span> <span class='ocrx_word' id='word_1_34' title='bbox 949 662 1153 731; x_wconf 73' lang='lat' dir='ltr'><strong>iugiter</strong></span> <span class='ocrx_word' id='word_1_35' title='bbox 1178 676 1339 731; x_wconf 89' lang='lat' dir='ltr'><strong>opere</strong></span> <span class='ocrx_word' id='word_1_36' title='bbox 1366 662 1624 732; x_wconf 87' lang='lat' dir='ltr'><strong>implebat</strong></span> <span class='ocrx_word' id='word_1_37' title='bbox 1650 682 1662 716; x_wconf 95' lang='lat'><strong>:</strong></span> <span class='ocrx_word' id='word_1_38' title='bbox 1696 664 1828 730; x_wconf 74' lang='lat' dir='ltr'><strong>Qua:</strong></span> <span class='ocrx_word' id='word_1_39' title='bbox 1856 673 1978 718; x_wconf 76' lang='lat' dir='ltr'><strong>sunt</strong></span> 
     </span>
    </p>
   </div>
   <div class='ocr_carea' id='block_1_7' title="bbox 405 744 1982 824">
    <p class='ocr_par' dir='ltr' id='par_1_7' title="bbox 405 744 1982 824">
     <span class='ocr_line' id='line_1_7' title="bbox 405 744 1982 824; baseline 0.004 -19"><span class='ocrx_word' id='word_1_40' title='bbox 405 762 550 809; x_wconf 80' lang='lat' dir='ltr'><strong>retro</strong></span> <span class='ocrx_word' id='word_1_41' title='bbox 573 744 899 816; x_wconf 70' lang='lat' dir='ltr'><strong>obliviscaris,</strong></span> <span class='ocrx_word' id='word_1_42' title='bbox 958 753 1028 806; x_wconf 80' lang='lat' dir='ltr'><strong>ad</strong></span> <span class='ocrx_word' id='word_1_43' title='bbox 1056 771 1118 807; x_wconf 82' lang='lat' dir='ltr'><strong>ea</strong></span> <span class='ocrx_word' id='word_1_44' title='bbox 1153 771 1268 808; x_wconf 81' lang='lat' dir='ltr'><strong>vero</strong></span> <span class='ocrx_word' id='word_1_45' title='bbox 1293 772 1410 824; x_wconf 73' lang='lat' dir='ltr'><strong>qum</strong></span> <span class='ocrx_word' id='word_1_46' title='bbox 1435 770 1466 808; x_wconf 82' lang='grc' dir='ltr'><strong><em>(ι</em></strong></span> <span class='ocrx_word' id='word_1_47' title='bbox 1496 755 1669 824; x_wconf 78' lang='lat' dir='ltr'><strong>[route</strong></span> <span class='ocrx_word' id='word_1_48' title='bbox 1688 757 1982 811; x_wconf 71' lang='lat' dir='ltr'><strong>secundant</strong></span> 
     </span>
    </p>
   </div>
   <div class='ocr_carea' id='block_1_8' title="bbox 402 844 1982 922">
    <p class='ocr_par' dir='ltr' id='par_1_8' title="bbox 402 844 1982 922">
     <span class='ocr_line' id='line_1_8' title="bbox 402 844 1982 922; baseline 0.004 -25"><span class='ocrx_word' id='word_1_49' title='bbox 402 845 687 922; x_wconf 61' lang='lat' dir='ltr'><strong>prce/imum</strong></span> <span class='ocrx_word' id='word_1_50' title='bbox 719 846 925 915; x_wconf 67' lang='lat' dir='ltr'><strong>signum</strong></span> <span class='ocrx_word' id='word_1_51' title='bbox 950 844 1019 898; x_wconf 83' lang='lat' dir='ltr'><strong>ad</strong></span> <span class='ocrx_word' id='word_1_52' title='bbox 1045 844 1279 898; x_wconf 74' lang='lat' dir='ltr'><strong>brevium</strong></span> <span class='ocrx_word' id='word_1_53' title='bbox 1308 863 1546 917; x_wconf 75' lang='lat' dir='ltr'><strong>superna:</strong></span> <span class='ocrx_word' id='word_1_54' title='bbox 1578 850 1865 902; x_wconf 79' lang='lat' dir='ltr'><strong>uocationis</strong></span> <span class='ocrx_word' id='word_1_55' title='bbox 1891 866 1982 903; x_wconf 71' lang='lat' dir='ltr'><strong>ea:-</strong></span> 
     </span>
    </p>
   </div>
   <div class='ocr_carea' id='block_1_9' title="bbox 400 938 999 1008">
    <p class='ocr_par' dir='ltr' id='par_1_9' title="bbox 400 938 999 1008">
     <span class='ocr_line' id='line_1_9' title="bbox 400 938 999 1008; baseline 0.003 -17"><span class='ocrx_word' id='word_1_56' title='bbox 400 939 621 992; x_wconf 75' lang='lat' dir='ltr'><strong>trndens</strong></span> <span class='ocrx_word' id='word_1_57' title='bbox 652 938 905 1008; x_wconf 75' lang='lat' dir='ltr'><strong>meipsum</strong></span> <span class='ocrx_word' id='word_1_58' title='bbox 930 939 999 993; x_wconf 76' lang='lat'><strong>&quot;.</strong></span> 
     </span>
    </p>
   </div>
   <div class='ocr_carea' id='block_1_10' title="bbox 474 1030 1975 1105">
    <p class='ocr_par' dir='ltr' id='par_1_10' title="bbox 474 1030 1975 1105">
     <span class='ocr_line' id='line_1_10' title="bbox 474 1030 1975 1105; baseline 0.003 -20"><span class='ocrx_word' id='word_1_59' title='bbox 474 1032 613 1085; x_wconf 77' lang='lat' dir='ltr'><strong>Cum</strong></span> <span class='ocrx_word' id='word_1_60' title='bbox 642 1033 787 1084; x_wconf 89' lang='lat' dir='ltr'><strong>enim</strong></span> <span class='ocrx_word' id='word_1_61' title='bbox 817 1030 1032 1086; x_wconf 87' lang='lat' dir='ltr'><strong>duobus</strong></span> <span class='ocrx_word' id='word_1_62' title='bbox 1068 1030 1243 1086; x_wconf 90' lang='lat' dir='ltr'><strong>modis</strong></span> <span class='ocrx_word' id='word_1_63' title='bbox 1278 1032 1514 1102; x_wconf 85' lang='lat' dir='ltr'><strong>speetari</strong></span> <span class='ocrx_word' id='word_1_64' title='bbox 1553 1032 1975 1105; x_wconf 82' lang='lat' dir='ltr'><strong>phi|050pbiam,</strong></span> 
     </span>
    </p>
   </div>
   <div class='ocr_carea' id='block_1_11' title="bbox 397 1122 1982 1192">
    <p class='ocr_par' dir='ltr' id='par_1_11' title="bbox 397 1122 1982 1192">
     <span class='ocr_line' id='line_1_11' title="bbox 397 1122 1982 1192; baseline 0.003 -16"><span class='ocrx_word' id='word_1_65' title='bbox 397 1122 605 1177; x_wconf 81' lang='lat' dir='ltr'><strong>nedum</strong></span> <span class='ocrx_word' id='word_1_66' title='bbox 649 1122 719 1179; x_wconf 88' lang='lat' dir='ltr'><strong>ab</strong></span> <span class='ocrx_word' id='word_1_67' title='bbox 759 1123 826 1178; x_wconf 90' lang='lat' dir='ltr'><strong>iis</strong></span> <span class='ocrx_word' id='word_1_68' title='bbox 868 1122 962 1192; x_wconf 87' lang='lat' dir='ltr'><strong>qui</strong></span> <span class='ocrx_word' id='word_1_69' title='bbox 1004 1122 1139 1179; x_wconf 89' lang='lat' dir='ltr'><strong>foris</strong></span> <span class='ocrx_word' id='word_1_70' title='bbox 1179 1132 1345 1190; x_wconf 87' lang='lat' dir='ltr'><strong>sunt,</strong></span> <span class='ocrx_word' id='word_1_71' title='bbox 1373 1124 1473 1187; x_wconf 85' lang='lat' dir='ltr'><strong>sed</strong></span> <span class='ocrx_word' id='word_1_72' title='bbox 1500 1135 1553 1179; x_wconf 89' lang='lat' dir='ltr'><strong>et</strong></span> <span class='ocrx_word' id='word_1_73' title='bbox 1590 1142 1619 1179; x_wconf 90' lang='lat' dir='ltr'><strong>a</strong></span> <span class='ocrx_word' id='word_1_74' title='bbox 1660 1127 1864 1181; x_wconf 76' lang='lat' dir='ltr'><strong>nostris</strong></span> <span class='ocrx_word' id='word_1_75' title='bbox 1885 1143 1982 1182; x_wconf 76' lang='lat' dir='ltr'><strong>ex-</strong></span> 
     </span>
    </p>
   </div>
   <div class='ocr_carea' id='block_1_12' title="bbox 398 1208 1983 1283">
    <p class='ocr_par' dir='ltr' id='par_1_12' title="bbox 398 1208 1983 1283">
     <span class='ocr_line' id='line_1_12' title="bbox 398 1208 1983 1283; baseline 0.003 -17"><span class='ocrx_word' id='word_1_76' title='bbox 398 1211 675 1282; x_wconf 81' lang='lat' dir='ltr'><strong>ploratum</strong></span> <span class='ocrx_word' id='word_1_77' title='bbox 721 1212 968 1277; x_wconf 79' lang='lat' dir='ltr'><strong>haberet,</strong></span> <span class='ocrx_word' id='word_1_78' title='bbox 1009 1222 1123 1268; x_wconf 87' lang='lat' dir='ltr'><strong>tum</strong></span> <span class='ocrx_word' id='word_1_79' title='bbox 1165 1230 1358 1283; x_wconf 84' lang='lat' dir='ltr'><strong>nempe</strong></span> <span class='ocrx_word' id='word_1_80' title='bbox 1391 1208 1647 1281; x_wconf 87' lang='lat' dir='ltr'><strong>rationis,</strong></span> <span class='ocrx_word' id='word_1_81' title='bbox 1692 1224 1806 1270; x_wconf 91' lang='lat' dir='ltr'><strong>tum</strong></span> <span class='ocrx_word' id='word_1_82' title='bbox 1846 1232 1983 1282; x_wconf 52' lang='lat' dir='ltr'><strong>eone</strong></span> 
     </span>
    </p>
   </div>
   <div class='ocr_carea' id='block_1_13' title="bbox 402 1303 1978 1377">
    <p class='ocr_par' dir='ltr' id='par_1_13' title="bbox 402 1303 1978 1377">
     <span class='ocr_line' id='line_1_13' title="bbox 402 1303 1978 1377; baseline 0.005 -20"><span class='ocrx_word' id='word_1_83' title='bbox 402 1303 777 1374; x_wconf 78' lang='lat' dir='ltr'><strong>tetnplatinnis</strong></span> <span class='ocrx_word' id='word_1_84' title='bbox 823 1305 1083 1371; x_wconf 82' lang='lat' dir='ltr'><strong>ratione;</strong></span> <span class='ocrx_word' id='word_1_85' title='bbox 1130 1306 1361 1376; x_wconf 85' lang='lat' dir='ltr'><strong>profana</strong></span> <span class='ocrx_word' id='word_1_86' title='bbox 1416 1306 1635 1377; x_wconf 81' lang='lat' dir='ltr'><strong>quidem</strong></span> <span class='ocrx_word' id='word_1_87' title='bbox 1684 1307 1755 1365; x_wconf 88' lang='lat' dir='ltr'><strong>iis</strong></span> <span class='ocrx_word' id='word_1_88' title='bbox 1792 1304 1978 1366; x_wconf 83' lang='lat' dir='ltr'><strong>relicta</strong></span> 
     </span>
    </p>
   </div>
   <div class='ocr_carea' id='block_1_14' title="bbox 399 1390 1979 1469">
    <p class='ocr_par' dir='ltr' id='par_1_14' title="bbox 399 1390 1979 1469">
     <span class='ocr_line' id='line_1_14' title="bbox 399 1390 1979 1469; baseline 0.004 -19"><span class='ocrx_word' id='word_1_89' title='bbox 399 1390 492 1465; x_wconf 74' lang='lat' dir='ltr'><strong>qui</strong></span> <span class='ocrx_word' id='word_1_90' title='bbox 522 1395 677 1463; x_wconf 61' lang='lat' dir='ltr'><strong>loris</strong></span> <span class='ocrx_word' id='word_1_91' title='bbox 715 1404 846 1451; x_wconf 89' lang='lat' dir='ltr'><strong>sunt</strong></span> <span class='ocrx_word' id='word_1_92' title='bbox 900 1412 971 1453; x_wconf 81' lang='lat' dir='ltr'><strong>ac</strong></span> <span class='ocrx_word' id='word_1_93' title='bbox 1018 1395 1261 1467; x_wconf 82' lang='lat' dir='ltr'><strong>profanis</strong></span> <span class='ocrx_word' id='word_1_94' title='bbox 1286 1436 1302 1463; x_wconf 92' lang='lat'><strong>,</strong></span> <span class='ocrx_word' id='word_1_95' title='bbox 1340 1397 1455 1469; x_wconf 74' lang='lat' dir='ltr'><strong>ipse</strong></span> <span class='ocrx_word' id='word_1_96' title='bbox 1496 1398 1575 1453; x_wconf 83' lang='lat' dir='ltr'><strong>illi</strong></span> <span class='ocrx_word' id='word_1_97' title='bbox 1611 1414 1731 1469; x_wconf 68' lang='lat' dir='ltr'><strong>quae</strong></span> <span class='ocrx_word' id='word_1_98' title='bbox 1765 1403 1979 1456; x_wconf 87' lang='lat' dir='ltr'><strong>interna</strong></span> 
     </span>
    </p>
   </div>
   <div class='ocr_carea' id='block_1_15' title="bbox 396 1488 1977 1564">
    <p class='ocr_par' dir='ltr' id='par_1_15' title="bbox 396 1488 1977 1564">
     <span class='ocr_line' id='line_1_15' title="bbox 396 1488 1977 1564; baseline 0.004 -20"><span class='ocrx_word' id='word_1_99' title='bbox 396 1498 483 1544; x_wconf 83' lang='lat' dir='ltr'><strong>est</strong></span> <span class='ocrx_word' id='word_1_100' title='bbox 511 1492 689 1563; x_wconf 85' lang='lat' dir='ltr'><strong>solum</strong></span> <span class='ocrx_word' id='word_1_101' title='bbox 717 1491 1133 1548; x_wconf 24' lang='lat' dir='ltr'><strong>inhaerescebat.‘</strong></span> <span class='ocrx_word' id='word_1_102' title='bbox 1186 1488 1256 1545; x_wconf 87' lang='lat' dir='ltr'><strong>Id</strong></span> <span class='ocrx_word' id='word_1_103' title='bbox 1294 1492 1555 1548; x_wconf 84' lang='lat' dir='ltr'><strong>nimirum</strong></span> <span class='ocrx_word' id='word_1_104' title='bbox 1580 1509 1708 1549; x_wconf 89' lang='lat' dir='ltr'><strong>vere</strong></span> <span class='ocrx_word' id='word_1_105' title='bbox 1736 1495 1977 1564; x_wconf 74' lang='lat' dir='ltr'><strong>philoso-</strong></span> 
     </span>
    </p>
   </div>
   <div class='ocr_carea' id='block_1_16' title="bbox 392 1581 1976 1655">
    <p class='ocr_par' dir='ltr' id='par_1_16' title="bbox 392 1581 1976 1655">
     <span class='ocr_line' id='line_1_16' title="bbox 392 1581 1976 1655; baseline 0.004 -22"><span class='ocrx_word' id='word_1_106' title='bbox 392 1581 583 1653; x_wconf 84' lang='lat' dir='ltr'><strong>phiam</strong></span> <span class='ocrx_word' id='word_1_107' title='bbox 622 1582 850 1641; x_wconf 88' lang='lat' dir='ltr'><strong>ducens.</strong></span> <span class='ocrx_word' id='word_1_108' title='bbox 886 1591 944 1637; x_wconf 83' lang='lat' dir='ltr'><strong>ut</strong></span> <span class='ocrx_word' id='word_1_109' title='bbox 977 1597 1005 1636; x_wconf 84' lang='lat' dir='ltr'><strong>a</strong></span> <span class='ocrx_word' id='word_1_110' title='bbox 1051 1581 1258 1637; x_wconf 89' lang='lat' dir='ltr'><strong>mundo</strong></span> <span class='ocrx_word' id='word_1_111' title='bbox 1304 1582 1504 1640; x_wconf 86' lang='lat' dir='ltr'><strong>animis</strong></span> <span class='ocrx_word' id='word_1_112' title='bbox 1542 1583 1976 1655; x_wconf 80' lang='lat' dir='ltr'><strong>abrnmperctur,</strong></span> 
     </span>
    </p>
   </div>
   <div class='ocr_carea' id='block_1_17' title="bbox 394 1675 1976 1751">
    <p class='ocr_par' dir='ltr' id='par_1_17' title="bbox 394 1675 1976 1751">
     <span class='ocr_line' id='line_1_17' title="bbox 394 1675 1976 1751; baseline 0.005 -23"><span class='ocrx_word' id='word_1_113' title='bbox 394 1687 728 1743; x_wconf 88' lang='lat' dir='ltr'><strong>omnemque</strong></span> <span class='ocrx_word' id='word_1_114' title='bbox 770 1675 825 1728; x_wconf 91' lang='lat' dir='ltr'><strong>in</strong></span> <span class='ocrx_word' id='word_1_115' title='bbox 863 1690 930 1730; x_wconf 90' lang='lat' dir='ltr'><strong>eo</strong></span> <span class='ocrx_word' id='word_1_116' title='bbox 969 1675 1351 1751; x_wconf 76' lang='lat' dir='ltr'><strong>confusionem</strong></span> <span class='ocrx_word' id='word_1_117' title='bbox 1409 1692 1474 1731; x_wconf 90' lang='lat' dir='ltr'><strong>ac</strong></span> <span class='ocrx_word' id='word_1_118' title='bbox 1510 1678 1976 1748; x_wconf 77' lang='lat' dir='ltr'><strong>perturbationem</strong></span> 
     </span>
    </p>
   </div>
   <div class='ocr_carea' id='block_1_18' title="bbox 395 1754 1974 1836">
    <p class='ocr_par' dir='ltr' id='par_1_18' title="bbox 395 1754 1974 1836">
     <span class='ocr_line' id='line_1_18' title="bbox 395 1754 1974 1836; baseline 0.006 -20"><span class='ocrx_word' id='word_1_119' title='bbox 395 1762 831 1827; x_wconf 81' lang='lat' dir='ltr'><strong>transcenderet,</strong></span> <span class='ocrx_word' id='word_1_120' title='bbox 878 1760 1091 1833; x_wconf 89' lang='lat' dir='ltr'><strong>solique</strong></span> <span class='ocrx_word' id='word_1_121' title='bbox 1153 1767 1345 1836; x_wconf 74' lang='lat' dir='ltr'><strong>prima:</strong></span> <span class='ocrx_word' id='word_1_122' title='bbox 1407 1782 1471 1822; x_wconf 82' lang='lat' dir='ltr'><strong>ac</strong></span> <span class='ocrx_word' id='word_1_123' title='bbox 1516 1768 1817 1825; x_wconf 73' lang='lat' dir='ltr'><strong>verissume</strong></span> <span class='ocrx_word' id='word_1_124' title='bbox 1868 1754 1974 1825; x_wconf 88' lang='lat' dir='ltr'><strong>luci</strong></span> 
     </span>
    </p>
   </div>
   <div class='ocr_carea' id='block_1_19' title="bbox 393 1834 2048 1924">
    <p class='ocr_par' dir='ltr' id='par_1_19' title="bbox 393 1834 2048 1924">
     <span class='ocr_line' id='line_1_19' title="bbox 393 1834 2048 1924; baseline 0.005 -17"><span class='ocrx_word' id='word_1_125' title='bbox 393 1865 496 1922; x_wconf 87' lang='lat' dir='ltr'><strong>per</strong></span> <span class='ocrx_word' id='word_1_126' title='bbox 529 1867 710 1907; x_wconf 80' lang='lat' dir='ltr'><strong>veram</strong></span> <span class='ocrx_word' id='word_1_127' title='bbox 738 1867 804 1908; x_wconf 84' lang='lat' dir='ltr'><strong>ac</strong></span> <span class='ocrx_word' id='word_1_128' title='bbox 826 1852 1102 1920; x_wconf 82' lang='lat' dir='ltr'><strong>sinceram</strong></span> <span class='ocrx_word' id='word_1_129' title='bbox 1127 1834 1240 1910; x_wconf 84' lang='lat' dir='ltr'><strong>tum</strong></span> <span class='ocrx_word' id='word_1_130' title='bbox 1261 1857 1410 1923; x_wconf 64' lang='lat' dir='ltr'><strong>vitae,</strong></span> <span class='ocrx_word' id='word_1_131' title='bbox 1437 1865 1549 1912; x_wconf 91' lang='lat' dir='ltr'><strong>tum</strong></span> <span class='ocrx_word' id='word_1_132' title='bbox 1576 1858 1854 1924; x_wconf 68' lang='lat' dir='ltr'><strong>doctrinae,</strong></span> <span class='ocrx_word' id='word_1_133' title='bbox 1887 1875 1975 1914; x_wconf 86' lang='lat' dir='ltr'><strong>ra-</strong></span> <span class='ocrx_word' id='word_1_134' title='bbox 2009 1834 2048 1888; x_wconf 65' lang='grc' dir='ltr'><strong>θ</strong></span> 
     </span>
    </p>
   </div>
   <div class='ocr_carea' id='block_1_20' title="bbox 393 1944 1973 2024">
    <p class='ocr_par' dir='ltr' id='par_1_20' title="bbox 393 1944 1973 2024">
     <span class='ocr_line' id='line_1_20' title="bbox 393 1944 1973 2024; baseline 0.007 -26"><span class='ocrx_word' id='word_1_135' title='bbox 393 1944 598 1999; x_wconf 80' lang='lat' dir='ltr'><strong>tionem</strong></span> <span class='ocrx_word' id='word_1_136' title='bbox 618 1945 963 2011; x_wconf 85' lang='lat' dir='ltr'><strong>misceretur,</strong></span> <span class='ocrx_word' id='word_1_137' title='bbox 1006 1949 1157 2001; x_wconf 89' lang='lat' dir='ltr'><strong>omni</strong></span> <span class='ocrx_word' id='word_1_138' title='bbox 1183 1947 1367 2004; x_wconf 82' lang='lat' dir='ltr'><strong>studio</strong></span> <span class='ocrx_word' id='word_1_139' title='bbox 1425 1949 1973 2024; x_wconf 76' lang='lat' dir='ltr'><strong>pervicacissnnaqne</strong></span> 
     </span>
    </p>
   </div>
   <div class='ocr_carea' id='block_1_21' title="bbox 396 2036 1120 2106">
    <p class='ocr_par' dir='ltr' id='par_1_21' title="bbox 396 2036 1120 2106">
     <span class='ocr_line' id='line_1_21' title="bbox 396 2036 1120 2106; baseline 0.006 -14"><span class='ocrx_word' id='word_1_140' title='bbox 396 2036 674 2106; x_wconf 76' lang='lat' dir='ltr'><strong>diligentia</strong></span> <span class='ocrx_word' id='word_1_141' title='bbox 707 2039 759 2093; x_wconf 90' lang='lat' dir='ltr'><strong>id</strong></span> <span class='ocrx_word' id='word_1_142' title='bbox 786 2039 1120 2096; x_wconf 87' lang='lat' dir='ltr'><strong>enitebatur.</strong></span> 
     </span>
    </p>
   </div>
   <div class='ocr_carea' id='block_1_22' title="bbox 473 2127 1970 2208">
    <p class='ocr_par' dir='ltr' id='par_1_22' title="bbox 473 2127 1970 2208">
     <span class='ocr_line' id='line_1_22' title="bbox 473 2127 1970 2208; baseline 0.009 -28"><span class='ocrx_word' id='word_1_143' title='bbox 473 2127 775 2199; x_wconf 76' lang='lat' dir='ltr'><strong>lntelligens</strong></span> <span class='ocrx_word' id='word_1_144' title='bbox 820 2140 1024 2198; x_wconf 84' lang='lat' dir='ltr'><strong>autem,</strong></span> <span class='ocrx_word' id='word_1_145' title='bbox 1072 2149 1177 2188; x_wconf 89' lang='lat' dir='ltr'><strong>non</strong></span> <span class='ocrx_word' id='word_1_146' title='bbox 1230 2135 1334 2189; x_wconf 87' lang='lat' dir='ltr'><strong>alia</strong></span> <span class='ocrx_word' id='word_1_147' title='bbox 1389 2151 1448 2190; x_wconf 89' lang='lat' dir='ltr'><strong>se</strong></span> <span class='ocrx_word' id='word_1_148' title='bbox 1500 2137 1711 2193; x_wconf 84' lang='lat' dir='ltr'><strong>ratione</strong></span> <span class='ocrx_word' id='word_1_149' title='bbox 1739 2138 1787 2191; x_wconf 85' lang='lat' dir='ltr'><strong>id</strong></span> <span class='ocrx_word' id='word_1_150' title='bbox 1827 2139 1970 2208; x_wconf 89' lang='lat' dir='ltr'><strong>quod</strong></span> 
     </span>
    </p>
   </div>
   <div class='ocr_carea' id='block_1_23' title="bbox 402 2219 1968 2296">
    <p class='ocr_par' dir='ltr' id='par_1_23' title="bbox 402 2219 1968 2296">
     <span class='ocr_line' id='line_1_23' title="bbox 402 2219 1968 2296; baseline 0.007 -23"><span class='ocrx_word' id='word_1_151' title='bbox 402 2219 549 2274; x_wconf 81' lang='lat' dir='ltr'><strong>votis</strong></span> <span class='ocrx_word' id='word_1_152' title='bbox 586 2220 904 2292; x_wconf 82' lang='lat' dir='ltr'><strong>elllagitabat</strong></span> <span class='ocrx_word' id='word_1_153' title='bbox 954 2223 1096 2279; x_wconf 78' lang='lat' dir='ltr'><strong>felici</strong></span> <span class='ocrx_word' id='word_1_154' title='bbox 1142 2241 1403 2282; x_wconf 86' lang='lat' dir='ltr'><strong>successu</strong></span> <span class='ocrx_word' id='word_1_155' title='bbox 1453 2228 1713 2295; x_wconf 78' lang='lat' dir='ltr'><strong>consequi</strong></span> <span class='ocrx_word' id='word_1_156' title='bbox 1769 2243 1968 2296; x_wconf 84' lang='lat' dir='ltr'><strong>posse.</strong></span> 
     </span>
    </p>
   </div>
   <div class='ocr_carea' id='block_1_24' title="bbox 402 2313 1967 2386">
    <p class='ocr_par' dir='ltr' id='par_1_24' title="bbox 402 2313 1967 2386">
     <span class='ocr_line' id='line_1_24' title="bbox 402 2313 1967 2386; baseline 0.006 -19"><span class='ocrx_word' id='word_1_157' title='bbox 402 2328 569 2382; x_wconf 84' lang='lat' dir='ltr'><strong>quam</strong></span> <span class='ocrx_word' id='word_1_158' title='bbox 599 2313 644 2367; x_wconf 93' lang='lat' dir='ltr'><strong>si</strong></span> <span class='ocrx_word' id='word_1_159' title='bbox 680 2314 794 2385; x_wconf 86' lang='lat' dir='ltr'><strong>ipse</strong></span> <span class='ocrx_word' id='word_1_160' title='bbox 834 2331 861 2368; x_wconf 90' lang='lat' dir='ltr'><strong>a</strong></span> <span class='ocrx_word' id='word_1_161' title='bbox 893 2332 954 2372; x_wconf 90' lang='lat' dir='ltr'><strong>se</strong></span> <span class='ocrx_word' id='word_1_162' title='bbox 1002 2318 1224 2373; x_wconf 85' lang='lat' dir='ltr'><strong>virtutis</strong></span> <span class='ocrx_word' id='word_1_163' title='bbox 1253 2320 1520 2374; x_wconf 86' lang='lat' dir='ltr'><strong>actionem</strong></span> <span class='ocrx_word' id='word_1_164' title='bbox 1556 2320 1780 2386; x_wconf 88' lang='lat' dir='ltr'><strong>coleret,</strong></span> <span class='ocrx_word' id='word_1_165' title='bbox 1817 2323 1967 2377; x_wconf 62' lang='lat' dir='ltr'><strong>cuili-</strong></span> 
     </span>
    </p>
   </div>
   <div class='ocr_carea' id='block_1_25' title="bbox 399 2404 1968 2485">
    <p class='ocr_par' dir='ltr' id='par_1_25' title="bbox 399 2404 1968 2485">
     <span class='ocr_line' id='line_1_25' title="bbox 399 2404 1968 2485; baseline 0.005 -25"><span class='ocrx_word' id='word_1_166' title='bbox 399 2414 593 2475; x_wconf 88' lang='lat' dir='ltr'><strong>tusque</strong></span> <span class='ocrx_word' id='word_1_167' title='bbox 634 2421 662 2459; x_wconf 87' lang='lat' dir='ltr'><strong>a</strong></span> <span class='ocrx_word' id='word_1_168' title='bbox 696 2404 896 2479; x_wconf 76' lang='lat' dir='ltr'><strong>Spiritu</strong></span> <span class='ocrx_word' id='word_1_169' title='bbox 981 2409 1244 2466; x_wconf 80' lang='lat' dir='ltr'><strong>auxilium</strong></span> <span class='ocrx_word' id='word_1_170' title='bbox 1315 2424 1584 2485; x_wconf 83' lang='lat' dir='ltr'><strong>Opemque</strong></span> <span class='ocrx_word' id='word_1_171' title='bbox 1630 2410 1900 2467; x_wconf 88' lang='lat' dir='ltr'><strong>obtineret</strong></span> <span class='ocrx_word' id='word_1_172' title='bbox 1952 2429 1968 2468; x_wconf 89' lang='lat'><strong>:</strong></span> 
     </span>
    </p>
   </div>
   <div class='ocr_carea' id='block_1_26' title="bbox 396 2496 1969 2571">
    <p class='ocr_par' dir='ltr' id='par_1_26' title="bbox 396 2496 1969 2571">
     <span class='ocr_line' id='line_1_26' title="bbox 396 2496 1969 2571; baseline 0.007 -22"><span class='ocrx_word' id='word_1_173' title='bbox 396 2510 518 2550; x_wconf 85' lang='lat' dir='ltr'><strong>esse</strong></span> <span class='ocrx_word' id='word_1_174' title='bbox 552 2496 692 2551; x_wconf 89' lang='lat' dir='ltr'><strong>enim</strong></span> <span class='ocrx_word' id='word_1_175' title='bbox 732 2496 936 2568; x_wconf 82' lang='lat' dir='ltr'><strong>pariter</strong></span> <span class='ocrx_word' id='word_1_176' title='bbox 962 2513 1307 2556; x_wconf 84' lang='lat' dir='ltr'><strong>communem</strong></span> <span class='ocrx_word' id='word_1_177' title='bbox 1345 2502 1469 2556; x_wconf 88' lang='lat' dir='ltr'><strong>boni</strong></span> <span class='ocrx_word' id='word_1_178' title='bbox 1499 2502 1840 2571; x_wconf 73' lang='lat' dir='ltr'><strong>adeptimrem</strong></span> <span class='ocrx_word' id='word_1_179' title='bbox 1903 2519 1969 2560; x_wconf 88' lang='lat' dir='ltr'><strong>ac</strong></span> 
     </span>
    </p>
   </div>
   <div class='ocr_carea' id='block_1_27' title="bbox 394 2588 1968 2659">
    <p class='ocr_par' dir='ltr' id='par_1_27' title="bbox 394 2588 1968 2659">
     <span class='ocr_line' id='line_1_27' title="bbox 394 2588 1968 2659; baseline 0.006 -17"><span class='ocrx_word' id='word_1_180' title='bbox 394 2588 945 2658; x_wconf 77' lang='lat' dir='ltr'><strong>consummationem,</strong></span> <span class='ocrx_word' id='word_1_181' title='bbox 975 2605 1099 2646; x_wconf 84' lang='lat' dir='ltr'><strong>cum</strong></span> <span class='ocrx_word' id='word_1_182' title='bbox 1135 2592 1343 2648; x_wconf 80' lang='lat' dir='ltr'><strong>scilicet</strong></span> <span class='ocrx_word' id='word_1_183' title='bbox 1391 2590 1535 2648; x_wconf 89' lang='lat' dir='ltr'><strong>Deus</strong></span> <span class='ocrx_word' id='word_1_184' title='bbox 1569 2592 1800 2659; x_wconf 89' lang='lat' dir='ltr'><strong>semina,</strong></span> <span class='ocrx_word' id='word_1_185' title='bbox 1840 2608 1968 2651; x_wconf 87' lang='lat' dir='ltr'><strong>nos-</strong></span> 
     </span>
    </p>
   </div>
   <div class='ocr_carea' id='block_1_28' title="bbox 390 2681 1968 2755">
    <p class='ocr_par' dir='ltr' id='par_1_28' title="bbox 390 2681 1968 2755">
     <span class='ocr_line' id='line_1_28' title="bbox 390 2681 1968 2755; baseline 0.004 -20"><span class='ocrx_word' id='word_1_186' title='bbox 390 2686 517 2751; x_wconf 84' lang='lat' dir='ltr'><strong>que,</strong></span> <span class='ocrx_word' id='word_1_187' title='bbox 575 2690 635 2735; x_wconf 89' lang='lat' dir='ltr'><strong>ut</strong></span> <span class='ocrx_word' id='word_1_188' title='bbox 692 2681 871 2749; x_wconf 85' lang='lat' dir='ltr'><strong>decet,</strong></span> <span class='ocrx_word' id='word_1_189' title='bbox 924 2686 1294 2754; x_wconf 81' lang='lat' dir='ltr'><strong>operationem</strong></span> <span class='ocrx_word' id='word_1_190' title='bbox 1333 2684 1680 2741; x_wconf 78' lang='lat' dir='ltr'><strong>conferamus</strong></span> <span class='ocrx_word' id='word_1_191' title='bbox 1732 2685 1853 2755; x_wconf 76' lang='lat'><strong>(2):</strong></span> <span class='ocrx_word' id='word_1_192' title='bbox 1902 2702 1968 2742; x_wconf 91' lang='lat' dir='ltr'><strong>ac</strong></span> 
     </span>
    </p>
   </div>
   <div class='ocr_carea' id='block_1_29' title="bbox 388 2762 1964 2852">
    <p class='ocr_par' dir='ltr' id='par_1_29' title="bbox 388 2762 1964 2852">
     <span class='ocr_line' id='line_1_29' title="bbox 388 2762 1964 2852; baseline 0.004 -25"><span class='ocrx_word' id='word_1_193' title='bbox 388 2772 628 2844; x_wconf 81' lang='lat' dir='ltr'><strong>Spiritus</strong></span> <span class='ocrx_word' id='word_1_194' title='bbox 648 2777 871 2846; x_wconf 85' lang='lat' dir='ltr'><strong>quidem</strong></span> <span class='ocrx_word' id='word_1_195' title='bbox 905 2786 964 2833; x_wconf 90' lang='lat' dir='ltr'><strong>ut</strong></span> <span class='ocrx_word' id='word_1_196' title='bbox 1000 2777 1201 2834; x_wconf 90' lang='lat' dir='ltr'><strong>bonum</strong></span> <span class='ocrx_word' id='word_1_197' title='bbox 1238 2780 1488 2845; x_wconf 77' lang='lat' dir='ltr'><strong>velimus,</strong></span> <span class='ocrx_word' id='word_1_198' title='bbox 1522 2762 1879 2852; x_wconf 82' lang='lat' dir='ltr'><strong>amatumque</strong></span> <span class='ocrx_word' id='word_1_199' title='bbox 1909 2780 1964 2834; x_wconf 91' lang='lat' dir='ltr'><strong>in</strong></span> 
     </span>
    </p>
   </div>
   <div class='ocr_carea' id='block_1_30' title="bbox 378 2866 1962 2942">
    <p class='ocr_par' dir='ltr' id='par_1_30' title="bbox 378 2866 1962 2942">
     <span class='ocr_line' id='line_1_30' title="bbox 378 2866 1962 2942; baseline 0.003 -20"><span class='ocrx_word' id='word_1_200' title='bbox 378 2866 541 2923; x_wconf 86' lang='lat' dir='ltr'><strong>nobis</strong></span> <span class='ocrx_word' id='word_1_201' title='bbox 583 2870 838 2942; x_wconf 76' lang='lat' dir='ltr'><strong>mystice,</strong></span> <span class='ocrx_word' id='word_1_202' title='bbox 874 2868 1252 2941; x_wconf 87' lang='lat' dir='ltr'><strong>secretiusque</strong></span> <span class='ocrx_word' id='word_1_203' title='bbox 1299 2878 1574 2940; x_wconf 76' lang='lat' dir='ltr'><strong>operetur,</strong></span> <span class='ocrx_word' id='word_1_204' title='bbox 1636 2887 1739 2928; x_wconf 90' lang='lat' dir='ltr'><strong>nos</strong></span> <span class='ocrx_word' id='word_1_205' title='bbox 1780 2880 1962 2926; x_wconf 87' lang='lat' dir='ltr'><strong>autem</strong></span> 
     </span>
    </p>
   </div>
   <div class='ocr_carea' id='block_1_31' title="bbox 384 2962 1964 3039">
    <p class='ocr_par' dir='ltr' id='par_1_31' title="bbox 384 2962 1964 3039">
     <span class='ocr_line' id='line_1_31' title="bbox 384 2962 1964 3039; baseline 0.004 -23"><span class='ocrx_word' id='word_1_206' title='bbox 384 2962 629 3033; x_wconf 79' lang='lat' dir='ltr'><strong>Spiritus</strong></span> <span class='ocrx_word' id='word_1_207' title='bbox 663 2963 836 3021; x_wconf 84' lang='lat' dir='ltr'><strong>secuti</strong></span> <span class='ocrx_word' id='word_1_208' title='bbox 874 2964 1188 3030; x_wconf 86' lang='lat' dir='ltr'><strong>consilium,</strong></span> <span class='ocrx_word' id='word_1_209' title='bbox 1231 2966 1422 3038; x_wconf 64' lang='lat' dir='ltr'><strong>proba</strong></span> <span class='ocrx_word' id='word_1_210' title='bbox 1454 2966 1654 3023; x_wconf 87' lang='lat' dir='ltr'><strong>mentis</strong></span> <span class='ocrx_word' id='word_1_211' title='bbox 1688 2967 1964 3039; x_wconf 88' lang='lat' dir='ltr'><strong>proposito</strong></span> 
     </span>
    </p>
   </div>
   <div class='ocr_carea' id='block_1_32' title="bbox 378 3053 1962 3130">
    <p class='ocr_par' dir='ltr' id='par_1_32' title="bbox 378 3053 1962 3130">
     <span class='ocr_line' id='line_1_32' title="bbox 378 3053 1962 3130; baseline 0.005 -23"><span class='ocrx_word' id='word_1_212' title='bbox 378 3053 455 3110; x_wconf 89' lang='lat' dir='ltr'><strong>illi</strong></span> <span class='ocrx_word' id='word_1_213' title='bbox 480 3070 840 3126; x_wconf 88' lang='lat' dir='ltr'><strong>cooperemur</strong></span> <span class='ocrx_word' id='word_1_214' title='bbox 871 3074 891 3113; x_wconf 87' lang='lat'><strong>:</strong></span> <span class='ocrx_word' id='word_1_215' title='bbox 923 3057 1038 3113; x_wconf 68' lang='lat' dir='ltr'><strong>haec</strong></span> <span class='ocrx_word' id='word_1_216' title='bbox 1062 3058 1243 3129; x_wconf 79' lang='lat' dir='ltr'><strong>itaque</strong></span> <span class='ocrx_word' id='word_1_217' title='bbox 1270 3060 1353 3113; x_wconf 86' lang='lat' dir='ltr'><strong>vir</strong></span> <span class='ocrx_word' id='word_1_218' title='bbox 1380 3059 1470 3115; x_wconf 92' lang='lat' dir='ltr'><strong>ille</strong></span> <span class='ocrx_word' id='word_1_219' title='bbox 1498 3061 1770 3130; x_wconf 74' lang='lat' dir='ltr'><strong>magnifici</strong></span> <span class='ocrx_word' id='word_1_220' title='bbox 1794 3060 1962 3115; x_wconf 86' lang='lat' dir='ltr'><strong>animi</strong></span> 
     </span>
    </p>
   </div>
   <div class='ocr_carea' id='block_1_33' title="bbox 377 3146 1963 3223">
    <p class='ocr_par' dir='ltr' id='par_1_33' title="bbox 377 3146 1963 3223">
     <span class='ocr_line' id='line_1_33' title="bbox 377 3146 1963 3223; baseline -0.001 -18"><span class='ocrx_word' id='word_1_221' title='bbox 377 3150 655 3219; x_wconf 84' lang='lat' dir='ltr'><strong>cogitans,</strong></span> <span class='ocrx_word' id='word_1_222' title='bbox 692 3158 1086 3221; x_wconf 86' lang='lat' dir='ltr'><strong>perspectoque</strong></span> <span class='ocrx_word' id='word_1_223' title='bbox 1120 3167 1285 3221; x_wconf 86' lang='lat' dir='ltr'><strong>quam</strong></span> <span class='ocrx_word' id='word_1_224' title='bbox 1318 3151 1372 3205; x_wconf 93' lang='lat' dir='ltr'><strong>in</strong></span> <span class='ocrx_word' id='word_1_225' title='bbox 1402 3151 1616 3223; x_wconf 83' lang='lat' dir='ltr'><strong>oppidis</strong></span> <span class='ocrx_word' id='word_1_226' title='bbox 1678 3163 1842 3223; x_wconf 80' lang='lat' dir='ltr'><strong>atque</strong></span> <span class='ocrx_word' id='word_1_227' title='bbox 1871 3146 1963 3206; x_wconf 55' lang='lat' dir='ltr'><strong>ur;</strong></span> 
     </span>
    </p>
   </div>
   <div class='ocr_carea' id='block_1_34' title="bbox 380 3241 1957 3315">
    <p class='ocr_par' dir='ltr' id='par_1_34' title="bbox 380 3241 1957 3315">
     <span class='ocr_line' id='line_1_34' title="bbox 380 3241 1957 3315; baseline 0.001 -17"><span class='ocrx_word' id='word_1_228' title='bbox 380 3241 581 3298; x_wconf 85' lang='lat' dir='ltr'><strong>banam</strong></span> <span class='ocrx_word' id='word_1_229' title='bbox 632 3243 797 3297; x_wconf 88' lang='lat' dir='ltr'><strong>vitam</strong></span> <span class='ocrx_word' id='word_1_230' title='bbox 838 3242 1069 3312; x_wconf 85' lang='lat' dir='ltr'><strong>agimus,</strong></span> <span class='ocrx_word' id='word_1_231' title='bbox 1121 3244 1468 3315; x_wconf 76' lang='lat' dir='ltr'><strong>quandoque,</strong></span> <span class='ocrx_word' id='word_1_232' title='bbox 1494 3246 1568 3301; x_wconf 87' lang='lat' dir='ltr'><strong>iis</strong></span> <span class='ocrx_word' id='word_1_233' title='bbox 1594 3245 1830 3300; x_wconf 72' lang='lat' dir='ltr'><strong>maxime</strong></span> <span class='ocrx_word' id='word_1_234' title='bbox 1865 3248 1957 3313; x_wconf 88' lang='lat' dir='ltr'><strong>qui</strong></span> 
     </span>
    </p>
   </div>
   <div class='ocr_carea' id='block_1_35' title="bbox 382 3334 1971 3404">
    <p class='ocr_par' dir='ltr' id='par_1_35' title="bbox 382 3334 1971 3404">
     <span class='ocr_line' id='line_1_35' title="bbox 382 3334 1971 3404; baseline 0.002 -14"><span class='ocrx_word' id='word_1_235' title='bbox 382 3334 633 3390; x_wconf 79' lang='lat' dir='ltr'><strong>tirocinia</strong></span> <span class='ocrx_word' id='word_1_236' title='bbox 652 3345 882 3404; x_wconf 86' lang='lat' dir='ltr'><strong>ponunt,</strong></span> <span class='ocrx_word' id='word_1_237' title='bbox 903 3335 1156 3391; x_wconf 81' lang='lat' dir='ltr'><strong>instituto</strong></span> <span class='ocrx_word' id='word_1_238' title='bbox 1185 3335 1398 3392; x_wconf 79' lang='lat' dir='ltr'><strong>umect&#39;e</strong></span> <span class='ocrx_word' id='word_1_239' title='bbox 1418 3379 1433 3403; x_wconf 89' lang='lat'><strong>,</strong></span> <span class='ocrx_word' id='word_1_240' title='bbox 1468 3337 1519 3391; x_wconf 82' lang='lat' dir='ltr'><strong>id</strong></span> <span class='ocrx_word' id='word_1_241' title='bbox 1552 3350 1655 3403; x_wconf 86' lang='lat' dir='ltr'><strong>est,</strong></span> <span class='ocrx_word' id='word_1_242' title='bbox 1685 3353 1971 3403; x_wconf 73' lang='lat' dir='ltr'><strong>capessen-</strong></span> 
     </span>
    </p>
   </div>
   <div class='ocr_carea' id='block_1_36' title="bbox 383 3426 1967 3500">
    <p class='ocr_par' dir='ltr' id='par_1_36' title="bbox 383 3426 1967 3500">
     <span class='ocr_line' id='line_1_36' title="bbox 383 3426 1967 3500; baseline 0.004 -21"><span class='ocrx_word' id='word_1_243' title='bbox 383 3427 471 3479; x_wconf 77' lang='lat' dir='ltr'><strong>dae</strong></span> <span class='ocrx_word' id='word_1_244' title='bbox 507 3426 724 3482; x_wconf 81' lang='lat' dir='ltr'><strong>sublimi</strong></span> <span class='ocrx_word' id='word_1_245' title='bbox 764 3428 1150 3498; x_wconf 59' lang='lat' dir='ltr'><strong>philosophiae,</strong></span> <span class='ocrx_word' id='word_1_246' title='bbox 1202 3439 1420 3499; x_wconf 87' lang='lat' dir='ltr'><strong>repente</strong></span> <span class='ocrx_word' id='word_1_247' title='bbox 1463 3445 1523 3485; x_wconf 87' lang='lat' dir='ltr'><strong>se</strong></span> <span class='ocrx_word' id='word_1_248' title='bbox 1582 3446 1609 3485; x_wconf 85' lang='lat' dir='ltr'><strong>a</strong></span> <span class='ocrx_word' id='word_1_249' title='bbox 1652 3432 1967 3500; x_wconf 78' lang='lat' dir='ltr'><strong>parentibus</strong></span> 
     </span>
    </p>
   </div>
   <div class='ocr_carea' id='block_1_37' title="bbox 392 3516 1966 3590">
    <p class='ocr_par' dir='ltr' id='par_1_37' title="bbox 392 3516 1966 3590">
     <span class='ocr_line' id='line_1_37' title="bbox 392 3516 1966 3590; baseline 0.004 -21"><span class='ocrx_word' id='word_1_250' title='bbox 392 3516 723 3584; x_wconf 72' lang='lat' dir='ltr'><strong>aocognatis</strong></span> <span class='ocrx_word' id='word_1_251' title='bbox 753 3518 1027 3590; x_wconf 87' lang='lat' dir='ltr'><strong>abrumpit</strong></span> <span class='ocrx_word' id='word_1_252' title='bbox 1062 3536 1077 3587; x_wconf 90' lang='lat'><strong>;</strong></span> <span class='ocrx_word' id='word_1_253' title='bbox 1125 3518 1556 3588; x_wconf 39' lang='lat' dir='ltr'><strong>abrumpit’vero</strong></span> <span class='ocrx_word' id='word_1_254' title='bbox 1589 3519 1656 3574; x_wconf 86' lang='lat' dir='ltr'><strong>ab</strong></span> <span class='ocrx_word' id='word_1_255' title='bbox 1690 3521 1833 3575; x_wconf 87' lang='lat' dir='ltr'><strong>omni</strong></span> <span class='ocrx_word' id='word_1_256' title='bbox 1868 3518 1966 3575; x_wconf 70' lang='lat' dir='ltr'><strong>sre-</strong></span> 
     </span>
    </p>
   </div>
   <div class='ocr_carea' id='block_1_38' title="bbox 391 3602 1963 3682">
    <p class='ocr_par' dir='ltr' id='par_1_38' title="bbox 391 3602 1963 3682">
     <span class='ocr_line' id='line_1_38' title="bbox 391 3602 1963 3682; baseline 0.005 -24"><span class='ocrx_word' id='word_1_257' title='bbox 391 3602 503 3658; x_wconf 86' lang='lat' dir='ltr'><strong>euli</strong></span> <span class='ocrx_word' id='word_1_258' title='bbox 545 3619 712 3670; x_wconf 88' lang='lat' dir='ltr'><strong>cura;</strong></span> <span class='ocrx_word' id='word_1_259' title='bbox 749 3606 1049 3677; x_wconf 78' lang='lat' dir='ltr'><strong>tollensque</strong></span> <span class='ocrx_word' id='word_1_260' title='bbox 1076 3608 1259 3681; x_wconf 77' lang='lat' dir='ltr'><strong>pedes</strong></span> <span class='ocrx_word' id='word_1_261' title='bbox 1298 3609 1356 3665; x_wconf 84' lang='lat' dir='ltr'><strong>in</strong></span> <span class='ocrx_word' id='word_1_262' title='bbox 1384 3610 1656 3665; x_wconf 84' lang='lat' dir='ltr'><strong>desertum</strong></span> <span class='ocrx_word' id='word_1_263' title='bbox 1702 3611 1963 3682; x_wconf 74' lang='lat' dir='ltr'><strong>agebatur</strong></span> 
     </span>
    </p>
   </div>
   <div class='ocr_carea' id='block_1_39' title="bbox 387 3693 693 3766">
    <p class='ocr_par' dir='ltr' id='par_1_39' title="bbox 387 3693 693 3766">
     <span class='ocr_line' id='line_1_39' title="bbox 387 3693 693 3766; baseline 0 -14"><span class='ocrx_word' id='word_1_264' title='bbox 387 3709 423 3752; x_wconf 72' lang='grc' dir='ltr'><strong><em>ι</em></strong></span> <span class='ocrx_word' id='word_1_265' title='bbox 453 3693 693 3766; x_wconf 76' lang='lat' dir='ltr'><strong>Spiritu.</strong></span> 
     </span>
    </p>
   </div>
   <div class='ocr_carea' id='block_1_40' title="bbox 422 3788 1957 3865">
    <p class='ocr_par' dir='ltr' id='par_1_40' title="bbox 422 3788 1957 3865">
     <span class='ocr_line' id='line_1_40' title="bbox 422 3788 1957 3865; baseline 0.004 -22"><span class='ocrx_word' id='word_1_266' title='bbox 422 3788 532 3844; x_wconf 27' lang='lat' dir='ltr'><strong>rAc</strong></span> <span class='ocrx_word' id='word_1_267' title='bbox 547 3788 691 3844; x_wconf 82' lang='lat' dir='ltr'><strong>sicut</strong></span> <span class='ocrx_word' id='word_1_268' title='bbox 721 3805 915 3861; x_wconf 86' lang='lat' dir='ltr'><strong>magna</strong></span> <span class='ocrx_word' id='word_1_269' title='bbox 942 3790 1105 3857; x_wconf 79' lang='lat' dir='ltr'><strong>Verbi</strong></span> <span class='ocrx_word' id='word_1_270' title='bbox 1138 3808 1262 3859; x_wconf 80' lang='lat' dir='ltr'><strong>vos,</strong></span> <span class='ocrx_word' id='word_1_271' title='bbox 1298 3809 1363 3850; x_wconf 85' lang='lat' dir='ltr'><strong>ac</strong></span> <span class='ocrx_word' id='word_1_272' title='bbox 1394 3810 1514 3865; x_wconf 66' lang='lat' dir='ltr'><strong>qua!</strong></span> <span class='ocrx_word' id='word_1_273' title='bbox 1546 3794 1620 3850; x_wconf 86' lang='lat' dir='ltr'><strong>illi</strong></span> <span class='ocrx_word' id='word_1_274' title='bbox 1653 3794 1957 3865; x_wconf 63' lang='lat' dir='ltr'><strong>pracurrit,</strong></span> 
     </span>
    </p>
   </div>
   <div class='ocr_carea' id='block_1_41' title="bbox 373 3881 1960 3958">
    <p class='ocr_par' dir='ltr' id='par_1_41' title="bbox 373 3881 1960 3958">
     <span class='ocr_line' id='line_1_41' title="bbox 373 3881 1960 3958; baseline 0.004 -22"><span class='ocrx_word' id='word_1_275' title='bbox 373 3881 835 3953; x_wconf 62' lang='lat' dir='ltr'><strong>meiat-issimus</strong></span> <span class='ocrx_word' id='word_1_276' title='bbox 876 3881 1112 3939; x_wconf 81' lang='lat' dir='ltr'><strong>Joannes</strong></span> <span class='ocrx_word' id='word_1_277' title='bbox 1133 3929 1147 3948; x_wconf 83' lang='lat'><strong>,</strong></span> <span class='ocrx_word' id='word_1_278' title='bbox 1181 3886 1459 3957; x_wconf 86' lang='lat' dir='ltr'><strong>prophetis</strong></span> <span class='ocrx_word' id='word_1_279' title='bbox 1487 3887 1742 3943; x_wconf 89' lang='lat' dir='ltr'><strong>omnibus</strong></span> <span class='ocrx_word' id='word_1_280' title='bbox 1787 3888 1960 3958; x_wconf 85' lang='lat' dir='ltr'><strong>major</strong></span> 
     </span>
    </p>
   </div>
   <div class='ocr_carea' id='block_1_42' title="bbox 375 3971 1958 4052">
    <p class='ocr_par' dir='ltr' id='par_1_42' title="bbox 375 3971 1958 4052">
     <span class='ocr_line' id='line_1_42' title="bbox 375 3971 1958 4052; baseline 0.004 -23"><span class='ocrx_word' id='word_1_281' title='bbox 375 3989 483 4045; x_wconf 81' lang='lat' dir='ltr'><strong>qua</strong></span> <span class='ocrx_word' id='word_1_282' title='bbox 514 3973 592 4029; x_wconf 90' lang='lat' dir='ltr'><strong>illi</strong></span> <span class='ocrx_word' id='word_1_283' title='bbox 635 3976 866 4030; x_wconf 78' lang='lat' dir='ltr'><strong>vicinior</strong></span> <span class='ocrx_word' id='word_1_284' title='bbox 894 3991 1055 4046; x_wconf 83' lang='lat' dir='ltr'><strong>quem</strong></span> <span class='ocrx_word' id='word_1_285' title='bbox 1090 3978 1473 4052; x_wconf 86' lang='lat' dir='ltr'><strong>prophetarum</strong></span> <span class='ocrx_word' id='word_1_286' title='bbox 1503 3971 1799 4052; x_wconf 78' lang='lat' dir='ltr'><strong>tangebam</strong></span> <span class='ocrx_word' id='word_1_287' title='bbox 1835 3995 1958 4035; x_wconf 88' lang='lat' dir='ltr'><strong>ora-</strong></span> 
     </span>
    </p>
   </div>
   <div class='ocr_carea' id='block_1_43' title="bbox 379 4065 1949 4143">
    <p class='ocr_par' dir='ltr' id='par_1_43' title="bbox 379 4065 1949 4143">
     <span class='ocr_line' id='line_1_43' title="bbox 379 4065 1949 4143; baseline 0.004 -23"><span class='ocrx_word' id='word_1_288' title='bbox 379 4066 520 4130; x_wconf 90' lang='lat' dir='ltr'><strong>cula,</strong></span> <span class='ocrx_word' id='word_1_289' title='bbox 570 4065 803 4122; x_wconf 87' lang='lat' dir='ltr'><strong>Domino</strong></span> <span class='ocrx_word' id='word_1_290' title='bbox 832 4069 1175 4137; x_wconf 56' lang='lat' dir='ltr'><strong>praedicatus,</strong></span> <span class='ocrx_word' id='word_1_291' title='bbox 1213 4086 1337 4127; x_wconf 89' lang='lat' dir='ltr'><strong>cum</strong></span> <span class='ocrx_word' id='word_1_292' title='bbox 1365 4072 1581 4129; x_wconf 86' lang='lat' dir='ltr'><strong>deserto</strong></span> <span class='ocrx_word' id='word_1_293' title='bbox 1610 4074 1760 4143; x_wconf 88' lang='lat' dir='ltr'><strong>prius</strong></span> <span class='ocrx_word' id='word_1_294' title='bbox 1812 4074 1949 4129; x_wconf 77' lang='lat' dir='ltr'><strong>Den-</strong></span> 
     </span>
    </p>
   </div>
   <div class='ocr_carea' id='block_1_44' title="bbox 378 4160 1960 4231">
    <p class='ocr_par' dir='ltr' id='par_1_44' title="bbox 378 4160 1960 4231">
     <span class='ocr_line' id='line_1_44' title="bbox 378 4160 1960 4231; baseline 0.007 -20"><span class='ocrx_word' id='word_1_295' title='bbox 378 4171 490 4227; x_wconf 75' lang='lat' dir='ltr'><strong>que</strong></span> <span class='ocrx_word' id='word_1_296' title='bbox 537 4167 784 4213; x_wconf 84' lang='lat' dir='ltr'><strong>vocasset</strong></span> <span class='ocrx_word' id='word_1_297' title='bbox 806 4160 872 4225; x_wconf 86' lang='lat'><strong>&quot;&#39;,</strong></span> <span class='ocrx_word' id='word_1_298' title='bbox 904 4160 1220 4231; x_wconf 75' lang='lat' dir='ltr'><strong>eximieque</strong></span> <span class='ocrx_word' id='word_1_299' title='bbox 1252 4164 1377 4219; x_wconf 60' lang='lat' dir='ltr'><strong>vita</strong></span> <span class='ocrx_word' id='word_1_300' title='bbox 1405 4165 1552 4220; x_wconf 90' lang='lat' dir='ltr'><strong>cultu</strong></span> <span class='ocrx_word' id='word_1_301' title='bbox 1611 4182 1677 4221; x_wconf 85' lang='lat' dir='ltr'><strong>ac</strong></span> <span class='ocrx_word' id='word_1_302' title='bbox 1711 4169 1960 4222; x_wconf 84' lang='lat' dir='ltr'><strong>eminen-</strong></span> 
     </span>
    </p>
   </div>
   <div class='ocr_carea' id='block_1_45' title="bbox 386 4246 1956 4322">
    <p class='ocr_par' dir='ltr' id='par_1_45' title="bbox 386 4246 1956 4322">
     <span class='ocr_line' id='line_1_45' title="bbox 386 4246 1956 4322; baseline 0.008 -22"><span class='ocrx_word' id='word_1_303' title='bbox 386 4246 514 4301; x_wconf 86' lang='lat' dir='ltr'><strong>tiori</strong></span> <span class='ocrx_word' id='word_1_304' title='bbox 539 4250 995 4320; x_wconf 75' lang='lat' dir='ltr'><strong>contemplatione</strong></span> <span class='ocrx_word' id='word_1_305' title='bbox 1032 4263 1286 4322; x_wconf 84' lang='lat' dir='ltr'><strong>superata</strong></span> <span class='ocrx_word' id='word_1_306' title='bbox 1332 4266 1582 4310; x_wconf 81' lang='lat' dir='ltr'><strong>creatura</strong></span> <span class='ocrx_word' id='word_1_307' title='bbox 1621 4254 1687 4322; x_wconf 77' lang='lat'><strong>“,</strong></span> <span class='ocrx_word' id='word_1_308' title='bbox 1723 4260 1956 4313; x_wconf 79' lang='lat' dir='ltr'><strong>creatori</strong></span> 
     </span>
    </p>
   </div>
   <div class='ocr_carea' id='block_1_46' title="bbox 388 4335 1954 4418">
    <p class='ocr_par' dir='ltr' id='par_1_46' title="bbox 388 4335 1954 4418">
     <span class='ocr_line' id='line_1_46' title="bbox 388 4335 1954 4418; baseline 0.01 -29"><span class='ocrx_word' id='word_1_309' title='bbox 388 4336 607 4408; x_wconf 82' lang='lat' dir='ltr'><strong>propius</strong></span> <span class='ocrx_word' id='word_1_310' title='bbox 647 4335 1009 4400; x_wconf 66' lang='lat' dir='ltr'><strong>adhaesisset:</strong></span> <span class='ocrx_word' id='word_1_311' title='bbox 1047 4353 1169 4414; x_wconf 81' lang='lat' dir='ltr'><strong>post</strong></span> <span class='ocrx_word' id='word_1_312' title='bbox 1199 4346 1314 4405; x_wconf 66' lang='lat' dir='ltr'><strong>haec</strong></span> <span class='ocrx_word' id='word_1_313' title='bbox 1352 4348 1536 4418; x_wconf 88' lang='lat' dir='ltr'><strong>utique</strong></span> <span class='ocrx_word' id='word_1_314' title='bbox 1588 4360 1713 4405; x_wconf 86' lang='lat' dir='ltr'><strong>ante</strong></span> <span class='ocrx_word' id='word_1_315' title='bbox 1746 4349 1954 4405; x_wconf 84' lang='lat' dir='ltr'><strong>Domini</strong></span> 
     </span>
    </p>
   </div>
   <div class='ocr_carea' id='block_1_47' title="bbox 384 4423 1961 4509">
    <p class='ocr_par' dir='ltr' id='par_1_47' title="bbox 384 4423 1961 4509">
     <span class='ocr_line' id='line_1_47' title="bbox 384 4423 1961 4509; baseline 0.01 -31"><span class='ocrx_word' id='word_1_316' title='bbox 384 4423 579 4482; x_wconf 79' lang='lat' dir='ltr'><strong>facient</strong></span> <span class='ocrx_word' id='word_1_317' title='bbox 622 4429 915 4499; x_wconf 74' lang='lat' dir='ltr'><strong>incedens,</strong></span> <span class='ocrx_word' id='word_1_318' title='bbox 947 4433 1092 4488; x_wconf 91' lang='lat' dir='ltr'><strong>illius</strong></span> <span class='ocrx_word' id='word_1_319' title='bbox 1146 4436 1279 4490; x_wconf 90' lang='lat' dir='ltr'><strong>vias</strong></span> <span class='ocrx_word' id='word_1_320' title='bbox 1314 4440 1523 4507; x_wconf 88' lang='lat' dir='ltr'><strong>paravit</strong></span> <span class='ocrx_word' id='word_1_321' title='bbox 1548 4439 1629 4492; x_wconf 64' lang='grc' dir='ltr'><strong>δέ</strong></span> <span class='ocrx_word' id='word_1_322' title='bbox 1674 4438 1755 4493; x_wconf 90' lang='lat' dir='ltr'><strong>sic</strong></span> <span class='ocrx_word' id='word_1_323' title='bbox 1798 4438 1961 4509; x_wconf 83' lang='lat' dir='ltr'><strong>plane</strong></span> 
     </span>
    </p>
   </div>
   <div class='ocr_carea' id='block_1_48' title="bbox 2084 565 3666 644">
    <p class='ocr_par' dir='ltr' id='par_1_48' title="bbox 2084 565 3666 644">
     <span class='ocr_line' id='line_1_48' title="bbox 2084 565 3666 644; baseline 0 -23"><span class='ocrx_word' id='word_1_324' title='bbox 2084 567 2268 628; x_wconf 88' lang='lat' dir='ltr'><strong>hebat.</strong></span> <span class='ocrx_word' id='word_1_325' title='bbox 2316 567 2532 623; x_wconf 88' lang='lat' dir='ltr'><strong>actione</strong></span> <span class='ocrx_word' id='word_1_326' title='bbox 2582 567 2798 644; x_wconf 82' lang='lat' dir='ltr'><strong>quidem</strong></span> <span class='ocrx_word' id='word_1_327' title='bbox 2843 566 2910 623; x_wconf 90' lang='lat' dir='ltr'><strong>iis</strong></span> <span class='ocrx_word' id='word_1_328' title='bbox 2959 566 3410 637; x_wconf 77' lang='lat' dir='ltr'><strong>defungensqure</strong></span> <span class='ocrx_word' id='word_1_329' title='bbox 3450 565 3666 621; x_wconf 83' lang='lat' dir='ltr'><strong>actione</strong></span> 
     </span>
    </p>
   </div>
   <div class='ocr_carea' id='block_1_49' title="bbox 2084 659 3664 730">
    <p class='ocr_par' dir='ltr' id='par_1_49' title="bbox 2084 659 3664 730">
     <span class='ocr_line' id='line_1_49' title="bbox 2084 659 3664 730; baseline -0.002 -14"><span class='ocrx_word' id='word_1_330' title='bbox 2084 667 2357 729; x_wconf 75' lang='lat' dir='ltr'><strong>constant,</strong></span> <span class='ocrx_word' id='word_1_331' title='bbox 2409 661 2865 730; x_wconf 87' lang='lat' dir='ltr'><strong>contemplatione</strong></span> <span class='ocrx_word' id='word_1_332' title='bbox 2916 669 3096 715; x_wconf 88' lang='lat' dir='ltr'><strong>autem</strong></span> <span class='ocrx_word' id='word_1_333' title='bbox 3148 659 3239 727; x_wconf 88' lang='lat' dir='ltr'><strong>iis,</strong></span> <span class='ocrx_word' id='word_1_334' title='bbox 3278 676 3400 730; x_wconf 65' lang='lat' dir='ltr'><strong>qua:</strong></span> <span class='ocrx_word' id='word_1_335' title='bbox 3421 670 3664 714; x_wconf 83' lang='lat' dir='ltr'><strong>contem-</strong></span> 
     </span>
    </p>
   </div>
   <div class='ocr_carea' id='block_1_50' title="bbox 2084 745 3666 829">
    <p class='ocr_par' dir='ltr' id='par_1_50' title="bbox 2084 745 3666 829">
     <span class='ocr_line' id='line_1_50' title="bbox 2084 745 3666 829; baseline -0.002 -21"><span class='ocrx_word' id='word_1_336' title='bbox 2084 754 2323 825; x_wconf 90' lang='lat' dir='ltr'><strong>platione</strong></span> <span class='ocrx_word' id='word_1_337' title='bbox 2348 774 2361 807; x_wconf 90' lang='lat'><strong>:</strong></span> <span class='ocrx_word' id='word_1_338' title='bbox 2390 755 2494 819; x_wconf 85' lang='lat' dir='ltr'><strong>vel,</strong></span> <span class='ocrx_word' id='word_1_339' title='bbox 2528 745 2743 809; x_wconf 84' lang='lat' dir='ltr'><strong>actione</strong></span> <span class='ocrx_word' id='word_1_340' title='bbox 2775 754 3019 829; x_wconf 74' lang='lat' dir='ltr'><strong>quidem,</strong></span> <span class='ocrx_word' id='word_1_341' title='bbox 3048 753 3114 807; x_wconf 90' lang='lat' dir='ltr'><strong>ad</strong></span> <span class='ocrx_word' id='word_1_342' title='bbox 3146 768 3207 807; x_wconf 88' lang='lat' dir='ltr'><strong>ea</strong></span> <span class='ocrx_word' id='word_1_343' title='bbox 3249 768 3372 823; x_wconf 66' lang='lat' dir='ltr'><strong>quae</strong></span> <span class='ocrx_word' id='word_1_344' title='bbox 3417 760 3666 808; x_wconf 87' lang='lat' dir='ltr'><strong>contem-</strong></span> 
     </span>
    </p>
   </div>
   <div class='ocr_carea' id='block_1_51' title="bbox 2082 836 3662 916">
    <p class='ocr_par' dir='ltr' id='par_1_51' title="bbox 2082 836 3662 916">
     <span class='ocr_line' id='line_1_51' title="bbox 2082 836 3662 916; baseline -0.001 -17"><span class='ocrx_word' id='word_1_345' title='bbox 2082 846 2524 916; x_wconf 64' lang='lat' dir='ltr'><strong>plationissunt,</strong></span> <span class='ocrx_word' id='word_1_346' title='bbox 2554 836 2924 915; x_wconf 84' lang='lat' dir='ltr'><strong>promovens;</strong></span> <span class='ocrx_word' id='word_1_347' title='bbox 2972 844 3433 915; x_wconf 85' lang='lat' dir='ltr'><strong>contemplatione</strong></span> <span class='ocrx_word' id='word_1_348' title='bbox 3474 852 3662 898; x_wconf 86' lang='lat' dir='ltr'><strong>autem</strong></span> 
     </span>
    </p>
   </div>
   <div class='ocr_carea' id='block_1_52' title="bbox 2085 935 3481 1009">
    <p class='ocr_par' dir='ltr' id='par_1_52' title="bbox 2085 935 3481 1009">
     <span class='ocr_line' id='line_1_52' title="bbox 2085 935 3481 1009; baseline 0 -18"><span class='ocrx_word' id='word_1_349' title='bbox 2085 953 2147 992; x_wconf 82' lang='lat' dir='ltr'><strong>ea</strong></span> <span class='ocrx_word' id='word_1_350' title='bbox 2178 936 2280 993; x_wconf 82' lang='lat' dir='ltr'><strong>sibi</strong></span> <span class='ocrx_word' id='word_1_351' title='bbox 2318 938 2607 994; x_wconf 79' lang='lat' dir='ltr'><strong>familiaria</strong></span> <span class='ocrx_word' id='word_1_352' title='bbox 2640 937 2872 993; x_wconf 84' lang='lat' dir='ltr'><strong>reddens</strong></span> <span class='ocrx_word' id='word_1_353' title='bbox 2906 953 3027 1009; x_wconf 63' lang='lat' dir='ltr'><strong>qua:</strong></span> <span class='ocrx_word' id='word_1_354' title='bbox 3064 947 3193 994; x_wconf 90' lang='lat' dir='ltr'><strong>sunt</strong></span> <span class='ocrx_word' id='word_1_355' title='bbox 3227 935 3481 992; x_wconf 84' lang='lat' dir='ltr'><strong>actionis.</strong></span> 
     </span>
    </p>
   </div>
   <div class='ocr_carea' id='block_1_53' title="bbox 2150 1027 3661 1100">
    <p class='ocr_par' dir='ltr' id='par_1_53' title="bbox 2150 1027 3661 1100">
     <span class='ocr_line' id='line_1_53' title="bbox 2150 1027 3661 1100; baseline 0 -19"><span class='ocrx_word' id='word_1_356' title='bbox 2150 1030 2220 1084; x_wconf 79' lang='lat' dir='ltr'><strong>At</strong></span> <span class='ocrx_word' id='word_1_357' title='bbox 2246 1045 2491 1100; x_wconf 57' lang='lat' dir='ltr'><strong>quanam</strong></span> <span class='ocrx_word' id='word_1_358' title='bbox 2522 1028 2665 1084; x_wconf 85' lang='lat' dir='ltr'><strong>actio</strong></span> <span class='ocrx_word' id='word_1_359' title='bbox 2690 1030 2919 1099; x_wconf 72' lang='lat' dir='ltr'><strong>?0perm</strong></span> <span class='ocrx_word' id='word_1_360' title='bbox 2947 1030 3179 1100; x_wconf 88' lang='lat' dir='ltr'><strong>pretium</strong></span> <span class='ocrx_word' id='word_1_361' title='bbox 3214 1032 3358 1084; x_wconf 90' lang='lat' dir='ltr'><strong>enim</strong></span> <span class='ocrx_word' id='word_1_362' title='bbox 3386 1027 3661 1092; x_wconf 79' lang='lat' dir='ltr'><strong>existimo,</strong></span> 
     </span>
    </p>
   </div>
   <div class='ocr_carea' id='block_1_54' title="bbox 2082 1120 3665 1193">
    <p class='ocr_par' dir='ltr' id='par_1_54' title="bbox 2082 1120 3665 1193">
     <span class='ocr_line' id='line_1_54' title="bbox 2082 1120 3665 1193; baseline 0 -18"><span class='ocrx_word' id='word_1_363' title='bbox 2082 1130 2140 1175; x_wconf 90' lang='lat' dir='ltr'><strong>ut</strong></span> <span class='ocrx_word' id='word_1_364' title='bbox 2172 1136 2268 1191; x_wconf 86' lang='lat' dir='ltr'><strong>per</strong></span> <span class='ocrx_word' id='word_1_365' title='bbox 2290 1121 2536 1182; x_wconf 88' lang='lat' dir='ltr'><strong>virtutes.</strong></span> <span class='ocrx_word' id='word_1_366' title='bbox 2564 1122 2764 1193; x_wconf 86' lang='lat' dir='ltr'><strong>quibus</strong></span> <span class='ocrx_word' id='word_1_367' title='bbox 2810 1122 2900 1176; x_wconf 92' lang='lat' dir='ltr'><strong>illa</strong></span> <span class='ocrx_word' id='word_1_368' title='bbox 2935 1122 3223 1192; x_wconf 81' lang='lat' dir='ltr'><strong>magniﬁce</strong></span> <span class='ocrx_word' id='word_1_369' title='bbox 3258 1120 3504 1192; x_wconf 81' lang='lat' dir='ltr'><strong>splendet</strong></span> <span class='ocrx_word' id='word_1_370' title='bbox 3537 1127 3665 1175; x_wconf 85' lang='lat' dir='ltr'><strong>ante</strong></span> 
     </span>
    </p>
   </div>
   <div class='ocr_carea' id='block_1_55' title="bbox 2079 1208 3664 1283">
    <p class='ocr_par' dir='ltr' id='par_1_55' title="bbox 2079 1208 3664 1283">
     <span class='ocr_line' id='line_1_55' title="bbox 2079 1208 3664 1283; baseline -0.002 -16"><span class='ocrx_word' id='word_1_371' title='bbox 2079 1213 2617 1283; x_wconf 88' lang='lat' dir='ltr'><strong>contemplationem,</strong></span> <span class='ocrx_word' id='word_1_372' title='bbox 2642 1227 2765 1267; x_wconf 87' lang='lat' dir='ltr'><strong>eam</strong></span> <span class='ocrx_word' id='word_1_373' title='bbox 2796 1212 3167 1283; x_wconf 84' lang='lat' dir='ltr'><strong>designemus.</strong></span> <span class='ocrx_word' id='word_1_374' title='bbox 3198 1208 3458 1276; x_wconf 67' lang='lat' dir='ltr'><strong>Quaenam</strong></span> <span class='ocrx_word' id='word_1_375' title='bbox 3498 1210 3664 1281; x_wconf 82' lang='lat' dir='ltr'><strong>igitur</strong></span> 
     </span>
    </p>
   </div>
   <div class='ocr_carea' id='block_1_56' title="bbox 2079 1302 3661 1374">
    <p class='ocr_par' dir='ltr' id='par_1_56' title="bbox 2079 1302 3661 1374">
     <span class='ocr_line' id='line_1_56' title="bbox 2079 1302 3661 1374; baseline -0.003 -12"><span class='ocrx_word' id='word_1_376' title='bbox 2079 1317 2207 1362; x_wconf 83' lang='lat' dir='ltr'><strong>sunt</strong></span> <span class='ocrx_word' id='word_1_377' title='bbox 2228 1306 2500 1361; x_wconf 83' lang='lat' dir='ltr'><strong>virtutes?</strong></span> <span class='ocrx_word' id='word_1_378' title='bbox 2550 1305 2793 1361; x_wconf 85' lang='lat' dir='ltr'><strong>Primum</strong></span> <span class='ocrx_word' id='word_1_379' title='bbox 2824 1304 3042 1374; x_wconf 84' lang='lat' dir='ltr'><strong>quidem</strong></span> <span class='ocrx_word' id='word_1_380' title='bbox 3079 1304 3231 1359; x_wconf 82' lang='lat' dir='ltr'><strong>firma</strong></span> <span class='ocrx_word' id='word_1_381' title='bbox 3272 1302 3531 1366; x_wconf 85' lang='lat' dir='ltr'><strong>solitudo,</strong></span> <span class='ocrx_word' id='word_1_382' title='bbox 3565 1316 3661 1358; x_wconf 85' lang='lat' dir='ltr'><strong>seu</strong></span> 
     </span>
    </p>
   </div>
   <div class='ocr_carea' id='block_1_57' title="bbox 2076 1393 3660 1469">
    <p class='ocr_par' dir='ltr' id='par_1_57' title="bbox 2076 1393 3660 1469">
     <span class='ocr_line' id='line_1_57' title="bbox 2076 1393 3660 1469; baseline 0 -18"><span class='ocrx_word' id='word_1_383' title='bbox 2076 1397 2261 1469; x_wconf 76' lang='lat' dir='ltr'><strong>quies,</strong></span> <span class='ocrx_word' id='word_1_384' title='bbox 2297 1412 2361 1452; x_wconf 91' lang='lat' dir='ltr'><strong>ac</strong></span> <span class='ocrx_word' id='word_1_385' title='bbox 2410 1397 2788 1455; x_wconf 87' lang='lat' dir='ltr'><strong>mundissima.</strong></span> <span class='ocrx_word' id='word_1_386' title='bbox 2817 1396 3088 1461; x_wconf 86' lang='lat' dir='ltr'><strong>Solitudo,</strong></span> <span class='ocrx_word' id='word_1_387' title='bbox 3115 1398 3360 1465; x_wconf 88' lang='lat' dir='ltr'><strong>inquam,</strong></span> <span class='ocrx_word' id='word_1_388' title='bbox 3411 1410 3475 1450; x_wconf 91' lang='lat' dir='ltr'><strong>ac</strong></span> <span class='ocrx_word' id='word_1_389' title='bbox 3503 1393 3660 1464; x_wconf 85' lang='lat' dir='ltr'><strong>quies</strong></span> 
     </span>
    </p>
   </div>
   <div class='ocr_carea' id='block_1_58' title="bbox 2079 1487 3666 1561">
    <p class='ocr_par' dir='ltr' id='par_1_58' title="bbox 2079 1487 3666 1561">
     <span class='ocr_line' id='line_1_58' title="bbox 2079 1487 3666 1561; baseline -0.003 -15"><span class='ocrx_word' id='word_1_390' title='bbox 2079 1490 2249 1546; x_wconf 88' lang='lat' dir='ltr'><strong>animi</strong></span> <span class='ocrx_word' id='word_1_391' title='bbox 2286 1489 2491 1561; x_wconf 90' lang='lat' dir='ltr'><strong>pariter</strong></span> <span class='ocrx_word' id='word_1_392' title='bbox 2519 1497 2575 1545; x_wconf 88' lang='lat' dir='ltr'><strong>et</strong></span> <span class='ocrx_word' id='word_1_393' title='bbox 2623 1489 2893 1561; x_wconf 86' lang='lat' dir='ltr'><strong>corporis.</strong></span> <span class='ocrx_word' id='word_1_394' title='bbox 2924 1488 3039 1543; x_wconf 84' lang='lat' dir='ltr'><strong>Non</strong></span> <span class='ocrx_word' id='word_1_395' title='bbox 3072 1489 3216 1543; x_wconf 87' lang='lat' dir='ltr'><strong>enim</strong></span> <span class='ocrx_word' id='word_1_396' title='bbox 3259 1488 3362 1543; x_wconf 88' lang='lat' dir='ltr'><strong>loci</strong></span> <span class='ocrx_word' id='word_1_397' title='bbox 3395 1487 3666 1542; x_wconf 82' lang='lat' dir='ltr'><strong>duntaxat</strong></span> 
     </span>
    </p>
   </div>
   <div class='ocr_carea' id='block_1_59' title="bbox 2077 1581 3665 1653">
    <p class='ocr_par' dir='ltr' id='par_1_59' title="bbox 2077 1581 3665 1653">
     <span class='ocr_line' id='line_1_59' title="bbox 2077 1581 3665 1653; baseline 0.001 -18"><span class='ocrx_word' id='word_1_398' title='bbox 2077 1581 2333 1653; x_wconf 62' lang='lat' dir='ltr'><strong>praesidio</strong></span> <span class='ocrx_word' id='word_1_399' title='bbox 2363 1596 2422 1637; x_wconf 86' lang='lat' dir='ltr'><strong>se</strong></span> <span class='ocrx_word' id='word_1_400' title='bbox 2464 1590 2579 1637; x_wconf 90' lang='lat' dir='ltr'><strong>tum</strong></span> <span class='ocrx_word' id='word_1_401' title='bbox 2610 1581 2885 1646; x_wconf 80' lang='lat' dir='ltr'><strong>civilibus,</strong></span> <span class='ocrx_word' id='word_1_402' title='bbox 2928 1588 3041 1637; x_wconf 88' lang='lat' dir='ltr'><strong>tum</strong></span> <span class='ocrx_word' id='word_1_403' title='bbox 3068 1582 3365 1637; x_wconf 86' lang='lat' dir='ltr'><strong>rusticanis</strong></span> <span class='ocrx_word' id='word_1_404' title='bbox 3388 1583 3665 1639; x_wconf 85' lang='lat' dir='ltr'><strong>subduce-</strong></span> 
     </span>
    </p>
   </div>
   <div class='ocr_carea' id='block_1_60' title="bbox 2078 1674 3663 1747">
    <p class='ocr_par' dir='ltr' id='par_1_60' title="bbox 2078 1674 3663 1747">
     <span class='ocr_line' id='line_1_60' title="bbox 2078 1674 3663 1747; baseline 0.002 -17"><span class='ocrx_word' id='word_1_405' title='bbox 2078 1676 2172 1731; x_wconf 87' lang='lat' dir='ltr'><strong>bat</strong></span> <span class='ocrx_word' id='word_1_406' title='bbox 2208 1674 2550 1741; x_wconf 85' lang='lat' dir='ltr'><strong>tumultibus,</strong></span> <span class='ocrx_word' id='word_1_407' title='bbox 2587 1674 2679 1731; x_wconf 87' lang='lat' dir='ltr'><strong>sed</strong></span> <span class='ocrx_word' id='word_1_408' title='bbox 2720 1676 2880 1746; x_wconf 81' lang='lat' dir='ltr'><strong>longe</strong></span> <span class='ocrx_word' id='word_1_409' title='bbox 2917 1676 3092 1746; x_wconf 81' lang='lat' dir='ltr'><strong>magis</strong></span> <span class='ocrx_word' id='word_1_410' title='bbox 3126 1677 3180 1732; x_wconf 90' lang='lat' dir='ltr'><strong>in</strong></span> <span class='ocrx_word' id='word_1_411' title='bbox 3212 1692 3271 1732; x_wconf 92' lang='lat' dir='ltr'><strong>se</strong></span> <span class='ocrx_word' id='word_1_412' title='bbox 3318 1678 3435 1747; x_wconf 89' lang='lat' dir='ltr'><strong>ipse</strong></span> <span class='ocrx_word' id='word_1_413' title='bbox 3463 1675 3663 1733; x_wconf 88' lang='lat' dir='ltr'><strong>mentis</strong></span> 
     </span>
    </p>
   </div>
   <div class='ocr_carea' id='block_1_61' title="bbox 2078 1764 3659 1835">
    <p class='ocr_par' dir='ltr' id='par_1_61' title="bbox 2078 1764 3659 1835">
     <span class='ocr_line' id='line_1_61' title="bbox 2078 1764 3659 1835; baseline -0.001 -13"><span class='ocrx_word' id='word_1_414' title='bbox 2078 1766 2408 1831; x_wconf 81' lang='lat' dir='ltr'><strong>constantia,</strong></span> <span class='ocrx_word' id='word_1_415' title='bbox 2448 1764 2615 1835; x_wconf 85' lang='lat' dir='ltr'><strong>seque</strong></span> <span class='ocrx_word' id='word_1_416' title='bbox 2640 1766 2839 1833; x_wconf 87' lang='lat' dir='ltr'><strong>medio,</strong></span> <span class='ocrx_word' id='word_1_417' title='bbox 2876 1765 2933 1819; x_wconf 89' lang='lat' dir='ltr'><strong>in</strong></span> <span class='ocrx_word' id='word_1_418' title='bbox 2969 1764 3143 1820; x_wconf 85' lang='lat' dir='ltr'><strong>Deum</strong></span> <span class='ocrx_word' id='word_1_419' title='bbox 3175 1781 3495 1828; x_wconf 89' lang='lat' dir='ltr'><strong>conversus,</strong></span> <span class='ocrx_word' id='word_1_420' title='bbox 3533 1781 3659 1821; x_wconf 81' lang='lat' dir='ltr'><strong>mo-</strong></span> 
     </span>
    </p>
   </div>
   <div class='ocr_carea' id='block_1_62' title="bbox 2077 1853 3668 1927">
    <p class='ocr_par' dir='ltr' id='par_1_62' title="bbox 2077 1853 3668 1927">
     <span class='ocr_line' id='line_1_62' title="bbox 2077 1853 3668 1927; baseline -0.002 -16"><span class='ocrx_word' id='word_1_421' title='bbox 2077 1857 2232 1912; x_wconf 88' lang='lat' dir='ltr'><strong>ribus</strong></span> <span class='ocrx_word' id='word_1_422' title='bbox 2256 1856 2436 1927; x_wconf 87' lang='lat' dir='ltr'><strong>potius</strong></span> <span class='ocrx_word' id='word_1_423' title='bbox 2470 1855 2817 1911; x_wconf 83' lang='lat' dir='ltr'><strong>solitudinem</strong></span> <span class='ocrx_word' id='word_1_424' title='bbox 2861 1871 2926 1910; x_wconf 89' lang='lat' dir='ltr'><strong>ac</strong></span> <span class='ocrx_word' id='word_1_425' title='bbox 2981 1856 3227 1925; x_wconf 87' lang='lat' dir='ltr'><strong>quietem</strong></span> <span class='ocrx_word' id='word_1_426' title='bbox 3257 1853 3442 1910; x_wconf 88' lang='lat' dir='ltr'><strong>obibat</strong></span> <span class='ocrx_word' id='word_1_427' title='bbox 3472 1871 3489 1920; x_wconf 86' lang='lat'><strong>;</strong></span> <span class='ocrx_word' id='word_1_428' title='bbox 3519 1865 3668 1908; x_wconf 71' lang='lat' dir='ltr'><strong>tuan-</strong></span> 
     </span>
    </p>
   </div>
   <div class='ocr_carea' id='block_1_63' title="bbox 2079 1943 3661 2021">
    <p class='ocr_par' dir='ltr' id='par_1_63' title="bbox 2079 1943 3661 2021">
     <span class='ocr_line' id='line_1_63' title="bbox 2079 1943 3661 2021; baseline -0.005 -16"><span class='ocrx_word' id='word_1_429' title='bbox 2079 1951 2413 2021; x_wconf 86' lang='lat' dir='ltr'><strong>quillamque</strong></span> <span class='ocrx_word' id='word_1_430' title='bbox 2471 1961 2539 2004; x_wconf 87' lang='lat' dir='ltr'><strong>ac</strong></span> <span class='ocrx_word' id='word_1_431' title='bbox 2597 1953 2944 2001; x_wconf 86' lang='lat' dir='ltr'><strong>mansuetam</strong></span> <span class='ocrx_word' id='word_1_432' title='bbox 2988 1945 3157 2000; x_wconf 89' lang='lat' dir='ltr'><strong>animi</strong></span> <span class='ocrx_word' id='word_1_433' title='bbox 3212 1943 3661 1999; x_wconf 81' lang='lat' dir='ltr'><strong>constitutionem</strong></span> 
     </span>
    </p>
   </div>
   <div class='ocr_carea' id='block_1_64' title="bbox 2078 2034 3660 2112">
    <p class='ocr_par' dir='ltr' id='par_1_64' title="bbox 2078 2034 3660 2112">
     <span class='ocr_line' id='line_1_64' title="bbox 2078 2034 3660 2112; baseline -0.004 -15"><span class='ocrx_word' id='word_1_434' title='bbox 2078 2044 2327 2112; x_wconf 83' lang='lat' dir='ltr'><strong>adeptus,</strong></span> <span class='ocrx_word' id='word_1_435' title='bbox 2354 2041 2411 2097; x_wconf 89' lang='lat' dir='ltr'><strong>in</strong></span> <span class='ocrx_word' id='word_1_436' title='bbox 2440 2055 2549 2111; x_wconf 87' lang='lat' dir='ltr'><strong>qua</strong></span> <span class='ocrx_word' id='word_1_437' title='bbox 2581 2039 2729 2093; x_wconf 79' lang='lat' dir='ltr'><strong>velut</strong></span> <span class='ocrx_word' id='word_1_438' title='bbox 2751 2036 3022 2108; x_wconf 86' lang='lat' dir='ltr'><strong>pellucido</strong></span> <span class='ocrx_word' id='word_1_439' title='bbox 3049 2035 3271 2107; x_wconf 87' lang='lat' dir='ltr'><strong>speculo</strong></span> <span class='ocrx_word' id='word_1_440' title='bbox 3320 2051 3385 2091; x_wconf 85' lang='lat' dir='ltr'><strong>ac</strong></span> <span class='ocrx_word' id='word_1_441' title='bbox 3408 2034 3660 2091; x_wconf 84' lang='lat' dir='ltr'><strong>mundis-</strong></span> 
     </span>
    </p>
   </div>
   <div class='ocr_carea' id='block_1_65' title="bbox 2076 2126 3660 2198">
    <p class='ocr_par' dir='ltr' id='par_1_65' title="bbox 2076 2126 3660 2198">
     <span class='ocr_line' id='line_1_65' title="bbox 2076 2126 3660 2198; baseline -0.005 -10"><span class='ocrx_word' id='word_1_442' title='bbox 2076 2133 2239 2196; x_wconf 89' lang='lat' dir='ltr'><strong>simo,</strong></span> <span class='ocrx_word' id='word_1_443' title='bbox 2283 2132 2584 2188; x_wconf 72' lang='lat' dir='ltr'><strong>cmlestium</strong></span> <span class='ocrx_word' id='word_1_444' title='bbox 2635 2128 3059 2186; x_wconf 88' lang='lat' dir='ltr'><strong>illustrationum</strong></span> <span class='ocrx_word' id='word_1_445' title='bbox 3109 2126 3660 2198; x_wconf 80' lang='lat' dir='ltr'><strong>repraesentationes,</strong></span> 
     </span>
    </p>
   </div>
   <div class='ocr_carea' id='block_1_66' title="bbox 2076 2204 3663 2295">
    <p class='ocr_par' dir='ltr' id='par_1_66' title="bbox 2076 2204 3663 2295">
     <span class='ocr_line' id='line_1_66' title="bbox 2076 2204 3663 2295; baseline -0.005 -12"><span class='ocrx_word' id='word_1_446' title='bbox 2076 2226 2310 2283; x_wconf 86' lang='lat' dir='ltr'><strong>terrenis</strong></span> <span class='ocrx_word' id='word_1_447' title='bbox 2344 2223 2714 2295; x_wconf 89' lang='lat' dir='ltr'><strong>impermistas</strong></span> <span class='ocrx_word' id='word_1_448' title='bbox 2746 2204 2935 2292; x_wconf 82' lang='lat' dir='ltr'><strong>figuris</strong></span> <span class='ocrx_word' id='word_1_449' title='bbox 2995 2235 3058 2275; x_wconf 88' lang='lat' dir='ltr'><strong>ac</strong></span> <span class='ocrx_word' id='word_1_450' title='bbox 3095 2220 3501 2285; x_wconf 85' lang='lat' dir='ltr'><strong>seducentibus,</strong></span> <span class='ocrx_word' id='word_1_451' title='bbox 3534 2234 3663 2276; x_wconf 87' lang='lat' dir='ltr'><strong>sus-</strong></span> 
     </span>
    </p>
   </div>
   <div class='ocr_carea' id='block_1_67' title="bbox 2074 2316 2333 2388">
    <p class='ocr_par' dir='ltr' id='par_1_67' title="bbox 2074 2316 2333 2388">
     <span class='ocr_line' id='line_1_67' title="bbox 2074 2316 2333 2388; baseline -0.023 -14"><span class='ocrx_word' id='word_1_452' title='bbox 2074 2316 2333 2388; x_wconf 81' lang='lat' dir='ltr'><strong>cipicbat.</strong></span> 
     </span>
    </p>
   </div>
   <div class='ocr_carea' id='block_1_68' title="bbox 2144 2403 3660 2485">
    <p class='ocr_par' dir='ltr' id='par_1_68' title="bbox 2144 2403 3660 2485">
     <span class='ocr_line' id='line_1_68' title="bbox 2144 2403 3660 2485; baseline -0.005 -19"><span class='ocrx_word' id='word_1_453' title='bbox 2144 2406 2285 2466; x_wconf 76' lang='lat' dir='ltr'><strong>Tum</strong></span> <span class='ocrx_word' id='word_1_454' title='bbox 2316 2424 2448 2483; x_wconf 83' lang='lat' dir='ltr'><strong>vero</strong></span> <span class='ocrx_word' id='word_1_455' title='bbox 2474 2407 2753 2485; x_wconf 86' lang='lat' dir='ltr'><strong>meditatio</strong></span> <span class='ocrx_word' id='word_1_456' title='bbox 2784 2408 3006 2464; x_wconf 83' lang='lat' dir='ltr'><strong>robusta</strong></span> <span class='ocrx_word' id='word_1_457' title='bbox 3061 2407 3341 2479; x_wconf 78' lang='lat' dir='ltr'><strong>iugisque.</strong></span> <span class='ocrx_word' id='word_1_458' title='bbox 3383 2403 3660 2459; x_wconf 79' lang='lat' dir='ltr'><strong>Mcditatio</strong></span> 
     </span>
    </p>
   </div>
   <div class='ocr_carea' id='block_1_69' title="bbox 2075 2488 3659 2571">
    <p class='ocr_par' dir='ltr' id='par_1_69' title="bbox 2075 2488 3659 2571">
     <span class='ocr_line' id='line_1_69' title="bbox 2075 2488 3659 2571; baseline -0.005 -12"><span class='ocrx_word' id='word_1_459' title='bbox 2075 2516 2358 2559; x_wconf 81' lang='lat' dir='ltr'><strong>sacrorum</strong></span> <span class='ocrx_word' id='word_1_460' title='bbox 2387 2488 2626 2571; x_wconf 85' lang='lat' dir='ltr'><strong>Spiritus</strong></span> <span class='ocrx_word' id='word_1_461' title='bbox 2665 2502 3029 2570; x_wconf 83' lang='lat' dir='ltr'><strong>eloquiorum.</strong></span> <span class='ocrx_word' id='word_1_462' title='bbox 3073 2517 3196 2569; x_wconf 76' lang='lat' dir='ltr'><strong>qua:</strong></span> <span class='ocrx_word' id='word_1_463' title='bbox 3231 2499 3431 2554; x_wconf 89' lang='lat' dir='ltr'><strong>nedum</strong></span> <span class='ocrx_word' id='word_1_464' title='bbox 3474 2496 3659 2565; x_wconf 88' lang='lat' dir='ltr'><strong>labiis,</strong></span> 
     </span>
    </p>
   </div>
   <div class='ocr_carea' id='block_1_70' title="bbox 2074 2590 3661 2667">
    <p class='ocr_par' dir='ltr' id='par_1_70' title="bbox 2074 2590 3661 2667">
     <span class='ocr_line' id='line_1_70' title="bbox 2074 2590 3661 2667; baseline -0.002 -18"><span class='ocrx_word' id='word_1_465' title='bbox 2074 2593 2168 2650; x_wconf 84' lang='lat' dir='ltr'><strong>sed</strong></span> <span class='ocrx_word' id='word_1_466' title='bbox 2195 2603 2253 2667; x_wconf 86' lang='lat' dir='ltr'><strong>et</strong></span> <span class='ocrx_word' id='word_1_467' title='bbox 2277 2592 2445 2649; x_wconf 82' lang='lat' dir='ltr'><strong>corde</strong></span> <span class='ocrx_word' id='word_1_468' title='bbox 2469 2608 2596 2648; x_wconf 88' lang='lat' dir='ltr'><strong>vere</strong></span> <span class='ocrx_word' id='word_1_469' title='bbox 2621 2596 2677 2647; x_wconf 92' lang='lat' dir='ltr'><strong>in</strong></span> <span class='ocrx_word' id='word_1_470' title='bbox 2699 2592 2971 2665; x_wconf 67' lang='lat' dir='ltr'><strong>‘mystcrio</strong></span> <span class='ocrx_word' id='word_1_471' title='bbox 3001 2590 3351 2663; x_wconf 81' lang='lat' dir='ltr'><strong>proferantur</strong></span> <span class='ocrx_word' id='word_1_472' title='bbox 3378 2606 3395 2657; x_wconf 90' lang='lat'><strong>;</strong></span> <span class='ocrx_word' id='word_1_473' title='bbox 3428 2604 3661 2660; x_wconf 78' lang='lat' dir='ltr'><strong>eamque</strong></span> 
     </span>
    </p>
   </div>
   <div class='ocr_carea' id='block_1_71' title="bbox 2071 2681 3663 2757">
    <p class='ocr_par' dir='ltr' id='par_1_71' title="bbox 2071 2681 3663 2757">
     <span class='ocr_line' id='line_1_71' title="bbox 2071 2681 3663 2757; baseline -0.001 -18"><span class='ocrx_word' id='word_1_474' title='bbox 2071 2687 2247 2757; x_wconf 86' lang='lat' dir='ltr'><strong>plane</strong></span> <span class='ocrx_word' id='word_1_475' title='bbox 2281 2686 2352 2741; x_wconf 92' lang='lat' dir='ltr'><strong>ob</strong></span> <span class='ocrx_word' id='word_1_476' title='bbox 2387 2698 2659 2750; x_wconf 87' lang='lat' dir='ltr'><strong>rem,non</strong></span> <span class='ocrx_word' id='word_1_477' title='bbox 2702 2694 3027 2749; x_wconf 85' lang='lat' dir='ltr'><strong>atramento,</strong></span> <span class='ocrx_word' id='word_1_478' title='bbox 3074 2685 3169 2745; x_wconf 86' lang='lat' dir='ltr'><strong>sed</strong></span> <span class='ocrx_word' id='word_1_479' title='bbox 3216 2682 3419 2753; x_wconf 82' lang='lat' dir='ltr'><strong>Spiritu</strong></span> <span class='ocrx_word' id='word_1_480' title='bbox 3471 2681 3663 2737; x_wconf 84' lang='lat' dir='ltr'><strong>animo</strong></span> 
     </span>
    </p>
   </div>
   <div class='ocr_carea' id='block_1_72' title="bbox 2072 2777 3658 2855">
    <p class='ocr_par' dir='ltr' id='par_1_72' title="bbox 2072 2777 3658 2855">
     <span class='ocr_line' id='line_1_72' title="bbox 2072 2777 3658 2855; baseline -0.003 -20"><span class='ocrx_word' id='word_1_481' title='bbox 2072 2779 2463 2835; x_wconf 87' lang='lat' dir='ltr'><strong>inscribantur.</strong></span> <span class='ocrx_word' id='word_1_482' title='bbox 2488 2778 2747 2834; x_wconf 80' lang='lat' dir='ltr'><strong>Prerandi</strong></span> <span class='ocrx_word' id='word_1_483' title='bbox 2776 2789 2958 2834; x_wconf 88' lang='lat' dir='ltr'><strong>autem</strong></span> <span class='ocrx_word' id='word_1_484' title='bbox 2983 2778 3223 2833; x_wconf 88' lang='lat' dir='ltr'><strong>studium</strong></span> <span class='ocrx_word' id='word_1_485' title='bbox 3259 2777 3443 2847; x_wconf 70' lang='lat' dir='ltr'><strong>iugale</strong></span> <span class='ocrx_word' id='word_1_486' title='bbox 3462 2788 3658 2855; x_wconf 78' lang='lat' dir='ltr'><strong>nactus</strong></span> 
     </span>
    </p>
   </div>
   <div class='ocr_carea' id='block_1_73' title="bbox 2072 2869 3656 2937">
    <p class='ocr_par' dir='ltr' id='par_1_73' title="bbox 2072 2869 3656 2937">
     <span class='ocr_line' id='line_1_73' title="bbox 2072 2869 3656 2937; baseline -0.002 -11"><span class='ocrx_word' id='word_1_487' title='bbox 2072 2874 2431 2937; x_wconf 87' lang='lat' dir='ltr'><strong>meditationi,</strong></span> <span class='ocrx_word' id='word_1_488' title='bbox 2470 2872 2803 2928; x_wconf 82' lang='lat' dir='ltr'><strong>indivulsum</strong></span> <span class='ocrx_word' id='word_1_489' title='bbox 2855 2889 2885 2927; x_wconf 89' lang='lat' dir='ltr'><strong>a</strong></span> <span class='ocrx_word' id='word_1_490' title='bbox 2914 2871 3024 2927; x_wconf 89' lang='lat' dir='ltr'><strong>Deo</strong></span> <span class='ocrx_word' id='word_1_491' title='bbox 3064 2872 3307 2926; x_wconf 89' lang='lat' dir='ltr'><strong>animum</strong></span> <span class='ocrx_word' id='word_1_492' title='bbox 3353 2869 3656 2925; x_wconf 79' lang='lat' dir='ltr'><strong>obtinebat.</strong></span> 
     </span>
    </p>
   </div>
   <div class='ocr_carea' id='block_1_74' title="bbox 2071 2964 3651 3039">
    <p class='ocr_par' dir='ltr' id='par_1_74' title="bbox 2071 2964 3651 3039">
     <span class='ocr_line' id='line_1_74' title="bbox 2071 2964 3651 3039; baseline -0.005 -15"><span class='ocrx_word' id='word_1_493' title='bbox 2071 2968 2541 3036; x_wconf 77' lang='lat' dir='ltr'><strong>Quemadmodum</strong></span> <span class='ocrx_word' id='word_1_494' title='bbox 2574 2966 2718 3023; x_wconf 88' lang='lat' dir='ltr'><strong>enim</strong></span> <span class='ocrx_word' id='word_1_495' title='bbox 2755 2982 2955 3039; x_wconf 83' lang='lat' dir='ltr'><strong>corpus</strong></span> <span class='ocrx_word' id='word_1_496' title='bbox 2984 2965 3297 3021; x_wconf 76' lang='lat' dir='ltr'><strong>solitudinis</strong></span> <span class='ocrx_word' id='word_1_497' title='bbox 3327 2964 3500 3023; x_wconf 87' lang='lat' dir='ltr'><strong>cultu.</strong></span> <span class='ocrx_word' id='word_1_498' title='bbox 3529 2964 3651 3016; x_wconf 89' lang='lat' dir='ltr'><strong>ani-</strong></span> 
     </span>
    </p>
   </div>
   <div class='ocr_carea' id='block_1_75' title="bbox 2079 3054 3654 3129">
    <p class='ocr_par' dir='ltr' id='par_1_75' title="bbox 2079 3054 3654 3129">
     <span class='ocr_line' id='line_1_75' title="bbox 2079 3054 3654 3129; baseline -0.004 -15"><span class='ocrx_word' id='word_1_499' title='bbox 2079 3076 2338 3129; x_wconf 88' lang='lat' dir='ltr'><strong>mumque</strong></span> <span class='ocrx_word' id='word_1_500' title='bbox 2368 3057 2734 3115; x_wconf 74' lang='lat' dir='ltr'><strong>meditat’onis</strong></span> <span class='ocrx_word' id='word_1_501' title='bbox 2770 3060 2818 3113; x_wconf 74' lang='lat' dir='ltr'><strong>\i</strong></span> <span class='ocrx_word' id='word_1_502' title='bbox 2851 3074 3175 3114; x_wconf 86' lang='lat' dir='ltr'><strong>consecrare</strong></span> <span class='ocrx_word' id='word_1_503' title='bbox 3208 3056 3316 3110; x_wconf 85' lang='lat' dir='ltr'><strong>Deo</strong></span> <span class='ocrx_word' id='word_1_504' title='bbox 3352 3054 3654 3127; x_wconf 80' lang='lat' dir='ltr'><strong>satagebat,</strong></span> 
     </span>
    </p>
   </div>
   <div class='ocr_carea' id='block_1_76' title="bbox 2070 3148 3653 3222">
    <p class='ocr_par' dir='ltr' id='par_1_76' title="bbox 2070 3148 3653 3222">
     <span class='ocr_line' id='line_1_76' title="bbox 2070 3148 3653 3222; baseline -0.003 -15"><span class='ocrx_word' id='word_1_505' title='bbox 2070 3156 2150 3207; x_wconf 89' lang='lat' dir='ltr'><strong>sic</strong></span> <span class='ocrx_word' id='word_1_506' title='bbox 2176 3153 2358 3221; x_wconf 78' lang='lat' dir='ltr'><strong>utiun</strong></span> <span class='ocrx_word' id='word_1_507' title='bbox 2396 3154 2561 3206; x_wconf 71' lang='lat' dir='ltr'><strong>etiam</strong></span> <span class='ocrx_word' id='word_1_508' title='bbox 2609 3160 2841 3206; x_wconf 83' lang='lat' dir='ltr'><strong>mentem</strong></span> <span class='ocrx_word' id='word_1_509' title='bbox 2888 3150 3113 3222; x_wconf 78' lang='lat' dir='ltr'><strong>jugibus</strong></span> <span class='ocrx_word' id='word_1_510' title='bbox 3160 3148 3653 3219; x_wconf 84' lang='lat' dir='ltr'><strong>supplicationibus</strong></span> 
     </span>
    </p>
   </div>
   <div class='ocr_carea' id='block_1_77' title="bbox 2072 3245 2892 3315">
    <p class='ocr_par' dir='ltr' id='par_1_77' title="bbox 2072 3245 2892 3315">
     <span class='ocr_line' id='line_1_77' title="bbox 2072 3245 2892 3315; baseline 0.001 -17"><span class='ocrx_word' id='word_1_511' title='bbox 2072 3246 2283 3300; x_wconf 85' lang='lat' dir='ltr'><strong>instans</strong></span> <span class='ocrx_word' id='word_1_512' title='bbox 2323 3245 2547 3315; x_wconf 76' lang='lat' dir='ltr'><strong>Spiritui</strong></span> <span class='ocrx_word' id='word_1_513' title='bbox 2582 3245 2892 3311; x_wconf 85' lang='lat' dir='ltr'><strong>eopulahat.</strong></span> 
     </span>
    </p>
   </div>
   <div class='ocr_carea' id='block_1_78' title="bbox 2139 3332 3655 3399">
    <p class='ocr_par' dir='ltr' id='par_1_78' title="bbox 2139 3332 3655 3399">
     <span class='ocr_line' id='line_1_78' title="bbox 2139 3332 3655 3399; baseline -0.002 -9"><span class='ocrx_word' id='word_1_514' title='bbox 2139 3336 2274 3390; x_wconf 86' lang='lat' dir='ltr'><strong>Cum</strong></span> <span class='ocrx_word' id='word_1_515' title='bbox 2310 3343 2491 3389; x_wconf 86' lang='lat' dir='ltr'><strong>autem</strong></span> <span class='ocrx_word' id='word_1_516' title='bbox 2522 3335 2576 3390; x_wconf 91' lang='lat' dir='ltr'><strong>in</strong></span> <span class='ocrx_word' id='word_1_517' title='bbox 2608 3335 2692 3389; x_wconf 88' lang='lat' dir='ltr'><strong>his</strong></span> <span class='ocrx_word' id='word_1_518' title='bbox 2721 3335 2920 3399; x_wconf 90' lang='lat' dir='ltr'><strong>tribus,</strong></span> <span class='ocrx_word' id='word_1_519' title='bbox 2954 3334 3162 3390; x_wconf 88' lang='lat' dir='ltr'><strong>ratione</strong></span> <span class='ocrx_word' id='word_1_520' title='bbox 3192 3332 3422 3398; x_wconf 85' lang='lat' dir='ltr'><strong>scilicet,</strong></span> <span class='ocrx_word' id='word_1_521' title='bbox 3458 3332 3558 3396; x_wconf 87' lang='lat' dir='ltr'><strong>ira,</strong></span> <span class='ocrx_word' id='word_1_522' title='bbox 3588 3346 3655 3387; x_wconf 87' lang='lat' dir='ltr'><strong>ac</strong></span> 
     </span>
    </p>
   </div>
   <div class='ocr_carea' id='block_1_79' title="bbox 2066 3425 3653 3501">
    <p class='ocr_par' dir='ltr' id='par_1_79' title="bbox 2066 3425 3653 3501">
     <span class='ocr_line' id='line_1_79' title="bbox 2066 3425 3653 3501; baseline -0.002 -20"><span class='ocrx_word' id='word_1_523' title='bbox 2066 3426 2387 3498; x_wconf 88' lang='lat' dir='ltr'><strong>cupiditate.</strong></span> <span class='ocrx_word' id='word_1_524' title='bbox 2419 3427 2657 3483; x_wconf 87' lang='lat' dir='ltr'><strong>hominis</strong></span> <span class='ocrx_word' id='word_1_525' title='bbox 2683 3435 2829 3483; x_wconf 90' lang='lat' dir='ltr'><strong>totus</strong></span> <span class='ocrx_word' id='word_1_526' title='bbox 2858 3429 3078 3501; x_wconf 84' lang='lat' dir='ltr'><strong>animus</strong></span> <span class='ocrx_word' id='word_1_527' title='bbox 3108 3425 3529 3492; x_wconf 86' lang='lat' dir='ltr'><strong>consideretur;</strong></span> <span class='ocrx_word' id='word_1_528' title='bbox 3565 3431 3653 3479; x_wconf 83' lang='lat' dir='ltr'><strong>at-</strong></span> 
     </span>
    </p>
   </div>
   <div class='ocr_carea' id='block_1_80' title="bbox 2064 3518 3650 3591">
    <p class='ocr_par' dir='ltr' id='par_1_80' title="bbox 2064 3518 3650 3591">
     <span class='ocr_line' id='line_1_80' title="bbox 2064 3518 3650 3591; baseline -0.002 -18"><span class='ocrx_word' id='word_1_529' title='bbox 2064 3536 2171 3591; x_wconf 89' lang='lat' dir='ltr'><strong>quc</strong></span> <span class='ocrx_word' id='word_1_530' title='bbox 2205 3519 2269 3573; x_wconf 79' lang='lat' dir='ltr'><strong>ad</strong></span> <span class='ocrx_word' id='word_1_531' title='bbox 2321 3520 2583 3575; x_wconf 87' lang='lat' dir='ltr'><strong>rationem</strong></span> <span class='ocrx_word' id='word_1_532' title='bbox 2625 3518 2865 3590; x_wconf 86' lang='lat' dir='ltr'><strong>quidem,</strong></span> <span class='ocrx_word' id='word_1_533' title='bbox 2912 3529 3171 3589; x_wconf 87' lang='lat' dir='ltr'><strong>tanquam</strong></span> <span class='ocrx_word' id='word_1_534' title='bbox 3205 3518 3650 3589; x_wconf 82' lang='lat' dir='ltr'><strong>augustissimam</strong></span> 
     </span>
    </p>
   </div>
   <div class='ocr_carea' id='block_1_81' title="bbox 2056 3598 3651 3684">
    <p class='ocr_par' dir='ltr' id='par_1_81' title="bbox 2056 3598 3651 3684">
     <span class='ocr_line' id='line_1_81' title="bbox 2056 3598 3651 3684; baseline -0.001 -19"><span class='ocrx_word' id='word_1_535' title='bbox 2056 3620 2271 3684; x_wconf 86' lang='lat' dir='ltr'><strong>spectet</strong></span> <span class='ocrx_word' id='word_1_536' title='bbox 2296 3620 2356 3667; x_wconf 93' lang='lat' dir='ltr'><strong>ut</strong></span> <span class='ocrx_word' id='word_1_537' title='bbox 2391 3598 2575 3683; x_wconf 60' lang='lat' dir='ltr'><strong>praesit</strong></span> <span class='ocrx_word' id='word_1_538' title='bbox 2628 3628 2694 3667; x_wconf 88' lang='lat' dir='ltr'><strong>ac</strong></span> <span class='ocrx_word' id='word_1_539' title='bbox 2739 3608 3073 3675; x_wconf 86' lang='lat' dir='ltr'><strong>dominetur,</strong></span> <span class='ocrx_word' id='word_1_540' title='bbox 3125 3609 3193 3666; x_wconf 85' lang='lat' dir='ltr'><strong>ad</strong></span> <span class='ocrx_word' id='word_1_541' title='bbox 3234 3611 3471 3681; x_wconf 88' lang='lat' dir='ltr'><strong>reliquas</strong></span> <span class='ocrx_word' id='word_1_542' title='bbox 3501 3625 3651 3673; x_wconf 87' lang='lat' dir='ltr'><strong>vero,</strong></span> 
     </span>
    </p>
   </div>
   <div class='ocr_carea' id='block_1_82' title="bbox 2062 3700 3651 3774">
    <p class='ocr_par' dir='ltr' id='par_1_82' title="bbox 2062 3700 3651 3774">
     <span class='ocr_line' id='line_1_82' title="bbox 2062 3700 3651 3774; baseline -0.003 -16"><span class='ocrx_word' id='word_1_543' title='bbox 2062 3713 2123 3758; x_wconf 90' lang='lat' dir='ltr'><strong>ut</strong></span> <span class='ocrx_word' id='word_1_544' title='bbox 2163 3703 2290 3758; x_wconf 87' lang='lat' dir='ltr'><strong>huic</strong></span> <span class='ocrx_word' id='word_1_545' title='bbox 2327 3704 2457 3773; x_wconf 91' lang='lat' dir='ltr'><strong>ipsa</strong></span> <span class='ocrx_word' id='word_1_546' title='bbox 2487 3712 2730 3774; x_wconf 82' lang='lat' dir='ltr'><strong>pareant,</strong></span> <span class='ocrx_word' id='word_1_547' title='bbox 2782 3712 2945 3773; x_wconf 89' lang='lat' dir='ltr'><strong>atque</strong></span> <span class='ocrx_word' id='word_1_548' title='bbox 2979 3703 3048 3756; x_wconf 91' lang='lat' dir='ltr'><strong>ab</strong></span> <span class='ocrx_word' id='word_1_549' title='bbox 3083 3715 3148 3755; x_wconf 87' lang='lat' dir='ltr'><strong>ea</strong></span> <span class='ocrx_word' id='word_1_550' title='bbox 3200 3712 3460 3771; x_wconf 83' lang='lat' dir='ltr'><strong>regantur</strong></span> <span class='ocrx_word' id='word_1_551' title='bbox 3508 3700 3651 3771; x_wconf 74' lang='lat' dir='ltr'><strong>(lure</strong></span> 
     </span>
    </p>
   </div>
   <div class='ocr_carea' id='block_1_83' title="bbox 2061 3778 3651 3865">
    <p class='ocr_par' dir='ltr' id='par_1_83' title="bbox 2061 3778 3651 3865">
     <span class='ocr_line' id='line_1_83' title="bbox 2061 3778 3651 3865; baseline -0.003 -15"><span class='ocrx_word' id='word_1_552' title='bbox 2061 3794 2207 3850; x_wconf 90' lang='lat' dir='ltr'><strong>enim</strong></span> <span class='ocrx_word' id='word_1_553' title='bbox 2231 3793 2332 3849; x_wconf 88' lang='lat' dir='ltr'><strong>viri</strong></span> <span class='ocrx_word' id='word_1_554' title='bbox 2364 3794 2625 3864; x_wconf 83' lang='lat' dir='ltr'><strong>perfectio</strong></span> <span class='ocrx_word' id='word_1_555' title='bbox 2649 3791 2765 3865; x_wconf 89' lang='lat' dir='ltr'><strong>est)</strong></span> <span class='ocrx_word' id='word_1_556' title='bbox 2797 3793 3000 3848; x_wconf 86' lang='lat' dir='ltr'><strong>virtute</strong></span> <span class='ocrx_word' id='word_1_557' title='bbox 3031 3778 3353 3863; x_wconf 85' lang='lat' dir='ltr'><strong>perfunctus</strong></span> <span class='ocrx_word' id='word_1_558' title='bbox 3384 3807 3508 3862; x_wconf 66' lang='lat' dir='ltr'><strong>quae</strong></span> <span class='ocrx_word' id='word_1_559' title='bbox 3533 3791 3651 3846; x_wconf 81' lang='lat' dir='ltr'><strong>cui-</strong></span> 
     </span>
    </p>
   </div>
   <div class='ocr_carea' id='block_1_84' title="bbox 2060 3883 3650 3959">
    <p class='ocr_par' dir='ltr' id='par_1_84' title="bbox 2060 3883 3650 3959">
     <span class='ocr_line' id='line_1_84' title="bbox 2060 3883 3650 3959; baseline 0 -19"><span class='ocrx_word' id='word_1_560' title='bbox 2060 3903 2168 3959; x_wconf 87' lang='lat' dir='ltr'><strong>que</strong></span> <span class='ocrx_word' id='word_1_561' title='bbox 2200 3888 2366 3942; x_wconf 92' lang='lat' dir='ltr'><strong>animi</strong></span> <span class='ocrx_word' id='word_1_562' title='bbox 2398 3886 2534 3957; x_wconf 86' lang='lat' dir='ltr'><strong>parti</strong></span> <span class='ocrx_word' id='word_1_563' title='bbox 2570 3887 2799 3958; x_wconf 85' lang='lat' dir='ltr'><strong>aptasit</strong></span> <span class='ocrx_word' id='word_1_564' title='bbox 2860 3901 2925 3941; x_wconf 86' lang='lat' dir='ltr'><strong>ac</strong></span> <span class='ocrx_word' id='word_1_565' title='bbox 2958 3885 3284 3940; x_wconf 80' lang='lat' dir='ltr'><strong>conveniens</strong></span> <span class='ocrx_word' id='word_1_566' title='bbox 3315 3901 3330 3951; x_wconf 88' lang='lat'><strong>;</strong></span> <span class='ocrx_word' id='word_1_567' title='bbox 3363 3885 3529 3955; x_wconf 89' lang='lat' dir='ltr'><strong>inque</strong></span> <span class='ocrx_word' id='word_1_568' title='bbox 3566 3883 3650 3940; x_wconf 91' lang='lat' dir='ltr'><strong>his</strong></span> 
     </span>
    </p>
   </div>
   <div class='ocr_carea' id='block_1_85' title="bbox 2060 3965 3649 4049">
    <p class='ocr_par' dir='ltr' id='par_1_85' title="bbox 2060 3965 3649 4049">
     <span class='ocr_line' id='line_1_85' title="bbox 2060 3965 3649 4049; baseline -0.003 -14"><span class='ocrx_word' id='word_1_569' title='bbox 2060 3965 2274 4035; x_wconf 81' lang='lat' dir='ltr'><strong>summa</strong></span> <span class='ocrx_word' id='word_1_570' title='bbox 2292 3980 2375 4034; x_wconf 89' lang='lat' dir='ltr'><strong>vir</strong></span> <span class='ocrx_word' id='word_1_571' title='bbox 2401 3986 2626 4049; x_wconf 80' lang='lat' dir='ltr'><strong>magnus</strong></span> <span class='ocrx_word' id='word_1_572' title='bbox 2650 3978 2991 4049; x_wconf 87' lang='lat' dir='ltr'><strong>philosophia</strong></span> <span class='ocrx_word' id='word_1_573' title='bbox 3020 3985 3317 4047; x_wconf 77' lang='lat' dir='ltr'><strong>spectatus,</strong></span> <span class='ocrx_word' id='word_1_574' title='bbox 3337 3987 3649 4046; x_wconf 84' lang='lat' dir='ltr'><strong>temperan-</strong></span> 
     </span>
    </p>
   </div>
   <div class='ocr_carea' id='block_1_86' title="bbox 2062 4066 3641 4139">
    <p class='ocr_par' dir='ltr' id='par_1_86' title="bbox 2062 4066 3641 4139">
     <span class='ocr_line' id='line_1_86' title="bbox 2062 4066 3641 4139; baseline -0.001 -17"><span class='ocrx_word' id='word_1_575' title='bbox 2062 4072 2188 4123; x_wconf 87' lang='lat' dir='ltr'><strong>tiam</strong></span> <span class='ocrx_word' id='word_1_576' title='bbox 2216 4071 2433 4139; x_wconf 84' lang='lat' dir='ltr'><strong>quidem</strong></span> <span class='ocrx_word' id='word_1_577' title='bbox 2462 4068 2745 4139; x_wconf 89' lang='lat' dir='ltr'><strong>cupiditati</strong></span> <span class='ocrx_word' id='word_1_578' title='bbox 2780 4066 3022 4137; x_wconf 65' lang='lat' dir='ltr'><strong>prtelicit,</strong></span> <span class='ocrx_word' id='word_1_579' title='bbox 3054 4082 3176 4137; x_wconf 72' lang='lat' dir='ltr'><strong>qua:</strong></span> <span class='ocrx_word' id='word_1_580' title='bbox 3200 4066 3410 4127; x_wconf 87' lang='lat' dir='ltr'><strong>scilicet</strong></span> <span class='ocrx_word' id='word_1_581' title='bbox 3439 4066 3641 4121; x_wconf 89' lang='lat' dir='ltr'><strong>nedum</strong></span> 
     </span>
    </p>
   </div>
   <div class='ocr_carea' id='block_1_87' title="bbox 2058 4160 3648 4230">
    <p class='ocr_par' dir='ltr' id='par_1_87' title="bbox 2058 4160 3648 4230">
     <span class='ocr_line' id='line_1_87' title="bbox 2058 4160 3648 4230; baseline -0.003 -13"><span class='ocrx_word' id='word_1_582' title='bbox 2058 4164 2355 4218; x_wconf 84' lang='lat' dir='ltr'><strong>necessarii</strong></span> <span class='ocrx_word' id='word_1_583' title='bbox 2387 4163 2515 4227; x_wconf 89' lang='lat' dir='ltr'><strong>cibi,</strong></span> <span class='ocrx_word' id='word_1_584' title='bbox 2560 4160 2849 4230; x_wconf 86' lang='lat' dir='ltr'><strong>somnique</strong></span> <span class='ocrx_word' id='word_1_585' title='bbox 2882 4168 3087 4230; x_wconf 86' lang='lat' dir='ltr'><strong>partem</strong></span> <span class='ocrx_word' id='word_1_586' title='bbox 3117 4161 3409 4213; x_wconf 78' lang='lat' dir='ltr'><strong>maximam</strong></span> <span class='ocrx_word' id='word_1_587' title='bbox 3450 4174 3648 4229; x_wconf 89' lang='lat' dir='ltr'><strong>ampu-</strong></span> 
     </span>
    </p>
   </div>
   <div class='ocr_carea' id='block_1_88' title="bbox 2057 4252 3647 4322">
    <p class='ocr_par' dir='ltr' id='par_1_88' title="bbox 2057 4252 3647 4322">
     <span class='ocr_line' id='line_1_88' title="bbox 2057 4252 3647 4322; baseline -0.001 -12"><span class='ocrx_word' id='word_1_588' title='bbox 2057 4264 2215 4319; x_wconf 86' lang='lat' dir='ltr'><strong>taret,</strong></span> <span class='ocrx_word' id='word_1_589' title='bbox 2239 4256 2332 4310; x_wconf 87' lang='lat' dir='ltr'><strong>sed</strong></span> <span class='ocrx_word' id='word_1_590' title='bbox 2373 4266 2426 4309; x_wconf 89' lang='lat' dir='ltr'><strong>et</strong></span> <span class='ocrx_word' id='word_1_591' title='bbox 2452 4256 2663 4310; x_wconf 88' lang='lat' dir='ltr'><strong>cunctis</strong></span> <span class='ocrx_word' id='word_1_592' title='bbox 2682 4254 2934 4309; x_wconf 87' lang='lat' dir='ltr'><strong>sensibus</strong></span> <span class='ocrx_word' id='word_1_593' title='bbox 2962 4254 3152 4308; x_wconf 85' lang='lat' dir='ltr'><strong>modos</strong></span> <span class='ocrx_word' id='word_1_594' title='bbox 3203 4252 3530 4322; x_wconf 75' lang='lat' dir='ltr'><strong>regalesque</strong></span> <span class='ocrx_word' id='word_1_595' title='bbox 3550 4254 3647 4308; x_wconf 89' lang='lat' dir='ltr'><strong>de-</strong></span> 
     </span>
    </p>
   </div>
   <div class='ocr_carea' id='block_1_89' title="bbox 2057 4338 3644 4420">
    <p class='ocr_par' dir='ltr' id='par_1_89' title="bbox 2057 4338 3644 4420">
     <span class='ocr_line' id='line_1_89' title="bbox 2057 4338 3644 4420; baseline -0.003 -16"><span class='ocrx_word' id='word_1_596' title='bbox 2057 4348 2279 4413; x_wconf 85' lang='lat' dir='ltr'><strong>finiret;</strong></span> <span class='ocrx_word' id='word_1_597' title='bbox 2328 4338 2753 4420; x_wconf 87' lang='lat' dir='ltr'><strong>pulchritudinis</strong></span> <span class='ocrx_word' id='word_1_598' title='bbox 2822 4362 2887 4402; x_wconf 88' lang='lat' dir='ltr'><strong>ac</strong></span> <span class='ocrx_word' id='word_1_599' title='bbox 2941 4346 3129 4401; x_wconf 77' lang='lat' dir='ltr'><strong>formae</strong></span> <span class='ocrx_word' id='word_1_600' title='bbox 3177 4345 3485 4415; x_wconf 81' lang='lat' dir='ltr'><strong>cupidinem</strong></span> <span class='ocrx_word' id='word_1_601' title='bbox 3527 4359 3644 4399; x_wconf 90' lang='lat' dir='ltr'><strong>om-</strong></span> 
     </span>
    </p>
   </div>
   <div class='ocr_carea' id='block_1_90' title="bbox 2057 4434 3645 4507">
    <p class='ocr_par' dir='ltr' id='par_1_90' title="bbox 2057 4434 3645 4507">
     <span class='ocr_line' id='line_1_90' title="bbox 2057 4434 3645 4507; baseline -0.003 -12"><span class='ocrx_word' id='word_1_602' title='bbox 2057 4454 2183 4497; x_wconf 90' lang='lat' dir='ltr'><strong>nem</strong></span> <span class='ocrx_word' id='word_1_603' title='bbox 2217 4439 2483 4501; x_wconf 87' lang='lat' dir='ltr'><strong>aboleret,</strong></span> <span class='ocrx_word' id='word_1_604' title='bbox 2511 4452 2783 4507; x_wconf 87' lang='lat' dir='ltr'><strong>omneque</strong></span> <span class='ocrx_word' id='word_1_605' title='bbox 2816 4452 2998 4490; x_wconf 86' lang='lat' dir='ltr'><strong>rerum</strong></span> <span class='ocrx_word' id='word_1_606' title='bbox 3034 4434 3420 4489; x_wconf 88' lang='lat' dir='ltr'><strong>intereuntium</strong></span> <span class='ocrx_word' id='word_1_607' title='bbox 3461 4450 3525 4491; x_wconf 86' lang='lat' dir='ltr'><strong>ac</strong></span> <span class='ocrx_word' id='word_1_608' title='bbox 3550 4450 3645 4490; x_wconf 85' lang='lat' dir='ltr'><strong>ca-</strong></span> 
     </span>
    </p>
   </div>
   <div class='ocr_carea' id='block_1_91' title="bbox 383 4518 3645 4605">
    <p class='ocr_par' dir='ltr' id='par_1_91' title="bbox 383 4518 3645 4605">
     <span class='ocr_line' id='line_1_91' title="bbox 383 4518 3645 4605; baseline 0.003 -32"><span class='ocrx_word' id='word_1_609' title='bbox 383 4518 548 4573; x_wconf 86' lang='lat' dir='ltr'><strong>etiam</strong></span> <span class='ocrx_word' id='word_1_610' title='bbox 566 4519 873 4591; x_wconf 81' lang='lat' dir='ltr'><strong>Gregorius,</strong></span> <span class='ocrx_word' id='word_1_611' title='bbox 898 4528 1077 4581; x_wconf 65' lang='lat' dir='ltr'><strong>saeculi</strong></span> <span class='ocrx_word' id='word_1_612' title='bbox 1111 4529 1286 4582; x_wconf 87' lang='lat' dir='ltr'><strong>turbis</strong></span> <span class='ocrx_word' id='word_1_613' title='bbox 1332 4528 1562 4598; x_wconf 86' lang='lat' dir='ltr'><strong>ejusque</strong></span> <span class='ocrx_word' id='word_1_614' title='bbox 1593 4532 1710 4584; x_wconf 87' lang='lat' dir='ltr'><strong>salu</strong></span> <span class='ocrx_word' id='word_1_615' title='bbox 1740 4530 1951 4601; x_wconf 81' lang='lat' dir='ltr'><strong>placide</strong></span> <span class='ocrx_word' id='word_1_616' title='bbox 1983 4549 2026 4605; x_wconf 78' lang='grc' dir='ltr'>υ</span> <span class='ocrx_word' id='word_1_617' title='bbox 2053 4532 2318 4588; x_wconf 83' lang='lat' dir='ltr'><strong>ducarum</strong></span> <span class='ocrx_word' id='word_1_618' title='bbox 2380 4531 2709 4586; x_wconf 87' lang='lat' dir='ltr'><strong>desiderium</strong></span> <span class='ocrx_word' id='word_1_619' title='bbox 2782 4539 3003 4585; x_wconf 87' lang='lat' dir='ltr'><strong>necaret</strong></span> <span class='ocrx_word' id='word_1_620' title='bbox 3046 4549 3061 4597; x_wconf 88' lang='lat'>;</span> <span class='ocrx_word' id='word_1_621' title='bbox 3119 4529 3427 4584; x_wconf 88' lang='lat' dir='ltr'><strong>membrum</strong></span> <span class='ocrx_word' id='word_1_622' title='bbox 3478 4543 3645 4583; x_wconf 88' lang='lat' dir='ltr'><strong>omne</strong></span> 
     </span>
    </p>
   </div>
   <div class='ocr_carea' id='block_1_92' title="bbox 378 4610 1946 4690">
    <p class='ocr_par' dir='ltr' id='par_1_92' title="bbox 378 4610 1946 4690">
     <span class='ocr_line' id='line_1_92' title="bbox 378 4610 1946 4690; baseline 0.008 -26"><span class='ocrx_word' id='word_1_623' title='bbox 378 4610 537 4682; x_wconf 82' lang='lat' dir='ltr'><strong>prius</strong></span> <span class='ocrx_word' id='word_1_624' title='bbox 558 4613 797 4682; x_wconf 85' lang='lat' dir='ltr'><strong>avulsus,</strong></span> <span class='ocrx_word' id='word_1_625' title='bbox 828 4618 1043 4688; x_wconf 77' lang='lat' dir='ltr'><strong>vitaque</strong></span> <span class='ocrx_word' id='word_1_626' title='bbox 1074 4619 1465 4690; x_wconf 87' lang='lat' dir='ltr'><strong>imperturbata</strong></span> <span class='ocrx_word' id='word_1_627' title='bbox 1518 4631 1678 4690; x_wconf 87' lang='lat' dir='ltr'><strong>atque</strong></span> <span class='ocrx_word' id='word_1_628' title='bbox 1706 4622 1775 4676; x_wconf 87' lang='lat' dir='ltr'><strong>ab</strong></span> <span class='ocrx_word' id='word_1_629' title='bbox 1798 4623 1946 4676; x_wconf 88' lang='lat' dir='ltr'><strong>omni</strong></span> 
     </span>
    </p>
   </div>
   <div class='ocr_carea' id='block_1_93' title="bbox 373 4702 1945 4779">
    <p class='ocr_par' dir='ltr' id='par_1_93' title="bbox 373 4702 1945 4779">
     <span class='ocr_line' id='line_1_93' title="bbox 373 4702 1945 4779; baseline 0.009 -25"><span class='ocrx_word' id='word_1_630' title='bbox 373 4702 662 4771; x_wconf 82' lang='lat' dir='ltr'><strong>pravitatis</strong></span> <span class='ocrx_word' id='word_1_631' title='bbox 689 4709 1014 4763; x_wconf 89' lang='lat' dir='ltr'><strong>commercio</strong></span> <span class='ocrx_word' id='word_1_632' title='bbox 1037 4709 1227 4776; x_wconf 82' lang='lat' dir='ltr'><strong>libera,</strong></span> <span class='ocrx_word' id='word_1_633' title='bbox 1258 4720 1437 4764; x_wconf 82' lang='lat' dir='ltr'><strong>mente</strong></span> <span class='ocrx_word' id='word_1_634' title='bbox 1462 4711 1708 4767; x_wconf 86' lang='lat' dir='ltr'><strong>sublimis</strong></span> <span class='ocrx_word' id='word_1_635' title='bbox 1732 4712 1906 4768; x_wconf 82' lang='lat' dir='ltr'><strong>factus</strong></span> <span class='ocrx_word' id='word_1_636' title='bbox 1929 4728 1945 4779; x_wconf 89' lang='lat'><strong>;</strong></span> 
     </span>
    </p>
   </div>
   <div class='ocr_carea' id='block_1_94' title="bbox 367 4796 1947 4873">
    <p class='ocr_par' dir='ltr' id='par_1_94' title="bbox 367 4796 1947 4873">
     <span class='ocr_line' id='line_1_94' title="bbox 367 4796 1947 4873; baseline 0.007 -25"><span class='ocrx_word' id='word_1_637' title='bbox 367 4808 552 4865; x_wconf 78' lang='lat' dir='ltr'><strong>exque</strong></span> <span class='ocrx_word' id='word_1_638' title='bbox 617 4796 815 4853; x_wconf 88' lang='lat' dir='ltr'><strong>divinis</strong></span> <span class='ocrx_word' id='word_1_639' title='bbox 849 4800 1052 4870; x_wconf 89' lang='lat' dir='ltr'><strong>(quoad</strong></span> <span class='ocrx_word' id='word_1_640' title='bbox 1087 4802 1434 4873; x_wconf 90' lang='lat' dir='ltr'><strong>concessum)</strong></span> <span class='ocrx_word' id='word_1_641' title='bbox 1477 4804 1947 4873; x_wconf 52' lang='lat' dir='ltr'><strong>contemplationi-</strong></span> 
     </span>
    </p>
   </div>
   <div class='ocr_carea' id='block_1_95' title="bbox 368 4882 1945 4966">
    <p class='ocr_par' dir='ltr' id='par_1_95' title="bbox 368 4882 1945 4966">
     <span class='ocr_line' id='line_1_95' title="bbox 368 4882 1945 4966; baseline 0.006 -24"><span class='ocrx_word' id='word_1_642' title='bbox 368 4886 473 4943; x_wconf 87' lang='lat' dir='ltr'><strong>bus</strong></span> <span class='ocrx_word' id='word_1_643' title='bbox 523 4888 724 4945; x_wconf 81' lang='lat' dir='ltr'><strong>deitate</strong></span> <span class='ocrx_word' id='word_1_644' title='bbox 773 4882 1015 4947; x_wconf 85' lang='lat' dir='ltr'><strong>imbutus</strong></span> <span class='ocrx_word' id='word_1_645' title='bbox 1048 4932 1063 4957; x_wconf 90' lang='lat'><strong>,</strong></span> <span class='ocrx_word' id='word_1_646' title='bbox 1123 4894 1322 4949; x_wconf 87' lang='lat' dir='ltr'><strong>nedum</strong></span> <span class='ocrx_word' id='word_1_647' title='bbox 1389 4895 1717 4964; x_wconf 76' lang='lat' dir='ltr'><strong>pmuitentia:</strong></span> <span class='ocrx_word' id='word_1_648' title='bbox 1781 4906 1945 4966; x_wconf 83' lang='lat' dir='ltr'><strong>atque</strong></span> 
     </span>
    </p>
   </div>
   <div class='ocr_carea' id='block_1_96' title="bbox 368 4980 1949 5059">
    <p class='ocr_par' dir='ltr' id='par_1_96' title="bbox 368 4980 1949 5059">
     <span class='ocr_line' id='line_1_96' title="bbox 368 4980 1949 5059; baseline 0.006 -23"><span class='ocrx_word' id='word_1_649' title='bbox 368 4980 715 5050; x_wconf 85' lang='lat' dir='ltr'><strong>baptismatis</strong></span> <span class='ocrx_word' id='word_1_650' title='bbox 743 4984 1058 5041; x_wconf 88' lang='lat' dir='ltr'><strong>hominibus</strong></span> <span class='ocrx_word' id='word_1_651' title='bbox 1090 5003 1286 5057; x_wconf 83' lang='lat' dir='ltr'><strong>praeco,</strong></span> <span class='ocrx_word' id='word_1_652' title='bbox 1321 4989 1412 5043; x_wconf 90' lang='lat' dir='ltr'><strong>sed</strong></span> <span class='ocrx_word' id='word_1_653' title='bbox 1445 5000 1498 5042; x_wconf 85' lang='lat' dir='ltr'><strong>et</strong></span> <span class='ocrx_word' id='word_1_654' title='bbox 1527 4989 1675 5044; x_wconf 90' lang='lat' dir='ltr'><strong>omni</strong></span> <span class='ocrx_word' id='word_1_655' title='bbox 1721 4990 1949 5059; x_wconf 83' lang='lat' dir='ltr'><strong>majoris</strong></span> 
     </span>
    </p>
   </div>
   <div class='ocr_carea' id='block_1_97' title="bbox 365 5072 1948 5153">
    <p class='ocr_par' dir='ltr' id='par_1_97' title="bbox 365 5072 1948 5153">
     <span class='ocr_line' id='line_1_97' title="bbox 365 5072 1948 5153; baseline 0.009 -28"><span class='ocrx_word' id='word_1_656' title='bbox 365 5072 701 5142; x_wconf 84' lang='lat' dir='ltr'><strong>perfectione</strong></span> <span class='ocrx_word' id='word_1_657' title='bbox 758 5078 1287 5151; x_wconf 60' lang='lat' dir='ltr'><strong>absolutissimaaque</strong></span> <span class='ocrx_word' id='word_1_658' title='bbox 1317 5079 1599 5137; x_wconf 78' lang='lat' dir='ltr'><strong>Trinitatis</strong></span> <span class='ocrx_word' id='word_1_659' title='bbox 1636 5084 1893 5153; x_wconf 76' lang='lat' dir='ltr'><strong>magister</strong></span> <span class='ocrx_word' id='word_1_660' title='bbox 1918 5100 1948 5140; x_wconf 91' lang='lat' dir='ltr'><strong>e</strong></span> 
     </span>
    </p>
   </div>
   <div class='ocr_carea' id='block_1_98' title="bbox 366 5162 1947 5243">
    <p class='ocr_par' dir='ltr' id='par_1_98' title="bbox 366 5162 1947 5243">
     <span class='ocr_line' id='line_1_98' title="bbox 366 5162 1947 5243; baseline 0.008 -26"><span class='ocrx_word' id='word_1_661' title='bbox 366 5162 586 5220; x_wconf 84' lang='lat' dir='ltr'><strong>deserto</strong></span> <span class='ocrx_word' id='word_1_662' title='bbox 623 5167 910 5227; x_wconf 90' lang='lat' dir='ltr'><strong>emittitur.</strong></span> <span class='ocrx_word' id='word_1_663' title='bbox 952 5171 1004 5226; x_wconf 90' lang='lat' dir='ltr'><strong>Id</strong></span> <span class='ocrx_word' id='word_1_664' title='bbox 1037 5187 1216 5227; x_wconf 87' lang='lat' dir='ltr'><strong>autem</strong></span> <span class='ocrx_word' id='word_1_665' title='bbox 1239 5170 1436 5228; x_wconf 80' lang='lat' dir='ltr'><strong>oratio</strong></span> <span class='ocrx_word' id='word_1_666' title='bbox 1469 5188 1726 5243; x_wconf 87' lang='lat' dir='ltr'><strong>processu</strong></span> <span class='ocrx_word' id='word_1_667' title='bbox 1766 5174 1947 5229; x_wconf 85' lang='lat' dir='ltr'><strong>decla-</strong></span> 
     </span>
    </p>
   </div>
   <div class='ocr_carea' id='block_1_99' title="bbox 372 5256 1701 5313">
    <p class='ocr_par' dir='ltr' id='par_1_99' title="bbox 372 5256 1701 5313">
     <span class='ocr_line' id='line_1_99' title="bbox 372 5256 1701 5313; baseline 0.002 -3"><span class='ocrx_word' id='word_1_668' title='bbox 372 5256 534 5313; x_wconf 88' lang='lat' dir='ltr'><strong>rabit.</strong></span> <span class='ocrx_word' id='word_1_669' title='bbox 1698 5284 1701 5285; x_wconf 52' lang='grc' dir='ltr'><em>ν</em></span> 
     </span>
    </p>
   </div>
   <div class='ocr_carea' id='block_1_100' title="bbox 445 5349 1943 5429">
    <p class='ocr_par' dir='ltr' id='par_1_100' title="bbox 445 5349 1943 5429">
     <span class='ocr_line' id='line_1_100' title="bbox 445 5349 1943 5429; baseline 0.007 -24"><span class='ocrx_word' id='word_1_670' title='bbox 445 5349 653 5408; x_wconf 85' lang='lat' dir='ltr'><strong>Etenim</strong></span> <span class='ocrx_word' id='word_1_671' title='bbox 692 5370 948 5427; x_wconf 79' lang='lat' dir='ltr'><strong>magnum</strong></span> <span class='ocrx_word' id='word_1_672' title='bbox 980 5358 1199 5429; x_wconf 87' lang='lat' dir='ltr'><strong>quidem</strong></span> <span class='ocrx_word' id='word_1_673' title='bbox 1234 5359 1515 5426; x_wconf 84' lang='lat' dir='ltr'><strong>Basilium,</strong></span> <span class='ocrx_word' id='word_1_674' title='bbox 1548 5360 1623 5416; x_wconf 90' lang='lat' dir='ltr'><strong>uti</strong></span> <span class='ocrx_word' id='word_1_675' title='bbox 1657 5362 1806 5429; x_wconf 87' lang='lat' dir='ltr'><strong>prius</strong></span> <span class='ocrx_word' id='word_1_676' title='bbox 1822 5361 1943 5429; x_wconf 76' lang='lat' dir='ltr'><strong>eius</strong></span> 
     </span>
    </p>
   </div>
   <div class='ocr_carea' id='block_1_101' title="bbox 376 5438 1939 5524">
    <p class='ocr_par' dir='ltr' id='par_1_101' title="bbox 376 5438 1939 5524">
     <span class='ocr_line' id='line_1_101' title="bbox 376 5438 1939 5524; baseline 0.009 -29"><span class='ocrx_word' id='word_1_677' title='bbox 376 5438 728 5514; x_wconf 69' lang='lat' dir='ltr'><strong>philosophiae</strong></span> <span class='ocrx_word' id='word_1_678' title='bbox 781 5465 904 5513; x_wconf 73' lang='lat' dir='ltr'><strong>qua:</strong></span> <span class='ocrx_word' id='word_1_679' title='bbox 950 5468 1049 5507; x_wconf 88' lang='lat' dir='ltr'><strong>usu</strong></span> <span class='ocrx_word' id='word_1_680' title='bbox 1102 5454 1350 5507; x_wconf 71' lang='lat' dir='ltr'><strong>surculari</strong></span> <span class='ocrx_word' id='word_1_681' title='bbox 1396 5454 1580 5516; x_wconf 82' lang='lat' dir='ltr'><strong>venit,</strong></span> <span class='ocrx_word' id='word_1_682' title='bbox 1628 5453 1699 5507; x_wconf 90' lang='lat' dir='ltr'><strong>ita</strong></span> <span class='ocrx_word' id='word_1_683' title='bbox 1754 5463 1939 5524; x_wconf 75' lang='lat' dir='ltr'><strong>postea</strong></span> 
     </span>
    </p>
   </div>
   <div class='ocr_carea' id='block_1_102' title="bbox 372 5532 1936 5617">
    <p class='ocr_par' dir='ltr' id='par_1_102' title="bbox 372 5532 1936 5617">
     <span class='ocr_line' id='line_1_102' title="bbox 372 5532 1936 5617; baseline 0.011 -31"><span class='ocrx_word' id='word_1_684' title='bbox 372 5532 628 5602; x_wconf 82' lang='lat' dir='ltr'><strong>spiritalis</strong></span> <span class='ocrx_word' id='word_1_685' title='bbox 670 5542 974 5612; x_wconf 50' lang='lat' dir='ltr'><strong>adjutoi‘em</strong></span> <span class='ocrx_word' id='word_1_686' title='bbox 1032 5545 1355 5617; x_wconf 86' lang='lat' dir='ltr'><strong>sociumque</strong></span> <span class='ocrx_word' id='word_1_687' title='bbox 1385 5548 1671 5610; x_wconf 85' lang='lat' dir='ltr'><strong>adhibens,</strong></span> <span class='ocrx_word' id='word_1_688' title='bbox 1704 5549 1785 5617; x_wconf 72' lang='lat' dir='ltr'><strong>sic</strong></span> <span class='ocrx_word' id='word_1_689' title='bbox 1814 5564 1936 5604; x_wconf 86' lang='lat' dir='ltr'><strong>cum</strong></span> 
     </span>
    </p>
   </div>
   <div class='ocr_carea' id='block_1_103' title="bbox 2056 4624 3643 4695">
    <p class='ocr_par' dir='ltr' id='par_1_103' title="bbox 2056 4624 3643 4695">
     <span class='ocr_line' id='line_1_103' title="bbox 2056 4624 3643 4695; baseline -0.004 -14"><span class='ocrx_word' id='word_1_690' title='bbox 2056 4639 2383 4695; x_wconf 79' lang='lat' dir='ltr'><strong>omnemque</strong></span> <span class='ocrx_word' id='word_1_691' title='bbox 2412 4633 2621 4687; x_wconf 88' lang='lat' dir='ltr'><strong>motum</strong></span> <span class='ocrx_word' id='word_1_692' title='bbox 2685 4624 2973 4692; x_wconf 81' lang='lat' dir='ltr'><strong>disciplina</strong></span> <span class='ocrx_word' id='word_1_693' title='bbox 3012 4632 3364 4692; x_wconf 85' lang='lat' dir='ltr'><strong>componeret</strong></span> <span class='ocrx_word' id='word_1_694' title='bbox 3401 4637 3465 4675; x_wconf 88' lang='lat' dir='ltr'><strong>ac</strong></span> <span class='ocrx_word' id='word_1_695' title='bbox 3497 4637 3643 4678; x_wconf 88' lang='lat' dir='ltr'><strong>com-</strong></span> 
     </span>
    </p>
   </div>
   <div class='ocr_carea' id='block_1_104' title="bbox 2055 4718 3643 4792">
    <p class='ocr_par' dir='ltr' id='par_1_104' title="bbox 2055 4718 3643 4792">
     <span class='ocr_line' id='line_1_104' title="bbox 2055 4718 3643 4792; baseline -0.002 -17"><span class='ocrx_word' id='word_1_696' title='bbox 2055 4720 2339 4792; x_wconf 87' lang='lat' dir='ltr'><strong>primeret,</strong></span> <span class='ocrx_word' id='word_1_697' title='bbox 2420 4720 2719 4791; x_wconf 88' lang='lat' dir='ltr'><strong>mentique,</strong></span> <span class='ocrx_word' id='word_1_698' title='bbox 2768 4736 2888 4792; x_wconf 74' lang='lat' dir='ltr'><strong>qua:</strong></span> <span class='ocrx_word' id='word_1_699' title='bbox 2933 4729 3015 4774; x_wconf 86' lang='lat' dir='ltr'><strong>cst</strong></span> <span class='ocrx_word' id='word_1_700' title='bbox 3062 4718 3423 4788; x_wconf 71' lang='lat' dir='ltr'><strong>praestantior,</strong></span> <span class='ocrx_word' id='word_1_701' title='bbox 3473 4718 3643 4789; x_wconf 83' lang='lat' dir='ltr'><strong>subji-</strong></span> 
     </span>
    </p>
   </div>
   <div class='ocr_carea' id='block_1_105' title="bbox 2054 4822 2224 4869">
    <p class='ocr_par' dir='ltr' id='par_1_105' title="bbox 2054 4822 2224 4869">
     <span class='ocr_line' id='line_1_105' title="bbox 2054 4822 2224 4869; baseline -0.012 0"><span class='ocrx_word' id='word_1_702' title='bbox 2054 4822 2224 4869; x_wconf 86' lang='lat' dir='ltr'><strong>ceret.</strong></span> 
     </span>
    </p>
   </div>
   <div class='ocr_carea' id='block_1_106' title="bbox 2125 4900 3630 4971">
    <p class='ocr_par' dir='ltr' id='par_1_106' title="bbox 2125 4900 3630 4971">
     <span class='ocr_line' id='line_1_106' title="bbox 2125 4900 3630 4971; baseline -0.003 -14"><span class='ocrx_word' id='word_1_703' title='bbox 2125 4903 2335 4960; x_wconf 80' lang='lat' dir='ltr'><strong>Rursus</strong></span> <span class='ocrx_word' id='word_1_704' title='bbox 2382 4917 2513 4959; x_wconf 86' lang='lat' dir='ltr'><strong>vero</strong></span> <span class='ocrx_word' id='word_1_705' title='bbox 2562 4904 3026 4958; x_wconf 79' lang='lat' dir='ltr'><strong>mansuetudinem</strong></span> <span class='ocrx_word' id='word_1_706' title='bbox 3085 4900 3180 4956; x_wconf 83' lang='lat' dir='ltr'><strong>irae</strong></span> <span class='ocrx_word' id='word_1_707' title='bbox 3224 4900 3506 4971; x_wconf 82' lang='lat' dir='ltr'><strong>adversam</strong></span> <span class='ocrx_word' id='word_1_708' title='bbox 3542 4900 3630 4953; x_wconf 86' lang='lat' dir='ltr'><strong>in-</strong></span> 
     </span>
    </p>
   </div>
   <div class='ocr_carea' id='block_1_107' title="bbox 2051 4992 3637 5066">
    <p class='ocr_par' dir='ltr' id='par_1_107' title="bbox 2051 4992 3637 5066">
     <span class='ocr_line' id='line_1_107' title="bbox 2051 4992 3637 5066; baseline -0.001 -17"><span class='ocrx_word' id='word_1_709' title='bbox 2051 4994 2213 5061; x_wconf 85' lang='lat' dir='ltr'><strong>struit</strong></span> <span class='ocrx_word' id='word_1_710' title='bbox 2244 5012 2261 5049; x_wconf 87' lang='lat'>:</span> <span class='ocrx_word' id='word_1_711' title='bbox 2294 4996 2348 5050; x_wconf 86' lang='lat' dir='ltr'><strong>in</strong></span> <span class='ocrx_word' id='word_1_712' title='bbox 2378 5011 2487 5066; x_wconf 85' lang='lat' dir='ltr'><strong>qua</strong></span> <span class='ocrx_word' id='word_1_713' title='bbox 2520 4996 2780 5050; x_wconf 88' lang='lat' dir='ltr'><strong>nimirum</strong></span> <span class='ocrx_word' id='word_1_714' title='bbox 2819 4996 2997 5049; x_wconf 87' lang='lat' dir='ltr'><strong>omnis</strong></span> <span class='ocrx_word' id='word_1_715' title='bbox 3046 4992 3095 5046; x_wconf 90' lang='lat' dir='ltr'><strong>ei</strong></span> <span class='ocrx_word' id='word_1_716' title='bbox 3128 4992 3297 5047; x_wconf 89' lang='lat' dir='ltr'><strong>animi</strong></span> <span class='ocrx_word' id='word_1_717' title='bbox 3332 4992 3637 5047; x_wconf 89' lang='lat' dir='ltr'><strong>amaritudo</strong></span> 
     </span>
    </p>
   </div>
   <div class='ocr_carea' id='block_1_108' title="bbox 2051 5082 3637 5161">
    <p class='ocr_par' dir='ltr' id='par_1_108' title="bbox 2051 5082 3637 5161">
     <span class='ocr_line' id='line_1_108' title="bbox 2051 5082 3637 5161; baseline -0.004 -18"><span class='ocrx_word' id='word_1_718' title='bbox 2051 5090 2252 5159; x_wconf 68' lang='lat' dir='ltr'><strong>iraeque</strong></span> <span class='ocrx_word' id='word_1_719' title='bbox 2273 5082 2505 5161; x_wconf 87' lang='lat' dir='ltr'><strong>impetus</strong></span> <span class='ocrx_word' id='word_1_720' title='bbox 2544 5097 2850 5146; x_wconf 88' lang='lat' dir='ltr'><strong>sotveretur</strong></span> <span class='ocrx_word' id='word_1_721' title='bbox 2884 5106 2899 5153; x_wconf 88' lang='lat'><strong>;</strong></span> <span class='ocrx_word' id='word_1_722' title='bbox 2932 5088 3241 5143; x_wconf 88' lang='lat' dir='ltr'><strong>solveretur</strong></span> <span class='ocrx_word' id='word_1_723' title='bbox 3270 5095 3451 5140; x_wconf 90' lang='lat' dir='ltr'><strong>autem</strong></span> <span class='ocrx_word' id='word_1_724' title='bbox 3488 5084 3637 5138; x_wconf 80' lang='lat' dir='ltr'><strong>blas-</strong></span> 
     </span>
    </p>
   </div>
   <div class='ocr_carea' id='block_1_109' title="bbox 2046 5178 3635 5252">
    <p class='ocr_par' dir='ltr' id='par_1_109' title="bbox 2046 5178 3635 5252">
     <span class='ocr_line' id='line_1_109' title="bbox 2046 5178 3635 5252; baseline -0.003 -18"><span class='ocrx_word' id='word_1_725' title='bbox 2046 5183 2263 5251; x_wconf 78' lang='lat' dir='ltr'><strong>piiemia</strong></span> <span class='ocrx_word' id='word_1_726' title='bbox 2303 5192 2357 5238; x_wconf 90' lang='lat' dir='ltr'><strong>et</strong></span> <span class='ocrx_word' id='word_1_727' title='bbox 2400 5185 2608 5238; x_wconf 82' lang='lat' dir='ltr'><strong>clamor</strong></span> <span class='ocrx_word' id='word_1_728' title='bbox 2645 5202 2667 5238; x_wconf 55' lang='grc' dir='ltr'><strong>εν</strong></span> <span class='ocrx_word' id='word_1_729' title='bbox 2704 5198 2769 5237; x_wconf 88' lang='lat' dir='ltr'><strong>ac</strong></span> <span class='ocrx_word' id='word_1_730' title='bbox 2825 5182 3043 5252; x_wconf 90' lang='lat' dir='ltr'><strong>quidem</strong></span> <span class='ocrx_word' id='word_1_731' title='bbox 3096 5179 3297 5235; x_wconf 88' lang='lat' dir='ltr'><strong>malitia</strong></span> <span class='ocrx_word' id='word_1_732' title='bbox 3337 5178 3519 5233; x_wconf 89' lang='lat' dir='ltr'><strong>omnis</strong></span> <span class='ocrx_word' id='word_1_733' title='bbox 3570 5192 3635 5231; x_wconf 90' lang='lat' dir='ltr'><strong>ac</strong></span> 
     </span>
    </p>
   </div>
   <div class='ocr_carea' id='block_1_110' title="bbox 2049 5268 3633 5348">
    <p class='ocr_par' dir='ltr' id='par_1_110' title="bbox 2049 5268 3633 5348">
     <span class='ocr_line' id='line_1_110' title="bbox 2049 5268 3633 5348; baseline -0.006 -18"><span class='ocrx_word' id='word_1_734' title='bbox 2049 5290 2248 5330; x_wconf 77' lang='lat' dir='ltr'><strong>rancor</strong></span> <span class='ocrx_word' id='word_1_735' title='bbox 2280 5276 2408 5348; x_wconf 69' lang='lat' dir='ltr'><strong>(ira:</strong></span> <span class='ocrx_word' id='word_1_736' title='bbox 2437 5277 2644 5331; x_wconf 82' lang='lat' dir='ltr'><strong>scilicet</strong></span> <span class='ocrx_word' id='word_1_737' title='bbox 2693 5275 2831 5329; x_wconf 88' lang='lat' dir='ltr'><strong>mala</strong></span> <span class='ocrx_word' id='word_1_738' title='bbox 2864 5274 3104 5345; x_wconf 83' lang='lat' dir='ltr'><strong>germina</strong></span> <span class='ocrx_word' id='word_1_739' title='bbox 3136 5273 3156 5342; x_wconf 92' lang='lat'>)</span> <span class='ocrx_word' id='word_1_740' title='bbox 3184 5270 3402 5342; x_wconf 86' lang='lat' dir='ltr'><strong>penitus</strong></span> <span class='ocrx_word' id='word_1_741' title='bbox 3431 5268 3633 5325; x_wconf 61' lang='lat' dir='ltr'><strong>evelle.</strong></span> 
     </span>
    </p>
   </div>
   <div class='ocr_carea' id='block_1_111' title="bbox 2047 5363 3627 5439">
    <p class='ocr_par' dir='ltr' id='par_1_111' title="bbox 2047 5363 3627 5439">
     <span class='ocr_line' id='line_1_111' title="bbox 2047 5363 3627 5439; baseline -0.004 -18"><span class='ocrx_word' id='word_1_742' title='bbox 2047 5376 2283 5435; x_wconf 86' lang='lat' dir='ltr'><strong>rentur;</strong></span> <span class='ocrx_word' id='word_1_743' title='bbox 2339 5370 2591 5439; x_wconf 80' lang='lat' dir='ltr'><strong>velutque</strong></span> <span class='ocrx_word' id='word_1_744' title='bbox 2636 5384 2699 5423; x_wconf 72' lang='lat' dir='ltr'><strong>ex</strong></span> <span class='ocrx_word' id='word_1_745' title='bbox 2748 5370 2985 5439; x_wconf 80' lang='lat' dir='ltr'><strong>perlecta</strong></span> <span class='ocrx_word' id='word_1_746' title='bbox 3027 5368 3238 5432; x_wconf 87' lang='lat' dir='ltr'><strong>radice,</strong></span> <span class='ocrx_word' id='word_1_747' title='bbox 3277 5380 3342 5419; x_wconf 83' lang='lat' dir='ltr'><strong>ex</strong></span> <span class='ocrx_word' id='word_1_748' title='bbox 3380 5363 3627 5427; x_wconf 88' lang='lat' dir='ltr'><strong>lenitate,</strong></span> 
     </span>
    </p>
   </div>
   <div class='ocr_carea' id='block_1_112' title="bbox 2046 5454 3625 5533">
    <p class='ocr_par' dir='ltr' id='par_1_112' title="bbox 2046 5454 3625 5533">
     <span class='ocr_line' id='line_1_112' title="bbox 2046 5454 3625 5533; baseline -0.005 -20"><span class='ocrx_word' id='word_1_749' title='bbox 2046 5460 2228 5514; x_wconf 87' lang='lat' dir='ltr'><strong>omnis</strong></span> <span class='ocrx_word' id='word_1_750' title='bbox 2282 5462 2335 5515; x_wconf 90' lang='lat' dir='ltr'><strong>in</strong></span> <span class='ocrx_word' id='word_1_751' title='bbox 2371 5478 2434 5516; x_wconf 85' lang='lat' dir='ltr'><strong>eo</strong></span> <span class='ocrx_word' id='word_1_752' title='bbox 2468 5462 2768 5533; x_wconf 74' lang='lat' dir='ltr'><strong>benignitas</strong></span> <span class='ocrx_word' id='word_1_753' title='bbox 2802 5472 2967 5530; x_wconf 73' lang='lat' dir='ltr'><strong>atque</strong></span> <span class='ocrx_word' id='word_1_754' title='bbox 3018 5456 3260 5529; x_wconf 74' lang='lat' dir='ltr'><strong>probitas</strong></span> <span class='ocrx_word' id='word_1_755' title='bbox 3292 5454 3625 5528; x_wconf 77' lang='lat' dir='ltr'><strong>germinarct</strong></span> 
     </span>
    </p>
   </div>
   <div class='ocr_carea' id='block_1_113' title="bbox 2048 5552 2428 5610">
    <p class='ocr_par' dir='ltr' id='par_1_113' title="bbox 2048 5552 2428 5610">
     <span class='ocr_line' id='line_1_113' title="bbox 2048 5552 2428 5610; baseline 0.008 -3"><span class='ocrx_word' id='word_1_756' title='bbox 2048 5567 2115 5608; x_wconf 90' lang='lat' dir='ltr'><strong>ac</strong></span> <span class='ocrx_word' id='word_1_757' title='bbox 2144 5552 2428 5610; x_wconf 70' lang='lat' dir='ltr'><strong>clilorcrct.</strong></span> 
     </span>
    </p>
   </div>
   <div class='ocr_carea' id='block_1_114' title="bbox 439 5670 1965 5761">
    <p class='ocr_par' dir='ltr' id='par_1_114' title="bbox 439 5670 1965 5756">
     <span class='ocr_line' id='line_1_114' title="bbox 439 5670 1965 5756; baseline 0.011 -28"><span class='ocrx_word' id='word_1_758' title='bbox 439 5670 483 5703; x_wconf 79' lang='grc'><strong>⁶¹</strong></span> <span class='ocrx_word' id='word_1_759' title='bbox 518 5671 660 5732; x_wconf 78' lang='lat' dir='ltr'><strong>Phil.</strong></span> <span class='ocrx_word' id='word_1_760' title='bbox 702 5691 789 5746; x_wconf 84' lang='lat' dir='ltr'><strong>tu,</strong></span> <span class='ocrx_word' id='word_1_761' title='bbox 834 5680 915 5735; x_wconf 80' lang='grc'><strong>15.</strong></span> <span class='ocrx_word' id='word_1_762' title='bbox 989 5681 1042 5721; x_wconf 64' lang='grc' dir='ltr'><strong>δ’·</strong></span> <span class='ocrx_word' id='word_1_763' title='bbox 1068 5681 1256 5739; x_wconf 76' lang='lat' dir='ltr'><strong>Matth.</strong></span> <span class='ocrx_word' id='word_1_764' title='bbox 1309 5701 1381 5754; x_wconf 86' lang='lat' dir='ltr'><strong>tv,</strong></span> <span class='ocrx_word' id='word_1_765' title='bbox 1412 5685 1436 5741; x_wconf 67' lang='grc' dir='ltr'><strong>ι</strong></span> <span class='ocrx_word' id='word_1_766' title='bbox 1474 5704 1487 5741; x_wconf 89' lang='lat'>:</span> <span class='ocrx_word' id='word_1_767' title='bbox 1523 5684 1655 5744; x_wconf 87' lang='lat' dir='ltr'><strong>Luc.</strong></span> <span class='ocrx_word' id='word_1_768' title='bbox 1689 5703 1758 5756; x_wconf 82' lang='lat' dir='ltr'><strong>Iv,</strong></span> <span class='ocrx_word' id='word_1_769' title='bbox 1797 5687 1848 5744; x_wconf 78' lang='lat' dir='ltr'><strong>i.</strong></span> <span class='ocrx_word' id='word_1_770' title='bbox 1927 5689 1965 5722; x_wconf 75' lang='lat'><strong>&quot;</strong></span> 
     </span>
    </p>
   </div>
   <div class='ocr_carea' id='block_1_115' title="bbox 2067 5670 2877 5761">
    <p class='ocr_par' dir='ltr' id='par_1_115' title="bbox 2067 5692 2877 5761">
     <span class='ocr_line' id='line_1_115' title="bbox 2067 5692 2877 5761; baseline 0 -16"><span class='ocrx_word' id='word_1_771' title='bbox 2067 5699 2190 5747; x_wconf 81' lang='lat' dir='ltr'><strong>ttth.</strong></span> <span class='ocrx_word' id='word_1_772' title='bbox 2217 5709 2291 5760; x_wconf 72' lang='grc' dir='ltr'><strong>χι,</strong></span> <span class='ocrx_word' id='word_1_773' title='bbox 2332 5695 2414 5748; x_wconf 83' lang='lat' dir='ltr'><strong>ll.</strong></span> <span class='ocrx_word' id='word_1_774' title='bbox 2493 5693 2533 5725; x_wconf 69' lang='grc'><strong>³⁵</strong></span> <span class='ocrx_word' id='word_1_775' title='bbox 2562 5692 2689 5749; x_wconf 85' lang='lat' dir='ltr'><strong>Luc.</strong></span> <span class='ocrx_word' id='word_1_776' title='bbox 2720 5709 2755 5761; x_wconf 84' lang='grc' dir='ltr'><strong>ι,</strong></span> <span class='ocrx_word' id='word_1_777' title='bbox 2792 5692 2877 5747; x_wconf 78' lang='lat'><strong>76.</strong></span> 
     </span>
    </p>
   </div>
   <div class='ocr_carea' id='block_1_116' title="bbox 434 5832 1201 5909">
    <p class='ocr_par' dir='ltr' id='par_1_116' title="bbox 434 5832 1201 5909">
     <span class='ocr_line' id='line_1_116' title="bbox 434 5832 1201 5909; baseline 0.02 -24"><span class='ocrx_word' id='word_1_778' title='bbox 434 5832 516 5904; x_wconf 73' lang='lat'><strong>(2)</strong></span> <span class='ocrx_word' id='word_1_779' title='bbox 547 5832 735 5909; x_wconf 65' lang='lat' dir='ltr'><strong>Grc-3.,</strong></span> <span class='ocrx_word' id='word_1_780' title='bbox 773 5848 912 5896; x_wconf 84' lang='lat' dir='ltr'><strong>orat.</strong></span> <span class='ocrx_word' id='word_1_781' title='bbox 941 5840 1010 5897; x_wconf 77' lang='lat'><strong>58</strong></span> <span class='ocrx_word' id='word_1_782' title='bbox 1036 5851 1089 5899; x_wconf 88' lang='lat' dir='ltr'><strong>ct</strong></span> <span class='ocrx_word' id='word_1_783' title='bbox 1112 5842 1201 5900; x_wconf 66' lang='grc'><strong>42.</strong></span> 
     </span>
    </p>
   </div>
  </div>
