4134 6306
571 385 677 450 447

1771 389 2067 450 ΝΙΟΕΤΞΕ
2107 391 2554 455 PAPIILAGON
2563 397 2634 456 IS

3733 401 3846 469 “8

647 497 961 553 Modestiaut
987 504 1167 552 autem
1209 495 1602 568 (humilitatem
1636 497 1862 568 vocant)
1897 509 2148 552 ornatum
2180 498 2229 559 Α
2253 516 2360 570 que
2386 517 2450 556 ac
2479 513 2714 560 mentem
2747 503 3146 578 circumseptus
3175 524 3236 564 ac
3288 511 3640 577 emendatus,
3668 516 3735 570 ad
3765 519 3848 572 ιιι-

575 593 838 659 Optimum
886 590 1082 644 rationi
1128 589 1395 659 imponit;
1452 589 1503 643 iu
1561 606 1668 660 qua
1698 590 1912 646 inanem
1941 609 2156 647 omnem

575 691 738 750 atque
785 682 986 735 elatum
1040 682 1206 735 animi
1249 698 1470 736 sensum
1543 696 1692 739 esset
1759 685 2155 748 destructttrus,

575 789 906 842 omnemth
961 773 1304 828 altitudinem
1332 816 1346 840 ,
1403 777 1748 831 extollentem
1795 793 1854 833 se
1899 778 2159 833 adversus

575 867 1006 934 prwstantiorem
1052 867 1358 932 scientiam,
1402 884 1839 939 compressurus.
1885 871 2159 936 Quemad-

579 957 798 1010 modum
830 960 974 1012 enim
1007 960 1057 1012 in
1091 960 1194 1012 hoc
1223 960 1360 1014 ratio
1397 963 1695 1017 constituta
1728 973 1833 1029 est,
1867 975 1924 1018 ut
1948 965 2159 1032 cupidi-

575 1051 702 1103 tatis
725 1049 1000 1104 lasciviam
1035 1054 1404 1121 temperanti-.1:
1428 1055 1496 1118 vi,
1549 1055 1747 1125 irseque
1785 1056 2156 1112 inconsultum

576 1145 838 1213 impetum
862 1145 1082 1201 leuitate
1123 1157 1473 1217 retorqueat;
1502 1150 1580 1203 sic
1608 1165 1827 1220 quoque
1855 1167 2015 1206 suum
2042 1153 2156 1222 ipsa

578 1250 843 1292 tumorem
900 1256 963 1295 ac
1023 1242 1337 1310 superbiam
1418 1244 1682 1298 modestia
1740 1247 2013 1314 castigans
2097 1262 2162 1302 ac

576 1335 969 1400 comprimens,
1025 1335 1168 1403 piam
1239 1351 1296 1389 se
1340 1336 1784 1406 modestatnqtte,
1839 1348 1896 1392 ut
1944 1339 2161 1394 Christo

577 1423 815 1487 obediat,
854 1426 1121 1492 captivam
1159 1426 1381 1481 addicit.

651 1515 804 1570 Sicut
831 1526 1010 1570 autem
1037 1526 1241 1573 natura:
1271 1519 1386 1588 ipsa
1415 1520 1462 1573 vi
1491 1535 1554 1575 ac
1586 1521 1797 1576 ratione
1833 1522 1944 1576 lilio
1977 1539 2162 1579 comes

581 1609 863 1680 ﬂagrantia
897 1622 999 1673 est.
1046 1611 1124 1666 sic
1155 1622 1212 1667 et
1257 1613 1340 1667 his
1389 1614 1685 1670 virtutibus
1730 1617 1899 1670 animi
1945 1634 2160 1674 summa

582 1703 980 1772 tranquillitas,
1014 1720 1137 1759 cum
1185 1706 1310 1776 quis
1342 1706 1449 1762 illis
1488 1707 1804 1777 perfunctus
1851 1718 1955 1766 est.
1988 1709 2164 1766 Trau-

580 1796 843 1863 quillitas,
876 1797 1168 1854 affectuum
1194 1814 1466 1865 recessus,
1491 1801 1733 1856 omnium
1754 1803 2158 1872 aegritudinum,

2267 593 2404 648 vina:
2440 591 2732 665 Sapientia:
2760 598 2960 653 celsam
2993 601 3176 655 evadit
3200 618 3404 658 arcem.

2333 686 2414 741 Ad
2469 690 2719 744 timorem
2772 702 2976 759 autem,
3009 693 3383 749 fortitudinem
3441 711 3505 752 ac
3548 698 3843 753 consilium

2261 792 2585 848 assumens;
2624 782 2824 852 prioris
2865 783 2969 846 usi,
3026 787 3224 840 nedum
3292 787 3558 842 adversus
3613 789 3847 846 affectus

2262 870 2519 940 vitiaque,
2553 888 2739 928 verum
2771 875 2935 931 etiam
2980 876 3256 933 daemones
3309 880 3476 934 robur
3527 881 3720 945 induit,
3779 897 3846 938 ac

2261 964 2641 1021 continuatur.
2676 965 2785 1021 Nec
2822 983 2952 1022 vero
2999 979 3193 1024 contra
3255 972 3354 1026 hos
3408 974 3608 1040 solum,
3651 975 3748 1029 sed
3788 983 3846 1029 et

2261 1065 2450 1110 contra
2489 1058 2667 1128 ipsum
2700 1058 3000 1130 principem
3033 1063 3318 1131 potestatis
3380 1067 3525 1120 aeris
3556 1068 3600 1101 ⁸¹
3635 1082 3844 1121 conva-

2262 1147 2419 1202 lcscit
2464 1164 2607 1203 :nec
2638 1159 2830 1204 contra
2880 1151 3036 1206 illum
3093 1155 3384 1220 duntaxat,
3441 1173 3624 1209 verum
3672 1159 3842 1212 ctiam

2261 1251 2453 1297 contra
2490 1245 2643 1313 ipsos
2676 1243 2987 1300 tlillidentia:
3025 1245 3164 1301 filios
3193 1248 3260 1313 ",
3288 1263 3481 1317 nentpe
3509 1249 3844 1318 incredulos,

2260 1333 2353 1403 qui
2378 1333 2500 1402 ejus
2530 1334 2712 1389 alllatu
2731 1344 3000 1406 aguntur;
3032 1338 3362 1405 quibuscum
3388 1350 3693 1408 opportune
3721 1357 3844 1396 cer-

2262 1436 2440 1480 tamen
2473 1428 2871 1484 cornntissurus
2892 1426 3251 1500 erat.Spiritu
3275 1440 3455 1485 autem
3487 1433 3702 1488 causilii
3731 1450 3842 1491 non

2264 1518 2312 1570 id
2356 1517 2537 1573 solum
2577 1533 2835 1574 scrutaris
2894 1521 3039 1591 quod
3091 1523 3347 1592 privatim
3404 1525 3630 1593 suisque
3677 1522 3844 1583 rebus

2259 1613 2613 1678 conduceret,
2646 1613 2742 1668 sed
2772 1616 2920 1686 quod
2946 1617 3110 1670 etiam
3141 1616 3394 1672 omnibus
3427 1619 3496 1682 ⁸³,
3525 1627 3619 1672 aut
3644 1620 3841 1688 pleris-

2259 1721 2365 1777 que
2391 1704 2535 1760 foret
2565 1706 2740 1774 utile;
2797 1723 2974 1777 neque
3013 1708 3218 1778 prpprii
3263 1709 3601 1781 voluntatem
3634 1713 3826 1782 animi,

2263 1800 2357 1853 sed
2395 1798 2760 1864 Dominicam,
2816 1815 3143 1870 summeque
3191 1802 3388 1856 bonam
3443 1811 3610 1873 atque
3663 1804 3832 1873 perfe-

582 1899 693 1943 tum
725 1906 846 1957 quae
899 1889 1165 1956 animout,
1207 1901 1319 1945 tuttt
1351 1909 1472 1962 qua:
1509 1909 1706 1965 corpus
1747 1896 1866 1950 labe
1897 1896 2158 1965 alliciunt,
2195 1887 2234 1941 Β
2262 1901 2429 1959 ctam,
2462 1901 2724 1962 tanquam
2773 1892 2978 1963 probus
2999 1892 3237 1949 famulus
3269 1895 3561 1964 explorans
3588 1898 3658 1959 ’⁸.
3685 1913 3826 1950 eam-

577 1981 785 2035 cvulsio
836 1996 899 2035 ac
935 1981 1187 2037 interitus
1220 1999 1234 2048 ;
1277 1983 1468 2040 beatus
1493 1995 1690 2052 status,
1723 1988 1976 2058 nullaque
2004 1989 2162 2045 tut-lia

577 2075 829 2145 pulsatus
844 2089 907 2129 ac
928 2076 1176 2131 molestia
1195 2092 1212 2144 ;
1230 2077 1546 2146 angelorum
1567 2077 1694 2145 vita,
1716 2077 1910 2136 futurae
1929 2083 2165 2137 arrhabo

581 2169 883 2224 beatitatis.

649 2259 728 2312 Ad
758 2259 900 2315 hanc
934 2275 1058 2315 cum
1089 2261 1355 2317 evasisset
1385 2261 1606 2320 divinus
1644 2263 1962 2337 Gregorius,
1995 2269 2164 2325 hanc~

583 2366 691 2420 que
734 2354 1026 2421 septimum
1084 2354 1169 2408 sui
1217 2355 1452 2411 actionis
1508 2355 1558 2411 vi
1613 2373 1877 2416 ascensus
1936 2362 2162 2432 gradum

583 2446 887 2511 statuisset,
916 2447 992 2501 illi
1024 2448 1280 2518 deinceps
1317 2451 1586 2520 optimum
1647 2467 1712 2507 ac
1743 2454 2162 2511 stabilissimum

587 2539 886 2593 ternarium
925 2540 1214 2606 virtutum,
1245 2541 1399 2597 fidem
1419 2544 1645 2608 scilicet,
1670 2560 1822 2615 spem
1844 2562 1908 2603 ac
1924 2546 2168 2604 charita-

583 2642 714 2694 tem,
738 2649 833 2686 cett
859 2634 1284 2702 pulcherrimam
1311 2635 1629 2693 coronidem
1678 2635 1954 2708 imposuit.
1979 2639 2164 2696 Fidem

584 2724 827 2793 quidem.
858 2725 912 2779 in
944 2723 1159 2780 Patrem
1198 2735 1253 2781 et
1290 2726 1488 2783 Filium
1517 2738 1571 2784 et
1595 2727 1860 2799 Spiritum
1890 2743 2164 2799 sanctum,

586 2831 751 2870 unam
777 2816 1029 2871 deitatem
1049 2828 1102 2872 et
1125 2819 1441 2888 potentiam,
1462 2835 1526 2875 ac
1545 2836 1802 2892 regnum;
1823 2838 1921 2878 ore
1941 2825 2162 2894 quidem

587 2907 854 2964 sinceram
909 2909 1337 2979 confessionem,
1394 2912 1562 2969 corde
1614 2924 1791 2970 autem
1838 2931 1904 2972 ac
1958 2930 2161 2983 mente,

586 3000 1089 3066 comprobationem
1125 3003 1536 3059 irrevocabilem
1564 3021 1980 3079 assensumqtte.
2005 3006 2166 3078 Spem

587 3107 739 3156 vero,
774 3094 965 3148 horum
995 3094 1260 3165 ipsorum,
1296 3112 1418 3166 qua:
1469 3113 1612 3154 nunc
1645 3100 1878 3155 obscure
1908 3102 2169 3170 tenuique

590 3185 781 3240 umbra
815 3203 878 3241 ex
910 3188 1009 3242 fide
1048 3189 1419 3259 conspicimus
1442 3191 1487 3225 "
1508 3233 1522 3258 ,
1560 3191 1895 3262 perfectioris
1927 3204 2168 3258 postmo-

589 3279 718 3333 dum
747 3281 1146 3349 explicationis,
1189 3281 1239 3336 id
1275 3293 1394 3348 est,’
1430 3285 1775 3340 revelatiouis
1811 3301 1876 3340 ac
1905 3287 2171 3341 delectio-

592 3373 676 3424 nis
713 3372 1197 3441 exspectationem.
1222 3373 1553 3428 Cliaritatetn
1588 3385 1803 3433 autem.
1853 3392 2171 3446 supremum

594 3463 820 3532 hujusce
847 3466 1007 3519 scalte
1039 3466 1298 3535 spiritalis
1339 3483 1621 3522 ascensum
1653 3485 1666 3522 :
1698 3469 1830 3538 legis
1898 3486 2170 3525 summam

593 3573 657 3610 ac
687 3557 1072 3625 prOpltt'lal‘um
1095 3559 1159 3625 “,
1211 3559 1486 3615 vinculum
1521 3559 1867 3628 perfrctionis
1894 3563 1962 3628 ⁸⁷,
1999 3565 2174 3618 conti-

594 3666 777 3715 nuam,
829 3665 894 3704 ac
946 3667 1106 3720 quam
1147 3653 1354 3706 nulloin
1408 3653 1626 3706 dirimat
1669 3653 1932 3718 medium,
1976 3657 2175 3710 utentis

595 3745 824 3814 propria:
871 3761 991 3798 cum
1034 3745 1146 3800 Deo
1199 3748 1248 3800 in
1304 3745 1504 3815 Spiritu
1549 3761 1642 3817 per
1676 3745 1862 3801 Jcsum
1892 3746 2170 3802 Christum

596 3840 911 3893 Societalcnt
949 3851 1109 3910 atque
1133 3857 1472 3909 compagem.

671 3932 828 3984 llisce
860 3931 1133 3987 universis
1173 3933 1491 3994 virtutibus,
1526 3946 1647 4000 quae
1682 3929 1899 3985 actione
1945 3931 2175 4002 ejusque

599 4035 857 4092 gerantur
894 4024 1069 4088 cultu,
1120 4040 1236 4088 cas,
1288 4039 1410 4093 quae
1469 4023 1668 4077 mentis
1712 4023 2178 4093 contemplatione

598 4118 1128 4169 consummationem
1163 4115 1386 4176 habent,
1411 4113 1610 4183 aequali
1644 4127 1874 4166 numero
1904 4119 2134 4168 attexuit
2160 4133 2176 4182 ;

597 4207 834 4277 primum
870 4206 1082 4260 scilicet
1117 4205 1485 4275 operationes,
1525 4220 1622 4257 seti
1660 4204 1875 4259 alllatus
1909 4204 2174 4274 Spiritus,

600 4316 737 4368 quos
771 4298 1010 4367 Spiritus
1035 4307 1240 4366 septem
1284 4295 1452 4349 Isaias
1488 4298 1846 4362 nuncupavit.
1894 4297 1960 4352 lli
1985 4315 2176 4370 nempe

601 4408 726 4446 vere
778 4391 1067 4460 primoque
1099 4389 1150 4441 in
1197 4387 1420 4441 Christo
1461 4389 1868 4457 reqtticveruttt,
1920 4402 2042 4445 orto
2085 4393 2177 4448 illo

599 4501 663 4539 ex
693 4485 877 4538 radice
912 4481 1064 4536 Jesse
1090 4481 1174 4546 “;
1209 4479 1449 4534 secundo
1484 4492 1686 4546 autem,
1726 4483 1835 4547 illa,
1867 4500 1988 4554 qute
2015 4501 2080 4540 ex
2111 4502 2176 4541 eo

2262 2002 2368 2057 que
2409 1985 2536 2040 imis
2572 1986 2774 2040 mentis
2805 1987 3176 2056 penetralibus
3208 1987 3478 2054 formans,
3516 1987 3671 2060 pravi
3700 2003 3830 2043 cou-

2262 2076 2370 2132 silii
2403 2092 2577 2146 genus
2618 2092 2780 2131 omne
2807 2078 3060 2133 cavebat.
3165 2064 3171 2069 ’

2336 2170 2596 2226 Pietatem
2647 2171 2960 2240 dogmattttn
3025 2172 3252 2227 veritate
3311 2188 3374 2228 ac
3412 2189 3628 2229 morum
3678 2175 3843 2230 recti-

2272 2265 2462 2318 tudine
2503 2263 2718 2317 colebat
2764 2282 2776 2316 :
2813 2279 3009 2331 nempe
3052 2263 3122 2318 ab
3178 2266 3332 2318 omni
3385 2270 3528 2334 turpi
3576 2269 3842 2336 cogitatu.

2264 2356 2527 2426 omnique
2558 2356 2790 2425 profano
2822 2372 3096 2422 sermone,
3143 2372 3210 2414 ac
3260 2359 3440 2413 alieno
3479 2361 3627 2414 omni
3673 2362 3844 2415 Incre-

2266 2449 2500 2502 tieorum
2545 2447 2672 2502 fuco
2715 2447 2975 2502 defit-cate
3027 2451 3323 2503 mundatus
3347 2491 3361 2513 ,
3400 2451 3452 2504 iit
3488 2453 3684 2507 mentis
3717 2469 3844 2508 vero

2268 2541 2506 2595 novitate
2560 2540 2616 2593 in
2661 2540 2887 2595 Christo
2942 2542 3386 2608 transforntatus,
3427 2559 3492 2598 ea
3549 2544 3843 2614 plurimum

2266 2634 2616 2701 promovebat
2650 2641 2814 2702 atque
2840 2635 3150 2704 praestabat.

2340 2724 2598 2778 Scientiae
2629 2735 2831 2791 autem,
2866 2742 2988 2794 qua:
3036 2726 3108 2780 sit
3162 2725 3587 2791 intellectilium,
3643 2727 3695 2784 id
3736 2738 3846 2800 eat,

2266 2830 2456 2870 eorum
2488 2832 2608 2887 quae
2638 2817 2865 2870 scientia
2899 2826 3225 2883 noscuntur,
3273 2828 3383 2874 tota
3417 2821 3665 2890 quaedam
3711 2837 3848 2880 con-

2269 2907 2514 2976 fertaque
2554 2907 2863 2974 contuitio;
2920 2909 2999 2962 uti
3048 2910 3216 2963 etiam
3257 2911 3418 2973 visio,
3452 2928 3643 2967 eorum
3686 2929 3846 2981 aspc-

2267 3011 2410 3062 ctus,
2435 3015 2556 3068 qtnc
2580 3001 2728 3053 cerui
2761 3001 2935 3055 oculis
2972 3011 3241 3070 possunt;
3267 3012 3454 3058 tantus
3486 3005 3536 3058 ei
3591 3007 3850 3064 cumulus

2268 3093 2535 3162 copiaque
2571 3102 2900 3158 accesserat,
2943 3102 3148 3161 quanto
3206 3093 3372 3148 etiam
3422 3111 3532 3164 prae
3591 3098 3846 3153 omnibus

2272 3186 2621 3250 emendatus,
2658 3185 2724 3238 ad
2757 3183 3058 3255 angelicam
3109 3187 3629 3255 contemplationem
3663 3197 3845 3240 mente

2277 3277 2769 3330 transmutabatur.
2836 3275 2973 3329 Dum
3026 3276 3197 3332 maris
3254 3291 3497 3341 arenam,
3553 3285 3606 3330 et
3655 3285 3838 3346 guttas

2277 3368 2508 3437 pluviae,
2560 3368 2786 3437 diesque
2847 3367 3035 3422 surculi
3095 3368 3503 3422 enumeraveris
3544 3368 3612 3432 ",
3671 3381 3832 3436 quant

2274 3461 2439 3514 etiam
2469 3474 2626 3514 sacra
2646 3459 2765 3528 ejus
2794 3460 3008 3530 eloquia
3062 3461 3428 3532 intelligentia;
3455 3460 3560 3513 vim
3590 3467 3843 3529 praestant

2275 3568 2340 3608 ac
2404 3552 2640 3608 fecundo
2707 3555 2879 3608 edunt
2931 3555 3202 3623 germine,
3255 3554 3612 3611 intellexeris.
3667 3551 3850 3608 Sacta:

2275 3662 2515 3716 namque
2555 3647 2850 3716 Scriptura:
2883 3663 3104 3713 sensus,
3143 3648 3290 3702 velut
3339 3661 3468 3703 rosa
3502 3648 3556 3702 in
3595 3645 3846 3713 caliculo,

2275 3737 2533 3792 dictionis
2567 3737 2902 3793 obscuritate
2934 3749 3217 3793 contectus
3240 3747 3381 3794 erat.
3416 3738 3468 3795 is
3496 3748 3676 3792 autem
3706 3738 3852 3793 clare

2277 3833 2331 3884 in
2377 3829 2572 3900 spiritu
2619 3831 2918 3900 explicans,
2974 3832 3242 3899 suavique
3286 3830 3433 3886 illius
3487 3829 3852 3901 intelligentia

2277 3922 2575 3992 fragrantia
2599 3938 2767 3994 supra
2800 3925 3021 3979 modum
3057 3925 3314 3995 repletus,
3345 3940 3410 3981 ea
3445 3926 3634 3981 statim
3665 3940 3850 3980 sacra-

2279 4015 2555 4072 tissintant
2577 4031 2635 4073 sa
2645 4017 2907 4087 pientiam
2939 4018 3314 4074 sacratissimo
3338 4020 3465 4074 nisu
3494 4034 3612 4074 com
3621 4019 3856 4088 prehen-

2274 4106 2372 4162 dit.

2349 4197 2443 4254 Est
2473 4197 2640 4269 igitur
2663 4199 2952 4269 sapientia,
2982 4201 3073 4255 illa
3113 4200 3334 4272 quidem
3393 4210 3510 4257 tum
3565 4200 3688 4258 viva
3735 4209 3852 4257 tum

2276 4307 2398 4360 qum
2431 4307 2527 4361 per
2547 4308 2608 4346 se
2636 4301 2721 4347 est
2776 4302 2939 4363 atque
2961 4294 3236 4359 consistit,
3260 4295 3352 4365 qui
3380 4309 3507 4351 cum
3537 4294 3700 4351 Patre
3727 4306 3856 4351 ante

2279 4387 2477 4441 saecula
2505 4385 2701 4440 Sermo
2732 4397 2838 4453 est,
2875 4402 2940 4443 ac
2973 4403 3096 4442 cum
3125 4402 3192 4444 eo
3232 4403 3341 4443 una
3385 4392 3718 4458 sempiterno
3771 4391 3856 4444 in—

2281 4479 2541 4547 telligitur
2568 4497 2581 4532 :
2608 4488 2693 4533 est
2712 4493 2838 4533 vero
2861 4479 3024 4534 etiam
3053 4480 3344 4550 sapientia,
3367 4484 3461 4552 qtti
3490 4483 3558 4536 de
3586 4482 3855 4538 Sermone

603 4589 704 4638 cst,
745 4576 1007 4628 societate
1047 4588 1110 4627 ac
1143 4574 1497 4638 commercio,
1535 4583 1646 4627 tum
1686 4575 1738 4628 in
1769 4577 1893 4631 aliis
1931 4579 2021 4646 qui
2060 4579 2166 4633 sint
2207 4582 2248 4635 υ
2280 4585 2568 4625 senum-es
2599 4579 2761 4636 sunt;
2793 4585 3030 4640 quorum
3079 4573 3133 4628 vi
3166 4573 3381 4638 SermO.
3411 4574 3480 4629 iis
3509 4575 3600 4644 qui
3655 4575 3860 4644 pietate

603 4669 720 4736 ejus
754 4667 1068 4735 participes,
1096 4676 1208 4718 tum
1234 4666 1314 4718 vel
1342 4668 1578 4721 maxime
1609 4670 1772 4721 etiam
1815 4669 1868 4722 itt
1915 4686 1979 4723 eo
2006 4687 2168 4742 quem

603 4761 892 4816 laudamus
921 4778 932 4822 ;
977 4761 1068 4825 qui
1103 4759 1203 4814 hos
1231 4770 1407 4815 mente
1444 4772 1567 4829 agat
1594 4779 1656 4815 ac
1689 4763 1968 4831 intelligat,
2009 4770 2178 4835 quin-

607 4855 718 4906 imo
786 4852 893 4906 illis
943 4862 1138 4922 agatur
1189 4867 1254 4907 ac
1312 4863 1748 4920 consummctur,
1802 4858 2030 4928 mystice
2087 4875 2176 4912 re-

603 4944 916 5015 quiescunt.

676 5037 912 5102 Quinam
939 5039 1104 5108 igitur
1136 5038 1348 5096 alllattts
1410 5056 1476 5096 ac
1518 5040 1794 5111 Spiritus?
1837 5041 2026 5096 l‘riore
2053 5043 2177 5111 qui-

607 5131 731 5185 dem
775 5131 898 5185 loco
931 5133 1254 5200 sapientiam
1291 5133 1374 5199 ";
1424 5133 1672 5202 quinitno
1707 5134 1774 5187 ab
1825 5133 2182 5189 inferioribus

611 5240 831 5278 sursum
866 5241 1055 5279 versus
1109 5226 1433 5292 ascmdetts,
1491 5227 1636 5280 velut
1700 5226 1982 5295 sapientiae
2034 5226 2180 5280 radi-

611 5331 730 5370 cem
785 5334 846 5372 ac
881 5318 1231 5386 principium,
1279 5318 1526 5372 timorem
1581 5318 1789 5372 Domini
1832 5318 2177 5388 prtcjaciens,

617 5420 828 5463 castum
861 5412 1035 5471 illum,
1081 5427 1144 5463 ac
1175 5411 1267 5479 qui
1299 5419 1435 5463 teste
1493 5410 1712 5475 “avide,
1763 5420 2078 5480 permaneat.
2127 5414 2178 5466 in

616 5504 876 5556 sacculum
909 5505 1092 5557 Sl'ctlll
1127 5520 1140 5568 ;
1181 5520 1247 5558 eo
1276 5504 1521 5557 conlisus
1553 5518 1772 5556 carnem
1806 5504 1874 5567 ⁵ο,
1909 5503 2183 5557 animum-

696 5708 738 5739 “
769 5709 783 5762 I
812 5709 936 5762 Cor.
979 5725 1100 5774 Sill,
1131 5711 1214 5766 1'2.
1328 5715 1577 5766 “.‘lallit.
1618 5732 1748 5778 \Kll,
1787 5716 1872 5769 till.

627 5780 714 5833 Hi.
827 5783 870 5810 ⁴¹⁰
903 5779 1043 5831 l’szll.
1078 5801 1265 5849 (ιν-ιιι,
1303 5785 1359 5836 li’
1384 5788 1415 5838 δ.

1531 5788 1571 5818 δ’
1626 5787 1819 5855 [Itium
1859 5806 1916 5850 ll,
1948 5788 2002 5838 ‘l.

625 5851 670 5882 "
703 5850 880 5904 Eetlc.
915 5868 948 5913 t,
981 5851 1033 5902 '2.

1951 5715 1991 5744 ⁵⁷
2024 5713 2235 5769 Coloss.
2283 5728 2360 5768 ιη,
2396 5710 2444 5762 4.

2139 5787 2184 5815 ⁸³
2230 5782 2355 5852 Ιέιιέι-
2383 5799 2428 5836 :3.
2469 5800 2516 5847 κ’,
2548 5785 2598 5833 ii.

2282 4664 2489 4724 colunt,
2520 4677 2676 4717 sacra
2697 4667 3024 4734 occultaque
3051 4667 3263 4720 ratione
3294 4667 3654 4736 conspicitur.
3681 4665 3860 4722 Tanto

2283 4763 2462 4808 autent
2483 4753 2758 4826 Theologo
2783 4756 3048 4812 illustrior
3074 4759 3382 4828 clariorque
3405 4760 3849 4828 iuromprehensi

2282 4849 2702 4918 comprehensio
2723 4849 2972 4913 efﬁcitur,
2989 4861 3192 4918 quanto
3208 4860 3262 4905 et
3280 4851 3602 4920 perfectiore
3621 4853 3857 4908 donatus

2285 4942 2668 5012 intelligentia,
2695 4957 2862 5011 caque
2899 4943 3117 4998 uberius
3143 4945 3368 5013 pollens,
3395 4945 3612 5000 cunctis
3636 4961 3862 5016 quoque

2287 5034 2635 5104 praestantius
2685 5036 3086 5105 perfectiusque
3119 5038 3400 5108 sapientia:
3450 5054 3736 5096 sermones
3790 5055 3862 5096 ac

2285 5117 2587 5182 doctrinam
2609 5130 2897 5198 decerpsit.

2358 5218 2450 5273 Sic
2475 5221 2735 5288 spiritalis
2767 5219 2933 5273 Israel
2969 5221 3133 5289 {vere
3171 5222 3218 5276 is
3248 5221 3426 5274 videns
3454 5222 3658 5294 Deum)
3685 5224 3866 5279 virtu-

2292 5314 2439 5367 tibus
2462 5329 2582 5382 qua:
2611 5313 2823 5366 actione
2873 5324 3158 5381 geruntur,
3217 5331 3310 5367 eas
3365 5331 3690 5379 conserens,
3737 5333 3869 5385 qua:

2292 5407 2746 5475 contemplatione
2779 5415 3136 5473 precs-tantur,
3198 5408 3359 5475 inquo
3401 5408 3560 5460 scalae
3610 5411 3866 5478 modum,

2296 5510 2553 5569 umquam
2587 5497 2802 5567 sapiens
2833 5498 3166 5553 architectus
3225 5501 3361 5553 alias
3408 5502 3532 5553 aliis
3574 5515 3868 5570 opponens

2559 5709 2602 5740 ⁸⁸
2637 5708 2735 5764 lsa.
2773 5725 2846 5768 υ,
2879 5707 2921 5758 ι.
3000 5705 3043 5737 δ’
3079 5706 3254 5758 ΕΗῚῖΟ.
3280 5721 3316 5770 t,
3366 5703 3444 5756 l6.

2750 5779 2794 5808 ³³
2829 5780 2844 5829 l
2897 5776 3018 5830 Cor.
3059 5794 3109 5839 ς,
3139 5777 3225 5831 55.

3525 5703 3665 5757 l‘sal.
3704 5722 3869 5773 aviti,

3370 5775 3413 5805 δ”
3472 5774 3626 5829 fiunt.
3679 5793 3753 5832 λιι
3809 5781 3873 5834 ‘1.
