4134 6306
299 367 413 435 449

1049 363 1335 428 ORATIO
1372 362 1502 425 XX.
1530 362 1696 425 -ΙΝ
1735 364 2051 427 LAUDEM
2090 364 2152 427 S.
2191 364 2568 444 GBEGORII
2601 370 2876 434 THEOL.

3482 372 3590 441 450

305 493 479 555 atque
526 480 902 542 committens,
987 490 1054 533 ac
1120 490 1217 547 per
1272 488 1369 529 eas
1426 472 1781 529 ascensiones
1836 472 1890 527 in
1937 484 1983 541 Α
2021 492 2085 532 ex
2123 494 2185 534 ea
2217 495 2339 549 quae
2376 489 2534 536 vacat
2577 496 2843 553 corpore;
2905 480 3381 554 incomprehensa,
3413 502 3477 545 ex
3524 502 3587 541 ra

309 574 477 633 corde
519 574 817 642 disponens
844 569 917 636 ”,
968 578 1266 639 menteque
1325 568 1380 622 in
1420 568 1598 637 ipsum
1644 565 1891 623 directus

309 668 536 734 uelum,
587 667 737 721 hunc
765 665 925 736 plane
948 671 1286 736 postremum
1312 675 1623 726 ascensum,
1673 660 1895 727 mentis,

309 763 561 824 rationis,
592 775 689 814 seu
743 757 903 813 Verbi
958 772 1024 812 ae
1076 755 1315 825 Spiritus
1376 753 1895 822 contemplationem

306 852 596 922 disponit;
644 865 757 920 quo
799 849 1011 905 scilicet
1051 848 1155 919 ipsi
1182 846 1351 910 clare,
1377 861 1507 916 quae
1555 845 1715 900 scalae
1767 846 1897 900 huic

304 944 564 1001 innititur
598 945 669 1011 ",
712 944 879 998 unius
934 938 1274 1013 principatus
1307 936 1576 1003 Trinitas,
1603 938 1898 1009 capulatus

302 1047 410 1093 est.

382 1130 614 1185 Mentem
664 1128 852 1200 igitur,
882 1126 1112 1181 rationis
1152 1140 1249 1180 seu
1305 1122 1487 1188 Verbi,
1540 1139 1605 1179 ac
1660 1122 1898 1192 Spiritus

304 1236 591 1280 auctorem
620 1222 915 1282 efﬁcacem,
964 1221 1261 1290 vivumque
1307 1218 1455 1275 nullo
1502 1218 1764 1272 anteriori
1798 1233 1899 1273 au-

304 1324 490 1377 clore,
522 1312 761 1368 arbitror
800 1312 955 1365 illum
996 1310 1334 1366 intellexisse
1367 1313 1463 1383 (5),
1505 1312 1756 1382 hancque
1795 1310 1900 1367 Pa-

309 1418 484 1463 terna:
515 1406 793 1472 essentne,
842 1419 965 1475 qua:
1009 1404 1247 1461 essentia
1296 1405 1443 1459 omni
1486 1404 1739 1474 superior
1791 1412 1898 1472 est,

309 1510 441 1573 typo
475 1500 775 1571 accepisse.
846 1497 1147 1555 Rationem
1214 1508 1424 1565 autem,
1480 1514 1577 1556 seu
1633 1496 1899 1566 Verbum,

314 1595 461 1650 velut
485 1595 763 1650 notionem
791 1602 960 1662 atque
988 1602 1337 1662 conceptum,
1388 1592 1658 1663 gignentia
1704 1593 1902 1649 mentis

311 1703 523 1744 natura:
550 1686 1029 1743 accuratissimam
1093 1685 1504 1755 expressionem
1560 1700 1624 1742 ac
1675 1686 1903 1740 simula-

307 1797 468 1837 crum
500 1788 784 1850 spectasse
812 1795 827 1832 :
879 1792 1183 1847 rursusque
1211 1776 1499 1847 Spiritum,
1532 1776 1627 1847 qui
1660 1785 1899 1833 mentem

2008 585 2132 640 quae
2164 574 2554 643 comprehendi
2592 590 2700 631 non
2736 585 2950 646 potest;
3012 576 3333 648 ignotaque,
3398 595 3461 635 ex
3522 597 3589 639 ea

1998 677 2122 731 qua:
2153 662 2317 719 altior
2349 663 2541 720 notitia
2568 675 2677 721 est.
2710 664 2875 722 Solus
2902 666 3049 722 enim
3085 666 3335 735 Genitor,
3366 671 3445 725 uti
3478 680 3586 736 est,

1997 749 2196 807 Natum
2215 756 2528 823 cognoscit,
2547 755 2808 827 solusque
2829 757 3003 813 Natus
3025 758 3335 819 Genitorem
3358 762 3587 819 novit".

2000 842 2473 910 Quemadmodum
2536 858 2715 904 autem
2767 851 2868 905 soli
2918 851 3138 920 quidem
3187 855 3373 909 radius
3405 870 3591 911 contra

2002 937 2319 993 individuus
2369 942 2587 997 exsistit
2620 941 2928 1014 (siquidem
2972 946 3118 1014 quod
3166 956 3249 1003 est
3306 948 3587 1007 infinitum

2000 1031 2264 1102 exemplis
2301 1033 2601 1090 sollicitare
2639 1036 2811 1101 decet,
2840 1037 3017 1107 iisque
3041 1040 3109 1094 de
3143 1040 3235 1095 illo
3266 1041 3586 1110 conjicere).

2003 1125 2159 1180 radio
2212 1142 2342 1182 vero
2396 1128 2488 1184 lux
2543 1146 2760 1201 semper
2793 1132 3090 1202 conjuncta
3131 1146 3245 1203 est;
3302 1137 3383 1193 sic
3444 1137 3587 1192 Patri

2001 1217 2220 1288 quidem
2254 1220 2460 1287 Filius,
2517 1222 2658 1281 Filio
2725 1237 2906 1282 autem
2971 1227 3210 1297 Spiritus
3264 1228 3445 1286 Patris
3482 1247 3589 1286 una

2001 1326 2188 1369 comes
2221 1314 2408 1370 adest.-
2440 1318 2514 1372 Ac
2552 1318 2697 1373 sicut
2728 1334 3009 1391 nunquam
3041 1322 3122 1377 sol
3147 1322 3251 1380 iste
3272 1325 3389 1380 sine
3436 1325 3590 1379 radio

2003 1418 2068 1459 ac
2100 1404 2221 1460 luce
2256 1407 2433 1477 possit
2464 1409 2750 1477 exsistere,
2790 1411 2864 1465 ita
2901 1427 3077 1481 neque
3120 1421 3182 1468 ut
3236 1411 3398 1468 Pater
3437 1415 3592 1468 lumi-

2004 1514 2133 1553 num
2184 1499 2396 1570 absque
2422 1499 2605 1560 Verbo
2638 1519 2702 1559 ac
2731 1504 2933 1575 Spiritu
2986 1506 3321 1578 intelligatur
3348 1522 3589 1579 unquam

2005 1590 2117 1646 fiat.
2147 1592 2223 1649 Ex
2272 1593 2367 1648 illo
2412 1611 2651 1666 namque
2686 1609 2946 1670 tanquam
2976 1614 3042 1654 ex
3092 1590 3276 1656 radice
3309 1616 3432 1670 quae
3462 1617 3493 1657 a
3530 1616 3592 1656 se

2005 1687 2096 1752 sit,
2128 1688 2419 1760 primoque
2457 1700 2689 1747 auctore
2728 1706 2792 1747 ae
2824 1692 3076 1765 originali
3113 1694 3280 1749 totius
3319 1695 3594 1765 augustis-

2006 1778 2159 1835 sima:
2190 1780 2407 1837 deitatis
2434 1782 2563 1849 orti,
2595 1794 2927 1842 eomternam
2974 1787 3030 1842 in
3074 1787 3169 1841 illo
3210 1787 3590 1845 exsistentiam

306 1874 533 1945 quidem
581 1882 864 1928 auctorem
896 1885 961 1926 ac
1009 1869 1339 1941 principium
1376 1870 1574 1926 habeat
1622 1870 1723 1943 (4),
1757 1869 1906 1925 velut
1931 1854 1979 1915 B
2008 1873 2151 1928 nacti
2189 1884 2340 1930 sunt.

306 1979 472 2035 aqua
510 1963 671 2019 fontis
722 1962 985 2026 oculum;
1026 1962 1200 2015 instar
1226 1975 1356 2016 vero
1378 1961 1547 2025 ﬂuvii,
1599 1977 1696 2033 per
1726 1971 1905 2017 scatu-

308 2058 543 2128 riginem
571 2058 859 2125 (rationem
877 2054 1090 2109 scilicet
1116 2050 1490 2125 Verbumque)
1527 2054 1794 2124 proﬂuat;
1824 2054 1901 2111 uti

315 2150 584 2205 tationem
638 2147 985 2218 Verbumque
1034 2146 1103 2201 ad
1152 2145 1322 2217 prolis
1359 2146 1597 2201 nativam
1646 2162 1771 2201 cum
1822 2147 1905 2217 gi-

316 2250 523 2315 gnente
572 2241 718 2294 omni
777 2240 1041 2311 majorem
1112 2240 1362 2295 essentia
1438 2238 1902 2294 necessitudinem

320 2332 581 2402 exemplo
626 2331 1031 2399 declarandam,
1080 2332 1159 2388 sie
1193 2335 1260 2387 ad
1299 2332 1497 2386 divinze
1531 2331 1904 2401 processionis

324 2425 597 2496 miualem
637 2440 764 2481 cum
801 2435 979 2481 mente
1024 2427 1354 2496 producente
1380 2425 1488 2480 sub
1521 2424 1753 2493 imagine
1779 2424 1904 2478 red-

318 2519 555 2575 dendam
610 2518 929 2591 dignitatem
968 2517 1379 2573 considerasse.
1423 2514 1657 2570 Tantam
1698 2514 1909 2569 scilicet

318 2626 552 2682 magnus
588 2612 675 2667 hic
735 2610 1030 2681 divinaque
1070 2609 1331 2681 praeclare
1382 2605 1646 2678 sapientia
1692 2603 1905 2675 fulgens

316 2704 535 2762 animus
577 2704 1061 2775 contemplationis
1089 2703 1139 2758 vi
1183 2717 1248 2757 ac
1296 2700 1534 2755 actionis
1564 2696 1904 2753 conscende-

317 2807 405 2854 rat
468 2797 785 2869 speculam;
842 2797 1059 2868 ipsique
1134 2794 1494 2850 divinissinue
1556 2807 1620 2845 ac
1676 2788 1904 2860 principi

310 2891 505 2959 menti,
569 2891 772 2946 rationi
827 2905 924 2947 seu
980 2888 1183 2958 Verbo,
1227 2904 1289 2943 ae
1326 2886 1577 2957 Spiritui,
1625 2900 1723 2955 per
1755 2899 1906 2938 men—

306 2993 418 3043 tem
453 2986 507 3039 in
540 2985 660 3057 ipso
708 2983 1086 3049 casis-tentem,
1118 2980 1459 3052 verbumque
1491 2993 1584 3037 seu
1611 2977 1903 3040 rationem,

306 3094 374 3134 ac
431 3079 688 3151 spiritum
746 3089 1118 3132 Consueseens
1166 3087 1522 3144 versarisque,
1565 3071 1905 3126 intemeratis

2076 1962 2550 2031 Quemadmodum
2581 1976 2764 2023 autem
2800 1968 2977 2025 tribus
3004 1967 3216 2026 facibus
3243 1969 3361 2041 pari
3385 1969 3590 2027 micatu

2006 2056 2060 2111 in
2091 2057 2253 2113 domo
2293 2061 2561 2126 accensis,
2607 2078 2717 2116 una
2748 2062 2970 2134 quidem
3020 2063 3186 2118 trium
3243 2063 3590 2134 conspicitur

2006 2149 2121 2217 lux,
2180 2150 2254 2205 ita
2306 2160 2491 2207 tamen
2530 2163 2593 2209 ut
2633 2156 2714 2215 sic
2757 2155 3052 2215 uniformis
3087 2156 3458 2231 subiectarum
3507 2159 3591 2212 fa-

2004 2242 2150 2298 cium
2212 2243 2348 2299 nihil
2411 2245 2829 2303 distinctionem
2899 2250 3234 2310 confundat.
3297 2264 3423 2305 cum
3476 2252 3592 2307 suis

2006 2337 2261 2407 quodque
2286 2341 2522 2410 prepriis
2551 2342 2695 2397 notis
2717 2358 2747 2397 a
2770 2344 3013 2413 compari
3042 2343 3260 2399 diﬁcrat
3302 2359 3366 2398 ac
3411 2359 3592 2399 secer-

2008 2438 2170 2483 natur
2204 2449 2217 2485 :
2251 2432 2352 2495 sic,
2402 2448 2528 2490 cum
2587 2450 2694 2490 una
2741 2438 3001 2501 essentia,
3057 2437 3237 2501 idest,
3289 2438 3487 2502 deitas,
3534 2438 3589 2493 in

2006 2518 2174 2578 Patre
2201 2531 2254 2579 et
2290 2522 2432 2580 Filio
2458 2538 2511 2582 et
2546 2526 2752 2598 Spiritu
2786 2538 2979 2585 saneto
3009 2531 3413 2596 consideretur,
3448 2546 3593 2603 quaa-

2005 2612 2131 2668 dam
2184 2614 2431 2684 singulos
2494 2629 2908 2690 consequuntur
2938 2623 3297 2693 proprietates
3342 2621 3596 2677 immobi-

2008 2706 2111 2773 les,
2148 2709 2354 2779 quibus
2398 2726 2759 2783 personarum
2798 2715 2942 2771 trina
2976 2715 3265 2772 distinctio
3294 2715 3593 2772 inconfuse

2008 2804 2283 2860 consistit.

2077 2896 2336 2964 Quaenam
2363 2899 2531 2970 igitur
2567 2908 2698 2955 sunt
2736 2901 3138 2971 proprietates?
3179 2899 3406 2971 Nempe,
3443 2903 3596 2975 inge-

2007 2991 2208 3058 nitmn,
2246 2992 2529 3061 nativitas,
2562 3009 2626 3049 ac
2677 2996 2984 3065 processio.
3017 2994 3154 3051 Esse
3187 2997 3337 3052 enim
3373 2998 3591 3055 Patrem

2006 3086 2228 3154 quidem
2259 3087 2591 3160 ingenitum,
2634 3090 2783 3160 quod
2824 3089 2960 3143 nulli
2995 3091 3207 3145 auctori
3258 3106 3324 3147 ac
3383 3094 3595 3159 princi-

308 3188 478 3243 supra
516 3169 745 3226 modum
784 3166 975 3223 aﬂusis
1007 3166 1179 3223 radiis
1233 3167 1589 3237 replebatur;
1634 3167 1902 3219 sacratio-

2010 3180 2100 3246 pio
2149 3180 2511 3246 subjiciatur;
2577 3182 2872 3250 omnisque
2920 3182 3238 3253 quicunque
3286 3192 3479 3238 auctor
3528 3198 3593 3240 ac

311 3281 516 3338 resque
551 3280 647 3320 eas
670 3262 956 3319 doctrinas
1002 3277 1066 3316 ac
1089 3261 1427 3317 initiationes
1459 3257 1901 3323 nanciscebatur,

308 3377 434 3434 quae
471 3360 702 3416 rationis
736 3358 847 3411 vim
886 3372 1105 3411 omnem
1140 3368 1487 3427 superarent.

389 3454 460 3507 At
502 3454 754 3523 quisnam
791 3448 1109 3505 sacratioris
1147 3448 1291 3503 illius
1347 3447 1612 3504 doctrina!
1667 3447 1908 3503 modus?

322 3544 551 3600 Pmstat
592 3544 759 3613 enim,
795 3555 947 3615 puto,
982 3550 1040 3596 ut
1093 3551 1149 3597 et
1176 3541 1344 3607 illius,
1376 3541 1558 3610 quoad
1596 3542 1753 3597 nobis
1777 3556 1908 3597 con-

252 3708 258 3712 .
321 3650 564 3704 cessum,
621 3635 1064 3701 meminerimus;
1099 3641 1157 3687 ut
1190 3633 1650 3702 quemadmodum
1685 3635 1909 3704 reliqua:

323 3728 567 3794 virtutis,
628 3731 708 3783 sic
756 3737 809 3783 et
838 3728 986 3782 illius
1039 3725 1237 3780 divina:
1286 3725 1690 3795 praedicationis
1746 3739 1909 3797 atque

316 3822 580 3881 doctrina:
603 3819 829 3877 formam
852 3821 1170 3874 habeamus.
1186 3816 1444 3882 Quaenam
1469 3817 1631 3887 igitur
1648 3820 1910 3874 sacratior

308 3914 562 3970 det-trina
612 3926 680 3967 ac
738 3909 1011 3966 initiatio?
1044 3909 1184 3966 Deus
1243 3908 1295 3962 in
1344 3908 1522 3963 tribus
1551 3912 1801 3979 personis
1829 3910 1910 3965 in-

313 4007 598 4079 telligitur.
629 4004 795 4072 Deus,
822 4003 912 4075 qui
940 4003 1201 4075 primum,
1235 4002 1524 4072 solumque
1553 4017 1618 4059 ac
1640 4018 1765 4058 vere
1815 4005 1907 4061 sit.

315 4098 418 4166 Sit,
439 4115 544 4155 non
574 4099 832 4154 factussit
852 4114 866 4162 ;
886 4097 1100 4153 tametsi
1135 4097 1185 4150 id
1220 4097 1592 4167 postea,cirea
1625 4096 1823 4153 Filium
1847 4113 1911 4153 ac

310 4209 478 4264 quam
497 4192 797 4262 assumpsit
816 4192 1229 4256 humanitatem,
1250 4189 1782 4261 obtigitNiviiiraus,
1803 4207 1910 4249 non

315 4286 413 4357 qui
434 4284 765 4351 vilivicetur;
785 4285 1122 4347 illuminans,
1162 4297 1267 4336 non
1286 4282 1377 4352 qui
1398 4282 1729 4338 illuminetur
1753 4299 1769 4351 ;
1789 4300 1915 4338 san-

318 4376 791 4443 ctitateimbuens,
815 4392 920 4431 non
939 4377 1031 4447 qui
1052 4376 1327 4430 imbuatur
1349 4392 1363 4441 ;
1385 4375 1634 4446 principii
1680 4374 1913 4451 ﬁnisque

321 4481 541 4538 expers,
594 4479 854 4536 alternus,
907 4468 1167 4535 essentia,
1206 4468 1338 4534 vita,
1388 4467 1592 4522 deitate
1625 4468 1911 4538 superior;

2005 3271 2332 3341 principium
2372 3273 2729 3344 intelligatur,
2767 3274 2850 3327 vel
2874 3274 3110 3340 dicatur,
3144 3285 3333 3330 auctor
3356 3276 3590 3332 exsistat

2007 3362 2232 3417 omnino
2292 3364 2523 3433 primus,
2577 3380 2918 3436 prorsusque
2966 3367 3272 3437 originalis.
3332 3366 3589 3425 Gcnitum

2007 3468 2136 3507 vero
2172 3454 2395 3517 Filium.
2432 3468 2694 3530 tanquam
2734 3457 2974 3514 Verbum
3023 3472 3190 3531 atque
3240 3461 3588 3531 Sermonem,

2014 3560 2080 3600 ex
2115 3544 2274 3602 Patre
2289 3557 2469 3603 mente
2492 3560 2703 3605 natum.
2730 3550 3078 3608 Processisse
3108 3562 3290 3608 autem
3325 3552 3589 3624 Spiritum

2010 3647 2285 3708 sanctum,
2319 3655 2415 3696 ceu
2449 3655 2640 3696 verum
2669 3644 2924 3698 essentias
2962 3654 3202 3714 paternae
3254 3645 3581 3703 delluvium.

2009 3730 2146 3790 Esse
2172 3741 2356 3789 autem
2387 3734 2531 3791 sicut
2561 3733 2759 3790 Filium
2791 3748 3029 3805 paternae
3078 3737 3269 3794 formas
3318 3755 3383 3794 ac
3426 3740 3591 3795 clari-

2013 3827 2163 3891 tatis,
2187 3827 2266 3881 sic
2296 3828 2454 3896 plane
2488 3830 2651 3885 etiam
2700 3830 2964 3901 Spiritum
2998 3830 3121 3885 Filii
3156 3833 3475 3891 invariabile
3515 3833 3591 3887 si-

2013 3922 2317 3975 mulacrum
2342 3922 2444 3991 t5).
2482 3921 2614 3977 Nam
2645 3925 3106 3995 quemadmodum
3137 3941 3314 3991 mens,
3349 3928 3466 3993 ejus
3496 3926 3591 3997 qui

2013 4008 2069 4063 in
2116 4010 2274 4064 nobis
2322 4010 2576 4066 internus
2627 4027 2810 4067 sermo
2853 4024 2958 4074 est,
3011 4014 3158 4070 velut
3202 4013 3325 4071 fons
3355 4018 3591 4087 exsistit,

2012 4103 2316 4173 eademque
2347 4104 2460 4173 ipsa
2489 4104 2654 4159 etiam
2688 4107 2958 4161 sermonis
3009 4107 3101 4179 qui
3138 4123 3233 4164 ore
3291 4111 3592 4181 profertur,

2013 4209 2078 4248 ac
2119 4208 2342 4248 sensum
2384 4195 2575 4265 tangit,
2606 4207 2797 4250 auctor
2847 4206 2966 4265 est;
3020 4214 3209 4253 verum
3263 4195 3591 4274 concepium

2014 4286 2257 4355 quidem,
2293 4287 2439 4342 velut
2490 4289 2574 4343 sui
2614 4289 2796 4344 vivum
2850 4291 3205 4346 simulacrum
3247 4295 3477 4366 mystice
3529 4312 3596 4355 ac

2015 4387 2229 4433 secreto
2256 4379 2462 4450 gignit;
2495 4394 2793 4453 conceptus
2823 4399 2951 4439 vero
2988 4400 3183 4449 rursus
3211 4388 3591 4457 simulacrum,

2017 4486 2325 4525 sermonem
2358 4472 2588 4537 scilicet,
2642 4474 2851 4544 profert
2910 4490 2975 4531 ac
3012 4477 3125 4532 edit
3158 4496 3172 4531 :
3208 4479 3280 4533 ita
3314 4495 3467 4535 mens
3505 4484 3594 4538 illa

320 4561 509 4618 ontnis
566 4563 817 4619 essentia:
859 4561 1134 4626 conditor,
1185 4561 1367 4616 omnis
1414 4562 1672 4633 potentiae
1718 4560 1904 4627 robur,
1939 4557 2161 4618 Domni
2193 4564 2369 4635 major
2418 4566 2682 4637 cogitatu,
2728 4569 3032 4637 primaque,
3075 4580 3341 4640 quantum
3382 4590 3445 4630 ex
3504 4592 3594 4629 re-

315 4653 503 4709 omnis
529 4666 680 4710 actus
723 4655 1049 4725 adﬂatusque
1074 4652 1330 4720 effector;
1360 4654 1629 4719 omnium,
1653 4654 1908 4711 universe

308 4746 612 4817 loquendo,
647 4762 840 4802 eorum
864 4760 987 4818 quae
1019 4754 1170 4813 sunt,
1197 4745 1613 4808 intellectilium,
1637 4745 1902 4802 utentium

306 4842 555 4906 ratione,
589 4840 870 4896 sensilium
915 4854 1111 4894 causas
1147 4837 1502 4893 uniformiter
1536 4853 1602 4893 ac
1661 4840 1903 4911 comple-

302 4930 482 4987 xione
517 4931 572 4985 in
606 4932 791 5001 seipse
815 4930 1161 5001 prtebabens.

385 5020 681 5090 Nullisque
711 5022 893 5076 adhuc
915 5022 1079 5077 rebus
1107 5022 1159 5075 in
1194 5032 1447 5077 naturam
1496 5023 1783 5093 productis
1812 5032 1899 5077 at-

307 5129 424 5185 que
473 5113 659 5178 editis,
718 5124 839 5168 erat
897 5113 987 5167 lux
1031 5128 1153 5167 vera
1206 5128 1268 5167 ac
1320 5112 1517 5181 prima,
1553 5113 1713 5168 Pater
1740 5114 1902 5174 lumi-

313 5220 449 5259 num
486 5202 557 5270 ⁸⁸,
586 5219 651 5258 ex
677 5221 786 5275 quo
810 5213 936 5259 ante
954 5204 1155 5259 smcula
1188 5201 1358 5258 Filius
1376 5219 1438 5256 ae
1470 5201 1707 5259 Verbum
1731 5205 1902 5273 prima

313 5298 576 5355 similiter
606 5314 844 5369 veraque
882 5300 974 5353 lux
1011 5298 1211 5354 eximie
1260 5297 1517 5368 etl‘ulgct;
1556 5297 1904 5369 incorporea,

414 5493 462 5527 ”
493 5494 642 5554 Psai.
672 5510 908 5559 unm,
939 5495 993 5553 6.
1070 5494 1117 5528 ⁸⁷
1149 5493 1289 5549 Gen.
1315 5507 1507 5548 nvnt.
1548 5492 1634 5548 15.

394 5707 645 5780 (Eliireg.
679 5719 821 5767 orat.
855 5711 939 5774 15,
975 5726 1028 5778 p.
1070 5709 1196 5763 9H.

387 5781 469 5852 (si)
498 5781 650 5852 οης-
688 5782 778 5845 57.
814 5799 846 5851 ι»
879 5784 936 5839 6t
958 5784 1004 5836 t.

381 5846 467 5925 (5)
499 5851 576 5908 ita
604 5850 718 5909 fere
754 5846 950 5920 Greci,
978 5865 1085 5907 non
1109 5848 1270 5907 facile
1296 5846 1501 5916 Latini,
1535 5853 1739 5921 quibus
1774 5847 1904 5920 Spi-

1784 5488 1832 5528 ⁸⁸
1864 5490 1982 5548 Jac.
2023 5507 2061 5560 ι,
2098 5492 2184 5554 l7.
2260 5494 2307 5528 ”
2339 5493 2533 5551 Matth.
2561 5512 2635 5565 at,
2662 5495 2756 5551 27.

2015 4654 2117 4709 bus
2148 4653 2364 4725 exiguis
2395 4655 2520 4710 licet
2558 4671 2680 4727 qua:
2713 4668 2842 4714 sunt
2867 4663 3105 4714 maxima
3151 4663 3448 4733 conjicere,
3476 4669 3594 4721 vcl-

2014 4753 2071 4799 ut
2110 4745 2275 4800 alium
2314 4762 2394 4811 se,
2449 4746 2721 4817 innatum,
2755 4764 2817 4804 ac
2862 4753 3282 4808 substantialcm
3317 4767 3443 4811 ante
3494 4776 3594 4811 sae—

2016 4837 2201 4890 culum
2242 4836 2588 4906 Sermonem,
2618 4856 2712 4895 seu
2749 4839 3016 4908 Verbum,
3059 4848 3273 4916 gignit;
3337 4849 3595 4920 velutque

2011 4926 2332 4987 Sermonem
2363 4928 2569 4997 alium,
2626 4945 2721 4986 seu
2777 4932 3011 4988 Verbum
3087 4952 3280 4993 rursus
3330 4936 3592 5007 Spiritum

2014 5014 2295 5086 (Verbum
2356 5018 2563 5074 scilicet
2620 5022 2834 5076 virtutis
2884 5024 3115 5096 suae")
3173 5027 3456 5095 proferens
3529 5049 3594 5089 ac

2010 5111 2196 5176 edens,
2222 5109 2273 5163 in
2301 5124 2368 5163 eo
2395 5120 2702 5171 creaturam
2736 5114 3042 5170 universam
3092 5118 3342 5173 absolvit.

2083 5201 2323 5258 Trinitas
2359 5204 2521 5274 igitur
2546 5205 2599 5260 in
2630 5206 2885 5274 lJuitate;
2920 5218 3085 5278 atque
3123 5209 3383 5267 Unitasin
3412 5215 3595 5271 Trini-

2014 5306 2144 5364 tate,
2183 5297 2494 5353 declaratur
2528 5298 2582 5355 id
2615 5302 2759 5373 quod
2791 5302 3024 5358 colimus
3056 5321 3070 5358 :
3110 5301 3375 5373 Trinitas,
3405 5321 3592 5377 perso-

2866 5497 2910 5530 ⁸ο
2937 5497 3150 5567 Hebm,
3180 5499 3234 5553 5.

2017 5712 2153 5785 ritus
2177 5712 2222 5766 vi
2258 5712 2488 5783 originis
2532 5714 2835 5773 formaliter
2876 5731 2985 5773 non
3021 5716 3091 5774 sit
3125 5716 3343 5785 similis,
3373 5715 3475 5773 etsi
3504 5731 3592 5774 re-

2018 5782 2134 5853 ipsa
2162 5792 2265 5854 est,
2301 5782 2378 5841 uti
2410 5796 2463 5842 et
2490 5785 2657 5843 Deus.
