4134 6306
557 346 655 412 451

1675 417 1683 422 ,
1760 340 2054 406 meum
2081 341 2612 408 PAPHLAGONIS

3723 341 3828 409 452

563 462 674 522 nis,
728 465 892 527 atque
945 454 1166 522 Unitas,
1231 452 1508 522 essentia;
1573 451 1961 522 immutabilis,
2025 455 2658 529 parlAdefungeretur,
2692 465 2948 513 naturam
2976 455 3198 514 interitu
3231 464 3504 515 mortuam
3527 459 3819 538 excitaret,

562 550 816 607 sublimis
843 549 1072 613 honore,
1094 548 1416 602 intemerata
1449 557 1644 602 natura
1667 563 1684 612 ;
1707 546 1898 603 eadem
1925 546 2144 618 praeful-

561 658 697 715 gens
720 642 990 706 claritate,
1016 640 1208 695 eodem
1259 641 1464 695 throno
1509 641 1708 696 sedens
1753 658 1769 695 :
1809 656 1916 695 una
1950 640 2146 695 volunv

559 747 664 800 tas,
696 750 805 790 una
840 733 1105 804 operatio,
1135 733 1324 788 eadem
1353 731 1568 801 virtus;
1598 742 1865 803 potestas,
1896 731 2142 786 domina-

560 829 658 891 tio,
694 841 922 896 regnum
961 840 1069 879 non
1099 825 1359 879 divisum.
1413 823 1573 879 Nullo
1613 823 1762 880 enim
1817 825 1978 880 modo
2021 841 2143 895 qute

557 928 773 974 suntex
807 918 926 987 ipsa
976 916 1202 987 (mente)
1259 917 1342 972 ab.
1402 916 1518 986 ipsa
1565 915 1848 982 dill'erunt;
1905 930 2139 986 querum

557 1010 712 1066 alteri
731 1009 972 1080 quidem,
993 1019 1051 1063 ut
1073 1009 1349 1081 gignatur,
1375 1008 1552 1074 alteri,
1575 1018 1632 1063 ut
1647 1008 1898 1079 procedat
1925 1018 2137 1074 auctor,

557 1101 796 1157 exsistit.

631 1194 722 1250 Sic
772 1194 991 1264 quidem
1037 1193 1203 1264 igitur
1266 1203 1513 1260 sanctus,
1575 1192 1772 1248 Sancta
1825 1203 2136 1249 sanctorum

555 1287 822 1341 secretius
852 1287 1068 1350 doctus,
1119 1297 1382 1357 quantum
1436 1286 1584 1340 brevi
1629 1301 1878 1341 sermone
1936 1302 2134 1357 reprtc-

557 1391 778 1436 sentare
846 1382 993 1443 licet,
1077 1382 1364 1451 defixaque
1417 1381 1547 1435 huic
1600 1380 1884 1447 theologite
1941 1381 2137 1436 mentis

554 1476 690 1540 acie,
741 1484 862 1543 post
901 1489 1020 1529 eam
1075 1475 1286 1537 ordine,
1334 1489 1456 1543 qua:
1504 1473 1666 1528 etiam
1709 1473 1773 1528 ad
1802 1481 1979 1528 creata
2011 1489 2136 1545 spc-

553 1575 724 1628 ctant,
781 1565 999 1619 divinas
1045 1565 1462 1634 prtedicatioucs
1519 1563 1744 1633 aptavit.
1804 1562 1957 1618 llaud
2002 1579 2132 1619 vero

551 1658 648 1712 abs
710 1674 767 1711 re
796 1656 1048 1719 forsitan,
1103 1667 1160 1710 ut
1194 1665 1248 1710 et
1283 1657 1474 1709 horum
1506 1657 1720 1725 paucis,
1753 1673 1818 1711 ex
1867 1656 2040 1712 sacris
2065 1655 2132 1710 il-

551 1753 657 1806 lius
708 1750 968 1819 eloquiis,
1007 1751 1446 1805 meminerimus.
1483 1750 1695 1816 Duplici
1724 1751 1869 1804 enim
1907 1749 2128 1821 mundo,

548 1860 609 1898 ea
647 1860 768 1913 qua!
802 1852 953 1904 sunt,
1002 1858 1217 1896 summa
1247 1842 1509 1912 colligens
1537 1841 1636 1912 (6),
1684 1853 1848 1914 atque
1899 1843 2128 1898 alterum

547 1936 769 2005 quident
811 1934 1083 2005 ejusmodi
1120 1944 1181 1989 ιιι
1219 1946 1402 1988 mente
1429 1936 1781 2006 intelligatur,
1817 1939 2047 1991 alterum
2075 1946 2134 1990 ut

547 2043 712 2082 sensu
750 2028 954 2097 percipi
987 2028 1199 2098 possit;
1233 2029 1470 2097 primum
1498 2029 1755 2097 alterum,
1790 2030 2004 2099 Dcoque
2039 2029 2128 2083 fa-

546 2118 848 2184 miliarem,
907 2129 1079 2190 atque
1119 2121 1458 2191 intelligendi
1489 2122 1538 2175 vi
1571 2121 1892 2191 prauiitum;
1931 2132 2144 2178 secun-'

543 2211 674 2266 dum
727 2213 984 2274 alterum,
1021 2221 1455 2281 extraneumque
1489 2229 1518 2265 a
1551 2215 1772 2278 deitate,
1804 2229 1868 2268 ac
1901 2215 2128 2268 materia

543 2312 884 2369 concretum,
914 2303 1224 2374 intelligens
1249 2321 1264 2370 ;
1302 2301 1572 2360 utrumvis
1593 2305 1660 2360 ab
1686 2306 1858 2361 altero
1911 2305 2130 2378 sapien-

545 2394 754 2448 tissima
786 2394 995 2448 ratione
1057 2411 1122 2450 ac
1156 2411 1322 2450 Sensu
1362 2396 1648 2453 discernit.

616 2484 832 2540 Etenim
899 2487 1136 2541 alterum
1199 2489 1420 2556 quidem
1495 2490 1821 2559 spiritalem,
1873 2491 2127 2562 velutque

540 2577 783 2633 essentia
829 2580 1048 2650 igneum
1110 2596 1174 2634 ac
1207 2581 1528 2635 deit'onnem
1574 2581 1867 2654 (angelicas
1921 2585 2129 2640 scilicet

544 2679 792 2735 naturas,
810 2686 874 2726 ac
898 2687 926 2725 a
956 2687 1187 2743 corpore
1212 2673 1539 2744 absolutas),
1572 2676 1802 2730 alterum
1837 2693 1968 2731 vero
1995 2693 2124 2732 cor-

546 2778 774 2832 poreum
821 2773 934 2818 tum
968 2779 1107 2830 esse,
1147 2773 1258 2819 tuttt
1293 2765 1395 2820 sibi
1427 2767 1603 2836 ipsum
1627 2777 1971 2837 compactum
1998 2785 2124 2840 par—

542 2857 799 2922 tibusque
821 2870 1172 2924 connexum;
1213 2860 1307 2928 qui
1341 2874 1534 2928 nempe
1573 2875 1640 2913 ex
1684 2861 2123 2926 continentere-

541 2963 665 3001 rum
744 2947 889 3004 hanc
945 2950 1386 3015 universitatem,
1439 2968 1505 3007 ac
1556 2955 1841 3012 elementis
1891 2965 2126 3026 quatuor

533 3049 766 3094 conswt.
801 3040 881 3096 Ad
910 3041 1138 3110 majoris
1163 3052 1346 3098 autem
1415 3046 1696 3115 sapientiae
1735 3049 2033 3117 specimen,
2056 3065 2122 3105 ex

2246 561 2412 617 atque
2443 551 2508 605 ad
2547 551 2872 606 diviniorem
2909 551 3075 605 vitam
3103 549 3442 606 transferret.

2316 640 2601 712 Ejusmodi
2669 650 2826 697 erant
2889 659 3012 713 qua:
3085 641 3396 715 Theologus
3451 642 3724 700 hactenus
3766 644 3823 700 in

2245 734 2419 789 Ponto
2477 734 2678 804 degens
2713 774 2728 798 ,
2785 733 3292 804 philosopltabatur.
3340 733 3465 788 llaec
3509 734 3658 804 prius
3712 735 3825 791 illic

2245 837 2426 882 mente
2503 827 2834 898 speculando
2917 827 3324 896 contemplatus
3385 835 3530 892 est;
3596 834 3822 896 tumque

2243 933 2436 990 poStea
2491 933 2746 973 sermone
2816 933 2918 988 pro
2967 915 3227 986 Theologi
3281 916 3527 986 partibus
3573 917 3816 974 dictavit.

2240 1011 2420 1081 Atque
2473 1011 2561 1067 bic
2608 1011 2728 1080 ejus
2779 1010 3113 1074 solitudinis,
3169 1024 3294 1078 qua
3331 1023 3574 1063 eventum
3626 1010 3819 1074 eo'uit,

2243 1102 2456 1158 fructus
2485 1115 2587 1166 est,
2612 1114 2878 1170 quantum
2935 1101 3069 1155 mihi
3113 1101 3366 1170 equidem
3414 1114 3498 1154 res
3553 1100 3697 1169 ejus,
3751 1115 3819 1155 ex

2243 1195 2532 1264 ipsinsmet
2565 1195 2807 1262 scriptis,
2845 1192 3035 1247 saltent
3090 1192 3302 1246 modice
3340 1190 3528 1246 datum
3579 1199 3664 1246 est
3691 1206 3818 1261 pro-

2240 1287 2418 1356 sequi.

2301 1378 2503 1434 -Totam
2534 1378 2696 1447 igitur
2725 1385 2959 1432 veterem
2993 1384 3272 1446 totamque
3315 1389 3534 1439 novam,
3560 1387 3667 1445 qua
3695 1374 3814 1428 nul-

2239 1473 2327 1535 lus
2358 1474 2656 1544 sagacitate
2685 1480 2800 1526 tum
2838 1470 3233 1541 antiquiorum,
3265 1477 3378 1524 Iunt
3408 1483 3547 1538 quos
3580 1485 3816 1540 sequens

2237 1567 2629 1636 protulitaetas,
2661 1563 2998 1634 Scripturam
3033 1563 3367 1629 meditatus;
3404 1561 3687 1632 divinique
3723 1578 3818 1619 cu-

2231 1659 2434 1729 jusque
2465 1657 2609 1712 verbi
2652 1672 2716 1711 ac
2742 1656 2892 1710 vocis
2919 1665 3226 1709 accuratam
3260 1654 3528 1717 notitiam,
3557 1654 3812 1722 primam-

2237 1769 2341 1824 que
2359 1751 2604 1806 veritatis
2626 1749 3040 1820 intelligentiam
3059 1747 3244 1802 divine
3264 1743 3469 1816 Spiritu
3485 1755 3807 1816 prmceptore

2236 1845 2507 1900 sacratius
2546 1842 2800 1909 edoctus;
2833 1856 2897 1896 ac
2913 1856 3036 1896 eum
3073 1841 3142 1894 ita
3181 1838 3271 1893 Dei
3292 1838 3604 1910 paradisum
3632 1837 3796 1894 fructu

2223 1939 2380 1994 omni
2399 1936 2733 2000 dulcissimo,
2749 1936 3000 2006 bonoque
3024 1933 3171 1990 omni
3185 1933 3422 2004 cogitatu
3447 1949 3512 1990 ae
3539 1931 3798 1988 intellectu

2232 2029 2562 2096 confertum,
2593 2044 2752 2084 suum
2783 2028 2898 2097 ipse
2925 2027 3170 2082 animum
3198 2025 3549 2090 reddidisset,
3586 2024 3808 2080 reverti-

2235 2135 2362 2191 tur;
2399 2124 2638 2194 primum
2674 2121 2893 2192 quidem
2951 2119 3124 2191 sacris
3167 2117 3510 2188 parentibus,
3565 2117 3663 2188 qui
3691 2115 3811 2186 ejus

2236 2215 2475 2270 maxime
2531 2229 2656 2269 cum
2705 2211 2960 2282 spiritali,
2993 2218 3105 2264 tum
3133 2209 3403 2280 corporali
3451 2224 3554 2279 ope
3598 2208 3811 2280 indige—

2231 2316 2373 2371 rent,
2405 2317 2630 2376 tumque
2655 2305 2820 2360 etiam
2872 2303 3131 2357 omnibus
3161 2302 3360 2373 quibus
3416 2311 3564 2358 esset
3623 2303 3810 2358 animo

2232 2398 2588 2453 constitutum
2632 2405 2692 2451 ut
2746 2395 3006 2467 pietatem
3067 2393 3328 2458 colerent,
3368 2393 3419 2448 in
3457 2408 3807 2450 communem

2228 2506 2289 2546 se
2325 2491 2644 2553 utilitatem,
2682 2488 2860 2558 iiSque
2890 2486 3175 2551 utendum,
3201 2500 3502 2556 exponens.

2300 2584 2380 2638 Ac
2415 2581 2562 2637 sicut
2591 2578 2807 2642 Petrus,
2857 2577 3072 2634 Christi.
3105 2577 3500 2648 discipulorum
3535 2587 3803 2648 prmstau-

2228 2676 2456 2730 tissime:
2486 2673 2740 2744 primititc
2797 2687 2862 2728 ac
2893 2670 3114 2728 coronis
3144 2688 3161 2725 :
3201 2681 3368 2741 atque
3397 2670 3654 2725 universe
3686 2669 3802 2726 dei-

2229 2767 2417 2822 formis
2473 2766 2650 2821 omnis
2708 2765 3092 2837 apostolorum
3145 2763 3387 2830 chorus,
3418 2770 3530 2816 tota
3568 2761 3806 2831 primum

2226 2857 2540 2912 sinceritate
2641 2855 3044 2910 divinissimttm
3121 2866 3447 2923 summeque
3504 2852 3806 2923 principem

2223 2950 2410 3008 Jesum
2462 2950 2749 3013 asscetati,
2785 2947 3019 3018 ﬁdeique
3051 2947 3315 3002 doctrinae
3368 2955 3635 3002 navantes
3670 2960 3808 3017 ope-

2225 3058 2364 3106 ram,
2397 3041 2542 3097 omni
2577 3041 2796 3112 quidem
2833 3039 3002 3094 animi
3057 3039 3275 3094 macula
3330 3039 3804 3110 abstergebantur,

535 3134 935 3187 contrariorum
971 3135 1229 3191 tnistione
1284 3153 1452 3191 unum
1481 3134 1752 3208 quoddam
1804 3142 2002 3196 animal
2029 3157 2116 3197 ar-

2225 3136 2489 3203 omniqne
2512 3133 2711 3189 divinae
2740 3131 2986 3187 scientiae
3010 3131 3135 3185 luce
3187 3130 3566 3200 replebautur;
3619 3126 3801 3198 perfe-

533 3225 678 3280 titicc
705 3226 914 3280 ratione
940 3229 1282 3298 compegisse
1307 3246 1321 3295 ;
1363 3229 1632 3298 ejusmodi
1662 3234 1890 3299 scilicet,
1919 3246 1976 3288 ut
2000 3246 2112 3290 tum

531 3331 661 3370 caro
699 3316 952 3382 exsistat,
986 3326 1248 3389 tanquam
1280 3336 1347 3376 ex
1400 3324 1628 3378 materia
1663 3340 1692 3380 e
1725 3334 1868 3382 terra
1904 3327 2110 3382 forma-

529 3415 938 3477 tum;tumque
969 3408 1219 3479 spiritus,
1270 3419 1526 3482 tanquam
1585 3415 1902 3484 insutilatio,
1950 3427 2113 3488 atque

531 3499 655 3569 ejus
705 3501 1010 3556 similitudo
1046 3504 1136 3572 qui
1193 3504 1267 3558 illi
1314 3505 1628 3562 insulilavit.
1683 3503 1878 3574 Perro,
1938 3521 2110 3567 totttm

528 3603 848 3649 concretum
891 3595 1016 3658 hoc,
1069 3595 1347 3650 hominem
1405 3587 1701 3669 exstitisse,
1741 3605 1942 3658 utentis
1989 3581 2112 3660 aen-

527 3697 733 3752 susque
774 3693 1116 3754 compotem;
1162 3695 1219 3740 ut
1246 3703 1410 3742 sensu
1459 3689 1704 3759 quidem,
1739 3692 1806 3748 iis
1839 3710 1963 3762 qua:
1985 3711 2112 3750 seu-

528 3775 651 3828 silia
675 3783 802 3830 sunt
829 3815 845 3838 ,
888 3787 1070 3832 mente
1110 3793 1258 3845 vero,
1312 3781 1396 3835 his
1427 3796 1548 3851 qua:
1607 3784 1942 3841 intellectilia
1989 3796 2110 3843 tan-

527 3882 693 3938 quam
729 3866 1093 3924 lamiliaribus
1131 3886 1541 3928 consuesceret.

599 3957 772 4025 Hunc,
817 3961 1065 4016 utsacris
1089 3963 1359 4030 proditum
1392 3965 1608 4022 Litteris
1630 3977 1733 4035 est,
1766 3969 1817 4024 in
1851 3973 2108 4041 paradiso

527 4051 853 4106 collocatum
917 4068 1042 4108 esse
1098 4054 1485 4112 itanrtaliunt
1532 4061 1864 4130 plantarum,
1902 4067 1954 4120 id
1999 4077 2120 4135 est,

525 4144 836 4198 divinorum
919 4160 1204 4201 sensorum
1300 4162 1657 4219 spectatorem
1709 4174 1726 4210 :
1785 4158 2104 4228 nequissimi

527 4246 659 4285 vero
710 4236 982 4302 serpentis
1032 4237 1279 4292 consiliis
1324 4239 1632 4309 seductum,
1667 4260 1731 4300 ac
1763 4261 1886 4303 cum
1922 4251 2103 4308 minus

524 4326 791 4378 hactenus
825 4342 1120 4397 congruam
1155 4328 1466 4399 importune
1525 4337 1953 4404 speculationem
1979 4343 2104 4397 atti-

523 4417 711 4484 gisset,
737 4427 849 4471 tum
889 4420 958 4474 ab
996 4419 1114 4489 ipso
1139 4423 1586 4496 conditore,_tuut
1625 4444 1653 4483 a
1683 4433 1941 4500 paradiso
1984 4452 2086 4491 vo—

523 4511 745 4580 luptatis
775 4521 1058 4568 extorrem
1096 4517 1294 4571 merito
1317 4517 1549 4588 ejectum
1585 4538 1726 4579 esse.
1767 4525 1895 4583 lude
1939 4530 2102 4585 vitam

523 4603 684 4659 nullis
711 4605 992 4660 molestam
1023 4606 1323 4676 laboribus,
1343 4620 1605 4686 extraque
1633 4616 1880 4674 interitus
1903 4623 2100 4692 aleam,

519 4693 836 4760 sudoribus,
890 4709 954 4750 ac
995 4696 1306 4764 laboribus,
1353 4711 1643 4773 morteque
1705 4720 2096 4765 commutasse.

520 4783 649 4837 Inde
713 4799 987 4850 sermone,
1051 4787 1192 4857 lege,
1237 4787 1536 4858 judicibus,
1604 4795 1907 4864 prophetis,
1949 4802 2100 4857 omni

517 4891 713 4945 genere
741 4873 1149 4944 beneﬁciorum,
1176 4881 1437 4952 omnique
1469 4886 1808 4954 ﬂagellorum
1851 4890 2095 4960 periculo

517 4970 896 5035 ferocientem,
931 4975 1131 5044 vixque
1161 4977 1526 5042 tractabilem,
1580 4980 1713 5049 quin
1746 4981 2091 5051 desperatum

515 5060 763 5128 omnino,
807 5079 872 5118 ac
939 5064 1320 5131 insanabilem,
1354 5084 1420 5123 eo
1465 5069 1758 5136 adductus,
1816 5083 1877 5128 ut
1913 5077 2092 5145 primo

520 5154 782 5223 indigeret
806 5157 1033 5221 auxilio,
1090 5175 1457 5230 supremoque
1485 5164 1760 5220 curandus
1826 5178 1971 5223 esset
2010 5185 2094 5224 re-

511 5248 712 5302 medio.
743 5248 802 5301 In
841 5264 908 5302 eo
945 5249 1074 5303 illud
1102 5253 1364 5319 positum,
1399 5261 1457 5306 ut
1492 5255 1606 5323 ipse.
1637 5255 1778 5310 Deus
1825 5256 2087 5323 Verbum,

509 5339 694 5392 carnis
734 5353 952 5408 expers,
979 5340 1162 5394 carnis
1189 5356 1318 5410 ergo
1349 5356 1413 5394 ex
1441 5343 1696 5411 virgineis
1730 5350 2089 5418 sanguinibus

515 5446 740 5484 carnem
793 5431 1086 5498 indueret;
1122 5431 1431 5502 animmque
1492 5435 1810 5506 intelligenti
1869 5454 2090 5513 propter

514 5522 753 5575 animam
815 5523 1318 5591 reminisceretur;
1368 5539 1432 5579 ac
1490 5545 1596 5599 qua
1637 5529 1856 5587 demum
1916 5546 2090 5594 morte

579 5669 622 5698 ⁶¹
656 5665 832 5721 ICor.
867 5681 946 5728 Ill,
981 5667 1068 5720 17.
1146 5669 1190 5699 ⁶¹
1219 5666 1334 5725 Jac.
1364 5673 1515 5738 t,18.

579 5783 654 5852 (ti)
698 5782 850 5838 Orat.
883 5785 950 5838 58
978 5797 1031 5842 et
1069 5790 1159 5844 te.

1593 5677 1639 5707 "
1669 5673 1686 5728 ι
1717 5674 1841 5733 Cor.
1875 5694 1964 5747 XV,
1995 5681 2082 5739 '59.

2227 3229 2401 3290 ctiore
2429 3233 2608 3279 autem
2637 3234 2820 3292 postea
2842 3222 3080 3292 Spiritus
3107 3221 3336 3276 adventu
3364 3220 3629 3283 exhibito,
3656 3220 3791 3274 ube-

2223 3319 2533 3389 rioremque
2556 3315 2864 3372 divinorum
2889 3315 2938 3368 in
2968 3329 3061 3371 eos
3089 3313 3358 3368 amatuum
3413 3310 3789 3379 donorumque

2222 3409 2696 3480 participationem
2779 3408 2952 3472 nacti,
3017 3410 3205 3478 sicque
3268 3404 3532 3466 instructi,
3579 3399 3786 3457 cunctis

2221 3501 2577 3571 sospitatorcs
2608 3501 2862 3571 gentibus
2896 3501 3256 3556 mittebantur
3288 3518 3302 3554 :
3330 3498 3472 3553 haud
3504 3513 3662 3553 secus
3700 3496 3795 3551 hic

2219 3609 2438 3666 quoque
2495 3611 2619 3650 cum
2679 3595 2907 3650 Domino
2967 3593 3176 3666 Spiritu
3203 3593 3246 3624 "
3274 3607 3502 3647 accensa
3556 3589 3796 3661 primum

2217 3691 2324 3747 title
2354 3693 2493 3746 inter
2512 3692 2830 3748 solitudinis
2849 3691 3065 3746 silentia
3089 3699 3361 3756 versatus,
3390 3702 3593 3744 accutn
3616 3686 3800 3741 scien-

2219 3787 2303 3840 tia:
2328 3786 2542 3850 cultor,
2571 3787 2734 3840 etiam
2762 3785 3210 3855 contemplationi
3240 3797 3461 3852 operam
3493 3779 3796 3852 posuisset,

2217 3894 2543 3949 omnemque
2572 3893 2797 3948 prorsus
2837 3879 2951 3931 vitii
2990 3878 3163 3952 labem
3186 3876 3433 3942 cluisset,
3463 3889 3528 3928 ac
3557 3871 3794 3927 divinam

2215 3985 2434 4024 omnem
2473 3969 2894 4024 illustrationent
2922 3978 3249 4024 consecutus
3271 3977 3437 4030 esset,
3472 3963 3796 4036 perfectiore

2213 4064 2432 4117 demum
2471 4061 2711 4132 Spiritus
2763 4061 2966 4127 alllatu,
3007 4061 3087 4116 sic
3141 4061 3460 4131 operatione
3507 4057 3745 4111 donatus
3772 4091 3791 4119 ,

2213 4165 2376 4225 atque
2405 4158 2507 4222 ita,
2545 4155 2697 4226 juxta
2735 4155 2918 4209 divum
2955 4153 3242 4220 Jacobum,
3271 4167 3525 4208 sermone
3549 4148 3794 4210 veritatis

2214 4249 2452 4318 genitus,
2488 4249 2602 4320 ipse
2632 4264 2850 4320 quoque
2885 4249 3104 4304 illorum
3152 4263 3305 4303 more
3357 4245 3610 4316 primitia:
3638 4256 3793 4313 quae-

2209 4346 2336 4397 dam
2377 4353 2752 4399 creaturarum
2789 4343 2910 4408 Dei,
2949 4344 3152 4398 missus
3176 4343 3346 4396 est".

2288 4435 2392 4502 Qui
2449 4435 2656 4504 primus
2700 4436 2864 4490 homo
2893 4434 3150 4490 conditus
3184 4443 3267 4488 est
3292 4475 3307 4499 ,
3348 4431 3441 4486 Dei
3480 4428 3740 4498 imaginis
3767 4469 3787 4495 ,

2139 4515 2181 4568 Ῑ)
2209 4537 2373 4598 atque
2407 4527 2644 4582 dextera:
2673 4528 2928 4597 gloriam,
2960 4541 3025 4581 ac
3053 4525 3290 4596 paradisi
3318 4530 3650 4580 consecutus
3685 4521 3791 4575 de-

2210 4622 2384 4687 licias,
2407 4623 2550 4692 quod
2575 4637 2670 4693 per
2697 4625 2880 4678 carnis
2904 4621 3203 4685 libidinem,
3235 4619 3361 4682 vita,
3389 4633 3510 4690 quae
3542 4617 3596 4670 in
3621 4616 3786 4686 spiri-

2211 4724 2264 4770 tn
2306 4725 2408 4779 est,
2440 4717 2724 4780 exciderit,
2755 4715 2994 4771 carnalis
3020 4725 3174 4770 ortus
3221 4728 3425 4784 auspex
3483 4721 3788 4780 auctorque

2207 4808 2792 4876 bominibusexstitit;
2827 4810 3048 4878 vitaque
3107 4806 3351 4878 angelica
3401 4820 3468 4860 ac
3503 4802 3640 4859 nulli
3688 4802 3789 4857 ob-

2206 4901 2368 4953 noxia
2402 4900 2646 4954 interitui
2692 4915 2788 4970 per
2841 4899 3152 4960 socordiam
3191 4897 3395 4953 amissa
3452 4905 3614 4965 atque
3653 4907 3786 4962 pro-

2200 4990 2366 5062 jecta.
2426 4993 2548 5060 ejus
2592 5009 2716 5062 quae
2766 4993 3050 5047 aﬂectibus
3113 4993 3419 5062 mortisque
3479 4985 3787 5043 interitioni

2201 5085 2418 5138 addicta
2453 5095 2557 5147 est,
2599 5100 2796 5154 parcns
2835 5085 3087 5140 inaudiit.
3145 5085 3216 5140 At
3262 5083 3581 5154 Gregorius,
3619 5080 3783 5152 primi

2200 5177 2425 5246 quidem
2469 5185 2632 5248 atque
2682 5180 2883 5234 terreni
2947 5181 3098 5250 prius
3129 5189 3349 5251 gestans
3403 5177 3694 5246 imaginem
3734 5175 3784 5209 ⁸³

2200 5272 2428 5339 (etenim
2454 5273 2618 5327 homo
2643 5275 2804 5344 erat),
2838 5287 3062 5345 tumque
3089 5270 3780 5336 eo-abdicato,secuudum

2196 5374 2387 5434 postea
2427 5374 2590 5436 atque
2609 5367 2884 5422 caelestem
2916 5366 3181 5422 Adamum
3216 5367 3477 5432 induciis;
3505 5373 3782 5434 natusque

2201 5468 2368 5529 atque
2394 5458 2673 5530 perlectus
2727 5461 3029 5516 secundum
3063 5459 3185 5531 ejus
3227 5460 3520 5532 imaginem
3554 5459 3779 5529 (quippe

2197 5552 2549 5623 prmStantior
2594 5554 2837 5627 homine)
2896 5555 3110 5612 initium
3165 5554 3440 5626 quoddam
3495 5568 3559 5610 ac
3616 5549 3776 5608 radix
