4150 6298
325 355 438 423 εει
1069 353 1351 417 ORATIO
1388 356 1517 418 XX.
1545 355 1722 418 --ΙΝ
1763 354 2073 420 LAUDEM
2113 359 2174 419 S.
2214 357 2590 420 GREGORII
2615 357 2889 423 TIIEOL.

3506 362 3611 431 lSi

332 471 600 546 spiritalis
627 469 952 537 nativitatis,
999 472 1197 538 aetatis.
1226 488 1340 528 sum
1380 453 1702 528 hominibus
1739 485 1912 545 appa-
1941 483 1988 538 Α
2016 472 2418 530 Nazianzenam
2479 474 2665 532 sedem
2723 478 3015 548 regendam
3071 482 3446 555 suscepisset,
3504 501 3608 542 an-

335 570 468 623 ruit.
512 565 667 621 Verbi
700 564 852 618 enim
917 562 1265 635 Spiritusque
1303 564 1568 635 potentia,
1598 579 1698 622 ceu
1727 567 1914 621 incon-

337 661 658 715 taminatam
688 665 991 712 sementem
1042 656 1260 727 pietatis
1315 662 1538 712 verbum
1587 667 1913 718 cunctorum

334 752 595 808 cordibus
623 751 990 806 disseminans
1011 765 1024 813 ;
1047 765 1108 804 ac
1140 750 1287 804 velut
1315 749 1612 818 imbribus,
1635 751 1916 806 continuis

331 846 465 900 illud
507 842 864 908 sermonibus,
897 858 960 897 ac
993 842 1287 913 colloquiis
1344 844 1594 899 nutriens
1651 859 1914 899 consum-

328 953 625 1008 mansque,
661 946 824 1006 atque
850 935 916 991 ad
951 951 1262 992 mensuram
1305 935 1564 1005 spiritalis
1595 936 1769 992 sitatis
1791 951 1919 1006 pro—

328 1031 576 1095 vehens;
609 1029 847 1100 primum
880 1028 1127 1098 quidem,
1160 1041 1352 1080 eorum
1380 1027 1655 1096 quicarne
1685 1028 1912 1097 genuis-

324 1131 478 1183 sent.
540 1121 735 1190 spiritu
775 1118 1016 1174 efficitur
1052 1133 1286 1189 parens;
1315 1118 1620 1188 eximieque
1656 1119 1818 1174 etiam
1847 1119 1915 1174 ad

325 1223 647 1286 extraneos,
679 1211 884 1266 mentis
913 1209 1078 1274 hanc,
1099 1209 1639 1282 pulcherritnamque
1668 1212 1918 1284 adoptio-

328 1319 459 1360 nem
488 1317 656 1373 supra
686 1302 906 1358 modum
942 1317 1006 1357 ac
1043 1301 1312 1357 latissime
1339 1301 1568 1373 profert.

403 1392 740 1465 Ipse'autem
802 1396 1068 1465 seipsum.
1129 1395 1278 1450 omni
1327 1395 1554 1466 dignum
1597 1396 1868 1452 miraculo
1897 1439 1914 1465 ,

331 1506 395 1545 ac
416 1490 576 1559 longe
603 1487 915 1568 absolutum
941 1487 1160 1541 virtutis
1183 1489 1466 1558 exemplar
1487 1484 1916 1566 proponens“);

331 1583 571 1652 primum
605 1579 826 1650 quidem
878 1594 993 1634 sua:
1037 1579 1090 1632 in
1141 1578 1372 1633 Pontum
1416 1580 1558 1650 luga
1591 1581 1916 1638 manifestas

326 1689 605 1730 excusans
656 1660 819 1730 τισιν-ἰ
852 1673 1143 1728 rationes:
1201 1673 1603 1745 quod‘nempe
1655 1676 1917 1743 prazclaro

327 1767 649 1822 solitudinis
691 1765 908 1840 amatus
937 1781 1142 1834 amore,
1183 1781 1540 1836 superna-que
1567 1766 1919 1835 philosophia:

328 1863 628 1916 instinctus
655 1859 960 1927 desiderio,
985 1861 1227 1914 urbanos
1252 1859 1518 1914 tumultus
1540 1859 1916 1928 declinaverit,

329 1964 394 2008 ut
423 1969 483 2008 se
517 1953 779 2008 nimirum
817 1952 871 2008 in
896 1969 984 2018 ea,
1014 1945 1277 2023 tanquam
1303 1953 1528 2024 speculo
1561 1951 1914 2019 nitidissimo,

334 2029 765 2120 Contemplatus,
804 2061 894 2116 ac,
930 2061 1096 2117 quam
1126 2046 1279 2116 prius
1323 2062 1415 2126 per
1450 2047 1714 2117 Spiritum
1748 2046 1918 2102 divini

342 2140 637 2194 sacerdotii
709 2140 1022 2195 unctiOnem
1107 2148 1303 2195 nactus
1354 2137 1532 2205 erat,
1598 2137 1921 2209 perfectiore

341 2231 736 2286 emundatione
759 2229 1073 2302 obsignans,
1107 2241 1395 2304 ratamque
1426 2233 1531 2287 sibi
1592 2248 1657 2285 ac
1704 2232 1918 2286 ﬁrmant

342 2325 518 2379 divini
557 2323 686 2380 doni
714 2326 1108 2392 possessionem
1137 2333 1403 2395 prmstans
1423 2367 1440 2391 ,
1473 2324 1554 2379 sic
1577 2340 1714 2395 pure.
1741 2325 1921 2396 puris-

342 2419 490 2475 simo
521 2417 597 2471 uti
633 2428 839 2486 posset,
868 2419 932 2472 ac
954 2418 1004 2472 ei
1036 2432 1425 2472 consuescere.
1458 2416 1596 2471 Tum
1621 2416 1922 2474 sacerdotis

342 2507 578 2565 ostendit
615 2507 954 2576 dignitatem,
1023 2521 1088 2563 ac
1115 2509 1334 2579 qualem
1366 2523 1492 2562 eum
1522 2491 1774 2578 oporteat
1800 2524 1922 2564 esse

343 2602 440 2675 qui
485 2592 1324 2681 in,episcopum,prteﬁciendus
1385 2602 1498 2658 sit:
1531 2601 1749 2673 quibus.
1790 2603 1918 2657 item

342 2694 648 2754 rationibus
681 2708 921 2764 praeesse
957 2711 1082 2750 euut
1115 2703 1366 2765 oporteat
1390 2698 1538 2768 gregi
1589 2697 1762 2754 utenti
1819 2715 1921 2752 ra-

340 2787 504 2852 tione.
537 2785 909 2858 pulcherrime
955 2800 1280 2856 snmtnaque
1295 2785 1642 2857 philosophia
1667 2803 1925 2844 sermone

335 2877 458 2936 aliis
491 2881 738 2944 tradens,
779 2877 895 2946 ipse
928 2871 1184 2942 oneribus
1205 2916 1221 2942 ,
1251 2863 1693 2950 clarissimisque
1724 2864 1915 2934 certa-

332 2973 580 3030 minibus
604 2971 902 3043 implendo,
937 2969 1097 3025 fidem
1131 2970 1308 3026 verb’s
1342 2971 1599 3027 addebat.

314 3054 317 3057 ’
405 3064 672 3132 Quantam
700 3064 866 3134 igitur
897 3063 1100 3133 opera?
1125 3077 1191 3121 ac
1223 3063 1508 3121 videamus
1538 3080 1668 3120 nam
1701 3055 1920 3134 plurimi

336 3175 402 3216 ea
435 3160 689 3216 facienda
755 3173 821 3212 ac
850 3145 1279 3226 prannagnilica.
1306 3154 1374 3211 Et
1399 3149 1530 3228 quid
1556 3159 1725 3222 cnim,
1755 3172 1920 3227 quam

337 3252 602 3324 Tltcolo'gi
653 3251 842 3306 animo
893 3254 964 3305 ’ac
1012 3248 1366 3322 ﬁdedigua?
1415 3248 1662 3330 Primum
1701 3250 1922 3321 quidem
1956 3227 2001 3284 Ο

337 3345 601 3414 templum
647 3351 846 3399 ornatu
896 3351 1188 3398 venustum
1241 3357 1309 3399 ac
1357 3343 1502 3399 mole
1559 3344 1755 3414 ingens.
1803 3345 1924 3414 ejus

341 3453 478 3492 cura
495 3448 654 3507 atque
671 3435 948 3506 diligentia
968 3435 1265 3490 estritatum
1291 3433 1391 3507 (8),
1414 3434 1671 3506 velutque
1692 3435 1840 3490 aliud
1864 3436 1934 3510 in.

350 3538 502 3583 terra
531 3527 724 3583 coelum
753 3529 805 3580 in
834 3521 990 3584 ctelis
1010 3526 1284 3602 habitanti
1306 3526 1484 3598 palam
1515 3538 1924 3582 consecratum.

348 3618 553 3675 Verum
581 3619 657 3682 id,
685 3633 796 3690 prae
819 3619 884 3675 iis
912 3634 1034 3690 quae
1050 3618 1181 3689 ejus
1201 3626 1350 3687 sunt,
1384 3619 1565 3675 minus
1589 3615 1660 3672 ad
1691 3620 1927 3673 miracu-

345 3708 486 3765 lum.
525 3705 626 3776 QUi
661 3708 805 3763 enim
844 3708 959 3780 ipse
990 3723 1054 3773 se
1089 3708 1354 3778 templum
1406 3705 1518 3763 Deo
1569 3709 1795 3779 dignum
1843 3716 1926 3762 at-

338 3819 452 3883 que
485 3811 778 3873 augustum
813 3803 1079 3857 virtutum
1135 3800 1288 3856 cultu
1341 3809 1758 3867 exstruxerat,
1785 3801 1924 3872 quid

337 3901 545 3958 mirum
579 3900 1056 3972 plurimampatri
1111 3913 1334 3968 Operam
1371 3897 1672 3954 contulisse
1696 3935 1714 3963 ,
1745 3905 1804 3952 ut
1857 3911 1924 3953 ex

337 3993 615 4066 lapidibus
645 4007 860 4049 sacram
903 4007 1022 4047 eam
1049 3991 1219 4045 aedem
1245 3989 1578 4046 aediﬁcaret?

415 4087 623 4143 Deinde
656 4081 950 4156 parentum
994 4087 1230 4141 honores
1275 4103 1312 4141 :.
1341 4087 1433 4156 qtti
1459 4105 1462 4108 λ
1488 4093 1697 4154 nempe
1720 4083 1925 4147 verbis,

343 4182 438 4252 qui
467 4182 582 4251 ipsa
613 4175 910 4251 praestandi
946 4191 1037 4234 re:
1069 4176 1400 4247 pupillorum
1429 4177 1718 4243 tntamina,
1739 4174 1931 4230 vidua-

347 4286 474 4327 rum
505 4269 781 4341 prasidia,
813 4283 1117 4340 pauperum
1150 4267 1480 4338 patrocinia,
1518 4281 1732 4333 senum,
1757 4281 1928 4338 aegro-

352 4369 560 4427 torum,
587 4359 1260 4434 meudicorumhospitia;
1306 4370 1567 4431 tumque
1618 4360 1768 4414 solus
1813 4359 1928 4429 ipse

352 4467 424 4508 ac
484 4455 710 4510 seorsim
768 4454 1042 4512 exstruxit
1096 4455 1151 4510 in
1202 4451 1410 4524 patria;
1469 4461 1583 4507 tum
1611 4453 1806 4522 quibus
1835 4437 1929 4510 ex-

358 4545 639 4602 struendis
665 4547 867 4603 sociam
908 4563 1133 4603 manum
1167 4546 1399 4602 contulit
1443 4546 1623 4600 amico
1653 4561 1718 4600 ac
1751 4543 1925 4600 sodali

357 4639 603 4709 Basilio;
632 4656 732 4697 nec
756 4641 886 4697 solis
906 4640 1162 4712 cperibus
1184 4656 1315 4707 quae»
1334 4655 1430 4695 sua
1477 4646 1634 4695 erant
1677 4639 1928 4695 fovendis

349 4737 472 4806 ipse
498 4731 852 4800 conferebat,
891 4734 983 4792 sed
1024 4743 1082 4790 et
1113 4733 1294 4788 verbis
1309 4732 1564 4787 eximiam
1594 4732 1930 4787 adhortatio-

347 4829 441 4884 nis
476 4829 583 4882 vim
618 4827 968 4892 habentibus,
1005 4842 1168 4882 saxea
1201 4825 1318 4896 ipsa
1365 4835 1581 4895 pectora
1616 4823 1681 4876 ad
1711 4837 1920 4892 paupe-

345 4935 475 4977 rum
541 4935 606 4977 ac
637 4922 1016 4976 mendicorutn
1049 4933 1301 4973 amorem.
1321 4915 1644 4971 suscitabat.

419 5013 500 5067 Ae
555 5013 772 5082 quidem
829 5028 961 5083 erga
1016 5011 1365 5066 adversarios
1415 5009 1580 5064 rebus
1621 5022 1684 5063 ac
1743 5007 1930 5065 verbis

343 5105 626 5163 contraria
699 5107 919 5174 studia;
976 5119 1101 5174 erga
1157 5112 1338 5159 autem
1398 5101 1731 5158 domesticos
1803 5101 1928 5155 fidei

345 5198 769 5271 epitulatinncs,
792 5197 1253 5268 gubernationes,
1288 5210 1396 5250 non
1435 5203 1542 5248 tam
1578 5194 1643 5248 ad
1683 5209 1883 5265 corpus
1913 5233 1930 5260 ,

345 5308 516 5366 quam
548 5291 616 5348 ad
647 5292 893 5346 animum
921 5298 1230 5363 spectantes
1263 5288 1329 5355 δε,
1354 5305 1478 5344 cum
1510 5288 1629 5358 ejus
1687 5287 1933 5342 doctrina

352 5401 421 5443 ac
489 5387 609 5458 lege
651 5384 835 5440 cuncti
871 5383 1308 5456 gubernarentur
1365 5395 1428 5433 ac
1475 5387 1830 5450 pascerentur
1857 5379 1926 5432 ⁸⁸.

347 5479 484 5536 Nam
507 5480 752 5537 Caesarie
771 5479 1072 5549 fratrejatn
1109 5475 1246 5533 vivis
1279 5481 1554 5544 exempto,
1599 5487 1724 5531 cum
1773 5484 1928 5544 pater

412 5612 458 5646 “
497 5617 620 5674 Gal.
653 5633 732 5682 vi,
758 5616 813 5673 8.
891 5616 937 5651 “
965 5614 987 5672 Ι
1015 5616 1143 5674 Cor.
1169 5631 1268 5683 xu,
1297 5612 1390 5671 9.8.

425 5763 504 5834 (7)
534 5762 590 5834 [tl
616 5771 791 5834 totum
820 5773 959 5818 orat.
998 5763 1045 5815 l.

425 5830 505 5905 (8)
534 5830 688 5888 Orat.
719 5833 806 5900 l9,
844 5848 897 5904 ρ.
927 5833 1051 5888 διδ.

1467 5615 1512 5646 ⁶⁶
1543 5611 1688 5669 Psal.
1719 5629 1889 5681 Lxxu,
1929 5614 1983 5670 8.

2019 568 2212 639 nisque
2250 569 2450 639 gravis,
2488 583 2552 624 ac
2581 585 2810 642 corpore
2840 574 3047 631 morbis
3083 578 3303 644 attrito,
3339 577 3610 635 Ecclesiae

2018 668 2171 716 certo
2199 659 2296 714 Dei
2333 661 2565 716 consilio
2607 662 2852 721 molestis
2905 666 3092 737 rebus,
3118 684 3210 724 seu
3261 669 3608 740 inaequalita-

2020 752 2167 808 tibus
2203 752 2442 810 ferendis
2502 755 2678 826 impar
2723 769 2896 824 esset,
2925 757 3228 830 Gregorius
3279 761 3354 817 illi
3407 773 3609 821 cuncta

2016 854 2154 910 erat,
2202 846 2506 904 senectutis
2538 849 2787 911 baculus.
2823 853 3141 910 morborum
3175 857 3408 921 curatio,
3435 857 3608 912 aedili-

2017 937 2161 990 catio
2184 938 2456 1008 corporis.
2481 934 2650 994 animi
2685 943 2926 1012 requies,
2962 945 3206 1001 solamen
3243 940 3504 1018 spiritus;
3541 963 3608 1006 ac

2019 1030 2164 1101 quod
2195 1031 2542 1101 potissimum
2565 1034 2836 1099 omnium,
2857 1052 3118 1092 sensuum
3141 1039 3308 1094 animi
3335 1040 3615 1110 custodia,

2018 1139 2082 1178 ac
2112 1138 2390 1180 succussus
2423 1124 2543 1179 lidei
2577 1128 2908 1183 emendatio.

2092 1215 2304 1273 Etenim
2340 1219 2616 1289 ejusmodi
2650 1219 2858 1291 aliquid
2880 1221 3000 1292 eius
3037 1225 3340 1282 rationibus
3382 1226 3604 1296 accidit.

2018 1309 2156 1377 Quia
2195 1311 2343 1367 enim
2375 1313 2704 1368 Arianorum
2741 1314 2897 1370 luror
2936 1331 3155 1387 omnem
3211 1321 3608 1390 propemodum

2020 1392 2290 1460 terrarum
2364 1408 2556 1462 orbem
2633 1419 2984 1480 pervaserat;
3040 1429 3292 1484 novaque
3348 1413 3611 1473 adrersus

2019 1496 2305 1553 Trinitatis
2331 1500 2696 1570 aequalitatem
2732 1503 3006 1568 doctrina,
3041 1519 3139 1558 ceu
3179 1506 3295 1559 lues
3323 1507 3610 1575 quaedam,

2019 1591 2136 1654 sive
2189 1607 2529 1664 grangrtena,
2565 1609 2678 1664 per.
2713 1611 2907 1652 omnes
2958 1599 3288 1667 ptO‘t'ittcias.
3335 1601 3611 1671 url‘esque

2019 1684 2396 1752 grassabatur,
2452 1700 2516 1742 ac
2573 1695 2688 1741 tum
2736 1689 3127 1759 imperatores,
3165 1701 3277 1745 tum
3333 1691 3611 1763 principes

2022 1791 2386 1848 proceresque
2417 1795 2479 1836 ac
2507 1783 2760 1851 populos,
2800 1783 2934 1852 quin
2990 1783 3154 1837 etiam
3187 1784 3353 1853 (quod
3392 1785 3609 1842 dis-issi-

1979 1885 1995 1906 ι
2028 1885 2174 1922 munt
2205 1872 2470 1937 omnium)
2491 1873 2662 1928 malos
2687 1874 2951 1943 prtesules
2982 1875 3082 1930 sibi
3119 1875 3434 1945 atldixetat;
3467 1893 3611 1949 quos

2029 1961 2112 2013 vel
2141 1974 2355 2029 eorum,
2382 1965 2473 2031 qui
2500 1979 2681 2018 rerum
2714 1963 2878 2033 potiri
2902 1964 3245 2032 videbantur,
3274 1977 3451 2025 metus
3474 1967 3614 2040 deji-

2026 2066 2197 2124 cet-et,
2240 2059 2321 2112 vel
2350 2045 2516 2128 (quod
2554 2057 2932 2132 mitissimum)
3013 2063 3317 2132 ignorantia
3376 2063 3608 2121 falleret.

2027 2146 2256 2214 Quando
2286 2145 2495 2204 scilicet
2525 2149 2708 2206 ridere
2739 2159 2857 2207 erat
2891 2151 3037 2207 dirtti
3080 2155 3372 2220 ecclesias,
3407 2154 3611 2227 templa

2028 2241 2228 2304 ablata,
2263 2241 2551 2296 cruoribus
2588 2240 2812 2306 foedata.
2849 2257 3116 2314 sacraque
3144 2245 3396 2315 spoliata,
3421 2257 3610 2303 saneta

2027 2334 2254 2404 polluta,
2302 2343 2487 2403 atque,
2525 2343 2582 2389 ut
2623 2335 2975 2404 proverbium
3023 2347 3140 2402 est,
3170 2337 3337 2394 illotis
3383 2339 3612 2410 pedibus

2029 2426 2268 2498 projects
2324 2441 2387 2481 ac
2419 2427 2760 2481 conculcata.
2820 2427 3052 2494 Quando
3085 2430 3178 2502 qui
3222 2447 3371 2486 sana:
3424 2442 3614 2487 rectm-

2028 2534 2134 2587 que
2160 2517 2278 2572 li‘dei
2309 2526 2632 2582 assertores,
2662 2533 2726 2572 ac
2758 2518 2975 2588 pietatis
3012 2522 3250 2574 cultores
3287 2521 3339 2575 iu
3367 2519 3616 2578 Eetlcsia

2029 2594 2185 2665 erant
2212 2609 2476 2676 universi,
2507 2615 2622 2665 suis
2653 2613 2892 2681 ipsorum
2921 2616 3152 2683 turp'ter
3179 2613 3613 2683 expellebantur,

2027 2719 2092 2756 ac
2121 2703 2202 2754 vel
2235 2703 2546 2758 carceribus
2579 2702 2832 2771 publicis,
2862 2703 2941 2758 vel
2967 2704 3290 2774 gravissima
3325 2702 3490 2768 fame,
3519 2717 3616 2761 aut

2029 2795 2314 2851 acerrimis
2351 2796 2700 2860 verberibus,
2733 2803 2831 2850 aut
2870 2781 3033 2864 longe
3062 2797 3313 2868 plurimis
3339 2796 3615 2866 variisque

2031 2891 2203 2962 plagis
2252 2903 2316 2956 ae
2345 2889 2867 2954 dehonestamentis,
2908 2898 3004 2944 aut
3031 2889 3345 2945 durissimis
3375 2889 3612 2957 exsiliis,

2027 2993 2123 3037 aut
2161 2981 2543 3046 amarissimis,
2584 2991 2643 3034 ut
2675 2983 2842 3036 verbo
2868 2981 3074 3046 dicam,
3103 2983 3499 3039 cruciamentis
3548 2998 3616 3040 ac

2030 3075 2296 3130 molestiis
2351 3077 2568 3142 tentati,
2618 3082 2862 3131 extrema
2916 3075 3143 3130 adibant
3196 3077 3460 3146 pericula,
3506 3077 3614 3133 nisi

2033 3170 2298 3240 impietati
2358 3185 2644 3226 assensum
2701 3173 3035 3242 praeberent;
3085 3182 3253 3243 atque
3301 3173 3339 3227 ii
3381 3167 3612 3244 quidem

2033 3270 2227 3331 sponte
2258 3263 2486 3316 urbibus
2529 3260 2929 3330 demigrantes,
2959 3263 3288 3336 desertaque
3327 3280 3392 3321 ac
3418 3263 3614 3322 solitu-

2031 3352 2188 3409 dines
2232 3353 2374 3407 ultro
2419 3364 2685 3424 petentes,
2727 3371 2854 3430 cum
2909 3354 3100 3412 bestiis
3135 3355 3347 3412 ratione
3379 3355 3616 3414 carenti-

2033 3445 2133 3500 bus
2163 3447 2405 3500 exerceri
2441 3446 2506 3500 ad
2547 3447 2802 3517 pietatem
2841 3447 3136 3512 malebant.
3175 3463 3339 3518 quam
3366 3447 3614 3504 habitare

2030 3552 2156 3594 cum
2204 3537 2271 3592 iis
2297 3536 2361 3604 “,
2385 3537 2480 3607 qui
2505 3539 2727 3608 loqui-in
2751 3540 2969 3594 excelso
2993 3539 3386 3609 blasphemiam
3411 3547 3616 3596 temere

2031 3629 2325 3686 audebant.
2394 3629 2674 3700 Quotquot
2749 3637 2932 3686 autem
2996 3631 3285 3685 contrariae
3339 3631 3614 3699 opinionis

2033 3732 2209 3790 erant,
2243 3738 2307 3778 ac
2354 3737 2414 3778 se
2463 3721 2728 3791 impietati
2778 3722 3119 3789 addixerunt,
3158 3722 3420 3779 ecclesias
3470 3721 3616 3777 obti-

2034 3825 2246 3885 nentes,
2287 3832 2490 3887 easque
2523 3816 2670 3871 velut
2714 3831 2829 3872 suae
2859 3815 3104 3886 ipsorum
3161 3815 3327 3885 hujus
3359 3813 3617 3884 nequitia-

2034 3911 2243 3965 munita
2285 3911 2536 3979 quaedam
2568 3909 2819 3980 praesidia
2851 3910 3249 3973 existimantes,
3282 3907 3405 3962 inde
3436 3906 3492 3962 in
3519 3922 3617 3964 eos

2033 4005 2125 4073 qtti
2178 4004 2430 4074 pietatem
2491 3988 3047 4058 colere-statuissent
3101 4001 3488 4072 irrutnpentes,
3519 4015 3616 4057 eos

2035 4098 2443 4167 disperdebant.

2107 4189 2258 4247 Tunc
2325 4192 2515 4262 plane,
2570 4201 2698 4245 tunc
2760 4192 2978 4261 Quoque
3035 4189 3086 4244 in
3140 4188 3319 4258 magni
3368 4187 3614 4260 Gregorii

2034 4283 2290 4352 patriam.
2312 4283 2456 4336 velut
2485 4297 2750 4352 aquarum
2772 4282 3066 4336 Vehemens
3089 4281 3322 4348 impetus
3341 4279 3616 4335 haereseos

2035 4374 2214 4443 scelus
2242 4388 2555 4443 erumpens,
2573 4382 2839 4444 quotquot
2861 4373 3004 4428 leves
3037 4366 3240 4426 invett't
3283 4387 3348 4426 ar
3384 4371 3614 4437 debiles,

2036 4467 2274 4537 abripuit
2333 4467 2524 4536 utique
2590 4481 2654 4519 ac
2701 4465 2956 4520 dissolvit
3005 4463 3116 4536 (ubi
3143 4474 3196 4519 et
3222 4473 3428 4535 patrem
3471 4462 3614 4518 fama

2039 4570 2144 4626 est,
2172 4559 2370 4615 mentis
2401 4557 2748 4629 simplicitate
2778 4547 3051 4626 delusum,
3097 4558 3313 4622 litteris,
3351 4572 3459 4613 non
3493 4559 3618 4613 ani-

2039 4666 2165 4717 mo,
2215 4661 2272 4702 ut
2327 4651 2683 4719 neqttissiutis
2735 4666 3022 4704 assensum
3077 4647 3266 4712 daret,
3321 4646 3615 4703 adductum

2033 4735 2152 4797 esse
2177 4740 2304 4814 [9]),
2328 4751 2597 4812 quotquot
2619 4756 2746 4796 vero
2777 4740 3021 4812 Gregorii
3052 4739 3334 4809 theologia!
3384 4753 3450 4794 ac
3493 4738 3615 4794 fidei
3680 4730 3681 4733 “

2030 4847 2197 4904 petrae
2247 4835 2406 4889 firmo
2450 4835 2804 4890 fundamento
2838 4833 3132 4899 bteserant,
3173 4831 3307 4885 nihil
3354 4830 3612 4885 haeretica

2031 4929 2083 4984 vi
2128 4943 2193 4982 ac
2244 4926 2440 4998 injuria
2472 4927 2780 4983 labefactati
2841 4927 3121 4994 emotique
3168 4921 3612 4995 permanserunt.

2103 5013 2346 5070 Noemus
2399 5014 2584 5083 itaque
2640 5017 2792 5076 eum.
2820 5027 2947 5067 cum
2989 5007 3103 5067 Suae
3143 5011 3318 5067 aetatis
3351 5011 3616 5065 scelerata

2035 5119 2191 5180 gente
2233 5108 2349 5178 ipse
2393 5107 2640 5163 criminis
2687 5114 2978 5176 expertem,
3011 5118 3383 5160 communem
3451 5101 3616 5158 vitam

2035 5215 2234 5272 agens,
2291 5200 2504 5255 inventa
2540 5199 2712 5272 gratia
2743 5197 2884 5269 apud
2931 5196 3119 5261 Deum,
3157 5195 3402 5250 futurum
3443 5208 3618 5264 aqua-

2038 5306 2156 5344 rutn
2184 5289 2368 5344 illuvie
2394 5287 2832 5343 mundidocetur
2854 5286 3117 5342 exitium:
3149 5283 3280 5353 quin
3308 5292 3363 5339 et
3392 5281 3617 5337 modum

2035 5382 2284 5447 docetur,
2318 5396 2429 5453 quo
2474 5397 2503 5436 a
2557 5383 2716 5436 mulis
2765 5380 3079 5436 liberandus
3109 5376 3182 5434 sit
3210 5394 3223 5434 :
3251 5390 3428 5446 exque
3453 5373 3618 5445 lignis

2034 5473 2238 5531 affabre
2263 5483 2543 5545 compacta
2577 5489 2726 5542 arca,
2761 5483 2926 5543 atque
2956 5473 3008 5528 in
3047 5486 3168 5529 eam
3215 5467 3428 5528 cunctis
3451 5465 3616 5524 simul

2107 5754 2184 5828 (9)
2215 5753 2375 5826 (ἔνθα.
2410 5760 2550 5810 orat.
2588 5751 2676 5821 19,
2706 5765 2762 5822 p.
2790 5746 2920 5806 297.
