4150 6298
574 311 684 376 455

1763 302 2060 368 ΝΙΟΕΤᾹΞ
2086 298 2613 364 PAPHIAGON'IS

3739 302 3854 369 455

578 423 900 486 animalium
930 419 1170 478 inductis
1197 418 1524 489 seminibus,
1549 434 1828 495 uxorequc
1852 435 1916 476 ac
1945 419 2069 475 ﬁliis
2095 431 2156 470 ra
2183 416 2231 477 Α
2263 428 2381 472 rato
2437 415 2638 486 singuli
2670 429 2735 470 ac
2775 429 3024 488 congruo
3073 423 3352 489 tempore,
3379 417 3524 490 quod
3581 417 3856 490 cujusque

575 517 824 580 inclusis,
883 513 937 569 in
995 529 1120 569 eum
1173 513 1394 568 modum
1456 512 1709 570 caelestes
1754 520 2060 571 cataractas
2094 526 2157 565 ac

574 609 758 683 abyssi
817 620 1086 678 aquarum
1143 602 1360 671 fontes,
1397 619 1583 660 semen
1635 603 1750 674 ipse
1801 617 1864 658 ac
1907 601 2159 671 primitias

575 699 759 760 δευουιί
817 697 1100 767 sequentis
1153 706 1427 763 servatus,
1487 699 1681 752 evas't.
1745 697 1816 750 At
1863 694 2158 764 Gregorius

575 794 852 848 hmrcseon
886 789 1189 862 praevidens
1220 790 1467 861 spiritale
1501 788 1764 848 diluvium
1787 829 1802 852 ,
1831 796 1984 849 tanto
2022 787 2154 844 illud

573 883 760 939 Nocmi
789 883 993 940 diluvio
1029 883 1267 953 gravius,
1309 891 1515 953 quanto
1546 881 1837 936 animabus
1868 879 2152 935 interitum

575 992 765 1051 parere
799 975 864 1032 ad
894 985 1286 1032 nocumentum
1320 977 1515 1045 majus,
1553 989 1718 1045 quam
1759 974 1934 1030 labem
1967 986 2159 1042 corpo~

573 1071 728 1125 ribus
790 1070 1023 1136 inferre;
1081 1085 1349 1139 suamque
1427 1069 1543 1138 ipse
1619 1067 1920 1123 Ecclesium
1970 1081 2158 1120 arcam

571 1161 870 1228 fabricatus,
923 1172 1087 1232 atque
1146 1178 1266 1217 eam
1315 1163 1534 1218 areanis
1567 1161 1835 1221 doctrinis
1891 1171 2160 1228 rectaeque

572 1257 696 1312 ﬁdei
731 1256 1072 1311 documentis
1105 1255 1516 1322 communiens;
1552 1271 1651 1309 nec
1703 1269 1800 1310 eos
1855 1254 2034 1308 solum
2066 1253 2157 1321 qui

572 1347 787 1418 generis
822 1347 1227 1403 necessitudine
1250 1346 1662 1418 contingebant,
1689 1346 1784 1402 sed
1816 1355 1869 1401 ct
1900 1347 1993 1416 qui
2030 1346 2160 1399 alie-

573 1439 784 1509 nigenae
827 1437 1150 1495 videbantur
1196 1436 1352 1508 (quos
1385 1453 1580 1509 nempe
1608 1451 1798 1491 omnes
1839 1435 1932 1492 Dei
1976 1445 2159 1505 prote-

571 1543 706 1599 gens
725 1528 948 1584 dextera
974 1529 1338 1597 adduxisset),
1355 1543 1618 1599 perquam
1654 1528 1907 1584 alacriter
1933 1529 2158 1582 lubens-

571 1635 680 1691 quc
720 1621 1013 1692 recipiens,
1049 1621 1338 1691 cdulisque
1365 1636 1460 1675 eos
1498 1636 1564 1675 ac
1600 1621 1947 1676 suavissimis
1976 1619 2159 1678 Tiini-

572 1720 685 1768 tate
735 1714 936 1768 tuetula
981 1713 1334 1771 sermonibus
1366 1714 1639 1778 nutriens,
1667 1713 1738 1770 ab
1767 1714 1913 1768 omni
1941 1713 2158 1768 illaesos

572 1804 745 1863 animi
775 1803 981 1883 diluvio
1019 1814 1222 1862 servat.

640 1897 712 1956 At
756 1899 978 1971 quidem
1030 1897 1122 1954 ille
1151 1895 1414 1969 (Noemus
1455 1897 1694 1970 scilicet)
1745 1896 1832 1958 sui
1879 1899 2068 1964 unius,
2102 1905 2162 1954 ut

570 1990 806 2058 videtur,
837 2007 948 2048 rem
995 2006 1184 2061 agetis,
1229 2005 1441 2060 suaque
1490 1991 1756 2046 duntaxat
1793 2000 2071 2060 spectans,
2107 1990 2161 2045 in

570 2093 696 2140 octo
739 2083 917 2139 solum
955 2081 1190 2137 maxima
1249 2080 1984 2151 conjunctisnecessitudine
2047 2081 2166 2134 ani-

575 2175 770 2230 mabus
824 2172 1056 2229 salutem
1093 2171 1305 2241 paravit
1341 2189 1355 2226 :
1392 2172 1480 2227 hic
1512 2179 1714 2236 autem,
1741 2172 1794 2225 in
1843 2171 2161 2242 multorum,

572 2282 738 2338 quam
782 2265 837 2320 in
879 2281 1037 2325 suam
1083 2264 1196 2335 ipse
1220 2268 1454 2320 salutem
1493 2264 1689 2320 affectu
1717 2265 2070 2337 propensior;
2099 2280 2164 2321 ac

572 2376 697 2424 cum
744 2374 870 2416 eum
923 2373 1034 2416 non
1070 2359 1251 2414 minor
1279 2372 1470 2414 eorum
1518 2373 1652 2414 cura
1677 2367 1942 2428 tangeret,
1973 2358 2064 2429 qui
2104 2373 2164 2416 se

574 2449 985 2514 abscindcbant,
1012 2463 1177 2519 quam
1212 2449 1308 2520 qui
1341 2448 1674 2508 accedebant
1704 2463 1766 2504 ac
1795 2449 2165 2519 adjuugehan-

575 2551 696 2609 tur;
730 2548 959 2613 paterno
997 2539 1216 2610 quidem
1243 2539 1520 2598 sermonis
1551 2539 1749 2599 delicto
1785 2545 2056 2601 sermonis
2088 2541 2160 2606 vi,

574 2651 640 2696 ac
673 2634 902 2706 spiritus
951 2643 1224 2704 rectaeque
1275 2633 1398 2689 fidei
1452 2635 1784 2692 abundantia
1835 2635 2071 2701 obtecto,
2101 2651 2164 2689 ac

575 2727 847 2799 quidquid
891 2727 1036 2784 illius
1070 2742 1201 2798 ergo
1233 2726 1552 2788 odensionis
1597 2727 1882 2794 inciderat,
1915 2728 2160 2796 sublato,

575 2836 678 2878 nec
715 2836 827 2876 non
873 2820 1220 2877 sermonibus
1250 2821 1316 2876 ad
1347 2836 1533 2901 pacem
1563 2821 1878 2878 decet-ilibus
1903 2825 2165 2893 tantisper

576 2912 836 2974 eﬁ‘rcnem
886 2912 1299 2968 simulationem
1361 2913 1651 2980 delinicns,
1700 2915 1980 2974 discordes
2024 2915 2162 2985 patri

576 3003 834 3067 conciliat
875 3004 1126 3070 animos;
1185 3018 1496 3074 magnoque
1534 3019 1597 3059 ac
1639 3005 1945 3062 eooeordite
1989 3005 2161 3065 tenaci

2259 511 2558 566 functionis
2590 518 2695 573 est,
2735 509 2962 581 implent
3018 526 3083 566 ac
3113 523 3392 583 praestant.
3423 511 3718 582 Gregorius
3751 527 3856 566 an-

2259 610 2366 657 tem
2415 602 2504 661 cui
2545 615 2800 673 suprema
2831 601 3038 661 credita
3071 602 3342 675 theologia
3380 603 3553 672 foret;
3589 612 3751 674 atque
3778 605 3853 659 ad

2258 709 2615 764 personarum
2692 694 3036 760 Trinitatem,
3128 713 3193 752 ac
3294 695 3517 752 Diitatis
3584 701 3851 752 un'tatrm

2259 785 2514 842 universo
2612 785 2732 842 orbi
2826 787 3233 858 praedicationis
3337 787 3639 843 luminibus
3709 787 3855 842 infe-

2261 876 2504 940 rendam,
2567 876 2768 933 missus
2824 886 2990 941 esset,
3057 877 3272 933 tametsi
3323 879 3569 950 corporis
3631 880 3848 935 ratio:ie

2259 968 2401 1024 intra
2457 968 2636 1024 brevis
2688 968 2791 1023 loci
2839 977 2959 1024 erat
2995 968 3250 1025 deﬁnitus
3280 970 3842 1040 angustias;emissis

2259 1061 2667 1134 prmmagniﬁce
2697 1069 2812 1116 toto
2851 1062 3055 1116 mundo
3084 1061 3369 1132 theoIOgiae
3399 1061 3588 1126 radiis,
3610 1062 3746 1116 alios
3772 1062 3843 1118 ad

2259 1153 2443 1209 lumen
2500 1152 2623 1208 vita:
2664 1153 3006 1219 attrabcbat;
3054 1163 3323 1223 (ιυυιΊιιυι
3374 1151 3583 1207 scilicet
3609 1153 3840 1222 potioris

2262 1245 2489 1299 rationis
2526 1260 2590 1299 ac
2616 1245 2831 1314 pictatis
2853 1254 3045 1312 erant;
3072 1245 3209 1299 alios
3243 1243 3506 1309 tenebris,
3534 1244 3664 1299 dubi
3701 1253 3836 1313 tate,

2259 1334 2582 1391 confusione
2609 1343 2740 1406 (non
2776 1351 2873 1390 sua
2907 1336 3024 1407 ipse
3067 1334 3248 1392 indole
3282 1350 3345 1390 ac
3387 1337 3705 1406 proposito.
3745 1341 3841 1393 scil

2261 1429 2476 1484 illorum
2525 1431 2690 1483 animi
2728 1430 3028 1499 pravitate;
3063 1436 3332 1500 quotquot
3378 1428 3636 1484 nimirum
3688 1440 3849 1489 erant

2260 1521 2527 1576 ltzcretica:
2561 1518 2721 1589 labis)
2746 1519 3024 1585 implebat.

2330 1615 2502 1670 Porro
2530 1617 2692 1672 etiam
2728 1614 2874 1670 illum
2904 1614 3194 1685 episcopali
3228 1613 3597 1672 consummari
3637 1626 3844 1687 myste-

2264 1709 2347 1766 rio
2375 1709 2617 1764 decebat.
2652 1707 2756 1763 Par
2802 1723 3038 1779 namque
3076 1708 3380 1773 videbatur,
3425 1718 3484 1764 ut
3521 1709 3613 1780 qui
3641 1711 3834 1766 nedum

2263 1801 2648 1876 episcopalem,
2696 1802 2790 1856 sed
2841 1811 2894 1857 et
2935 1803 3322 1872 apo.-.tolicum,
3369 1818 3596 1873 operum
3628 1805 3829 1870 merito,

2266 1892 2512 1948 ordinem
2545 1893 2820 1960 explebat,
2881 1893 3106 1948 omnino
3145 1909 3365 1965 quoque
3407 1892 3839 1950 ordinationibus

2264 1985 2438 2043 sacris
2480 1987 2847 2054 perficeretur.
2883 1987 3074 2056 Operae
3094 1988 3326 2057 pretium
3369 1994 3551 2042 autem
3593 1997 3714 2042 erat
3769 1987 3845 2052 id,

2266 2094 2374 2134 non
2435 2077 2787 2147 profanorum
2830 2094 3036 2148 opera,
3111 2080 3206 2136 sed
3251 2089 3563 2135 sanctorum
3600 2096 3616 2146 ;
3671 2095 3850 2152 neque

2266 2186 2362 2242 per
2388 2186 2484 2226 eos
2511 2172 2827 2244 quiindignl
2855 2172 3104 2232 instituta
3139 2181 3344 2236 essent,
3375 2173 3467 2244 qui
3503 2182 3557 2228 et
3592 2174 3847 2228 deitatem

2264 2264 2576 2326 damnanda
2626 2264 2927 2321 temeritate
2975 2264 3027 2325 in
3073 2275 3184 2322 tres
3227 2266 3364 2321 alias
3398 2267 3519 2320 aliis
3560 2277 3852 2322 extraneas

2263 2357 2682 2417 contrarietates
2727 2357 3057 2423 scinderent,
3111 2357 3204 2414 sed
3246 2373 3341 2428 per
3378 2373 3474 2413 eos
3521 2358 3612 2429 qui
3662 2359 3852 2430 gratia:

2264 2447 2567 2503 ﬁdelissimi
2595 2448 3016 2518 dispensatores,
3044 2462 3110 2504 ac
3132 2446 3414 2506 Trinitatis
3439 2448 3711 2504 verissimi
3738 2452 3846 2505 mi-

2265 2541 2428 2600 nistri
2498 2550 2704 2597 essent.
2751 2540 2852 2607 Qui
2915 2552 3099 2598 autem
3161 2541 3428 2612 ejusmodi
3472 2551 3655 2600 essent
3709 2544 3846 2601 nulli

2266 2643 2418 2698 tunc,
2446 2635 2686 2704 exceptis
2704 2633 2991 2708 Gregorio,
3019 2635 3166 2689 illius
3188 2643 3360 2704 patre,
3393 2650 3455 2690 ac
3483 2635 3704 2702 Basilio,
3741 2637 3852 2697 illic

2263 2729 2633 2799 exsistebant;
2659 2743 2888 2800 quorum
2909 2728 3041 2785 alter
3059 2727 3227 2785 ﬁlium
3257 2727 3372 2798 pari
3394 2743 3580 2786 secum
3609 2729 3851 2799 nomine,

2265 2824 2566 2894 iisdemque
2594 2822 2880 2893 praeditum
2927 2821 3170 2878 moribus
3210 2821 3378 2877 alacri
3420 2822 3604 2878 animo
3635 2823 3852 2896 episco-

2267 2929 2394 2985 pum
2424 2915 2672 2985 designat
2703 2932 2718 2979 ;
2756 2915 2889 2970 alter
2912 2925 3116 2978 autem,
3154 2929 3278 2969 cum
3305 2915 3415 2986 jam
3448 2912 3699 2971 Ecclesia:
3729 2914 3850 2970 Cae-

2267 3007 2526 3065 sariensis
2553 3007 2756 3062 credita
2789 3007 3153 3076 gubernacula
3203 3008 3521 3077 accepisset,
3553 3022 3711 3066 sacro
3738 3009 3845 3066 ritu

576 3096 834 3154 Ecclesia:
883 3095 1049 3152 canui
1087 3096 1300 3158 sincera
1364 3109 1604 3167 veraque
1653 3097 1773 3152 ﬁdei
1819 3097 2163 3159 confessione
2191 3116 2233 3174 α
2270 3101 2446 3158 iuitiat
2486 3110 2651 3172 atque
2702 3101 2968 3166 ordinat;
3015 3100 3273 3171 additque
3309 3101 3551 3170 spiritum
3601 3101 3841 3171 spirimi,

577 3189 921 3256 devincieus,
953 3188 1215 3258 pupulum
1267 3187 1498 3242 Domino
1530 3189 1860 3260 peculiarem
1885 3230 1900 3255 ,
1927 3199 2166 3246 sectato-

580 3296 696 3337 rem
738 3282 1009 3338 bonorum
1061 3294 1290 3351 aperum
1308 3281 1377 3348 ",
1408 3281 1642 3352 pastoris
1689 3283 1910 3339 solertia
1950 3283 2162 3339 salvum

577 3373 808 3443 recepit.

647 3465 861 3531 Ouibus
911 3464 1100 3538 igitur,
1149 3466 1220 3535 is,
1251 3465 1344 3538 qui
1376 3465 1610 3538 spiritali
1658 3468 1872 3524 ratione
1899 3470 1968 3525 ab
1997 3471 2163 3526 animi

577 3559 748 3615 exitio
783 3561 1000 3626 liberat,
1031 3560 1105 3615 illi
1152 3571 1390 3631 pra-stet,
1425 3563 1518 3632 qui
1549 3579 1579 3618 a
1607 3563 1855 3632 corporis
1885 3565 2037 3630 labe;
2072 3566 2164 3633 qui

580 3653 991 3710 multitudinem
1045 3670 1272 3709 numero
1325 3655 1613 3724 majorem,
1665 3654 1764 3718 illi,
1816 3658 1907 3726 qui
1960 3673 2166 3728 paucas

578 3747 795 3800 animas
843 3746 1022 3810 salute
1063 3745 1265 3824 donat;
1310 3747 1396 3802 his
1442 3747 1736 3820 Gregorius
1773 3747 1960 3805 Νινειηὶ
2007 3751 2167 3805 clari.-

579 3847 743 3894 tatem
796 3839 1197 3895 obscuraverit.
1263 3841 1552 3896 Enimvero
1592 3843 1721 3913 quid
1771 3844 1838 3900 iis
1867 3860 1986 3914 quae
2024 3845 2166 3900 illius

583 3932 794 3985 minora
847 3941 1010 3996 sunt,
1091 3934 1430 4001 immoraris,
1491 3937 1794 3991 oralionem
1854 3940 2169 4008 protrahere

584 4024 796 4088 videor,
833 4040 956 4078 cum
1012 4040 1192 4095 operte
1223 4027 1454 4096 pretium
1490 4029 1558 4082 sit
1594 4040 1646 4082 ut
1685 4030 1748 4082 ad
1787 4033 1992 4100 majora
2023 4032 2168 4087 illius

579 4117 848 4171 mirabilia
879 4127 1247 4184 transeamus,
1284 4128 1398 4188 gest
1423 4134 1558 4188 sque
1591 4121 2004 4190 perfectionibus
2045 4139 2167 4195 pcr-

581 4206 866 4262 feclioretn
900 4207 1073 4276 ipsum
1099 4210 1494 4263 ostendamus?

654 4296 1040 4354 Sanctificatus
1083 4301 1302 4370 quidem
1357 4302 1706 4359 sanctissimo
1754 4316 1974 4364 sanctos
2019 4319 2168 4365 autc-

579 4407 742 4462 quam
799 4403 1157 4447 nascerentur
1189 4436 1202 4460 ,
1259 4395 1335 4448 uti
1389 4403 1442 4449 et
1493 4407 1803 4464 peccatores
1848 4399 2109 4456 alienatos
2140 4419 2168 4457 a

579 4487 739 4540 vulva
775 4485 842 4551 ⁸⁸,
876 4487 1159 4544 verissime
1191 4489 1378 4544 divino
1415 4491 1621 4563 Spiritu
1649 4501 1884 4550 testante
1913 4513 2159 4570 comper-
2201 4478 2245 4534 D

580 4585 694 4629 tum
743 4586 855 4641 est;
884 4578 1128 4632 omnium
1165 4580 1335 4645 enim,
1368 4590 1480 4636 tum
1516 4599 1636 4653 qua:
1685 4585 1824 4640 facta
1869 4601 2017 4657 sunt,
2053 4600 2164 4646 tum

579 4685 702 4740 qua:
752 4671 903 4737 fient,
945 4671 1197 4728 similiter
1229 4675 1564 4743 inoﬁ‘cnsam,
1596 4682 2065 4758 certissimamque
2104 4705 2169 4749 ac

582 4763 957 4819 ﬁrmissimam
984 4767 1126 4836 apud
1156 4783 1281 4822 eum
1307 4783 1430 4825 esse
1458 4772 1728 4828 notitiam.
1762 4775 1864 4830 Alii
1895 4779 2076 4850 itaque
2101 4784 2169 4837 ad

581 4856 728 4910 aliud
762 4856 960 4912 divinae
1002 4859 1305 4916 Volttttlalls
1365 4877 1694 4934 propensum
1731 4871 2044 4935 consilium.
2079 4885 2171 4930 aut

582 4946 756 5016 gentis
787 4946 1185 5016 pra-fretorum,
1211 4952 1494 5023 legemque
1526 4957 1835 5022 ferendam;
1869 4973 1959 5017 aut
1984 4967 2165 5035 populi

583 5038 848 5108 regimen,
877 5049 971 5094 aut
1002 5043 1294 5098 sacerdotii
1327 5048 1558 5115 apicem,
1587 5058 1680 5102 aut
1728 5051 1992 5110 visionem
2036 5074 2162 5130 pro-

582 5128 875 5198 pheticum,
923 5141 1016 5186 aut
1059 5141 1436 5202 portentosam
1471 5142 1864 5211 operationem,
1893 5157 1987 5202 aut
2029 5128 2163 5221 apo-

582 5223 828 5278 stolicam
866 5225 1128 5293 gratiam;
1175 5239 1270 5282 aut
1328 5233 1571 5302 martyrii
1618 5243 1929 5307 certamen;
1963 5247 2164 5314 aot(ut

582 5315 750 5370 verbo
797 5315 997 5387 dicam)
1058 5318 1303 5389 spiritale
1353 5322 1718 5387 ministerium
1771 5330 2157 5402 prmilestinati,

2265 3204 2331 3245 ac
2357 3190 2560 3246 donum
2592 3188 2840 3260 adjunth
2875 3190 3044 3245 dono.
3076 3189 3216 3258 Quin
3256 3190 3452 3259 potius,
3489 3189 3564 3243 illi
3588 3190 3834 3258 quidem,

2266 3296 2531 3356 quantum
2580 3289 2754 3343 oculis
2786 3288 3148 3359 conspicuum
3199 3298 3337 3356 erat,
3376 3290 3542 3344 sacris
3577 3288 3837 3360 symbolis

2268 3377 2484 3433 initiant
2525 3393 2586 3434 ac
2611 3379 2897 3449 perficiunt
2928 3396 2942 3434 :
2981 3378 3220 3449 Spiritus
3247 3391 3424 3436 auletn
3445 3381 3533 3450 qui
3565 3381 3840 3452 prepriunt

2265 3472 2395 3526 olim
2421 3472 2766 3528 defensorem
2801 3486 3047 3540 noverat,
3075 3474 3127 3527 in
3153 3490 3220 3528 eo
3247 3463 3519 3543 perfectus
3553 3485 3848 3530 manserat.

2267 3567 2347 3621 Ac
2386 3567 2459 3622 illi
2487 3567 2729 3636 quidem,
2758 3568 2902 3639 quod
2938 3569 3250 3622 ordinatum
3279 3578 3440 3622 certae
3472 3569 3696 3622 omnino
3729 3569 3850 3623 cui-

2268 3662 2392 3716 dam
2427 3661 2631 3715 civitati
2672 3677 2736 3715 ac
2779 3662 3008 3730 regioni,
3042 3679 3106 3716 ex
3140 3678 3424 3721 sacrorum
3462 3678 3732 3725 canonum
3764 3662 3849 3716 in-

2269 3757 2461 3811 stituto
2520 3753 2632 3826 (l0)
2696 3755 3040 3825 tnmcnpari,
3087 3755 3317 3826 ejusque
3373 3756 3644 3828 designari
3697 3759 3844 3813 titulo

2269 3849 2574 3918 Oportebat,
2626 3849 2797 3901 arenti
2834 3850 2954 3902 solo
3014 3857 3366 3917 angustaeque
3412 3849 3713 3918 praeficiunt
3751 3862 3844 3916 pa-

2271 3942 2472 4005 rceeite,
2507 3955 2573 3995 ne
2607 3940 2824 4009 quidem
2861 3940 3145 3995 hominum
3177 3939 3526 4004 habitationi,
3565 3941 3761 3996 nedum
3792 3948 3850 3996 ut

2269 4035 2563 4105 episcopali
2587 4035 2701 4089 sedi
2727 4034 3019 4097 suﬁiceret,
3039 4034 3172 4090 satis
3196 4036 3516 4098 commodae,
3539 4036 3679 4090 velut
3699 4036 3849 4104 puto,

2270 4130 2361 4197 qui
2391 4129 2650 4184 doctrina:
2676 4128 2748 4194 vi,
2767 4128 2911 4199 quod
2931 4128 3034 4186 loci
3054 4129 3213 4199 genio
3237 4129 3444 4196 deerat,
3468 4145 3480 4197 ι
3503 4137 3645 4185 esset
3675 4129 3852 4183 adim-

2273 4222 2416 4292 plere
2447 4223 2491 4292 (Ι
2511 4221 2580 4289 Ι).

2347 4311 2541 4368 Verum
2575 4311 2814 4382 Spiritus
2852 4322 3078 4368 sanctus
3103 4357 3116 4380 ,
3161 4314 3469 4376 divinioris,
3518 4323 3577 4368 ut
3619 4313 3849 4383 videtur,

2273 4421 2541 4477 propensa
2570 4406 2785 4460 consilii
2812 4407 3044 4470 ratione,
3079 4422 3182 4462 nec
3226 4422 3419 4464 eorum
3460 4407 3730 4480 ejusmodi
3758 4423 3848 4462 co-

2272 4510 2458 4553 natum
2507 4498 2769 4562 inhibuit,
2825 4514 2926 4553 nec
2971 4507 3031 4554 ut
3077 4500 3165 4554 ille
3197 4499 3262 4554 ad
3309 4499 3550 4569 majores
3592 4501 3852 4556 hactenus

2277 4590 2478 4646 infitias
2530 4589 2824 4659 sedemque
2872 4588 3164 4661 eligeretur
3224 4592 3526 4647 constituit.
3571 4591 3852 4662 Siquidem

2275 4686 2419 4740 enim
2451 4693 2676 4740 vetustae
2706 4683 2981 4748 Ecclesia,
3009 4699 3074 4745 ac
3103 4686 3336 4756 digniori
3368 4689 3525 4741 datus
3562 4687 3850 4756 cpiscopus

2276 4788 2440 4841 esset,
2487 4792 2711 4833 necesse
2753 4777 2982 4833 forsitan
3015 4789 3132 4834 erat
3165 4789 3223 4834 ut
3257 4779 3332 4833 illi
3363 4779 3522 4844 fixus,
3555 4779 3697 4834 haud
3731 4780 3852 4835 inde

2281 4870 2563 4924 transferri
2611 4869 2778 4926 facile
2813 4882 2997 4941 posset
3030 4887 3045 4937 ;
3104 4871 3480 4927 ecclesiastica
3522 4872 3732 4926 scilicet
3766 4886 3856 4924 rc-

2275 4966 2397 5035 gula
2429 4964 2849 5020 translationum
2881 4963 2930 5018 id
2960 4981 3130 5034 genus
3163 4965 3485 5035 prohibente
3513 4965 3662 5034 (la);
3694 4973 3854 5032 atque

2271 5059 2409 5114 adeo
2435 5058 2676 5114 futurum
2714 5070 2831 5112 erat
2859 5069 2916 5112 ut
2949 5058 3166 5112 urbium
3209 5059 3684 5127 prmstantissima,
3711 5071 3854 5127 prte-

2269 5152 2589 5208 stantissimi
2620 5154 2701 5207 sui
2736 5162 2848 5206 tum
2877 5151 3143 5224 episcopi,
3178 5161 3289 5208 tum
3320 5152 3552 5223 pastoris
3578 5152 3853 5224 jacturam

2265 5248 2588 5306 incurreret.

2342 5340 2603 5410 Denique,
2633 5355 2799 5397 sacra:
2829 5339 3049 5412 quidem
3095 5341 3422 5399 initiationis
3447 5345 3468 5416 (
3495 5341 3596 5398 etsi
3627 5339 3681 5398 id
3711 5354 3855 5413 quo-

654 5477 696 5507 "
737 5480 845 5533 Tit.
879 5497 938 5544 tt,
981 5483 1064 5538 Η.
1141 5487 1188 5519 ⁸⁸
1222 5487 1332 5545 Jer.
1370 5508 1408 5556 t,
1436 5491 1469 5546 5
1505 5509 1519 5556 ;
1552 5492 1658 5549 lsa.
1693 5510 1836 5561 xciv,
1869 5496 1938 5562 2;
1970 5495 2116 5554 Psal.
2159 5519 2284 5572 Lvtt,
2320 5504 2373 5561 .l.

658 5618 769 5685 (l0;
811 5619 1019 5676 Concil.
1057 5624 1314 5685 Cltalced.
1350 5648 1472 5690 can.
1527 5636 1560 5692 (ἶ

586 5688 765 5760 μένως
835 5697 1243 5764 ειροτονείσθαι.

658 5708 936 5816 (ιιιῦιιειι
995 5765 1083 5816 ‘20.
1130 5785 1179 5816 ιι,
1211 5771 1243 5816 3

658 5760 772 5830 (Hi
803 5760 936 5817 Orat
995 5765 1083 5830 ΞΟ,
1127 5785 1180 5840 p.
1211 5771 1316 5826 356

1639 5638 1860 5710 Μηδένα
1901 5642 2164 5705 ﬁnale)»-

2300 5647 2685 5774 αξιιιῖἒυϐοης.
2746 5647 2951 5708 Νἱςωιι.
3015 5665 3140 5708 can.
3201 5651 3289 5722 l5,
3357 5666 3516 5710 conc.
3573 5649 3858 5721 Antioch.,
