  <div class='ocr_page' id='page_1' title='image "/cluster/home/n/w/nwhite01/storage/ocr_20150623/105/mdp.39015008714183/236.png"; bbox 0 0 4150 6298; ppageno 0'>
   <div class='ocr_carea' id='block_1_1' title="bbox 286 419 389 484">
    <p class='ocr_par' dir='ltr' id='par_1_1' title="bbox 286 419 389 484">
     <span class='ocr_line' id='line_1_1' title="bbox 286 419 389 484; baseline 0.01 -1"><span class='ocrx_word' id='word_1_1' title='bbox 286 419 389 484; x_wconf 67' lang='grc' dir='ltr'><strong>ΔὸἸ</strong></span> 
     </span>
    </p>
   </div>
   <div class='ocr_carea' id='block_1_2' title="bbox 1036 403 2894 476">
    <p class='ocr_par' dir='ltr' id='par_1_2' title="bbox 1036 403 2894 476">
     <span class='ocr_line' id='line_1_2' title="bbox 1036 403 2894 476; baseline -0.005 0"><span class='ocrx_word' id='word_1_2' title='bbox 1036 414 1317 476; x_wconf 73' lang='lat' dir='ltr'><strong>ORATIO</strong></span> <span class='ocrx_word' id='word_1_3' title='bbox 1340 415 1468 476; x_wconf 75' lang='lat' dir='ltr'><strong>XX.</strong></span> <span class='ocrx_word' id='word_1_4' title='bbox 1512 438 1577 448; x_wconf 72' lang='grc'><strong>’-</strong></span> <span class='ocrx_word' id='word_1_5' title='bbox 1619 412 1701 474; x_wconf 73' lang='grc' dir='ltr'><strong>ΙΝ</strong></span> <span class='ocrx_word' id='word_1_6' title='bbox 1742 408 2057 471; x_wconf 77' lang='lat' dir='ltr'><strong>LAUDEM</strong></span> <span class='ocrx_word' id='word_1_7' title='bbox 2093 408 2153 473; x_wconf 89' lang='lat' dir='ltr'><strong>S.</strong></span> <span class='ocrx_word' id='word_1_8' title='bbox 2210 406 2588 469; x_wconf 78' lang='lat' dir='ltr'><strong>GREGORII</strong></span> <span class='ocrx_word' id='word_1_9' title='bbox 2621 403 2894 467; x_wconf 79' lang='lat' dir='ltr'><strong>THEOL.</strong></span> 
     </span>
    </p>
   </div>
   <div class='ocr_carea' id='block_1_3' title="bbox 3466 402 3573 466">
    <p class='ocr_par' dir='ltr' id='par_1_3' title="bbox 3466 402 3573 466">
     <span class='ocr_line' id='line_1_3' title="bbox 3466 402 3573 466; baseline -0.009 -1"><span class='ocrx_word' id='word_1_10' title='bbox 3466 402 3573 466; x_wconf 66' lang='lat'><strong>458</strong></span> 
     </span>
    </p>
   </div>
   <div class='ocr_carea' id='block_1_4' title="bbox 290 516 3565 602">
    <p class='ocr_par' dir='ltr' id='par_1_4' title="bbox 290 516 3565 602">
     <span class='ocr_line' id='line_1_4' title="bbox 290 516 3565 602; baseline -0.005 -16"><span class='ocrx_word' id='word_1_11' title='bbox 290 548 400 602; x_wconf 88' lang='lat' dir='ltr'><strong>que</strong></span> <span class='ocrx_word' id='word_1_12' title='bbox 432 529 483 584; x_wconf 90' lang='lat' dir='ltr'><strong>vi</strong></span> <span class='ocrx_word' id='word_1_13' title='bbox 518 536 672 596; x_wconf 81' lang='lat' dir='ltr'><strong>;erat</strong></span> <span class='ocrx_word' id='word_1_14' title='bbox 709 525 856 580; x_wconf 86' lang='lat' dir='ltr'><strong>enim</strong></span> <span class='ocrx_word' id='word_1_15' title='bbox 893 523 939 577; x_wconf 84' lang='lat' dir='ltr'><strong>si</strong></span> <span class='ocrx_word' id='word_1_16' title='bbox 971 525 1095 593; x_wconf 89' lang='lat' dir='ltr'><strong>quis</strong></span> <span class='ocrx_word' id='word_1_17' title='bbox 1132 524 1445 578; x_wconf 76' lang='lat' dir='ltr'><strong>mortalium</strong></span> <span class='ocrx_word' id='word_1_18' title='bbox 1492 539 1658 593; x_wconf 89' lang='lat' dir='ltr'><strong>quam</strong></span> <span class='ocrx_word' id='word_1_19' title='bbox 1702 524 1874 576; x_wconf 74' lang='lat' dir='ltr'><strong>nrasi—</strong></span> <span class='ocrx_word' id='word_1_20' title='bbox 1906 524 1951 582; x_wconf 74' lang='grc' dir='ltr'><strong>Α</strong></span> <span class='ocrx_word' id='word_1_21' title='bbox 1982 517 2050 574; x_wconf 89' lang='lat' dir='ltr'><strong>lis</strong></span> <span class='ocrx_word' id='word_1_22' title='bbox 2094 527 2417 586; x_wconf 91' lang='lat' dir='ltr'><strong>cernuntur,</strong></span> <span class='ocrx_word' id='word_1_23' title='bbox 2456 518 2707 589; x_wconf 87' lang='lat' dir='ltr'><strong>molequc</strong></span> <span class='ocrx_word' id='word_1_24' title='bbox 2765 533 2795 572; x_wconf 86' lang='lat' dir='ltr'><strong>a</strong></span> <span class='ocrx_word' id='word_1_25' title='bbox 2837 528 2980 572; x_wconf 87' lang='lat' dir='ltr'><strong>terra</strong></span> <span class='ocrx_word' id='word_1_26' title='bbox 3009 523 3308 588; x_wconf 88' lang='lat' dir='ltr'><strong>assurgunt</strong></span> <span class='ocrx_word' id='word_1_27' title='bbox 3338 516 3468 581; x_wconf 86' lang='lat' dir='ltr'><strong>;sed</strong></span> <span class='ocrx_word' id='word_1_28' title='bbox 3511 518 3565 572; x_wconf 91' lang='lat' dir='ltr'><strong>iu</strong></span> 
     </span>
    </p>
   </div>
   <div class='ocr_carea' id='block_1_5' title="bbox 296 616 1879 689">
    <p class='ocr_par' dir='ltr' id='par_1_5' title="bbox 296 616 1879 689">
     <span class='ocr_line' id='line_1_5' title="bbox 296 616 1879 689; baseline -0.004 -11"><span class='ocrx_word' id='word_1_29' title='bbox 296 640 382 679; x_wconf 90' lang='lat' dir='ltr'><strong>me</strong></span> <span class='ocrx_word' id='word_1_30' title='bbox 434 637 463 677; x_wconf 88' lang='lat' dir='ltr'><strong>a</strong></span> <span class='ocrx_word' id='word_1_31' title='bbox 522 620 664 675; x_wconf 65' lang='lat' dir='ltr'><strong>fastu</strong></span> <span class='ocrx_word' id='word_1_32' title='bbox 725 618 987 683; x_wconf 87' lang='lat' dir='ltr'><strong>alienus;</strong></span> <span class='ocrx_word' id='word_1_33' title='bbox 1038 616 1116 671; x_wconf 89' lang='lat' dir='ltr'><strong>sic</strong></span> <span class='ocrx_word' id='word_1_34' title='bbox 1170 628 1351 673; x_wconf 87' lang='lat' dir='ltr'><strong>tamen</strong></span> <span class='ocrx_word' id='word_1_35' title='bbox 1392 618 1549 689; x_wconf 80' lang='lat' dir='ltr'><strong>quasi</strong></span> <span class='ocrx_word' id='word_1_36' title='bbox 1605 620 1879 687; x_wconf 75' lang='lat' dir='ltr'><strong>prmbcntc</strong></span> 
     </span>
    </p>
   </div>
   <div class='ocr_carea' id='block_1_6' title="bbox 290 707 1878 779">
    <p class='ocr_par' dir='ltr' id='par_1_6' title="bbox 290 707 1878 779">
     <span class='ocr_line' id='line_1_6' title="bbox 290 707 1878 779; baseline -0.004 -11"><span class='ocrx_word' id='word_1_37' title='bbox 290 710 555 768; x_wconf 76' lang='lat' dir='ltr'><strong>Altissimi</strong></span> <span class='ocrx_word' id='word_1_38' title='bbox 614 707 861 779; x_wconf 74' lang='lat' dir='ltr'><strong>dextera)</strong></span> <span class='ocrx_word' id='word_1_39' title='bbox 915 708 1230 777; x_wconf 82' lang='lat' dir='ltr'><strong>summique</strong></span> <span class='ocrx_word' id='word_1_40' title='bbox 1310 708 1603 763; x_wconf 83' lang='lat' dir='ltr'><strong>sacerdotii</strong></span> <span class='ocrx_word' id='word_1_41' title='bbox 1663 718 1878 777; x_wconf 86' lang='lat' dir='ltr'><strong>sumpta</strong></span> 
     </span>
    </p>
   </div>
   <div class='ocr_carea' id='block_1_7' title="bbox 291 798 1879 871">
    <p class='ocr_par' dir='ltr' id='par_1_7' title="bbox 291 798 1879 871">
     <span class='ocr_line' id='line_1_7' title="bbox 291 798 1879 871; baseline -0.002 -14"><span class='ocrx_word' id='word_1_42' title='bbox 291 816 542 870; x_wconf 85' lang='lat' dir='ltr'><strong>tessera;</strong></span> <span class='ocrx_word' id='word_1_43' title='bbox 571 817 635 857; x_wconf 84' lang='lat' dir='ltr'><strong>ac</strong></span> <span class='ocrx_word' id='word_1_44' title='bbox 670 816 794 856; x_wconf 88' lang='lat' dir='ltr'><strong>cum</strong></span> <span class='ocrx_word' id='word_1_45' title='bbox 824 799 1031 871; x_wconf 90' lang='lat' dir='ltr'><strong>Spiritu</strong></span> <span class='ocrx_word' id='word_1_46' title='bbox 1066 800 1225 865; x_wconf 86' lang='lat' dir='ltr'><strong>duce,</strong></span> <span class='ocrx_word' id='word_1_47' title='bbox 1262 798 1329 855; x_wconf 89' lang='lat' dir='ltr'><strong>ad</strong></span> <span class='ocrx_word' id='word_1_48' title='bbox 1354 804 1501 870; x_wconf 76' lang='lat' dir='ltr'><strong>quod</strong></span> <span class='ocrx_word' id='word_1_49' title='bbox 1546 815 1672 855; x_wconf 87' lang='lat' dir='ltr'><strong>cum</strong></span> <span class='ocrx_word' id='word_1_50' title='bbox 1705 800 1879 871; x_wconf 82' lang='lat' dir='ltr'><strong>gratia</strong></span> 
     </span>
    </p>
   </div>
   <div class='ocr_carea' id='block_1_8' title="bbox 287 893 1882 966">
    <p class='ocr_par' dir='ltr' id='par_1_8' title="bbox 287 893 1882 966">
     <span class='ocr_line' id='line_1_8' title="bbox 287 893 1882 966; baseline -0.002 -17"><span class='ocrx_word' id='word_1_51' title='bbox 287 911 430 965; x_wconf 83' lang='lat' dir='ltr'><strong>opus</strong></span> <span class='ocrx_word' id='word_1_52' title='bbox 451 902 787 966; x_wconf 85' lang='lat' dir='ltr'><strong>segregaret,</strong></span> <span class='ocrx_word' id='word_1_53' title='bbox 834 894 1179 963; x_wconf 75' lang='lat' dir='ltr'><strong>exploratum</strong></span> <span class='ocrx_word' id='word_1_54' title='bbox 1217 894 1460 957; x_wconf 75' lang='lat' dir='ltr'><strong>haberet,</strong></span> <span class='ocrx_word' id='word_1_55' title='bbox 1497 893 1724 948; x_wconf 79' lang='lat' dir='ltr'><strong>omnino</strong></span> <span class='ocrx_word' id='word_1_56' title='bbox 1762 893 1882 964; x_wconf 83' lang='lat' dir='ltr'><strong>qui-</strong></span> 
     </span>
    </p>
   </div>
   <div class='ocr_carea' id='block_1_9' title="bbox 286 985 1879 1057">
    <p class='ocr_par' dir='ltr' id='par_1_9' title="bbox 286 985 1879 1057">
     <span class='ocr_line' id='line_1_9' title="bbox 286 985 1879 1057; baseline -0.002 -14"><span class='ocrx_word' id='word_1_57' title='bbox 286 986 413 1043; x_wconf 87' lang='lat' dir='ltr'><strong>dam</strong></span> <span class='ocrx_word' id='word_1_58' title='bbox 452 985 795 1043; x_wconf 84' lang='lat' dir='ltr'><strong>Sasirnorum</strong></span> <span class='ocrx_word' id='word_1_59' title='bbox 850 987 1125 1044; x_wconf 74' lang='lat' dir='ltr'><strong>abdicavit</strong></span> <span class='ocrx_word' id='word_1_60' title='bbox 1184 987 1479 1057; x_wconf 73' lang='lat' dir='ltr'><strong>parmciam</strong></span> <span class='ocrx_word' id='word_1_61' title='bbox 1533 1004 1548 1053; x_wconf 91' lang='lat'><strong>;</strong></span> <span class='ocrx_word' id='word_1_62' title='bbox 1598 1003 1879 1043; x_wconf 89' lang='lat' dir='ltr'><strong>sacrorum</strong></span> 
     </span>
    </p>
   </div>
   <div class='ocr_carea' id='block_1_10' title="bbox 287 1079 1881 1154">
    <p class='ocr_par' dir='ltr' id='par_1_10' title="bbox 287 1079 1881 1154">
     <span class='ocr_line' id='line_1_10' title="bbox 287 1079 1881 1154; baseline 0.002 -19"><span class='ocrx_word' id='word_1_63' title='bbox 287 1090 474 1136; x_wconf 89' lang='lat' dir='ltr'><strong>autem</strong></span> <span class='ocrx_word' id='word_1_64' title='bbox 531 1080 807 1145; x_wconf 82' lang='lat' dir='ltr'><strong>hactenus</strong></span> <span class='ocrx_word' id='word_1_65' title='bbox 852 1091 1140 1149; x_wconf 87' lang='lat' dir='ltr'><strong>parentum</strong></span> <span class='ocrx_word' id='word_1_66' title='bbox 1197 1080 1283 1151; x_wconf 88' lang='lat' dir='ltr'><strong>pie</strong></span> <span class='ocrx_word' id='word_1_67' title='bbox 1354 1081 1504 1137; x_wconf 88' lang='lat' dir='ltr'><strong>cultu</strong></span> <span class='ocrx_word' id='word_1_68' title='bbox 1558 1079 1881 1154; x_wconf 84' lang='lat' dir='ltr'><strong>defungens,</strong></span> 
     </span>
    </p>
   </div>
   <div class='ocr_carea' id='block_1_11' title="bbox 288 1173 1886 1245">
    <p class='ocr_par' dir='ltr' id='par_1_11' title="bbox 288 1173 1886 1245">
     <span class='ocr_line' id='line_1_11' title="bbox 288 1173 1886 1245; baseline 0.001 -16"><span class='ocrx_word' id='word_1_69' title='bbox 288 1184 697 1245; x_wconf 78' lang='lat' dir='ltr'><strong>paternumque</strong></span> <span class='ocrx_word' id='word_1_70' title='bbox 742 1189 963 1244; x_wconf 77' lang='lat' dir='ltr'><strong>gregem</strong></span> <span class='ocrx_word' id='word_1_71' title='bbox 1017 1174 1303 1244; x_wconf 77' lang='lat' dir='ltr'><strong>pastoralis</strong></span> <span class='ocrx_word' id='word_1_72' title='bbox 1350 1173 1584 1229; x_wconf 65' lang='lat' dir='ltr'><strong>solet-tite</strong></span> <span class='ocrx_word' id='word_1_73' title='bbox 1614 1176 1886 1231; x_wconf 87' lang='lat' dir='ltr'><strong>sermoni-</strong></span> 
     </span>
    </p>
   </div>
   <div class='ocr_carea' id='block_1_12' title="bbox 289 1267 1887 1342">
    <p class='ocr_par' dir='ltr' id='par_1_12' title="bbox 289 1267 1887 1342">
     <span class='ocr_line' id='line_1_12' title="bbox 289 1267 1887 1342; baseline 0 -17"><span class='ocrx_word' id='word_1_74' title='bbox 289 1270 418 1332; x_wconf 86' lang='lat' dir='ltr'><strong>bus,</strong></span> <span class='ocrx_word' id='word_1_75' title='bbox 442 1284 507 1325; x_wconf 86' lang='lat' dir='ltr'><strong>ac</strong></span> <span class='ocrx_word' id='word_1_76' title='bbox 528 1267 791 1340; x_wconf 82' lang='lat' dir='ltr'><strong>operibus</strong></span> <span class='ocrx_word' id='word_1_77' title='bbox 821 1282 1155 1338; x_wconf 80' lang='lat' dir='ltr'><strong>componens</strong></span> <span class='ocrx_word' id='word_1_78' title='bbox 1190 1284 1207 1335; x_wconf 83' lang='lat'><strong>;</strong></span> <span class='ocrx_word' id='word_1_79' title='bbox 1235 1268 1489 1337; x_wconf 82' lang='lat' dir='ltr'><strong>velutque</strong></span> <span class='ocrx_word' id='word_1_80' title='bbox 1519 1269 1715 1340; x_wconf 70' lang='lat' dir='ltr'><strong>pmvia</strong></span> <span class='ocrx_word' id='word_1_81' title='bbox 1748 1287 1887 1342; x_wconf 88' lang='lat' dir='ltr'><strong>qua-</strong></span> 
     </span>
    </p>
   </div>
   <div class='ocr_carea' id='block_1_13' title="bbox 287 1358 1885 1430">
    <p class='ocr_par' dir='ltr' id='par_1_13' title="bbox 287 1358 1885 1430">
     <span class='ocr_line' id='line_1_13' title="bbox 287 1358 1885 1430; baseline -0.001 -15"><span class='ocrx_word' id='word_1_82' title='bbox 287 1360 417 1415; x_wconf 85' lang='lat' dir='ltr'><strong>dam</strong></span> <span class='ocrx_word' id='word_1_83' title='bbox 469 1359 882 1423; x_wconf 75' lang='lat' dir='ltr'><strong>exercitatione,</strong></span> <span class='ocrx_word' id='word_1_84' title='bbox 931 1372 995 1412; x_wconf 87' lang='lat' dir='ltr'><strong>ac</strong></span> <span class='ocrx_word' id='word_1_85' title='bbox 1034 1358 1297 1429; x_wconf 70' lang='lat' dir='ltr'><strong>praeludio</strong></span> <span class='ocrx_word' id='word_1_86' title='bbox 1326 1358 1519 1427; x_wconf 75' lang='lat' dir='ltr'><strong>patriae</strong></span> <span class='ocrx_word' id='word_1_87' title='bbox 1565 1359 1885 1430; x_wconf 84' lang='lat' dir='ltr'><strong>episcopatu</strong></span> 
     </span>
    </p>
   </div>
   <div class='ocr_carea' id='block_1_14' title="bbox 289 1451 1884 1525">
    <p class='ocr_par' dir='ltr' id='par_1_14' title="bbox 289 1451 1884 1525">
     <span class='ocr_line' id='line_1_14' title="bbox 289 1451 1884 1525; baseline 0 -16"><span class='ocrx_word' id='word_1_88' title='bbox 289 1469 451 1519; x_wconf 88' lang='lat' dir='ltr'><strong>usus,</strong></span> <span class='ocrx_word' id='word_1_89' title='bbox 482 1468 607 1510; x_wconf 88' lang='lat' dir='ltr'><strong>sese</strong></span> <span class='ocrx_word' id='word_1_90' title='bbox 638 1453 788 1507; x_wconf 85' lang='lat' dir='ltr'><strong>urbis</strong></span> <span class='ocrx_word' id='word_1_91' title='bbox 831 1451 1129 1521; x_wconf 78' lang='lat' dir='ltr'><strong>Augustae;</strong></span> <span class='ocrx_word' id='word_1_92' title='bbox 1171 1452 1303 1521; x_wconf 89' lang='lat' dir='ltr'><strong>quin</strong></span> <span class='ocrx_word' id='word_1_93' title='bbox 1362 1463 1417 1508; x_wconf 89' lang='lat' dir='ltr'><strong>et</strong></span> <span class='ocrx_word' id='word_1_94' title='bbox 1469 1453 1642 1518; x_wconf 89' lang='lat' dir='ltr'><strong>orbis,</strong></span> <span class='ocrx_word' id='word_1_95' title='bbox 1687 1452 1884 1525; x_wconf 68' lang='lat' dir='ltr'><strong>praefe-</strong></span> 
     </span>
    </p>
   </div>
   <div class='ocr_carea' id='block_1_15' title="bbox 290 1544 1889 1616">
    <p class='ocr_par' dir='ltr' id='par_1_15' title="bbox 290 1544 1889 1616">
     <span class='ocr_line' id='line_1_15' title="bbox 290 1544 1889 1616; baseline -0.002 -13"><span class='ocrx_word' id='word_1_96' title='bbox 290 1557 468 1603; x_wconf 63' lang='lat' dir='ltr'><strong>ctura</strong></span> <span class='ocrx_word' id='word_1_97' title='bbox 499 1546 723 1616; x_wconf 85' lang='lat' dir='ltr'><strong>aptabat</strong></span> <span class='ocrx_word' id='word_1_98' title='bbox 753 1562 767 1610; x_wconf 93' lang='lat'><strong>;</strong></span> <span class='ocrx_word' id='word_1_99' title='bbox 800 1560 1161 1615; x_wconf 74' lang='lat' dir='ltr'><strong>superumque</strong></span> <span class='ocrx_word' id='word_1_100' title='bbox 1180 1544 1529 1614; x_wconf 80' lang='lat' dir='ltr'><strong>perfectionis</strong></span> <span class='ocrx_word' id='word_1_101' title='bbox 1580 1545 1889 1601; x_wconf 84' lang='lat' dir='ltr'><strong>arrhabone</strong></span> 
     </span>
    </p>
   </div>
   <div class='ocr_carea' id='block_1_16' title="bbox 290 1637 1889 1711">
    <p class='ocr_par' dir='ltr' id='par_1_16' title="bbox 290 1637 1889 1711">
     <span class='ocr_line' id='line_1_16' title="bbox 290 1637 1889 1711; baseline 0 -16"><span class='ocrx_word' id='word_1_102' title='bbox 290 1648 572 1709; x_wconf 86' lang='lat' dir='ltr'><strong>suscepto,</strong></span> <span class='ocrx_word' id='word_1_103' title='bbox 615 1637 683 1693; x_wconf 88' lang='lat' dir='ltr'><strong>ad</strong></span> <span class='ocrx_word' id='word_1_104' title='bbox 740 1652 861 1692; x_wconf 89' lang='lat' dir='ltr'><strong>eam</strong></span> <span class='ocrx_word' id='word_1_105' title='bbox 898 1637 1245 1691; x_wconf 79' lang='lat' dir='ltr'><strong>festinantem</strong></span> <span class='ocrx_word' id='word_1_106' title='bbox 1278 1637 1599 1708; x_wconf 74' lang='lat' dir='ltr'><strong>praeferebat</strong></span> <span class='ocrx_word' id='word_1_107' title='bbox 1634 1656 1648 1693; x_wconf 89' lang='lat'>:</span> <span class='ocrx_word' id='word_1_108' title='bbox 1691 1653 1758 1694; x_wconf 87' lang='lat' dir='ltr'><strong>ac</strong></span> <span class='ocrx_word' id='word_1_109' title='bbox 1802 1639 1889 1711; x_wconf 91' lang='lat' dir='ltr'><strong>pia</strong></span> 
     </span>
    </p>
   </div>
   <div class='ocr_carea' id='block_1_17' title="bbox 289 1730 1757 1804">
    <p class='ocr_par' dir='ltr' id='par_1_17' title="bbox 289 1730 1757 1804">
     <span class='ocr_line' id='line_1_17' title="bbox 289 1730 1757 1804; baseline 0.001 -16"><span class='ocrx_word' id='word_1_110' title='bbox 289 1732 730 1804; x_wconf 81' lang='lat' dir='ltr'><strong>longanimitate,</strong></span> <span class='ocrx_word' id='word_1_111' title='bbox 767 1732 983 1787; x_wconf 85' lang='lat' dir='ltr'><strong>divinas</strong></span> <span class='ocrx_word' id='word_1_112' title='bbox 1014 1730 1407 1802; x_wconf 87' lang='lat' dir='ltr'><strong>promissiones</strong></span> <span class='ocrx_word' id='word_1_113' title='bbox 1441 1731 1757 1804; x_wconf 82' lang='lat' dir='ltr'><strong>recipiebat.</strong></span> 
     </span>
    </p>
   </div>
   <div class='ocr_carea' id='block_1_18' title="bbox 361 1824 1887 1897">
    <p class='ocr_par' dir='ltr' id='par_1_18' title="bbox 361 1824 1887 1897">
     <span class='ocr_line' id='line_1_18' title="bbox 361 1824 1887 1897; baseline 0 -16"><span class='ocrx_word' id='word_1_114' title='bbox 361 1826 715 1882; x_wconf 76' lang='lat' dir='ltr'><strong>Abraharnus</strong></span> <span class='ocrx_word' id='word_1_115' title='bbox 749 1825 969 1897; x_wconf 82' lang='lat' dir='ltr'><strong>quidem</strong></span> <span class='ocrx_word' id='word_1_116' title='bbox 1039 1824 1476 1896; x_wconf 72' lang='lat' dir='ltr'><strong>patriarcharum</strong></span> <span class='ocrx_word' id='word_1_117' title='bbox 1527 1825 1887 1893; x_wconf 79' lang='lat' dir='ltr'><strong>clarissimus,</strong></span> 
     </span>
    </p>
   </div>
   <div class='ocr_carea' id='block_1_19' title="bbox 287 1918 1889 1991">
    <p class='ocr_par' dir='ltr' id='par_1_19' title="bbox 287 1918 1889 1991">
     <span class='ocr_line' id='line_1_19' title="bbox 287 1918 1889 1991; baseline -0.002 -16"><span class='ocrx_word' id='word_1_118' title='bbox 287 1919 469 1975; x_wconf 84' lang='lat' dir='ltr'><strong>tribus</strong></span> <span class='ocrx_word' id='word_1_119' title='bbox 491 1921 626 1974; x_wconf 89' lang='lat' dir='ltr'><strong>viris</strong></span> <span class='ocrx_word' id='word_1_120' title='bbox 642 1918 929 1973; x_wconf 82' lang='lat' dir='ltr'><strong>Trinitatis</strong></span> <span class='ocrx_word' id='word_1_121' title='bbox 959 1929 1083 1989; x_wconf 79' lang='lat' dir='ltr'><strong>typo</strong></span> <span class='ocrx_word' id='word_1_122' title='bbox 1115 1918 1352 1987; x_wconf 81' lang='lat' dir='ltr'><strong>hospitio</strong></span> <span class='ocrx_word' id='word_1_123' title='bbox 1379 1919 1709 1991; x_wconf 85' lang='lat' dir='ltr'><strong>susceptis”</strong></span> <span class='ocrx_word' id='word_1_124' title='bbox 1734 1935 1749 1984; x_wconf 92' lang='lat'><strong>;</strong></span> <span class='ocrx_word' id='word_1_125' title='bbox 1780 1920 1889 1973; x_wconf 91' lang='lat' dir='ltr'><strong>imo</strong></span> 
     </span>
    </p>
   </div>
   <div class='ocr_carea' id='block_1_20' title="bbox 291 2008 1888 2069">
    <p class='ocr_par' dir='ltr' id='par_1_20' title="bbox 291 2008 1888 2069">
     <span class='ocr_line' id='line_1_20' title="bbox 291 2008 1888 2069; baseline -0.002 0"><span class='ocrx_word' id='word_1_126' title='bbox 291 2028 420 2069; x_wconf 89' lang='lat' dir='ltr'><strong>cum</strong></span> <span class='ocrx_word' id='word_1_127' title='bbox 452 2013 621 2067; x_wconf 88' lang='lat' dir='ltr'><strong>trium</strong></span> <span class='ocrx_word' id='word_1_128' title='bbox 679 2012 924 2065; x_wconf 88' lang='lat' dir='ltr'><strong>virorum</strong></span> <span class='ocrx_word' id='word_1_129' title='bbox 980 2014 1153 2066; x_wconf 86' lang='lat' dir='ltr'><strong>forma</strong></span> <span class='ocrx_word' id='word_1_130' title='bbox 1195 2008 1522 2066; x_wconf 85' lang='lat' dir='ltr'><strong>Trinitatem</strong></span> <span class='ocrx_word' id='word_1_131' title='bbox 1580 2012 1888 2066; x_wconf 83' lang='lat' dir='ltr'><strong>venientem</strong></span> 
     </span>
    </p>
   </div>
   <div class='ocr_carea' id='block_1_21' title="bbox 298 2103 1891 2176">
    <p class='ocr_par' dir='ltr' id='par_1_21' title="bbox 298 2103 1891 2176">
     <span class='ocr_line' id='line_1_21' title="bbox 298 2103 1891 2176; baseline -0.001 -16"><span class='ocrx_word' id='word_1_132' title='bbox 298 2106 404 2160; x_wconf 79' lang='lat' dir='ltr'><strong>sub</strong></span> <span class='ocrx_word' id='word_1_133' title='bbox 433 2121 639 2175; x_wconf 86' lang='lat' dir='ltr'><strong>quercu</strong></span> <span class='ocrx_word' id='word_1_134' title='bbox 691 2103 1061 2175; x_wconf 72' lang='lat' dir='ltr'><strong>refrigeraret,</strong></span> <span class='ocrx_word' id='word_1_135' title='bbox 1123 2107 1530 2176; x_wconf 83' lang='lat' dir='ltr'><strong>humaniusque</strong></span> <span class='ocrx_word' id='word_1_136' title='bbox 1591 2106 1891 2175; x_wconf 77' lang='lat' dir='ltr'><strong>exciperet,</strong></span> 
     </span>
    </p>
   </div>
   <div class='ocr_carea' id='block_1_22' title="bbox 304 2196 1893 2268">
    <p class='ocr_par' dir='ltr' id='par_1_22' title="bbox 304 2196 1893 2268">
     <span class='ocr_line' id='line_1_22' title="bbox 304 2196 1893 2268; baseline 0 -17"><span class='ocrx_word' id='word_1_137' title='bbox 304 2196 713 2252; x_wconf 87' lang='lat' dir='ltr'><strong>benedictiones</strong></span> <span class='ocrx_word' id='word_1_138' title='bbox 743 2212 771 2251; x_wconf 88' lang='lat' dir='ltr'><strong>a</strong></span> <span class='ocrx_word' id='word_1_139' title='bbox 803 2196 912 2251; x_wconf 88' lang='lat' dir='ltr'><strong>Deo</strong></span> <span class='ocrx_word' id='word_1_140' title='bbox 940 2197 1292 2268; x_wconf 78' lang='lat' dir='ltr'><strong>consequitur</strong></span> <span class='ocrx_word' id='word_1_141' title='bbox 1322 2216 1335 2251; x_wconf 89' lang='lat'><strong>:</strong></span> <span class='ocrx_word' id='word_1_142' title='bbox 1372 2196 1705 2268; x_wconf 83' lang='lat' dir='ltr'><strong>hospitiique</strong></span> <span class='ocrx_word' id='word_1_143' title='bbox 1744 2198 1893 2251; x_wconf 87' lang='lat' dir='ltr'><strong>illius</strong></span> 
     </span>
    </p>
   </div>
   <div class='ocr_carea' id='block_1_23' title="bbox 308 2288 1894 2361">
    <p class='ocr_par' dir='ltr' id='par_1_23' title="bbox 308 2288 1894 2361">
     <span class='ocr_line' id='line_1_23' title="bbox 308 2288 1894 2361; baseline 0.002 -17"><span class='ocrx_word' id='word_1_144' title='bbox 308 2289 560 2361; x_wconf 64' lang='lat' dir='ltr'><strong>praemio,</strong></span> <span class='ocrx_word' id='word_1_145' title='bbox 617 2289 1010 2361; x_wconf 81' lang='lat' dir='ltr'><strong>optatissimam</strong></span> <span class='ocrx_word' id='word_1_146' title='bbox 1044 2288 1210 2345; x_wconf 78' lang='lat' dir='ltr'><strong>refert</strong></span> <span class='ocrx_word' id='word_1_147' title='bbox 1260 2290 1705 2361; x_wconf 87' lang='lat' dir='ltr'><strong>promissionem.</strong></span> <span class='ocrx_word' id='word_1_148' title='bbox 1733 2290 1894 2357; x_wconf 53' lang='lat' dir='ltr'><strong>Quae.</strong></span> 
     </span>
    </p>
   </div>
   <div class='ocr_carea' id='block_1_24' title="bbox 308 2382 1892 2456">
    <p class='ocr_par' dir='ltr' id='par_1_24' title="bbox 308 2382 1892 2456">
     <span class='ocr_line' id='line_1_24' title="bbox 308 2382 1892 2456; baseline 0.002 -17"><span class='ocrx_word' id='word_1_149' title='bbox 308 2397 438 2439; x_wconf 87' lang='lat' dir='ltr'><strong>nam</strong></span> <span class='ocrx_word' id='word_1_150' title='bbox 503 2398 633 2439; x_wconf 87' lang='lat' dir='ltr'><strong>vero</strong></span> <span class='ocrx_word' id='word_1_151' title='bbox 674 2384 1014 2453; x_wconf 80' lang='lat' dir='ltr'><strong>promissio?</strong></span> <span class='ocrx_word' id='word_1_152' title='bbox 1046 2382 1249 2454; x_wconf 79' lang='lat' dir='ltr'><strong>Nempe</strong></span> <span class='ocrx_word' id='word_1_153' title='bbox 1294 2384 1476 2440; x_wconf 83' lang='lat' dir='ltr'><strong>Sarrae</strong></span> <span class='ocrx_word' id='word_1_154' title='bbox 1516 2400 1683 2456; x_wconf 78' lang='lat' dir='ltr'><strong>Supra</strong></span> <span class='ocrx_word' id='word_1_155' title='bbox 1740 2401 1892 2455; x_wconf 84' lang='lat' dir='ltr'><strong>spem</strong></span> 
     </span>
    </p>
   </div>
   <div class='ocr_carea' id='block_1_25' title="bbox 306 2477 1895 2548">
    <p class='ocr_par' dir='ltr' id='par_1_25' title="bbox 306 2477 1895 2548">
     <span class='ocr_line' id='line_1_25' title="bbox 306 2477 1895 2548; baseline 0 -15"><span class='ocrx_word' id='word_1_156' title='bbox 306 2491 528 2533; x_wconf 87' lang='lat' dir='ltr'><strong>onmem</strong></span> <span class='ocrx_word' id='word_1_157' title='bbox 560 2515 576 2542; x_wconf 89' lang='lat'><strong>,</strong></span> <span class='ocrx_word' id='word_1_158' title='bbox 614 2484 938 2547; x_wconf 73' lang='lat' dir='ltr'><strong>aetatemque</strong></span> <span class='ocrx_word' id='word_1_159' title='bbox 989 2478 1162 2547; x_wconf 88' lang='lat' dir='ltr'><strong>prolis</strong></span> <span class='ocrx_word' id='word_1_160' title='bbox 1214 2477 1533 2548; x_wconf 72' lang='lat' dir='ltr'><strong>susceptio;</strong></span> <span class='ocrx_word' id='word_1_161' title='bbox 1571 2478 1801 2535; x_wconf 87' lang='lat' dir='ltr'><strong>seminis</strong></span> <span class='ocrx_word' id='word_1_162' title='bbox 1829 2492 1895 2533; x_wconf 89' lang='lat' dir='ltr'><strong>ea</strong></span> 
     </span>
    </p>
   </div>
   <div class='ocr_carea' id='block_1_26' title="bbox 308 2567 1898 2639">
    <p class='ocr_par' dir='ltr' id='par_1_26' title="bbox 308 2567 1898 2639">
     <span class='ocr_line' id='line_1_26' title="bbox 308 2567 1898 2639; baseline 0.004 -18"><span class='ocrx_word' id='word_1_163' title='bbox 308 2569 657 2624; x_wconf 78' lang='lat' dir='ltr'><strong>multitudine</strong></span> <span class='ocrx_word' id='word_1_164' title='bbox 688 2567 928 2633; x_wconf 81' lang='lat' dir='ltr'><strong>diffusio,</strong></span> <span class='ocrx_word' id='word_1_165' title='bbox 979 2578 1041 2624; x_wconf 91' lang='lat' dir='ltr'><strong>ut</strong></span> <span class='ocrx_word' id='word_1_166' title='bbox 1079 2568 1266 2625; x_wconf 88' lang='lat' dir='ltr'><strong>stellas</strong></span> <span class='ocrx_word' id='word_1_167' title='bbox 1293 2568 1416 2624; x_wconf 74' lang='lat' dir='ltr'><strong>caeli</strong></span> <span class='ocrx_word' id='word_1_168' title='bbox 1476 2580 1699 2639; x_wconf 73' lang='lat' dir='ltr'><strong>tequet;</strong></span> <span class='ocrx_word' id='word_1_169' title='bbox 1738 2579 1898 2627; x_wconf 77' lang='lat' dir='ltr'><strong>teme</strong></span> 
     </span>
    </p>
   </div>
   <div class='ocr_carea' id='block_1_27' title="bbox 308 2660 1895 2730">
    <p class='ocr_par' dir='ltr' id='par_1_27' title="bbox 308 2660 1895 2730">
     <span class='ocr_line' id='line_1_27' title="bbox 308 2660 1895 2730; baseline 0.004 -19"><span class='ocrx_word' id='word_1_170' title='bbox 308 2661 526 2729; x_wconf 76' lang='lat' dir='ltr'><strong>optima:</strong></span> <span class='ocrx_word' id='word_1_171' title='bbox 572 2660 860 2716; x_wconf 67' lang='lat' dir='ltr'><strong>hereditas</strong></span> <span class='ocrx_word' id='word_1_172' title='bbox 940 2676 1005 2715; x_wconf 87' lang='lat' dir='ltr'><strong>ac</strong></span> <span class='ocrx_word' id='word_1_173' title='bbox 1044 2661 1337 2729; x_wconf 84' lang='lat' dir='ltr'><strong>possessio.</strong></span> <span class='ocrx_word' id='word_1_174' title='bbox 1382 2660 1481 2717; x_wconf 88' lang='lat' dir='ltr'><strong>Hic</strong></span> <span class='ocrx_word' id='word_1_175' title='bbox 1536 2670 1744 2730; x_wconf 87' lang='lat' dir='ltr'><strong>autem,</strong></span> <span class='ocrx_word' id='word_1_176' title='bbox 1784 2678 1895 2718; x_wconf 89' lang='lat' dir='ltr'><strong>non</strong></span> 
     </span>
    </p>
   </div>
   <div class='ocr_carea' id='block_1_28' title="bbox 307 2749 1897 2821">
    <p class='ocr_par' dir='ltr' id='par_1_28' title="bbox 307 2749 1897 2821">
     <span class='ocr_line' id='line_1_28' title="bbox 307 2749 1897 2821; baseline 0.001 -16"><span class='ocrx_word' id='word_1_177' title='bbox 307 2750 483 2807; x_wconf 77' lang='lat' dir='ltr'><strong>tribus</strong></span> <span class='ocrx_word' id='word_1_178' title='bbox 524 2750 675 2813; x_wconf 89' lang='lat' dir='ltr'><strong>viris,</strong></span> <span class='ocrx_word' id='word_1_179' title='bbox 713 2750 807 2805; x_wconf 89' lang='lat' dir='ltr'><strong>sed</strong></span> <span class='ocrx_word' id='word_1_180' title='bbox 854 2749 1072 2805; x_wconf 82' lang='lat' dir='ltr'><strong>deitatis</strong></span> <span class='ocrx_word' id='word_1_181' title='bbox 1132 2749 1311 2806; x_wconf 90' lang='lat' dir='ltr'><strong>tribus</strong></span> <span class='ocrx_word' id='word_1_182' title='bbox 1362 2753 1661 2821; x_wconf 86' lang='lat' dir='ltr'><strong>personis;</strong></span> <span class='ocrx_word' id='word_1_183' title='bbox 1717 2766 1897 2819; x_wconf 88' lang='lat' dir='ltr'><strong>neque</strong></span> 
     </span>
    </p>
   </div>
   <div class='ocr_carea' id='block_1_29' title="bbox 306 2842 1896 2915">
    <p class='ocr_par' dir='ltr' id='par_1_29' title="bbox 306 2842 1896 2915">
     <span class='ocr_line' id='line_1_29' title="bbox 306 2842 1896 2915; baseline 0.001 -18"><span class='ocrx_word' id='word_1_184' title='bbox 306 2842 591 2900; x_wconf 77' lang='lat' dir='ltr'><strong>Trinitatis</strong></span> <span class='ocrx_word' id='word_1_185' title='bbox 616 2843 815 2915; x_wconf 80' lang='lat' dir='ltr'><strong>tigura,</strong></span> <span class='ocrx_word' id='word_1_186' title='bbox 850 2842 947 2898; x_wconf 55' lang='lat' dir='ltr'><strong>sed</strong></span> <span class='ocrx_word' id='word_1_187' title='bbox 982 2842 1096 2912; x_wconf 86' lang='lat' dir='ltr'><strong>ipsa</strong></span> <span class='ocrx_word' id='word_1_188' title='bbox 1130 2858 1256 2899; x_wconf 87' lang='lat' dir='ltr'><strong>vere</strong></span> <span class='ocrx_word' id='word_1_189' title='bbox 1304 2853 1559 2915; x_wconf 87' lang='lat' dir='ltr'><strong>suscepta</strong></span> <span class='ocrx_word' id='word_1_190' title='bbox 1586 2843 1896 2912; x_wconf 87' lang='lat' dir='ltr'><strong>Trinitate;</strong></span> 
     </span>
    </p>
   </div>
   <div class='ocr_carea' id='block_1_30' title="bbox 302 2937 1901 3009">
    <p class='ocr_par' dir='ltr' id='par_1_30' title="bbox 302 2937 1901 3009">
     <span class='ocr_line' id='line_1_30' title="bbox 302 2937 1901 3009; baseline -0.001 -16"><span class='ocrx_word' id='word_1_191' title='bbox 302 2953 483 3009; x_wconf 85' lang='lat' dir='ltr'><strong>neque</strong></span> <span class='ocrx_word' id='word_1_192' title='bbox 532 2953 597 2993; x_wconf 88' lang='lat' dir='ltr'><strong>ea</strong></span> <span class='ocrx_word' id='word_1_193' title='bbox 622 2953 750 3009; x_wconf 64' lang='lat' dir='ltr'><strong>qua:</strong></span> <span class='ocrx_word' id='word_1_194' title='bbox 776 2937 947 2993; x_wconf 85' lang='lat' dir='ltr'><strong>semel</strong></span> <span class='ocrx_word' id='word_1_195' title='bbox 981 2939 1180 3008; x_wconf 82' lang='lat' dir='ltr'><strong>hospes</strong></span> <span class='ocrx_word' id='word_1_196' title='bbox 1209 2937 1439 3004; x_wconf 82' lang='lat' dir='ltr'><strong>venerit,</strong></span> <span class='ocrx_word' id='word_1_197' title='bbox 1480 2938 1577 2993; x_wconf 86' lang='lat' dir='ltr'><strong>sed</strong></span> <span class='ocrx_word' id='word_1_198' title='bbox 1607 2953 1730 3009; x_wconf 68' lang='lat' dir='ltr'><strong>quae</strong></span> <span class='ocrx_word' id='word_1_199' title='bbox 1755 2954 1901 2993; x_wconf 62' lang='lat' dir='ltr'><strong>sem.</strong></span> 
     </span>
    </p>
   </div>
   <div class='ocr_carea' id='block_1_31' title="bbox 298 3028 1898 3101">
    <p class='ocr_par' dir='ltr' id='par_1_31' title="bbox 298 3028 1898 3101">
     <span class='ocr_line' id='line_1_31' title="bbox 298 3028 1898 3101; baseline 0.001 -18"><span class='ocrx_word' id='word_1_200' title='bbox 298 3044 399 3101; x_wconf 84' lang='lat' dir='ltr'><strong>per</strong></span> <span class='ocrx_word' id='word_1_201' title='bbox 431 3029 853 3085; x_wconf 76' lang='lat' dir='ltr'><strong>abstrusissitna</strong></span> <span class='ocrx_word' id='word_1_202' title='bbox 881 3028 1092 3084; x_wconf 89' lang='lat' dir='ltr'><strong>ratione</strong></span> <span class='ocrx_word' id='word_1_203' title='bbox 1126 3030 1373 3096; x_wconf 87' lang='lat' dir='ltr'><strong>adesset;</strong></span> <span class='ocrx_word' id='word_1_204' title='bbox 1401 3045 1509 3083; x_wconf 92' lang='lat' dir='ltr'><strong>non</strong></span> <span class='ocrx_word' id='word_1_205' title='bbox 1550 3030 1898 3085; x_wconf 85' lang='lat' dir='ltr'><strong>irrationabi-</strong></span> 
     </span>
    </p>
   </div>
   <div class='ocr_carea' id='block_1_32' title="bbox 305 3120 1898 3192">
    <p class='ocr_par' dir='ltr' id='par_1_32' title="bbox 305 3120 1898 3192">
     <span class='ocr_line' id='line_1_32' title="bbox 305 3120 1898 3192; baseline -0.001 -13"><span class='ocrx_word' id='word_1_206' title='bbox 305 3123 453 3179; x_wconf 85' lang='lat' dir='ltr'><strong>libus</strong></span> <span class='ocrx_word' id='word_1_207' title='bbox 481 3122 643 3190; x_wconf 84' lang='lat' dir='ltr'><strong>cibis,</strong></span> <span class='ocrx_word' id='word_1_208' title='bbox 690 3121 788 3176; x_wconf 90' lang='lat' dir='ltr'><strong>sed</strong></span> <span class='ocrx_word' id='word_1_209' title='bbox 824 3120 962 3175; x_wconf 81' lang='lat' dir='ltr'><strong>vivis</strong></span> <span class='ocrx_word' id='word_1_210' title='bbox 996 3122 1367 3188; x_wconf 87' lang='lat' dir='ltr'><strong>sermonibus,</strong></span> <span class='ocrx_word' id='word_1_211' title='bbox 1424 3122 1683 3192; x_wconf 83' lang='lat' dir='ltr'><strong>verisque</strong></span> <span class='ocrx_word' id='word_1_212' title='bbox 1731 3122 1898 3178; x_wconf 89' lang='lat' dir='ltr'><strong>animi</strong></span> 
     </span>
    </p>
   </div>
   <div class='ocr_carea' id='block_1_33' title="bbox 307 3213 1895 3285">
    <p class='ocr_par' dir='ltr' id='par_1_33' title="bbox 307 3213 1895 3285">
     <span class='ocr_line' id='line_1_33' title="bbox 307 3213 1895 3285; baseline -0.004 -12"><span class='ocrx_word' id='word_1_213' title='bbox 307 3217 510 3282; x_wconf 73' lang='lat' dir='ltr'><strong>sensis,</strong></span> <span class='ocrx_word' id='word_1_214' title='bbox 531 3231 595 3271; x_wconf 88' lang='lat' dir='ltr'><strong>ac</strong></span> <span class='ocrx_word' id='word_1_215' title='bbox 625 3216 960 3277; x_wconf 74' lang='lat' dir='ltr'><strong>rationibus,</strong></span> <span class='ocrx_word' id='word_1_216' title='bbox 984 3214 1212 3285; x_wconf 90' lang='lat' dir='ltr'><strong>ipsaque</strong></span> <span class='ocrx_word' id='word_1_217' title='bbox 1241 3230 1368 3270; x_wconf 84' lang='lat' dir='ltr'><strong>vere</strong></span> <span class='ocrx_word' id='word_1_218' title='bbox 1396 3214 1575 3285; x_wconf 90' lang='lat' dir='ltr'><strong>dignis</strong></span> <span class='ocrx_word' id='word_1_219' title='bbox 1603 3213 1895 3281; x_wconf 87' lang='lat' dir='ltr'><strong>&#39;l‘rinitate,</strong></span> 
     </span>
    </p>
   </div>
   <div class='ocr_carea' id='block_1_34' title="bbox 308 3307 1897 3380">
    <p class='ocr_par' dir='ltr' id='par_1_34' title="bbox 308 3307 1897 3380">
     <span class='ocr_line' id='line_1_34' title="bbox 308 3307 1897 3380; baseline -0.001 -17"><span class='ocrx_word' id='word_1_220' title='bbox 308 3310 633 3380; x_wconf 75' lang='lat' dir='ltr'><strong>magniﬁce,</strong></span> <span class='ocrx_word' id='word_1_221' title='bbox 681 3307 1083 3377; x_wconf 86' lang='lat' dir='ltr'><strong>anrbitioseque</strong></span> <span class='ocrx_word' id='word_1_222' title='bbox 1132 3307 1281 3362; x_wconf 89' lang='lat' dir='ltr'><strong>illam</strong></span> <span class='ocrx_word' id='word_1_223' title='bbox 1337 3309 1592 3364; x_wconf 60' lang='lat' dir='ltr'><strong>convivio</strong></span> <span class='ocrx_word' id='word_1_224' title='bbox 1656 3307 1897 3378; x_wconf 86' lang='lat' dir='ltr'><strong>accipit;</strong></span> 
     </span>
    </p>
   </div>
   <div class='ocr_carea' id='block_1_35' title="bbox 313 3399 1900 3470">
    <p class='ocr_par' dir='ltr' id='par_1_35' title="bbox 313 3399 1900 3470">
     <span class='ocr_line' id='line_1_35' title="bbox 313 3399 1900 3470; baseline -0.001 -14"><span class='ocrx_word' id='word_1_225' title='bbox 313 3417 413 3457; x_wconf 80' lang='lat' dir='ltr'><strong>nec</strong></span> <span class='ocrx_word' id='word_1_226' title='bbox 427 3400 526 3455; x_wconf 87' lang='lat' dir='ltr'><strong>sub</strong></span> <span class='ocrx_word' id='word_1_227' title='bbox 546 3401 756 3457; x_wconf 87' lang='lat' dir='ltr'><strong>arboris</strong></span> <span class='ocrx_word' id='word_1_228' title='bbox 774 3400 962 3455; x_wconf 88' lang='lat' dir='ltr'><strong>umbra</strong></span> <span class='ocrx_word' id='word_1_229' title='bbox 982 3399 1287 3470; x_wconf 72' lang='lat' dir='ltr'><strong>refrigerat,</strong></span> <span class='ocrx_word' id='word_1_230' title='bbox 1320 3400 1412 3455; x_wconf 90' lang='lat' dir='ltr'><strong>sed</strong></span> <span class='ocrx_word' id='word_1_231' title='bbox 1440 3401 1545 3457; x_wconf 87' lang='lat' dir='ltr'><strong>sub</strong></span> <span class='ocrx_word' id='word_1_232' title='bbox 1569 3400 1900 3456; x_wconf 77' lang='lat' dir='ltr'><strong>eximiorum</strong></span> 
     </span>
    </p>
   </div>
   <div class='ocr_carea' id='block_1_36' title="bbox 315 3493 1903 3566">
    <p class='ocr_par' dir='ltr' id='par_1_36' title="bbox 315 3493 1903 3566">
     <span class='ocr_line' id='line_1_36' title="bbox 315 3493 1903 3566; baseline -0.002 -15"><span class='ocrx_word' id='word_1_233' title='bbox 315 3511 609 3551; x_wconf 87' lang='lat' dir='ltr'><strong>sensorum</strong></span> <span class='ocrx_word' id='word_1_234' title='bbox 644 3495 753 3550; x_wconf 87' lang='lat' dir='ltr'><strong>alto</strong></span> <span class='ocrx_word' id='word_1_235' title='bbox 776 3504 1030 3562; x_wconf 77' lang='lat' dir='ltr'><strong>recreat;</strong></span> <span class='ocrx_word' id='word_1_236' title='bbox 1068 3494 1430 3566; x_wconf 81' lang='lat' dir='ltr'><strong>melioresque</strong></span> <span class='ocrx_word' id='word_1_237' title='bbox 1462 3510 1528 3551; x_wconf 90' lang='lat' dir='ltr'><strong>ac</strong></span> <span class='ocrx_word' id='word_1_238' title='bbox 1566 3493 1903 3551; x_wconf 82' lang='lat' dir='ltr'><strong>certissimas</strong></span> 
     </span>
    </p>
   </div>
   <div class='ocr_carea' id='block_1_37' title="bbox 326 3586 1904 3661">
    <p class='ocr_par' dir='ltr' id='par_1_37' title="bbox 326 3586 1904 3661">
     <span class='ocr_line' id='line_1_37' title="bbox 326 3586 1904 3661; baseline 0.002 -21"><span class='ocrx_word' id='word_1_239' title='bbox 326 3586 719 3658; x_wconf 80' lang='lat' dir='ltr'><strong>promissiones</strong></span> <span class='ocrx_word' id='word_1_240' title='bbox 735 3587 1104 3660; x_wconf 85' lang='lat' dir='ltr'><strong>consequitur.</strong></span> <span class='ocrx_word' id='word_1_241' title='bbox 1125 3587 1444 3644; x_wconf 79' lang='lat' dir='ltr'><strong>Liberorum</strong></span> <span class='ocrx_word' id='word_1_242' title='bbox 1476 3589 1620 3643; x_wconf 88' lang='lat' dir='ltr'><strong>enim</strong></span> <span class='ocrx_word' id='word_1_243' title='bbox 1640 3587 1904 3661; x_wconf 77' lang='lat' dir='ltr'><strong>multipli-</strong></span> 
     </span>
    </p>
   </div>
   <div class='ocr_carea' id='block_1_38' title="bbox 325 3682 1907 3755">
    <p class='ocr_par' dir='ltr' id='par_1_38' title="bbox 325 3682 1907 3755">
     <span class='ocr_line' id='line_1_38' title="bbox 325 3682 1907 3755; baseline 0.001 -19"><span class='ocrx_word' id='word_1_244' title='bbox 325 3689 719 3745; x_wconf 75' lang='lat' dir='ltr'><strong>catorum,non</strong></span> <span class='ocrx_word' id='word_1_245' title='bbox 738 3682 1050 3751; x_wconf 88' lang='lat' dir='ltr'><strong>carnalium,</strong></span> <span class='ocrx_word' id='word_1_246' title='bbox 1068 3682 1162 3738; x_wconf 88' lang='lat' dir='ltr'><strong>sed</strong></span> <span class='ocrx_word' id='word_1_247' title='bbox 1195 3682 1517 3755; x_wconf 81' lang='lat' dir='ltr'><strong>spiritalium</strong></span> <span class='ocrx_word' id='word_1_248' title='bbox 1544 3696 1752 3752; x_wconf 70' lang='lat' dir='ltr'><strong>meque</strong></span> <span class='ocrx_word' id='word_1_249' title='bbox 1779 3682 1907 3738; x_wconf 78' lang='lat' dir='ltr'><strong>stel-</strong></span> 
     </span>
    </p>
   </div>
   <div class='ocr_carea' id='block_1_39' title="bbox 321 3772 1905 3848">
    <p class='ocr_par' dir='ltr' id='par_1_39' title="bbox 321 3772 1905 3848">
     <span class='ocr_line' id='line_1_39' title="bbox 321 3772 1905 3848; baseline 0.002 -20"><span class='ocrx_word' id='word_1_250' title='bbox 321 3773 395 3829; x_wconf 77' lang='lat' dir='ltr'><strong>lis</strong></span> <span class='ocrx_word' id='word_1_251' title='bbox 418 3772 475 3826; x_wconf 89' lang='lat' dir='ltr'><strong>in</strong></span> <span class='ocrx_word' id='word_1_252' title='bbox 490 3780 768 3844; x_wconf 75' lang='lat' dir='ltr'><strong>aSpectum</strong></span> <span class='ocrx_word' id='word_1_253' title='bbox 782 3774 1123 3839; x_wconf 81' lang='lat' dir='ltr'><strong>cadentibus,</strong></span> <span class='ocrx_word' id='word_1_254' title='bbox 1145 3778 1238 3832; x_wconf 90' lang='lat' dir='ltr'><strong>sed</strong></span> <span class='ocrx_word' id='word_1_255' title='bbox 1254 3793 1372 3848; x_wconf 73' lang='lat' dir='ltr'><strong>qua:</strong></span> <span class='ocrx_word' id='word_1_256' title='bbox 1393 3785 1573 3830; x_wconf 83' lang='lat' dir='ltr'><strong>meme</strong></span> <span class='ocrx_word' id='word_1_257' title='bbox 1590 3776 1905 3846; x_wconf 83' lang='lat' dir='ltr'><strong>intelligun-</strong></span> 
     </span>
    </p>
   </div>
   <div class='ocr_carea' id='block_1_40' title="bbox 321 3865 1905 3937">
    <p class='ocr_par' dir='ltr' id='par_1_40' title="bbox 321 3865 1905 3937">
     <span class='ocr_line' id='line_1_40' title="bbox 321 3865 1905 3937; baseline -0.001 -16"><span class='ocrx_word' id='word_1_258' title='bbox 321 3876 433 3933; x_wconf 86' lang='lat' dir='ltr'><strong>tur,</strong></span> <span class='ocrx_word' id='word_1_259' title='bbox 460 3876 573 3921; x_wconf 89' lang='lat' dir='ltr'><strong>tum</strong></span> <span class='ocrx_word' id='word_1_260' title='bbox 612 3866 986 3933; x_wconf 85' lang='lat' dir='ltr'><strong>multitudine,</strong></span> <span class='ocrx_word' id='word_1_261' title='bbox 1020 3877 1135 3923; x_wconf 91' lang='lat' dir='ltr'><strong>tum</strong></span> <span class='ocrx_word' id='word_1_262' title='bbox 1167 3869 1365 3923; x_wconf 85' lang='lat' dir='ltr'><strong>decore</strong></span> <span class='ocrx_word' id='word_1_263' title='bbox 1401 3883 1568 3937; x_wconf 80' lang='lat' dir='ltr'><strong>quam</strong></span> <span class='ocrx_word' id='word_1_264' title='bbox 1594 3865 1857 3921; x_wconf 90' lang='lat' dir='ltr'><strong>similium</strong></span> <span class='ocrx_word' id='word_1_265' title='bbox 1888 3881 1905 3935; x_wconf 88' lang='lat'><strong>;</strong></span> 
     </span>
    </p>
   </div>
   <div class='ocr_carea' id='block_1_41' title="bbox 311 3959 1905 4031">
    <p class='ocr_par' dir='ltr' id='par_1_41' title="bbox 311 3959 1905 4031">
     <span class='ocr_line' id='line_1_41' title="bbox 311 3959 1905 4031; baseline 0 -16"><span class='ocrx_word' id='word_1_266' title='bbox 311 3974 418 4016; x_wconf 86' lang='lat' dir='ltr'><strong>nec</strong></span> <span class='ocrx_word' id='word_1_267' title='bbox 454 3966 611 4015; x_wconf 75' lang='lat' dir='ltr'><strong>terra:</strong></span> <span class='ocrx_word' id='word_1_268' title='bbox 626 3959 767 4030; x_wconf 85' lang='lat' dir='ltr'><strong>ejus,</strong></span> <span class='ocrx_word' id='word_1_269' title='bbox 796 3975 959 4031; x_wconf 91' lang='lat' dir='ltr'><strong>quam</strong></span> <span class='ocrx_word' id='word_1_270' title='bbox 986 3960 1266 4017; x_wconf 75' lang='lat' dir='ltr'><strong>sceleratae</strong></span> <span class='ocrx_word' id='word_1_271' title='bbox 1290 3974 1477 4031; x_wconf 77' lang='lat' dir='ltr'><strong>gentes</strong></span> <span class='ocrx_word' id='word_1_272' title='bbox 1510 3960 1650 4026; x_wconf 81' lang='lat' dir='ltr'><strong>aliae,</strong></span> <span class='ocrx_word' id='word_1_273' title='bbox 1675 3960 1905 4031; x_wconf 56' lang='lat' dir='ltr'><strong>aliasque</strong></span> 
     </span>
    </p>
   </div>
   <div class='ocr_carea' id='block_1_42' title="bbox 316 4052 1909 4124">
    <p class='ocr_par' dir='ltr' id='par_1_42' title="bbox 316 4052 1909 4124">
     <span class='ocr_line' id='line_1_42' title="bbox 316 4052 1909 4124; baseline 0.001 -17"><span class='ocrx_word' id='word_1_274' title='bbox 316 4052 552 4108; x_wconf 82' lang='lat' dir='ltr'><strong>subinde</strong></span> <span class='ocrx_word' id='word_1_275' title='bbox 605 4054 909 4117; x_wconf 87' lang='lat' dir='ltr'><strong>calcarent,</strong></span> <span class='ocrx_word' id='word_1_276' title='bbox 946 4054 1039 4110; x_wconf 87' lang='lat' dir='ltr'><strong>sed</strong></span> <span class='ocrx_word' id='word_1_277' title='bbox 1087 4070 1209 4124; x_wconf 79' lang='lat' dir='ltr'><strong>quae</strong></span> <span class='ocrx_word' id='word_1_278' title='bbox 1247 4054 1459 4108; x_wconf 88' lang='lat' dir='ltr'><strong>mitium</strong></span> <span class='ocrx_word' id='word_1_279' title='bbox 1490 4052 1536 4084; x_wconf 72' lang='grc' dir='ltr'><strong>τ’</strong></span> <span class='ocrx_word' id='word_1_280' title='bbox 1566 4055 1782 4124; x_wconf 86' lang='lat' dir='ltr'><strong>pr0pria</strong></span> <span class='ocrx_word' id='word_1_281' title='bbox 1823 4061 1909 4109; x_wconf 85' lang='lat' dir='ltr'><strong>est</strong></span> 
     </span>
    </p>
   </div>
   <div class='ocr_carea' id='block_1_43' title="bbox 320 4142 1908 4216">
    <p class='ocr_par' dir='ltr' id='par_1_43' title="bbox 320 4142 1908 4216">
     <span class='ocr_line' id='line_1_43' title="bbox 320 4142 1908 4216; baseline 0 -19"><span class='ocrx_word' id='word_1_282' title='bbox 320 4142 628 4215; x_wconf 69' lang='lat' dir='ltr'><strong>(cale-stis,</strong></span> <span class='ocrx_word' id='word_1_283' title='bbox 662 4144 925 4216; x_wconf 85' lang='lat' dir='ltr'><strong>inquam)</strong></span> <span class='ocrx_word' id='word_1_284' title='bbox 963 4145 1306 4215; x_wconf 76' lang='lat' dir='ltr'><strong>possidenda:</strong></span> <span class='ocrx_word' id='word_1_285' title='bbox 1345 4144 1662 4201; x_wconf 84' lang='lat' dir='ltr'><strong>verissimas</strong></span> <span class='ocrx_word' id='word_1_286' title='bbox 1716 4143 1908 4215; x_wconf 89' lang='lat' dir='ltr'><strong>recipit</strong></span> 
     </span>
    </p>
   </div>
   <div class='ocr_carea' id='block_1_44' title="bbox 319 4237 743 4304">
    <p class='ocr_par' dir='ltr' id='par_1_44' title="bbox 319 4237 743 4304">
     <span class='ocr_line' id='line_1_44' title="bbox 319 4237 743 4304; baseline 0.009 -16"><span class='ocrx_word' id='word_1_287' title='bbox 319 4237 743 4304; x_wconf 83' lang='lat' dir='ltr'><strong>promissiones.</strong></span> 
     </span>
    </p>
   </div>
   <div class='ocr_carea' id='block_1_45' title="bbox 395 4330 1909 4401">
    <p class='ocr_par' dir='ltr' id='par_1_45' title="bbox 395 4330 1909 4401">
     <span class='ocr_line' id='line_1_45' title="bbox 395 4330 1909 4401; baseline 0.003 -20"><span class='ocrx_word' id='word_1_288' title='bbox 395 4330 475 4383; x_wconf 84' lang='lat' dir='ltr'><strong>Ac</strong></span> <span class='ocrx_word' id='word_1_289' title='bbox 501 4331 724 4398; x_wconf 84' lang='lat' dir='ltr'><strong>quidem</strong></span> <span class='ocrx_word' id='word_1_290' title='bbox 756 4330 1103 4386; x_wconf 79' lang='lat' dir='ltr'><strong>Abt&#39;aitantus</strong></span> <span class='ocrx_word' id='word_1_291' title='bbox 1134 4340 1318 4401; x_wconf 86' lang='lat' dir='ltr'><strong>postea</strong></span> <span class='ocrx_word' id='word_1_292' title='bbox 1350 4331 1688 4401; x_wconf 87' lang='lat' dir='ltr'><strong>unigenitum</strong></span> <span class='ocrx_word' id='word_1_293' title='bbox 1705 4330 1909 4401; x_wconf 84' lang='lat' dir='ltr'><strong>primo-</strong></span> 
     </span>
    </p>
   </div>
   <div class='ocr_carea' id='block_1_46' title="bbox 328 4422 1909 4493">
    <p class='ocr_par' dir='ltr' id='par_1_46' title="bbox 328 4422 1909 4493">
     <span class='ocr_line' id='line_1_46' title="bbox 328 4422 1909 4493; baseline 0.001 -18"><span class='ocrx_word' id='word_1_294' title='bbox 328 4423 701 4492; x_wconf 80' lang='lat' dir='ltr'><strong>genitumque,</strong></span> <span class='ocrx_word' id='word_1_295' title='bbox 729 4426 793 4477; x_wconf 86' lang='lat' dir='ltr'><strong>de</strong></span> <span class='ocrx_word' id='word_1_296' title='bbox 820 4439 929 4493; x_wconf 87' lang='lat' dir='ltr'><strong>qtto</strong></span> <span class='ocrx_word' id='word_1_297' title='bbox 960 4422 1100 4477; x_wconf 84' lang='lat' dir='ltr'><strong>facta</strong></span> <span class='ocrx_word' id='word_1_298' title='bbox 1139 4423 1434 4492; x_wconf 88' lang='lat' dir='ltr'><strong>promissio</strong></span> <span class='ocrx_word' id='word_1_299' title='bbox 1466 4431 1603 4488; x_wconf 88' lang='lat' dir='ltr'><strong>erat,</strong></span> <span class='ocrx_word' id='word_1_300' title='bbox 1632 4437 1755 4478; x_wconf 87' lang='lat' dir='ltr'><strong>cum</strong></span> <span class='ocrx_word' id='word_1_301' title='bbox 1789 4431 1909 4477; x_wconf 82' lang='lat' dir='ltr'><strong>ten-</strong></span> 
     </span>
    </p>
   </div>
   <div class='ocr_carea' id='block_1_47' title="bbox 331 4514 1908 4585">
    <p class='ocr_par' dir='ltr' id='par_1_47' title="bbox 331 4514 1908 4585">
     <span class='ocr_line' id='line_1_47' title="bbox 331 4514 1908 4585; baseline 0.001 -18"><span class='ocrx_word' id='word_1_302' title='bbox 331 4523 539 4568; x_wconf 85' lang='lat' dir='ltr'><strong>taretur</strong></span> <span class='ocrx_word' id='word_1_303' title='bbox 569 4525 628 4568; x_wconf 92' lang='lat' dir='ltr'><strong>ut</strong></span> <span class='ocrx_word' id='word_1_304' title='bbox 653 4530 816 4585; x_wconf 86' lang='lat' dir='ltr'><strong>super</strong></span> <span class='ocrx_word' id='word_1_305' title='bbox 845 4532 953 4571; x_wconf 91' lang='lat' dir='ltr'><strong>uno</strong></span> <span class='ocrx_word' id='word_1_306' title='bbox 996 4516 1263 4570; x_wconf 85' lang='lat' dir='ltr'><strong>montium</strong></span> <span class='ocrx_word' id='word_1_307' title='bbox 1298 4516 1573 4570; x_wconf 86' lang='lat' dir='ltr'><strong>victimam</strong></span> <span class='ocrx_word' id='word_1_308' title='bbox 1600 4514 1908 4582; x_wconf 76' lang='lat' dir='ltr'><strong>oﬂ‘erret&quot;,</strong></span> 
     </span>
    </p>
   </div>
   <div class='ocr_carea' id='block_1_48' title="bbox 1984 608 3574 680">
    <p class='ocr_par' dir='ltr' id='par_1_48' title="bbox 1984 608 3574 680">
     <span class='ocr_line' id='line_1_48' title="bbox 1984 608 3574 680; baseline 0.001 -16"><span class='ocrx_word' id='word_1_309' title='bbox 1984 624 2157 665; x_wconf 82' lang='lat' dir='ltr'><strong>sacrae</strong></span> <span class='ocrx_word' id='word_1_310' title='bbox 2204 609 2709 680; x_wconf 88' lang='lat' dir='ltr'><strong>impcrturbationis</strong></span> <span class='ocrx_word' id='word_1_311' title='bbox 2751 611 2863 664; x_wconf 84' lang='lat' dir='ltr'><strong>alto</strong></span> <span class='ocrx_word' id='word_1_312' title='bbox 2916 608 3198 675; x_wconf 89' lang='lat' dir='ltr'><strong>culmine;</strong></span> <span class='ocrx_word' id='word_1_313' title='bbox 3244 624 3479 679; x_wconf 89' lang='lat' dir='ltr'><strong>cumque</strong></span> <span class='ocrx_word' id='word_1_314' title='bbox 3512 624 3574 665; x_wconf 90' lang='lat' dir='ltr'><strong>se</strong></span> 
     </span>
    </p>
   </div>
   <div class='ocr_carea' id='block_1_49' title="bbox 1983 703 3570 776">
    <p class='ocr_par' dir='ltr' id='par_1_49' title="bbox 1983 703 3570 776">
     <span class='ocr_line' id='line_1_49' title="bbox 1983 703 3570 776; baseline 0 -20"><span class='ocrx_word' id='word_1_315' title='bbox 1983 703 2101 773; x_wconf 90' lang='lat' dir='ltr'><strong>ipse</strong></span> <span class='ocrx_word' id='word_1_316' title='bbox 2124 704 2306 776; x_wconf 85' lang='lat' dir='ltr'><strong>magni</strong></span> <span class='ocrx_word' id='word_1_317' title='bbox 2354 704 2627 775; x_wconf 88' lang='lat' dir='ltr'><strong>primique</strong></span> <span class='ocrx_word' id='word_1_318' title='bbox 2652 703 2928 774; x_wconf 83' lang='lat' dir='ltr'><strong>pontiﬁcis</strong></span> <span class='ocrx_word' id='word_1_319' title='bbox 2948 704 3202 760; x_wconf 90' lang='lat' dir='ltr'><strong>manibus</strong></span> <span class='ocrx_word' id='word_1_320' title='bbox 3225 704 3570 773; x_wconf 69' lang='lat' dir='ltr'><strong>praebuisset,</strong></span> 
     </span>
    </p>
   </div>
   <div class='ocr_carea' id='block_1_50' title="bbox 1984 795 3575 862">
    <p class='ocr_par' dir='ltr' id='par_1_50' title="bbox 1984 795 3575 862">
     <span class='ocr_line' id='line_1_50' title="bbox 1984 795 3575 862; baseline 0.001 -13"><span class='ocrx_word' id='word_1_321' title='bbox 1984 810 2091 849; x_wconf 91' lang='lat' dir='ltr'><strong>non</strong></span> <span class='ocrx_word' id='word_1_322' title='bbox 2116 795 2286 853; x_wconf 86' lang='lat' dir='ltr'><strong>lsaaci</strong></span> <span class='ocrx_word' id='word_1_323' title='bbox 2308 812 2463 852; x_wconf 88' lang='lat' dir='ltr'><strong>more</strong></span> <span class='ocrx_word' id='word_1_324' title='bbox 2491 798 2807 862; x_wconf 89' lang='lat' dir='ltr'><strong>dimittitur,</strong></span> <span class='ocrx_word' id='word_1_325' title='bbox 2843 798 2937 853; x_wconf 89' lang='lat' dir='ltr'><strong>sed</strong></span> <span class='ocrx_word' id='word_1_326' title='bbox 2968 797 3024 852; x_wconf 90' lang='lat' dir='ltr'><strong>in</strong></span> <span class='ocrx_word' id='word_1_327' title='bbox 3054 797 3164 853; x_wconf 91' lang='lat' dir='ltr'><strong>duo</strong></span> <span class='ocrx_word' id='word_1_328' title='bbox 3194 806 3433 862; x_wconf 84' lang='lat' dir='ltr'><strong>secatur,</strong></span> <span class='ocrx_word' id='word_1_329' title='bbox 3462 798 3575 851; x_wconf 88' lang='lat' dir='ltr'><strong>vita</strong></span> 
     </span>
    </p>
   </div>
   <div class='ocr_carea' id='block_1_51' title="bbox 1985 889 3573 962">
    <p class='ocr_par' dir='ltr' id='par_1_51' title="bbox 1985 889 3573 962">
     <span class='ocr_line' id='line_1_51' title="bbox 1985 889 3573 962; baseline 0.003 -21"><span class='ocrx_word' id='word_1_330' title='bbox 1985 889 2220 955; x_wconf 83' lang='lat' dir='ltr'><strong>scilicet,</strong></span> <span class='ocrx_word' id='word_1_331' title='bbox 2265 906 2387 960; x_wconf 79' lang='lat' dir='ltr'><strong>quae</strong></span> <span class='ocrx_word' id='word_1_332' title='bbox 2441 890 2509 946; x_wconf 88' lang='lat' dir='ltr'><strong>ad</strong></span> <span class='ocrx_word' id='word_1_333' title='bbox 2541 907 2761 945; x_wconf 88' lang='lat' dir='ltr'><strong>carnem</strong></span> <span class='ocrx_word' id='word_1_334' title='bbox 2808 901 3037 962; x_wconf 82' lang='lat' dir='ltr'><strong>spectat,</strong></span> <span class='ocrx_word' id='word_1_335' title='bbox 3096 899 3213 947; x_wconf 89' lang='lat' dir='ltr'><strong>tota</strong></span> <span class='ocrx_word' id='word_1_336' title='bbox 3244 900 3573 957; x_wconf 88' lang='lat' dir='ltr'><strong>emortuus;</strong></span> 
     </span>
    </p>
   </div>
   <div class='ocr_carea' id='block_1_52' title="bbox 1986 980 3575 1052">
    <p class='ocr_par' dir='ltr' id='par_1_52' title="bbox 1986 980 3575 1052">
     <span class='ocr_line' id='line_1_52' title="bbox 1986 980 3575 1052; baseline 0.002 -19"><span class='ocrx_word' id='word_1_337' title='bbox 1986 980 2211 1051; x_wconf 91' lang='lat' dir='ltr'><strong>solaque</strong></span> <span class='ocrx_word' id='word_1_338' title='bbox 2236 996 2300 1036; x_wconf 87' lang='lat' dir='ltr'><strong>ea</strong></span> <span class='ocrx_word' id='word_1_339' title='bbox 2336 980 2539 1052; x_wconf 64' lang='lat' dir='ltr'><strong>quain</strong></span> <span class='ocrx_word' id='word_1_340' title='bbox 2590 982 2787 1052; x_wconf 90' lang='lat' dir='ltr'><strong>spiritu</strong></span> <span class='ocrx_word' id='word_1_341' title='bbox 2836 990 2942 1048; x_wconf 87' lang='lat' dir='ltr'><strong>est,</strong></span> <span class='ocrx_word' id='word_1_342' title='bbox 3006 984 3204 1039; x_wconf 86' lang='lat' dir='ltr'><strong>vivus:</strong></span> <span class='ocrx_word' id='word_1_343' title='bbox 3241 998 3305 1039; x_wconf 87' lang='lat' dir='ltr'><strong>ac</strong></span> <span class='ocrx_word' id='word_1_344' title='bbox 3353 990 3575 1037; x_wconf 87' lang='lat' dir='ltr'><strong>terrena</strong></span> 
     </span>
    </p>
   </div>
   <div class='ocr_carea' id='block_1_53' title="bbox 1989 1071 3579 1146">
    <p class='ocr_par' dir='ltr' id='par_1_53' title="bbox 1989 1071 3579 1146">
     <span class='ocr_line' id='line_1_53' title="bbox 1989 1071 3579 1146; baseline -0.001 -18"><span class='ocrx_word' id='word_1_345' title='bbox 1989 1075 2206 1145; x_wconf 86' lang='lat' dir='ltr'><strong>quidem</strong></span> <span class='ocrx_word' id='word_1_346' title='bbox 2250 1075 2585 1142; x_wconf 83' lang='lat' dir='ltr'><strong>haereditate,</strong></span> <span class='ocrx_word' id='word_1_347' title='bbox 2618 1071 2880 1146; x_wconf 85' lang='lat' dir='ltr'><strong>tanquam</strong></span> <span class='ocrx_word' id='word_1_348' title='bbox 2910 1075 3058 1131; x_wconf 78' lang='lat' dir='ltr'><strong>fluxa</strong></span> <span class='ocrx_word' id='word_1_349' title='bbox 3122 1090 3188 1131; x_wconf 91' lang='lat' dir='ltr'><strong>ac</strong></span> <span class='ocrx_word' id='word_1_350' title='bbox 3232 1074 3439 1131; x_wconf 83' lang='lat' dir='ltr'><strong>caduca</strong></span> <span class='ocrx_word' id='word_1_351' title='bbox 3479 1089 3579 1130; x_wconf 74' lang='lat' dir='ltr'><strong>ex-</strong></span> 
     </span>
    </p>
   </div>
   <div class='ocr_carea' id='block_1_54' title="bbox 1989 1168 3578 1241">
    <p class='ocr_par' dir='ltr' id='par_1_54' title="bbox 1989 1168 3578 1241">
     <span class='ocr_line' id='line_1_54' title="bbox 1989 1168 3578 1241; baseline 0.001 -18"><span class='ocrx_word' id='word_1_352' title='bbox 1989 1168 2228 1234; x_wconf 89' lang='lat' dir='ltr'><strong>cedens;</strong></span> <span class='ocrx_word' id='word_1_353' title='bbox 2263 1168 2330 1222; x_wconf 91' lang='lat' dir='ltr'><strong>ad</strong></span> <span class='ocrx_word' id='word_1_354' title='bbox 2386 1184 2679 1241; x_wconf 86' lang='lat' dir='ltr'><strong>supernam</strong></span> <span class='ocrx_word' id='word_1_355' title='bbox 2723 1180 2931 1238; x_wconf 89' lang='lat' dir='ltr'><strong>autem,</strong></span> <span class='ocrx_word' id='word_1_356' title='bbox 2972 1184 3038 1225; x_wconf 90' lang='lat' dir='ltr'><strong>ac</strong></span> <span class='ocrx_word' id='word_1_357' title='bbox 3086 1169 3365 1236; x_wconf 87' lang='lat' dir='ltr'><strong>stabilem,</strong></span> <span class='ocrx_word' id='word_1_358' title='bbox 3392 1170 3578 1225; x_wconf 56' lang='lat' dir='ltr'><strong>muni-</strong></span> 
     </span>
    </p>
   </div>
   <div class='ocr_carea' id='block_1_55' title="bbox 1989 1261 3582 1333">
    <p class='ocr_par' dir='ltr' id='par_1_55' title="bbox 1989 1261 3582 1333">
     <span class='ocr_line' id='line_1_55' title="bbox 1989 1261 3582 1333; baseline 0.003 -19"><span class='ocrx_word' id='word_1_359' title='bbox 1989 1261 2228 1330; x_wconf 85' lang='lat' dir='ltr'><strong>cipaturn</strong></span> <span class='ocrx_word' id='word_1_360' title='bbox 2302 1263 2424 1318; x_wconf 83' lang='lat' dir='ltr'><strong>vitae</strong></span> <span class='ocrx_word' id='word_1_361' title='bbox 2475 1264 2719 1319; x_wconf 88' lang='lat' dir='ltr'><strong>rationes</strong></span> <span class='ocrx_word' id='word_1_362' title='bbox 2792 1261 3129 1318; x_wconf 83' lang='lat' dir='ltr'><strong>transferens</strong></span> <span class='ocrx_word' id='word_1_363' title='bbox 3171 1304 3188 1331; x_wconf 96' lang='lat'><strong>,</strong></span> <span class='ocrx_word' id='word_1_364' title='bbox 3221 1261 3582 1333; x_wconf 63' lang='lat' dir='ltr'><strong>&#39;liliorumque</strong></span> 
     </span>
    </p>
   </div>
   <div class='ocr_carea' id='block_1_56' title="bbox 1991 1356 3583 1430">
    <p class='ocr_par' dir='ltr' id='par_1_56' title="bbox 1991 1356 3583 1430">
     <span class='ocr_line' id='line_1_56' title="bbox 1991 1356 3583 1430; baseline 0.003 -22"><span class='ocrx_word' id='word_1_365' title='bbox 1991 1356 2375 1425; x_wconf 84' lang='lat' dir='ltr'><strong>promissionis</strong></span> <span class='ocrx_word' id='word_1_366' title='bbox 2414 1357 2803 1428; x_wconf 85' lang='lat' dir='ltr'><strong>pulcherrimae</strong></span> <span class='ocrx_word' id='word_1_367' title='bbox 2849 1358 3135 1430; x_wconf 77' lang='lat' dir='ltr'><strong>primitiae,</strong></span> <span class='ocrx_word' id='word_1_368' title='bbox 3178 1374 3244 1413; x_wconf 84' lang='lat' dir='ltr'><strong>ac</strong></span> <span class='ocrx_word' id='word_1_369' title='bbox 3302 1357 3583 1414; x_wconf 82' lang='lat' dir='ltr'><strong>nobilissi-</strong></span> 
     </span>
    </p>
   </div>
   <div class='ocr_carea' id='block_1_57' title="bbox 1991 1449 2434 1505">
    <p class='ocr_par' dir='ltr' id='par_1_57' title="bbox 1991 1449 2434 1505">
     <span class='ocr_line' id='line_1_57' title="bbox 1991 1449 2434 1505; baseline 0.007 -3"><span class='ocrx_word' id='word_1_370' title='bbox 1991 1462 2095 1503; x_wconf 70' lang='lat' dir='ltr'><strong>mae</strong></span> <span class='ocrx_word' id='word_1_371' title='bbox 2139 1449 2434 1505; x_wconf 80' lang='lat' dir='ltr'><strong>exsistens.</strong></span> 
     </span>
    </p>
   </div>
   <div class='ocr_carea' id='block_1_58' title="bbox 2064 1539 3580 1618">
    <p class='ocr_par' dir='ltr' id='par_1_58' title="bbox 2064 1539 3580 1618">
     <span class='ocr_line' id='line_1_58' title="bbox 2064 1539 3580 1618; baseline 0.003 -24"><span class='ocrx_word' id='word_1_372' title='bbox 2064 1539 2196 1596; x_wconf 87' lang='lat' dir='ltr'><strong>Nam</strong></span> <span class='ocrx_word' id='word_1_373' title='bbox 2246 1543 2371 1612; x_wconf 89' lang='lat' dir='ltr'><strong>quis</strong></span> <span class='ocrx_word' id='word_1_374' title='bbox 2403 1559 2511 1615; x_wconf 80' lang='lat' dir='ltr'><strong>prae</strong></span> <span class='ocrx_word' id='word_1_375' title='bbox 2566 1545 2682 1612; x_wconf 91' lang='lat' dir='ltr'><strong>illo,</strong></span> <span class='ocrx_word' id='word_1_376' title='bbox 2740 1544 2930 1615; x_wconf 87' lang='lat' dir='ltr'><strong>sicque</strong></span> <span class='ocrx_word' id='word_1_377' title='bbox 2985 1559 3045 1601; x_wconf 90' lang='lat' dir='ltr'><strong>se</strong></span> <span class='ocrx_word' id='word_1_378' title='bbox 3097 1545 3467 1618; x_wconf 75' lang='lat' dir='ltr'><strong>intelligentiae</strong></span> <span class='ocrx_word' id='word_1_379' title='bbox 3528 1547 3580 1600; x_wconf 81' lang='lat' dir='ltr'><strong>vi</strong></span> 
     </span>
    </p>
   </div>
   <div class='ocr_carea' id='block_1_59' title="bbox 1994 1634 3582 1711">
    <p class='ocr_par' dir='ltr' id='par_1_59' title="bbox 1994 1634 3582 1711">
     <span class='ocr_line' id='line_1_59' title="bbox 1994 1634 3582 1711; baseline 0.001 -23"><span class='ocrx_word' id='word_1_380' title='bbox 1994 1634 2322 1704; x_wconf 71' lang='lat' dir='ltr'><strong>praeditum,</strong></span> <span class='ocrx_word' id='word_1_381' title='bbox 2390 1636 2748 1709; x_wconf 85' lang='lat' dir='ltr'><strong>opimumque</strong></span> <span class='ocrx_word' id='word_1_382' title='bbox 2804 1638 3216 1703; x_wconf 88' lang='lat' dir='ltr'><strong>holocaustum,</strong></span> <span class='ocrx_word' id='word_1_383' title='bbox 3269 1639 3462 1711; x_wconf 69' lang='lat' dir='ltr'><strong>primm</strong></span> <span class='ocrx_word' id='word_1_384' title='bbox 3503 1638 3582 1694; x_wconf 86' lang='lat' dir='ltr'><strong>illi</strong></span> 
     </span>
    </p>
   </div>
   <div class='ocr_carea' id='block_1_60' title="bbox 1993 1720 3586 1801">
    <p class='ocr_par' dir='ltr' id='par_1_60' title="bbox 1993 1720 3586 1801">
     <span class='ocr_line' id='line_1_60' title="bbox 1993 1720 3586 1801; baseline 0.003 -23"><span class='ocrx_word' id='word_1_385' title='bbox 1993 1724 2201 1790; x_wconf 90' lang='lat' dir='ltr'><strong>menti,</strong></span> <span class='ocrx_word' id='word_1_386' title='bbox 2250 1724 2469 1796; x_wconf 91' lang='lat' dir='ltr'><strong>Deoque</strong></span> <span class='ocrx_word' id='word_1_387' title='bbox 2514 1741 2615 1797; x_wconf 89' lang='lat' dir='ltr'><strong>pro</strong></span> <span class='ocrx_word' id='word_1_388' title='bbox 2651 1720 3150 1801; x_wconf 83' lang='lat' dir='ltr'><strong>intelligentissima</strong></span> <span class='ocrx_word' id='word_1_389' title='bbox 3199 1729 3289 1783; x_wconf 91' lang='lat' dir='ltr'><strong>illa</strong></span> <span class='ocrx_word' id='word_1_390' title='bbox 3309 1743 3373 1784; x_wconf 88' lang='lat' dir='ltr'><strong>ac</strong></span> <span class='ocrx_word' id='word_1_391' title='bbox 3421 1730 3586 1799; x_wconf 89' lang='lat' dir='ltr'><strong>spiri-</strong></span> 
     </span>
    </p>
   </div>
   <div class='ocr_carea' id='block_1_61' title="bbox 1995 1817 3583 1887">
    <p class='ocr_par' dir='ltr' id='par_1_61' title="bbox 1995 1817 3583 1887">
     <span class='ocr_line' id='line_1_61' title="bbox 1995 1817 3583 1887; baseline 0.004 -16"><span class='ocrx_word' id='word_1_392' title='bbox 1995 1817 2090 1872; x_wconf 89' lang='lat' dir='ltr'><strong>tali</strong></span> <span class='ocrx_word' id='word_1_393' title='bbox 2120 1834 2216 1873; x_wconf 86' lang='lat' dir='ltr'><strong>ara</strong></span> <span class='ocrx_word' id='word_1_394' title='bbox 2241 1819 2479 1876; x_wconf 83' lang='lat' dir='ltr'><strong>obtulit?</strong></span> <span class='ocrx_word' id='word_1_395' title='bbox 2507 1820 2641 1887; x_wconf 86' lang='lat' dir='ltr'><strong>Quis</strong></span> <span class='ocrx_word' id='word_1_396' title='bbox 2673 1836 2801 1877; x_wconf 88' lang='lat' dir='ltr'><strong>vero</strong></span> <span class='ocrx_word' id='word_1_397' title='bbox 2826 1822 2908 1878; x_wconf 88' lang='lat' dir='ltr'><strong>sic</strong></span> <span class='ocrx_word' id='word_1_398' title='bbox 2943 1822 3167 1878; x_wconf 75' lang='lat' dir='ltr'><strong>victima</strong></span> <span class='ocrx_word' id='word_1_399' title='bbox 3192 1832 3377 1879; x_wconf 86' lang='lat' dir='ltr'><strong>uteute</strong></span> <span class='ocrx_word' id='word_1_400' title='bbox 3419 1824 3583 1879; x_wconf 88' lang='lat' dir='ltr'><strong>ratio-</strong></span> 
     </span>
    </p>
   </div>
   <div class='ocr_carea' id='block_1_62' title="bbox 1992 1912 3584 1988">
    <p class='ocr_par' dir='ltr' id='par_1_62' title="bbox 1992 1912 3584 1988">
     <span class='ocr_line' id='line_1_62' title="bbox 1992 1912 3584 1988; baseline 0.006 -25"><span class='ocrx_word' id='word_1_401' title='bbox 1992 1923 2063 1964; x_wconf 90' lang='lat' dir='ltr'><strong>ne</strong></span> <span class='ocrx_word' id='word_1_402' title='bbox 2093 1949 2109 1973; x_wconf 92' lang='lat'><strong>,</strong></span> <span class='ocrx_word' id='word_1_403' title='bbox 2137 1925 2201 1965; x_wconf 90' lang='lat' dir='ltr'><strong>ac</strong></span> <span class='ocrx_word' id='word_1_404' title='bbox 2231 1912 2586 1969; x_wconf 86' lang='lat' dir='ltr'><strong>immaculata</strong></span> <span class='ocrx_word' id='word_1_405' title='bbox 2646 1915 2895 1971; x_wconf 90' lang='lat' dir='ltr'><strong>omnium</strong></span> <span class='ocrx_word' id='word_1_406' title='bbox 2943 1915 3115 1988; x_wconf 85' lang='lat' dir='ltr'><strong>gratia</strong></span> <span class='ocrx_word' id='word_1_407' title='bbox 3145 1917 3444 1972; x_wconf 67' lang='lat' dir='ltr'><strong>immolatae</strong></span> <span class='ocrx_word' id='word_1_408' title='bbox 3495 1934 3584 1973; x_wconf 84' lang='lat' dir='ltr'><strong>ra-</strong></span> 
     </span>
    </p>
   </div>
   <div class='ocr_carea' id='block_1_63' title="bbox 1993 2001 3583 2076">
    <p class='ocr_par' dir='ltr' id='par_1_63' title="bbox 1993 2001 3583 2076">
     <span class='ocr_line' id='line_1_63' title="bbox 1993 2001 3583 2076; baseline 0.009 -19"><span class='ocrx_word' id='word_1_409' title='bbox 1993 2002 2153 2068; x_wconf 90' lang='lat' dir='ltr'><strong>tioni,</strong></span> <span class='ocrx_word' id='word_1_410' title='bbox 2183 2001 2471 2076; x_wconf 76' lang='lat' dir='ltr'><strong>verboque</strong></span> <span class='ocrx_word' id='word_1_411' title='bbox 2503 2005 2632 2063; x_wconf 83' lang='lat' dir='ltr'><strong>fecit</strong></span> <span class='ocrx_word' id='word_1_412' title='bbox 2660 2007 2845 2076; x_wconf 75' lang='lat' dir='ltr'><strong>1Quis</strong></span> <span class='ocrx_word' id='word_1_413' title='bbox 2883 2010 2959 2063; x_wconf 92' lang='lat' dir='ltr'><strong>ita</strong></span> <span class='ocrx_word' id='word_1_414' title='bbox 3001 2009 3239 2067; x_wconf 89' lang='lat' dir='ltr'><strong>hostiam</strong></span> <span class='ocrx_word' id='word_1_415' title='bbox 3289 2012 3583 2076; x_wconf 82' lang='lat' dir='ltr'><strong>viventem.</strong></span> 
     </span>
    </p>
   </div>
   <div class='ocr_carea' id='block_1_64' title="bbox 1993 2098 3587 2177">
    <p class='ocr_par' dir='ltr' id='par_1_64' title="bbox 1993 2098 3587 2177">
     <span class='ocr_line' id='line_1_64' title="bbox 1993 2098 3587 2177; baseline 0.009 -28"><span class='ocrx_word' id='word_1_416' title='bbox 1993 2103 2267 2160; x_wconf 85' lang='lat' dir='ltr'><strong>sanctam.</strong></span> <span class='ocrx_word' id='word_1_417' title='bbox 2309 2098 2754 2170; x_wconf 82' lang='lat' dir='ltr'><strong>benepiacentem</strong></span> <span class='ocrx_word' id='word_1_418' title='bbox 2807 2117 3010 2174; x_wconf 84' lang='lat' dir='ltr'><strong>corpus</strong></span> <span class='ocrx_word' id='word_1_419' title='bbox 3063 2118 3249 2171; x_wconf 88' lang='lat' dir='ltr'><strong>suum,</strong></span> <span class='ocrx_word' id='word_1_420' title='bbox 3298 2121 3365 2163; x_wconf 86' lang='lat' dir='ltr'><strong>ac</strong></span> <span class='ocrx_word' id='word_1_421' title='bbox 3421 2108 3587 2177; x_wconf 84' lang='lat' dir='ltr'><strong>spiri-</strong></span> 
     </span>
    </p>
   </div>
   <div class='ocr_carea' id='block_1_65' title="bbox 1996 2189 3587 2270">
    <p class='ocr_par' dir='ltr' id='par_1_65' title="bbox 1996 2189 3587 2270">
     <span class='ocr_line' id='line_1_65' title="bbox 1996 2189 3587 2270; baseline 0.008 -28"><span class='ocrx_word' id='word_1_422' title='bbox 1996 2196 2131 2251; x_wconf 88' lang='lat' dir='ltr'><strong>tum.</strong></span> <span class='ocrx_word' id='word_1_423' title='bbox 2166 2189 2399 2247; x_wconf 89' lang='lat' dir='ltr'><strong>Domino</strong></span> <span class='ocrx_word' id='word_1_424' title='bbox 2428 2191 2656 2263; x_wconf 88' lang='lat' dir='ltr'><strong>Spiritui</strong></span> <span class='ocrx_word' id='word_1_425' title='bbox 2697 2194 2949 2251; x_wconf 75' lang='lat' dir='ltr'><strong>exhibuit</strong></span> <span class='ocrx_word' id='word_1_426' title='bbox 2991 2194 3085 2250; x_wconf 80' lang='lat'><strong><em>&quot;1</em></strong></span> <span class='ocrx_word' id='word_1_427' title='bbox 3110 2195 3247 2264; x_wconf 84' lang='lat' dir='ltr'><strong>Quis</strong></span> <span class='ocrx_word' id='word_1_428' title='bbox 3300 2197 3376 2255; x_wconf 88' lang='lat' dir='ltr'><strong>ita</strong></span> <span class='ocrx_word' id='word_1_429' title='bbox 3433 2200 3587 2270; x_wconf 90' lang='lat' dir='ltr'><strong>prius</strong></span> 
     </span>
    </p>
   </div>
   <div class='ocr_carea' id='block_1_66' title="bbox 1993 2285 3591 2358">
    <p class='ocr_par' dir='ltr' id='par_1_66' title="bbox 1993 2285 3591 2358">
     <span class='ocr_line' id='line_1_66' title="bbox 1993 2285 3591 2358; baseline 0.006 -22"><span class='ocrx_word' id='word_1_430' title='bbox 1993 2291 2113 2338; x_wconf 90' lang='lat' dir='ltr'><strong>tum</strong></span> <span class='ocrx_word' id='word_1_431' title='bbox 2146 2298 2331 2350; x_wconf 89' lang='lat' dir='ltr'><strong>carne,</strong></span> <span class='ocrx_word' id='word_1_432' title='bbox 2374 2295 2489 2341; x_wconf 92' lang='lat' dir='ltr'><strong>tum</strong></span> <span class='ocrx_word' id='word_1_433' title='bbox 2521 2285 2709 2343; x_wconf 88' lang='lat' dir='ltr'><strong>animo</strong></span> <span class='ocrx_word' id='word_1_434' title='bbox 2750 2288 3048 2345; x_wconf 83' lang='lat' dir='ltr'><strong>sanctitate</strong></span> <span class='ocrx_word' id='word_1_435' title='bbox 3093 2289 3360 2358; x_wconf 86' lang='lat' dir='ltr'><strong>imbutus,</strong></span> <span class='ocrx_word' id='word_1_436' title='bbox 3393 2292 3591 2348; x_wconf 78' lang='lat' dir='ltr'><strong>exinde</strong></span> 
     </span>
    </p>
   </div>
   <div class='ocr_carea' id='block_1_67' title="bbox 1995 2376 3594 2451">
    <p class='ocr_par' dir='ltr' id='par_1_67' title="bbox 1995 2376 3594 2451">
     <span class='ocr_line' id='line_1_67' title="bbox 1995 2376 3594 2451; baseline 0.004 -19"><span class='ocrx_word' id='word_1_437' title='bbox 1995 2376 2311 2434; x_wconf 84' lang='lat' dir='ltr'><strong>sanctitatis</strong></span> <span class='ocrx_word' id='word_1_438' title='bbox 2368 2380 2660 2451; x_wconf 87' lang='lat' dir='ltr'><strong>sacerdos,</strong></span> <span class='ocrx_word' id='word_1_439' title='bbox 2713 2396 2780 2439; x_wconf 84' lang='lat' dir='ltr'><strong>ac</strong></span> <span class='ocrx_word' id='word_1_440' title='bbox 2829 2382 3161 2439; x_wconf 85' lang='lat' dir='ltr'><strong>administer</strong></span> <span class='ocrx_word' id='word_1_441' title='bbox 3188 2384 3418 2440; x_wconf 78' lang='lat' dir='ltr'><strong>en‘ectus</strong></span> <span class='ocrx_word' id='word_1_442' title='bbox 3462 2386 3594 2441; x_wconf 69' lang='lat' dir='ltr'><strong>est?</strong></span> 
     </span>
    </p>
   </div>
   <div class='ocr_carea' id='block_1_68' title="bbox 1996 2468 3593 2547">
    <p class='ocr_par' dir='ltr' id='par_1_68' title="bbox 1996 2468 3593 2547">
     <span class='ocr_line' id='line_1_68' title="bbox 1996 2468 3593 2547; baseline 0.006 -25"><span class='ocrx_word' id='word_1_443' title='bbox 1996 2468 2134 2536; x_wconf 83' lang='lat' dir='ltr'><strong>Quis</strong></span> <span class='ocrx_word' id='word_1_444' title='bbox 2165 2486 2482 2541; x_wconf 87' lang='lat' dir='ltr'><strong>supremam</strong></span> <span class='ocrx_word' id='word_1_445' title='bbox 2514 2481 2642 2530; x_wconf 81' lang='lat' dir='ltr'><strong>ante</strong></span> <span class='ocrx_word' id='word_1_446' title='bbox 2688 2482 2885 2531; x_wconf 89' lang='lat' dir='ltr'><strong>nactus</strong></span> <span class='ocrx_word' id='word_1_447' title='bbox 2936 2473 3311 2547; x_wconf 85' lang='lat' dir='ltr'><strong>adoptionem,</strong></span> <span class='ocrx_word' id='word_1_448' title='bbox 3342 2475 3425 2532; x_wconf 86' lang='lat' dir='ltr'><strong>sic</strong></span> <span class='ocrx_word' id='word_1_449' title='bbox 3464 2476 3593 2533; x_wconf 83' lang='lat' dir='ltr'><strong>aliis</strong></span> 
     </span>
    </p>
   </div>
   <div class='ocr_carea' id='block_1_69' title="bbox 1995 2558 3595 2637">
    <p class='ocr_par' dir='ltr' id='par_1_69' title="bbox 1995 2558 3595 2637">
     <span class='ocr_line' id='line_1_69' title="bbox 1995 2558 3595 2637; baseline 0.006 -20"><span class='ocrx_word' id='word_1_450' title='bbox 1995 2558 2145 2618; x_wconf 87' lang='lat' dir='ltr'><strong>Patri</strong></span> <span class='ocrx_word' id='word_1_451' title='bbox 2173 2565 2467 2635; x_wconf 85' lang='lat' dir='ltr'><strong>spirituum</strong></span> <span class='ocrx_word' id='word_1_452' title='bbox 2482 2565 2531 2599; x_wconf 83' lang='lat'>&quot;</span> <span class='ocrx_word' id='word_1_453' title='bbox 2546 2566 2874 2637; x_wconf 82' lang='lat' dir='ltr'><strong>adoptandis</strong></span> <span class='ocrx_word' id='word_1_454' title='bbox 2889 2567 3218 2625; x_wconf 89' lang='lat' dir='ltr'><strong>conciliator</strong></span> <span class='ocrx_word' id='word_1_455' title='bbox 3237 2568 3445 2625; x_wconf 86' lang='lat' dir='ltr'><strong>ascitus</strong></span> <span class='ocrx_word' id='word_1_456' title='bbox 3466 2578 3549 2626; x_wconf 84' lang='lat' dir='ltr'><strong>est</strong></span> <span class='ocrx_word' id='word_1_457' title='bbox 3569 2571 3595 2625; x_wconf 67' lang='grc' dir='ltr'><em>ἲ</em></span> 
     </span>
    </p>
   </div>
   <div class='ocr_carea' id='block_1_70' title="bbox 2067 2654 3585 2733">
    <p class='ocr_par' dir='ltr' id='par_1_70' title="bbox 2067 2654 3585 2733">
     <span class='ocr_line' id='line_1_70' title="bbox 2067 2654 3585 2733; baseline 0.003 -22"><span class='ocrx_word' id='word_1_458' title='bbox 2067 2654 2356 2724; x_wconf 82' lang='lat' dir='ltr'><strong>Quodnam</strong></span> <span class='ocrx_word' id='word_1_459' title='bbox 2413 2659 2704 2728; x_wconf 84' lang='lat' dir='ltr'><strong>pastoralis</strong></span> <span class='ocrx_word' id='word_1_460' title='bbox 2757 2658 2995 2717; x_wconf 61' lang='lat' dir='ltr'><strong>solertiae</strong></span> <span class='ocrx_word' id='word_1_461' title='bbox 3044 2676 3217 2733; x_wconf 86' lang='lat' dir='ltr'><strong>genus</strong></span> <span class='ocrx_word' id='word_1_462' title='bbox 3249 2680 3267 2729; x_wconf 89' lang='lat'><strong>,</strong></span> <span class='ocrx_word' id='word_1_463' title='bbox 3305 2661 3585 2733; x_wconf 85' lang='lat' dir='ltr'><strong>quodnam</strong></span> 
     </span>
    </p>
   </div>
   <div class='ocr_carea' id='block_1_71' title="bbox 1998 2748 3596 2825">
    <p class='ocr_par' dir='ltr' id='par_1_71' title="bbox 1998 2748 3596 2825">
     <span class='ocr_line' id='line_1_71' title="bbox 1998 2748 3596 2825; baseline 0.004 -22"><span class='ocrx_word' id='word_1_464' title='bbox 1998 2748 2223 2807; x_wconf 86' lang='lat' dir='ltr'><strong>virtutis</strong></span> <span class='ocrx_word' id='word_1_465' title='bbox 2260 2760 2453 2824; x_wconf 80' lang='lat' dir='ltr'><strong>vegeta</strong></span> <span class='ocrx_word' id='word_1_466' title='bbox 2492 2751 2713 2809; x_wconf 80' lang='lat' dir='ltr'><strong>actione</strong></span> <span class='ocrx_word' id='word_1_467' title='bbox 2755 2766 2867 2808; x_wconf 90' lang='lat' dir='ltr'><strong>non</strong></span> <span class='ocrx_word' id='word_1_468' title='bbox 2910 2753 3051 2809; x_wconf 92' lang='lat' dir='ltr'><strong>obiit</strong></span> <span class='ocrx_word' id='word_1_469' title='bbox 3088 2753 3366 2825; x_wconf 87' lang='lat' dir='ltr'><strong>specimen</strong></span> <span class='ocrx_word' id='word_1_470' title='bbox 3394 2754 3419 2809; x_wconf 99' lang='lat'><strong>1</strong></span> <span class='ocrx_word' id='word_1_471' title='bbox 3450 2752 3596 2823; x_wconf 84' lang='lat' dir='ltr'><strong>Quid</strong></span> 
     </span>
    </p>
   </div>
   <div class='ocr_carea' id='block_1_72' title="bbox 1999 2844 3596 2918">
    <p class='ocr_par' dir='ltr' id='par_1_72' title="bbox 1999 2844 3596 2918">
     <span class='ocr_line' id='line_1_72' title="bbox 1999 2844 3596 2918; baseline 0.004 -19"><span class='ocrx_word' id='word_1_472' title='bbox 1999 2852 2110 2909; x_wconf 77' lang='lat' dir='ltr'><strong>est,</strong></span> <span class='ocrx_word' id='word_1_473' title='bbox 2140 2845 2287 2915; x_wconf 87' lang='lat' dir='ltr'><strong>quod</strong></span> <span class='ocrx_word' id='word_1_474' title='bbox 2353 2844 2552 2902; x_wconf 62' lang='lat' dir='ltr'><strong>divinae</strong></span> <span class='ocrx_word' id='word_1_475' title='bbox 2605 2845 3013 2918; x_wconf 56' lang='lat' dir='ltr'><strong>praedicationis</strong></span> <span class='ocrx_word' id='word_1_476' title='bbox 3069 2848 3427 2907; x_wconf 84' lang='lat' dir='ltr'><strong>sermonibus</strong></span> <span class='ocrx_word' id='word_1_477' title='bbox 3482 2865 3596 2905; x_wconf 89' lang='lat' dir='ltr'><strong>non</strong></span> 
     </span>
    </p>
   </div>
   <div class='ocr_carea' id='block_1_73' title="bbox 2003 2933 3594 3010">
    <p class='ocr_par' dir='ltr' id='par_1_73' title="bbox 2003 2933 3594 3010">
     <span class='ocr_line' id='line_1_73' title="bbox 2003 2933 3594 3010; baseline 0.006 -21"><span class='ocrx_word' id='word_1_478' title='bbox 2003 2933 2311 2993; x_wconf 82' lang='lat' dir='ltr'><strong>clarissime</strong></span> <span class='ocrx_word' id='word_1_479' title='bbox 2357 2938 2627 2994; x_wconf 79' lang='lat' dir='ltr'><strong>detexerit</strong></span> <span class='ocrx_word' id='word_1_480' title='bbox 2663 2939 2688 2993; x_wconf 90' lang='lat'><strong>1</strong></span> <span class='ocrx_word' id='word_1_481' title='bbox 2724 2950 2785 2995; x_wconf 92' lang='lat' dir='ltr'><strong>ut</strong></span> <span class='ocrx_word' id='word_1_482' title='bbox 2837 2940 2892 2995; x_wconf 93' lang='lat' dir='ltr'><strong>in</strong></span> <span class='ocrx_word' id='word_1_483' title='bbox 2947 2954 3015 2996; x_wconf 88' lang='lat' dir='ltr'><strong>eo</strong></span> <span class='ocrx_word' id='word_1_484' title='bbox 3065 2940 3332 3010; x_wconf 85' lang='lat' dir='ltr'><strong>majorem</strong></span> <span class='ocrx_word' id='word_1_485' title='bbox 3389 2957 3594 3006; x_wconf 87' lang='lat' dir='ltr'><strong>sermo,</strong></span> 
     </span>
    </p>
   </div>
   <div class='ocr_carea' id='block_1_74' title="bbox 2002 3029 3594 3105">
    <p class='ocr_par' dir='ltr' id='par_1_74' title="bbox 2002 3029 3594 3105">
     <span class='ocr_line' id='line_1_74' title="bbox 2002 3029 3594 3105; baseline 0.007 -25"><span class='ocrx_word' id='word_1_486' title='bbox 2002 3037 2165 3098; x_wconf 92' lang='lat' dir='ltr'><strong>atque</strong></span> <span class='ocrx_word' id='word_1_487' title='bbox 2203 3029 2454 3086; x_wconf 88' lang='lat' dir='ltr'><strong>doctrina</strong></span> <span class='ocrx_word' id='word_1_488' title='bbox 2482 3047 2594 3105; x_wconf 69' lang='lat' dir='ltr'><strong>pra:</strong></span> <span class='ocrx_word' id='word_1_489' title='bbox 2647 3033 2867 3087; x_wconf 90' lang='lat' dir='ltr'><strong>actione</strong></span> <span class='ocrx_word' id='word_1_490' title='bbox 2904 3032 3325 3090; x_wconf 85' lang='lat' dir='ltr'><strong>admirationem</strong></span> <span class='ocrx_word' id='word_1_491' title='bbox 3353 3035 3594 3102; x_wconf 85' lang='lat' dir='ltr'><strong>habeat;</strong></span> 
     </span>
    </p>
   </div>
   <div class='ocr_carea' id='block_1_75' title="bbox 2002 3117 3592 3193">
    <p class='ocr_par' dir='ltr' id='par_1_75' title="bbox 2002 3117 3592 3193">
     <span class='ocr_line' id='line_1_75' title="bbox 2002 3117 3592 3193; baseline 0.006 -22"><span class='ocrx_word' id='word_1_492' title='bbox 2002 3117 2253 3185; x_wconf 88' lang='lat' dir='ltr'><strong>quinimo</strong></span> <span class='ocrx_word' id='word_1_493' title='bbox 2276 3120 2422 3175; x_wconf 90' lang='lat' dir='ltr'><strong>actio</strong></span> <span class='ocrx_word' id='word_1_494' title='bbox 2456 3136 2569 3191; x_wconf 73' lang='lat' dir='ltr'><strong>praa</strong></span> <span class='ocrx_word' id='word_1_495' title='bbox 2590 3136 2866 3186; x_wconf 88' lang='lat' dir='ltr'><strong>sermone,</strong></span> <span class='ocrx_word' id='word_1_496' title='bbox 2896 3130 3063 3193; x_wconf 85' lang='lat' dir='ltr'><strong>atque</strong></span> <span class='ocrx_word' id='word_1_497' title='bbox 3093 3122 3344 3177; x_wconf 83' lang='lat' dir='ltr'><strong>doctrina</strong></span> <span class='ocrx_word' id='word_1_498' title='bbox 3390 3125 3592 3192; x_wconf 87' lang='lat' dir='ltr'><strong>majori</strong></span> 
     </span>
    </p>
   </div>
   <div class='ocr_carea' id='block_1_76' title="bbox 2006 3209 3597 3288">
    <p class='ocr_par' dir='ltr' id='par_1_76' title="bbox 2006 3209 3597 3288">
     <span class='ocr_line' id='line_1_76' title="bbox 2006 3209 3597 3288; baseline 0.006 -26"><span class='ocrx_word' id='word_1_499' title='bbox 2006 3209 2374 3267; x_wconf 83' lang='lat' dir='ltr'><strong>admiratione</strong></span> <span class='ocrx_word' id='word_1_500' title='bbox 2412 3213 2606 3283; x_wconf 85' lang='lat' dir='ltr'><strong>rapiat.</strong></span> <span class='ocrx_word' id='word_1_501' title='bbox 2635 3212 2773 3281; x_wconf 90' lang='lat' dir='ltr'><strong>Quis</strong></span> <span class='ocrx_word' id='word_1_502' title='bbox 2795 3214 2869 3270; x_wconf 89' lang='lat' dir='ltr'><strong>ita</strong></span> <span class='ocrx_word' id='word_1_503' title='bbox 2918 3229 3171 3272; x_wconf 87' lang='lat' dir='ltr'><strong>sermone</strong></span> <span class='ocrx_word' id='word_1_504' title='bbox 3203 3215 3389 3271; x_wconf 89' lang='lat' dir='ltr'><strong>clarus</strong></span> <span class='ocrx_word' id='word_1_505' title='bbox 3466 3234 3597 3288; x_wconf 83' lang='lat' dir='ltr'><strong>gra-</strong></span> 
     </span>
    </p>
   </div>
   <div class='ocr_carea' id='block_1_77' title="bbox 2006 3303 3596 3381">
    <p class='ocr_par' dir='ltr' id='par_1_77' title="bbox 2006 3303 3596 3381">
     <span class='ocr_line' id='line_1_77' title="bbox 2006 3303 3596 3381; baseline 0.006 -26"><span class='ocrx_word' id='word_1_506' title='bbox 2006 3303 2236 3373; x_wconf 80' lang='lat' dir='ltr'><strong>visque;</strong></span> <span class='ocrx_word' id='word_1_507' title='bbox 2275 3303 2356 3361; x_wconf 88' lang='lat' dir='ltr'><strong>sic</strong></span> <span class='ocrx_word' id='word_1_508' title='bbox 2385 3304 2701 3374; x_wconf 71' lang='lat' dir='ltr'><strong>distinctus,</strong></span> <span class='ocrx_word' id='word_1_509' title='bbox 2755 3316 2921 3379; x_wconf 86' lang='lat' dir='ltr'><strong>atque</strong></span> <span class='ocrx_word' id='word_1_510' title='bbox 2945 3306 3187 3380; x_wconf 86' lang='lat' dir='ltr'><strong>elegans,</strong></span> <span class='ocrx_word' id='word_1_511' title='bbox 3220 3317 3596 3381; x_wconf 87' lang='lat' dir='ltr'><strong>ornatusque;</strong></span> 
     </span>
    </p>
   </div>
   <div class='ocr_carea' id='block_1_78' title="bbox 2005 3399 3597 3472">
    <p class='ocr_par' dir='ltr' id='par_1_78' title="bbox 2005 3399 3597 3472">
     <span class='ocr_line' id='line_1_78' title="bbox 2005 3399 3597 3472; baseline 0.004 -21"><span class='ocrx_word' id='word_1_512' title='bbox 2005 3400 2088 3451; x_wconf 87' lang='lat' dir='ltr'><strong>sic</strong></span> <span class='ocrx_word' id='word_1_513' title='bbox 2134 3411 2297 3453; x_wconf 73' lang='lat' dir='ltr'><strong>verax</strong></span> <span class='ocrx_word' id='word_1_514' title='bbox 2347 3413 2415 3454; x_wconf 88' lang='lat' dir='ltr'><strong>ac</strong></span> <span class='ocrx_word' id='word_1_515' title='bbox 2471 3399 2817 3470; x_wconf 85' lang='lat' dir='ltr'><strong>perspicuus,</strong></span> <span class='ocrx_word' id='word_1_516' title='bbox 2858 3410 2918 3456; x_wconf 93' lang='lat' dir='ltr'><strong>ut</strong></span> <span class='ocrx_word' id='word_1_517' title='bbox 2966 3400 3162 3468; x_wconf 89' lang='lat' dir='ltr'><strong>videri,</strong></span> <span class='ocrx_word' id='word_1_518' title='bbox 3206 3417 3374 3472; x_wconf 91' lang='lat' dir='ltr'><strong>quam</strong></span> <span class='ocrx_word' id='word_1_519' title='bbox 3412 3404 3597 3460; x_wconf 88' lang='lat' dir='ltr'><strong>audiri</strong></span> 
     </span>
    </p>
   </div>
   <div class='ocr_carea' id='block_1_79' title="bbox 2009 3491 3596 3566">
    <p class='ocr_par' dir='ltr' id='par_1_79' title="bbox 2009 3491 3596 3566">
     <span class='ocr_line' id='line_1_79' title="bbox 2009 3491 3596 3566; baseline 0.003 -20"><span class='ocrx_word' id='word_1_520' title='bbox 2009 3492 2194 3561; x_wconf 85' lang='lat' dir='ltr'><strong>potius</strong></span> <span class='ocrx_word' id='word_1_521' title='bbox 2244 3491 2515 3558; x_wconf 87' lang='lat' dir='ltr'><strong>videatur,</strong></span> <span class='ocrx_word' id='word_1_522' title='bbox 2572 3492 2839 3564; x_wconf 85' lang='lat' dir='ltr'><strong>quidquid</strong></span> <span class='ocrx_word' id='word_1_523' title='bbox 2894 3494 3182 3565; x_wconf 86' lang='lat' dir='ltr'><strong>loquitur;</strong></span> <span class='ocrx_word' id='word_1_524' title='bbox 3243 3495 3293 3551; x_wconf 89' lang='lat' dir='ltr'><strong>id</strong></span> <span class='ocrx_word' id='word_1_525' title='bbox 3328 3506 3435 3565; x_wconf 88' lang='lat' dir='ltr'><strong>est,</strong></span> <span class='ocrx_word' id='word_1_526' title='bbox 3493 3512 3596 3566; x_wconf 88' lang='lat' dir='ltr'><strong>pro</strong></span> 
     </span>
    </p>
   </div>
   <div class='ocr_carea' id='block_1_80' title="bbox 2011 3582 3599 3659">
    <p class='ocr_par' dir='ltr' id='par_1_80' title="bbox 2011 3582 3599 3659">
     <span class='ocr_line' id='line_1_80' title="bbox 2011 3582 3599 3659; baseline 0.004 -22"><span class='ocrx_word' id='word_1_527' title='bbox 2011 3582 2273 3656; x_wconf 87' lang='lat' dir='ltr'><strong>Theologi</strong></span> <span class='ocrx_word' id='word_1_528' title='bbox 2299 3584 2549 3654; x_wconf 88' lang='lat' dir='ltr'><strong>partibus</strong></span> <span class='ocrx_word' id='word_1_529' title='bbox 2582 3585 2652 3640; x_wconf 86' lang='lat' dir='ltr'><strong>de</strong></span> <span class='ocrx_word' id='word_1_530' title='bbox 2686 3584 2798 3641; x_wconf 89' lang='lat' dir='ltr'><strong>Deo</strong></span> <span class='ocrx_word' id='word_1_531' title='bbox 2821 3586 3151 3658; x_wconf 79' lang='lat' dir='ltr'><strong>exsequitur</strong></span> <span class='ocrx_word' id='word_1_532' title='bbox 3171 3588 3197 3641; x_wconf 78' lang='lat'><strong>1</strong></span> <span class='ocrx_word' id='word_1_533' title='bbox 3228 3586 3345 3644; x_wconf 90' lang='lat' dir='ltr'><strong>imo</strong></span> <span class='ocrx_word' id='word_1_534' title='bbox 3373 3590 3501 3659; x_wconf 85' lang='lat' dir='ltr'><strong>quis</strong></span> <span class='ocrx_word' id='word_1_535' title='bbox 3524 3590 3599 3645; x_wconf 87' lang='lat' dir='ltr'><strong>ita</strong></span> 
     </span>
    </p>
   </div>
   <div class='ocr_carea' id='block_1_81' title="bbox 2011 3675 3600 3751">
    <p class='ocr_par' dir='ltr' id='par_1_81' title="bbox 2011 3675 3600 3751">
     <span class='ocr_line' id='line_1_81' title="bbox 2011 3675 3600 3751; baseline 0.005 -20"><span class='ocrx_word' id='word_1_536' title='bbox 2011 3675 2120 3732; x_wconf 90' lang='lat' dir='ltr'><strong>Deo</strong></span> <span class='ocrx_word' id='word_1_537' title='bbox 2145 3676 2383 3744; x_wconf 74' lang='lat' dir='ltr'><strong>ablatus,</strong></span> <span class='ocrx_word' id='word_1_538' title='bbox 2416 3686 2582 3749; x_wconf 87' lang='lat' dir='ltr'><strong>atque</strong></span> <span class='ocrx_word' id='word_1_539' title='bbox 2607 3680 2796 3751; x_wconf 62' lang='lat' dir='ltr'><strong>gratiae</strong></span> <span class='ocrx_word' id='word_1_540' title='bbox 2818 3680 3076 3737; x_wconf 87' lang='lat' dir='ltr'><strong>conditus</strong></span> <span class='ocrx_word' id='word_1_541' title='bbox 3100 3681 3345 3749; x_wconf 85' lang='lat' dir='ltr'><strong>salibus;</strong></span> <span class='ocrx_word' id='word_1_542' title='bbox 3369 3692 3428 3738; x_wconf 93' lang='lat' dir='ltr'><strong>ut</strong></span> <span class='ocrx_word' id='word_1_543' title='bbox 3479 3699 3600 3739; x_wconf 91' lang='lat' dir='ltr'><strong>om-</strong></span> 
     </span>
    </p>
   </div>
   <div class='ocr_carea' id='block_1_82' title="bbox 2009 3772 3598 3846">
    <p class='ocr_par' dir='ltr' id='par_1_82' title="bbox 2009 3772 3598 3846">
     <span class='ocr_line' id='line_1_82' title="bbox 2009 3772 3598 3846; baseline 0.004 -21"><span class='ocrx_word' id='word_1_544' title='bbox 2009 3785 2134 3825; x_wconf 89' lang='lat' dir='ltr'><strong>nem</strong></span> <span class='ocrx_word' id='word_1_545' title='bbox 2206 3772 2322 3827; x_wconf 90' lang='lat' dir='ltr'><strong>vitii</strong></span> <span class='ocrx_word' id='word_1_546' title='bbox 2359 3813 2374 3836; x_wconf 90' lang='lat'><strong>,</strong></span> <span class='ocrx_word' id='word_1_547' title='bbox 2441 3773 2953 3846; x_wconf 62' lang='lat' dir='ltr'><strong>putentissimmque</strong></span> <span class='ocrx_word' id='word_1_548' title='bbox 3012 3775 3284 3833; x_wconf 74' lang='lat' dir='ltr'><strong>haereseos</strong></span> <span class='ocrx_word' id='word_1_549' title='bbox 3354 3778 3598 3833; x_wconf 66' lang='lat' dir='ltr'><strong>exsiccet</strong></span> 
     </span>
    </p>
   </div>
   <div class='ocr_carea' id='block_1_83' title="bbox 2008 3863 3599 3935">
    <p class='ocr_par' dir='ltr' id='par_1_83' title="bbox 2008 3863 3599 3935">
     <span class='ocr_line' id='line_1_83' title="bbox 2008 3863 3599 3935; baseline 0.004 -18"><span class='ocrx_word' id='word_1_550' title='bbox 2008 3863 2188 3917; x_wconf 85' lang='lat' dir='ltr'><strong>tabem</strong></span> <span class='ocrx_word' id='word_1_551' title='bbox 2236 3880 2252 3929; x_wconf 88' lang='lat'><strong>;</strong></span> <span class='ocrx_word' id='word_1_552' title='bbox 2316 3864 2579 3935; x_wconf 87' lang='lat' dir='ltr'><strong>quidquid</strong></span> <span class='ocrx_word' id='word_1_553' title='bbox 2641 3880 2773 3922; x_wconf 83' lang='lat' dir='ltr'><strong>vero</strong></span> <span class='ocrx_word' id='word_1_554' title='bbox 2803 3865 3059 3922; x_wconf 83' lang='lat' dir='ltr'><strong>humanis</strong></span> <span class='ocrx_word' id='word_1_555' title='bbox 3126 3868 3378 3925; x_wconf 88' lang='lat' dir='ltr'><strong>moribus</strong></span> <span class='ocrx_word' id='word_1_556' title='bbox 3419 3869 3599 3927; x_wconf 86' lang='lat' dir='ltr'><strong>disso-</strong></span> 
     </span>
    </p>
   </div>
   <div class='ocr_carea' id='block_1_84' title="bbox 2010 3954 3600 4029">
    <p class='ocr_par' dir='ltr' id='par_1_84' title="bbox 2010 3954 3600 4029">
     <span class='ocr_line' id='line_1_84' title="bbox 2010 3954 3600 4029; baseline 0.007 -19"><span class='ocrx_word' id='word_1_557' title='bbox 2010 3954 2210 4019; x_wconf 89' lang='lat' dir='ltr'><strong>lutum,</strong></span> <span class='ocrx_word' id='word_1_558' title='bbox 2249 3956 2578 4029; x_wconf 84' lang='lat' dir='ltr'><strong>molliusque</strong></span> <span class='ocrx_word' id='word_1_559' title='bbox 2600 3957 2764 4026; x_wconf 89' lang='lat' dir='ltr'><strong>inest,</strong></span> <span class='ocrx_word' id='word_1_560' title='bbox 2790 3968 2957 4029; x_wconf 88' lang='lat' dir='ltr'><strong>atque</strong></span> <span class='ocrx_word' id='word_1_561' title='bbox 2985 3959 3257 4027; x_wconf 81' lang='lat' dir='ltr'><strong>dimuena,</strong></span> <span class='ocrx_word' id='word_1_562' title='bbox 3295 3962 3363 4018; x_wconf 89' lang='lat' dir='ltr'><strong>ad</strong></span> <span class='ocrx_word' id='word_1_563' title='bbox 3398 3965 3600 4021; x_wconf 87' lang='lat' dir='ltr'><strong>mentis</strong></span> 
     </span>
    </p>
   </div>
   <div class='ocr_carea' id='block_1_85' title="bbox 2010 4049 3600 4123">
    <p class='ocr_par' dir='ltr' id='par_1_85' title="bbox 2010 4049 3600 4123">
     <span class='ocr_line' id='line_1_85' title="bbox 2010 4049 3600 4123; baseline 0.004 -20"><span class='ocrx_word' id='word_1_564' title='bbox 2010 4049 2402 4113; x_wconf 84' lang='lat' dir='ltr'><strong>constantiam,</strong></span> <span class='ocrx_word' id='word_1_565' title='bbox 2415 4063 2790 4123; x_wconf 87' lang='lat' dir='ltr'><strong>sanarumque</strong></span> <span class='ocrx_word' id='word_1_566' title='bbox 2814 4052 3091 4107; x_wconf 88' lang='lat' dir='ltr'><strong>rationum</strong></span> <span class='ocrx_word' id='word_1_567' title='bbox 3111 4050 3409 4111; x_wconf 78' lang='lat' dir='ltr'><strong>transferat</strong></span> <span class='ocrx_word' id='word_1_568' title='bbox 3426 4053 3600 4110; x_wconf 73' lang='lat' dir='ltr'><strong>firmi-</strong></span> 
     </span>
    </p>
   </div>
   <div class='ocr_carea' id='block_1_86' title="bbox 2011 4142 2238 4196">
    <p class='ocr_par' dir='ltr' id='par_1_86' title="bbox 2011 4142 2238 4196">
     <span class='ocr_line' id='line_1_86' title="bbox 2011 4142 2238 4196; baseline 0.004 -1"><span class='ocrx_word' id='word_1_569' title='bbox 2011 4148 2182 4196; x_wconf 87' lang='lat' dir='ltr'><strong>tatem</strong></span> <span class='ocrx_word' id='word_1_570' title='bbox 2213 4142 2238 4196; x_wconf 89' lang='lat'><strong>1</strong></span> 
     </span>
    </p>
   </div>
   <div class='ocr_carea' id='block_1_87' title="bbox 2084 4224 3605 4311">
    <p class='ocr_par' dir='ltr' id='par_1_87' title="bbox 2084 4224 3605 4311">
     <span class='ocr_line' id='line_1_87' title="bbox 2084 4224 3605 4311; baseline 0.005 -22"><span class='ocrx_word' id='word_1_571' title='bbox 2084 4224 2221 4301; x_wconf 91' lang='lat' dir='ltr'><strong>Quis</strong></span> <span class='ocrx_word' id='word_1_572' title='bbox 2276 4250 2388 4306; x_wconf 66' lang='lat' dir='ltr'><strong>pra:</strong></span> <span class='ocrx_word' id='word_1_573' title='bbox 2432 4236 2881 4309; x_wconf 86' lang='lat' dir='ltr'><strong>illo(dummodo</strong></span> <span class='ocrx_word' id='word_1_574' title='bbox 2913 4238 3216 4309; x_wconf 88' lang='lat' dir='ltr'><strong>principem</strong></span> <span class='ocrx_word' id='word_1_575' title='bbox 3251 4239 3401 4294; x_wconf 90' lang='lat' dir='ltr'><strong>illum</strong></span> <span class='ocrx_word' id='word_1_576' title='bbox 3421 4249 3605 4311; x_wconf 88' lang='lat' dir='ltr'><strong>pasto-</strong></span> 
     </span>
    </p>
   </div>
   <div class='ocr_carea' id='block_1_88' title="bbox 2012 4325 3604 4404">
    <p class='ocr_par' dir='ltr' id='par_1_88' title="bbox 2012 4325 3604 4404">
     <span class='ocr_line' id='line_1_88' title="bbox 2012 4325 3604 4404; baseline 0.005 -24"><span class='ocrx_word' id='word_1_577' title='bbox 2012 4339 2133 4380; x_wconf 85' lang='lat' dir='ltr'><strong>rum</strong></span> <span class='ocrx_word' id='word_1_578' title='bbox 2156 4325 2207 4358; x_wconf 73' lang='grc'><strong>⁷⁸</strong></span> <span class='ocrx_word' id='word_1_579' title='bbox 2231 4328 2472 4397; x_wconf 75' lang='lat' dir='ltr'><strong>excipias</strong></span> <span class='ocrx_word' id='word_1_580' title='bbox 2503 4327 2829 4400; x_wconf 83' lang='lat' dir='ltr'><strong>)magisque</strong></span> <span class='ocrx_word' id='word_1_581' title='bbox 2857 4330 3040 4387; x_wconf 90' lang='lat' dir='ltr'><strong>bonus</strong></span> <span class='ocrx_word' id='word_1_582' title='bbox 3100 4330 3314 4396; x_wconf 82' lang='lat' dir='ltr'><strong>Pastor,</strong></span> <span class='ocrx_word' id='word_1_583' title='bbox 3346 4334 3441 4404; x_wconf 92' lang='lat' dir='ltr'><strong>qui</strong></span> <span class='ocrx_word' id='word_1_584' title='bbox 3486 4349 3604 4390; x_wconf 82' lang='lat' dir='ltr'><strong>ser-</strong></span> 
     </span>
    </p>
   </div>
   <div class='ocr_carea' id='block_1_89' title="bbox 2015 4414 3605 4495">
    <p class='ocr_par' dir='ltr' id='par_1_89' title="bbox 2015 4414 3605 4495">
     <span class='ocr_line' id='line_1_89' title="bbox 2015 4414 3605 4495; baseline 0.005 -21"><span class='ocrx_word' id='word_1_585' title='bbox 2015 4414 2195 4475; x_wconf 80' lang='lat' dir='ltr'><strong>monis</strong></span> <span class='ocrx_word' id='word_1_586' title='bbox 2225 4419 2409 4476; x_wconf 85' lang='lat' dir='ltr'><strong>fistula</strong></span> <span class='ocrx_word' id='word_1_587' title='bbox 2435 4421 2503 4476; x_wconf 89' lang='lat' dir='ltr'><strong>ad</strong></span> <span class='ocrx_word' id='word_1_588' title='bbox 2530 4420 2672 4476; x_wconf 85' lang='lat' dir='ltr'><strong>bona</strong></span> <span class='ocrx_word' id='word_1_589' title='bbox 2698 4436 2899 4493; x_wconf 85' lang='lat' dir='ltr'><strong>pascua</strong></span> <span class='ocrx_word' id='word_1_590' title='bbox 2925 4422 3124 4478; x_wconf 84' lang='lat' dir='ltr'><strong>educat</strong></span> <span class='ocrx_word' id='word_1_591' title='bbox 3152 4424 3219 4487; x_wconf 69' lang='lat'><strong>7&#39;,</strong></span> <span class='ocrx_word' id='word_1_592' title='bbox 3244 4426 3410 4495; x_wconf 86' lang='lat' dir='ltr'><strong>inque</strong></span> <span class='ocrx_word' id='word_1_593' title='bbox 3432 4425 3605 4482; x_wconf 90' lang='lat' dir='ltr'><strong>bonas</strong></span> 
     </span>
    </p>
   </div>
   <div class='ocr_carea' id='block_1_90' title="bbox 2017 4515 3605 4589">
    <p class='ocr_par' dir='ltr' id='par_1_90' title="bbox 2017 4515 3605 4589">
     <span class='ocr_line' id='line_1_90' title="bbox 2017 4515 3605 4589; baseline 0.003 -20"><span class='ocrx_word' id='word_1_594' title='bbox 2017 4523 2184 4586; x_wconf 88' lang='lat' dir='ltr'><strong>atque</strong></span> <span class='ocrx_word' id='word_1_595' title='bbox 2225 4515 2390 4571; x_wconf 85' lang='lat' dir='ltr'><strong>utiles</strong></span> <span class='ocrx_word' id='word_1_596' title='bbox 2441 4515 2632 4574; x_wconf 84' lang='lat' dir='ltr'><strong>caulas</strong></span> <span class='ocrx_word' id='word_1_597' title='bbox 2661 4516 2931 4573; x_wconf 79' lang='lat' dir='ltr'><strong>inducat?</strong></span> <span class='ocrx_word' id='word_1_598' title='bbox 2979 4516 3115 4585; x_wconf 91' lang='lat' dir='ltr'><strong>Quis</strong></span> <span class='ocrx_word' id='word_1_599' title='bbox 3149 4518 3231 4575; x_wconf 90' lang='lat' dir='ltr'><strong>sic</strong></span> <span class='ocrx_word' id='word_1_600' title='bbox 3264 4518 3488 4589; x_wconf 84' lang='lat' dir='ltr'><strong>probus,</strong></span> <span class='ocrx_word' id='word_1_601' title='bbox 3536 4533 3605 4574; x_wconf 84' lang='lat' dir='ltr'><strong>ac</strong></span> 
     </span>
    </p>
   </div>
   <div class='ocr_carea' id='block_1_91' title="bbox 330 4604 3605 4681">
    <p class='ocr_par' dir='ltr' id='par_1_91' title="bbox 330 4604 3605 4681">
     <span class='ocr_line' id='line_1_91' title="bbox 330 4604 3605 4681; baseline 0.001 -20"><span class='ocrx_word' id='word_1_602' title='bbox 330 4605 482 4662; x_wconf 78' lang='lat' dir='ltr'><strong>haud</strong></span> <span class='ocrx_word' id='word_1_603' title='bbox 514 4619 837 4679; x_wconf 65' lang='lat' dir='ltr'><strong>praeceptum</strong></span> <span class='ocrx_word' id='word_1_604' title='bbox 896 4609 1129 4671; x_wconf 82' lang='lat' dir='ltr'><strong>distulit,</strong></span> <span class='ocrx_word' id='word_1_605' title='bbox 1173 4609 1314 4664; x_wconf 89' lang='lat' dir='ltr'><strong>haud</strong></span> <span class='ocrx_word' id='word_1_606' title='bbox 1347 4624 1462 4664; x_wconf 89' lang='lat' dir='ltr'><strong>rem</strong></span> <span class='ocrx_word' id='word_1_607' title='bbox 1494 4608 1717 4681; x_wconf 86' lang='lat' dir='ltr'><strong>aggredi</strong></span> <span class='ocrx_word' id='word_1_608' title='bbox 1749 4608 1912 4665; x_wconf 87' lang='lat' dir='ltr'><strong>dubi-</strong></span> <span class='ocrx_word' id='word_1_609' title='bbox 1942 4604 1990 4663; x_wconf 89' lang='lat' dir='ltr'><strong>D</strong></span> <span class='ocrx_word' id='word_1_610' title='bbox 2018 4606 2349 4671; x_wconf 87' lang='lat' dir='ltr'><strong>industrius,</strong></span> <span class='ocrx_word' id='word_1_611' title='bbox 2401 4617 2465 4663; x_wconf 89' lang='lat' dir='ltr'><strong>ut</strong></span> <span class='ocrx_word' id='word_1_612' title='bbox 2508 4623 2726 4681; x_wconf 88' lang='lat' dir='ltr'><strong>gregem</strong></span> <span class='ocrx_word' id='word_1_613' title='bbox 2786 4619 2902 4664; x_wconf 90' lang='lat' dir='ltr'><strong>tum</strong></span> <span class='ocrx_word' id='word_1_614' title='bbox 2990 4609 3332 4681; x_wconf 88' lang='lat' dir='ltr'><strong>impinguare</strong></span> <span class='ocrx_word' id='word_1_615' title='bbox 3368 4612 3605 4679; x_wconf 88' lang='lat' dir='ltr'><strong>noverit,</strong></span> 
     </span>
    </p>
   </div>
   <div class='ocr_carea' id='block_1_92' title="bbox 328 4701 1917 4773">
    <p class='ocr_par' dir='ltr' id='par_1_92' title="bbox 328 4701 1917 4773">
     <span class='ocr_line' id='line_1_92' title="bbox 328 4701 1917 4773; baseline 0.001 -18"><span class='ocrx_word' id='word_1_616' title='bbox 328 4701 523 4763; x_wconf 80' lang='lat' dir='ltr'><strong>tavit;</strong></span> <span class='ocrx_word' id='word_1_617' title='bbox 584 4701 723 4756; x_wconf 87' lang='lat' dir='ltr'><strong>haud</strong></span> <span class='ocrx_word' id='word_1_618' title='bbox 781 4704 1083 4773; x_wconf 88' lang='lat' dir='ltr'><strong>obstupuit,</strong></span> <span class='ocrx_word' id='word_1_619' title='bbox 1119 4703 1252 4773; x_wconf 85' lang='lat' dir='ltr'><strong>quin</strong></span> <span class='ocrx_word' id='word_1_620' title='bbox 1304 4718 1548 4769; x_wconf 88' lang='lat' dir='ltr'><strong>manum,</strong></span> <span class='ocrx_word' id='word_1_621' title='bbox 1583 4712 1748 4773; x_wconf 85' lang='lat' dir='ltr'><strong>atque</strong></span> <span class='ocrx_word' id='word_1_622' title='bbox 1799 4702 1917 4773; x_wconf 77' lang='lat' dir='ltr'><strong>gla—</strong></span> 
     </span>
    </p>
   </div>
   <div class='ocr_carea' id='block_1_93' title="bbox 316 4794 1914 4866">
    <p class='ocr_par' dir='ltr' id='par_1_93' title="bbox 316 4794 1914 4866">
     <span class='ocr_line' id='line_1_93' title="bbox 316 4794 1914 4866; baseline 0 -16"><span class='ocrx_word' id='word_1_623' title='bbox 316 4795 477 4850; x_wconf 82' lang='lat' dir='ltr'><strong>dium</strong></span> <span class='ocrx_word' id='word_1_624' title='bbox 504 4794 522 4864; x_wconf 87' lang='lat'>(</span> <span class='ocrx_word' id='word_1_625' title='bbox 545 4810 579 4848; x_wconf 88' lang='grc' dir='ltr'><strong>ο</strong></span> <span class='ocrx_word' id='word_1_626' title='bbox 618 4795 784 4849; x_wconf 91' lang='lat' dir='ltr'><strong>animi</strong></span> <span class='ocrx_word' id='word_1_627' title='bbox 816 4795 1271 4865; x_wconf 83' lang='lat' dir='ltr'><strong>magnitudinem,</strong></span> <span class='ocrx_word' id='word_1_628' title='bbox 1307 4794 1417 4849; x_wconf 88' lang='lat' dir='ltr'><strong>imo</strong></span> <span class='ocrx_word' id='word_1_629' title='bbox 1447 4796 1714 4865; x_wconf 87' lang='lat' dir='ltr'><strong>insignem</strong></span> <span class='ocrx_word' id='word_1_630' title='bbox 1740 4794 1914 4866; x_wconf 86' lang='lat' dir='ltr'><strong>pieta-</strong></span> 
     </span>
    </p>
   </div>
   <div class='ocr_carea' id='block_1_94' title="bbox 318 4886 1914 4958">
    <p class='ocr_par' dir='ltr' id='par_1_94' title="bbox 318 4886 1914 4958">
     <span class='ocr_line' id='line_1_94' title="bbox 318 4886 1914 4958; baseline 0.001 -17"><span class='ocrx_word' id='word_1_631' title='bbox 318 4892 395 4941; x_wconf 77' lang='lat' dir='ltr'><strong>tis</strong></span> <span class='ocrx_word' id='word_1_632' title='bbox 433 4888 565 4950; x_wconf 83' lang='lat' dir='ltr'><strong>vim,</strong></span> <span class='ocrx_word' id='word_1_633' title='bbox 609 4903 674 4940; x_wconf 90' lang='lat' dir='ltr'><strong>ac</strong></span> <span class='ocrx_word' id='word_1_634' title='bbox 731 4888 1049 4955; x_wconf 78' lang='lat' dir='ltr'><strong>religionem</strong></span> <span class='ocrx_word' id='word_1_635' title='bbox 1081 4888 1136 4957; x_wconf 90' lang='lat' dir='ltr'><strong>l)</strong></span> <span class='ocrx_word' id='word_1_636' title='bbox 1170 4888 1483 4943; x_wconf 84' lang='lat' dir='ltr'><strong>clrarissimi</strong></span> <span class='ocrx_word' id='word_1_637' title='bbox 1517 4887 1707 4958; x_wconf 78' lang='lat' dir='ltr'><strong>jugulo</strong></span> <span class='ocrx_word' id='word_1_638' title='bbox 1744 4886 1914 4944; x_wconf 54' lang='lat' dir='ltr'><strong>infera</strong></span> 
     </span>
    </p>
   </div>
   <div class='ocr_carea' id='block_1_95' title="bbox 323 4977 1917 5042">
    <p class='ocr_par' dir='ltr' id='par_1_95' title="bbox 323 4977 1917 5042">
     <span class='ocr_line' id='line_1_95' title="bbox 323 4977 1917 5042; baseline 0.001 -12"><span class='ocrx_word' id='word_1_639' title='bbox 323 4986 408 5032; x_wconf 82' lang='lat' dir='ltr'><strong>ret</strong></span> <span class='ocrx_word' id='word_1_640' title='bbox 437 4994 453 5042; x_wconf 87' lang='lat'><strong>;</strong></span> <span class='ocrx_word' id='word_1_641' title='bbox 493 4977 712 5032; x_wconf 86' lang='lat' dir='ltr'><strong>tametsi</strong></span> <span class='ocrx_word' id='word_1_642' title='bbox 751 4992 892 5031; x_wconf 85' lang='lat' dir='ltr'><strong>novo</strong></span> <span class='ocrx_word' id='word_1_643' title='bbox 930 4978 1024 5031; x_wconf 91' lang='lat' dir='ltr'><strong>illo</strong></span> <span class='ocrx_word' id='word_1_644' title='bbox 1048 4993 1114 5033; x_wconf 85' lang='lat' dir='ltr'><strong>ac</strong></span> <span class='ocrx_word' id='word_1_645' title='bbox 1148 4978 1371 5033; x_wconf 87' lang='lat' dir='ltr'><strong>insolito</strong></span> <span class='ocrx_word' id='word_1_646' title='bbox 1409 4977 1680 5035; x_wconf 81' lang='lat' dir='ltr'><strong>sacriﬁcio</strong></span> <span class='ocrx_word' id='word_1_647' title='bbox 1708 4978 1917 5034; x_wconf 76' lang='lat' dir='ltr'><strong>inhibi~</strong></span> 
     </span>
    </p>
   </div>
   <div class='ocr_carea' id='block_1_96' title="bbox 326 5068 1917 5149">
    <p class='ocr_par' dir='ltr' id='par_1_96' title="bbox 326 5068 1917 5149">
     <span class='ocr_line' id='line_1_96' title="bbox 326 5068 1917 5149; baseline 0.002 -27"><span class='ocrx_word' id='word_1_648' title='bbox 326 5080 419 5123; x_wconf 86' lang='lat' dir='ltr'><strong>tus</strong></span> <span class='ocrx_word' id='word_1_649' title='bbox 458 5070 777 5149; x_wconf 72' lang='lat' dir='ltr'><strong>est,_ariete</strong></span> <span class='ocrx_word' id='word_1_650' title='bbox 817 5070 999 5123; x_wconf 87' lang='lat' dir='ltr'><strong>statim</strong></span> <span class='ocrx_word' id='word_1_651' title='bbox 1031 5071 1298 5124; x_wconf 86' lang='lat' dir='ltr'><strong>cornibus</strong></span> <span class='ocrx_word' id='word_1_652' title='bbox 1315 5070 1596 5134; x_wconf 72' lang='lat' dir='ltr'><strong>devincta,</strong></span> <span class='ocrx_word' id='word_1_653' title='bbox 1629 5070 1725 5140; x_wconf 88' lang='lat' dir='ltr'><strong>qui</strong></span> <span class='ocrx_word' id='word_1_654' title='bbox 1754 5068 1917 5126; x_wconf 83' lang='lat' dir='ltr'><strong>victi-</strong></span> 
     </span>
    </p>
   </div>
   <div class='ocr_carea' id='block_1_97' title="bbox 329 5161 1920 5234">
    <p class='ocr_par' dir='ltr' id='par_1_97' title="bbox 329 5161 1920 5234">
     <span class='ocr_line' id='line_1_97' title="bbox 329 5161 1920 5234; baseline 0.001 -20"><span class='ocrx_word' id='word_1_655' title='bbox 329 5176 434 5214; x_wconf 72' lang='lat' dir='ltr'><strong>nrm</strong></span> <span class='ocrx_word' id='word_1_656' title='bbox 466 5163 671 5215; x_wconf 70' lang='lat' dir='ltr'><strong>utentis</strong></span> <span class='ocrx_word' id='word_1_657' title='bbox 723 5164 933 5215; x_wconf 84' lang='lat' dir='ltr'><strong>ratione</strong></span> <span class='ocrx_word' id='word_1_658' title='bbox 958 5164 1137 5217; x_wconf 85' lang='lat' dir='ltr'><strong>locum</strong></span> <span class='ocrx_word' id='word_1_659' title='bbox 1183 5163 1447 5233; x_wconf 85' lang='lat' dir='ltr'><strong>expleret.</strong></span> <span class='ocrx_word' id='word_1_660' title='bbox 1481 5161 1775 5234; x_wconf 76' lang='lat' dir='ltr'><strong>Gregorius</strong></span> <span class='ocrx_word' id='word_1_661' title='bbox 1818 5178 1920 5218; x_wconf 83' lang='lat' dir='ltr'><strong>au-</strong></span> 
     </span>
    </p>
   </div>
   <div class='ocr_carea' id='block_1_98' title="bbox 334 5253 1918 5324">
    <p class='ocr_par' dir='ltr' id='par_1_98' title="bbox 334 5253 1918 5324">
     <span class='ocr_line' id='line_1_98' title="bbox 334 5253 1918 5324; baseline 0.003 -19"><span class='ocrx_word' id='word_1_662' title='bbox 334 5261 466 5315; x_wconf 84' lang='lat' dir='ltr'><strong>tetn,</strong></span> <span class='ocrx_word' id='word_1_663' title='bbox 504 5266 615 5306; x_wconf 87' lang='lat' dir='ltr'><strong>trtrtr</strong></span> <span class='ocrx_word' id='word_1_664' title='bbox 651 5253 806 5307; x_wconf 78' lang='lat' dir='ltr'><strong>altari</strong></span> <span class='ocrx_word' id='word_1_665' title='bbox 836 5256 1089 5309; x_wconf 79' lang='lat' dir='ltr'><strong>admotus</strong></span> <span class='ocrx_word' id='word_1_666' title='bbox 1110 5263 1214 5318; x_wconf 89' lang='lat' dir='ltr'><strong>est,</strong></span> <span class='ocrx_word' id='word_1_667' title='bbox 1245 5263 1360 5308; x_wconf 89' lang='lat' dir='ltr'><strong>tum</strong></span> <span class='ocrx_word' id='word_1_668' title='bbox 1395 5256 1640 5324; x_wconf 83' lang='lat' dir='ltr'><strong>paternis</strong></span> <span class='ocrx_word' id='word_1_669' title='bbox 1672 5254 1918 5310; x_wconf 85' lang='lat' dir='ltr'><strong>initiatus</strong></span> 
     </span>
    </p>
   </div>
   <div class='ocr_carea' id='block_1_99' title="bbox 342 5345 1920 5415">
    <p class='ocr_par' dir='ltr' id='par_1_99' title="bbox 342 5345 1920 5415">
     <span class='ocr_line' id='line_1_99' title="bbox 342 5345 1920 5415; baseline 0.007 -24"><span class='ocrx_word' id='word_1_670' title='bbox 342 5345 590 5399; x_wconf 82' lang='lat' dir='ltr'><strong>manibus</strong></span> <span class='ocrx_word' id='word_1_671' title='bbox 654 5348 863 5415; x_wconf 65' lang='lat' dir='ltr'><strong>integra</strong></span> <span class='ocrx_word' id='word_1_672' title='bbox 916 5347 1151 5412; x_wconf 70' lang='lat' dir='ltr'><strong>victima,</strong></span> <span class='ocrx_word' id='word_1_673' title='bbox 1178 5362 1240 5402; x_wconf 87' lang='lat' dir='ltr'><strong>ac</strong></span> <span class='ocrx_word' id='word_1_674' title='bbox 1279 5362 1433 5400; x_wconf 75' lang='lat' dir='ltr'><strong>novze</strong></span> <span class='ocrx_word' id='word_1_675' title='bbox 1476 5348 1736 5404; x_wconf 88' lang='lat' dir='ltr'><strong>sacerdos</strong></span> <span class='ocrx_word' id='word_1_676' title='bbox 1763 5347 1920 5402; x_wconf 88' lang='lat' dir='ltr'><strong>victi-</strong></span> 
     </span>
    </p>
   </div>
   <div class='ocr_carea' id='block_1_100' title="bbox 349 5436 1920 5512">
    <p class='ocr_par' dir='ltr' id='par_1_100' title="bbox 349 5436 1920 5512">
     <span class='ocr_line' id='line_1_100' title="bbox 349 5436 1920 5512; baseline 0.01 -32"><span class='ocrx_word' id='word_1_677' title='bbox 349 5445 450 5481; x_wconf 76' lang='lat' dir='ltr'><strong>ma:</strong></span> <span class='ocrx_word' id='word_1_678' title='bbox 480 5436 770 5491; x_wconf 73' lang='lat' dir='ltr'><strong>sacerdotii</strong></span> <span class='ocrx_word' id='word_1_679' title='bbox 796 5439 1105 5495; x_wconf 87' lang='lat' dir='ltr'><strong>initiatione</strong></span> <span class='ocrx_word' id='word_1_680' title='bbox 1133 5439 1372 5495; x_wconf 83' lang='lat' dir='ltr'><strong>oblatus.</strong></span> <span class='ocrx_word' id='word_1_681' title='bbox 1406 5438 1516 5497; x_wconf 86' lang='lat' dir='ltr'><strong>Nec</strong></span> <span class='ocrx_word' id='word_1_682' title='bbox 1544 5456 1574 5495; x_wconf 87' lang='lat' dir='ltr'><strong>a</strong></span> <span class='ocrx_word' id='word_1_683' title='bbox 1596 5450 1747 5512; x_wconf 91' lang='lat' dir='ltr'><strong>patre</strong></span> <span class='ocrx_word' id='word_1_684' title='bbox 1775 5442 1920 5496; x_wconf 86' lang='lat' dir='ltr'><strong>dun-</strong></span> 
     </span>
    </p>
   </div>
   <div class='ocr_carea' id='block_1_101' title="bbox 2020 4703 3611 4777">
    <p class='ocr_par' dir='ltr' id='par_1_101' title="bbox 2020 4703 3611 4777">
     <span class='ocr_line' id='line_1_101' title="bbox 2020 4703 3611 4777; baseline 0.005 -23"><span class='ocrx_word' id='word_1_685' title='bbox 2020 4708 2135 4755; x_wconf 89' lang='lat' dir='ltr'><strong>tum</strong></span> <span class='ocrx_word' id='word_1_686' title='bbox 2162 4703 2321 4771; x_wconf 89' lang='lat' dir='ltr'><strong>copia</strong></span> <span class='ocrx_word' id='word_1_687' title='bbox 2350 4717 2550 4773; x_wconf 82' lang='lat' dir='ltr'><strong>augere</strong></span> <span class='ocrx_word' id='word_1_688' title='bbox 2575 4721 2594 4771; x_wconf 95' lang='lat'><strong>;</strong></span> <span class='ocrx_word' id='word_1_689' title='bbox 2624 4718 2691 4759; x_wconf 86' lang='lat' dir='ltr'><strong>ac</strong></span> <span class='ocrx_word' id='word_1_690' title='bbox 2720 4719 2883 4775; x_wconf 88' lang='lat' dir='ltr'><strong>quam</strong></span> <span class='ocrx_word' id='word_1_691' title='bbox 2915 4704 3105 4775; x_wconf 86' lang='lat' dir='ltr'><strong>procul</strong></span> <span class='ocrx_word' id='word_1_692' title='bbox 3132 4720 3165 4760; x_wconf 90' lang='lat' dir='ltr'><strong>a</strong></span> <span class='ocrx_word' id='word_1_693' title='bbox 3195 4706 3447 4777; x_wconf 87' lang='lat' dir='ltr'><strong>luporum</strong></span> <span class='ocrx_word' id='word_1_694' title='bbox 3479 4704 3611 4762; x_wconf 86' lang='lat' dir='ltr'><strong>feri-</strong></span> 
     </span>
    </p>
   </div>
   <div class='ocr_carea' id='block_1_102' title="bbox 2023 4793 2788 4851">
    <p class='ocr_par' dir='ltr' id='par_1_102' title="bbox 2023 4793 2788 4851">
     <span class='ocr_line' id='line_1_102' title="bbox 2023 4793 2788 4851; baseline 0.005 -4"><span class='ocrx_word' id='word_1_695' title='bbox 2023 4803 2133 4848; x_wconf 85' lang='lat' dir='ltr'><strong>tate</strong></span> <span class='ocrx_word' id='word_1_696' title='bbox 2160 4793 2492 4850; x_wconf 88' lang='lat' dir='ltr'><strong>incolumem</strong></span> <span class='ocrx_word' id='word_1_697' title='bbox 2519 4810 2738 4851; x_wconf 88' lang='lat' dir='ltr'><strong>servare</strong></span> <span class='ocrx_word' id='word_1_698' title='bbox 2762 4796 2788 4851; x_wconf 87' lang='lat'><strong>1</strong></span> 
     </span>
    </p>
   </div>
   <div class='ocr_carea' id='block_1_103' title="bbox 2094 4886 3612 4960">
    <p class='ocr_par' dir='ltr' id='par_1_103' title="bbox 2094 4886 3612 4960">
     <span class='ocr_line' id='line_1_103' title="bbox 2094 4886 3612 4960; baseline 0 -17"><span class='ocrx_word' id='word_1_699' title='bbox 2094 4886 2333 4944; x_wconf 82' lang='lat' dir='ltr'><strong>Jacobus</strong></span> <span class='ocrx_word' id='word_1_700' title='bbox 2361 4889 2579 4960; x_wconf 86' lang='lat' dir='ltr'><strong>quidem</strong></span> <span class='ocrx_word' id='word_1_701' title='bbox 2613 4888 2703 4944; x_wconf 91' lang='lat' dir='ltr'><strong>ille</strong></span> <span class='ocrx_word' id='word_1_702' title='bbox 2724 4887 2895 4945; x_wconf 87' lang='lat' dir='ltr'><strong>lsaaci</strong></span> <span class='ocrx_word' id='word_1_703' title='bbox 2926 4888 3077 4944; x_wconf 81' lang='lat' dir='ltr'><strong>ﬁlius</strong></span> <span class='ocrx_word' id='word_1_704' title='bbox 3130 4888 3481 4944; x_wconf 85' lang='lat' dir='ltr'><strong>suavissimis</strong></span> <span class='ocrx_word' id='word_1_705' title='bbox 3512 4903 3612 4959; x_wconf 89' lang='lat' dir='ltr'><strong>pa-</strong></span> 
     </span>
    </p>
   </div>
   <div class='ocr_carea' id='block_1_104' title="bbox 2026 4978 3610 5050">
    <p class='ocr_par' dir='ltr' id='par_1_104' title="bbox 2026 4978 3610 5050">
     <span class='ocr_line' id='line_1_104' title="bbox 2026 4978 3610 5050; baseline 0.003 -18"><span class='ocrx_word' id='word_1_706' title='bbox 2026 4987 2163 5033; x_wconf 88' lang='lat' dir='ltr'><strong>trem</strong></span> <span class='ocrx_word' id='word_1_707' title='bbox 2186 4980 2463 5049; x_wconf 88' lang='lat' dir='ltr'><strong>accipiens</strong></span> <span class='ocrx_word' id='word_1_708' title='bbox 2487 4978 2724 5050; x_wconf 88' lang='lat' dir='ltr'><strong>dapibus</strong></span> <span class='ocrx_word' id='word_1_709' title='bbox 2752 4980 2820 5044; x_wconf 81' lang='lat'><strong>&quot;,</strong></span> <span class='ocrx_word' id='word_1_710' title='bbox 2855 4980 2976 5049; x_wconf 85' lang='lat' dir='ltr'><strong>ejus</strong></span> <span class='ocrx_word' id='word_1_711' title='bbox 2997 4981 3050 5034; x_wconf 91' lang='lat' dir='ltr'><strong>in</strong></span> <span class='ocrx_word' id='word_1_712' title='bbox 3082 4995 3143 5033; x_wconf 87' lang='lat' dir='ltr'><strong>se</strong></span> <span class='ocrx_word' id='word_1_713' title='bbox 3164 4979 3610 5036; x_wconf 89' lang='lat' dir='ltr'><strong>benedictionem</strong></span> 
     </span>
    </p>
   </div>
   <div class='ocr_carea' id='block_1_105' title="bbox 2023 5072 3613 5144">
    <p class='ocr_par' dir='ltr' id='par_1_105' title="bbox 2023 5072 3613 5144">
     <span class='ocr_line' id='line_1_105' title="bbox 2023 5072 3613 5144; baseline 0 -17"><span class='ocrx_word' id='word_1_714' title='bbox 2023 5072 2178 5128; x_wconf 83' lang='lat' dir='ltr'><strong>fratri</strong></span> <span class='ocrx_word' id='word_1_715' title='bbox 2214 5080 2470 5144; x_wconf 67' lang='lat' dir='ltr'><strong>pra-latus</strong></span> <span class='ocrx_word' id='word_1_716' title='bbox 2498 5073 2743 5129; x_wconf 80' lang='lat' dir='ltr'><strong>attraxit.</strong></span> <span class='ocrx_word' id='word_1_717' title='bbox 2794 5072 2933 5128; x_wconf 89' lang='lat' dir='ltr'><strong>Tum</strong></span> <span class='ocrx_word' id='word_1_718' title='bbox 2974 5072 3116 5129; x_wconf 87' lang='lat' dir='ltr'><strong>Esau</strong></span> <span class='ocrx_word' id='word_1_719' title='bbox 3162 5072 3363 5129; x_wconf 66' lang='lat' dir='ltr'><strong>caedem</strong></span> <span class='ocrx_word' id='word_1_720' title='bbox 3393 5074 3613 5144; x_wconf 83' lang='lat' dir='ltr'><strong>spiran-</strong></span> 
     </span>
    </p>
   </div>
   <div class='ocr_carea' id='block_1_106' title="bbox 2026 5166 3611 5239">
    <p class='ocr_par' dir='ltr' id='par_1_106' title="bbox 2026 5166 3611 5239">
     <span class='ocr_line' id='line_1_106' title="bbox 2026 5166 3611 5239; baseline 0.002 -19"><span class='ocrx_word' id='word_1_721' title='bbox 2026 5167 2097 5222; x_wconf 90' lang='lat' dir='ltr'><strong>tis</strong></span> <span class='ocrx_word' id='word_1_722' title='bbox 2128 5168 2387 5223; x_wconf 87' lang='lat' dir='ltr'><strong>invidiam</strong></span> <span class='ocrx_word' id='word_1_723' title='bbox 2428 5167 2643 5239; x_wconf 88' lang='lat' dir='ltr'><strong>fugiens</strong></span> <span class='ocrx_word' id='word_1_724' title='bbox 2666 5168 2733 5234; x_wconf 86' lang='lat'><strong>&quot;&quot;,</strong></span> <span class='ocrx_word' id='word_1_725' title='bbox 2752 5166 2950 5223; x_wconf 89' lang='lat' dir='ltr'><strong>faustis</strong></span> <span class='ocrx_word' id='word_1_726' title='bbox 2978 5182 3113 5222; x_wconf 90' lang='lat' dir='ltr'><strong>usus</strong></span> <span class='ocrx_word' id='word_1_727' title='bbox 3148 5166 3465 5234; x_wconf 91' lang='lat' dir='ltr'><strong>insomniis,</strong></span> <span class='ocrx_word' id='word_1_728' title='bbox 3486 5183 3611 5238; x_wconf 67' lang='lat' dir='ltr'><strong>qua</strong></span> 
     </span>
    </p>
   </div>
   <div class='ocr_carea' id='block_1_107' title="bbox 2024 5260 3611 5331">
    <p class='ocr_par' dir='ltr' id='par_1_107' title="bbox 2024 5260 3611 5331">
     <span class='ocr_line' id='line_1_107' title="bbox 2024 5260 3611 5331; baseline 0.002 -18"><span class='ocrx_word' id='word_1_729' title='bbox 2024 5260 2093 5313; x_wconf 92' lang='lat' dir='ltr'><strong>ad</strong></span> <span class='ocrx_word' id='word_1_730' title='bbox 2122 5261 2327 5314; x_wconf 67' lang='lat' dir='ltr'><strong>scafam</strong></span> <span class='ocrx_word' id='word_1_731' title='bbox 2385 5261 2438 5314; x_wconf 92' lang='lat' dir='ltr'><strong>in</strong></span> <span class='ocrx_word' id='word_1_732' title='bbox 2492 5261 2691 5315; x_wconf 81' lang='lat' dir='ltr'><strong>cmlum</strong></span> <span class='ocrx_word' id='word_1_733' title='bbox 2744 5270 3057 5331; x_wconf 89' lang='lat' dir='ltr'><strong>protensam</strong></span> <span class='ocrx_word' id='word_1_734' title='bbox 3105 5268 3438 5331; x_wconf 86' lang='lat' dir='ltr'><strong>spectarent,</strong></span> <span class='ocrx_word' id='word_1_735' title='bbox 3481 5276 3611 5330; x_wconf 86' lang='lat' dir='ltr'><strong>pro-</strong></span> 
     </span>
    </p>
   </div>
   <div class='ocr_carea' id='block_1_108' title="bbox 2020 5350 3611 5421">
    <p class='ocr_par' dir='ltr' id='par_1_108' title="bbox 2020 5350 3611 5421">
     <span class='ocr_line' id='line_1_108' title="bbox 2020 5350 3611 5421; baseline 0.001 -16"><span class='ocrx_word' id='word_1_736' title='bbox 2020 5364 2295 5421; x_wconf 88' lang='lat' dir='ltr'><strong>speroqne</strong></span> <span class='ocrx_word' id='word_1_737' title='bbox 2329 5350 2596 5406; x_wconf 86' lang='lat' dir='ltr'><strong>deductus</strong></span> <span class='ocrx_word' id='word_1_738' title='bbox 2632 5352 2846 5418; x_wconf 83' lang='lat' dir='ltr'><strong>itinere,</strong></span> <span class='ocrx_word' id='word_1_739' title='bbox 2888 5368 2953 5408; x_wconf 92' lang='lat' dir='ltr'><strong>ac</strong></span> <span class='ocrx_word' id='word_1_740' title='bbox 2986 5368 3047 5409; x_wconf 86' lang='lat' dir='ltr'><strong>se</strong></span> <span class='ocrx_word' id='word_1_741' title='bbox 3094 5353 3356 5407; x_wconf 87' lang='lat' dir='ltr'><strong>maternis</strong></span> <span class='ocrx_word' id='word_1_742' title='bbox 3399 5352 3611 5407; x_wconf 89' lang='lat' dir='ltr'><strong>laribus</strong></span> 
     </span>
    </p>
   </div>
   <div class='ocr_carea' id='block_1_109' title="bbox 2026 5442 3607 5509">
    <p class='ocr_par' dir='ltr' id='par_1_109' title="bbox 2026 5442 3607 5509">
     <span class='ocr_line' id='line_1_109' title="bbox 2026 5442 3607 5509; baseline 0 -11"><span class='ocrx_word' id='word_1_743' title='bbox 2026 5442 2286 5508; x_wconf 87' lang='lat' dir='ltr'><strong>inferens,</strong></span> <span class='ocrx_word' id='word_1_744' title='bbox 2320 5443 2525 5499; x_wconf 82' lang='lat' dir='ltr'><strong>Labani</strong></span> <span class='ocrx_word' id='word_1_745' title='bbox 2560 5445 2794 5500; x_wconf 80' lang='lat' dir='ltr'><strong>ﬁliarum</strong></span> <span class='ocrx_word' id='word_1_746' title='bbox 2828 5460 2994 5501; x_wconf 86' lang='lat' dir='ltr'><strong>causa</strong></span> <span class='ocrx_word' id='word_1_747' title='bbox 3018 5445 3235 5501; x_wconf 87' lang='lat' dir='ltr'><strong>labores</strong></span> <span class='ocrx_word' id='word_1_748' title='bbox 3260 5444 3493 5500; x_wconf 85' lang='lat' dir='ltr'><strong>desudat</strong></span> <span class='ocrx_word' id='word_1_749' title='bbox 3524 5444 3607 5509; x_wconf 81' lang='lat'><strong>&quot;;</strong></span> 
     </span>
    </p>
   </div>
   <div class='ocr_carea' id='block_1_110' title="bbox 345 5527 3616 5609">
    <p class='ocr_par' dir='ltr' id='par_1_110' title="bbox 345 5527 3616 5609">
     <span class='ocr_line' id='line_1_110' title="bbox 345 5527 3616 5609; baseline 0.005 -34"><span class='ocrx_word' id='word_1_750' title='bbox 345 5527 516 5585; x_wconf 58' lang='lat' dir='ltr'><strong>taxat,</strong></span> <span class='ocrx_word' id='word_1_751' title='bbox 545 5528 633 5580; x_wconf 85' lang='lat' dir='ltr'><strong>sed</strong></span> <span class='ocrx_word' id='word_1_752' title='bbox 665 5528 823 5600; x_wconf 80' lang='lat' dir='ltr'><strong>longe</strong></span> <span class='ocrx_word' id='word_1_753' title='bbox 852 5533 1005 5600; x_wconf 81' lang='lat' dir='ltr'><strong>priris</strong></span> <span class='ocrx_word' id='word_1_754' title='bbox 1047 5547 1076 5586; x_wconf 88' lang='lat' dir='ltr'><strong>a</strong></span> <span class='ocrx_word' id='word_1_755' title='bbox 1115 5535 1319 5588; x_wconf 89' lang='lat' dir='ltr'><strong>teneris</strong></span> <span class='ocrx_word' id='word_1_756' title='bbox 1344 5535 1504 5590; x_wconf 86' lang='lat' dir='ltr'><strong>annis</strong></span> <span class='ocrx_word' id='word_1_757' title='bbox 1545 5535 1740 5605; x_wconf 88' lang='lat' dir='ltr'><strong>ipsese</strong></span> <span class='ocrx_word' id='word_1_758' title='bbox 1792 5534 1924 5589; x_wconf 80' lang='lat' dir='ltr'><strong>oll&#39;e-</strong></span> <span class='ocrx_word' id='word_1_759' title='bbox 2024 5536 2256 5593; x_wconf 85' lang='lat' dir='ltr'><strong>desudat</strong></span> <span class='ocrx_word' id='word_1_760' title='bbox 2313 5554 2443 5593; x_wconf 85' lang='lat' dir='ltr'><strong>vero</strong></span> <span class='ocrx_word' id='word_1_761' title='bbox 2501 5538 2749 5595; x_wconf 88' lang='lat' dir='ltr'><strong>curando</strong></span> <span class='ocrx_word' id='word_1_762' title='bbox 2797 5539 3005 5609; x_wconf 89' lang='lat' dir='ltr'><strong>pecori,</strong></span> <span class='ocrx_word' id='word_1_763' title='bbox 3054 5552 3121 5594; x_wconf 89' lang='lat' dir='ltr'><strong>ac</strong></span> <span class='ocrx_word' id='word_1_764' title='bbox 3173 5537 3279 5595; x_wconf 89' lang='lat' dir='ltr'><strong>sibi</strong></span> <span class='ocrx_word' id='word_1_765' title='bbox 3329 5537 3616 5593; x_wconf 85' lang='lat' dir='ltr'><strong>vindican-</strong></span> 
     </span>
    </p>
   </div>
   <div class='ocr_carea' id='block_1_111' title="bbox 342 5625 1924 5700">
    <p class='ocr_par' dir='ltr' id='par_1_111' title="bbox 342 5625 1924 5700">
     <span class='ocr_line' id='line_1_111' title="bbox 342 5625 1924 5700; baseline 0.008 -30"><span class='ocrx_word' id='word_1_766' title='bbox 342 5630 499 5681; x_wconf 82' lang='lat' dir='ltr'><strong>rens,</strong></span> <span class='ocrx_word' id='word_1_767' title='bbox 526 5633 628 5674; x_wconf 90' lang='lat' dir='ltr'><strong>non</strong></span> <span class='ocrx_word' id='word_1_768' title='bbox 657 5639 949 5694; x_wconf 86' lang='lat' dir='ltr'><strong>superuno</strong></span> <span class='ocrx_word' id='word_1_769' title='bbox 978 5625 1162 5697; x_wconf 90' lang='lat' dir='ltr'><strong>aliquo</strong></span> <span class='ocrx_word' id='word_1_770' title='bbox 1185 5642 1249 5681; x_wconf 76' lang='lat' dir='ltr'><strong>ex</strong></span> <span class='ocrx_word' id='word_1_771' title='bbox 1277 5628 1345 5684; x_wconf 90' lang='lat' dir='ltr'><strong>iis</strong></span> <span class='ocrx_word' id='word_1_772' title='bbox 1369 5630 1649 5685; x_wconf 86' lang='lat' dir='ltr'><strong>montibus</strong></span> <span class='ocrx_word' id='word_1_773' title='bbox 1678 5630 1769 5700; x_wconf 87' lang='lat' dir='ltr'><strong>qui</strong></span> <span class='ocrx_word' id='word_1_774' title='bbox 1791 5644 1924 5685; x_wconf 87' lang='lat' dir='ltr'><strong>ocu-</strong></span> 
     </span>
    </p>
   </div>
   <div class='ocr_carea' id='block_1_112' title="bbox 410 5798 1044 5875">
    <p class='ocr_par' dir='ltr' id='par_1_112' title="bbox 410 5798 1044 5875">
     <span class='ocr_line' id='line_1_112' title="bbox 410 5798 1044 5875; baseline 0.009 -22"><span class='ocrx_word' id='word_1_775' title='bbox 410 5798 624 5875; x_wconf 49' lang='lat' dir='ltr'><strong>f’jlen.</strong></span> <span class='ocrx_word' id='word_1_776' title='bbox 651 5807 853 5865; x_wconf 50' lang='grc' dir='ltr'><strong>ΠΜ]</strong></span> <span class='ocrx_word' id='word_1_777' title='bbox 893 5822 1044 5875; x_wconf 80' lang='lat' dir='ltr'><strong>seqq.</strong></span> 
     </span>
    </p>
   </div>
   <div class='ocr_carea' id='block_1_113' title="bbox 328 5868 1331 5942">
    <p class='ocr_par' dir='ltr' id='par_1_113' title="bbox 328 5868 1331 5942">
     <span class='ocr_line' id='line_1_113' title="bbox 328 5868 1331 5942; baseline 0.012 -19"><span class='ocrx_word' id='word_1_778' title='bbox 328 5868 380 5903; x_wconf 68' lang='grc' dir='ltr'><strong>τ’</strong></span> <span class='ocrx_word' id='word_1_779' title='bbox 414 5869 604 5931; x_wconf 80' lang='lat' dir='ltr'><strong>[Pr-tr.</strong></span> <span class='ocrx_word' id='word_1_780' title='bbox 637 5893 688 5942; x_wconf 71' lang='grc' dir='ltr'><strong>γ,</strong></span> <span class='ocrx_word' id='word_1_781' title='bbox 726 5878 778 5929; x_wconf 68' lang='grc'><strong>4.</strong></span> <span class='ocrx_word' id='word_1_782' title='bbox 858 5878 902 5907; x_wconf 68' lang='grc'><strong>⁷⁵</strong></span> <span class='ocrx_word' id='word_1_783' title='bbox 931 5868 1091 5932; x_wconf 69' lang='lat' dir='ltr'><strong>Juan.</strong></span> <span class='ocrx_word' id='word_1_784' title='bbox 1123 5896 1198 5941; x_wconf 64' lang='grc' dir='ltr'><strong>χι,</strong></span> <span class='ocrx_word' id='word_1_785' title='bbox 1247 5882 1331 5937; x_wconf 70' lang='lat' dir='ltr'><strong>li.</strong></span> 
     </span>
    </p>
   </div>
   <div class='ocr_carea' id='block_1_114' title="bbox 701 5971 1287 6035">
    <p class='ocr_par' dir='ltr' id='par_1_114' title="bbox 701 5971 1287 6035">
     <span class='ocr_line' id='line_1_114' title="bbox 701 5971 1287 6035; baseline 0.005 -4"><span class='ocrx_word' id='word_1_786' title='bbox 701 5971 975 6032; x_wconf 74' lang='lat' dir='ltr'><strong>PATROL.</strong></span> <span class='ocrx_word' id='word_1_787' title='bbox 1009 5975 1126 6032; x_wconf 78' lang='lat' dir='ltr'><strong>Gn.</strong></span> <span class='ocrx_word' id='word_1_788' title='bbox 1164 5974 1287 6035; x_wconf 71' lang='lat' dir='ltr'><strong>CV.</strong></span> 
     </span>
    </p>
   </div>
   <div class='ocr_carea' id='block_1_115' title="bbox 1123 5808 2091 5878">
    <p class='ocr_par' dir='ltr' id='par_1_115' title="bbox 1123 5808 2091 5878">
     <span class='ocr_line' id='line_1_115' title="bbox 1123 5808 2091 5878; baseline 0.003 -12"><span class='ocrx_word' id='word_1_789' title='bbox 1123 5808 1167 5838; x_wconf 72' lang='grc'>⁷⁸</span> <span class='ocrx_word' id='word_1_790' title='bbox 1202 5808 1386 5866; x_wconf 74' lang='lat' dir='ltr'><strong>Matth.</strong></span> <span class='ocrx_word' id='word_1_791' title='bbox 1430 5826 1480 5873; x_wconf 82' lang='lat' dir='ltr'><strong>v,</strong></span> <span class='ocrx_word' id='word_1_792' title='bbox 1516 5812 1567 5866; x_wconf 70' lang='grc'><strong>4.</strong></span> <span class='ocrx_word' id='word_1_793' title='bbox 1645 5812 1846 5867; x_wconf 76' lang='lat' dir='ltr'><strong>“Gen.</strong></span> <span class='ocrx_word' id='word_1_794' title='bbox 1871 5812 2091 5878; x_wconf 66' lang='lat'><strong>“11,1.</strong></span> 
     </span>
    </p>
   </div>
   <div class='ocr_carea' id='block_1_116' title="bbox 1409 5882 2516 5953">
    <p class='ocr_par' dir='ltr' id='par_1_116' title="bbox 1409 5882 2516 5953">
     <span class='ocr_line' id='line_1_116' title="bbox 1409 5882 2516 5953; baseline -0.003 -15"><span class='ocrx_word' id='word_1_795' title='bbox 1409 5884 1453 5913; x_wconf 81' lang='lat'><strong>&quot;°</strong></span> <span class='ocrx_word' id='word_1_796' title='bbox 1486 5882 1622 5940; x_wconf 88' lang='lat' dir='ltr'><strong>Gen.</strong></span> <span class='ocrx_word' id='word_1_797' title='bbox 1661 5899 1831 5953; x_wconf 74' lang='lat' dir='ltr'><strong>xxvu,</strong></span> <span class='ocrx_word' id='word_1_798' title='bbox 1864 5883 1920 5939; x_wconf 72' lang='grc' dir='ltr'><strong>ι.</strong></span> <span class='ocrx_word' id='word_1_799' title='bbox 1994 5884 2039 5919; x_wconf 79' lang='grc'><strong>⁷⁷</strong></span> <span class='ocrx_word' id='word_1_800' title='bbox 2066 5883 2203 5940; x_wconf 85' lang='lat' dir='ltr'><strong>Gen.</strong></span> <span class='ocrx_word' id='word_1_801' title='bbox 2229 5897 2418 5949; x_wconf 68' lang='lat' dir='ltr'><strong>SIVIII,</strong></span> <span class='ocrx_word' id='word_1_802' title='bbox 2468 5882 2516 5952; x_wconf 48' lang='grc' dir='ltr'><strong>ι,</strong></span> 
     </span>
    </p>
   </div>
   <div class='ocr_carea' id='block_1_117' title="bbox 2028 5629 3614 5722">
    <p class='ocr_par' dir='ltr' id='par_1_117' title="bbox 2028 5629 3614 5722">
     <span class='ocr_line' id='line_1_117' title="bbox 2028 5629 3614 5722; baseline 0.001 -39"><span class='ocrx_word' id='word_1_803' title='bbox 2028 5633 2133 5699; x_wconf 85' lang='lat' dir='ltr'><strong>do;</strong></span> <span class='ocrx_word' id='word_1_804' title='bbox 2172 5631 2458 5702; x_wconf 84' lang='lat' dir='ltr'><strong>tribusque</strong></span> <span class='ocrx_word' id='word_1_805' title='bbox 2516 5632 2573 5685; x_wconf 88' lang='lat' dir='ltr'><strong>in</strong></span> <span class='ocrx_word' id='word_1_806' title='bbox 2628 5631 2905 5689; x_wconf 89' lang='lat' dir='ltr'><strong>canalium</strong></span> <span class='ocrx_word' id='word_1_807' title='bbox 2960 5631 3132 5689; x_wconf 86' lang='lat' dir='ltr'><strong>alveis</strong></span> <span class='ocrx_word' id='word_1_808' title='bbox 3176 5630 3348 5722; x_wconf 76' lang='lat' dir='ltr'><strong>virgis</strong></span> <span class='ocrx_word' id='word_1_809' title='bbox 3389 5629 3614 5702; x_wconf 86' lang='lat' dir='ltr'><strong>apposi-</strong></span> 
     </span>
    </p>
   </div>
   <div class='ocr_carea' id='block_1_118' title="bbox 2178 5804 3615 5879">
    <p class='ocr_par' dir='ltr' id='par_1_118' title="bbox 2178 5804 3615 5879">
     <span class='ocr_line' id='line_1_118' title="bbox 2178 5804 3615 5879; baseline -0.002 -13"><span class='ocrx_word' id='word_1_810' title='bbox 2178 5812 2228 5843; x_wconf 66' lang='lat'><strong>7’</strong></span> <span class='ocrx_word' id='word_1_811' title='bbox 2265 5811 2421 5866; x_wconf 78' lang='lat' dir='ltr'><strong>Rom.</strong></span> <span class='ocrx_word' id='word_1_812' title='bbox 2455 5826 2556 5879; x_wconf 77' lang='lat' dir='ltr'><strong>xu,</strong></span> <span class='ocrx_word' id='word_1_813' title='bbox 2584 5810 2638 5873; x_wconf 78' lang='lat' dir='ltr'><strong>l;</strong></span> <span class='ocrx_word' id='word_1_814' title='bbox 2669 5807 2946 5874; x_wconf 85' lang='lat' dir='ltr'><strong>iCor.nt,</strong></span> <span class='ocrx_word' id='word_1_815' title='bbox 2972 5808 3061 5864; x_wconf 82' lang='lat' dir='ltr'><strong>l7.</strong></span> <span class='ocrx_word' id='word_1_816' title='bbox 3135 5807 3184 5841; x_wconf 81' lang='lat'>&quot;</span> <span class='ocrx_word' id='word_1_817' title='bbox 3216 5805 3382 5864; x_wconf 79' lang='lat' dir='ltr'><strong>liebr.</strong></span> <span class='ocrx_word' id='word_1_818' title='bbox 3410 5822 3509 5873; x_wconf 71' lang='lat' dir='ltr'><strong>ait,</strong></span> <span class='ocrx_word' id='word_1_819' title='bbox 3557 5804 3615 5863; x_wconf 84' lang='lat'><strong>9.</strong></span> 
     </span>
    </p>
   </div>
   <div class='ocr_carea' id='block_1_119' title="bbox 2595 5881 3084 5945">
    <p class='ocr_par' dir='ltr' id='par_1_119' title="bbox 2595 5881 3084 5945">
     <span class='ocr_line' id='line_1_119' title="bbox 2595 5881 3084 5945; baseline -0.01 -7"><span class='ocrx_word' id='word_1_820' title='bbox 2595 5883 2643 5915; x_wconf 82' lang='lat'><strong>&quot;</strong></span> <span class='ocrx_word' id='word_1_821' title='bbox 2671 5881 2810 5938; x_wconf 84' lang='lat' dir='ltr'><strong>Gen.</strong></span> <span class='ocrx_word' id='word_1_822' title='bbox 2847 5896 2999 5945; x_wconf 55' lang='grc' dir='ltr'>χχιχ,</span> <span class='ocrx_word' id='word_1_823' title='bbox 3034 5883 3084 5933; x_wconf 83' lang='grc'><strong>1.</strong></span> 
     </span>
    </p>
   </div>
   <div class='ocr_carea' id='block_1_120' title="bbox 3120 5968 3193 6032">
    <p class='ocr_par' dir='ltr' id='par_1_120' title="bbox 3120 5968 3193 6032">
     <span class='ocr_line' id='line_1_120' title="bbox 3120 5968 3193 6032; baseline -0.041 0"><span class='ocrx_word' id='word_1_824' title='bbox 3120 5968 3193 6032; x_wconf 81' lang='grc'><strong>15</strong></span> 
     </span>
    </p>
   </div>
  </div>
