4150 6298
627 397 741 462 459

627 602 693 656 ad
731 599 934 655 coitum
963 599 1236 660 emittens.
1273 598 1458 669 plures
1485 597 1794 653 maculosae
1830 595 1980 660 facil,
2015 610 2192 665 quam

622 708 745 763 qua
775 691 936 746 nullis
979 700 1134 746 erant
1180 691 1452 746 distinctae
1505 690 1788 754 maculis:
1822 688 2015 759 hisque
2058 688 2193 742 arti-

620 783 722 850 bus
750 783 940 841 delusa
979 782 1219 856 Syro.ac
1249 800 1373 840 cum
1396 785 1624 844 solerter
1646 777 1746 839 sibi
1787 791 2030 854 parasset
2065 782 2194 838 sub-

615 876 899 943 stantiam,
924 876 1008 931 .ita
1039 891 1161 932 cum
1196 877 1460 932 uxoribus
1487 891 1553 932 ac
1603 877 1790 931 liberis
1819 877 1888 931 ab
1915 892 1980 931 eo
2003 875 2140 946 fugit
2172 894 2188 945 ;

612 964 822 1035 Deique
848 966 1039 1037 copiis,
1087 981 1152 1023 ac
1208 969 1403 1028 turmis
1459 967 1720 1024 occurrit.
1769 967 1850 1021 Ad
1884 965 2002 1022 haec
2063 981 2192 1021 cum

616 1054 748 1118 Deo,
781 1057 875 1126 qui
914 1067 1258 1129 apparuerat,
1303 1066 1552 1125 conserta
1599 1072 1801 1128 pugna,
1836 1057 1994 1127 cujus
2023 1058 2188 1111 etiam

615 1157 749 1207 nutu
785 1158 992 1207 mutata
1033 1150 1393 1221 appeliatione
1440 1150 1654 1207 lsraelis
1711 1165 1909 1205 nomen
1959 1151 2188 1220 accepit,

612 1240 826 1295 cunctis
860 1241 1122 1304 liberatus
1160 1242 1448 1308 molestiis,
1479 1241 1533 1297 in
1555 1251 1837 1314 paternam
1859 1241 2060 1298 alacris
2091 1241 2194 1297 do-

611 1335 762 1388 mitm
795 1333 973 1388 rediit.

681 1486 822 1552 Quid
845 1502 972 1542 vero
1005 1485 1302 1559 Gregorius
1329 1489 1352 1543 ?
1387 1487 1579 1547 Nonne
1614 1488 1834 1558 optimis
1882 1488 2191 1560 Theologia:

609 1577 879 1648 dogmatis
905 1579 1150 1634 divinum
1184 1579 1486 1650 accipiebat
1500 1578 1745 1645 Numen;
1783 1581 2189 1652 presbyterum-

607 1687 715 1741 que
739 1673 902 1726 etiam
939 1672 1013 1726 illi
1054 1672 1291 1728 invisum
1331 1674 1606 1729 funestum
1653 1673 1839 1727 Arium
1866 1665 2044 1744 gloria
2092 1688 2188 1727 su-

609 1778 825 1832 perans.
854 1762 1163 1833 divinarum
1197 1763 1365 1820 decus
1413 1764 1858 1820 benedictionum
1903 1765 2189 1838 privilegio

1831 386 2126 454 NlCETz‘E
2155 393 2177 454 1

2275 391 2682 454 PHLAGONIS
3745 465 3753 473 ι

622 510 695 572 tis
727 509 794 576 τ’,
826 522 889 562 ac
920 507 1023 567 sub
1051 523 1239 563 eorum
1271 507 1452 563 colore
1481 507 1721 570 variante
1765 520 2043 576 aspectum
2071 522 2200 565 oves
2226 507 2274 566 Α
2303 522 2410 559 non
2450 507 2502 564 in
2533 506 2760 572 somnis,
2786 504 2879 562 sed
2915 503 3034 576 ipsa
3063 493 3269 577 vigilia,
3299 520 3422 578 quae
3451 520 3482 560 e
3502 519 3561 560 re
3591 515 3767 561 essent
3799 523 3853 562 ac

3765 395 3853 459 460

2305 597 2694 665 conducerent,
2723 597 2968 669 quotidie
2989 597 3461 655 submonstraret?

2367 689 2556 752 Trium
2584 691 2794 746 illarum
2819 692 2939 746 loco
2962 693 3262 762 virgarum,
3283 691 3459 746 tribus
3503 690 3727 746 Deitatis
3749 705 3856 762 per-

2291 783 2448 842 sonis
2474 783 2527 837 in
2562 783 2823 839 Ecclesiis
2849 798 3102 840 sermone
3134 784 3433 856 propositis
3465 784 3598 853 (bas
3639 799 3856 853 namque

2296 875 2474 946 palam
2522 874 2829 944 tignrabant
2879 875 3155 934 canalium
3205 873 3394 944 alvei),
3444 873 3771 944 bortansque
3795 874 3855 929 ad

2293 983 2386 1022 cas
2437 968 2676 1031 animum
2756 969 3101 1024 attendentes
3151 967 3354 1037 pietate
3430 966 3600 1021 fetum
3657 973 3854 1027 uterum

2295 1050 2592 1131 gestarent,
2631 1055 2865 1134 optimm
2888 1059 3365 1130 contemplationis
3417 1059 3676 1129 optimam
3711 1057 3858 1112 ratio-

2294 1168 2441 1220 nem,
2465 1154 2742 1233 salubrem
2762 1153 3036 1224 rationem
3065 1162 3129 1209 ut
3147 1153 3506 1217 eniterentur,
3535 1149 3812 1222 praestabat
3836 1166 3852 1215 ;

2293 1260 2404 1317 quo
2437 1246 2504 1303 ad
2553 1260 2827 1316 supernas
2876 1244 3088 1313 caulas,
3124 1245 3270 1301 bono
3300 1243 3396 1298 illo
3422 1241 3670 1312 Pastore,
3722 1257 3856 1306 sutu-

2232 1414 2233 1417 η
2294 1352 2488 1408 meque
2526 1337 2749 1408 provido
2767 1337 3156 1409 Asubmittente,
3201 1337 3521 1392 transirent.

2362 1428 2556 1485 Omnis
2582 1431 2798 1506 generis
2845 1439 3090 1491 terrenas
3119 1428 3426 1490 facultates,
3477 1441 3618 1496 quas
3658 1425 3731 1481 illi
3777 1441 3857 1482 sa-

2268 1519 2516 1590 pientia,
2536 1521 2818 1591 virtusque
2834 1527 3382 1590 paraverat,sutitetts
3398 1535 3413 1582 ;
3430 1527 3593 1585 atque
3607 1517 3857 1572 hactenus

2290 1611 2415 1676 fidei
2475 1627 2602 1680 ope,
2659 1627 2772 1671 non
2821 1613 2935 1695 ipsa
2986 1613 3167 1682 specie
3220 1611 3590 1682 attigelicarum
3618 1606 3856 1666 Potesta-

2289 1715 2406 1760 tum
2445 1707 2643 1762 castris
2696 1705 3093 1764 humanissime
3123 1706 3411 1774 acceptus,
3457 1702 3508 1765 id
3556 1711 3642 1756 est
3698 1703 3852 1772 stipa-

2292 1806 2425 1871 tus;
2463 1813 2528 1856 ac
2561 1813 2687 1867 cum
2747 1797 2860 1861 Deo
2913 1795 3129 1855 homine
3165 1796 3227 1863 in
3275 1797 3467 1865 spiritu
3517 1809 3848 1872 congressus,

606 1855 816 1956 accepit
844 1853 1081 1958 {Nonne
1109 1855 1198 1910 hic
1223 1870 1443 1958 quoque
1498 1856 1645 1912 illius
1695 1858 2189 1958 crudelitatem-fw
2219 1853 2736 1958 Bmen'sq'ueﬁ'gere
2783 1853 2950 1953 'D'éum
2993 1853 3186 1943 viden;
3250 1853 3449 1949 ne'dum
3497 1853 3840 1955 “ﬂamma

607 1945 782 2015 giens,
812 1946 879 2001 ad
930 1956 1230 2002 materna-nt
1283 1948 1529 2017 domum,
1573 1951 1927 2021 apostolicam
1981 1951 2192 2007 scilicet

607 2036 905 2094 Ecclesium
945 2041 1371 2111 commigravit?
1403 2043 1605 2099 Nonne
1648 2044 1853 2112 scalam
1883 2059 1914 2098 e
1959 2052 2100 2100 terra
2131 2045 2187 2100 in

604 2129 828 2192 caelum,
867 2129 1162 2199 fastigiata,
1197 2147 1262 2188 ac
1311 2148 1434 2203 quae
1478 2133 1775 2190 virtutibus
1805 2133 2186 2201 fabricaretur,

604 2221 761 2289 prius
788 2222 1040 2292 aspexit?
1067 2223 1260 2280 Nonne
1292 2239 1391 2296 per
1413 2241 1558 2293 eam,
1597 2227 1688 2282 Dei
1728 2228 1822 2298 qui
1865 2227 1941 2282 illi
1978 2227 2184 2282 innite-

606 2308 786 2376 batur,
807 2311 1235 2384 angelorumque
1255 2313 1310 2369 in
1335 2329 1399 2370 ea
1417 2317 1829 2372 ascendentium
1876 2331 1942 2372 ac
1961 2317 2187 2372 descen-

603 2399 848 2456 dentium
899 2403 1094 2460 doctus
1143 2413 1228 2461 est
1279 2407 1792 2478 contemplationem
1831 2409 1855 2464 2
1902 2409 2044 2475 Quin
2095 2408 2200 2483 hic,

601 2504 825 2562 quoque
846 2493 1068 2551 iabores
1115 2496 1368 2566 desudat,
1405 2507 1460 2554 at
1494 2514 1604 2554 non
1660 2500 1734 2555 ita
1789 2511 1851 2556 ut
1889 2502 2182 2573 mulierum

600 2591 887 2640 venustate
913 2584 1156 2643 tabescat
1181 2605 1198 2656 ;
1237 2603 1344 2644 non
1375 2588 1496 2659 eius
1522 2592 1700 2662 gratia
1735 2593 2180 2663 pulchritudinis,

599 2688 723 2742 quae
759 2675 826 2730 ad
856 2675 1049 2734 boram
1076 2679 1244 2737 floret
1279 2699 1294 2750 ;
1333 2697 1455 2754 quae
1486 2684 1554 2740 ad
1604 2684 1876 2741 modicum
1927 2686 2178 2755 delectat,
2243 2701 2246 2704 '

599 2768 872 2840 citiusque
912 2773 1237 2841 evanescit;
1305 2792 1484 2847 neque
1533 2777 1678 2848 apud
1727 2776 2034 2841 Labanum,
2085 2777 2180 2835 sed

598 2861 721 2932 ejus
740 2869 1005 2932 nepotem
1034 2863 1252 2935 Moysen
1287 2867 1544 2924 :laborat
1576 2879 1781 2936 autem,
1830 2879 1891 2925 ut
1943 2870 2179 2926 duarum

597 2953 720 3026 eius
750 2953 1006 3020 ﬁliarum,
1039 2961 1240 3013 veteris
1269 2959 1478 3015 scilicet
1531 2959 1771 3030 novique
1821 2961 2175 3031 Testamenti,

596 3045 849 3100 notitiam
875 3045 1171 3117 perfectam
1208 3050 1576 3108 nanciscatur.
1615 3051 1694 3106 Ac
1739 3052 1899 3122 plane
1956 3051 2175 3110 illarum

596 3150 824 3207 compos
854 3136 1119 3206 ellicitur;
1149 3139 1387 3209 primum
1408 3143 1627 3212 quidem
1663 3143 1905 3199 senioris
1937 3144 2178 3211 ;exinde

595 3237 776 3285 autem
807 3231 1065 3301 iunioris.
1122 3232 1210 3288 Sic
1239 3235 1384 3288 enim
1415 3234 1559 3289 forte
1602 3249 1702 3304 par
1734 3244 1891 3301 erat,
1928 3245 1988 3292 ut
2047 3253 2172 3318 cum
2200 3231 2240 3268 ν

595 3322 731 3393 legis
761 3322 914 3392 prius
943 3324 1143 3390 littera,
1187 3339 1252 3381 ac
1300 3335 1414 3381 tum
1452 3343 1578 3383 cum
1626 3328 1822 3398 spiritu
1849 3367 1864 3394 ,
1918 3330 2178 3386 societate

590 3413 932 3485 iungeretur.
988 3416 1093 3470 Par
1119 3426 1256 3480 erat,
1312 3431 1372 3473 ut
1395 3420 1592 3476 veteris
1625 3417 1922 3492 Scriptum
1952 3437 2174 3478 sensum

594 3504 828 3571 facilem,
884 3521 950 3562 ac
996 3509 1329 3578 expeditum,
1380 3524 1483 3566 nec
1537 3511 1831 3568 admodum
1884 3514 2172 3583 pulchrum

594 3607 837 3668 aspectu,
873 3611 1034 3668 atque
1067 3611 1349 3662 venustum
1381 3616 1510 3656 vere
1535 3603 1774 3672 primum
1803 3604 2006 3660 coleret
2039 3605 2175 3672 ;sic~

592 3705 700 3760 que
744 3691 798 3748 in
829 3706 894 3746 co
939 3692 1049 3746 alte
1103 3692 1380 3758 latentem,
1422 3693 1588 3763 inque
1642 3697 1833 3765 gratim
1883 3697 2174 3769 Evangelia

597 3779 882 3845 maniicste
911 3782 1198 3851 proditam,
1239 3782 1539 3847 tortuosum
1574 3785 1720 3839 illam
1761 3801 1830 3841 ac
1872 3786 2168 3857 elegantem

593 3871 860 3932 rationem
905 3871 924 3942 (
973 3872 1065 3925 Dei
1125 3873 1334 3928 scilicet
1395 3873 1550 3930 Verbi
1603 3876 1998 3935 incarnationis
2038 3896 2172 3936 cono

594 3962 995 4030 templa-tionem
1015 3963 1031 4030 )
1051 3965 1204 4020 clare
1230 3976 1596 4032 pernosceret,
1624 3983 1688 4031 ac
1711 3970 1976 4042 diligeret,
2004 3975 2170 4044 inque

589 4051 712 4120 eius
740 4053 1022 4122 amplexus
1071 4056 1238 4107 animi
1279 4055 1554 4124 proposito
1581 4067 1781 4115 rueret.

664 4201 760 4255 llis
811 4203 998 4270 utique
1050 4201 1265 4257 duobus
1322 4207 1662 4262 testamentis
1713 4215 1971 4278 tanquam
2023 4211 2168 4268 veris

594 4304 731 4345 usus
771 4291 1116 4361 coniugibus,
1179 4291 1322 4348 filios
1387 4297 1526 4362 patri
1583 4298 1930 4368 multiplicat.
1986 4302 2165 4362 Animi

592 4383 987 4452 parturiginum
1027 4386 1077 4436 in
1126 4385 1340 4452 spiritu,
1393 4384 1485 4440 Dei
1519 4391 1948 4456 promissionum
1992 4393 2164 4454 haere-

588 4475 705 4541 dcs,
739 4476 937 4532 liberos
965 4487 1232 4546 procreat.
1279 4478 1388 4535 Nec
1413 4480 1464 4533 id
1514 4490 1722 4536 tantum
1767 4498 1899 4540 cura
1958 4488 2162 4543 intenta

2290 1994 2481 2036 verum
2522 1979 2683 2039 etiam
2726 1978 2924 2054 factus,
2955 1995 3052 2050 per
3097 1977 3249 2039 illum
3276 1981 3346 2033 ad
3393 1991 3631 2048 superna
3704 1989 3844 2048 atque
3942 2031 3944 2033 .

2285 2084 2511 2145 paterna
2544 2073 2893 2128 tabernacula
2923 2082 3038 2133 tuto
3067 2071 3412 2132 commeavit.
3467 2098 3478 2105 ~

2355 2164 2473 2222 Hoc
2497 2164 2777 2237 TbeOIOgo
2827 2165 3109 2236 sapientia:
3160 2180 3225 2220 ac
3278 2163 3579 2233 prudentiae
3627 2160 3856 2223 efficitur

2286 2262 2584 2332 specimen.
2643 2259 2826 2316 Virilis
2881 2261 2982 2317 hoc
3019 2258 3212 2325 animi,
3253 2255 3523 2328 fortisque
3578 2255 3854 2328 praeludio,

2286 2369 2398 2408 rem
2434 2355 2697 2411 adversus
2719 2355 3007 2418 haereticos
3053 2364 3277 2408 strenue
3333 2352 3626 2423 gerendam
3679 2350 3855 2406 fauste

2283 2449 2624 2519 anapicatus,
2655 2447 2728 2502 ita
2762 2463 2822 2513 se
2859 2447 2924 2502 ad
2966 2446 3292 2517 perfectiora
3359 2455 3694 2527 aspectuque
3743 2445 3858 2527 ipso

2286 2541 2544 2599 terribilia
2571 2541 2871 2597 certamina
2914 2539 3170 2610 accingit.
3210 2537 3288 2593 Ac
3325 2525 3469 2594 sicut
3514 2525 3858 2610 pugnacissi-

2282 2632 2356 2687 mi
2384 2633 2620 2699 athletae,
2653 2649 2760 2687 non
2802 2648 2834 2688 a
2861 2632 3039 2703 primo
3099 2634 3282 2686 statim
3312 2631 3690 2699 experimento
3743 2632 3856 2686 for-

2274 2725 2513 2788 tioribus
2535 2725 2868 2781 adversariis
2915 2723 3350 2794 congrediuntur
3373 2723 3501 2787 ;sed
3529 2734 3656 2780 ante
3684 2738 3880 2795 pugna.

2279 2834 2404 2875 cum
2436 2819 2503 2874 iis
2529 2819 2625 2890 qui
2673 2818 2962 2887 debiliores
2989 2828 3120 2874 sunt
3151 2818 3426 2890 tyrocinio
3471 2819 3708 2888 quodam
3731 2834 3860 2873 eru-

2278 2913 2403 2978 diti,
2446 2898 2859 2984 maioribusque
2908 2911 3129 2970 abunde
3160 2911 3552 2971 luctaminibus
3601 2909 3860 2977 instituti,

2279 3005 2352 3081 ita
2383 3005 2603 3074 demum
2640 3015 2698 3074 ut
2720 3021 2854 3063 eum
2884 3003 3286 3075 potentioribus
3314 3004 3459 3059 vires
3503 3003 3857 3069 contendant,

2277 3099 2332 3154 in
2356 3113 2578 3157 arenam
2611 3094 3083 3169 descenduntrAd
3114 3093 3366 3150 eumdem
3397 3094 3564 3160 etiam
3601 3093 3712 3150 fere
3739 3109 3858 3150 mo-

2277 3191 2404 3247 dum
2422 3189 2737 3265 Gregorius,
2758 3189 2992 3260 primum
3007 3187 3060 3245 in
3073 3185 3247 3258 patria
3263 3201 3386 3243 cum
3405 3185 3583 3257 impiis
3599 3200 3855 3256 congress

2277 3297 2393 3347 sus,
2410 3282 2746 3353 rationisque
2765 3281 3034 3350 adversus
3056 3292 3150 3334 eos
3172 3277 3336 3344 lucta,
3353 3291 3418 3332 ac
3442 3274 3679 3330 victoriis
3690 3273 3856 3330 fortis

2277 3375 2474 3445 pugilis
2498 3374 2748 3442 lacertos,
2781 3388 2847 3429 ac
2887 3371 3240 3444 multiplicem
3276 3365 3662 3438 experientiam
3695 3366 3798 3420 ade
3818 3395 3847 3406 -

2273 3476 2400 3541 ptus
2425 3485 2441 3535 ;
2470 3466 2706 3539 deinque
2731 3463 3047 3536 penatibus
3090 3460 3234 3518 felici
3264 3459 3384 3515 vita
3403 3457 3546 3514 exitu
3569 3470 3834 3512 consum-

2276 3548 2458 3623 matis,
2502 3573 2626 3614 cum
2672 3555 2975 3613 laudatorio
3023 3566 3296 3617 sermone,
3325 3559 3438 3606 tum
3483 3545 3643 3618 iustis
3663 3545 3853 3619 legiti—

2273 3653 2381 3707 mis
2430 3649 2782 3722 perfunctus;
2821 3659 3157 3720 paternoque
3209 3658 3372 3717 grege
3429 3641 3578 3698 velut
3623 3640 3680 3695 in
3733 3649 3858 3697 tuta

2272 3745 2500 3807 mandra
2560 3758 2657 3799 sua
2709 3743 2880 3812 ipsius
2959 3725 3234 3809 theologia
3276 3735 3637 3803 communito,
3689 3740 3861 3804 atque

2271 3846 2553 3914 pastorum
2614 3834 2852 3905 Principi
2920 3835 2974 3888 in
3025 3845 3224 3899 manus
3274 3829 3486 3896 relicto,
3520 3827 3638 3899 ipse
3674 3842 3736 3882 se
3784 3825 3852 3890 ad

2272 3913 2526 3999 graviora
2555 3926 2826 3995 sermonis
2862 3938 3051 3986 causa,
3097 3932 3263 3992 atque
3300 3919 3566 3975 doctrina:
3607 3913 3844 3987 pericula

2271 4007 2506 4091 expedit.
2556 4018 2636 4073 Ac
2672 4017 2819 4071 velut
2874 4016 2969 4086 qui
3000 4015 3053 4068 in
3095 4013 3312 4068 modico
3363 4010 3538 4065 lidelis
3575 4007 3849 4090 probatus

2271 4121 2441 4179 esset,
2498 4111 2563 4166 ad
2617 4109 2913 4162 multorum
2961 4121 3021 4162 se
3077 4121 3269 4158 curam
3312 4112 3487 4172 parat.
3533 4100 3859 4169 Relictaquo

2268 4203 2564 4267 Nazianzo,
2595 4211 2738 4258 recta
2765 4200 2831 4255 ad
2860 4193 3047 4255 urbem
3089 4200 3390 4268 Augustam
3416 4195 3518 4251 iter
3544 4193 3855 4249 contendit.

2269 4294 2326 4350 ιιι
2359 4310 2490 4349 vero
2524 4292 2806 4362 temporis,
2835 4291 3024 4362 ingens
3050 4306 3170 4344 cam
3193 4328 3208 4354 ,
3241 4289 3530 4360 gravisque
3563 4289 3860 4350 haereseon

2271 4387 2445 4456 caligo
2477 4387 2750 4440 invaserat
2799 4393 2964 4453 atque
2993 4383 3246 4456 Opplebat
3278 4398 3294 4447 ;
3327 4395 3450 4450 qure
3471 4379 3702 4442 scilicet,
3729 4385 3859 4430 tum

2269 4480 2389 4536 alia
2412 4478 2536 4534 aliis
2565 4485 3024 4546 compugnarent,
3051 4483 3163 4529 tum
3198 4473 3408 4528 veritati
3441 4469 3652 4526 infensa
3678 4469 3863 4524 vehe-

551 4567 722 4638 ‘agit,
749 4578 807 4622 ut
857 4569 1123 4640 suscipiat
1162 4570 1385 4636 liberos,
1436 4571 1783 4630 sublimiores
1839 4576 2047 4633 scilicet
2099 4594 2164 4635 ac
2198 4555 2238 4609 ἶ)
2271 4575 2504 4626 mentius
2549 4573 2662 4624 acie
2707 4573 3039 4640 iugi-iterent.
3076 4558 3167 4622 Sic
3209 4567 3353 4622 enim
3394 4563 3505 4618 fet'e
3553 4577 3864 4630 compara-

585 4660 859 4730 spiritales
887 4665 1018 4728 ;.sed
1051 4673 1120 4727 ut
1168 4664 1332 4717 etiam
1379 4665 1644 4733 mancipia
1683 4669 1956 4737 acquirat;
2003 4671 2165 4732 nimi-

588 4767 708 4806 rum
757 4755 973 4824 corpori
1030 4754 1326 4809 viciniores
1388 4771 1454 4811 ac
1505 4757 1841 4814 humiliores.
1875 4759 1970 4815 llis
2012 4763 2157 4832 enim

584 4844 676 4899 ille
705 4860 806 4915 pro
840 4844 926 4899 sui
983 4846 1194 4900 ratione
1236 4846 1511 4914 spiritales
1551 4849 1653 4904 sibi
1705 4865 1769 4905 ac
1824 4853 2159 4910 immortales

581 4935 798 4992 divitias
828 4945 999 5005 parat.
1033 4935 1168 4991 Nam
1217 4939 1332 5008 ipse
1359 4956 1596 5011 quoque,
1638 4945 1823 5006 paucis
1864 4948 2155 5002 admodum

578 5041 644 5082 ac
701 5027 850 5081 brevi
909 5042 1138 5082 numero
1181 5031 1450 5106 creditis,
1499 5032 1828 5103 solertiaque
1875 5051 1937 5092 ac
1973 5038 2158 5093 labore

578 5121 635 5175 in
686 5123 922 5192 amplam
972 5136 1137 5192 grege
1190 5135 1445 5192 provecto
1488 5124 1767 5191 sobolem;
1805 5142 1912 5183 non
1947 5143 2156 5185 omnes

578 5213 839 5267 intercedis
869 5215 992 5268 loco
1016 5215 1172 5267 datos
1228 5215 1318 5285 qui
1353 5220 1639 5271 revertenti
1670 5219 1723 5270 in
1758 5229 2034 5288 paternam
2058 5222 2156 5274 do-

576 5321 728 5360 mum
756 5321 862 5360 una
901 5308 1132 5361 comites
1180 5317 1385 5373 essent,
1439 5310 1533 5364 sed
1596 5310 1796 5365 electos
1847 5312 2148 5380 duntaxat;

577 5413 677 5451 nec
708 5399 803 5467 qui
832 5407 953 5454 nota
978 5409 1249 5463 carerent,
1302 5400 1397 5453 sed
1445 5402 1538 5481 qui
1586 5411 1762 5456 essent
1794 5403 2057 5474 insigniti,
2094 5407 2149 5460 in
2179 5443 2185 5448 -

578 5489 794 5543 divinas
854 5490 1154 5557 subductos
1205 5492 1465 5556 rationes,
1513 5503 1674 5561 atque
1714 5493 1862 5548 illius
1905 5497 2148 5565 signatos

575 5584 850 5639 thesauris
898 5585 1246 5652 inteiligens;
1283 5585 1542 5655 quidnam
1577 5587 1840 5641 molitur?
1874 5586 2015 5653 Quin
2049 5605 2144 5658 po-

575 5677 685 5730 tius
738 5690 900 5744 quem
950 5679 1004 5730 in
1057 5661 1276 5732 sensum
1310 5679 1647 5749 provehitur,
1683 5679 1829 5735 illius
1856 5681 2019 5738 ductu
2049 5681 2144 5752 qui

648 5854 697 5883 "
725 5853 858 5908 Gen.
895 5868 1020 5919 nx,
1057 5853 1145 5912 57.

2267 4674 2379 4720 tum
2409 4673 2512 4729 est,
2547 4673 2607 4718 ut
2635 4664 2824 4717 vitium
2893 4669 3057 4732 atque
3092 4663 3352 4736 pravitas,
3393 4653 3592 4713 nedum
3636 4654 3862 4720 virtuti,

2263 4760 2356 4815 sed
2391 4766 2446 4813 et
2477 4758 2578 4814 sibi
2606 4757 2721 4828 ipsa
2771 4757 2971 4810 acriter
3013 4740 3356 4809 adversetur.
3386 4749 3459 4806 lis
3508 4759 3688 4805 autem
3751 4746 3862 4819 qui

2267 4863 2469 4908 rectam
2501 4852 2753 4906 tenebant
2780 4851 2940 4905 tidem
2993 4858 3149 4904 atrox
3185 4845 3420 4918 procella
3449 4841 3848 4903 incumbebat;

2262 4948 2635 5015 immensaque
2687 4945 2930 5011 undique
2978 4941 3153 4996 oli‘nsa
3214 4938 3482 4998 anxietas,
3530 4951 3594 4990 ac
3622 4930 3860 4990 consilii

2261 5041 2442 5123 inopia
2485 5053 2622 5099 erat,
2684 5052 2806 5101 cum
2839 5035 3111 5088 neminem
3147 5031 3338 5087 tuenda
3363 5029 3612 5083 doctrina
3665 5037 3864 5080 certa-

2257 5122 2420 5193 minis
2455 5128 2647 5183 ducem
2701 5142 2764 5180 ac
2802 5124 3142 5203 defensorem
3182 5122 3464 5175 baberent.

2334 5221 2503 5293 Igitur
2521 5221 2702 5275 videre
2723 5229 2838 5274 erat
2857 5219 3005 5272 velut
3033 5214 3239 5286 ingenti
3287 5213 3664 5278 immensaque
3684 5221 3874 5261 vora-

2259 5316 2382 5383 gine
2409 5325 2727 5384 exporrecto
2759 5312 2948 5381 pelago
2991 5319 3180 5364 ventos
3211 5320 3332 5362 sese
3378 5304 3514 5358 alios
3565 5301 3687 5355 aliis
3738 5300 3874 5352 im—

2261 5406 2403 5459 mani
2439 5407 2643 5471 impetu
2677 5402 3013 5460 collidentes.
3070 5397 3135 5451 lli
3171 5411 3365 5464 nempe
3396 5392 3696 5447 lenioribus
3728 5390 3875 5459 pri-

2257 5511 2403 5553 mum
2458 5496 2607 5550 auris
2663 5495 2866 5566 aliisut,
2933 5499 3260 5559 versantque
3313 5500 3376 5541 ac
3429 5485 3872 5553 circnmagunl,

2255 5587 2518 5657 paulatim
2555 5587 2846 5656 procellam
2894 5584 3219 5645 attollentes,
3253 5580 3324 5634 ita
3358 5590 3557 5633 tamen,
3597 5583 3655 5627 ut
3709 5588 3880 5629 nec.-

2252 5680 2381 5734 dum
2418 5679 2682 5751 impactus
2730 5677 3025 5734 stridentes
3067 5675 3263 5730 fluctus
3300 5671 3630 5738 dirumpunt.
3693 5663 3876 5720 Tum
