  <div class='ocr_page' id='page_1' title='image "/cluster/home/n/w/nwhite01/storage/ocr_20150623/105/mdp.39015008714183/238.png"; bbox 0 0 4134 6306; ppageno 0'>
   <div class='ocr_carea' id='block_1_1' title="bbox 241 385 339 455">
    <p class='ocr_par' dir='ltr' id='par_1_1' title="bbox 241 385 339 455">
     <span class='ocr_line' id='line_1_1' title="bbox 241 385 339 455; baseline 0 -1"><span class='ocrx_word' id='word_1_1' title='bbox 241 385 339 455; x_wconf 65' lang='grc'><strong>461</strong></span> 
     </span>
    </p>
   </div>
   <div class='ocr_carea' id='block_1_2' title="bbox 953 377 2768 445">
    <p class='ocr_par' dir='ltr' id='par_1_2' title="bbox 953 377 2768 445">
     <span class='ocr_line' id='line_1_2' title="bbox 953 377 2768 445; baseline 0.001 -4"><span class='ocrx_word' id='word_1_2' title='bbox 953 381 1238 444; x_wconf 78' lang='lat' dir='ltr'><strong>ORATiO</strong></span> <span class='ocrx_word' id='word_1_3' title='bbox 1274 383 1403 445; x_wconf 75' lang='lat' dir='ltr'><strong>XX.</strong></span> <span class='ocrx_word' id='word_1_4' title='bbox 1432 381 1602 443; x_wconf 55' lang='grc' dir='ltr'><strong>*ΙΝ</strong></span> <span class='ocrx_word' id='word_1_5' title='bbox 1631 378 1945 441; x_wconf 82' lang='lat' dir='ltr'><strong>LAUDEM</strong></span> <span class='ocrx_word' id='word_1_6' title='bbox 1985 378 2046 441; x_wconf 88' lang='lat' dir='ltr'><strong>S.</strong></span> <span class='ocrx_word' id='word_1_7' title='bbox 2081 377 2462 441; x_wconf 77' lang='lat' dir='ltr'><strong>GREGORII</strong></span> <span class='ocrx_word' id='word_1_8' title='bbox 2492 380 2768 442; x_wconf 86' lang='lat' dir='ltr'><strong>THEOL.</strong></span> 
     </span>
    </p>
   </div>
   <div class='ocr_carea' id='block_1_3' title="bbox 3407 383 3518 448">
    <p class='ocr_par' dir='ltr' id='par_1_3' title="bbox 3407 383 3518 448">
     <span class='ocr_line' id='line_1_3' title="bbox 3407 383 3518 448; baseline 0.009 -1"><span class='ocrx_word' id='word_1_9' title='bbox 3407 383 3518 448; x_wconf 68' lang='grc'><strong>462</strong></span> 
     </span>
    </p>
   </div>
   <div class='ocr_carea' id='block_1_4' title="bbox 248 492 3520 576">
    <p class='ocr_par' dir='ltr' id='par_1_4' title="bbox 248 492 3520 576">
     <span class='ocr_line' id='line_1_4' title="bbox 248 492 3520 576; baseline -0.002 -14"><span class='ocrx_word' id='word_1_10' title='bbox 248 513 465 576; x_wconf 83' lang='lat' dir='ltr'><strong>repente</strong></span> <span class='ocrx_word' id='word_1_11' title='bbox 489 496 722 558; x_wconf 84' lang='lat' dir='ltr'><strong>turbinis</strong></span> <span class='ocrx_word' id='word_1_12' title='bbox 747 502 926 551; x_wconf 77' lang='lat' dir='ltr'><strong>instar</strong></span> <span class='ocrx_word' id='word_1_13' title='bbox 977 495 1235 566; x_wconf 80' lang='lat' dir='ltr'><strong>utrinque</strong></span> <span class='ocrx_word' id='word_1_14' title='bbox 1264 495 1354 548; x_wconf 84' lang='lat' dir='ltr'><strong>alii</strong></span> <span class='ocrx_word' id='word_1_15' title='bbox 1386 495 1508 550; x_wconf 85' lang='lat' dir='ltr'><strong>aliis</strong></span> <span class='ocrx_word' id='word_1_16' title='bbox 1563 495 1824 560; x_wconf 75' lang='lat' dir='ltr'><strong>ingrucn-</strong></span> <span class='ocrx_word' id='word_1_17' title='bbox 1855 501 1903 555; x_wconf 79' lang='grc' dir='ltr'><strong>Λ</strong></span> <span class='ocrx_word' id='word_1_18' title='bbox 1933 493 2080 548; x_wconf 87' lang='lat' dir='ltr'><strong>velut</strong></span> <span class='ocrx_word' id='word_1_19' title='bbox 2115 492 2647 564; x_wconf 79' lang='lat' dir='ltr'><strong>conﬂare;alterum</strong></span> <span class='ocrx_word' id='word_1_20' title='bbox 2677 509 2928 562; x_wconf 88' lang='lat' dir='ltr'><strong>numero,</strong></span> <span class='ocrx_word' id='word_1_21' title='bbox 2957 502 3122 568; x_wconf 88' lang='lat' dir='ltr'><strong>atque</strong></span> <span class='ocrx_word' id='word_1_22' title='bbox 3151 495 3384 554; x_wconf 85' lang='lat' dir='ltr'><strong>alterum</strong></span> <span class='ocrx_word' id='word_1_23' title='bbox 3417 515 3520 555; x_wconf 86' lang='lat' dir='ltr'><strong>na-</strong></span> 
     </span>
    </p>
   </div>
   <div class='ocr_carea' id='block_1_5' title="bbox 251 585 1829 666">
    <p class='ocr_par' dir='ltr' id='par_1_5' title="bbox 251 585 1829 666">
     <span class='ocr_line' id='line_1_5' title="bbox 251 585 1829 666; baseline -0.008 -15"><span class='ocrx_word' id='word_1_24' title='bbox 251 607 355 659; x_wconf 85' lang='lat' dir='ltr'><strong>tes,</strong></span> <span class='ocrx_word' id='word_1_25' title='bbox 385 589 749 666; x_wconf 69' lang='lat' dir='ltr'><strong>atquecoiiisi</strong></span> <span class='ocrx_word' id='word_1_26' title='bbox 784 586 1130 642; x_wconf 82' lang='lat' dir='ltr'><strong>intoleranda</strong></span> <span class='ocrx_word' id='word_1_27' title='bbox 1169 585 1394 642; x_wconf 81' lang='lat' dir='ltr'><strong>ﬂatuum</strong></span> <span class='ocrx_word' id='word_1_28' title='bbox 1425 588 1474 641; x_wconf 81' lang='lat' dir='ltr'><strong>vi</strong></span> <span class='ocrx_word' id='word_1_29' title='bbox 1507 603 1658 642; x_wconf 85' lang='lat' dir='ltr'><strong>mare</strong></span> <span class='ocrx_word' id='word_1_30' title='bbox 1715 595 1829 640; x_wconf 73' lang='lat' dir='ltr'><strong>tum</strong></span> 
     </span>
    </p>
   </div>
   <div class='ocr_carea' id='block_1_6' title="bbox 251 677 1828 751">
    <p class='ocr_par' dir='ltr' id='par_1_6' title="bbox 251 677 1828 751">
     <span class='ocr_line' id='line_1_6' title="bbox 251 677 1828 751; baseline -0.008 -8"><span class='ocrx_word' id='word_1_31' title='bbox 251 686 457 746; x_wconf 77' lang='lat' dir='ltr'><strong>inﬂant,</strong></span> <span class='ocrx_word' id='word_1_32' title='bbox 518 691 742 751; x_wconf 87' lang='lat' dir='ltr'><strong>tumque</strong></span> <span class='ocrx_word' id='word_1_33' title='bbox 791 677 1165 749; x_wconf 77' lang='lat' dir='ltr'><strong>diﬂ‘ringunt;</strong></span> <span class='ocrx_word' id='word_1_34' title='bbox 1213 687 1536 749; x_wconf 74' lang='lat' dir='ltr'><strong>assurgcnte</strong></span> <span class='ocrx_word' id='word_1_35' title='bbox 1585 678 1828 749; x_wconf 68' lang='lat' dir='ltr'><strong>procella</strong></span> 
     </span>
    </p>
   </div>
   <div class='ocr_carea' id='block_1_7' title="bbox 245 771 1834 842">
    <p class='ocr_par' dir='ltr' id='par_1_7' title="bbox 245 771 1834 842">
     <span class='ocr_line' id='line_1_7' title="bbox 245 771 1834 842; baseline -0.006 -7"><span class='ocrx_word' id='word_1_36' title='bbox 245 793 312 835; x_wconf 85' lang='lat' dir='ltr'><strong>ac</strong></span> <span class='ocrx_word' id='word_1_37' title='bbox 341 777 640 835; x_wconf 82' lang='lat' dir='ltr'><strong>desidente,</strong></span> <span class='ocrx_word' id='word_1_38' title='bbox 684 771 1119 842; x_wconf 72' lang='lat' dir='ltr'><strong>interceptisque</strong></span> <span class='ocrx_word' id='word_1_39' title='bbox 1175 771 1408 827; x_wconf 76' lang='lat' dir='ltr'><strong>navibus</strong></span> <span class='ocrx_word' id='word_1_40' title='bbox 1442 772 1644 842; x_wconf 84' lang='lat' dir='ltr'><strong>pariter</strong></span> <span class='ocrx_word' id='word_1_41' title='bbox 1673 772 1726 826; x_wconf 90' lang='lat' dir='ltr'><strong>in</strong></span> <span class='ocrx_word' id='word_1_42' title='bbox 1751 771 1834 826; x_wconf 84' lang='lat' dir='ltr'><strong>al-</strong></span> 
     </span>
    </p>
   </div>
   <div class='ocr_carea' id='block_1_8' title="bbox 244 861 1832 935">
    <p class='ocr_par' dir='ltr' id='par_1_8' title="bbox 244 861 1832 935">
     <span class='ocr_line' id='line_1_8' title="bbox 244 861 1832 935; baseline -0.006 -11"><span class='ocrx_word' id='word_1_43' title='bbox 244 879 356 924; x_wconf 84' lang='lat' dir='ltr'><strong>tum</strong></span> <span class='ocrx_word' id='word_1_44' title='bbox 404 867 658 928; x_wconf 81' lang='lat' dir='ltr'><strong>sublatis,</strong></span> <span class='ocrx_word' id='word_1_45' title='bbox 700 864 923 933; x_wconf 86' lang='lat' dir='ltr'><strong>imoque</strong></span> <span class='ocrx_word' id='word_1_46' title='bbox 981 862 1278 932; x_wconf 75' lang='lat' dir='ltr'><strong>depressis,</strong></span> <span class='ocrx_word' id='word_1_47' title='bbox 1336 871 1504 935; x_wconf 84' lang='lat' dir='ltr'><strong>atque</strong></span> <span class='ocrx_word' id='word_1_48' title='bbox 1566 861 1832 918; x_wconf 79' lang='lat' dir='ltr'><strong>ﬂuctuum</strong></span> 
     </span>
    </p>
   </div>
   <div class='ocr_carea' id='block_1_9' title="bbox 239 956 1276 1028">
    <p class='ocr_par' dir='ltr' id='par_1_9' title="bbox 239 956 1276 1028">
     <span class='ocr_line' id='line_1_9' title="bbox 239 956 1276 1028; baseline -0.009 -11"><span class='ocrx_word' id='word_1_49' title='bbox 239 959 604 1023; x_wconf 87' lang='lat' dir='ltr'><strong>immanitate,</strong></span> <span class='ocrx_word' id='word_1_50' title='bbox 635 956 916 1028; x_wconf 57' lang='lat' dir='ltr'><strong>astusque</strong></span> <span class='ocrx_word' id='word_1_51' title='bbox 949 956 1276 1011; x_wconf 79' lang='lat' dir='ltr'><strong>submersis.</strong></span> 
     </span>
    </p>
   </div>
   <div class='ocr_carea' id='block_1_10' title="bbox 308 1045 1838 1118">
    <p class='ocr_par' dir='ltr' id='par_1_10' title="bbox 308 1045 1838 1118">
     <span class='ocr_line' id='line_1_10' title="bbox 308 1045 1838 1118; baseline -0.003 -12"><span class='ocrx_word' id='word_1_52' title='bbox 308 1049 525 1106; x_wconf 80' lang='lat' dir='ltr'><strong>Similis</strong></span> <span class='ocrx_word' id='word_1_53' title='bbox 564 1049 812 1118; x_wconf 76' lang='lat' dir='ltr'><strong>quaedam</strong></span> <span class='ocrx_word' id='word_1_54' title='bbox 853 1057 966 1106; x_wconf 85' lang='lat' dir='ltr'><strong>tum</strong></span> <span class='ocrx_word' id='word_1_55' title='bbox 1011 1055 1307 1114; x_wconf 63' lang='lat' dir='ltr'><strong>tempestas</strong></span> <span class='ocrx_word' id='word_1_56' title='bbox 1357 1045 1705 1102; x_wconf 76' lang='lat' dir='ltr'><strong>Constantini</strong></span> <span class='ocrx_word' id='word_1_57' title='bbox 1747 1061 1838 1102; x_wconf 88' lang='lat' dir='ltr'><strong>ur-</strong></span> 
     </span>
    </p>
   </div>
   <div class='ocr_carea' id='block_1_11' title="bbox 233 1138 1834 1210">
    <p class='ocr_par' dir='ltr' id='par_1_11' title="bbox 233 1138 1834 1210">
     <span class='ocr_line' id='line_1_11' title="bbox 233 1138 1834 1210; baseline -0.003 -10"><span class='ocrx_word' id='word_1_58' title='bbox 233 1145 364 1200; x_wconf 84' lang='lat' dir='ltr'><strong>bem</strong></span> <span class='ocrx_word' id='word_1_59' title='bbox 415 1143 751 1209; x_wconf 74' lang='lat' dir='ltr'><strong>invaserat;</strong></span> <span class='ocrx_word' id='word_1_60' title='bbox 813 1139 1173 1208; x_wconf 79' lang='lat' dir='ltr'><strong>aequissimis</strong></span> <span class='ocrx_word' id='word_1_61' title='bbox 1229 1139 1440 1196; x_wconf 86' lang='lat' dir='ltr'><strong>scilicet</strong></span> <span class='ocrx_word' id='word_1_62' title='bbox 1504 1138 1834 1210; x_wconf 85' lang='lat' dir='ltr'><strong>spiritibus,</strong></span> 
     </span>
    </p>
   </div>
   <div class='ocr_carea' id='block_1_12' title="bbox 233 1230 1834 1306">
    <p class='ocr_par' dir='ltr' id='par_1_12' title="bbox 233 1230 1834 1306">
     <span class='ocr_line' id='line_1_12' title="bbox 233 1230 1834 1306; baseline -0.002 -16"><span class='ocrx_word' id='word_1_63' title='bbox 233 1235 600 1291; x_wconf 78' lang='lat' dir='ltr'><strong>adversantes</strong></span> <span class='ocrx_word' id='word_1_64' title='bbox 631 1233 868 1306; x_wconf 68' lang='lat' dir='ltr'><strong>linguas,</strong></span> <span class='ocrx_word' id='word_1_65' title='bbox 894 1249 960 1288; x_wconf 86' lang='lat' dir='ltr'><strong>ac</strong></span> <span class='ocrx_word' id='word_1_66' title='bbox 998 1239 1212 1289; x_wconf 79' lang='lat' dir='ltr'><strong>mentes</strong></span> <span class='ocrx_word' id='word_1_67' title='bbox 1250 1230 1387 1287; x_wconf 88' lang='lat' dir='ltr'><strong>alias</strong></span> <span class='ocrx_word' id='word_1_68' title='bbox 1414 1231 1540 1285; x_wconf 86' lang='lat' dir='ltr'><strong>aliis</strong></span> <span class='ocrx_word' id='word_1_69' title='bbox 1580 1231 1834 1287; x_wconf 83' lang='lat' dir='ltr'><strong>commit-</strong></span> 
     </span>
    </p>
   </div>
   <div class='ocr_carea' id='block_1_13' title="bbox 235 1324 1839 1396">
    <p class='ocr_par' dir='ltr' id='par_1_13' title="bbox 235 1324 1839 1396">
     <span class='ocr_line' id='line_1_13' title="bbox 235 1324 1839 1396; baseline -0.001 -14"><span class='ocrx_word' id='word_1_70' title='bbox 235 1327 492 1384; x_wconf 85' lang='lat' dir='ltr'><strong>tentibus</strong></span> <span class='ocrx_word' id='word_1_71' title='bbox 517 1343 534 1393; x_wconf 89' lang='lat'><strong>;</strong></span> <span class='ocrx_word' id='word_1_72' title='bbox 565 1342 630 1382; x_wconf 88' lang='lat' dir='ltr'><strong>ac</strong></span> <span class='ocrx_word' id='word_1_73' title='bbox 655 1341 1002 1383; x_wconf 86' lang='lat' dir='ltr'><strong>cum-omnes</strong></span> <span class='ocrx_word' id='word_1_74' title='bbox 1031 1325 1294 1396; x_wconf 83' lang='lat' dir='ltr'><strong>loquendi</strong></span> <span class='ocrx_word' id='word_1_75' title='bbox 1332 1325 1599 1382; x_wconf 87' lang='lat' dir='ltr'><strong>immensa</strong></span> <span class='ocrx_word' id='word_1_76' title='bbox 1656 1324 1839 1396; x_wconf 85' lang='lat' dir='ltr'><strong>pruri-</strong></span> 
     </span>
    </p>
   </div>
   <div class='ocr_carea' id='block_1_14' title="bbox 232 1419 1838 1492">
    <p class='ocr_par' dir='ltr' id='par_1_14' title="bbox 232 1419 1838 1492">
     <span class='ocr_line' id='line_1_14' title="bbox 232 1419 1838 1492; baseline -0.001 -17"><span class='ocrx_word' id='word_1_77' title='bbox 232 1422 389 1492; x_wconf 75' lang='lat' dir='ltr'><strong>gine,</strong></span> <span class='ocrx_word' id='word_1_78' title='bbox 416 1436 483 1476; x_wconf 85' lang='lat' dir='ltr'><strong>ac</strong></span> <span class='ocrx_word' id='word_1_79' title='bbox 513 1421 762 1485; x_wconf 86' lang='lat' dir='ltr'><strong>libidine,</strong></span> <span class='ocrx_word' id='word_1_80' title='bbox 791 1421 1093 1492; x_wconf 85' lang='lat' dir='ltr'><strong>pronisque</strong></span> <span class='ocrx_word' id='word_1_81' title='bbox 1124 1420 1502 1478; x_wconf 81' lang='lat' dir='ltr'><strong>molitionibus</strong></span> <span class='ocrx_word' id='word_1_82' title='bbox 1525 1420 1713 1476; x_wconf 80' lang='lat' dir='ltr'><strong>litibus</strong></span> <span class='ocrx_word' id='word_1_83' title='bbox 1743 1419 1838 1476; x_wconf 88' lang='lat' dir='ltr'><strong>alii</strong></span> 
     </span>
    </p>
   </div>
   <div class='ocr_carea' id='block_1_15' title="bbox 234 1512 1837 1585">
    <p class='ocr_par' dir='ltr' id='par_1_15' title="bbox 234 1512 1837 1585">
     <span class='ocr_line' id='line_1_15' title="bbox 234 1512 1837 1585; baseline -0.001 -17"><span class='ocrx_word' id='word_1_84' title='bbox 234 1515 383 1569; x_wconf 85' lang='lat' dir='ltr'><strong>alios</strong></span> <span class='ocrx_word' id='word_1_85' title='bbox 405 1512 744 1585; x_wconf 76' lang='lat' dir='ltr'><strong>ditl’ringere,</strong></span> <span class='ocrx_word' id='word_1_86' title='bbox 765 1527 828 1567; x_wconf 80' lang='lat' dir='ltr'><strong>ac</strong></span> <span class='ocrx_word' id='word_1_87' title='bbox 841 1513 1198 1584; x_wconf 79' lang='lat' dir='ltr'><strong>pessumdare</strong></span> <span class='ocrx_word' id='word_1_88' title='bbox 1225 1512 1454 1583; x_wconf 84' lang='lat' dir='ltr'><strong>superbe</strong></span> <span class='ocrx_word' id='word_1_89' title='bbox 1477 1513 1837 1570; x_wconf 85' lang='lat' dir='ltr'><strong>conniteban-</strong></span> 
     </span>
    </p>
   </div>
   <div class='ocr_carea' id='block_1_16' title="bbox 235 1604 1840 1676">
    <p class='ocr_par' dir='ltr' id='par_1_16' title="bbox 235 1604 1840 1676">
     <span class='ocr_line' id='line_1_16' title="bbox 235 1604 1840 1676; baseline 0.001 -16"><span class='ocrx_word' id='word_1_90' title='bbox 235 1615 330 1663; x_wconf 90' lang='lat' dir='ltr'><strong>tur</strong></span> <span class='ocrx_word' id='word_1_91' title='bbox 363 1624 380 1663; x_wconf 87' lang='lat'><strong>:</strong></span> <span class='ocrx_word' id='word_1_92' title='bbox 417 1605 465 1660; x_wconf 88' lang='lat' dir='ltr'><strong>si</strong></span> <span class='ocrx_word' id='word_1_93' title='bbox 496 1621 617 1676; x_wconf 70' lang='lat' dir='ltr'><strong>quae</strong></span> <span class='ocrx_word' id='word_1_94' title='bbox 644 1621 777 1662; x_wconf 86' lang='lat' dir='ltr'><strong>vero</strong></span> <span class='ocrx_word' id='word_1_95' title='bbox 802 1622 930 1676; x_wconf 85' lang='lat' dir='ltr'><strong>pars</strong></span> <span class='ocrx_word' id='word_1_96' title='bbox 987 1615 1149 1660; x_wconf 65' lang='lat' dir='ltr'><strong>rectie</strong></span> <span class='ocrx_word' id='word_1_97' title='bbox 1187 1604 1311 1661; x_wconf 80' lang='lat' dir='ltr'><strong>ﬁdei</strong></span> <span class='ocrx_word' id='word_1_98' title='bbox 1348 1605 1568 1662; x_wconf 87' lang='lat' dir='ltr'><strong>addicta</strong></span> <span class='ocrx_word' id='word_1_99' title='bbox 1606 1607 1661 1663; x_wconf 88' lang='lat' dir='ltr'><strong>in</strong></span> <span class='ocrx_word' id='word_1_100' title='bbox 1690 1615 1840 1665; x_wconf 80' lang='lat' dir='ltr'><strong>tanta</strong></span> 
     </span>
    </p>
   </div>
   <div class='ocr_carea' id='block_1_17' title="bbox 240 1698 1844 1771">
    <p class='ocr_par' dir='ltr' id='par_1_17' title="bbox 240 1698 1844 1771">
     <span class='ocr_line' id='line_1_17' title="bbox 240 1698 1844 1771; baseline 0.001 -16"><span class='ocrx_word' id='word_1_101' title='bbox 240 1700 532 1756; x_wconf 85' lang='lat' dir='ltr'><strong>hominum</strong></span> <span class='ocrx_word' id='word_1_102' title='bbox 569 1699 733 1755; x_wconf 85' lang='lat' dir='ltr'><strong>turba</strong></span> <span class='ocrx_word' id='word_1_103' title='bbox 759 1699 974 1766; x_wconf 87' lang='lat' dir='ltr'><strong>reliqua</strong></span> <span class='ocrx_word' id='word_1_104' title='bbox 1001 1706 1141 1762; x_wconf 82' lang='lat' dir='ltr'><strong>erat,</strong></span> <span class='ocrx_word' id='word_1_105' title='bbox 1182 1713 1303 1753; x_wconf 85' lang='lat' dir='ltr'><strong>eam</strong></span> <span class='ocrx_word' id='word_1_106' title='bbox 1335 1712 1472 1754; x_wconf 80' lang='lat' dir='ltr'><strong>vero</strong></span> <span class='ocrx_word' id='word_1_107' title='bbox 1527 1698 1844 1771; x_wconf 80' lang='lat' dir='ltr'><strong>opprimere</strong></span> 
     </span>
    </p>
   </div>
   <div class='ocr_carea' id='block_1_18' title="bbox 233 1790 1554 1864">
    <p class='ocr_par' dir='ltr' id='par_1_18' title="bbox 233 1790 1554 1864">
     <span class='ocr_line' id='line_1_18' title="bbox 233 1790 1554 1864; baseline -0.002 -14"><span class='ocrx_word' id='word_1_108' title='bbox 233 1809 304 1850; x_wconf 88' lang='lat' dir='ltr'><strong>ac</strong></span> <span class='ocrx_word' id='word_1_109' title='bbox 331 1793 658 1864; x_wconf 80' lang='lat' dir='ltr'><strong>perditionis</strong></span> <span class='ocrx_word' id='word_1_110' title='bbox 689 1791 801 1846; x_wconf 87' lang='lat' dir='ltr'><strong>aito</strong></span> <span class='ocrx_word' id='word_1_111' title='bbox 833 1805 1082 1862; x_wconf 79' lang='lat' dir='ltr'><strong>mergere</strong></span> <span class='ocrx_word' id='word_1_112' title='bbox 1118 1790 1554 1847; x_wconf 75' lang='lat' dir='ltr'><strong>contendebant.</strong></span> 
     </span>
    </p>
   </div>
   <div class='ocr_carea' id='block_1_19' title="bbox 1937 585 2321 642">
    <p class='ocr_par' dir='ltr' id='par_1_19' title="bbox 1937 585 2321 642">
     <span class='ocr_line' id='line_1_19' title="bbox 1937 585 2321 642; baseline 0.003 -2"><span class='ocrx_word' id='word_1_113' title='bbox 1937 596 2070 640; x_wconf 69' lang='lat' dir='ltr'><strong>tunc</strong></span> <span class='ocrx_word' id='word_1_114' title='bbox 2089 585 2321 642; x_wconf 80' lang='lat' dir='ltr'><strong>ratione.</strong></span> 
     </span>
    </p>
   </div>
   <div class='ocr_carea' id='block_1_20' title="bbox 2009 676 3522 749">
    <p class='ocr_par' dir='ltr' id='par_1_20' title="bbox 2009 676 3522 749">
     <span class='ocr_line' id='line_1_20' title="bbox 2009 676 3522 749; baseline 0.006 -19"><span class='ocrx_word' id='word_1_115' title='bbox 2009 676 2147 730; x_wconf 86' lang='lat' dir='ltr'><strong>Nam</strong></span> <span class='ocrx_word' id='word_1_116' title='bbox 2173 691 2434 733; x_wconf 78' lang='lat' dir='ltr'><strong>excessus</strong></span> <span class='ocrx_word' id='word_1_117' title='bbox 2459 677 2705 749; x_wconf 83' lang='lat' dir='ltr'><strong>quidem,</strong></span> <span class='ocrx_word' id='word_1_118' title='bbox 2742 676 3014 747; x_wconf 75' lang='lat' dir='ltr'><strong>defectui;</strong></span> <span class='ocrx_word' id='word_1_119' title='bbox 3039 678 3288 738; x_wconf 81' lang='lat' dir='ltr'><strong>deiectus</strong></span> <span class='ocrx_word' id='word_1_120' title='bbox 3321 683 3522 739; x_wconf 80' lang='lat' dir='ltr'><strong>adver-</strong></span> 
     </span>
    </p>
   </div>
   <div class='ocr_carea' id='block_1_21' title="bbox 1935 768 3526 838">
    <p class='ocr_par' dir='ltr' id='par_1_21' title="bbox 1935 768 3526 838">
     <span class='ocr_line' id='line_1_21' title="bbox 1935 768 3526 838; baseline 0.005 -16"><span class='ocrx_word' id='word_1_121' title='bbox 1935 779 2090 823; x_wconf 83' lang='lat' dir='ltr'><strong>satur</strong></span> <span class='ocrx_word' id='word_1_122' title='bbox 2116 768 2365 825; x_wconf 81' lang='lat' dir='ltr'><strong>excessui</strong></span> <span class='ocrx_word' id='word_1_123' title='bbox 2399 785 2414 824; x_wconf 84' lang='lat'><strong>:</strong></span> <span class='ocrx_word' id='word_1_124' title='bbox 2448 769 2614 826; x_wconf 87' lang='lat' dir='ltr'><strong>ambo</strong></span> <span class='ocrx_word' id='word_1_125' title='bbox 2646 779 2828 827; x_wconf 83' lang='lat' dir='ltr'><strong>autem</strong></span> <span class='ocrx_word' id='word_1_126' title='bbox 2855 771 3244 828; x_wconf 84' lang='lat' dir='ltr'><strong>immoderatio</strong></span> <span class='ocrx_word' id='word_1_127' title='bbox 3273 784 3424 838; x_wconf 87' lang='lat' dir='ltr'><strong>sunt,</strong></span> <span class='ocrx_word' id='word_1_128' title='bbox 3455 790 3526 831; x_wconf 84' lang='lat' dir='ltr'><strong>ac</strong></span> 
     </span>
    </p>
   </div>
   <div class='ocr_carea' id='block_1_22' title="bbox 1939 859 3525 934">
    <p class='ocr_par' dir='ltr' id='par_1_22' title="bbox 1939 859 3525 934">
     <span class='ocr_line' id='line_1_22' title="bbox 1939 859 3525 934; baseline 0.004 -19"><span class='ocrx_word' id='word_1_129' title='bbox 1939 859 2322 931; x_wconf 87' lang='lat' dir='ltr'><strong>impropo&#39;rtio,</strong></span> <span class='ocrx_word' id='word_1_130' title='bbox 2353 861 2611 930; x_wconf 81' lang='lat' dir='ltr'><strong>velutque</strong></span> <span class='ocrx_word' id='word_1_131' title='bbox 2675 878 2844 919; x_wconf 87' lang='lat' dir='ltr'><strong>unum</strong></span> <span class='ocrx_word' id='word_1_132' title='bbox 2886 871 3108 934; x_wconf 83' lang='lat' dir='ltr'><strong>accepta</strong></span> <span class='ocrx_word' id='word_1_133' title='bbox 3134 863 3356 930; x_wconf 83' lang='lat' dir='ltr'><strong>vitium,</strong></span> <span class='ocrx_word' id='word_1_134' title='bbox 3395 881 3525 922; x_wconf 84' lang='lat' dir='ltr'><strong>cum</strong></span> 
     </span>
    </p>
   </div>
   <div class='ocr_carea' id='block_1_23' title="bbox 1937 955 3525 1026">
    <p class='ocr_par' dir='ltr' id='par_1_23' title="bbox 1937 955 3525 1026">
     <span class='ocr_line' id='line_1_23' title="bbox 1937 955 3525 1026; baseline 0.001 -18"><span class='ocrx_word' id='word_1_135' title='bbox 1937 969 2022 1019; x_wconf 87' lang='lat' dir='ltr'><strong>ea,</strong></span> <span class='ocrx_word' id='word_1_136' title='bbox 2057 970 2180 1026; x_wconf 65' lang='lat' dir='ltr'><strong>quae</strong></span> <span class='ocrx_word' id='word_1_137' title='bbox 2200 971 2263 1010; x_wconf 79' lang='lat' dir='ltr'><strong>ex</strong></span> <span class='ocrx_word' id='word_1_138' title='bbox 2297 964 2448 1012; x_wconf 88' lang='lat' dir='ltr'><strong>recta</strong></span> <span class='ocrx_word' id='word_1_139' title='bbox 2496 955 2897 1014; x_wconf 77' lang='lat' dir='ltr'><strong>mediocritatis</strong></span> <span class='ocrx_word' id='word_1_140' title='bbox 2941 958 3159 1014; x_wconf 80' lang='lat' dir='ltr'><strong>ratione</strong></span> <span class='ocrx_word' id='word_1_141' title='bbox 3219 957 3525 1014; x_wconf 83' lang='lat' dir='ltr'><strong>moderatio</strong></span> 
     </span>
    </p>
   </div>
   <div class='ocr_carea' id='block_1_24' title="bbox 1938 1049 3526 1123">
    <p class='ocr_par' dir='ltr' id='par_1_24' title="bbox 1938 1049 3526 1123">
     <span class='ocr_line' id='line_1_24' title="bbox 1938 1049 3526 1123; baseline 0.004 -21"><span class='ocrx_word' id='word_1_142' title='bbox 1938 1061 2005 1102; x_wconf 86' lang='lat' dir='ltr'><strong>ac</strong></span> <span class='ocrx_word' id='word_1_143' title='bbox 2035 1049 2321 1119; x_wconf 81' lang='lat' dir='ltr'><strong>preportio</strong></span> <span class='ocrx_word' id='word_1_144' title='bbox 2342 1049 2616 1116; x_wconf 77' lang='lat' dir='ltr'><strong>consistit,</strong></span> <span class='ocrx_word' id='word_1_145' title='bbox 2647 1050 2798 1106; x_wconf 83' lang='lat' dir='ltr'><strong>velut</strong></span> <span class='ocrx_word' id='word_1_146' title='bbox 2833 1065 2958 1106; x_wconf 77' lang='lat' dir='ltr'><strong>cum</strong></span> <span class='ocrx_word' id='word_1_147' title='bbox 3011 1053 3214 1108; x_wconf 85' lang='lat' dir='ltr'><strong>virtute</strong></span> <span class='ocrx_word' id='word_1_148' title='bbox 3258 1064 3526 1123; x_wconf 70' lang='lat' dir='ltr'><strong>pugnant.</strong></span> 
     </span>
    </p>
   </div>
   <div class='ocr_carea' id='block_1_25' title="bbox 1938 1139 3532 1212">
    <p class='ocr_par' dir='ltr' id='par_1_25' title="bbox 1938 1139 3532 1212">
     <span class='ocr_line' id='line_1_25' title="bbox 1938 1139 3532 1212; baseline 0.004 -19"><span class='ocrx_word' id='word_1_149' title='bbox 1938 1139 1999 1194; x_wconf 88' lang='lat' dir='ltr'><strong>in</strong></span> <span class='ocrx_word' id='word_1_150' title='bbox 2043 1155 2167 1194; x_wconf 88' lang='lat' dir='ltr'><strong>cum</strong></span> <span class='ocrx_word' id='word_1_151' title='bbox 2201 1139 2423 1196; x_wconf 86' lang='lat' dir='ltr'><strong>modum</strong></span> <span class='ocrx_word' id='word_1_152' title='bbox 2471 1156 2725 1212; x_wconf 82' lang='lat' dir='ltr'><strong>perversa</strong></span> <span class='ocrx_word' id='word_1_153' title='bbox 2771 1141 2985 1212; x_wconf 87' lang='lat' dir='ltr'><strong>opinio,</strong></span> <span class='ocrx_word' id='word_1_154' title='bbox 3021 1143 3222 1200; x_wconf 87' lang='lat' dir='ltr'><strong>nedum</strong></span> <span class='ocrx_word' id='word_1_155' title='bbox 3279 1153 3339 1200; x_wconf 87' lang='lat' dir='ltr'><strong>ut</strong></span> <span class='ocrx_word' id='word_1_156' title='bbox 3371 1152 3532 1200; x_wconf 66' lang='lat' dir='ltr'><strong>rectm</strong></span> 
     </span>
    </p>
   </div>
   <div class='ocr_carea' id='block_1_26' title="bbox 1941 1229 3533 1305">
    <p class='ocr_par' dir='ltr' id='par_1_26' title="bbox 1941 1229 3533 1305">
     <span class='ocr_line' id='line_1_26' title="bbox 1941 1229 3533 1305; baseline 0.004 -21"><span class='ocrx_word' id='word_1_157' title='bbox 1941 1229 2282 1298; x_wconf 82' lang='lat' dir='ltr'><strong>adversetur,</strong></span> <span class='ocrx_word' id='word_1_158' title='bbox 2329 1232 2425 1289; x_wconf 89' lang='lat' dir='ltr'><strong>sed</strong></span> <span class='ocrx_word' id='word_1_159' title='bbox 2476 1241 2540 1288; x_wconf 87' lang='lat' dir='ltr'><strong>ut</strong></span> <span class='ocrx_word' id='word_1_160' title='bbox 2570 1235 2737 1289; x_wconf 89' lang='lat' dir='ltr'><strong>etiam</strong></span> <span class='ocrx_word' id='word_1_161' title='bbox 2768 1249 2953 1304; x_wconf 70' lang='lat' dir='ltr'><strong>pravae</strong></span> <span class='ocrx_word' id='word_1_162' title='bbox 2990 1234 3270 1292; x_wconf 83' lang='lat' dir='ltr'><strong>contraria</strong></span> <span class='ocrx_word' id='word_1_163' title='bbox 3332 1235 3428 1305; x_wconf 87' lang='lat' dir='ltr'><strong>sit,</strong></span> <span class='ocrx_word' id='word_1_164' title='bbox 3461 1250 3533 1291; x_wconf 81' lang='lat' dir='ltr'><strong>ex</strong></span> 
     </span>
    </p>
   </div>
   <div class='ocr_carea' id='block_1_27' title="bbox 1940 1322 3530 1400">
    <p class='ocr_par' dir='ltr' id='par_1_27' title="bbox 1940 1322 3530 1400">
     <span class='ocr_line' id='line_1_27' title="bbox 1940 1322 3530 1400; baseline 0.004 -22"><span class='ocrx_word' id='word_1_165' title='bbox 1940 1332 2136 1378; x_wconf 79' lang='lat' dir='ltr'><strong>natura</strong></span> <span class='ocrx_word' id='word_1_166' title='bbox 2165 1324 2348 1381; x_wconf 82' lang='lat' dir='ltr'><strong>habet.</strong></span> <span class='ocrx_word' id='word_1_167' title='bbox 2376 1322 2418 1380; x_wconf 81' lang='lat' dir='ltr'><strong>li</strong></span> <span class='ocrx_word' id='word_1_168' title='bbox 2452 1325 2642 1398; x_wconf 78' lang='lat' dir='ltr'><strong>igitur,</strong></span> <span class='ocrx_word' id='word_1_169' title='bbox 2674 1327 2730 1383; x_wconf 91' lang='lat' dir='ltr'><strong>in</strong></span> <span class='ocrx_word' id='word_1_170' title='bbox 2763 1342 2830 1383; x_wconf 87' lang='lat' dir='ltr'><strong>ea</strong></span> <span class='ocrx_word' id='word_1_171' title='bbox 2853 1327 3089 1400; x_wconf 81' lang='lat' dir='ltr'><strong>prolapsi</strong></span> <span class='ocrx_word' id='word_1_172' title='bbox 3119 1329 3380 1391; x_wconf 88' lang='lat' dir='ltr'><strong>absurda,</strong></span> <span class='ocrx_word' id='word_1_173' title='bbox 3405 1339 3530 1384; x_wconf 85' lang='lat' dir='ltr'><strong>tum</strong></span> 
     </span>
    </p>
   </div>
   <div class='ocr_carea' id='block_1_28' title="bbox 1939 1401 3528 1491">
    <p class='ocr_par' dir='ltr' id='par_1_28' title="bbox 1939 1401 3528 1491">
     <span class='ocr_line' id='line_1_28' title="bbox 1939 1401 3528 1491; baseline 0.004 -21"><span class='ocrx_word' id='word_1_174' title='bbox 1939 1431 2067 1470; x_wconf 89' lang='lat' dir='ltr'><strong>cum</strong></span> <span class='ocrx_word' id='word_1_175' title='bbox 2097 1416 2227 1474; x_wconf 74' lang='lat' dir='ltr'><strong>aliis</strong></span> <span class='ocrx_word' id='word_1_176' title='bbox 2265 1417 2378 1482; x_wconf 85' lang='lat' dir='ltr'><strong>alii,</strong></span> <span class='ocrx_word' id='word_1_177' title='bbox 2410 1401 2695 1474; x_wconf 85' lang='lat' dir='ltr'><strong>tumcum</strong></span> <span class='ocrx_word' id='word_1_178' title='bbox 2730 1419 2963 1476; x_wconf 76' lang='lat' dir='ltr'><strong>veritate</strong></span> <span class='ocrx_word' id='word_1_179' title='bbox 3012 1420 3528 1491; x_wconf 74' lang='lat' dir='ltr'><strong>congr‘ediebantur.</strong></span> 
     </span>
    </p>
   </div>
   <div class='ocr_carea' id='block_1_29' title="bbox 2013 1508 3534 1584">
    <p class='ocr_par' dir='ltr' id='par_1_29' title="bbox 2013 1508 3534 1584">
     <span class='ocr_line' id='line_1_29' title="bbox 2013 1508 3534 1584; baseline 0.005 -20"><span class='ocrx_word' id='word_1_180' title='bbox 2013 1508 2070 1565; x_wconf 92' lang='lat' dir='ltr'><strong>in</strong></span> <span class='ocrx_word' id='word_1_181' title='bbox 2107 1510 2194 1567; x_wconf 87' lang='lat' dir='ltr'><strong>his</strong></span> <span class='ocrx_word' id='word_1_182' title='bbox 2212 1519 2391 1576; x_wconf 87' lang='lat' dir='ltr'><strong>erant,</strong></span> <span class='ocrx_word' id='word_1_183' title='bbox 2425 1513 2524 1584; x_wconf 87' lang='lat' dir='ltr'><strong>qui</strong></span> <span class='ocrx_word' id='word_1_184' title='bbox 2549 1512 2690 1569; x_wconf 88' lang='lat' dir='ltr'><strong>Filio</strong></span> <span class='ocrx_word' id='word_1_185' title='bbox 2710 1513 2955 1584; x_wconf 80' lang='lat' dir='ltr'><strong>quidem,</strong></span> <span class='ocrx_word' id='word_1_186' title='bbox 2979 1527 3190 1570; x_wconf 76' lang='lat' dir='ltr'><strong>natura:</strong></span> <span class='ocrx_word' id='word_1_187' title='bbox 3213 1530 3339 1570; x_wconf 89' lang='lat' dir='ltr'><strong>cum</strong></span> <span class='ocrx_word' id='word_1_188' title='bbox 3368 1513 3534 1571; x_wconf 85' lang='lat' dir='ltr'><strong>Patre</strong></span> 
     </span>
    </p>
   </div>
   <div class='ocr_carea' id='block_1_30' title="bbox 1943 1602 3534 1678">
    <p class='ocr_par' dir='ltr' id='par_1_30' title="bbox 1943 1602 3534 1678">
     <span class='ocr_line' id='line_1_30' title="bbox 1943 1602 3534 1678; baseline 0.002 -20"><span class='ocrx_word' id='word_1_189' title='bbox 1943 1602 2389 1673; x_wconf 74' lang='lat' dir='ltr'><strong>coniunctionem</strong></span> <span class='ocrx_word' id='word_1_190' title='bbox 2440 1604 2838 1678; x_wconf 79' lang='lat' dir='ltr'><strong>indulgebant;</strong></span> <span class='ocrx_word' id='word_1_191' title='bbox 2870 1604 3139 1677; x_wconf 82' lang='lat' dir='ltr'><strong>Spiritum</strong></span> <span class='ocrx_word' id='word_1_192' title='bbox 3173 1623 3329 1672; x_wconf 88' lang='lat' dir='ltr'><strong>vero,</strong></span> <span class='ocrx_word' id='word_1_193' title='bbox 3362 1623 3534 1676; x_wconf 83' lang='lat' dir='ltr'><strong>quem</strong></span> 
     </span>
    </p>
   </div>
   <div class='ocr_carea' id='block_1_31' title="bbox 1944 1695 3532 1766">
    <p class='ocr_par' dir='ltr' id='par_1_31' title="bbox 1944 1695 3532 1766">
     <span class='ocr_line' id='line_1_31' title="bbox 1944 1695 3532 1766; baseline 0.004 -18"><span class='ocrx_word' id='word_1_194' title='bbox 1944 1711 1972 1748; x_wconf 89' lang='lat' dir='ltr'><strong>a</strong></span> <span class='ocrx_word' id='word_1_195' title='bbox 2006 1695 2206 1763; x_wconf 83' lang='lat' dir='ltr'><strong>Patris,</strong></span> <span class='ocrx_word' id='word_1_196' title='bbox 2231 1713 2296 1752; x_wconf 90' lang='lat' dir='ltr'><strong>ac</strong></span> <span class='ocrx_word' id='word_1_197' title='bbox 2323 1695 2450 1752; x_wconf 84' lang='lat' dir='ltr'><strong>Filii</strong></span> <span class='ocrx_word' id='word_1_198' title='bbox 2481 1697 2769 1754; x_wconf 81' lang='lat' dir='ltr'><strong>divinitate</strong></span> <span class='ocrx_word' id='word_1_199' title='bbox 2798 1697 3043 1755; x_wconf 89' lang='lat' dir='ltr'><strong>alienum</strong></span> <span class='ocrx_word' id='word_1_200' title='bbox 3096 1700 3424 1766; x_wconf 87' lang='lat' dir='ltr'><strong>sentiebant,</strong></span> <span class='ocrx_word' id='word_1_201' title='bbox 3459 1699 3532 1755; x_wconf 84' lang='lat' dir='ltr'><strong>li-</strong></span> 
     </span>
    </p>
   </div>
   <div class='ocr_carea' id='block_1_32' title="bbox 1946 1786 3534 1862">
    <p class='ocr_par' dir='ltr' id='par_1_32' title="bbox 1946 1786 3534 1862">
     <span class='ocr_line' id='line_1_32' title="bbox 1946 1786 3534 1862; baseline 0.004 -21"><span class='ocrx_word' id='word_1_202' title='bbox 1946 1786 2136 1842; x_wconf 83' lang='lat' dir='ltr'><strong>berum</strong></span> <span class='ocrx_word' id='word_1_203' title='bbox 2164 1788 2281 1856; x_wconf 88' lang='lat' dir='ltr'><strong>alii,</strong></span> <span class='ocrx_word' id='word_1_204' title='bbox 2312 1788 2400 1842; x_wconf 84' lang='lat' dir='ltr'><strong>alii</strong></span> <span class='ocrx_word' id='word_1_205' title='bbox 2439 1788 2602 1844; x_wconf 86' lang='lat' dir='ltr'><strong>etiam</strong></span> <span class='ocrx_word' id='word_1_206' title='bbox 2636 1804 2859 1845; x_wconf 73' lang='lat' dir='ltr'><strong>servum</strong></span> <span class='ocrx_word' id='word_1_207' title='bbox 2906 1790 3250 1862; x_wconf 79' lang='lat' dir='ltr'><strong>blasphemia</strong></span> <span class='ocrx_word' id='word_1_208' title='bbox 3278 1791 3534 1848; x_wconf 84' lang='lat' dir='ltr'><strong>dictitare</strong></span> 
     </span>
    </p>
   </div>
   <div class='ocr_carea' id='block_1_33' title="bbox 295 1879 3530 1966">
    <p class='ocr_par' dir='ltr' id='par_1_33' title="bbox 295 1879 3530 1966">
     <span class='ocr_line' id='line_1_33' title="bbox 295 1879 3530 1966; baseline -0 -27"><span class='ocrx_word' id='word_1_209' title='bbox 295 1882 449 1966; x_wconf 52' lang='lat' dir='ltr'><strong>ﬁam</strong></span> <span class='ocrx_word' id='word_1_210' title='bbox 488 1883 579 1938; x_wconf 86' lang='lat' dir='ltr'><strong>alii</strong></span> <span class='ocrx_word' id='word_1_211' title='bbox 611 1883 831 1953; x_wconf 85' lang='lat' dir='ltr'><strong>quidem</strong></span> <span class='ocrx_word' id='word_1_212' title='bbox 876 1881 1101 1936; x_wconf 84' lang='lat' dir='ltr'><strong>Sabcliii</strong></span> <span class='ocrx_word' id='word_1_213' title='bbox 1137 1879 1302 1954; x_wconf 73' lang='lat' dir='ltr'><strong>Libys</strong></span> <span class='ocrx_word' id='word_1_214' title='bbox 1339 1882 1660 1940; x_wconf 73' lang='lat' dir='ltr'><strong>confusione</strong></span> <span class='ocrx_word' id='word_1_215' title='bbox 1713 1899 1838 1942; x_wconf 85' lang='lat' dir='ltr'><strong>sus-</strong></span> <span class='ocrx_word' id='word_1_216' title='bbox 1873 1889 1916 1946; x_wconf 72' lang='grc' dir='ltr'><strong><em>Β</em></strong></span> <span class='ocrx_word' id='word_1_217' title='bbox 1944 1879 2237 1935; x_wconf 76' lang='lat' dir='ltr'><strong>audebant.</strong></span> <span class='ocrx_word' id='word_1_218' title='bbox 2274 1880 2432 1935; x_wconf 79' lang='lat' dir='ltr'><strong>Aliud</strong></span> <span class='ocrx_word' id='word_1_219' title='bbox 2461 1881 2565 1936; x_wconf 87' lang='lat' dir='ltr'><strong>hoc</strong></span> <span class='ocrx_word' id='word_1_220' title='bbox 2583 1896 2762 1951; x_wconf 67' lang='lat' dir='ltr'><strong>prava:</strong></span> <span class='ocrx_word' id='word_1_221' title='bbox 2786 1880 3063 1953; x_wconf 80' lang='lat' dir='ltr'><strong>opinionis</strong></span> <span class='ocrx_word' id='word_1_222' title='bbox 3086 1898 3281 1954; x_wconf 77' lang='lat' dir='ltr'><strong>genus.</strong></span> <span class='ocrx_word' id='word_1_223' title='bbox 3311 1882 3530 1954; x_wconf 72' lang='lat' dir='ltr'><strong>Apolli-</strong></span> 
     </span>
    </p>
   </div>
   <div class='ocr_carea' id='block_1_34' title="bbox 237 1963 1839 2048">
    <p class='ocr_par' dir='ltr' id='par_1_34' title="bbox 237 1963 1839 2048">
     <span class='ocr_line' id='line_1_34' title="bbox 237 1963 1839 2048; baseline -0.002 -16"><span class='ocrx_word' id='word_1_224' title='bbox 237 1963 423 2048; x_wconf 72' lang='lat' dir='ltr'><strong>cepta,</strong></span> <span class='ocrx_word' id='word_1_225' title='bbox 456 1976 738 2047; x_wconf 88' lang='lat' dir='ltr'><strong>nimiaque</strong></span> <span class='ocrx_word' id='word_1_226' title='bbox 767 1975 1182 2046; x_wconf 79' lang='lat' dir='ltr'><strong>conjunctione,</strong></span> <span class='ocrx_word' id='word_1_227' title='bbox 1228 1975 1488 2046; x_wconf 87' lang='lat' dir='ltr'><strong>velutque</strong></span> <span class='ocrx_word' id='word_1_228' title='bbox 1529 1977 1839 2031; x_wconf 81' lang='lat' dir='ltr'><strong>concretio-</strong></span> 
     </span>
    </p>
   </div>
   <div class='ocr_carea' id='block_1_35' title="bbox 249 2067 1841 2140">
    <p class='ocr_par' dir='ltr' id='par_1_35' title="bbox 249 2067 1841 2140">
     <span class='ocr_line' id='line_1_35' title="bbox 249 2067 1841 2140; baseline 0.002 -19"><span class='ocrx_word' id='word_1_229' title='bbox 249 2084 504 2135; x_wconf 84' lang='lat' dir='ltr'><strong>ne;nec,</strong></span> <span class='ocrx_word' id='word_1_230' title='bbox 539 2078 743 2140; x_wconf 83' lang='lat' dir='ltr'><strong>quanta</strong></span> <span class='ocrx_word' id='word_1_231' title='bbox 785 2083 883 2138; x_wconf 85' lang='lat' dir='ltr'><strong>par</strong></span> <span class='ocrx_word' id='word_1_232' title='bbox 937 2077 1079 2127; x_wconf 87' lang='lat' dir='ltr'><strong>erat,</strong></span> <span class='ocrx_word' id='word_1_233' title='bbox 1140 2067 1474 2122; x_wconf 65' lang='lat' dir='ltr'><strong>discretione</strong></span> <span class='ocrx_word' id='word_1_234' title='bbox 1529 2069 1841 2125; x_wconf 81' lang='lat' dir='ltr'><strong>inconsulte</strong></span> 
     </span>
    </p>
   </div>
   <div class='ocr_carea' id='block_1_36' title="bbox 250 2157 1842 2228">
    <p class='ocr_par' dir='ltr' id='par_1_36' title="bbox 250 2157 1842 2228">
     <span class='ocr_line' id='line_1_36' title="bbox 250 2157 1842 2228; baseline 0.001 -14"><span class='ocrx_word' id='word_1_235' title='bbox 250 2159 366 2225; x_wconf 85' lang='lat' dir='ltr'><strong>usi,</strong></span> <span class='ocrx_word' id='word_1_236' title='bbox 395 2159 637 2228; x_wconf 84' lang='lat' dir='ltr'><strong>Patrem,</strong></span> <span class='ocrx_word' id='word_1_237' title='bbox 680 2157 901 2224; x_wconf 85' lang='lat' dir='ltr'><strong>Filium,</strong></span> <span class='ocrx_word' id='word_1_238' title='bbox 932 2175 994 2215; x_wconf 85' lang='lat' dir='ltr'><strong>ac</strong></span> <span class='ocrx_word' id='word_1_239' title='bbox 1016 2159 1277 2227; x_wconf 79' lang='lat' dir='ltr'><strong>Spiritum</strong></span> <span class='ocrx_word' id='word_1_240' title='bbox 1311 2168 1587 2226; x_wconf 83' lang='lat' dir='ltr'><strong>sanctum,</strong></span> <span class='ocrx_word' id='word_1_241' title='bbox 1619 2160 1842 2215; x_wconf 83' lang='lat' dir='ltr'><strong>nomine</strong></span> 
     </span>
    </p>
   </div>
   <div class='ocr_carea' id='block_1_37' title="bbox 259 2251 1842 2324">
    <p class='ocr_par' dir='ltr' id='par_1_37' title="bbox 259 2251 1842 2324">
     <span class='ocr_line' id='line_1_37' title="bbox 259 2251 1842 2324; baseline 0.002 -20"><span class='ocrx_word' id='word_1_242' title='bbox 259 2259 420 2306; x_wconf 80' lang='lat' dir='ltr'><strong>tenus</strong></span> <span class='ocrx_word' id='word_1_243' title='bbox 443 2251 751 2318; x_wconf 88' lang='lat' dir='ltr'><strong>honorant;</strong></span> <span class='ocrx_word' id='word_1_244' title='bbox 785 2267 907 2322; x_wconf 75' lang='lat' dir='ltr'><strong>quae</strong></span> <span class='ocrx_word' id='word_1_245' title='bbox 930 2263 1106 2306; x_wconf 87' lang='lat' dir='ltr'><strong>autem</strong></span> <span class='ocrx_word' id='word_1_246' title='bbox 1137 2251 1221 2306; x_wconf 86' lang='lat' dir='ltr'><strong>bis</strong></span> <span class='ocrx_word' id='word_1_247' title='bbox 1260 2251 1664 2324; x_wconf 73' lang='lat' dir='ltr'><strong>significantur,</strong></span> <span class='ocrx_word' id='word_1_248' title='bbox 1716 2267 1842 2323; x_wconf 88' lang='lat' dir='ltr'><strong>pro-</strong></span> 
     </span>
    </p>
   </div>
   <div class='ocr_carea' id='block_1_38' title="bbox 263 2342 1838 2414">
    <p class='ocr_par' dir='ltr' id='par_1_38' title="bbox 263 2342 1838 2414">
     <span class='ocr_line' id='line_1_38' title="bbox 263 2342 1838 2414; baseline -0.002 -16"><span class='ocrx_word' id='word_1_249' title='bbox 263 2342 363 2398; x_wconf 81' lang='lat' dir='ltr'><strong>bro</strong></span> <span class='ocrx_word' id='word_1_250' title='bbox 401 2343 930 2414; x_wconf 85' lang='lat' dir='ltr'><strong>habent,nudasquc</strong></span> <span class='ocrx_word' id='word_1_251' title='bbox 954 2345 1064 2401; x_wconf 62' lang='lat' dir='ltr'><strong>haec</strong></span> <span class='ocrx_word' id='word_1_252' title='bbox 1091 2344 1529 2412; x_wconf 80' lang='lat' dir='ltr'><strong>nuncupationes</strong></span> <span class='ocrx_word' id='word_1_253' title='bbox 1565 2343 1838 2409; x_wconf 78' lang='lat' dir='ltr'><strong>arbitrati,</strong></span> 
     </span>
    </p>
   </div>
   <div class='ocr_carea' id='block_1_39' title="bbox 258 2433 1840 2507">
    <p class='ocr_par' dir='ltr' id='par_1_39' title="bbox 258 2433 1840 2507">
     <span class='ocr_line' id='line_1_39' title="bbox 258 2433 1840 2507; baseline -0.003 -16"><span class='ocrx_word' id='word_1_254' title='bbox 258 2450 328 2491; x_wconf 84' lang='lat' dir='ltr'><strong>ac</strong></span> <span class='ocrx_word' id='word_1_255' title='bbox 363 2451 486 2507; x_wconf 76' lang='lat' dir='ltr'><strong>qua:</strong></span> <span class='ocrx_word' id='word_1_256' title='bbox 520 2449 626 2491; x_wconf 88' lang='lat' dir='ltr'><strong>nec</strong></span> <span class='ocrx_word' id='word_1_257' title='bbox 658 2449 783 2492; x_wconf 85' lang='lat' dir='ltr'><strong>vere</strong></span> <span class='ocrx_word' id='word_1_258' title='bbox 804 2434 1083 2502; x_wconf 83' lang='lat' dir='ltr'><strong>exsistant,</strong></span> <span class='ocrx_word' id='word_1_259' title='bbox 1156 2435 1611 2490; x_wconf 76' lang='lat' dir='ltr'><strong>inconsistentem</strong></span> <span class='ocrx_word' id='word_1_260' title='bbox 1656 2433 1840 2503; x_wconf 83' lang='lat' dir='ltr'><strong>reipsa</strong></span> 
     </span>
    </p>
   </div>
   <div class='ocr_carea' id='block_1_40' title="bbox 257 2526 1843 2601">
    <p class='ocr_par' dir='ltr' id='par_1_40' title="bbox 257 2526 1843 2601">
     <span class='ocr_line' id='line_1_40' title="bbox 257 2526 1843 2601; baseline -0.003 -17"><span class='ocrx_word' id='word_1_261' title='bbox 257 2541 425 2601; x_wconf 85' lang='lat' dir='ltr'><strong>atque</strong></span> <span class='ocrx_word' id='word_1_262' title='bbox 471 2529 713 2594; x_wconf 87' lang='lat' dir='ltr'><strong>inanem,</strong></span> <span class='ocrx_word' id='word_1_263' title='bbox 745 2527 966 2584; x_wconf 75' lang='lat' dir='ltr'><strong>Judaica</strong></span> <span class='ocrx_word' id='word_1_264' title='bbox 1001 2528 1296 2599; x_wconf 78' lang='lat' dir='ltr'><strong>singularis</strong></span> <span class='ocrx_word' id='word_1_265' title='bbox 1336 2527 1678 2599; x_wconf 79' lang='lat' dir='ltr'><strong>principatus</strong></span> <span class='ocrx_word' id='word_1_266' title='bbox 1718 2526 1843 2598; x_wconf 88' lang='lat' dir='ltr'><strong>opi-</strong></span> 
     </span>
    </p>
   </div>
   <div class='ocr_carea' id='block_1_41' title="bbox 261 2619 1840 2693">
    <p class='ocr_par' dir='ltr' id='par_1_41' title="bbox 261 2619 1840 2693">
     <span class='ocr_line' id='line_1_41' title="bbox 261 2619 1840 2693; baseline -0.002 -16"><span class='ocrx_word' id='word_1_267' title='bbox 261 2624 446 2688; x_wconf 86' lang='lat' dir='ltr'><strong>nione,</strong></span> <span class='ocrx_word' id='word_1_268' title='bbox 489 2635 558 2678; x_wconf 86' lang='lat' dir='ltr'><strong>ac</strong></span> <span class='ocrx_word' id='word_1_269' title='bbox 610 2621 904 2692; x_wconf 81' lang='lat' dir='ltr'><strong>impietate,</strong></span> <span class='ocrx_word' id='word_1_270' title='bbox 959 2620 1064 2676; x_wconf 85' lang='lat' dir='ltr'><strong>sibi</strong></span> <span class='ocrx_word' id='word_1_271' title='bbox 1120 2621 1281 2676; x_wconf 80' lang='lat' dir='ltr'><strong>tidem</strong></span> <span class='ocrx_word' id='word_1_272' title='bbox 1340 2621 1682 2693; x_wconf 79' lang='lat' dir='ltr'><strong>contingunt.</strong></span> <span class='ocrx_word' id='word_1_273' title='bbox 1735 2619 1840 2676; x_wconf 70' lang='lat' dir='ltr'><strong>Alii</strong></span> 
     </span>
    </p>
   </div>
   <div class='ocr_carea' id='block_1_42' title="bbox 257 2710 1839 2782">
    <p class='ocr_par' dir='ltr' id='par_1_42' title="bbox 257 2710 1839 2782">
     <span class='ocr_line' id='line_1_42' title="bbox 257 2710 1839 2782; baseline -0.001 -14"><span class='ocrx_word' id='word_1_274' title='bbox 257 2712 375 2768; x_wconf 74' lang='lat' dir='ltr'><strong>Arii</strong></span> <span class='ocrx_word' id='word_1_275' title='bbox 430 2712 713 2769; x_wconf 70' lang='lat' dir='ltr'><strong>dementiae</strong></span> <span class='ocrx_word' id='word_1_276' title='bbox 755 2711 1125 2781; x_wconf 87' lang='lat' dir='ltr'><strong>astipulantes</strong></span> <span class='ocrx_word' id='word_1_277' title='bbox 1155 2752 1171 2773; x_wconf 93' lang='lat'><strong>,</strong></span> <span class='ocrx_word' id='word_1_278' title='bbox 1207 2725 1387 2782; x_wconf 71' lang='lat' dir='ltr'><strong>exque</strong></span> <span class='ocrx_word' id='word_1_279' title='bbox 1426 2710 1720 2777; x_wconf 85' lang='lat' dir='ltr'><strong>diametro,</strong></span> <span class='ocrx_word' id='word_1_280' title='bbox 1751 2710 1839 2778; x_wconf 89' lang='lat' dir='ltr'><strong>iis,</strong></span> 
     </span>
    </p>
   </div>
   <div class='ocr_carea' id='block_1_43' title="bbox 253 2803 1840 2878">
    <p class='ocr_par' dir='ltr' id='par_1_43' title="bbox 253 2803 1840 2878">
     <span class='ocr_line' id='line_1_43' title="bbox 253 2803 1840 2878; baseline -0.001 -16"><span class='ocrx_word' id='word_1_281' title='bbox 253 2822 396 2878; x_wconf 82' lang='lat' dir='ltr'><strong>quos</strong></span> <span class='ocrx_word' id='word_1_282' title='bbox 445 2805 715 2873; x_wconf 81' lang='lat' dir='ltr'><strong>dicebam,</strong></span> <span class='ocrx_word' id='word_1_283' title='bbox 751 2813 1061 2877; x_wconf 77' lang='lat' dir='ltr'><strong>pugnantes</strong></span> <span class='ocrx_word' id='word_1_284' title='bbox 1128 2803 1423 2867; x_wconf 79' lang='lat' dir='ltr'><strong>sententia,</strong></span> <span class='ocrx_word' id='word_1_285' title='bbox 1490 2809 1607 2874; x_wconf 89' lang='lat' dir='ltr'><strong>pari</strong></span> <span class='ocrx_word' id='word_1_286' title='bbox 1659 2814 1840 2860; x_wconf 88' lang='lat' dir='ltr'><strong>tamen</strong></span> 
     </span>
    </p>
   </div>
   <div class='ocr_carea' id='block_1_44' title="bbox 251 2896 1842 2973">
    <p class='ocr_par' dir='ltr' id='par_1_44' title="bbox 251 2896 1842 2973">
     <span class='ocr_line' id='line_1_44' title="bbox 251 2896 1842 2973; baseline -0.002 -17"><span class='ocrx_word' id='word_1_287' title='bbox 251 2900 531 2973; x_wconf 82' lang='lat' dir='ltr'><strong>impietate</strong></span> <span class='ocrx_word' id='word_1_288' title='bbox 556 2898 799 2971; x_wconf 84' lang='lat' dir='ltr'><strong>provecti</strong></span> <span class='ocrx_word' id='word_1_289' title='bbox 825 2917 840 2968; x_wconf 89' lang='lat'><strong>;</strong></span> <span class='ocrx_word' id='word_1_290' title='bbox 871 2898 1078 2970; x_wconf 80' lang='lat' dir='ltr'><strong>quibus</strong></span> <span class='ocrx_word' id='word_1_291' title='bbox 1101 2899 1176 2954; x_wconf 87' lang='lat' dir='ltr'><strong>illi</strong></span> <span class='ocrx_word' id='word_1_292' title='bbox 1203 2897 1572 2962; x_wconf 81' lang='lat' dir='ltr'><strong>concretione,</strong></span> <span class='ocrx_word' id='word_1_293' title='bbox 1607 2896 1662 2953; x_wconf 82' lang='lat' dir='ltr'><strong>bi</strong></span> <span class='ocrx_word' id='word_1_294' title='bbox 1701 2899 1842 2955; x_wconf 77' lang='lat' dir='ltr'><strong>diri-</strong></span> 
     </span>
    </p>
   </div>
   <div class='ocr_carea' id='block_1_45' title="bbox 236 2991 1301 3064">
    <p class='ocr_par' dir='ltr' id='par_1_45' title="bbox 236 2991 1301 3064">
     <span class='ocr_line' id='line_1_45' title="bbox 236 2991 1301 3064; baseline -0.005 -14"><span class='ocrx_word' id='word_1_295' title='bbox 236 2993 404 3052; x_wconf 80' lang='lat' dir='ltr'><strong>sione</strong></span> <span class='ocrx_word' id='word_1_296' title='bbox 426 2991 606 3064; x_wconf 86' lang='lat' dir='ltr'><strong>impii,</strong></span> <span class='ocrx_word' id='word_1_297' title='bbox 644 2993 782 3048; x_wconf 88' lang='lat' dir='ltr'><strong>recti</strong></span> <span class='ocrx_word' id='word_1_298' title='bbox 810 3001 985 3047; x_wconf 84' lang='lat' dir='ltr'><strong>metas</strong></span> <span class='ocrx_word' id='word_1_299' title='bbox 1008 2993 1301 3047; x_wconf 82' lang='lat' dir='ltr'><strong>excedunt.</strong></span> 
     </span>
    </p>
   </div>
   <div class='ocr_carea' id='block_1_46' title="bbox 318 3083 1844 3159">
    <p class='ocr_par' dir='ltr' id='par_1_46' title="bbox 318 3083 1844 3159">
     <span class='ocr_line' id='line_1_46' title="bbox 318 3083 1844 3159; baseline 0.002 -19"><span class='ocrx_word' id='word_1_300' title='bbox 318 3083 801 3153; x_wconf 84' lang='lat' dir='ltr'><strong>Quemadmodum</strong></span> <span class='ocrx_word' id='word_1_301' title='bbox 835 3083 983 3139; x_wconf 86' lang='lat' dir='ltr'><strong>enim</strong></span> <span class='ocrx_word' id='word_1_302' title='bbox 1037 3087 1268 3155; x_wconf 83' lang='lat' dir='ltr'><strong>priores,</strong></span> <span class='ocrx_word' id='word_1_303' title='bbox 1301 3091 1394 3159; x_wconf 87' lang='lat' dir='ltr'><strong>qui</strong></span> <span class='ocrx_word' id='word_1_304' title='bbox 1420 3105 1585 3144; x_wconf 85' lang='lat' dir='ltr'><strong>unam</strong></span> <span class='ocrx_word' id='word_1_305' title='bbox 1621 3088 1844 3146; x_wconf 78' lang='lat' dir='ltr'><strong>deitatis</strong></span> 
     </span>
    </p>
   </div>
   <div class='ocr_carea' id='block_1_47' title="bbox 231 3177 1841 3253">
    <p class='ocr_par' dir='ltr' id='par_1_47' title="bbox 231 3177 1841 3253">
     <span class='ocr_line' id='line_1_47' title="bbox 231 3177 1841 3253; baseline -0.001 -17"><span class='ocrx_word' id='word_1_306' title='bbox 231 3188 361 3236; x_wconf 80' lang='lat' dir='ltr'><strong>tum</strong></span> <span class='ocrx_word' id='word_1_307' title='bbox 412 3189 675 3233; x_wconf 82' lang='lat' dir='ltr'><strong>naturam</strong></span> <span class='ocrx_word' id='word_1_308' title='bbox 719 3177 997 3241; x_wconf 82' lang='lat' dir='ltr'><strong>sentiant,</strong></span> <span class='ocrx_word' id='word_1_309' title='bbox 1059 3191 1174 3233; x_wconf 85' lang='lat' dir='ltr'><strong>tum</strong></span> <span class='ocrx_word' id='word_1_310' title='bbox 1236 3195 1549 3251; x_wconf 80' lang='lat' dir='ltr'><strong>personam,</strong></span> <span class='ocrx_word' id='word_1_311' title='bbox 1586 3183 1779 3253; x_wconf 85' lang='lat' dir='ltr'><strong>procul</strong></span> <span class='ocrx_word' id='word_1_312' title='bbox 1812 3200 1841 3236; x_wconf 70' lang='grc' dir='ltr'><strong>ει</strong></span> 
     </span>
    </p>
   </div>
   <div class='ocr_carea' id='block_1_48' title="bbox 1943 1968 3532 2043">
    <p class='ocr_par' dir='ltr' id='par_1_48' title="bbox 1943 1968 3532 2043">
     <span class='ocr_line' id='line_1_48' title="bbox 1943 1968 3532 2043; baseline 0.001 -17"><span class='ocrx_word' id='word_1_313' title='bbox 1943 1969 2086 2026; x_wconf 83' lang='lat' dir='ltr'><strong>uarii</strong></span> <span class='ocrx_word' id='word_1_314' title='bbox 2115 1971 2257 2028; x_wconf 87' lang='lat' dir='ltr'><strong>enim</strong></span> <span class='ocrx_word' id='word_1_315' title='bbox 2293 1968 2438 2043; x_wconf 81' lang='lat' dir='ltr'><strong>Syri.</strong></span> <span class='ocrx_word' id='word_1_316' title='bbox 2472 1971 2739 2040; x_wconf 79' lang='lat' dir='ltr'><strong>quidnam</strong></span> <span class='ocrx_word' id='word_1_317' title='bbox 2776 1973 2921 2028; x_wconf 87' lang='lat' dir='ltr'><strong>aliud</strong></span> <span class='ocrx_word' id='word_1_318' title='bbox 2950 1987 3140 2029; x_wconf 83' lang='lat' dir='ltr'><strong>vocem</strong></span> <span class='ocrx_word' id='word_1_319' title='bbox 3186 1973 3532 2030; x_wconf 71' lang='lat' dir='ltr'><strong>amentiam?</strong></span> 
     </span>
    </p>
   </div>
   <div class='ocr_carea' id='block_1_49' title="bbox 1941 2064 3535 2138">
    <p class='ocr_par' dir='ltr' id='par_1_49' title="bbox 1941 2064 3535 2138">
     <span class='ocr_line' id='line_1_49' title="bbox 1941 2064 3535 2138; baseline 0.004 -22"><span class='ocrx_word' id='word_1_320' title='bbox 1941 2064 2037 2134; x_wconf 87' lang='lat' dir='ltr'><strong>qui</strong></span> <span class='ocrx_word' id='word_1_321' title='bbox 2067 2065 2280 2121; x_wconf 77' lang='lat' dir='ltr'><strong>scilicet</strong></span> <span class='ocrx_word' id='word_1_322' title='bbox 2305 2065 2528 2121; x_wconf 85' lang='lat' dir='ltr'><strong>doceret</strong></span> <span class='ocrx_word' id='word_1_323' title='bbox 2582 2066 2863 2137; x_wconf 82' lang='lat' dir='ltr'><strong>accepisse</strong></span> <span class='ocrx_word' id='word_1_324' title='bbox 2895 2067 3119 2138; x_wconf 80' lang='lat' dir='ltr'><strong>quidem</strong></span> <span class='ocrx_word' id='word_1_325' title='bbox 3149 2065 3381 2122; x_wconf 77' lang='lat' dir='ltr'><strong>Verbum</strong></span> <span class='ocrx_word' id='word_1_326' title='bbox 3403 2082 3535 2124; x_wconf 81' lang='lat' dir='ltr'><strong>car-</strong></span> 
     </span>
    </p>
   </div>
   <div class='ocr_carea' id='block_1_50' title="bbox 1942 2157 3536 2222">
    <p class='ocr_par' dir='ltr' id='par_1_50' title="bbox 1942 2157 3536 2222">
     <span class='ocr_line' id='line_1_50' title="bbox 1942 2157 3536 2222; baseline 0.002 -11"><span class='ocrx_word' id='word_1_327' title='bbox 1942 2173 2087 2222; x_wconf 67' lang='lat' dir='ltr'><strong>netia;</strong></span> <span class='ocrx_word' id='word_1_328' title='bbox 2120 2174 2240 2213; x_wconf 87' lang='lat' dir='ltr'><strong>eam</strong></span> <span class='ocrx_word' id='word_1_329' title='bbox 2271 2167 2454 2218; x_wconf 82' lang='lat' dir='ltr'><strong>tamen</strong></span> <span class='ocrx_word' id='word_1_330' title='bbox 2485 2157 2673 2214; x_wconf 87' lang='lat' dir='ltr'><strong>animo</strong></span> <span class='ocrx_word' id='word_1_331' title='bbox 2729 2173 2794 2214; x_wconf 86' lang='lat' dir='ltr'><strong>ac</strong></span> <span class='ocrx_word' id='word_1_332' title='bbox 2826 2167 3218 2217; x_wconf 82' lang='lat' dir='ltr'><strong>mente-carere</strong></span> <span class='ocrx_word' id='word_1_333' title='bbox 3248 2161 3536 2217; x_wconf 85' lang='lat' dir='ltr'><strong>dementer</strong></span> 
     </span>
    </p>
   </div>
   <div class='ocr_carea' id='block_1_51' title="bbox 1940 2257 2236 2305">
    <p class='ocr_par' dir='ltr' id='par_1_51' title="bbox 1940 2257 2236 2305">
     <span class='ocr_line' id='line_1_51' title="bbox 1940 2257 2236 2305; baseline 0 -1"><span class='ocrx_word' id='word_1_334' title='bbox 1940 2257 2236 2305; x_wconf 78' lang='lat' dir='ltr'><strong>assereret.</strong></span> 
     </span>
    </p>
   </div>
   <div class='ocr_carea' id='block_1_52' title="bbox 2014 2338 3539 2416">
    <p class='ocr_par' dir='ltr' id='par_1_52' title="bbox 2014 2338 3539 2416">
     <span class='ocr_line' id='line_1_52' title="bbox 2014 2338 3539 2416; baseline 0.007 -21"><span class='ocrx_word' id='word_1_335' title='bbox 2014 2338 2110 2396; x_wconf 80' lang='lat' dir='ltr'><strong>His</strong></span> <span class='ocrx_word' id='word_1_336' title='bbox 2134 2341 2344 2412; x_wconf 88' lang='lat' dir='ltr'><strong>utique,</strong></span> <span class='ocrx_word' id='word_1_337' title='bbox 2370 2342 2604 2416; x_wconf 83' lang='lat' dir='ltr'><strong>aliisque</strong></span> <span class='ocrx_word' id='word_1_338' title='bbox 2648 2345 3098 2416; x_wconf 81' lang='lat' dir='ltr'><strong>quamplurimis,</strong></span> <span class='ocrx_word' id='word_1_339' title='bbox 3129 2362 3195 2402; x_wconf 87' lang='lat' dir='ltr'><strong>ac</strong></span> <span class='ocrx_word' id='word_1_340' title='bbox 3215 2346 3539 2405; x_wconf 83' lang='lat' dir='ltr'><strong>deterrimis</strong></span> 
     </span>
    </p>
   </div>
   <div class='ocr_carea' id='block_1_53' title="bbox 1941 2433 3534 2510">
    <p class='ocr_par' dir='ltr' id='par_1_53' title="bbox 1941 2433 3534 2510">
     <span class='ocr_line' id='line_1_53' title="bbox 1941 2433 3534 2510; baseline 0.006 -25"><span class='ocrx_word' id='word_1_341' title='bbox 1941 2433 2316 2504; x_wconf 86' lang='lat' dir='ltr'><strong>opinionibus,</strong></span> <span class='ocrx_word' id='word_1_342' title='bbox 2362 2451 2462 2493; x_wconf 89' lang='lat' dir='ltr'><strong>ceu</strong></span> <span class='ocrx_word' id='word_1_343' title='bbox 2510 2437 2671 2494; x_wconf 69' lang='lat' dir='ltr'><strong>saevis</strong></span> <span class='ocrx_word' id='word_1_344' title='bbox 2694 2438 2959 2510; x_wconf 86' lang='lat' dir='ltr'><strong>procellis</strong></span> <span class='ocrx_word' id='word_1_345' title='bbox 2992 2440 3231 2496; x_wconf 81' lang='lat' dir='ltr'><strong>immane</strong></span> <span class='ocrx_word' id='word_1_346' title='bbox 3264 2447 3534 2510; x_wconf 78' lang='lat' dir='ltr'><strong>quantum</strong></span> 
     </span>
    </p>
   </div>
   <div class='ocr_carea' id='block_1_54' title="bbox 1943 2524 3540 2602">
    <p class='ocr_par' dir='ltr' id='par_1_54' title="bbox 1943 2524 3540 2602">
     <span class='ocr_line' id='line_1_54' title="bbox 1943 2524 3540 2602; baseline 0.003 -22"><span class='ocrx_word' id='word_1_347' title='bbox 1943 2524 2228 2582; x_wconf 85' lang='lat' dir='ltr'><strong>ﬂuctuanti</strong></span> <span class='ocrx_word' id='word_1_348' title='bbox 2259 2526 2384 2584; x_wconf 85' lang='lat' dir='ltr'><strong>urbi</strong></span> <span class='ocrx_word' id='word_1_349' title='bbox 2409 2527 2690 2600; x_wconf 68' lang='lat' dir='ltr'><strong>Augustae,</strong></span> <span class='ocrx_word' id='word_1_350' title='bbox 2721 2530 2871 2587; x_wconf 82' lang='lat' dir='ltr'><strong>velut</strong></span> <span class='ocrx_word' id='word_1_351' title='bbox 2910 2529 3036 2600; x_wconf 82' lang='lat' dir='ltr'><strong>quis</strong></span> <span class='ocrx_word' id='word_1_352' title='bbox 3061 2531 3306 2602; x_wconf 84' lang='lat' dir='ltr'><strong>optimus</strong></span> <span class='ocrx_word' id='word_1_353' title='bbox 3339 2530 3540 2600; x_wconf 80' lang='lat' dir='ltr'><strong>guber-</strong></span> 
     </span>
    </p>
   </div>
   <div class='ocr_carea' id='block_1_55' title="bbox 1945 2619 3539 2694">
    <p class='ocr_par' dir='ltr' id='par_1_55' title="bbox 1945 2619 3539 2694">
     <span class='ocr_line' id='line_1_55' title="bbox 1945 2619 3539 2694; baseline 0.006 -21"><span class='ocrx_word' id='word_1_354' title='bbox 1945 2627 2105 2675; x_wconf 85' lang='lat' dir='ltr'><strong>nator</strong></span> <span class='ocrx_word' id='word_1_355' title='bbox 2126 2619 2484 2676; x_wconf 85' lang='lat' dir='ltr'><strong>admirandus</strong></span> <span class='ocrx_word' id='word_1_356' title='bbox 2527 2621 2618 2678; x_wconf 85' lang='lat' dir='ltr'><strong>hic</strong></span> <span class='ocrx_word' id='word_1_357' title='bbox 2648 2620 2949 2694; x_wconf 78' lang='lat' dir='ltr'><strong>Gregorius</strong></span> <span class='ocrx_word' id='word_1_358' title='bbox 2983 2640 3014 2678; x_wconf 82' lang='lat' dir='ltr'><strong>a</strong></span> <span class='ocrx_word' id='word_1_359' title='bbox 3053 2621 3186 2691; x_wconf 86' lang='lat' dir='ltr'><strong>Deo,</strong></span> <span class='ocrx_word' id='word_1_360' title='bbox 3227 2637 3407 2694; x_wconf 85' lang='lat' dir='ltr'><strong>eoque</strong></span> <span class='ocrx_word' id='word_1_361' title='bbox 3436 2639 3539 2682; x_wconf 87' lang='lat' dir='ltr'><strong>au-</strong></span> 
     </span>
    </p>
   </div>
   <div class='ocr_carea' id='block_1_56' title="bbox 1945 2712 3539 2786">
    <p class='ocr_par' dir='ltr' id='par_1_56' title="bbox 1945 2712 3539 2786">
     <span class='ocr_line' id='line_1_56' title="bbox 1945 2712 3539 2786; baseline 0 -16"><span class='ocrx_word' id='word_1_362' title='bbox 1945 2712 2120 2786; x_wconf 87' lang='lat' dir='ltr'><strong>spice,</strong></span> <span class='ocrx_word' id='word_1_363' title='bbox 2157 2713 2452 2770; x_wconf 86' lang='lat' dir='ltr'><strong>incumbit.</strong></span> <span class='ocrx_word' id='word_1_364' title='bbox 2499 2714 2581 2769; x_wconf 78' lang='lat' dir='ltr'><strong>Ac</strong></span> <span class='ocrx_word' id='word_1_365' title='bbox 2653 2714 2800 2771; x_wconf 85' lang='lat' dir='ltr'><strong>sicut</strong></span> <span class='ocrx_word' id='word_1_366' title='bbox 2855 2716 3013 2786; x_wconf 87' lang='lat' dir='ltr'><strong>prius</strong></span> <span class='ocrx_word' id='word_1_367' title='bbox 3063 2714 3330 2771; x_wconf 86' lang='lat' dir='ltr'><strong>Dominus</strong></span> <span class='ocrx_word' id='word_1_368' title='bbox 3373 2713 3539 2772; x_wconf 79' lang='lat' dir='ltr'><strong>.iesus</strong></span> 
     </span>
    </p>
   </div>
   <div class='ocr_carea' id='block_1_57' title="bbox 1943 2807 3540 2880">
    <p class='ocr_par' dir='ltr' id='par_1_57' title="bbox 1943 2807 3540 2880">
     <span class='ocr_line' id='line_1_57' title="bbox 1943 2807 3540 2880; baseline 0.002 -18"><span class='ocrx_word' id='word_1_369' title='bbox 1943 2807 2255 2878; x_wconf 79' lang='lat' dir='ltr'><strong>discipulis,</strong></span> <span class='ocrx_word' id='word_1_370' title='bbox 2280 2807 2472 2880; x_wconf 75' lang='lat' dir='ltr'><strong>pelago</strong></span> <span class='ocrx_word' id='word_1_371' title='bbox 2493 2817 2657 2864; x_wconf 88' lang='lat' dir='ltr'><strong>nocte</strong></span> <span class='ocrx_word' id='word_1_372' title='bbox 2688 2808 2818 2863; x_wconf 88' lang='lat' dir='ltr'><strong>navi</strong></span> <span class='ocrx_word' id='word_1_373' title='bbox 2859 2807 3324 2872; x_wconf 78' lang='lat' dir='ltr'><strong>conﬂictantibus,</strong></span> <span class='ocrx_word' id='word_1_374' title='bbox 3360 2808 3540 2866; x_wconf 80' lang='lat' dir='ltr'><strong>iactus</strong></span> 
     </span>
    </p>
   </div>
   <div class='ocr_carea' id='block_1_58' title="bbox 1945 2898 3539 2973">
    <p class='ocr_par' dir='ltr' id='par_1_58' title="bbox 1945 2898 3539 2973">
     <span class='ocr_line' id='line_1_58' title="bbox 1945 2898 3539 2973; baseline -0.003 -15"><span class='ocrx_word' id='word_1_375' title='bbox 1945 2901 2301 2973; x_wconf 84' lang='lat' dir='ltr'><strong>conspicuus,</strong></span> <span class='ocrx_word' id='word_1_376' title='bbox 2330 2912 2436 2957; x_wconf 81' lang='lat' dir='ltr'><strong>suo</strong></span> <span class='ocrx_word' id='word_1_377' title='bbox 2469 2899 2655 2956; x_wconf 85' lang='lat' dir='ltr'><strong>statim</strong></span> <span class='ocrx_word' id='word_1_378' title='bbox 2703 2898 2939 2955; x_wconf 85' lang='lat' dir='ltr'><strong>adventu</strong></span> <span class='ocrx_word' id='word_1_379' title='bbox 2988 2908 3265 2954; x_wconf 86' lang='lat' dir='ltr'><strong>tumentes</strong></span> <span class='ocrx_word' id='word_1_380' title='bbox 3294 2899 3539 2969; x_wconf 53' lang='lat' dir='ltr'><strong>compric</strong></span> 
     </span>
    </p>
   </div>
   <div class='ocr_carea' id='block_1_59' title="bbox 1948 2990 3537 3062">
    <p class='ocr_par' dir='ltr' id='par_1_59' title="bbox 1948 2990 3537 3062">
     <span class='ocr_line' id='line_1_59' title="bbox 1948 2990 3537 3062; baseline -0.003 -13"><span class='ocrx_word' id='word_1_381' title='bbox 1948 2994 2048 3049; x_wconf 87' lang='lat' dir='ltr'><strong>mit</strong></span> <span class='ocrx_word' id='word_1_382' title='bbox 2105 2991 2339 3061; x_wconf 81' lang='lat' dir='ltr'><strong>ﬂuctus;</strong></span> <span class='ocrx_word' id='word_1_383' title='bbox 2397 2999 2704 3062; x_wconf 82' lang='lat' dir='ltr'><strong>ventosque</strong></span> <span class='ocrx_word' id='word_1_384' title='bbox 2758 2990 3073 3060; x_wconf 83' lang='lat' dir='ltr'><strong>increpans,</strong></span> <span class='ocrx_word' id='word_1_385' title='bbox 3117 2991 3414 3060; x_wconf 81' lang='lat' dir='ltr'><strong>procellam</strong></span> <span class='ocrx_word' id='word_1_386' title='bbox 3480 2990 3537 3045; x_wconf 89' lang='lat' dir='ltr'><strong>in</strong></span> 
     </span>
    </p>
   </div>
   <div class='ocr_carea' id='block_1_60' title="bbox 1950 3081 3543 3157">
    <p class='ocr_par' dir='ltr' id='par_1_60' title="bbox 1950 3081 3543 3157">
     <span class='ocr_line' id='line_1_60' title="bbox 1950 3081 3543 3157; baseline -0.003 -17"><span class='ocrx_word' id='word_1_387' title='bbox 1950 3085 2403 3157; x_wconf 80' lang='lat' dir='ltr'><strong>tranquilli-tatem</strong></span> <span class='ocrx_word' id='word_1_388' title='bbox 2459 3083 2736 3139; x_wconf 82' lang='lat' dir='ltr'><strong>convertit</strong></span> <span class='ocrx_word' id='word_1_389' title='bbox 2759 3081 2850 3137; x_wconf 72' lang='grc' dir='ltr'><strong>ὀε</strong></span> <span class='ocrx_word' id='word_1_390' title='bbox 2895 3083 2978 3138; x_wconf 87' lang='lat' dir='ltr'><strong>sic</strong></span> <span class='ocrx_word' id='word_1_391' title='bbox 3007 3096 3174 3138; x_wconf 82' lang='lat' dir='ltr'><strong>verus</strong></span> <span class='ocrx_word' id='word_1_392' title='bbox 3229 3081 3408 3151; x_wconf 83' lang='lat' dir='ltr'><strong>reipsa</strong></span> <span class='ocrx_word' id='word_1_393' title='bbox 3453 3081 3543 3136; x_wconf 81' lang='lat' dir='ltr'><strong>di-</strong></span> 
     </span>
    </p>
   </div>
   <div class='ocr_carea' id='block_1_61' title="bbox 1951 3175 3539 3249">
    <p class='ocr_par' dir='ltr' id='par_1_61' title="bbox 1951 3175 3539 3249">
     <span class='ocr_line' id='line_1_61' title="bbox 1951 3175 3539 3249; baseline -0.004 -12"><span class='ocrx_word' id='word_1_394' title='bbox 1951 3180 2218 3249; x_wconf 86' lang='lat' dir='ltr'><strong>scipulus,</strong></span> <span class='ocrx_word' id='word_1_395' title='bbox 2243 3194 2329 3245; x_wconf 83' lang='lat' dir='ltr'><strong>ac,</strong></span> <span class='ocrx_word' id='word_1_396' title='bbox 2379 3177 2561 3248; x_wconf 88' lang='lat' dir='ltr'><strong>quoad</strong></span> <span class='ocrx_word' id='word_1_397' title='bbox 2608 3177 2756 3242; x_wconf 84' lang='lat' dir='ltr'><strong>licet,</strong></span> <span class='ocrx_word' id='word_1_398' title='bbox 2818 3175 3061 3231; x_wconf 86' lang='lat' dir='ltr'><strong>imitator</strong></span> <span class='ocrx_word' id='word_1_399' title='bbox 3092 3185 3375 3240; x_wconf 86' lang='lat' dir='ltr'><strong>strenuus,</strong></span> <span class='ocrx_word' id='word_1_400' title='bbox 3411 3190 3539 3230; x_wconf 86' lang='lat' dir='ltr'><strong>cum</strong></span> 
     </span>
    </p>
   </div>
   <div class='ocr_carea' id='block_1_62' title="bbox 230 3245 3537 3346">
    <p class='ocr_par' dir='ltr' id='par_1_62' title="bbox 230 3245 3537 3346">
     <span class='ocr_line' id='line_1_62' title="bbox 230 3245 3537 3346; baseline -0.002 -19"><span class='ocrx_word' id='word_1_401' title='bbox 230 3272 483 3328; x_wconf 81' lang='lat' dir='ltr'><strong>veritate</strong></span> <span class='ocrx_word' id='word_1_402' title='bbox 508 3271 905 3338; x_wconf 77' lang='lat' dir='ltr'><strong>exerrant;sic</strong></span> <span class='ocrx_word' id='word_1_403' title='bbox 927 3280 982 3326; x_wconf 85' lang='lat' dir='ltr'><strong>et</strong></span> <span class='ocrx_word' id='word_1_404' title='bbox 1028 3245 1277 3340; x_wconf 83' lang='lat' dir='ltr'><strong>secundi,</strong></span> <span class='ocrx_word' id='word_1_405' title='bbox 1307 3277 1408 3345; x_wconf 77' lang='lat' dir='ltr'><strong>qui</strong></span> <span class='ocrx_word' id='word_1_406' title='bbox 1443 3245 1640 3345; x_wconf 79' lang='lat' dir='ltr'><strong>praeter</strong></span> <span class='ocrx_word' id='word_1_407' title='bbox 1657 3285 1842 3332; x_wconf 80' lang='lat' dir='ltr'><strong>ternas</strong></span> <span class='ocrx_word' id='word_1_408' title='bbox 1874 3245 1916 3300; x_wconf 61' lang='grc' dir='ltr'><strong>δ</strong></span> <span class='ocrx_word' id='word_1_409' title='bbox 1952 3245 2051 3328; x_wconf 78' lang='lat' dir='ltr'><strong>illo</strong></span> <span class='ocrx_word' id='word_1_410' title='bbox 2073 3245 2301 3344; x_wconf 82' lang='lat' dir='ltr'><strong>pariter,</strong></span> <span class='ocrx_word' id='word_1_411' title='bbox 2324 3245 2414 3336; x_wconf 68' lang='lat' dir='ltr'><strong>iis,</strong></span> <span class='ocrx_word' id='word_1_412' title='bbox 2438 3270 2534 3342; x_wconf 77' lang='lat' dir='ltr'><strong>qui</strong></span> <span class='ocrx_word' id='word_1_413' title='bbox 2556 3269 2792 3346; x_wconf 82' lang='lat' dir='ltr'><strong>spiritali</strong></span> <span class='ocrx_word' id='word_1_414' title='bbox 2819 3276 3145 3336; x_wconf 83' lang='lat' dir='ltr'><strong>tempestate</strong></span> <span class='ocrx_word' id='word_1_415' title='bbox 3161 3266 3537 3339; x_wconf 71' lang='lat' dir='ltr'><strong>iactabantur.</strong></span> 
     </span>
    </p>
   </div>
   <div class='ocr_carea' id='block_1_63' title="bbox 233 3363 1848 3436">
    <p class='ocr_par' dir='ltr' id='par_1_63' title="bbox 233 3363 1848 3436">
     <span class='ocr_line' id='line_1_63' title="bbox 233 3363 1848 3436; baseline 0.001 -17"><span class='ocrx_word' id='word_1_416' title='bbox 233 3379 544 3436; x_wconf 77' lang='lat' dir='ltr'><strong>personas,</strong></span> <span class='ocrx_word' id='word_1_417' title='bbox 576 3363 744 3420; x_wconf 81' lang='lat' dir='ltr'><strong>etiam</strong></span> <span class='ocrx_word' id='word_1_418' title='bbox 777 3373 986 3419; x_wconf 70' lang='lat' dir='ltr'><strong>natura!</strong></span> <span class='ocrx_word' id='word_1_419' title='bbox 1026 3364 1376 3432; x_wconf 81' lang='lat' dir='ltr'><strong>divisionem,</strong></span> <span class='ocrx_word' id='word_1_420' title='bbox 1412 3368 1727 3422; x_wconf 67' lang='lat' dir='ltr'><strong>amcorum</strong></span> <span class='ocrx_word' id='word_1_421' title='bbox 1759 3385 1848 3422; x_wconf 80' lang='lat' dir='ltr'><strong>cr-</strong></span> 
     </span>
    </p>
   </div>
   <div class='ocr_carea' id='block_1_64' title="bbox 236 3460 1848 3528">
    <p class='ocr_par' dir='ltr' id='par_1_64' title="bbox 236 3460 1848 3528">
     <span class='ocr_line' id='line_1_64' title="bbox 236 3460 1848 3528; baseline 0.001 -14"><span class='ocrx_word' id='word_1_422' title='bbox 236 3473 385 3514; x_wconf 84' lang='lat' dir='ltr'><strong>rore</strong></span> <span class='ocrx_word' id='word_1_423' title='bbox 435 3472 504 3514; x_wconf 84' lang='lat' dir='ltr'><strong>ac</strong></span> <span class='ocrx_word' id='word_1_424' title='bbox 552 3460 834 3528; x_wconf 81' lang='lat' dir='ltr'><strong>impietate</strong></span> <span class='ocrx_word' id='word_1_425' title='bbox 894 3460 1188 3528; x_wconf 84' lang='lat' dir='ltr'><strong>inducant;</strong></span> <span class='ocrx_word' id='word_1_426' title='bbox 1242 3462 1450 3517; x_wconf 81' lang='lat' dir='ltr'><strong>alienos</strong></span> <span class='ocrx_word' id='word_1_427' title='bbox 1489 3476 1519 3515; x_wconf 89' lang='lat' dir='ltr'><strong>a</strong></span> <span class='ocrx_word' id='word_1_428' title='bbox 1549 3460 1708 3518; x_wconf 81' lang='lat' dir='ltr'><strong>Patre</strong></span> <span class='ocrx_word' id='word_1_429' title='bbox 1730 3460 1848 3516; x_wconf 76' lang='lat' dir='ltr'><strong>eili-</strong></span> 
     </span>
    </p>
   </div>
   <div class='ocr_carea' id='block_1_65' title="bbox 243 3550 1852 3624">
    <p class='ocr_par' dir='ltr' id='par_1_65' title="bbox 243 3550 1852 3624">
     <span class='ocr_line' id='line_1_65' title="bbox 243 3550 1852 3624; baseline 0.006 -23"><span class='ocrx_word' id='word_1_430' title='bbox 243 3551 443 3616; x_wconf 72' lang='lat' dir='ltr'><strong>ciunt,</strong></span> <span class='ocrx_word' id='word_1_431' title='bbox 472 3550 562 3619; x_wconf 82' lang='lat' dir='ltr'><strong>qui</strong></span> <span class='ocrx_word' id='word_1_432' title='bbox 595 3560 722 3606; x_wconf 86' lang='lat' dir='ltr'><strong>sunt</strong></span> <span class='ocrx_word' id='word_1_433' title='bbox 747 3567 813 3608; x_wconf 76' lang='lat' dir='ltr'><strong>ex</strong></span> <span class='ocrx_word' id='word_1_434' title='bbox 842 3553 1003 3624; x_wconf 81' lang='lat' dir='ltr'><strong>ipso;</strong></span> <span class='ocrx_word' id='word_1_435' title='bbox 1043 3554 1173 3620; x_wconf 85' lang='lat' dir='ltr'><strong>quin</strong></span> <span class='ocrx_word' id='word_1_436' title='bbox 1210 3565 1263 3608; x_wconf 88' lang='lat' dir='ltr'><strong>et</strong></span> <span class='ocrx_word' id='word_1_437' title='bbox 1295 3554 1444 3624; x_wconf 83' lang='lat' dir='ltr'><strong>ipsos</strong></span> <span class='ocrx_word' id='word_1_438' title='bbox 1466 3555 1608 3611; x_wconf 88' lang='lat' dir='ltr'><strong>inter</strong></span> <span class='ocrx_word' id='word_1_439' title='bbox 1635 3570 1694 3611; x_wconf 80' lang='lat' dir='ltr'><strong>se</strong></span> <span class='ocrx_word' id='word_1_440' title='bbox 1709 3555 1852 3611; x_wconf 56' lang='lat' dir='ltr'><strong>alie»</strong></span> 
     </span>
    </p>
   </div>
   <div class='ocr_carea' id='block_1_66' title="bbox 249 3643 1851 3718">
    <p class='ocr_par' dir='ltr' id='par_1_66' title="bbox 249 3643 1851 3718">
     <span class='ocr_line' id='line_1_66' title="bbox 249 3643 1851 3718; baseline 0.004 -22"><span class='ocrx_word' id='word_1_441' title='bbox 249 3655 370 3696; x_wconf 79' lang='lat' dir='ltr'><strong>nos</strong></span> <span class='ocrx_word' id='word_1_442' title='bbox 422 3643 811 3712; x_wconf 83' lang='lat' dir='ltr'><strong>pronuntiant:</strong></span> <span class='ocrx_word' id='word_1_443' title='bbox 865 3645 1167 3716; x_wconf 82' lang='lat' dir='ltr'><strong>imparibus</strong></span> <span class='ocrx_word' id='word_1_444' title='bbox 1213 3647 1441 3714; x_wconf 78' lang='lat' dir='ltr'><strong>scilicet,</strong></span> <span class='ocrx_word' id='word_1_445' title='bbox 1510 3660 1851 3718; x_wconf 81' lang='lat' dir='ltr'><strong>prorsusqne</strong></span> 
     </span>
    </p>
   </div>
   <div class='ocr_carea' id='block_1_67' title="bbox 249 3731 1856 3808">
    <p class='ocr_par' dir='ltr' id='par_1_67' title="bbox 249 3731 1856 3808">
     <span class='ocr_line' id='line_1_67' title="bbox 249 3731 1856 3808; baseline 0.004 -17"><span class='ocrx_word' id='word_1_446' title='bbox 249 3731 514 3804; x_wconf 71' lang='lat' dir='ltr'><strong>indignis</strong></span> <span class='ocrx_word' id='word_1_447' title='bbox 545 3734 740 3791; x_wconf 86' lang='lat' dir='ltr'><strong>deitate</strong></span> <span class='ocrx_word' id='word_1_448' title='bbox 773 3739 1056 3808; x_wconf 72' lang='lat' dir='ltr'><strong>gradibus,</strong></span> <span class='ocrx_word' id='word_1_449' title='bbox 1087 3738 1283 3795; x_wconf 78' lang='lat' dir='ltr'><strong>Filium</strong></span> <span class='ocrx_word' id='word_1_450' title='bbox 1315 3741 1465 3800; x_wconf 81' lang='lat' dir='ltr'><strong>Patri</strong></span> <span class='ocrx_word' id='word_1_451' title='bbox 1526 3742 1856 3797; x_wconf 82' lang='lat' dir='ltr'><strong>submitten-</strong></span> 
     </span>
    </p>
   </div>
   <div class='ocr_carea' id='block_1_68' title="bbox 244 3828 1850 3903">
    <p class='ocr_par' dir='ltr' id='par_1_68' title="bbox 244 3828 1850 3903">
     <span class='ocr_line' id='line_1_68' title="bbox 244 3828 1850 3903; baseline 0.004 -19"><span class='ocrx_word' id='word_1_452' title='bbox 244 3838 387 3898; x_wconf 83' lang='lat' dir='ltr'><strong>tcs;</strong></span> <span class='ocrx_word' id='word_1_453' title='bbox 445 3843 512 3886; x_wconf 86' lang='lat' dir='ltr'><strong>ac</strong></span> <span class='ocrx_word' id='word_1_454' title='bbox 541 3828 778 3900; x_wconf 81' lang='lat' dir='ltr'><strong>Spiritus</strong></span> <span class='ocrx_word' id='word_1_455' title='bbox 822 3832 1050 3903; x_wconf 75' lang='lat' dir='ltr'><strong>gloriam</strong></span> <span class='ocrx_word' id='word_1_456' title='bbox 1107 3832 1230 3888; x_wconf 79' lang='lat' dir='ltr'><strong>Filii</strong></span> <span class='ocrx_word' id='word_1_457' title='bbox 1283 3835 1529 3890; x_wconf 75' lang='lat' dir='ltr'><strong>claritate</strong></span> <span class='ocrx_word' id='word_1_458' title='bbox 1556 3836 1850 3900; x_wconf 83' lang='lat' dir='ltr'><strong>minorem,</strong></span> 
     </span>
    </p>
   </div>
   <div class='ocr_carea' id='block_1_69' title="bbox 229 3923 1851 4003">
    <p class='ocr_par' dir='ltr' id='par_1_69' title="bbox 229 3923 1851 4003">
     <span class='ocr_line' id='line_1_69' title="bbox 229 3923 1851 4003; baseline 0.002 -21"><span class='ocrx_word' id='word_1_459' title='bbox 229 3923 649 3992; x_wconf 77' lang='lat' dir='ltr'><strong>detrahentes;</strong></span> <span class='ocrx_word' id='word_1_460' title='bbox 682 3927 812 3996; x_wconf 87' lang='lat' dir='ltr'><strong>quin</strong></span> <span class='ocrx_word' id='word_1_461' title='bbox 848 3925 1025 3996; x_wconf 81' lang='lat' dir='ltr'><strong>potius</strong></span> <span class='ocrx_word' id='word_1_462' title='bbox 1069 3928 1168 3998; x_wconf 86' lang='lat' dir='ltr'><strong>ipsi</strong></span> <span class='ocrx_word' id='word_1_463' title='bbox 1199 3943 1258 3982; x_wconf 86' lang='lat' dir='ltr'><strong>se</strong></span> <span class='ocrx_word' id='word_1_464' title='bbox 1295 3946 1399 3983; x_wconf 84' lang='lat' dir='ltr'><strong>una</strong></span> <span class='ocrx_word' id='word_1_465' title='bbox 1460 3946 1523 3986; x_wconf 80' lang='lat' dir='ltr'><strong>ac</strong></span> <span class='ocrx_word' id='word_1_466' title='bbox 1585 3930 1851 4003; x_wconf 74' lang='lat' dir='ltr'><strong>singulari</strong></span> 
     </span>
    </p>
   </div>
   <div class='ocr_carea' id='block_1_70' title="bbox 234 4017 1853 4094">
    <p class='ocr_par' dir='ltr' id='par_1_70' title="bbox 234 4017 1853 4094">
     <span class='ocr_line' id='line_1_70' title="bbox 234 4017 1853 4094; baseline 0.004 -21"><span class='ocrx_word' id='word_1_467' title='bbox 234 4023 464 4074; x_wconf 81' lang='lat' dir='ltr'><strong>deitate</strong></span> <span class='ocrx_word' id='word_1_468' title='bbox 521 4018 686 4090; x_wconf 72' lang='lat' dir='ltr'><strong>longe</strong></span> <span class='ocrx_word' id='word_1_469' title='bbox 725 4017 1064 4086; x_wconf 60' lang='lat' dir='ltr'><strong>abdicauit-5,</strong></span> <span class='ocrx_word' id='word_1_470' title='bbox 1095 4022 1372 4078; x_wconf 80' lang='lat' dir='ltr'><strong>extraneis</strong></span> <span class='ocrx_word' id='word_1_471' title='bbox 1421 4032 1585 4094; x_wconf 85' lang='lat' dir='ltr'><strong>atque</strong></span> <span class='ocrx_word' id='word_1_472' title='bbox 1626 4023 1853 4079; x_wconf 84' lang='lat' dir='ltr'><strong>absonis</strong></span> 
     </span>
    </p>
   </div>
   <div class='ocr_carea' id='block_1_71' title="bbox 237 4110 1563 4180">
    <p class='ocr_par' dir='ltr' id='par_1_71' title="bbox 237 4110 1563 4180">
     <span class='ocr_line' id='line_1_71' title="bbox 237 4110 1563 4180; baseline 0.003 -16"><span class='ocrx_word' id='word_1_473' title='bbox 237 4110 621 4180; x_wconf 79' lang='lat' dir='ltr'><strong>opinionibus</strong></span> <span class='ocrx_word' id='word_1_474' title='bbox 647 4110 738 4163; x_wconf 82' lang='lat' dir='ltr'><strong>alii</strong></span> <span class='ocrx_word' id='word_1_475' title='bbox 765 4110 817 4163; x_wconf 86' lang='lat' dir='ltr'><strong>in</strong></span> <span class='ocrx_word' id='word_1_476' title='bbox 845 4110 982 4164; x_wconf 82' lang='lat' dir='ltr'><strong>alios</strong></span> <span class='ocrx_word' id='word_1_477' title='bbox 1012 4111 1210 4165; x_wconf 84' lang='lat' dir='ltr'><strong>merito</strong></span> <span class='ocrx_word' id='word_1_478' title='bbox 1245 4113 1563 4169; x_wconf 76' lang='lat' dir='ltr'><strong>incitantur.</strong></span> 
     </span>
    </p>
   </div>
   <div class='ocr_carea' id='block_1_72' title="bbox 328 4202 1852 4275">
    <p class='ocr_par' dir='ltr' id='par_1_72' title="bbox 328 4202 1852 4275">
     <span class='ocr_line' id='line_1_72' title="bbox 328 4202 1852 4275; baseline 0.003 -18"><span class='ocrx_word' id='word_1_479' title='bbox 328 4203 446 4258; x_wconf 76' lang='lat' dir='ltr'><strong>Eos</strong></span> <span class='ocrx_word' id='word_1_480' title='bbox 478 4202 648 4266; x_wconf 85' lang='lat' dir='ltr'><strong>enim,</strong></span> <span class='ocrx_word' id='word_1_481' title='bbox 675 4203 766 4272; x_wconf 80' lang='lat' dir='ltr'><strong>qui</strong></span> <span class='ocrx_word' id='word_1_482' title='bbox 803 4220 830 4256; x_wconf 83' lang='lat' dir='ltr'><strong>a</strong></span> <span class='ocrx_word' id='word_1_483' title='bbox 862 4203 1045 4258; x_wconf 75' lang='lat' dir='ltr'><strong>medio</strong></span> <span class='ocrx_word' id='word_1_484' title='bbox 1076 4213 1484 4269; x_wconf 74' lang='lat' dir='ltr'><strong>exerr’arcrant,</strong></span> <span class='ocrx_word' id='word_1_485' title='bbox 1513 4215 1677 4275; x_wconf 85' lang='lat' dir='ltr'><strong>atque</strong></span> <span class='ocrx_word' id='word_1_486' title='bbox 1701 4221 1730 4260; x_wconf 86' lang='lat' dir='ltr'><strong>a</strong></span> <span class='ocrx_word' id='word_1_487' title='bbox 1765 4223 1852 4261; x_wconf 87' lang='lat' dir='ltr'><strong>re-</strong></span> 
     </span>
    </p>
   </div>
   <div class='ocr_carea' id='block_1_73' title="bbox 234 4295 1857 4368">
    <p class='ocr_par' dir='ltr' id='par_1_73' title="bbox 234 4295 1857 4368">
     <span class='ocr_line' id='line_1_73' title="bbox 234 4295 1857 4368; baseline 0.001 -15"><span class='ocrx_word' id='word_1_488' title='bbox 234 4301 345 4368; x_wconf 79' lang='lat' dir='ltr'><strong>gia</strong></span> <span class='ocrx_word' id='word_1_489' title='bbox 386 4295 805 4350; x_wconf 72' lang='lat' dir='ltr'><strong>declinaverunt</strong></span> <span class='ocrx_word' id='word_1_490' title='bbox 850 4296 928 4364; x_wconf 82' lang='lat' dir='ltr'><strong>(in</strong></span> <span class='ocrx_word' id='word_1_491' title='bbox 979 4313 1086 4366; x_wconf 79' lang='lat' dir='ltr'><strong>qua</strong></span> <span class='ocrx_word' id='word_1_492' title='bbox 1134 4301 1211 4350; x_wconf 89' lang='lat' dir='ltr'><strong>uti</strong></span> <span class='ocrx_word' id='word_1_493' title='bbox 1262 4298 1432 4353; x_wconf 81' lang='lat' dir='ltr'><strong>virtus</strong></span> <span class='ocrx_word' id='word_1_494' title='bbox 1462 4301 1664 4365; x_wconf 86' lang='lat' dir='ltr'><strong>omnis,</strong></span> <span class='ocrx_word' id='word_1_495' title='bbox 1687 4300 1767 4354; x_wconf 88' lang='lat' dir='ltr'><strong>sic</strong></span> <span class='ocrx_word' id='word_1_496' title='bbox 1800 4312 1857 4355; x_wconf 88' lang='lat' dir='ltr'><strong>et</strong></span> 
     </span>
    </p>
   </div>
   <div class='ocr_carea' id='block_1_74' title="bbox 241 4387 1854 4463">
    <p class='ocr_par' dir='ltr' id='par_1_74' title="bbox 241 4387 1854 4463">
     <span class='ocr_line' id='line_1_74' title="bbox 241 4387 1854 4463; baseline 0.002 -20"><span class='ocrx_word' id='word_1_497' title='bbox 241 4387 550 4455; x_wconf 81' lang='lat' dir='ltr'><strong>inculpata</strong></span> <span class='ocrx_word' id='word_1_498' title='bbox 609 4403 855 4457; x_wconf 79' lang='lat' dir='ltr'><strong>puraque</strong></span> <span class='ocrx_word' id='word_1_499' title='bbox 916 4391 1189 4457; x_wconf 73' lang='lat' dir='ltr'><strong>consistit,</strong></span> <span class='ocrx_word' id='word_1_500' title='bbox 1251 4406 1317 4445; x_wconf 84' lang='lat' dir='ltr'><strong>ac</strong></span> <span class='ocrx_word' id='word_1_501' title='bbox 1379 4399 1659 4460; x_wconf 79' lang='lat' dir='ltr'><strong>spectatur</strong></span> <span class='ocrx_word' id='word_1_502' title='bbox 1699 4392 1854 4463; x_wconf 77' lang='lat' dir='ltr'><strong>ﬁdes)</strong></span> 
     </span>
    </p>
   </div>
   <div class='ocr_carea' id='block_1_75' title="bbox 241 4477 1857 4548">
    <p class='ocr_par' dir='ltr' id='par_1_75' title="bbox 241 4477 1857 4548">
     <span class='ocr_line' id='line_1_75' title="bbox 241 4477 1857 4548; baseline 0.003 -15"><span class='ocrx_word' id='word_1_503' title='bbox 241 4477 506 4534; x_wconf 77' lang='lat' dir='ltr'><strong>omnino</strong></span> <span class='ocrx_word' id='word_1_504' title='bbox 559 4494 651 4548; x_wconf 83' lang='lat' dir='ltr'><strong>par</strong></span> <span class='ocrx_word' id='word_1_505' title='bbox 680 4493 817 4540; x_wconf 83' lang='lat' dir='ltr'><strong>erat,</strong></span> <span class='ocrx_word' id='word_1_506' title='bbox 851 4480 1170 4536; x_wconf 75' lang='lat' dir='ltr'><strong>excessibus</strong></span> <span class='ocrx_word' id='word_1_507' title='bbox 1233 4496 1296 4534; x_wconf 83' lang='lat' dir='ltr'><strong>ac</strong></span> <span class='ocrx_word' id='word_1_508' title='bbox 1331 4481 1634 4538; x_wconf 79' lang='lat' dir='ltr'><strong>defectibus</strong></span> <span class='ocrx_word' id='word_1_509' title='bbox 1689 4483 1857 4538; x_wconf 69' lang='lat' dir='ltr'><strong>initte-</strong></span> 
     </span>
    </p>
   </div>
   <div class='ocr_carea' id='block_1_76' title="bbox 1950 3357 3539 3434">
    <p class='ocr_par' dir='ltr' id='par_1_76' title="bbox 1950 3357 3539 3434">
     <span class='ocr_line' id='line_1_76' title="bbox 1950 3357 3539 3434; baseline -0.004 -16"><span class='ocrx_word' id='word_1_510' title='bbox 1950 3377 2241 3434; x_wconf 82' lang='lat' dir='ltr'><strong>apparens,</strong></span> <span class='ocrx_word' id='word_1_511' title='bbox 2308 3360 2565 3434; x_wconf 69' lang='lat' dir='ltr'><strong>procellae</strong></span> <span class='ocrx_word' id='word_1_512' title='bbox 2611 3357 2883 3430; x_wconf 80' lang='lat' dir='ltr'><strong>praecipit,</strong></span> <span class='ocrx_word' id='word_1_513' title='bbox 2928 3368 3094 3430; x_wconf 83' lang='lat' dir='ltr'><strong>atque</strong></span> <span class='ocrx_word' id='word_1_514' title='bbox 3151 3358 3204 3412; x_wconf 91' lang='lat' dir='ltr'><strong>in</strong></span> <span class='ocrx_word' id='word_1_515' title='bbox 3239 3371 3437 3412; x_wconf 83' lang='lat' dir='ltr'><strong>auram</strong></span> <span class='ocrx_word' id='word_1_516' title='bbox 3465 3357 3539 3424; x_wconf 83' lang='grc'><strong>⁸⁸,</strong></span> 
     </span>
    </p>
   </div>
   <div class='ocr_carea' id='block_1_77' title="bbox 1949 3452 2943 3530">
    <p class='ocr_par' dir='ltr' id='par_1_77' title="bbox 1949 3452 2943 3530">
     <span class='ocr_line' id='line_1_77' title="bbox 1949 3452 2943 3530; baseline -0.003 -17"><span class='ocrx_word' id='word_1_517' title='bbox 1949 3459 2071 3530; x_wconf 81' lang='lat' dir='ltr'><strong>ejus</strong></span> <span class='ocrx_word' id='word_1_518' title='bbox 2103 3457 2362 3514; x_wconf 74' lang='lat' dir='ltr'><strong>ﬂuctibus</strong></span> <span class='ocrx_word' id='word_1_519' title='bbox 2396 3455 2707 3523; x_wconf 79' lang='lat' dir='ltr'><strong>silentibus,</strong></span> <span class='ocrx_word' id='word_1_520' title='bbox 2732 3452 2943 3510; x_wconf 83' lang='lat' dir='ltr'><strong>statuit.</strong></span> 
     </span>
    </p>
   </div>
   <div class='ocr_carea' id='block_1_78' title="bbox 2023 3541 3544 3619">
    <p class='ocr_par' dir='ltr' id='par_1_78' title="bbox 2023 3541 3544 3619">
     <span class='ocr_line' id='line_1_78' title="bbox 2023 3541 3544 3619; baseline -0.001 -17"><span class='ocrx_word' id='word_1_521' title='bbox 2023 3547 2090 3605; x_wconf 75' lang='lat' dir='ltr'><strong>At</strong></span> <span class='ocrx_word' id='word_1_522' title='bbox 2112 3562 2351 3619; x_wconf 61' lang='lat' dir='ltr'><strong>«tunsam</strong></span> <span class='ocrx_word' id='word_1_523' title='bbox 2374 3547 2428 3603; x_wconf 85' lang='lat' dir='ltr'><strong>id</strong></span> <span class='ocrx_word' id='word_1_524' title='bbox 2459 3543 2655 3602; x_wconf 78' lang='lat' dir='ltr'><strong>modo?</strong></span> <span class='ocrx_word' id='word_1_525' title='bbox 2684 3541 2788 3600; x_wconf 83' lang='lat' dir='ltr'><strong>Hie</strong></span> <span class='ocrx_word' id='word_1_526' title='bbox 2819 3544 2952 3598; x_wconf 82' lang='lat' dir='ltr'><strong>mihi</strong></span> <span class='ocrx_word' id='word_1_527' title='bbox 2987 3541 3324 3599; x_wconf 66' lang='lat' dir='ltr'><strong>narrationis</strong></span> <span class='ocrx_word' id='word_1_528' title='bbox 3346 3554 3544 3600; x_wconf 82' lang='lat' dir='ltr'><strong>vernat</strong></span> 
     </span>
    </p>
   </div>
   <div class='ocr_carea' id='block_1_79' title="bbox 1953 3631 3545 3708">
    <p class='ocr_par' dir='ltr' id='par_1_79' title="bbox 1953 3631 3545 3708">
     <span class='ocr_line' id='line_1_79' title="bbox 1953 3631 3545 3708; baseline -0.004 -12"><span class='ocrx_word' id='word_1_529' title='bbox 1953 3639 2208 3696; x_wconf 84' lang='lat' dir='ltr'><strong>amabilis</strong></span> <span class='ocrx_word' id='word_1_530' title='bbox 2266 3647 2616 3708; x_wconf 82' lang='lat' dir='ltr'><strong>conspectus.</strong></span> <span class='ocrx_word' id='word_1_531' title='bbox 2693 3631 3000 3705; x_wconf 75' lang='lat' dir='ltr'><strong>ingreditur</strong></span> <span class='ocrx_word' id='word_1_532' title='bbox 3052 3632 3399 3705; x_wconf 82' lang='lat' dir='ltr'><strong>Byzantium,</strong></span> <span class='ocrx_word' id='word_1_533' title='bbox 3430 3647 3545 3690; x_wconf 87' lang='lat' dir='ltr'><strong>non</strong></span> 
     </span>
    </p>
   </div>
   <div class='ocr_carea' id='block_1_80' title="bbox 1953 3723 3546 3802">
    <p class='ocr_par' dir='ltr' id='par_1_80' title="bbox 1953 3723 3546 3802">
     <span class='ocr_line' id='line_1_80' title="bbox 1953 3723 3546 3802; baseline -0.009 -9"><span class='ocrx_word' id='word_1_534' title='bbox 1953 3733 2250 3793; x_wconf 82' lang='lat' dir='ltr'><strong>satellitum</strong></span> <span class='ocrx_word' id='word_1_535' title='bbox 2278 3746 2474 3802; x_wconf 76' lang='lat' dir='ltr'><strong>agmen</strong></span> <span class='ocrx_word' id='word_1_536' title='bbox 2506 3728 2806 3792; x_wconf 82' lang='lat' dir='ltr'><strong>adducens,</strong></span> <span class='ocrx_word' id='word_1_537' title='bbox 2847 3723 2943 3782; x_wconf 84' lang='lat' dir='ltr'><strong>sed</strong></span> <span class='ocrx_word' id='word_1_538' title='bbox 2970 3724 3268 3782; x_wconf 77' lang='lat' dir='ltr'><strong>virtutibus</strong></span> <span class='ocrx_word' id='word_1_539' title='bbox 3300 3725 3546 3780; x_wconf 86' lang='lat' dir='ltr'><strong>circum-</strong></span> 
     </span>
    </p>
   </div>
   <div class='ocr_carea' id='block_1_81' title="bbox 1954 3816 3544 3898">
    <p class='ocr_par' dir='ltr' id='par_1_81' title="bbox 1954 3816 3544 3898">
     <span class='ocr_line' id='line_1_81' title="bbox 1954 3816 3544 3898; baseline -0.007 -16"><span class='ocrx_word' id='word_1_540' title='bbox 1954 3825 2307 3898; x_wconf 85' lang='lat' dir='ltr'><strong>stipantibus.</strong></span> <span class='ocrx_word' id='word_1_541' title='bbox 2331 3820 2450 3876; x_wconf 78' lang='lat' dir='ltr'><strong>Non</strong></span> <span class='ocrx_word' id='word_1_542' title='bbox 2482 3835 2704 3886; x_wconf 86' lang='lat' dir='ltr'><strong>aurum,</strong></span> <span class='ocrx_word' id='word_1_543' title='bbox 2736 3832 2843 3872; x_wconf 87' lang='lat' dir='ltr'><strong>non</strong></span> <span class='ocrx_word' id='word_1_544' title='bbox 2881 3826 3193 3888; x_wconf 79' lang='lat' dir='ltr'><strong>argentum,</strong></span> <span class='ocrx_word' id='word_1_545' title='bbox 3231 3831 3337 3871; x_wconf 91' lang='lat' dir='ltr'><strong>non</strong></span> <span class='ocrx_word' id='word_1_546' title='bbox 3365 3830 3442 3871; x_wconf 64' lang='grc' dir='ltr'><strong>ωε</strong></span> <span class='ocrx_word' id='word_1_547' title='bbox 3483 3816 3544 3871; x_wconf 88' lang='lat' dir='ltr'><strong>iu</strong></span> 
     </span>
    </p>
   </div>
   <div class='ocr_carea' id='block_1_82' title="bbox 1955 3909 3548 3984">
    <p class='ocr_par' dir='ltr' id='par_1_82' title="bbox 1955 3909 3548 3984">
     <span class='ocr_line' id='line_1_82' title="bbox 1955 3909 3548 3984; baseline -0.005 -10"><span class='ocrx_word' id='word_1_548' title='bbox 1955 3933 2092 3974; x_wconf 76' lang='lat' dir='ltr'><strong>zona</strong></span> <span class='ocrx_word' id='word_1_549' title='bbox 2147 3917 2382 3984; x_wconf 81' lang='lat' dir='ltr'><strong>habens;</strong></span> <span class='ocrx_word' id='word_1_550' title='bbox 2441 3913 2535 3969; x_wconf 86' lang='lat' dir='ltr'><strong>sed</strong></span> <span class='ocrx_word' id='word_1_551' title='bbox 2596 3909 2721 3978; x_wconf 84' lang='lat' dir='ltr'><strong>ilde,</strong></span> <span class='ocrx_word' id='word_1_552' title='bbox 2771 3927 2888 3984; x_wconf 88' lang='lat' dir='ltr'><strong>spe,</strong></span> <span class='ocrx_word' id='word_1_553' title='bbox 2942 3926 3008 3967; x_wconf 90' lang='lat' dir='ltr'><strong>ac</strong></span> <span class='ocrx_word' id='word_1_554' title='bbox 3073 3911 3363 3979; x_wconf 83' lang='lat' dir='ltr'><strong>cbaritate,</strong></span> <span class='ocrx_word' id='word_1_555' title='bbox 3397 3909 3548 3966; x_wconf 83' lang='lat' dir='ltr'><strong>velut</strong></span> 
     </span>
    </p>
   </div>
   <div class='ocr_carea' id='block_1_83' title="bbox 1956 4001 3546 4079">
    <p class='ocr_par' dir='ltr' id='par_1_83' title="bbox 1956 4001 3546 4079">
     <span class='ocr_line' id='line_1_83' title="bbox 1956 4001 3546 4079; baseline -0.004 -14"><span class='ocrx_word' id='word_1_556' title='bbox 1956 4009 2163 4065; x_wconf 84' lang='lat' dir='ltr'><strong>mundo</strong></span> <span class='ocrx_word' id='word_1_557' title='bbox 2189 4005 2571 4079; x_wconf 81' lang='lat' dir='ltr'><strong>praestantiore</strong></span> <span class='ocrx_word' id='word_1_558' title='bbox 2595 4021 2760 4075; x_wconf 84' lang='lat' dir='ltr'><strong>quam</strong></span> <span class='ocrx_word' id='word_1_559' title='bbox 2790 4017 2890 4075; x_wconf 85' lang='lat' dir='ltr'><strong>pro</strong></span> <span class='ocrx_word' id='word_1_560' title='bbox 2939 4002 3130 4058; x_wconf 84' lang='lat' dir='ltr'><strong>mundi</strong></span> <span class='ocrx_word' id='word_1_561' title='bbox 3179 4001 3295 4073; x_wconf 84' lang='lat' dir='ltr'><strong>ipsa</strong></span> <span class='ocrx_word' id='word_1_562' title='bbox 3325 4002 3546 4058; x_wconf 83' lang='lat' dir='ltr'><strong>ratione</strong></span> 
     </span>
    </p>
   </div>
   <div class='ocr_carea' id='block_1_84' title="bbox 1955 4094 3547 4166">
    <p class='ocr_par' dir='ltr' id='par_1_84' title="bbox 1955 4094 3547 4166">
     <span class='ocr_line' id='line_1_84' title="bbox 1955 4094 3547 4166; baseline -0.004 -9"><span class='ocrx_word' id='word_1_563' title='bbox 1955 4101 2266 4157; x_wconf 76' lang='lat' dir='ltr'><strong>redimitus.</strong></span> <span class='ocrx_word' id='word_1_564' title='bbox 2329 4097 2447 4153; x_wconf 81' lang='lat' dir='ltr'><strong>Non</strong></span> <span class='ocrx_word' id='word_1_565' title='bbox 2503 4095 2773 4166; x_wconf 83' lang='lat' dir='ltr'><strong>pretiosas</strong></span> <span class='ocrx_word' id='word_1_566' title='bbox 2828 4102 3051 4162; x_wconf 78' lang='lat' dir='ltr'><strong>vestes,</strong></span> <span class='ocrx_word' id='word_1_567' title='bbox 3104 4107 3213 4149; x_wconf 85' lang='lat' dir='ltr'><strong>non</strong></span> <span class='ocrx_word' id='word_1_568' title='bbox 3272 4094 3547 4150; x_wconf 85' lang='lat' dir='ltr'><strong>mulorum</strong></span> 
     </span>
    </p>
   </div>
   <div class='ocr_carea' id='block_1_85' title="bbox 1957 4185 3546 4253">
    <p class='ocr_par' dir='ltr' id='par_1_85' title="bbox 1957 4185 3546 4253">
     <span class='ocr_line' id='line_1_85' title="bbox 1957 4185 3546 4253; baseline -0.006 -2"><span class='ocrx_word' id='word_1_569' title='bbox 1957 4191 2330 4251; x_wconf 77' lang='lat' dir='ltr'><strong>convehendis</strong></span> <span class='ocrx_word' id='word_1_570' title='bbox 2399 4188 2632 4246; x_wconf 79' lang='lat' dir='ltr'><strong>sarcinis</strong></span> <span class='ocrx_word' id='word_1_571' title='bbox 2704 4187 3153 4253; x_wconf 81' lang='lat' dir='ltr'><strong>multitudinem;</strong></span> <span class='ocrx_word' id='word_1_572' title='bbox 3215 4201 3330 4242; x_wconf 90' lang='lat' dir='ltr'><strong>non</strong></span> <span class='ocrx_word' id='word_1_573' title='bbox 3399 4185 3546 4242; x_wconf 83' lang='lat' dir='ltr'><strong>aliud</strong></span> 
     </span>
    </p>
   </div>
   <div class='ocr_carea' id='block_1_86' title="bbox 1958 4279 3550 4359">
    <p class='ocr_par' dir='ltr' id='par_1_86' title="bbox 1958 4279 3550 4359">
     <span class='ocr_line' id='line_1_86' title="bbox 1958 4279 3550 4359; baseline -0.001 -22"><span class='ocrx_word' id='word_1_574' title='bbox 1958 4289 2280 4359; x_wconf 73' lang='lat' dir='ltr'><strong>quidquam,</strong></span> <span class='ocrx_word' id='word_1_575' title='bbox 2319 4285 2402 4339; x_wconf 80' lang='lat' dir='ltr'><strong>vel</strong></span> <span class='ocrx_word' id='word_1_576' title='bbox 2424 4281 2707 4354; x_wconf 78' lang='lat' dir='ltr'><strong>exiguum,</strong></span> <span class='ocrx_word' id='word_1_577' title='bbox 2744 4282 2828 4336; x_wconf 79' lang='lat' dir='ltr'><strong>vel</strong></span> <span class='ocrx_word' id='word_1_578' title='bbox 2860 4295 3141 4351; x_wconf 78' lang='lat' dir='ltr'><strong>magnum,</strong></span> <span class='ocrx_word' id='word_1_579' title='bbox 3193 4279 3262 4335; x_wconf 87' lang='lat' dir='ltr'><strong>iis</strong></span> <span class='ocrx_word' id='word_1_580' title='bbox 3284 4293 3351 4335; x_wconf 74' lang='lat' dir='ltr'><strong>ex</strong></span> <span class='ocrx_word' id='word_1_581' title='bbox 3384 4279 3550 4335; x_wconf 81' lang='lat' dir='ltr'><strong>rebus</strong></span> 
     </span>
    </p>
   </div>
   <div class='ocr_carea' id='block_1_87' title="bbox 1959 4370 3551 4451">
    <p class='ocr_par' dir='ltr' id='par_1_87' title="bbox 1959 4370 3551 4451">
     <span class='ocr_line' id='line_1_87' title="bbox 1959 4370 3551 4451; baseline -0.004 -17"><span class='ocrx_word' id='word_1_582' title='bbox 1959 4396 2095 4451; x_wconf 63' lang='lat' dir='ltr'><strong>(pias</strong></span> <span class='ocrx_word' id='word_1_583' title='bbox 2126 4385 2470 4448; x_wconf 78' lang='lat' dir='ltr'><strong>comportare</strong></span> <span class='ocrx_word' id='word_1_584' title='bbox 2500 4375 2672 4430; x_wconf 84' lang='lat' dir='ltr'><strong>moris</strong></span> <span class='ocrx_word' id='word_1_585' title='bbox 2699 4383 2786 4429; x_wconf 88' lang='lat' dir='ltr'><strong>est</strong></span> <span class='ocrx_word' id='word_1_586' title='bbox 2807 4372 2940 4427; x_wconf 66' lang='lat' dir='ltr'><strong>viris</strong></span> <span class='ocrx_word' id='word_1_587' title='bbox 2968 4373 3097 4425; x_wconf 79' lang='lat' dir='ltr'><strong>luxu</strong></span> <span class='ocrx_word' id='word_1_588' title='bbox 3124 4370 3454 4444; x_wconf 68' lang='lat' dir='ltr'><strong>magnificis.</strong></span> <span class='ocrx_word' id='word_1_589' title='bbox 3484 4386 3551 4428; x_wconf 84' lang='lat' dir='ltr'><strong>ae</strong></span> 
     </span>
    </p>
   </div>
   <div class='ocr_carea' id='block_1_88' title="bbox 1961 4464 3552 4540">
    <p class='ocr_par' dir='ltr' id='par_1_88' title="bbox 1961 4464 3552 4540">
     <span class='ocr_line' id='line_1_88' title="bbox 1961 4464 3552 4540; baseline -0.006 -11"><span class='ocrx_word' id='word_1_590' title='bbox 1961 4472 2147 4529; x_wconf 74' lang='lat' dir='ltr'><strong>carnis</strong></span> <span class='ocrx_word' id='word_1_591' title='bbox 2172 4486 2364 4526; x_wconf 82' lang='lat' dir='ltr'><strong>curam</strong></span> <span class='ocrx_word' id='word_1_592' title='bbox 2399 4468 2713 4540; x_wconf 79' lang='lat' dir='ltr'><strong>agentibus,</strong></span> <span class='ocrx_word' id='word_1_593' title='bbox 2747 4467 2987 4522; x_wconf 72' lang='lat' dir='ltr'><strong>inferens</strong></span> <span class='ocrx_word' id='word_1_594' title='bbox 3013 4483 3030 4535; x_wconf 85' lang='lat'><strong>;</strong></span> <span class='ocrx_word' id='word_1_595' title='bbox 3055 4467 3150 4522; x_wconf 81' lang='lat' dir='ltr'><strong>sed</strong></span> <span class='ocrx_word' id='word_1_596' title='bbox 3177 4464 3313 4522; x_wconf 79' lang='lat' dir='ltr'><strong>&#39;Jesu</strong></span> <span class='ocrx_word' id='word_1_597' title='bbox 3333 4466 3552 4538; x_wconf 80' lang='lat' dir='ltr'><strong>sapien-</strong></span> 
     </span>
    </p>
   </div>
   <div class='ocr_carea' id='block_1_89' title="bbox 237 4555 3554 4649">
    <p class='ocr_par' dir='ltr' id='par_1_89' title="bbox 237 4555 3554 4649">
     <span class='ocr_line' id='line_1_89' title="bbox 237 4555 3554 4649; baseline -0.001 -22"><span class='ocrx_word' id='word_1_598' title='bbox 237 4581 486 4634; x_wconf 79' lang='lat' dir='ltr'><strong>rentes,</strong></span> <span class='ocrx_word' id='word_1_599' title='bbox 513 4569 566 4623; x_wconf 82' lang='lat' dir='ltr'><strong>in</strong></span> <span class='ocrx_word' id='word_1_600' title='bbox 591 4569 884 4626; x_wconf 78' lang='lat' dir='ltr'><strong>nimietatis</strong></span> <span class='ocrx_word' id='word_1_601' title='bbox 903 4573 1097 4627; x_wconf 79' lang='lat' dir='ltr'><strong>scirtcs</strong></span> <span class='ocrx_word' id='word_1_602' title='bbox 1132 4575 1442 4639; x_wconf 69' lang='lat' dir='ltr'><strong>incurrere;</strong></span> <span class='ocrx_word' id='word_1_603' title='bbox 1470 4589 1857 4646; x_wconf 73' lang='lat' dir='ltr'><strong>postremoque</strong></span> <span class='ocrx_word' id='word_1_604' title='bbox 1891 4591 1936 4649; x_wconf 70' lang='grc' dir='ltr'><strong>ί)</strong></span> <span class='ocrx_word' id='word_1_605' title='bbox 1963 4566 2092 4618; x_wconf 59' lang='lat' dir='ltr'><strong>liam</strong></span> <span class='ocrx_word' id='word_1_606' title='bbox 2156 4578 2218 4616; x_wconf 65' lang='lat' dir='ltr'><strong>ac</strong></span> <span class='ocrx_word' id='word_1_607' title='bbox 2252 4562 2607 4625; x_wconf 59' lang='lat' dir='ltr'><strong>mutii-Mem;</strong></span> <span class='ocrx_word' id='word_1_608' title='bbox 2640 4558 2973 4625; x_wconf 60' lang='grc' dir='ltr'><strong>ειιὶι-ωηιιυθι</strong></span> <span class='ocrx_word' id='word_1_609' title='bbox 2999 4555 3262 4628; x_wconf 57' lang='grc' dir='ltr'><strong>δρτθδεοίίε</strong></span> <span class='ocrx_word' id='word_1_610' title='bbox 3317 4556 3554 4649; x_wconf 52' lang='lat' dir='ltr'><strong>Pamm&#39;</strong></span> 
     </span>
    </p>
   </div>
   <div class='ocr_carea' id='block_1_90' title="bbox 235 4662 1854 4739">
    <p class='ocr_par' dir='ltr' id='par_1_90' title="bbox 235 4662 1854 4739">
     <span class='ocr_line' id='line_1_90' title="bbox 235 4662 1854 4739; baseline 0.004 -21"><span class='ocrx_word' id='word_1_611' title='bbox 235 4673 310 4724; x_wconf 67' lang='lat' dir='ltr'><strong>in</strong></span> <span class='ocrx_word' id='word_1_612' title='bbox 393 4662 835 4720; x_wconf 77' lang='lat' dir='ltr'><strong>contrarietatem</strong></span> <span class='ocrx_word' id='word_1_613' title='bbox 889 4666 1136 4734; x_wconf 75' lang='lat' dir='ltr'><strong>dissidio,</strong></span> <span class='ocrx_word' id='word_1_614' title='bbox 1185 4668 1610 4738; x_wconf 69' lang='lat' dir='ltr'><strong>inimicitiasth</strong></span> <span class='ocrx_word' id='word_1_615' title='bbox 1666 4685 1854 4739; x_wconf 78' lang='lat' dir='ltr'><strong>prore-</strong></span> 
     </span>
    </p>
   </div>
   <div class='ocr_carea' id='block_1_91' title="bbox 222 4753 1858 4833">
    <p class='ocr_par' dir='ltr' id='par_1_91' title="bbox 222 4753 1858 4833">
     <span class='ocr_line' id='line_1_91' title="bbox 222 4753 1858 4833; baseline -0.002 -21"><span class='ocrx_word' id='word_1_616' title='bbox 222 4771 420 4833; x_wconf 65' lang='grc' dir='ltr'><strong>μετέ.</strong></span> <span class='ocrx_word' id='word_1_617' title='bbox 469 4753 636 4824; x_wconf 81' lang='lat' dir='ltr'><strong>idque</strong></span> <span class='ocrx_word' id='word_1_618' title='bbox 669 4757 802 4810; x_wconf 83' lang='lat' dir='ltr'><strong>adeo</strong></span> <span class='ocrx_word' id='word_1_619' title='bbox 842 4757 1302 4826; x_wconf 80' lang='lat' dir='ltr'><strong>quemadmodum</strong></span> <span class='ocrx_word' id='word_1_620' title='bbox 1364 4758 1505 4822; x_wconf 82' lang='lat' dir='ltr'><strong>istis,</strong></span> <span class='ocrx_word' id='word_1_621' title='bbox 1543 4762 1592 4812; x_wconf 89' lang='lat' dir='ltr'><strong>in</strong></span> <span class='ocrx_word' id='word_1_622' title='bbox 1637 4759 1705 4813; x_wconf 87' lang='lat' dir='ltr'><strong>iis</strong></span> <span class='ocrx_word' id='word_1_623' title='bbox 1736 4777 1858 4830; x_wconf 74' lang='lat' dir='ltr'><strong>quae</strong></span> 
     </span>
    </p>
   </div>
   <div class='ocr_carea' id='block_1_92' title="bbox 219 4844 1859 4916">
    <p class='ocr_par' dir='ltr' id='par_1_92' title="bbox 219 4844 1859 4916">
     <span class='ocr_line' id='line_1_92' title="bbox 219 4844 1859 4916; baseline -0.002 -9"><span class='ocrx_word' id='word_1_624' title='bbox 219 4852 312 4907; x_wconf 73' lang='lat' dir='ltr'><strong>ad</strong></span> <span class='ocrx_word' id='word_1_625' title='bbox 352 4845 572 4902; x_wconf 79' lang='lat' dir='ltr'><strong>trinam</strong></span> <span class='ocrx_word' id='word_1_626' title='bbox 606 4844 868 4900; x_wconf 82' lang='lat' dir='ltr'><strong>Deitatem</strong></span> <span class='ocrx_word' id='word_1_627' title='bbox 899 4856 1165 4916; x_wconf 78' lang='lat' dir='ltr'><strong>spectant,</strong></span> <span class='ocrx_word' id='word_1_628' title='bbox 1203 4848 1275 4901; x_wconf 78' lang='lat' dir='ltr'><strong>ita</strong></span> <span class='ocrx_word' id='word_1_629' title='bbox 1311 4863 1503 4902; x_wconf 78' lang='lat' dir='ltr'><strong>rursus</strong></span> <span class='ocrx_word' id='word_1_630' title='bbox 1530 4849 1674 4911; x_wconf 75' lang='lat' dir='ltr'><strong>aliis,</strong></span> <span class='ocrx_word' id='word_1_631' title='bbox 1705 4848 1761 4902; x_wconf 88' lang='lat' dir='ltr'><strong>in</strong></span> <span class='ocrx_word' id='word_1_632' title='bbox 1795 4849 1859 4904; x_wconf 82' lang='lat' dir='ltr'><strong>iis</strong></span> 
     </span>
    </p>
   </div>
   <div class='ocr_carea' id='block_1_93' title="bbox 217 4935 1854 5013">
    <p class='ocr_par' dir='ltr' id='par_1_93' title="bbox 217 4935 1854 5013">
     <span class='ocr_line' id='line_1_93' title="bbox 217 4935 1854 5013; baseline -0.002 -16"><span class='ocrx_word' id='word_1_633' title='bbox 217 4957 384 5013; x_wconf 76' lang='lat' dir='ltr'><strong>qua:</strong></span> <span class='ocrx_word' id='word_1_634' title='bbox 415 4936 486 4992; x_wconf 83' lang='lat' dir='ltr'><strong>ad</strong></span> <span class='ocrx_word' id='word_1_635' title='bbox 525 4936 621 4991; x_wconf 81' lang='lat' dir='ltr'><strong>Dei</strong></span> <span class='ocrx_word' id='word_1_636' title='bbox 655 4935 817 4991; x_wconf 73' lang='lat' dir='ltr'><strong>Verbi</strong></span> <span class='ocrx_word' id='word_1_637' title='bbox 846 4938 1301 5002; x_wconf 73' lang='lat' dir='ltr'><strong>incarnationem,</strong></span> <span class='ocrx_word' id='word_1_638' title='bbox 1338 4938 1492 4992; x_wconf 79' lang='lat' dir='ltr'><strong>aiunt</strong></span> <span class='ocrx_word' id='word_1_639' title='bbox 1542 4938 1810 4994; x_wconf 74' lang='lat' dir='ltr'><strong>accidisse</strong></span> <span class='ocrx_word' id='word_1_640' title='bbox 1843 4957 1854 4993; x_wconf 84' lang='grc'>;</span> 
     </span>
    </p>
   </div>
   <div class='ocr_carea' id='block_1_94' title="bbox 222 5029 1861 5100">
    <p class='ocr_par' dir='ltr' id='par_1_94' title="bbox 222 5029 1861 5100">
     <span class='ocr_line' id='line_1_94' title="bbox 222 5029 1861 5100; baseline -0.002 -11"><span class='ocrx_word' id='word_1_641' title='bbox 222 5049 387 5089; x_wconf 77' lang='lat' dir='ltr'><strong>curn</strong></span> <span class='ocrx_word' id='word_1_642' title='bbox 423 5044 628 5098; x_wconf 78' lang='lat' dir='ltr'><strong>nempe</strong></span> <span class='ocrx_word' id='word_1_643' title='bbox 664 5029 754 5083; x_wconf 84' lang='lat' dir='ltr'><strong>alii</strong></span> <span class='ocrx_word' id='word_1_644' title='bbox 786 5045 852 5084; x_wconf 81' lang='lat' dir='ltr'><strong>ex</strong></span> <span class='ocrx_word' id='word_1_645' title='bbox 885 5031 1106 5084; x_wconf 75' lang='lat' dir='ltr'><strong>Christo</strong></span> <span class='ocrx_word' id='word_1_646' title='bbox 1135 5030 1338 5100; x_wconf 82' lang='lat' dir='ltr'><strong>duplici</strong></span> <span class='ocrx_word' id='word_1_647' title='bbox 1370 5039 1562 5085; x_wconf 84' lang='lat' dir='ltr'><strong>natura</strong></span> <span class='ocrx_word' id='word_1_648' title='bbox 1588 5031 1727 5086; x_wconf 79' lang='lat' dir='ltr'><strong>duos</strong></span> <span class='ocrx_word' id='word_1_649' title='bbox 1756 5032 1861 5085; x_wconf 82' lang='lat' dir='ltr'><strong>sibi</strong></span> 
     </span>
    </p>
   </div>
   <div class='ocr_carea' id='block_1_95' title="bbox 227 5122 1866 5194">
    <p class='ocr_par' dir='ltr' id='par_1_95' title="bbox 227 5122 1866 5194">
     <span class='ocr_line' id='line_1_95' title="bbox 227 5122 1866 5194; baseline -0.002 -13"><span class='ocrx_word' id='word_1_650' title='bbox 227 5127 444 5194; x_wconf 83' lang='lat' dir='ltr'><strong>Filios</strong></span> <span class='ocrx_word' id='word_1_651' title='bbox 472 5122 818 5178; x_wconf 82' lang='lat' dir='ltr'><strong>inducendos</strong></span> <span class='ocrx_word' id='word_1_652' title='bbox 864 5125 1162 5190; x_wconf 71' lang='lat' dir='ltr'><strong>sentirent;</strong></span> <span class='ocrx_word' id='word_1_653' title='bbox 1194 5123 1287 5178; x_wconf 81' lang='lat' dir='ltr'><strong>alii</strong></span> <span class='ocrx_word' id='word_1_654' title='bbox 1315 5123 1368 5176; x_wconf 87' lang='lat' dir='ltr'><strong>in</strong></span> <span class='ocrx_word' id='word_1_655' title='bbox 1407 5139 1572 5178; x_wconf 85' lang='lat' dir='ltr'><strong>unam</strong></span> <span class='ocrx_word' id='word_1_656' title='bbox 1607 5139 1733 5179; x_wconf 87' lang='lat' dir='ltr'><strong>eum</strong></span> <span class='ocrx_word' id='word_1_657' title='bbox 1762 5139 1866 5178; x_wconf 52' lang='lat' dir='ltr'><strong>na-</strong></span> 
     </span>
    </p>
   </div>
   <div class='ocr_carea' id='block_1_96' title="bbox 237 5216 1866 5287">
    <p class='ocr_par' dir='ltr' id='par_1_96' title="bbox 237 5216 1866 5287">
     <span class='ocr_line' id='line_1_96' title="bbox 237 5216 1866 5287; baseline -0.001 -16"><span class='ocrx_word' id='word_1_658' title='bbox 237 5229 454 5272; x_wconf 81' lang='lat' dir='ltr'><strong>turam</strong></span> <span class='ocrx_word' id='word_1_659' title='bbox 493 5231 559 5270; x_wconf 81' lang='lat' dir='ltr'><strong>ex</strong></span> <span class='ocrx_word' id='word_1_660' title='bbox 605 5230 714 5268; x_wconf 87' lang='lat' dir='ltr'><strong>una</strong></span> <span class='ocrx_word' id='word_1_661' title='bbox 744 5231 990 5287; x_wconf 67' lang='lat' dir='ltr'><strong>personis</strong></span> <span class='ocrx_word' id='word_1_662' title='bbox 1024 5216 1234 5272; x_wconf 82' lang='lat' dir='ltr'><strong>ratione</strong></span> <span class='ocrx_word' id='word_1_663' title='bbox 1267 5225 1524 5286; x_wconf 68' lang='lat' dir='ltr'><strong>cogerent</strong></span> <span class='ocrx_word' id='word_1_664' title='bbox 1556 5235 1571 5269; x_wconf 85' lang='lat'>:</span> <span class='ocrx_word' id='word_1_665' title='bbox 1608 5233 1731 5271; x_wconf 87' lang='lat' dir='ltr'><strong>cum</strong></span> <span class='ocrx_word' id='word_1_666' title='bbox 1769 5232 1866 5287; x_wconf 81' lang='lat' dir='ltr'><strong>par</strong></span> 
     </span>
    </p>
   </div>
   <div class='ocr_carea' id='block_1_97' title="bbox 238 5307 1862 5379">
    <p class='ocr_par' dir='ltr' id='par_1_97' title="bbox 238 5307 1862 5379">
     <span class='ocr_line' id='line_1_97' title="bbox 238 5307 1862 5379; baseline -0.001 -16"><span class='ocrx_word' id='word_1_667' title='bbox 238 5316 428 5364; x_wconf 70' lang='lat' dir='ltr'><strong>esset</strong></span> <span class='ocrx_word' id='word_1_668' title='bbox 453 5307 565 5362; x_wconf 79' lang='lat' dir='ltr'><strong>iilic</strong></span> <span class='ocrx_word' id='word_1_669' title='bbox 602 5313 828 5379; x_wconf 79' lang='lat' dir='ltr'><strong>pariter,</strong></span> <span class='ocrx_word' id='word_1_670' title='bbox 873 5323 1037 5379; x_wconf 70' lang='lat' dir='ltr'><strong>atque</strong></span> <span class='ocrx_word' id='word_1_671' title='bbox 1071 5310 1162 5365; x_wconf 79' lang='lat' dir='ltr'><strong>hic</strong></span> <span class='ocrx_word' id='word_1_672' title='bbox 1191 5311 1401 5364; x_wconf 52' lang='lat' dir='ltr'><strong>horrenti</strong></span> <span class='ocrx_word' id='word_1_673' title='bbox 1445 5311 1693 5364; x_wconf 75' lang='lat' dir='ltr'><strong>terminis</strong></span> <span class='ocrx_word' id='word_1_674' title='bbox 1728 5310 1862 5364; x_wconf 84' lang='lat' dir='ltr'><strong>insi-</strong></span> 
     </span>
    </p>
   </div>
   <div class='ocr_carea' id='block_1_98' title="bbox 246 5403 1871 5475">
    <p class='ocr_par' dir='ltr' id='par_1_98' title="bbox 246 5403 1871 5475">
     <span class='ocr_line' id='line_1_98' title="bbox 246 5403 1871 5475; baseline 0.003 -20"><span class='ocrx_word' id='word_1_675' title='bbox 246 5407 512 5467; x_wconf 74' lang='lat' dir='ltr'><strong>stentes,</strong></span> <span class='ocrx_word' id='word_1_676' title='bbox 546 5411 659 5456; x_wconf 88' lang='lat' dir='ltr'><strong>tum</strong></span> <span class='ocrx_word' id='word_1_677' title='bbox 693 5403 858 5457; x_wconf 77' lang='lat' dir='ltr'><strong>simui</strong></span> <span class='ocrx_word' id='word_1_678' title='bbox 888 5405 1222 5475; x_wconf 77' lang='lat' dir='ltr'><strong>dispescere,</strong></span> <span class='ocrx_word' id='word_1_679' title='bbox 1282 5414 1395 5458; x_wconf 85' lang='lat' dir='ltr'><strong>tum</strong></span> <span class='ocrx_word' id='word_1_680' title='bbox 1426 5415 1750 5459; x_wconf 75' lang='lat' dir='ltr'><strong>connectere</strong></span> <span class='ocrx_word' id='word_1_681' title='bbox 1805 5420 1871 5460; x_wconf 83' lang='lat' dir='ltr'><strong>ac</strong></span> 
     </span>
    </p>
   </div>
   <div class='ocr_carea' id='block_1_99' title="bbox 347 5578 859 5648">
    <p class='ocr_par' dir='ltr' id='par_1_99' title="bbox 347 5578 859 5648">
     <span class='ocr_line' id='line_1_99' title="bbox 347 5578 859 5648; baseline -0.004 -14"><span class='ocrx_word' id='word_1_682' title='bbox 347 5581 419 5622; x_wconf 73' lang='grc'><strong>⁸³-</strong></span> <span class='ocrx_word' id='word_1_683' title='bbox 445 5578 588 5635; x_wconf 72' lang='lat' dir='ltr'><strong>Paal.</strong></span> <span class='ocrx_word' id='word_1_684' title='bbox 620 5599 730 5648; x_wconf 78' lang='lat' dir='ltr'><strong>cvt,</strong></span> <span class='ocrx_word' id='word_1_685' title='bbox 767 5583 859 5640; x_wconf 70' lang='lat'><strong>29.</strong></span> 
     </span>
    </p>
   </div>
   <div class='ocr_carea' id='block_1_100' title="bbox 332 5776 1873 5856">
    <p class='ocr_par' dir='ltr' id='par_1_100' title="bbox 332 5776 1873 5856">
     <span class='ocr_line' id='line_1_100' title="bbox 332 5776 1873 5856; baseline -0.005 -20"><span class='ocrx_word' id='word_1_686' title='bbox 332 5785 465 5856; x_wconf 63' lang='lat'><strong>(45}</strong></span> <span class='ocrx_word' id='word_1_687' title='bbox 497 5783 650 5840; x_wconf 83' lang='lat' dir='ltr'><strong>lianc</strong></span> <span class='ocrx_word' id='word_1_688' title='bbox 683 5789 801 5853; x_wconf 87' lang='lat' dir='ltr'><strong>ipse</strong></span> <span class='ocrx_word' id='word_1_689' title='bbox 839 5783 1054 5838; x_wconf 71' lang='lat' dir='ltr'><strong>Nicetes</strong></span> <span class='ocrx_word' id='word_1_690' title='bbox 1099 5779 1318 5856; x_wconf 67' lang='lat' dir='ltr'><strong>egregio</strong></span> <span class='ocrx_word' id='word_1_691' title='bbox 1367 5776 1554 5832; x_wconf 85' lang='lat' dir='ltr'><strong>laudat</strong></span> <span class='ocrx_word' id='word_1_692' title='bbox 1574 5777 1873 5856; x_wconf 64' lang='lat' dir='ltr'><strong>encomio;</strong></span> 
     </span>
    </p>
   </div>
   <div class='ocr_carea' id='block_1_101' title="bbox 211 5849 1872 5929">
    <p class='ocr_par' dir='ltr' id='par_1_101' title="bbox 211 5849 1872 5929">
     <span class='ocr_line' id='line_1_101' title="bbox 211 5849 1872 5929; baseline -0.011 -8"><span class='ocrx_word' id='word_1_693' title='bbox 211 5849 478 5929; x_wconf 59' lang='lat' dir='ltr'><strong>nciaipc</strong></span> <span class='ocrx_word' id='word_1_694' title='bbox 509 5849 789 5913; x_wconf 74' lang='lat' dir='ltr'><strong>seniorem</strong></span> <span class='ocrx_word' id='word_1_695' title='bbox 813 5869 877 5911; x_wconf 80' lang='lat' dir='ltr'><strong>ac</strong></span> <span class='ocrx_word' id='word_1_696' title='bbox 901 5858 1119 5909; x_wconf 82' lang='lat' dir='ltr'><strong>seniore</strong></span> <span class='ocrx_word' id='word_1_697' title='bbox 1139 5849 1152 5852; x_wconf 54' lang='grc'><strong><em>⁷</em></strong></span> <span class='ocrx_word' id='word_1_698' title='bbox 1175 5851 1345 5906; x_wconf 66' lang='lat' dir='ltr'><strong>Roma</strong></span> <span class='ocrx_word' id='word_1_699' title='bbox 1373 5858 1568 5915; x_wconf 81' lang='lat' dir='ltr'><strong>ortam,</strong></span> <span class='ocrx_word' id='word_1_700' title='bbox 1607 5863 1706 5902; x_wconf 83' lang='lat' dir='ltr'><strong>nec</strong></span> <span class='ocrx_word' id='word_1_701' title='bbox 1763 5849 1872 5903; x_wconf 86' lang='lat' dir='ltr'><strong>nisi</strong></span> 
     </span>
    </p>
   </div>
   <div class='ocr_carea' id='block_1_102' title="bbox 1963 4648 3548 4725">
    <p class='ocr_par' dir='ltr' id='par_1_102' title="bbox 1963 4648 3548 4725">
     <span class='ocr_line' id='line_1_102' title="bbox 1963 4648 3548 4725; baseline -0.008 -9"><span class='ocrx_word' id='word_1_702' title='bbox 1963 4671 2094 4723; x_wconf 83' lang='lat' dir='ltr'><strong>tem,</strong></span> <span class='ocrx_word' id='word_1_703' title='bbox 2136 4650 2458 4725; x_wconf 73' lang='lat' dir='ltr'><strong>nudamque</strong></span> <span class='ocrx_word' id='word_1_704' title='bbox 2509 4669 2572 4707; x_wconf 80' lang='lat' dir='ltr'><strong>ac</strong></span> <span class='ocrx_word' id='word_1_705' title='bbox 2610 4654 2914 4722; x_wconf 80' lang='lat' dir='ltr'><strong>simplicem</strong></span> <span class='ocrx_word' id='word_1_706' title='bbox 2951 4651 3018 4706; x_wconf 87' lang='lat' dir='ltr'><strong>ad</strong></span> <span class='ocrx_word' id='word_1_707' title='bbox 3068 4649 3424 4723; x_wconf 69' lang='lat' dir='ltr'><strong>Evangeliutn</strong></span> <span class='ocrx_word' id='word_1_708' title='bbox 3451 4648 3548 4720; x_wconf 82' lang='lat' dir='ltr'><strong>(et,</strong></span> 
     </span>
    </p>
   </div>
   <div class='ocr_carea' id='block_1_103' title="bbox 1967 4740 3207 4817">
    <p class='ocr_par' dir='ltr' id='par_1_103' title="bbox 1967 4740 3207 4817">
     <span class='ocr_line' id='line_1_103' title="bbox 1967 4740 3207 4817; baseline -0.005 -10"><span class='ocrx_word' id='word_1_709' title='bbox 1967 4767 2026 4810; x_wconf 86' lang='lat' dir='ltr'><strong>ut</strong></span> <span class='ocrx_word' id='word_1_710' title='bbox 2051 4756 2123 4808; x_wconf 82' lang='lat' dir='ltr'><strong>ita</strong></span> <span class='ocrx_word' id='word_1_711' title='bbox 2155 4751 2357 4817; x_wconf 77' lang='lat' dir='ltr'><strong>dicam)</strong></span> <span class='ocrx_word' id='word_1_712' title='bbox 2378 4751 2700 4815; x_wconf 78' lang='lat' dir='ltr'><strong>imparatam</strong></span> <span class='ocrx_word' id='word_1_713' title='bbox 2733 4740 3207 4817; x_wconf 68' lang='lat' dir='ltr'><strong>praeparationem.</strong></span> 
     </span>
    </p>
   </div>
   <div class='ocr_carea' id='block_1_104' title="bbox 2039 4840 3551 4912">
    <p class='ocr_par' dir='ltr' id='par_1_104' title="bbox 2039 4840 3551 4912">
     <span class='ocr_line' id='line_1_104' title="bbox 2039 4840 3551 4912; baseline -0.005 -10"><span class='ocrx_word' id='word_1_714' title='bbox 2039 4848 2128 4902; x_wconf 81' lang='lat' dir='ltr'><strong>Sic</strong></span> <span class='ocrx_word' id='word_1_715' title='bbox 2157 4846 2340 4912; x_wconf 70' lang='lat' dir='ltr'><strong>igitur,</strong></span> <span class='ocrx_word' id='word_1_716' title='bbox 2359 4858 2535 4912; x_wconf 81' lang='lat' dir='ltr'><strong>eoque</strong></span> <span class='ocrx_word' id='word_1_717' title='bbox 2568 4841 2868 4895; x_wconf 86' lang='lat' dir='ltr'><strong>adveniens</strong></span> <span class='ocrx_word' id='word_1_718' title='bbox 2897 4848 3185 4910; x_wconf 80' lang='lat' dir='ltr'><strong>apparatu,</strong></span> <span class='ocrx_word' id='word_1_719' title='bbox 3212 4840 3391 4908; x_wconf 80' lang='lat' dir='ltr'><strong>qualis</strong></span> <span class='ocrx_word' id='word_1_720' title='bbox 3424 4855 3551 4895; x_wconf 90' lang='lat' dir='ltr'><strong>eum</strong></span> 
     </span>
    </p>
   </div>
   <div class='ocr_carea' id='block_1_105' title="bbox 1967 4928 3552 5003">
    <p class='ocr_par' dir='ltr' id='par_1_105' title="bbox 1967 4928 3552 5003">
     <span class='ocr_line' id='line_1_105' title="bbox 1967 4928 3552 5003; baseline -0.007 -10"><span class='ocrx_word' id='word_1_721' title='bbox 1967 4941 2215 5003; x_wconf 78' lang='lat' dir='ltr'><strong>decebat,</strong></span> <span class='ocrx_word' id='word_1_722' title='bbox 2271 4936 2354 4990; x_wconf 88' lang='lat' dir='ltr'><strong>cui</strong></span> <span class='ocrx_word' id='word_1_723' title='bbox 2391 4932 2705 4988; x_wconf 84' lang='lat' dir='ltr'><strong>concredita</strong></span> <span class='ocrx_word' id='word_1_724' title='bbox 2759 4930 3064 5000; x_wconf 81' lang='lat' dir='ltr'><strong>apostolica</strong></span> <span class='ocrx_word' id='word_1_725' title='bbox 3107 4928 3320 4983; x_wconf 84' lang='lat' dir='ltr'><strong>functio</strong></span> <span class='ocrx_word' id='word_1_726' title='bbox 3364 4937 3552 4995; x_wconf 80' lang='lat' dir='ltr'><strong>esset;</strong></span> 
     </span>
    </p>
   </div>
   <div class='ocr_carea' id='block_1_106' title="bbox 1969 5020 3558 5103">
    <p class='ocr_par' dir='ltr' id='par_1_106' title="bbox 1969 5020 3558 5103">
     <span class='ocr_line' id='line_1_106' title="bbox 1969 5020 3558 5103; baseline -0.008 -16"><span class='ocrx_word' id='word_1_727' title='bbox 1969 5033 2206 5103; x_wconf 80' lang='lat' dir='ltr'><strong>primum</strong></span> <span class='ocrx_word' id='word_1_728' title='bbox 2250 5029 2468 5098; x_wconf 72' lang='lat' dir='ltr'><strong>quidem</strong></span> <span class='ocrx_word' id='word_1_729' title='bbox 2498 5022 2642 5094; x_wconf 82' lang='lat' dir='ltr'><strong>apud</strong></span> <span class='ocrx_word' id='word_1_730' title='bbox 2668 5022 2936 5094; x_wconf 75' lang='lat' dir='ltr'><strong>quosdam</strong></span> <span class='ocrx_word' id='word_1_731' title='bbox 2967 5020 3393 5085; x_wconf 85' lang='lat' dir='ltr'><strong>necessitudine,</strong></span> <span class='ocrx_word' id='word_1_732' title='bbox 3433 5035 3558 5088; x_wconf 71' lang='lat' dir='ltr'><strong>qum</strong></span> 
     </span>
    </p>
   </div>
   <div class='ocr_carea' id='block_1_107' title="bbox 1967 5112 3556 5190">
    <p class='ocr_par' dir='ltr' id='par_1_107' title="bbox 1967 5112 3556 5190">
     <span class='ocr_line' id='line_1_107' title="bbox 1967 5112 3556 5190; baseline -0.011 -9"><span class='ocrx_word' id='word_1_733' title='bbox 1967 5123 2269 5181; x_wconf 73' lang='lat' dir='ltr'><strong>secandum</strong></span> <span class='ocrx_word' id='word_1_734' title='bbox 2311 5121 2563 5190; x_wconf 74' lang='lat' dir='ltr'><strong>spiritum</strong></span> <span class='ocrx_word' id='word_1_735' title='bbox 2603 5127 2708 5181; x_wconf 81' lang='lat' dir='ltr'><strong>est,</strong></span> <span class='ocrx_word' id='word_1_736' title='bbox 2755 5115 3105 5184; x_wconf 71' lang='lat' dir='ltr'><strong>coniunctos,</strong></span> <span class='ocrx_word' id='word_1_737' title='bbox 3172 5115 3372 5182; x_wconf 80' lang='lat' dir='ltr'><strong>hospes</strong></span> <span class='ocrx_word' id='word_1_738' title='bbox 3402 5112 3556 5180; x_wconf 67' lang='lat' dir='ltr'><strong>agit:</strong></span> 
     </span>
    </p>
   </div>
   <div class='ocr_carea' id='block_1_108' title="bbox 1971 5205 3558 5282">
    <p class='ocr_par' dir='ltr' id='par_1_108' title="bbox 1971 5205 3558 5282">
     <span class='ocr_line' id='line_1_108' title="bbox 1971 5205 3558 5282; baseline -0.009 -9"><span class='ocrx_word' id='word_1_739' title='bbox 1971 5218 2024 5273; x_wconf 83' lang='lat' dir='ltr'><strong>id</strong></span> <span class='ocrx_word' id='word_1_740' title='bbox 2054 5227 2235 5272; x_wconf 81' lang='lat' dir='ltr'><strong>autem</strong></span> <span class='ocrx_word' id='word_1_741' title='bbox 2271 5216 2336 5269; x_wconf 82' lang='lat' dir='ltr'><strong>ad</strong></span> <span class='ocrx_word' id='word_1_742' title='bbox 2365 5228 2575 5282; x_wconf 64' lang='lat' dir='ltr'><strong>magnae</strong></span> <span class='ocrx_word' id='word_1_743' title='bbox 2603 5206 2910 5264; x_wconf 66' lang='lat' dir='ltr'><strong>Anastasire</strong></span> <span class='ocrx_word' id='word_1_744' title='bbox 2952 5205 3068 5277; x_wconf 72' lang='grc'><strong>(1⁸5)</strong></span> <span class='ocrx_word' id='word_1_745' title='bbox 3099 5207 3311 5275; x_wconf 80' lang='lat' dir='ltr'><strong>exiguae</strong></span> <span class='ocrx_word' id='word_1_746' title='bbox 3360 5205 3558 5260; x_wconf 88' lang='lat' dir='ltr'><strong>domus</strong></span> 
     </span>
    </p>
   </div>
   <div class='ocr_carea' id='block_1_109' title="bbox 1973 5297 3559 5382">
    <p class='ocr_par' dir='ltr' id='par_1_109' title="bbox 1973 5297 3559 5382">
     <span class='ocr_line' id='line_1_109' title="bbox 1973 5297 3559 5382; baseline -0.01 -17"><span class='ocrx_word' id='word_1_747' title='bbox 1973 5311 2250 5382; x_wconf 72' lang='lat' dir='ltr'><strong>proximas</strong></span> <span class='ocrx_word' id='word_1_748' title='bbox 2311 5307 2476 5360; x_wconf 63' lang='lat' dir='ltr'><strong>tenes.</strong></span> <span class='ocrx_word' id='word_1_749' title='bbox 2525 5303 2644 5359; x_wconf 81' lang='lat' dir='ltr'><strong>Una</strong></span> <span class='ocrx_word' id='word_1_750' title='bbox 2702 5302 2841 5364; x_wconf 75' lang='lat' dir='ltr'><strong>haec,</strong></span> <span class='ocrx_word' id='word_1_751' title='bbox 2876 5301 3026 5372; x_wconf 81' lang='lat' dir='ltr'><strong>quod</strong></span> <span class='ocrx_word' id='word_1_752' title='bbox 3060 5298 3152 5353; x_wconf 66' lang='lat' dir='ltr'><strong>vili</strong></span> <span class='ocrx_word' id='word_1_753' title='bbox 3184 5297 3368 5353; x_wconf 76' lang='lat' dir='ltr'><strong>forsan</strong></span> <span class='ocrx_word' id='word_1_754' title='bbox 3402 5298 3559 5352; x_wconf 68' lang='lat' dir='ltr'><strong>scite-</strong></span> 
     </span>
    </p>
   </div>
   <div class='ocr_carea' id='block_1_110' title="bbox 1975 5388 3561 5471">
    <p class='ocr_par' dir='ltr' id='par_1_110' title="bbox 1975 5388 3561 5471">
     <span class='ocr_line' id='line_1_110' title="bbox 1975 5388 3561 5471; baseline -0.011 -13"><span class='ocrx_word' id='word_1_755' title='bbox 1975 5413 2141 5467; x_wconf 76' lang='lat' dir='ltr'><strong>matc,</strong></span> <span class='ocrx_word' id='word_1_756' title='bbox 2176 5412 2421 5471; x_wconf 70' lang='lat' dir='ltr'><strong>peneque</strong></span> <span class='ocrx_word' id='word_1_757' title='bbox 2440 5395 2654 5450; x_wconf 72' lang='lat' dir='ltr'><strong>inutilis</strong></span> <span class='ocrx_word' id='word_1_758' title='bbox 2675 5393 2977 5455; x_wconf 76' lang='lat' dir='ltr'><strong>videretur,</strong></span> <span class='ocrx_word' id='word_1_759' title='bbox 2998 5389 3268 5445; x_wconf 61' lang='lat' dir='ltr'><strong>iisreticis</strong></span> <span class='ocrx_word' id='word_1_760' title='bbox 3288 5388 3561 5458; x_wconf 71' lang='lat' dir='ltr'><strong>neglecta.</strong></span> 
     </span>
    </p>
   </div>
   <div class='ocr_carea' id='block_1_111' title="bbox 1983 5769 3564 5847">
    <p class='ocr_par' dir='ltr' id='par_1_111' title="bbox 1983 5769 3564 5847">
     <span class='ocr_line' id='line_1_111' title="bbox 1983 5769 3564 5847; baseline -0.004 -16"><span class='ocrx_word' id='word_1_761' title='bbox 1983 5777 2103 5831; x_wconf 76' lang='lat' dir='ltr'><strong>aede</strong></span> <span class='ocrx_word' id='word_1_762' title='bbox 2146 5776 2260 5832; x_wconf 88' lang='lat' dir='ltr'><strong>illic</strong></span> <span class='ocrx_word' id='word_1_763' title='bbox 2297 5790 2454 5831; x_wconf 78' lang='lat' dir='ltr'><strong>sacra</strong></span> <span class='ocrx_word' id='word_1_764' title='bbox 2505 5789 2572 5830; x_wconf 85' lang='lat' dir='ltr'><strong>ac</strong></span> <span class='ocrx_word' id='word_1_765' title='bbox 2619 5776 2770 5829; x_wconf 83' lang='lat' dir='ltr'><strong>cultu</strong></span> <span class='ocrx_word' id='word_1_766' title='bbox 2831 5770 3232 5847; x_wconf 81' lang='lat' dir='ltr'><strong>Byzantinam;</strong></span> <span class='ocrx_word' id='word_1_767' title='bbox 3261 5786 3370 5841; x_wconf 78' lang='lat' dir='ltr'><strong>quo</strong></span> <span class='ocrx_word' id='word_1_768' title='bbox 3399 5769 3564 5826; x_wconf 82' lang='lat' dir='ltr'><strong>etiam</strong></span> 
     </span>
    </p>
   </div>
   <div class='ocr_carea' id='block_1_112' title="bbox 1983 5847 2766 5903">
    <p class='ocr_par' dir='ltr' id='par_1_112' title="bbox 1983 5847 2766 5903">
     <span class='ocr_line' id='line_1_112' title="bbox 1983 5847 2766 5903; baseline -0.004 -3"><span class='ocrx_word' id='word_1_769' title='bbox 1983 5847 2146 5902; x_wconf 76' lang='lat' dir='ltr'><strong>modo</strong></span> <span class='ocrx_word' id='word_1_770' title='bbox 2177 5858 2368 5903; x_wconf 85' lang='lat' dir='ltr'><strong>auctor</strong></span> <span class='ocrx_word' id='word_1_771' title='bbox 2400 5857 2556 5902; x_wconf 81' lang='lat' dir='ltr'><strong>vocat</strong></span> <span class='ocrx_word' id='word_1_772' title='bbox 2587 5860 2766 5900; x_wconf 78' lang='lat' dir='ltr'><strong>suam.</strong></span> 
     </span>
    </p>
   </div>
  </div>
