4150 6298
571 327 678 391 4ὓ3

1756 318 2051 380 ΝἰϐΕΤίΕ
2081 316 2616 378 PAPHLAGONIS

3723 321 3825 383 4M

572 441 833 503 fidi-lium,
857 454 920 492 ac
957 438 1172 509 pictatis
1203 435 1473 491 cultorum
1507 435 1704 504 exiguo
1747 431 2142 487 cmtuiaddicta
2181 434 2224 487 Α
2255 433 2470 490 labores
2555 451 2618 487 ac
2674 433 2912 502 pericula
2949 432 3238 503 inciderit;
3270 435 3492 504 quantis
3547 435 3829 494 Trinitatis

572 541 872 587 manserat.
921 530 1246 590 Anastasizu,
1308 529 1553 596 inquam,
1614 526 1760 579 illius
1803 523 2051 586 illustris,
2089 538 2150 576 ac

568 633 799 689 nostrm;
833 622 1061 691 virginis
1082 635 1330 690 corpore,
1362 618 1589 688 virginis
1608 615 1802 685 spiritu
1866 630 1928 667 ac
1951 623 2145 666 mente.

563 716 873 771 Anastasis:
929 731 1050 784 qua:
1096 714 1227 767 olim
1259 712 1372 781 jam
1414 710 1604 779 ingens
1665 708 1927 761 adversus
1959 705 2152 759 diabo-

561 813 678 864 lum
705 809 908 862 eximio
934 805 1178 878 martyrii
1204 820 1375 874 agone
1399 812 1582 858 erecto
1637 812 1866 870 tropico,
1893 799 2146 868 iuajorem

563 905 831 957 adversus
868 900 1116 956 diversas
1149 900 1386 953 haereses
1425 894 1688 964 Theologi
1724 909 1889 964 opera
1919 893 2150 947 subinde

565 998 908 1066 triumphum
941 995 1249 1058 revexerit;
1285 1005 1480 1060 nempe
1525 989 1854 1058 expugnatis
1883 996 2152 1058 quotquot

561 1090 1021 1146 contentiosiores
1052 1095 1231 1154 erant,
1256 1099 1328 1141 ac
1355 1083 1665 1140 clarissima
1690 1081 2019 1138 Orthodoxis
2048 1096 2139 1136 as-

561 1192 713 1237 serta
744 1183 993 1240 victoria.

592 1315 596 1319 .
620 1272 843 1329 .Etenim
865 1275 1104 1330 exterius
1131 1271 1446 1344 aspectabili
1471 1270 1672 1340 specie,
1697 1267 2010 1338 aspectabili
2028 1266 2148 1337 ejus

551 1367 767 1436 xtemplo
826 1367 961 1434 (tum
998 1367 1216 1436 quidem
1279 1365 1572 1419 invenusto
1658 1377 1721 1416 ac
1783 1362 2149 1429 eaiguo;per

557 1461 742 1527 ipsum
801 1469 998 1514 autem.
1029 1461 1223 1513 decore
1253 1467 1435 1519 aucto,
1482 1472 1546 1510 ac
1577 1453 1984 1524 magnitudine:
2025 1453 2146 1521 ipso

562 1551 774 1604 scilicet
799 1552 939 1618 quod
979 1566 1126 1604 nunc
1154 1548 1417 1617 Theologi
1482 1545 1942 1615 nuncnpationem
1976 1543 2144 1596 sorti—

561 1653 676 1694 tum
704 1641 811 1709 est)
847 1644 1105 1695 insistens
1141 1641 1413 1701 antistes;
1461 1638 1690 1693 interius
1716 1646 1896 1691 autem
1931 1636 2146 1704 inaspe-

559 1734 745 1787 cubili
777 1735 974 1788 mentis
1007 1733 1217 1796 habitu,
1279 1733 1383 1802 ipsi
1427 1730 1711 1802 perspicue
1751 1729 2141 1783 resnrrectioui

556 1827 777 1880 tibi-isto
805 1841 899 1895 per
933 1827 1278 1880 Anastasiam
1305 1826 1651 1888 incumbens,
1686 1825 1739 1876 in
1786 1838 1846 1875 ea
1877 1837 2007 1876 suos
2042 1837 2137 1875 va-

553 1921 808 1972 cillantes
841 1917 1018 1979 lulcit,
1053 1916 1365 1972 confractus
1422 1917 1600 1984 erigit,
1657 1924 1909 1969 nutantes
1942 1914 2142 1967 contir-

557 2023 706 2080 mat;
742 2028 805 2065 ac
829 2026 953 2066 cum
984 2010 1428 2077 persecutoribus
1481 2007 1863 2078 grassantibus
1898 2009 1982 2060 vis
2023 2007 2138 2076 spi-

554 2104 1080 2170 rantesinvenissel,
1108 2103 1257 2157 vitali
1297 2115 1418 2156 actu
1486 2117 1551 2156 ac
1575 2101 1816 2170 potentia
1857 2100 2134 2168 adimplet.

559 2196 732 2251 Recto
775 2196 921 2250 enim
965 2207 1218 2249 sermone
1275 2201 1438 2261 atque
1476 2194 1722 2245 doctrina
1758 2201 2016 2259 tanquam
2047 2204 2141 2242 ve-

555 2287 983 2342 rissimotritico
1018 2287 1285 2341 bonorum
1321 2284 1537 2337 animos
1581 2283 1884 2336 esurientes
1939 2281 2137 2350 replet;

554 2380 1029 2449 mundissimoque
1079 2377 1367 2445 inculpatae
1427 2374 1716 2444 theologia:
1767 2389 1929 2444 pane,
1979 2374 2136 2443 longa

553 2472 697 2527 fame
725 2469 1057 2525 tabescentia
1089 2476 1311 2537 pectora
1334 2466 1456 2521 cibo
1485 2474 1715 2520 recreat.

623 2564 900 2634 Josephus
952 2561 1176 2633 quidem
1232 2560 1323 2615 ille
1379 2559 1595 2620 beatus,
1646 2556 1887 2612 fraterna
1937 2557 2136 2612 invidia

551 2654 825 2727 Egyptiis
849 2653 1098 2709 venditus
1126 2652 1195 2719 ",
1222 2666 1322 2706 nec
1353 2651 1498 2706 herae
1522 2649 1811 2720 impudica:
1845 2649 2139 2721 praestigiis

551 2750 815 2816 delusus;
873 2745 966 2802 sed
996 2759 1217 2801 carcere
1262 2744 1476 2799 munito
1505 2741 1780 2798 castitatis
1827 2756 1994 2796 causa
2026 2743 2138 2795 cir-

550 2851 904 2909 cumseptus;
945 2841 1062 2894 visa
1094 2836 1307 2892 somnia
1348 2835 1578 2891 solerter
1634 2835 1933 2904 dextroque
1968 2833 2139 2887 inter-

547 2943 818 3004 pretatus,
877 2930 1095 3004 Egypti
1141 2932 1410 2984 universa:
1438 2927 1713 2999 princeps,
1769 2925 2138 2995 frumentique

549 3027 777 3096 largitor
837 3034 1002 3096 atque
1025 3025 1282 3090 nutritor,
1318 3024 1514 3078 nedum
1547 3022 1713 3076 unius
1760 3017 2008 3092 Egypti,
2039 3017 2133 3074 sed

2256 541 2422 579 causa
2457 525 2848 579 certaminibus
2879 524 3198 594 perfunctus
3224 526 3318 590 sit,
3345 541 3605 595 quanam,
3626 543 3829 596 quaesii,

2256 616 2528 671 sermonis
2549 616 2598 668 vi
2627 615 3131 684 rept'atscntaveritn
3147 617 3170 669 ?
3185 617 3473 682 Quomodo
3492 620 3820 687 praecipuum

2253 710 2511 778 quiddam
2546 710 2797 773 dixerim,
2830 724 2930 762 nec
2964 710 3033 761 ita
3070 709 3262 777 procul
3293 711 3664 763 consectanda
3695 713 3828 764 veri-

2255 811 2364 856 tate
2416 800 2640 854 iverim?
2688 799 2976 866 Quomodo
3035 801 3182 855 illius
3234 817 3320 854 res
3371 816 3561 856 omnes
3620 809 3828 856 tentans

2253 909 2534 954 enarrare,
2573 909 2678 946 non
2716 892 2935 946 fastidio
2967 906 3184 962 gravem
3239 893 3546 946 orationem
3582 892 3828 946 reddide-

2253 987 2392 1052 rim;
2431 994 2526 1040 aut
2557 988 2835 1054 quomodo
2868 985 3128 1055 pleraque
3177 987 3364 1041 volens
3392 985 3666 1047 omittere.
3725 1001 3827 1040 non

2251 1079 2455 1148 ingenti
2485 1079 2765 1133 auditores
2805 1077 3010 1132 damno
3040 1076 3354 1133 aﬂecerim?
3383 1075 3710 1146 llliustilanc
3736 1095 3827 1131 ne-

2249 1172 2488 1225 cessaria
2533 1185 2658 1230 vox.
2689 1180 2856 1242 atque
2884 1171 3179 1236 sententia,
3213 1178 3273 1224 ut
3320 1171 3491 1225 multa
3526 1171 3720 1240 paucis
3740 1188 3831 1227 ex-

2251 1260 2561 1316 hibeantur.
2600 1261 2754 1318 Illius
2789 1276 3025 1333 namque
3052 1263 3158 1317 hoc
3185 1263 3445 1332 partium,
3479 1273 3646 1330 atque
3677 1265 3828 1318 indo-

2255 1355 2346 1414 Iis.
2399 1356 2472 1407 uti
2508 1355 2588 1409 sic
2625 1356 2914 1426 magnifice
2986 1365 3151 1425 atque
3182 1366 3403 1412 strenue
3422 1357 3723 1422 decertare,
3760 1359 3826 1414 ita

2247 1457 2304 1500 et
2334 1448 2694 1500 orn-tamitmm
2735 1448 3195 1519 magniﬁcentiam
3245 1451 3517 1504 sermonis
3572 1452 3822 1522 magniﬁ-

2249 1541 2424 1594 centia
2467 1541 2745 1595 exhibere.

2320 1630 2454 1686 Cum
2482 1633 2594 1699 jam
2625 1633 2788 1702 igitur
2818 1634 3040 1704 pessimi
3095 1634 3371 1692 daemones
3401 1636 3715 1694 Grmcanica
3745 1640 3822 1693 iu-

2249 1725 2577 1787 cantatione,
2627 1740 2692 1780 ac
2726 1741 2934 1790 errore,
2976 1727 3313 1797 impurisque
3356 1731 3551 1795 sacris,
3593 1744 3656 1786 ac
3678 1732 3817 1786 omni

2252 1815 2564 1884 impietate,
2623 1815 2935 1872 divinorum
2991 1819 3366 1889 apostolorum
3436 1836 3701 1887 munere,
3751 1839 3810 1877 ac

2249 1913 2672 1983 triumphalibus
2731 1915 2932 1983 pratliis
2963 1926 3290 1988 martyrum,
3324 1919 3659 1985 cessissent;
3687 1919 3811 1974 sub-

2244 2010 2473 2081 lataque
2519 2011 2789 2092 idolorum
2855 2010 3048 2066 nefarii
3080 2013 3262 2067 cultus
3314 2013 3566 2083 caligine,
3597 2029 3662 2067 ac
3701 2029 3820 2068 vi-ra

2247 2105 2370 2160 lidci
2403 2109 2523 2160 luce
2547 2114 2755 2160 rectum
2781 2121 2998 2160 omnem
3027 2107 3270 2160 animum
3298 2106 3656 2161 collustrante
3702 2123 3821 2162 cum

2239 2199 2504 2267 deinceps
2536 2208 2924 2253 extraneorum
2960 2214 3123 2267 opera
3166 2199 3386 2270 pietatis
3411 2200 3652 2256 cultores
3686 2202 3824 2257 bello

2248 2287 2476 2359 fatigare
2506 2305 2611 2343 non
2649 2291 3060 2360 possent,ipsos
3082 2306 3268 2346 secum
3297 2291 3527 2346 invicem
3557 2292 3824 2349 Christia-

2248 2396 2348 2436 nos
2384 2381 2752 2446 concitantes;
2795 2383 3046 2452 quiniino
3078 2384 3343 2454 quidquid
3385 2385 3439 2438 in
3486 2385 3646 2442 nobis
3681 2387 3827 2443 dehi-

2245 2470 2353 2526 lius
2411 2483 2529 2526 erat
2572 2489 2758 2527 errore
2794 2474 3149 2538 abducentes,
3193 2476 3580 2547 corruptisque
3612 2494 3825 2535 sermo—

2248 2564 2409 2619 nibus
2445 2566 2711 2620 adversus
2741 2581 2837 2622 eos
2863 2566 2953 2636 qui
2994 2569 3272 2637 przecipua
3313 2571 3515 2640 pietate
3545 2569 3825 2642 fulgebant

2247 2651 2600 2713 instruentes.
2626 2655 2734 2708 acri
2767 2656 2880 2719 lite,
2921 2659 3444 2730 pugnacissimaque
3494 2663 3674 2718 excita
3695 2678 3826 2720 con-

2248 2745 2510 2806 tentione,
2530 2747 2665 2803 alios
2697 2750 2818 2803 aliis
2854 2751 3237 2815 committunt;
3263 2751 3566 2825 fraudeque
3629 2758 3714 2811 usi
3762 2774 3826 2813 ac

2246 2837 2495 2902 audacia,
2530 2841 2724 2910 partim
2750 2842 2971 2910 quidem
2993 2845 3258 2898 suasoria;
3279 2847 3551 2902 orationis
3589 2849 3824 2904 artiﬁcio

2243 2928 2548 2984 rationibus
2579 2932 2942 3000 simpliciores
2962 2934 3107 2988 dicto
3132 2935 3235 2989 sibi
3260 2937 3545 2994 audientes
3569 2941 3820 3006 reddunt;

2243 3022 2441 3093 partim
2478 3038 2604 3079 vero
2652 3026 3104 3082 imbecillioribus
3167 3028 3506 3099 ingruentes,
3571 3044 3823 3102 metuque

541 3129 605 3175 et
637 3119 750 3187 jam
795 3127 1131 3179 exterarum,
1181 3114 1432 3169 inaudiit.
1466 3112 1762 3182 Gregorius
1788 3120 1993 3176 autem,
2023 3126 2133 3163 non
2168 3132 2215 3192 ο
2246 3115 2601 3185 procacitatis
2637 3126 3026 3186 periei-rentes,
3063 3118 3231 3188 impio
3256 3121 3494 3191 ipsorum
3518 3125 3819 3180 sensnieos

547 3228 618 3269 ex
647 3211 890 3267 fraterna
916 3208 1144 3273 invidia,
1172 3210 1263 3263 sed
1294 3207 1470 3278 Magni
1494 3205 1712 3269 Basilii,
1751 3204 1991 3275 ﬁdeique
2017 3218 2139 3273 per-

548 3302 990 3358 necessariorum
1040 3298 1430 3353 hortamentis
1461 3297 1698 3361 cedens;
1758 3295 2006 3365 quinimo
2037 3295 2139 3347 im-

546 3393 818 3465 pensioris
871 3391 1225 3463 providentiae
1283 3390 1528 3446 consiliis
1579 3390 1871 3454 adductus,
1905 3401 2016 3442 non
2039 3386 2137 3443 abs

547 3486 818 3543 scelerata
851 3485 979 3539 hera
1006 3492 1212 3539 tentata
1257 3483 1554 3552 pudicitia;
1587 3481 1766 3552 palam
1797 3495 1929 3534 vero
1962 3479 2136 3534 luere-

549 3579 780 3633 tieorum
831 3576 1063 3648 maligne
1116 3577 1395 3648 agentium
1449 3574 1668 3631 insidiis
1727 3573 2020 3643 appetitus,
2052 3573 2137 3625 in-

547 3681 771 3739 starque
813 3685 1092 3723 carcerum
1140 3668 1438 3723 instructos
1468 3681 1658 3721 eorum
1698 3665 1857 3720 dolos
1917 3663 2121 3728 varios,

545 3776 614 3818 ac
637 3760 1074 3815 machinamenta
1114 3759 1386 3825 incidens,
1444 3758 1835 3828 sapientizeque
1882 3757 2134 3811 doctrina

548 3854 779 3923 potioris
804 3853 1072 3909 contritos
1100 3853 1414 3907 venantium
1449 3853 1673 3921 laqueos
1705 3851 1991 3920 elfugiens,
2022 3865 2132 3904 non

551 3961 712 3998 unam
755 3945 1111 4013 provinciam,
1144 3954 1238 3998 aut
1263 3944 1489 4008 urbem;
1537 3946 1628 3999 sed
1655 3959 1749 4012 per
1781 3958 1975 4002 unam,
2007 3957 2132 4011 qua:

557 4037 651 4092 iub
682 4037 822 4092 C(elo
859 4047 987 4091 sunt
1022 4039 1326 4098 universas,
1363 4035 1628 4091 beneﬁcio
1657 4035 1942 4107 impartire
1969 4051 2132 4088 mon-

547 4138 772 4181 strator.

622 4218 715 4272 llle
747 4217 915 4287 igitur
940 4217 1060 4288 ejus
1084 4217 1192 4272 cibi
1230 4218 1322 4289 qui
1350 4216 1524 4288 perit;
1559 4217 1647 4273 hic
1677 4216 1796 4287 ejus
1823 4220 1915 4288 qui
1947 4229 2132 4274 manet

545 4313 602 4365 in
626 4309 790 4364 vitam
826 4319 1108 4375 aeternam,
1140 4309 1489 4380 dispensator
1529 4311 1858 4376 ostenditur,
1895 4310 2130 4364 arbiter-

544 4417 653 4473 que
681 4401 1025 4470 magniﬁcus.
1060 4403 1237 4471 Atque
1293 4402 1381 4456 ille
1413 4402 1655 4468 quidem,
1684 4417 1792 4456 non
1827 4400 2129 4470 corporalis

2243 3206 2565 3262 submittere
2606 3219 2893 3263 conantur.

2315 3295 2454 3364 Quid
2497 3298 2658 3368 igitur
2680 3301 2762 3353 vir
2788 3301 2842 3353 in
2868 3300 3074 3356 divinis
3113 3300 3536 3365 versatissimus,
3567 3318 3798 3358 accura-

2241 3387 2574 3458 tissimaeque
2608 3388 2915 3460 Theologize
2963 3391 3191 3448 infracta
3252 3392 3500 3447 columna
3585 3407 3650 3447 ac
3699 3392 3807 3447 im-

2239 3482 2498 3538 mobilis?
2526 3482 2666 3538 Num
2707 3485 3174 3554 nequissitnorum
3209 3487 3471 3556 pravitate
3494 3487 3667 3540 minor
3703 3501 3805 3554 ap-

2239 3572 2455 3641 paruit?
2485 3584 2576 3627 aut
2607 3589 2796 3629 eorum
2863 3576 3089 3630 omnino
3127 3577 3490 3647 grassantium
3528 3578 3578 3631 vi
3621 3577 3818 3633 cessit?

2236 3677 2331 3722 aut
2355 3666 2482 3736 quid
2517 3669 2832 3723 modieume
2852 3669 3050 3739 pietate
3087 3670 3330 3726 remisit?
3357 3680 3448 3724 aut
3475 3671 3618 3725 illius
3641 3687 3808 3727 causa

2237 3760 2538 3814 mediocria
2606 3761 2850 3831 pericula
2916 3759 3126 3816 adivit?
3198 3759 3678 3833 Haudquaquam;
3720 3764 3813 3818 sed

2235 3866 2426 3908 eorum
2453 3853 2713 3917 audacia,
2740 3854 3079 3922 prudentiam
3111 3869 3431 3924 opponens;
3508 3853 3805 3920 calliditau’,

2233 3942 2512 4014 vafrisque
2537 3945 2805 4008 consiliis,
2840 3945 3008 3999 animi
3033 3944 3377 4014 prmsentiam
3441 3960 3506 4000 ac
3535 3945 3806 4008 ﬁduciam;

2233 4037 2365 4106 quin
2403 4037 2605 4104 potius,
2641 4035 3016 4090 fortitudinem
3070 4037 3334 4090 adversus
3386 4034 3672 4090 audaciam
3750 4049 3815 4088 ac

2233 4127 2631 4191 temeritatem;
2666 4126 3120 4196 prudentiamque
3142 4123 3410 4180 adversus
3458 4125 3816 4178 calliditatem

2234 4234 2297 4269 ac
2328 4218 2600 4271 vafritiem
2637 4219 2875 4272 cduccus
2900 4236 2914 4282 ;
2941 4217 3349 4286 universimque
3375 4216 3511 4270 adeo
3538 4216 3818 4280 virtutem,

2232 4311 2494 4365 adversus
2528 4326 2714 4366 eorum
2747 4322 2910 4365 totam
2965 4312 3285 4380 pravitatem
3333 4309 3531 4364 infesta
3569 4309 3685 4361 acie
3729 4306 3816 4360 in-

2232 4413 2484 4470 struens;
2516 4405 2594 4459 sic
2619 4405 2843 4460 omnino
2881 4403 3042 4467 fudit,
3074 4404 3411 4475 fugavitque,
3440 4417 3503 4455 ac
3538 4417 3815 4472 pet-expu-

545 4496 749 4556 solum,
803 4495 897 4550 sed
961 4506 1014 4548 et
1065 4504 1429 4562 tcinporaneze
1491 4509 1717 4548 annona.-
1745 4511 1758 4557 ;
1801 4493 1962 4563 idque
1993 4495 2128 4548 adeo
2157 4480 2212 4541 Ι)
2237 4497 2443 4565 gnavit,
2480 4505 2539 4550 nt
2573 4501 2752 4568 potius
2783 4498 3037 4551 semitam
3073 4498 3228 4552 navis
3260 4511 3410 4551 mare
3435 4495 3697 4558 secantis,
3721 4502 3822 4547 aut

543 4603 670 4644 cum
699 4586 1172 4656 frumentapretio
1210 4588 1499 4652 venderet;
1543 4587 1629 4640 hic
1653 4594 1854 4648 autem,
1899 4601 2006 4640 non
2041 4602 2129 4640 so-

542 4681 656 4734 lum
690 4679 973 4750 spiritalis,
1017 4694 1081 4733 ac
1112 4694 1234 4748 quae
1268 4678 1545 4733 contineat
1568 4677 1814 4738 animos;
1849 4678 1942 4732 sed
1968 4686 2022 4731 et
2070 4677 2124 4731 in

547 4773 807 4827 saeculum
853 4773 1038 4842 largus
1064 4771 1294 4825 conviva
1327 4772 1534 4836 enitet;
1565 4772 2034 4841 uberi-imumque,
2064 4787 2129 4826 ac

544 4867 663 4918 sine
693 4868 866 4932 pretio
905 4865 1133 4935 pulchre
1171 4863 1548 4919 esurientibus
1578 4865 1890 4917 convivium
1926 4879 2125 4935 propo-

542 4961 684 5013 situs
709 4966 807 5014 est.
849 4959 1064 5022 Quanto
1099 4956 1262 5027 igitur
1295 4971 1446 5010 mens
1483 4971 1647 5012 sensu
1688 4956 1943 5020 nobilior,
1974 4966 2126 5011 tanto

545 5051 712 5120 hujus
752 5051 842 5104 illa
881 5050 1143 5104 frumenti
1177 5049 1516 5115 distributio,
1544 5065 1655 5118 pra:
1678 5049 1826 5103 illius
1855 5059 2124 5118 praestan-

543 5148 670 5207 tior,
703 5154 758 5197 ut
790 5159 908 5198 mea
937 5143 1042 5199 fert
1062 5144 1267 5212 Opinio,
1300 5142 1408 5210 his,
1433 5144 1636 5213 quibus
1664 5157 1813 5199 sanae
1832 5143 1937 5197 sint
1957 5141 2124 5197 animi

541 5237 805 5300 rationes,
839 5235 998 5290 facile
1019 5236 1376 5305 judicabitur.

613 5324 813 5380 Verum
842 5342 971 5398 erga
996 5327 1214 5396 quidem
1244 5327 1577 5382 domesticos
1620 5326 1744 5381 ﬁdei
1815 5343 1879 5381 ac
1930 5341 2122 5382 ncces-

540 5423 720 5475 sarios
752 5421 874 5474 talis
907 5435 1029 5472 cum
1071 5428 1218 5474 esset
1241 5419 1455 5472 divinus
1478 5416 1796 5487 Gregorius,
1822 5420 1946 5474 talis
1977 5434 2123 5474 scm-

538 5527 636 5579 pcr
659 5510 725 5564 ad
751 5525 845 5564 cos
877 5509 1063 5563 habuit
1103 5525 1116 5560 :
1163 5508 1342 5577 qualis
1384 5523 1513 5562 vero
1551 5509 1714 5563 etiam
1756 5524 1881 5578 erga
1929 5510 2125 5564 adver-

538 5602 717 5656 sarios
770 5587 1059 5666 enituerit;
1115 5601 1167 5654 in
1214 5614 1378 5669 quam
1422 5599 1622 5655 multos
1673 5601 1920 5656 veritatis
1956 5615 2123 5658 causa

603 5798 651 5829 ⁶¹
677 5797 812 5853 Grn.
842 5815 1042 5865 nam,
1065 5799 1154 5852 28.
1233 5799 1275 5830 ³³
1304 5797 1461 5852 l't'ov.
1502 5813 1630 5861 xxx,
1679 5797 1760 5852 19.

2227 4589 2495 4658 serpentis
2521 4591 2638 4644 vias
2670 4604 2832 4658 super
2867 4603 3094 4655 petram,
3130 4600 3224 4644 aut
3267 4587 3566 4643 volantium
3603 4587 3821 4656 aquila-

2227 4696 2348 4734 rum
2393 4681 2684 4751 vestigium
2707 4681 2775 4742 ⁸⁸,
2811 4687 2870 4734 ut
2891 4681 3053 4735 habet
3075 4681 3366 4751 para-mia,
3394 4680 3607 4742 videas,
3637 4693 3809 4747 quam

2229 4774 2447 4828 illorum
2473 4773 2770 4844 impietatis
2798 4775 2998 4829 saeculo
3031 4774 3217 4830 relicta
3243 4773 3469 4841 vestigia
3500 4771 3815 4841 deprehen-

2234 4867 2353 4920 das.

2308 4959 2444 5017 Nam
2483 4961 2560 5015 illi
2596 4960 2816 5030 quidem
2860 4976 3028 5015 unum
3059 4960 3110 5014 id
3138 4974 3276 5027 opus
3297 4965 3416 5011 erat
3463 4970 3526 5009 ac
3547 4954 3819 5017 sttulium,

2236 5063 2296 5108 ut
2341 5053 2610 5107 mendacli
2677 5052 2901 5122 quidem
2962 5053 3072 5106 vim
3134 5049 3491 5118 infringeret;
3527 5046 3821 5100 veritatem

2232 5159 2412 5202 autem
2471 5155 2874 5217 prOpugnaret;
2927 5153 3093 5214 atque
3124 5152 3235 5197 uta
3288 5138 3822 5196 scelestissimorunt

2232 5236 2679 5292 dissimilitudine
2723 5248 2887 5304 quam
2923 5231 3293 5285 alienissimus
3349 5226 3515 5290 foret,
3566 5224 3857 5281 eonsub-f

2233 5327 2605 5382 stautialitatis
2634 5338 2816 5380 autem
2843 5323 3087 5396 opinioni
3111 5321 3340 5376 omnino
3367 5319 3688 5375 adhaereret.
3719 5315 3828 5371 His

2230 5430 2410 5475 autem
2440 5429 2498 5475 ut
2522 5437 2584 5474 ex
2621 5420 2805 5474 animo
2836 5432 2954 5474 eam
3005 5416 3369 5479 excutientes,
3415 5428 3513 5467 suo
3569 5412 3832 5480 ipsorum

2233 5512 2402 5567 errori
2446 5511 2792 5577 insisterent;
2824 5525 2888 5565 ac
2917 5507 3138 5579 quidem
3172 5506 3420 5561 veritatis
3449 5502 3712 5574 praeconi,
3759 5511 3831 5557 ut.

2233 5611 2460 5660 cunctos
2519 5603 2648 5658 boni
2703 5601 2880 5659 socios
2932 5615 3031 5670 pro
3089 5598 3350 5655 bonitatis
3402 5594 3580 5652 indole
3613 5594 3836 5649 habere
