4150 6298
256 393 359 460 ιῑῦ

956 389 1242 455 ORATIO
1280 392 1410 454 XX.
1440 417 1513 430 -
1544 393 1629 455 IN
1667 393 1983 457 LAUDEM
2011 392 2078 455 S.
2115 391 2500 455 GREGORII
2534 389 2814 456 THEOL.

3421 384 3539 447 £66

259 512 594 584 perceperet';
645 502 919 561 mendacii
946 514 1130 561 autem
1160 506 1431 576 patronis,
1468 515 1527 562 nt
1572 515 1838 577 tanquam
1864 505 1914 567 A
1941 504 2314 578 interpretem,
2355 504 2514 561 Sicut
2538 503 2705 561 etiam
2731 499 2944 566 Iesum,
2978 497 3073 573 qui
3102 506 3232 555 ante
3265 494 3531 570 Stephani

261 598 541 672 perduelle,
597 597 865 669 bosteque
917 607 1235 666 uterentur;
1271 615 1337 655 ac
1385 608 1498 654 tum
1534 600 1608 656 illi
1642 615 1832 657 necem

261 693 473 754 idem,
504 699 619 746 tum
660 705 829 761 quam
886 688 1120 747 docebat
1168 701 1373 748 rectam
1416 692 1836 757 fidem,cxstino

256 800 413 857 gnere
436 793 735 840 tentarent.
760 783 933 851 Quem
983 783 1129 839 enim
1162 785 1405 839 animum
1458 785 1711 841 absurda:
1745 801 1837 841 ra-

253 879 446 944 tiones,
484 887 581 933 aut
627 877 875 932 actiones
939 887 1209 947 occupato
1269 877 1604 945 addixerint,
1644 880 1836 949 sicque

248 978 600 1039 comparatus
625 977 712 1024 est
748 976 811 1024 ut
838 984 948 1041 qua
987 976 1206 1025 tenetur
1247 973 1675 1042 presumptione
1698 972 1836 1027 libe-

249 1063 360 1119 rari
384 1062 819 1133 nolit,tanquam
847 1061 1087 1118 infensos
1116 1061 1458 1123 reformidat.
1476 1065 1522 1119 si
1543 1063 1636 1135 qui
1656 1079 1840 1119 emcn-

252 1156 384 1210 dare
408 1154 784 1220 tentari-rint;
832 1155 1427 1228 reprehensionemque
1469 1156 1663 1213 vibicis
1693 1158 1838 1225 loco,

245 1262 311 1303 ac
338 1246 513 1318 plagze
534 1247 765 1313 ducens,
793 1261 1044 1303 amarum
1071 1248 1627 1319 crudelissimumque
1670 1249 1842 1305 animi

207 1366 210 1370 λ
246 1339 490 1396 consilio
528 1338 795 1395 adversus
835 1348 1154 1411 arguentem
1186 1341 1497 1397 exsuscitat
1545 1351 1709 1413 atque
1756 1342 1847 1398 in-

244 1434 443 1491 struit.
990 1446 991 1449 ‘

314 1525 397 1583 Ae
442 1526 669 1598 quidem
702 1522 1005 1598 Thcologo.
1044 1527 1244 1584 divina:
1292 1528 1700 1598 praedicationis
1734 1544 1852 1585 ser-

248 1631 442 1674 mones
470 1617 952 1689 pratendebantur
974 1636 991 1687 ;
1017 1634 1213 1688 nempe
1245 1634 1530 1675 sermones
1549 1620 1845 1689 ejusmodi,

245 1709 340 1781 qui
375 1712 581 1765 nedum
610 1707 679 1764 ad
710 1724 895 1765 veram
955 1709 1344 1781 salubremque
1372 1711 1657 1767 Trinitatis
1684 1712 1843 1767 tidem

247 1802 641 1873 provenerant,
688 1803 787 1858 sed
834 1801 931 1874 qui
974 1802 1140 1858 etiam
1173 1804 1379 1861 Christi
1433 1804 1688 1861 cbaritati
1752 1821 1846 1873 per

250 1896 640 1951 mandatorum
672 1894 1114 1951 observationem
1140 1897 1366 1968 (quibus
1392 1900 1544 1953 salus
1601 1898 1846 1969 acjusti-

256 1987 334 2042 tia
362 1989 664 2065 provenire
689 1987 960 2060 creditur)
991 1988 1372 2060 adjnngerent.
1402 1990 1479 2046 Ad
1515 1992 1652 2057 haec,
1667 1992 1849 2049 carnis

263 2075 342 2131 illi
371 2081 516 2134 culta
566 2066 947 2145 mortiﬁcatio,
990 2080 1252 2153 jugisque
1276 2083 1475 2147 oratio,
1532 2099 1641 2156 qua
1679 2085 1848 2141 animi

266 2184 481 2227 summa
535 2173 802 2246 plenaque
824 2174 1182 2244 emundatio;
1204 2191 1271 2232 ex
1303 2192 1414 2248 qua
1443 2178 1644 2233 mentis
1668 2177 1723 2233 in
1748 2177 1853 2233 Do-

270 2263 481 2318 minum
508 2278 766 2322 excessus
792 2265 862 2334 ⁸⁸.
885 2267 1222 2325 diviniorum
1254 2267 1688 2326 illustrationum
1727 2287 1854 2342 pcr-

269 2354 474 2426 ceptio,
496 2357 800 2414 celestium
847 2360 1202 2433 splendorum
1225 2361 1497 2427 societas;
1526 2376 1591 2418 ac
1624 2362 1849 2418 demum

268 2449 544 2522 potiorum
596 2460 849 2509 votorum
899 2452 1259 2527 adimpletio;
1295 2454 1498 2527 quibus
1544 2454 1639 2511 Dei
1684 2466 1853 2513 verus

268 2540 435 2600 boum
460 2543 763 2611 absolutus,
786 2561 852 2602 ac
874 2548 969 2620 qui
1024 2549 1227 2606 mentis
1257 2551 1616 2607 renovatione
1644 2549 1850 2607 Christi

267 2635 630 2692 similitudine
658 2646 834 2708 quoto
862 2653 1083 2711 quoque
1106 2639 1198 2696 die
1230 2641 1685 2711 transformatur,
1738 2658 1851 2700 nou

263 2728 390 2786 vita
418 2730 600 2786 minus
627 2729 834 2787 deitate
887 2744 954 2786 ac
982 2731 1411 2803 magnificentia,
1451 2750 1615 2805 quam
1644 2750 1857 2793 sermo-

259 2822 350 2877 nis
406 2831 573 2893 atque
605 2822 872 2880 doctrina
905 2823 1106 2881 illustri
1141 2825 1410 2891 claritate,
1436 2827 1504 2883 iis
1536 2828 1632 2899 qui
1674 2827 1855 2885 salute

253 2914 412 2989 digni
438 2927 593 2982 sunt,
616 2916 815 2973 salutis
845 2917 1065 2974 exsistit
1091 2918 1347 2989 prasidio
1366 2935 1383 2987 ;
1404 2919 1622 2978 Arianis
1641 2929 1849 2989 autem,

247 3025 317 3069 ac
346 3013 452 3084 qui
493 3010 603 3067 illis
632 3011 915 3081 adjutores
957 3026 1122 3083 atque
1142 3011 1277 3069 socii
1302 3021 1463 3069 erant
1488 3013 1674 3084 (porro
1692 3021 1851 3069 erant

247 3104 549 3175 adjutores
597 3103 990 3161 consciscenda
1046 3104 1250 3161 Sancto
1299 3122 1431 3162 nece
1462 3106 1845 3163 haereticorum

1942 598 2347 660 testimonium.
2406 597 2464 654 in
2513 597 2695 653 medio
2748 595 2871 667 ipso
2899 593 3143 651 concilio
3190 592 3529 649 clamasset:

1943 691 2078 765 Ego,
2114 702 2166 748 et
2210 689 2375 748 Pater
2397 706 2560 746 suum
2592 706 2777 745 sumus
2798 688 2871 753 ",
2932 695 3229 759 surgentes
3283 685 3533 755 lapidare

1940 785 2276 850 nitebantur,
2305 799 2618 857 quanquam
2645 781 2774 838 fecit
2798 781 2867 847 is,
2896 789 2958 837 ut
2986 781 3267 837 incassum
3320 777 3535 849 lapides

1941 877 2333 933 mitterentur:
2391 876 2509 947 pari
2565 876 2779 930 ratione
2822 871 3090 946 Gregorio
3114 886 3335 943 quoque
3365 869 3537 927 Deum

1942 969 2184 1035 Patrem,
2218 967 2502 1040 Deumque
2542 965 2770 1033 Filium,
2815 981 2882 1022 ac
2911 965 3082 1021 Deum
3112 961 3379 1035 Spiritqu
3408 977 3541 1018 san-

1944 1072 2117 1125 ctum,
2149 1077 2317 1118 unam
2339 1061 2627 1125 Deitatem,
2660 1074 2783 1130 qua
2812 1057 2986 1114 tribus
3012 1055 3265 1129 personis
3284 1054 3536 1126 ejusdem

1945 1154 2519 1212 substantiazdiscrete
2565 1168 2628 1208 ac
2673 1152 2820 1208 velut
2847 1150 3070 1208 dividue
3107 1166 3215 1206 una
3248 1148 3537 1215 consistat,

1944 1247 2147 1304 eximie
2176 1261 2277 1317 pro
2302 1245 2566 1317 Theologi
2592 1244 2842 1316 partibus
2895 1243 3229 1303 disserente.
3266 1240 3539 1297 immensa

1947 1340 2102 1395 rabie
2130 1340 2262 1403 acti,
2298 1355 2363 1394 ac
2408 1336 2596 1394 furore
2630 1337 2818 1409 repleti
2853 1336 3109 1407 princeps
3153 1334 3538 1391 haereticorum

1946 1446 2145 1503 agmen
2200 1432 2368 1503 inque
2415 1430 2523 1487 illis
2572 1432 2825 1494 antistes,
2858 1439 3119 1498 tanquam
3151 1427 3268 1484 suis
3296 1427 3378 1481 eis
3431 1426 3540 1481 do-

1952 1525 2159 1597 gmatis
2242 1525 2490 1583 funditus
2551 1524 2933 1589 labefactatis,
3014 1519 3538 1592 praestantissinnnn

1948 1618 2239 1690 theologia
2268 1618 2651 1687 interpretem,
2673 1617 2823 1673 velut
2862 1630 2962 1672 sua
3012 1627 3205 1685 opera,
3238 1611 3402 1684 vique
3433 1615 3533 1666 do-

1948 1712 2141 1768 ctrinae
2174 1728 2361 1784 parem
2393 1711 2679 1769 Trinitatis
2715 1710 2982 1771 honorent
3010 1715 3368 1773 asserentem,
3402 1706 3542 1777 lapi-

1950 1804 2113 1863 dibus
2139 1814 2351 1876 petunt.

2020 1896 2162 1966 Quia
2184 1915 2335 1965 vero,
2367 1915 2533 1970 quam
2563 1898 2641 1955 illi
2673 1900 2813 1955 male
2835 1898 3230 1971 impugnabant
3276 1894 3539 1952 deitatem

1952 2004 2018 2046 ac
2052 1991 2389 2055 dividebant,
2422 1991 2539 2047 haec
2570 1991 2675 2047 rite
2702 2007 2799 2062 pro
2831 2006 2894 2045 ea
2925 1990 3352 2062 depugnantcm,
3383 1990 3542 2041 ausi-

1952 2083 2028 2138 lio
2058 2082 2306 2149 fovebat;
2356 2099 2421 2139 ac
2481 2082 2724 2154 Spiritus
2774 2083 2876 2148 illi,
2908 2082 3002 2153 qui
3036 2080 3088 2136 in
3124 2079 3246 2151 ejus
3298 2080 3547 2151 spirabat

1950 2177 2202 2247 gratiam,
2231 2178 2418 2233 aderat
2444 2194 2461 2231 :
2492 2176 2563 2232 ab
2592 2177 2987 2233 homicidarum
3021 2190 3150 2232 eum
3207 2174 3412 2244 injuria
3475 2173 3545 2227 li-

1951 2269 2107 2326 berat
2134 2287 2153 2339 ;
2199 2270 2543 2341 illaesumqne
2565 2286 2603 2339 ρ
2625 2270 2869 2342 lapidum
2892 2269 3156 2349 grandine
3181 2282 3429 2329 servans.
3459 2264 3530 2323 ad

1953 2363 2164 2433 majora
2206 2364 2530 2428 certamina,
2585 2379 2650 2420 ac
2683 2362 3042 2435 perfectiores
3071 2377 3306 2419 coronas
3335 2376 3547 2434 praepa-

1952 2464 2059 2511 rat.
2084 2453 2250 2511 iidem
2280 2471 2517 2527 namque
2545 2457 2652 2527 ipsi
2682 2471 2747 2513 ea
2774 2456 2988 2513 ratione
3016 2454 3280 2523 convicti,
3314 2454 3548 2526 probro-

1952 2564 2062 2621 que
2095 2548 2296 2615 affecti,
2328 2548 2395 2604 ad
2421 2548 2570 2604 aliud
2610 2564 2808 2606 rursus
2826 2548 3288 2614 fortissimum.ut
3320 2556 3548 2621 putave-

1953 2649 2096 2707 rant,
2111 2654 2446 2713 prorsusque
2458 2639 2806 2697 ineluctabile
2830 2648 3114 2696 vertuntur
3146 2645 3545 2696 commentum.

1950 2729 2158 2805 Nempe
2201 2733 2367 2789 variis
2408 2742 2703 2791 onerantes
2755 2730 3103 2797 criminibus,
3161 2730 3338 2803 iisque
3394 2730 3551 2787 urbis

1955 2828 2298 2900 prtefectum,
2333 2826 2455 2884 fidei
2490 2828 2610 2900 ipsa
2641 2826 3033 2884 communione
3062 2826 3239 2899 magis
3259 2824 3547 2883 credulum

1953 2936 2018 2977 ac
2046 2920 2428 2991 procliviorem
2481 2920 2867 2986 accendentes,
2906 2933 3041 2975 eum
3095 2928 3149 2975 et
3198 2927 3550 2977 accusatores

1954 3012 2281 3070 statuissent
2311 3021 2541 3083 repente
2567 3013 3027 3083 comprehensum
3060 3011 3412 3084 Gregorium,
3444 3026 3549 3084 pro

1955 3103 2209 3160 tribunali
2237 3104 2464 3161 sistunt.
2488 3103 2687 3175 Atque,
2712 3119 2752 3162 o
2772 3113 3050 3175 stuporem
3076 3104 3091 3159 !
3128 3117 3164 3159 o
3200 3098 3548 3171 insipientem

249 3198 451 3253 omtais
470 3211 714 3261 cuneus;
745 3194 895 3250 novit
934 3196 1079 3251 enim
1114 3196 1257 3252 haud
1307 3211 1437 3253 raro
1479 3198 1668 3252 vitium
1719 3198 1855 3254 vitio
1882 3215 1929 3276 ο
1961 3198 2360 3253 sceleratorum
2387 3198 2797 3269 aggressionem
2825 3198 2840 3253 l
2875 3196 3095 3254 Pacitici
3124 3197 3551 3267 probatisslnms

252 3289 525 3344 auxiliari
564 3288 815 3358 belloque
849 3286 1124 3359 fatiganda
1151 3287 1376 3355 virtute,
1415 3290 1491 3344 uti
1518 3291 1719 3345 dictum
1743 3300 1853 3359 est,

254 3380 811 3447 sociarienncnrdia,
854 3396 1167 3450 quanquam
1227 3382 1328 3436 sibi
1368 3381 1545 3449 ipsum
1577 3382 1856 3439 dissenta-

260 3486 440 3525 ucum
479 3487 544 3526 ac
568 3471 778 3528 discors
803 3472 912 3546 est)
942 3488 960 3540 ;
1009 3474 1099 3528 his
1140 3473 1327 3541 itaque
1350 3475 1672 3541 inimicitiae,
1705 3476 1854 3541 lites,

263 3560 681 3628 amulationes,
731 3565 846 3630 irae,
893 3582 959 3622 ac
998 3581 1121 3637 qua:
1158 3564 1419 3637 deinceps
1448 3583 1678 3637 magnus
1712 3570 1859 3625 Pau-

266 3652 362 3709 ius
386 3654 440 3686 ”
492 3655 699 3721 pridem
748 3660 1059 3727 percensuit
1101 3662 1288 3717 carnis
1336 3677 1545 3731 opera;
1598 3677 1662 3717 ac
1709 3663 1854 3733 quod

259 3746 525 3801 omnium
556 3760 867 3817 supremum
902 3752 1176 3807 malorum
1205 3762 1311 3821 est,
1340 3753 1518 3809 caades
1543 3753 1663 3826 ipsa
1694 3768 1862 3814 accu-

254 3841 500 3895 rabatnr
520 3839 655 3895 nihil
689 3840 1051 3900 defunctorie.

324 3936 519 4007 Atque
568 3934 645 4001 Μ,
690 3934 929 4005 primum
972 3937 1194 4008 quidem
1246 3939 1510 3997 maleﬁcae
1554 3942 1859 4000 dialecticae

253 4032 620 4088 ser-tionibus
660 4039 957 4101 tentantes,
1020 4035 1319 4106 litigantes,
1359 4039 1609 4095 veritatis
1658 4040 1857 4096 turrim

248 4124 505 4195 dejicere
527 4126 851 4194 molientes;
898 4130 1154 4200 velutque
1203 4133 1482 4202 praesidio,
1522 4148 1631 4204 qua
1685 4138 1859 4204 polle-

250 4217 355 4273 bat
375 4217 652 4288 sapientia
687 4220 953 4287 submoti,
988 4238 1418 4294 sermonumque
1443 4242 1508 4281 ac
1541 4227 1757 4283 dicendi
1795 4229 1859 4283 ti-

250 4306 473 4374 ducia;
507 4322 572 4365 ac
598 4321 859 4378 tanquam
889 4312 1028 4367 duro
1059 4328 1194 4367 saxo
1252 4314 1561 4385 tinuoque,
1599 4316 1700 4369 viri
1738 4330 1858 4370 ma—

254 4399 357 4471 gni
399 4399 546 4461 tldei,
584 4403 797 4470 procaci
854 4403 1128 4472 irruentes
1161 4407 1389 4461 audacia
1412 4447 1426 4469 ,
1459 4421 1636 4477 exque
1681 4408 1859 4463 imbe-

249 4492 508 4547 cillitate
534 4493 729 4559 abacti,
756 4511 819 4552 ac
860 4495 1197 4565 impudentia
1249 4500 1469 4569 quidem
1512 4500 1855 4567 azloricntes,

252 4602 384 4656 pra:
418 4585 620 4640 virium
647 4598 823 4644 autem
860 4591 1108 4645 exilitate
1138 4591 1267 4647 victi
1323 4592 1687 4659 recedentes;
1728 4597 1861 4663 quin

239 4682 460 4754 patinis
517 4681 764 4744 contriti.
802 4696 865 4737 ac
895 4684 1038 4737 velut
1088 4684 1263 4751 pulvis
1309 4696 1470 4741 vento
1524 4688 1859 4753 acturbinc,

235 4775 351 4833 alti
385 4774 520 4845 ejus
541 4776 813 4831 sermonis
859 4777 1079 4846 spiritu,
1130 4779 1318 4833 aestiva
1349 4795 1473 4834 area
1502 4782 1725 4835 excussi
1800 4798 1865 4837 ac

230 4868 558 4935 ventilati;
588 4883 714 4923 cum
743 4869 1204 4925 absurdissimum
1237 4872 1514 4927 videretur
1552 4888 1722 4927 novos
1748 4872 1863 4944 jam

231 4978 381 5020 cum
400 4976 478 5018 eo
508 4976 827 5016 sermonum
856 4962 993 5018 inire
1015 4978 1365 5034 congressus,
1393 4965 1489 5035 qui
1509 4965 1658 5019 omni
1686 4968 1864 5035 palam

238 5049 548 5108 sermonis
604 5066 670 5105 ac
708 5051 973 5107 doctrinae
1008 5055 1384 5125 visuperarct,
1416 5056 1689 5127 lapidibus
1708 5056 1865 5112 dein-

244 5156 394 5212 ceps
428 5141 717 5197 tentabant
749 5143 1004 5200 obruere.

331 5235 425 5289 Ae
477 5235 626 5291 sicut
682 5234 959 5292 homicida
990 5236 1307 5294 Iudaeorum
1363 5239 1540 5311 plebs,
1577 5238 1863 5311 Stephano

253 5324 337 5381 ad
373 5340 482 5381 eos
514 5343 686 5384 unum
712 5329 937 5385 verbum
990 5332 1278 5401 prolocqu
1305 5332 1392 5399 “;
1442 5340 1660 5402 apertos
1697 5328 1865 5388 ui'mi-

256 5428 407 5471 rum
442 5416 543 5486 ipsi
579 5421 775 5486 eteius,
809 5436 876 5477 ac
908 5420 1108 5479 Filium
1144 5425 1389 5481 hominis
1418 5427 1485 5480 ad
1524 5424 1705 5480 Patris
1729 5426 1867 5480 dex-

255 5517 463 5563 teram
490 5522 549 5564 se
576 5510 777 5581 videre,
809 5529 937 5571 cum
963 5516 1229 5587 aqualem
1255 5533 1383 5572 cum
1412 5517 1672 5573 Genitore
1697 5518 1873 5572 hono-

245 5618 396 5660 rem
459 5606 624 5674 prolis
664 5608 808 5667 ferre
851 5624 1244 5683 nonpossent;
1280 5615 1626 5670 continentes
1679 5628 1865 5677 aures,

236 5710 849 5776 moxquesurgcntes,
878 5704 1260 5776 lapidaverunt
1314 5708 1603 5780 theologia!
1645 5724 1865 5764 sacrum

325 5875 394 5914 ⁸⁸
432 5873 480 5932 li
504 5877 637 5939 Cor.
660 5900 719 5949 v,
755 5882 846 5939 ts.
924 5882 971 5916 "
995 5881 1169 5941 Gulat.
1197 5903 1247 5957 ν,
1276 5888 1367 5944 20.
1446 5888 1492 5921 ⁸⁸
1520 5886 1641 5945 Act.
1670 5905 1765 5957 vn,
1794 5887 1888 5948 δὲ»,

1962 3288 2285 3360 discipulus,
2313 3304 2377 3345 ac
2397 3291 2548 3361 pacis
2582 3289 2906 3346 mitissimus
2960 3291 3188 3355 arbiter,
3219 3287 3465 3345 seditiosi
3485 3304 3554 3345 ac

1963 3385 2207 3456 protervi
2243 3383 2453 3440 crimen
2487 3386 2835 3449 sustinebat;
2872 3401 2937 3441 ac
2959 3384 3053 3457 qui
3093 3385 3364 3448 docendo,
3393 3383 3552 3455 juxta

1964 3479 2213 3533 divinum
2262 3478 2582 3549 Apostolum
2618 3478 2686 3545 ⁸⁸,
2721 3478 2933 3534 ﬁdelem
2987 3494 3299 3535 sermonem
3343 3477 3557 3544 ample-

1967 3579 2229 3637 cteretur,
2267 3580 2530 3643 tanquam
2562 3571 2655 3641 qui
2701 3570 2879 3626 aliena
2907 3585 2939 3625 a
2992 3570 3117 3636 title,
3167 3585 3233 3625 ac
3281 3568 3561 3624 Inerctiris

1967 3664 2188 3735 propria
2213 3664 2457 3727 doceret,
2488 3664 2559 3720 ab
2585 3663 2768 3736 impiis
2797 3663 3071 3719 calumnia
3105 3663 3552 3719 insimulabatur.

1968 3755 2355 3813 Stabatautem
2379 3758 2760 3824 virstrenuus,
2808 3757 2953 3813 velut
2973 3757 3243 3814 sodalium
3312 3756 3552 3827 cuipiam

1968 3864 2032 3905 ac
2067 3861 2357 3917 notorum;
2389 3864 2501 3904 non
2532 3849 2689 3921 quasi
2733 3858 2891 3906 tanto
2953 3847 3316 3920 magistratui,
3358 3847 3588 3918 judicio

1967 3959 2076 4015 quc
2094 3942 2400 4001 assisteret.
2556 3994 2561 3999 .
2760 4016 2763 4020 θ

2039 4036 2290 4104 Quonam
2314 4035 2476 4094 modo
2506 4038 2641 4094 scite
2696 4046 2951 4110 apteque,
2977 4037 3061 4093 Vel
3083 4036 3336 4107 praefecti
3358 4053 3570 4107 super~

1968 4129 2138 4199 biam,
2204 4130 2517 4202 fastumque
2582 4130 2779 4196 animi,
2810 4146 2876 4186 ac
2927 4146 3245 4187 sermonum
3291 4145 3571 4198 Μηδείης.

1971 4222 2099 4275 tiam
2128 4239 2143 4290 ;
2176 4229 2271 4276 aut
2294 4221 2395 4275 viri
2414 4221 2757 4291 prudentiam
2801 4236 2867 4277 ac
2895 4221 3172 4277 lenitatem
3198 4239 3213 4275 :
3239 4233 3557 4291 certamque

1971 4314 2036 4368 ad
2065 4329 2191 4368 cum
2260 4312 2324 4369 ac
2348 4312 2677 4384 exquisitam
2706 4311 3144 4370 satisfactionem
3178 4312 3360 4370 verbis
3385 4329 3559 4386 expc-

1971 4407 2114 4461 diam
2144 4407 2168 4461 ἳ

2042 4495 2226 4554 Ριυιςιν.
2266 4496 2410 4565 Quid
2463 4495 2570 4552 sibi
2612 4497 2753 4565 vult,
2780 4497 2917 4552 heus
2954 4507 3034 4562 tu,
3068 4497 3217 4568 quod
3279 4498 3361 4553 sic
3415 4514 3559 4569 prte-

1904 4589 1944 4644 D
1977 4592 2322 4660 magniﬁcam
2380 4591 2943 4663 augustissimamque
2969 4592 3245 4647 civitatem
3277 4592 3556 4648 seditiosis

1972 4684 2349 4740 molitionibus
2370 4686 2579 4746 turbas,
2617 4701 2742 4739 cum
2774 4683 3079 4755 praesertim
3104 4692 3406 4741 extraneus
3468 4694 3557 4740 at-

1973 4778 2091 4847 que’
2108 4777 2309 4847 hospes
2334 4778 2573 4833 exsistas
2598 4777 2621 4831 Τ

2041 4868 2213 4926 Gneo.
2244 4869 2342 4924 Cui
2378 4868 2467 4924 ille
2502 4888 2516 4925 :
2558 4868 2819 4936 Quaenam
2848 4867 3068 4937 injuria,
3119 4881 3314 4939 quave
3359 4867 3559 4923 adver-

1972 4979 2091 5021 sum
2127 4979 2251 5032 nos,
2286 4961 2486 5033 inquit,
2523 4960 3265 5029 accusatoribnsdivulgata,
3304 4974 3565 5014 rumore-

1974 5069 2081 5127 qua
2114 5068 2307 5124 sparsa
2335 5051 2596 5108 seditiosa
2636 5048 2847 5103 molitio
2918 5063 2984 5103 ac
3019 5045 3315 5115 petulantia
3343 5045 3367 5099 ?
3404 5042 3556 5101 Nihil

1972 5148 2118 5203 enim
2153 5148 2284 5202 ntihi
2315 5144 2588 5216 ejusmodi
2609 5158 2791 5198 rerqu
2822 5142 3079 5197 conscius
3114 5154 3266 5196 sum.

2045 5240 2223 5297 Pater.
2254 5238 2435 5308 Quod,
2463 5236 2938 5307 inquit,inanibus
2971 5233 3154 5290 verbis
3225 5239 3390 5304 atque
3428 5246 3567 5303 proo.

1974 5335 2137 5402 fanis,
2163 5332 2579 5404 incompositam
2604 5331 2815 5403 plebem
2842 5329 2909 5385 ad
2941 5344 3029 5386 res
3054 5345 3224 5385 novas
3248 5326 3512 5385 sollicitas
3536 5345 3557 5382 ι

1971 5429 2285 5498 viderisque
2334 5424 2468 5481 mibi
2525 5425 2717 5481 turbas
2755 5423 2925 5488 ciere,
2983 5423 3077 5493 qui
3173 5419 3554 5492 imperitorum

1971 5536 2034 5575 ac
2057 5519 2430 5592 insipientium
2460 5518 2561 5574 tibi
2604 5517 2821 5572 animos
2860 5514 3107 5578 addicas,
3166 5525 3328 5584 atque
3355 5512 3422 5566 a-l
3459 5524 3552 5565 se-

1973 5616 2230 5669 ditinnmn
2252 5612 2398 5683 (qnze
2425 5611 2515 5667 his
2530 5610 2694 5666 facile
2716 5609 3104 5672 succendatur)
3125 5617 3296 5665 uestro
3313 5605 3563 5677 quodam

1972 5708 2239 5778 impellas.

1989 5888 2033 5923 ⁸⁷
2063 5885 2221 5944 .loan.
2256 5901 2314 5955 χ,
2345 5887 2433 5943 50.
2546 5886 2592 5921 ⁸⁸
2620 5883 2733 5942 Tit.
2770 5899 2808 5952 Ι,
2839 5884 2898 5940 ο.
