4150 6298
608 379 709 448 467

1774 379 1825 439 Ν
1833 380 2069 442 ΙΗΕΤΑΞ
2108 374 2557 441 PAPHLAGON
2568 376 2634 437 I‘S

3748 372 3852 436 468

677 489 848 547 Gneo.
884 486 1197 554 Enimvero,
1217 489 1292 542 ait
1315 502 1532 551 rursus,
1563 486 1838 544 seditiosa:
1859 489 2179 552 molitionis,

2292 508 2460 547 unum
2508 503 2729 559 corpus,
2765 498 3017 556 unusque
3050 483 3278 555 spiritus
3321 480 3621 566 Christiani
3664 496 3856 539 ontnes
3923 504 3928 508 ·

607 584 886 655 turbaeque
914 580 1193 651 popularis
1222 589 1431 637 tantum
1470 579 1626 637 abest
1682 589 1742 637 ut
1773 581 1869 635 ulli
1909 583 2027 651 ipse
2070 582 2174 636 sim

611 686 826 739 auctor,
852 683 1114 743 quantum
1156 673 1249 744 qui
1272 673 1402 727 olim
1438 673 1659 738 mortui,
1692 689 1721 730 a
1745 684 1935 729 vestra
1961 675 2181 731 civitate

605 781 671 822 ac
702 766 981 834 republica
1009 765 1253 820 extranei
1292 775 1484 834 agunt.
1519 764 1662 821 Olim
1693 767 1837 822 enim
1866 766 2066 838 (neque
2092 782 2180 822 me

602 861 887 929 quisquam
907 859 1231 929 arrogantia:
1280 859 1562 929 {astusque
1580 859 1877 931 insimulet)
1906 860 2052 914 omni
2077 876 2181 917 sae-

601 950 733 1016 culi,
775 948 1039 1018 [laxaeque
1067 949 1255 1017 glerize
1278 949 1526 1005 claritate
1544 959 1727 1018 spreta
1758 964 1821 1003 ac
1844 948 2028 1004 carnis
2055 949 2181 1005 uuis

602 1039 781 1097 versis
804 1040 1192 1111 cupiditatibus
1208 1043 1481 1103 excussis,
1506 1041 1956 1112 soliqueChristo
1977 1040 2181 1097 findere
2220 1069 2230 1078 η

606 1132 923 1203 adjunctus,
953 1148 1019 1188 ac
1059 1132 1153 1203 qui
1181 1131 1303 1202 ejus
1339 1131 1457 1203 lege
1480 1132 1719 1203 Spiritus
1748 1133 1834 1204 agi
1868 1134 2179 1199 maluerim,

606 1223 676 1280 ab
711 1226 858 1279 omni
881 1224 1154 1280 discordia
1203 1239 1268 1280 ac
1293 1224 1410 1279 rixa
1443 1224 1711 1280 mundum
1752 1226 2020 1294 meipsum
2066 1240 2182 1280 ser-

606 1332 735 1374 vare
773 1317 1087 1381 contendo;
1139 1333 1253 1373 nec
1294 1318 1469 1373 solam
1516 1319 1953 1389 pulcherrimam
1990 1334 2180 1388 pacem

604 1406 755 1462 solus
793 1423 893 1477 ego
945 1408 1245 1479 amplector
1275 1451 1291 1475 ,
1347 1410 1451 1465 sed.
1500 1417 1556 1465 et
1605 1419 1837 1466 cunctos
1898 1410 2024 1465 totis
2052 1410 2182 1464 viri-

606 1498 709 1555 bus
775 1514 897 1554 eam
955 1500 1240 1571 amplecti,
1314 1517 1439 1558 cum
1502 1500 1673 1557 Paulo
1720 1502 1768 1535 θ’
1844 1503 2041 1559 hortor
2099 1510 2183 1557 at-

605 1606 714 1658 que
763 1592 996 1648 suadeo.
1051 1590 1193 1650 Fore
1238 1592 1383 1649 enim
1427 1604 1487 1650 ut
1544 1595 1664 1653 sine
1694 1594 1784 1650 illa
1813 1610 1975 1651 nemo
1999 1596 2183 1651 videat

611 1683 801 1739 Deum.

682 1774 863 1829 anr.
897 1773 1037 1843 Quid
1068 1790 1220 1844 vero,
1252 1776 1451 1848 inquit,
1486 1779 1630 1848 quod
1671 1788 1724 1833 et
1762 1778 1967 1843 aliena,
1989 1793 2054 1834 ac
2080 1791 2181 1849 pro

2281 601 2568 656 ageremus
2597 584 2672 651 ”;
2704 580 2929 652 jamque
2953 580 3088 635 adeo
3112 592 3219 632 non
3244 591 3311 631 ex
3338 575 3446 631 alio
3471 575 3587 641 alii,
3615 575 3849 646 aliaque,

2280 676 2375 732 sed
2430 691 2495 731 es
2549 658 2769 730 Christo
2811 687 3004 728 omnes
3052 679 3167 726 tum
3217 683 3684 739 nuncuparemur,
3736 676 3849 723 tum

2280 784 2551 833 essemus,
2582 768 2675 837 qui
2718 766 2784 821 ad
2811 780 2974 820 unam
3035 765 3391 836 eamdemque
3418 778 3572 835 spem
3611 764 3854 819 vocatio-

2283 862 2371 917 nis
2403 861 2605 933 pariter
2632 874 2981 914 curreremus
3011 859 3081 912 “.

2355 953 2494 1022 Quia
2548 967 2679 1008 vero
2734 950 3033 1016 nonnulli,
3081 948 3251 1005 animi
3308 950 3489 1029 potius
3547 947 3852 1019 pravitate,

2270 1060 2446 1117 quam
2478 1045 2715 1111 inscitia,
2750 1044 2797 1101 si
2832 1051 2997 1099 certe
3022 1042 3262 1108 veritati,
3300 1042 3574 1111 clarisque
3608 1042 3854 1097 testimoe

2283 1138 2413 1205 niis,
2461 1152 2527 1194 ac
2578 1135 3001 1192 auctoritatibus
3048 1133 3374 1191 obnitemur
3404 1151 3419 1187 :
3451 1141 3579 1204 puta
3616 1133 3709 1197 iis,
3736 1147 3856 1203 quae

2285 1232 2353 1287 ad
2378 1230 2578 1286 Filium
2612 1237 2884 1299 spectant,
2924 1227 3073 1297 quod
3103 1226 3197 1281 Dei
3232 1240 3415 1281 sermo
3460 1240 3584 1281 cum
3613 1234 3758 1279 esset
3800 1224 3853 1278 in

2283 1321 2576 1394 principio,
2595 1329 2712 1375 erat
2736 1320 2879 1390 apud
2905 1317 3124 1375 Patrem
3145 1319 3219 1383 ”,
3251 1326 3305 1373 et
3333 1317 3472 1372 Deus
3494 1324 3613 1371 erat
3637 1332 3652 1378 ;
3684 1317 3857 1386 quod-

2284 1432 2392 1488 que
2450 1413 2811 1483 Unigenitus,
2851 1422 2904 1468 et
2928 1412 3076 1482 quod
3133 1412 3188 1467 in
3223 1410 3345 1466 sinu
3374 1408 3569 1464 Patris.
3601 1407 3738 1478 Ego,
3775 1408 3859 1462 in-

2283 1510 2422 1579 quit,
2457 1509 2513 1564 in
2546 1508 2731 1575 Patre,
2757 1520 2805 1562 et
2852 1503 3017 1559 Pater
3058 1505 3115 1559 in
3162 1520 3244 1558 me
3288 1513 3371 1558 est
3397 1502 3468 1555 ³-⁸.
3522 1500 3589 1554 Et
3614 1544 3629 1567 ,
3658 1504 3770 1571 Ego
3812 1512 3856 1556 et

2287 1599 2451 1657 Pater
2497 1618 2662 1656 unum
2688 1615 2868 1656 sumus
2886 1599 2952 1651 ’⁷.
2980 1596 3136 1666 Quod
3162 1597 3289 1651 item
3320 1595 3576 1666 splendor
3590 1594 3777 1666 glorize
3790 1594 3857 1660 θ’,

2284 1709 2349 1749 ac
2396 1693 2568 1761 ﬁgura
2606 1676 2845 1757 paterna:
2874 1689 3216 1747 substantias,
3264 1686 3315 1739 id
3351 1695 3458 1747 est,
3488 1687 3671 1757 imago
3708 1685 3855 1739 inva-

2285 1783 2527 1848 riabilis,
2587 1782 2773 1838 divino
2838 1779 3009 1834 Paulo
3072 1778 3400 1850 praedicatus
3462 1785 3592 1843 est;
3642 1791 3844 1831 necnon

609 1865 878 1922 barreticis
900 1839 1151 1937 partibus
1177 1839 1382 1924 doces?
1416 1839 1610 1923 ’t‘ionue
1625 1868 1779 1925 vobis
1801 1839 1999 1922 sullieit
2020 1839 2176 1931 ﬁdes,

2292 1876 2429 1941 aliis,
2468 1876 2669 1946 quibus
2700 1875 2887 1930 eadem
2930 1873 3147 1929 deitatis
3172 1881 3366 1926 natura
3406 1871 3686 1924 astruitur.‘
3720 1866 3844 1935 Quae

603 1959 691 2015 cui
714 1969 769 2015 et
800 1975 1030 2033 magnus
1054 1960 1354 2033 imperator
1378 1960 1706 2031 astipulatur
1736 1979 1751 2013 :
1780 1961 2069 2029 omnisque
2097 1960 2181 2014 di-

604 2050 681 2108 tio
727 2067 794 2107 ac
822 2051 1018 2108 civitas
1069 2052 1410 2109 assentitur?
1444 2051 1681 2109 Solusne
1714 2052 1836 2109 titlei
1885 2052 2179 2107 novitatem

604 2144 857 2201 illaturus
898 2160 978 2210 es,
1024 2147 1321 2219 orbemque
1368 2147 1524 2204 solus
1554 2145 1609 2202 in
1652 2145 1975 2203 sententiam
2031 2154 2178 2200 tuam

605 2236 889 2307 pertrabcs
912 2237 937 2292 τ

674 2330 851 2387 Casu.
877 2329 1022 2387 Nihil
1043 2331 1297 2405 equidem
1332 2346 1558 2397 novum,
1600 2332 1801 2403 inquit.
1832 2340 1929 2387 aut
1953 2333 2022 2386 ab
2050 2344 2182 2399 apo-

608 2422 801 2479 stolica
838 2423 943 2480 lide
968 2424 1228 2492 alienum,
1258 2425 1343 2482 vel
1388 2426 1504 2497 ipse
1538 2426 1770 2497 COgitavi
1804 2441 2067 2496 unquam,
2097 2424 2182 2479 vel

606 2514 749 2571 alios
772 2514 969 2585 docui;
996 2515 1092 2573 sed
1127 2518 1661 2589 quaecunque,juxta
1689 2532 1900 2572 sacram
1936 2515 2182 2587 Scriptu-

608 2622 749 2672 ram,
782 2606 1104 2671 audivimus,
1131 2616 1181 2662 et
1219 2610 1557 2679 cognovimus
1602 2626 1685 2674 ea,
1719 2617 1768 2663 et
1798 2620 1975 2678 patres
2008 2608 2181 2662 nostri

608 2708 959 2755 navaverunt
980 2699 1134 2755 nobis
1166 2700 1235 2765 ",
1261 2699 1377 2757 haec
1400 2701 1690 2767 sentimus,
1712 2701 1829 2756 haec
1858 2700 2134 2769 loquimur
2152 2720 2180 2754 τ

608 2792 662 2845 in
704 2791 788 2847 bis
814 2806 1220 2863 permanemus,
1250 2808 1371 2864 qua:
1398 2793 1748 2858 credidimus,
1780 2808 1845 2848 ac
1882 2792 2041 2849 nobis
2064 2808 2185 2847 cre-

604 2882 717 2938 dita
737 2891 888 2951 sunt,
912 2883 1150 2941 scientes
1175 2900 1205 2939 a
1222 2899 1331 2956 quo
1354 2884 1706 2941 didicerimus
1731 2885 1799 2941 ".
1831 2883 1949 2939 Non
1994 2884 2183 2939 itumav

576 2974 697 3030 A-nis
775 2975 1167 3046 cegitatiouum
1230 2976 1536 3032 rationibus
1585 2977 1903 3033 inconcessa
1938 3019 1953 3043 ,
2010 2977 2188 3047 iisque

608 3063 889 3123 inaccessa
916 3068 1173 3123 metimur
1207 3086 1222 3124 :
1270 3084 1447 3138 neque
1482 3075 1735 3125 naturam
1792 3069 1937 3123 nulla
1993 3071 2187 3124 verbo—

608 3173 728 3213 rum
756 3159 808 3213 vi
837 3158 1240 3228 explicabilem,
1268 3173 1334 3214 ac
1367 3174 1528 3229 quam
1564 3173 1722 3211 nemo
1754 3158 2039 3227 intelligat,
2061 3158 2186 3212 dia-
2213 3199 2258 3260 ϐ

608 3251 818 3307 lecticis
850 3251 1120 3308 methodis
1147 3252 1509 3321 pensitamus.
1567 3249 1753 3321 Neque
1788 3250 1935 3306 enim
1969 3261 2027 3305 ut
2064 3251 2188 3321 qui-

609 3344 839 3400 busdam
898 3344 1067 3399 moris
1107 3351 1213 3407 est,
1270 3352 1467 3414 prmter
1517 3359 1579 3399 ea
1626 3359 1747 3414 qua:
1806 3344 1980 3399 sacris
2030 3344 2188 3400 nobis

608 3436 844 3492 oraculis
870 3435 1118 3505 exposita
1145 3444 1295 3500 sunt,
1317 3436 1697 3491 contumacius
1722 3435 2017 3505 quidquam
2052 3451 2188 3506 pm-

610 3528 906 3583 snmitnus.
930 3520 1124 3582 Omnis
1150 3526 1320 3598 igitur
1338 3527 1428 3597 qui
1461 3542 1527 3580 ex
1560 3526 1671 3581 Deo
1701 3541 1803 3593 est,
1836 3536 2192 3596 nostramque

609 3617 763 3673 audit
790 3632 999 3681 vocem,
1025 3631 1090 3672 ac
1124 3632 1289 3688 quam
1330 3617 1609 3687 loquimur
1661 3618 1947 3672 veritatem
2022 3632 2189 3687 agno~

609 3724 772 3767 scena
809 3727 825 3765 :
863 3724 973 3765 non
996 3707 1153 3765 nobis
1168 3708 1509 3778 simpliciter,
1540 3709 1635 3766 sed
1669 3709 1769 3779 ipsi
1798 3709 1977 3779 plane,
2002 3716 2187 3764 nostra

611 3817 797 3872 opera,
827 3788 1044 3856 veritati
1074 3801 1307 3866 accedit,
1332 3801 1493 3872 eique
1511 3802 1863 3857 conciliatur.

682 3894 866 3952 Pater.
907 3893 1049 3962 Quid
1094 3909 1263 3965 ergo,
1302 3894 1501 3964 inquit,
1544 3894 1791 3950 videmur
1835 3895 1930 3949 tibi
1969 3912 2075 3949 non
2123 3912 2191 3951 ex

615 3985 727 4043 Deo
775 4002 840 4041 ac
879 3987 1100 4041 veritate
1137 4000 1237 4041 nos
1256 3999 1400 4052 esse,
1439 3986 1585 4058 quod
1615 3998 1802 4042 vestro
1830 3989 2195 4044 consubstan—

616 4078 734 4133 tiali
775 4092 883 4131 non
924 4077 1218 4132 admodum
1273 4076 1609 4131 assentimur
1651 4092 1667 4129 :
1710 4091 1888 4148 neque
1928 4076 2075 4132 enim
2125 4094 2193 4132 ex

615 4169 916 4242 Scripturis
942 4170 1227 4235 habemus,
1262 4179 1322 4223 ut
1368 4170 1417 4224 ei
1450 4181 1606 4224 certo
1639 4183 1925 4224 assensum
1954 4171 2198 4239 praebea-

617 4278 761 4319 mus.
796 4261 940 4329 Quid
979 4276 1108 4317 vero
1145 4261 1285 4329 tibi,
1316 4260 1411 4332 qui
1450 4276 1553 4317 nec
1583 4248 1930 4332 imperatoris
1961 4262 2196 4318 decretis

618 4356 956 4422 consentias,
983 4355 1149 4425 inque
1190 4364 1403 4411 tantum
1448 4354 1725 4426 opinionis
1768 4354 1971 4412 fastum
2006 4373 2196 4414 vecors

550 4518 553 4521 ν
617 4450 861 4506 evaseris
885 4490 899 4513 ,
936 4463 1037 4503 nec
1076 4462 1202 4503 cum
1254 4458 1406 4503 tanto
1439 4450 1823 4518 episcoporum
1848 4466 1852 4475 ν
1876 4460 2018 4504 metu
2068 4465 2197 4504 con-

2284 1987 2415 2026 vero
2462 1978 2711 2041 spectant
2765 1967 2847 2023 ad.
2892 1957 3181 2038 Spiritum,
3223 1964 3369 2035 quod
3428 1962 3693 2017 Dominus
3738 1970 3848 2026 est,

2284 2064 2431 2135 quod
2476 2048 2661 2127 mittit,
2714 2059 2860 2131 quod
2900 2060 3004 2116 sibi
3048 2052 3309 2128 templum
3340 2056 3501 2112 edicit
3550 2056 3620 2120 ”,
3653 2068 3719 2109 ac
3745 2053 3857 2107 dei-

2286 2156 2445 2224 ﬁcat;
2484 2154 2632 2227 quod
2666 2154 2882 2225 Operari
2931 2168 3057 2207 eum
3090 2152 3255 2207 sicuti
3286 2149 3402 2204 vult
3439 2150 3480 2213 ¹,
3505 2163 3570 2202 ac
3602 2146 3748 2203 dona
3783 2137 3865 2201 di-

2283 2251 2467 2305 videre
2513 2256 2743 2304 testante
2768 2246 3055 2318 Scriptura
3106 2247 3128 2277 ¹
3164 2242 3440 2313 proditum
3488 2249 3609 2307 est;
3642 2239 3863 2310 quibus,

2283 2343 2517 2413 aliisque
2568 2341 2851 2412 plurimis,
2881 2340 3002 2410 ejus
3031 2352 3263 2408 quoque.
3306 2350 3433 2391 cum
3496 2333 3655 2391 Patre
3690 2332 3863 2397 socia,

2286 2453 2503 2506 unaque
2530 2434 2830 2490 dominatio
2859 2432 3191 2489 Ostenditur.

2355 2528 2495 2596 Quia
2528 2527 2692 2598 igitur
2723 2525 2871 2581 nulla
2916 2532 3190 2579 tantorum
3237 2520 3475 2591 Spiritus
3501 2519 3866 2576 testimonio-

2285 2637 2405 2676 rum
2454 2618 2754 2674 reverentia
2804 2617 2979 2683 ducti,
3028 2631 3139 2672 non
3172 2614 3403 2670 horrent
3425 2604 3744 2669 creatricem
3803 2624 3869 2665 ac

2286 2712 2613 2769 eﬂ’ectricem
2668 2710 2917 2766 omnium
2977 2722 3205 2771 causam
3263 2706 3477 2762 creatis
3528 2718 3867 2770 accensere;

2288 2808 2533 2875 Iiuntque
2568 2812 2820 2859 creatura
2875 2816 3144 2872 nequam,
3204 2800 3297 2871 qui
3344 2799 3493 2853 omni
3538 2798 3745 2867 pudore
3777 2812 3864 2850 se-

2290 2906 2465 2961 moto,
2500 2904 2761 2951 naturam
2789 2893 2938 2949 omni
2966 2892 3299 2964 superiorem
3328 2891 3635 2953 dominatu,
3662 2890 3717 2945 in
3746 2904 3864 2944 ser-

2288 2990 2511 3046 vitutem
2546 2988 2857 3059 armgantia
2927 3002 2991 3043 ac
3020 2986 3277 3057 superbia
3319 2985 3625 3051 detrahant,
3665 2998 3766 3055 nec
3796 2998 3861 3036 ex

2289 3079 2487 3149 scipsis
2524 3079 2787 3132 hactenus
2820 3073 3122 3147 inteliigero
3158 3074 3463 3139 voluerint,
3512 3088 3635 3129 cum
3696 3072 3869 3126 animi

2267 3171 2522 3241 interior
2543 3167 2709 3233 ratio,
2752 3177 2918 3237 atque
2944 3167 3095 3221 notio
3124 3180 3190 3220 ex
3224 3172 3403 3220 mente
3441 3163 3586 3217 nulla
3608 3162 3873 3231 passione

2296 3278 2357 3318 ac
2388 3261 2647 3326 ﬂexione,
2686 3260 2832 3314 nulla
2865 3257 3127 3327 temporis
3160 3257 3296 3311 inter
3318 3253 3573 3323 capedine
3604 3266 3865 3315 nascens,

2294 3366 2457 3425 atque
2497 3370 2526 3408 a
2567 3355 2823 3425 gignente
2854 3348 3264 3420 inseparabilis,
3312 3359 3537 3417 quaeque
3568 3342 3697 3397 item
3736 3356 3861 3395 ser—

2295 3447 2477 3503 monis
2511 3445 2821 3516 prolatione
2850 3441 2917 3499 ad
2957 3458 3179 3499 sensum
3210 3440 3428 3511 transit,
3458 3436 3696 3509 ejusdem
3733 3450 3861 3489 eum

2298 3517 2476 3592 mente
2503 3538 2698 3590 horum
2736 3544 2960 3603 parente
2983 3544 3191 3587 naturae
3212 3532 3355 3597 sint;
3384 3542 3510 3583 vero
3541 3527 3705 3581 etiam
3744 3540 3873 3593 pro-

2297 3629 2420 3699 pius
2444 3639 2593 3684 certa
2624 3631 2858 3698 quadam
2904 3626 3113 3681 ratione
3169 3624 3261 3693 qui
3301 3638 3367 3679 ex
3414 3620 3570 3675 Patre
3598 3617 3875 3672 luminum

2297 3724 2445 3778 velut
2465 3732 2735 3778 coaeterna
2757 3720 3007 3791 quaedam
3027 3718 3271 3789 germina
3296 3716 3591 3775 exsistunt,
3622 3710 3874 3780 ejusdem

2298 3818 2495 3873 merito
2538 3826 2747 3871 natura:
2785 3829 2909 3869 cum
2949 3813 3195 3883 genitore
3222 3810 3422 3864 debere
3454 3803 3777 3861 existimati.

2364 3904 2424 3959 Id
2457 3920 2586 3959 vero
2624 3904 2675 3957 in
2715 3918 2882 3957 causa
2918 3908 3022 3965 est,
3059 3908 3117 3954 ut
3145 3899 3247 3969 ipsi
3276 3897 3346 3954 ab
3367 3910 3559 3951 eorum
3592 3910 3691 3950 nos
3717 3904 3863 3945 com-

2299 3997 2580 4063 munione,
2620 3994 2770 4048 velut
2802 3992 2893 4063 qui
2928 3992 3156 4046 adversa
3184 3989 3401 4045 veritati
3434 3988 3691 4058 dogmata
3713 3983 3873 4038 indu-

2299 4097 2447 4153 cant,
2475 4102 2582 4141 non
2604 4084 2802 4154 injuria
2824 4081 3211 4137 abscindamus
3234 4097 3248 4147 ;
3272 4095 3377 4135 nec
3394 4076 3629 4134 decretis
3656 4071 3880 4143 acquie-

2300 4197 2541 4245 scamus,
2574 4195 2638 4234 ac
2663 4174 3029 4247 impietatihus
3060 4189 3348 4229 assensum
3401 4170 3766 4243 praebeamus,
3801 4180 3872 4219 ne

2301 4274 2511 4331 scilicet
2552 4288 2735 4342 parem
2798 4268 2905 4324 illis
2961 4267 3312 4336 blasphemiae
3359 4261 3883 4318 condemnationem

2302 4368 2689 4425 sustineamus.
2746 4360 3008 4433 quidquid
3060 4358 3177 4413 orbi
3230 4372 3377 4412 nunc
3415 4356 3669 4411 universo
3700 4353 3886 4420 impc-

2303 4474 2425 4513 rare
2454 4456 2777 4519 videantur;
2821 4452 2921 4507 etsi
2958 4452 3118 4518 vulgo
3153 4450 3440 4504 videantur
3476 4446 3740 4519 episcopi,
3774 4441 3887 4499 etsi

619 4542 861 4596 cordiam
880 4540 1066 4595 colas?
1083 4538 1224 4594 Nunt
1242 4540 1403 4595 times
1424 4555 1491 4595 ne
1520 4539 1573 4593 in
1599 4551 1651 4595 te
1678 4541 1791 4609 ipse
1812 4556 1975 4612 grave
1994 4542 2198 4611 aliquid
2230 4565 2275 4621 ι)
2300 4549 2563 4604 sublimes
2606 4545 2761 4601 sedes
2823 4541 3264 4599 conscenderint.
3297 4540 3469 4595 Nobis
3513 4538 3812 4608 siquidem,
3846 4549 3885 4589 ο

620 4648 685 4688 ex
719 4631 1069 4687 contentione
1099 4632 1408 4686 inconsulte
1455 4633 1750 4686 arcessas?

691 4724 863 4780 (isse.
897 4724 1130 4779 Decebat
1162 4723 1406 4794 quidem,
1436 4739 1470 4777 o
1510 4723 1760 4793 praefecte
1785 4723 1913 4793 (qua
1945 4738 2198 4779 mansue-

622 4817 833 4880 tudine,
876 4817 1185 4885 blandaque
1246 4816 1475 4871 lenitate
1531 4817 1815 4885 respondit
1863 4814 2194 4887 Theologns)

625 4908 890 4978 unigeniti
927 4908 1114 4980 gloria:
1149 4924 1253 4964 non
1288 4908 1620 4978 impingere;
1671 4924 1769 4963 nec
1824 4912 2087 4964 adversus
2116 4911 2201 4963 di-

620 5002 731 5057 vini
767 4999 1008 5071 Spiritus
1039 4999 1269 5054 honoris
1306 5000 1667 5069 aequalitatem
1688 5002 1884 5065 elatos,
1914 5000 2058 5053 illius
2082 5014 2201 5055 ma-

621 5094 879 5163 jestatetn
910 5107 1167 5161 spernere
1199 5109 1214 5145 :
1246 5106 1349 5146 nec
1380 5092 1616 5162 denique
1666 5100 1813 5146 tanta
1854 5092 2200 5147 testimonioo

625 5202 745 5241 rum
779 5185 1024 5255 neglecta
1057 5182 1236 5254 copia,
1260 5179 1463 5254 quibus
1489 5183 1637 5238 Patri
1669 5184 1875 5242 honore
1911 5200 2203 5255 comquan-

625 5288 739 5339 tur,
769 5275 1137 5331 deterioribus
1173 5274 1416 5329 animum
1452 5276 1799 5345 opinionibus
1830 5276 2071 5332 inlicere.
2110 5277 2203 5331 Sic

626 5368 774 5422 enim
821 5383 930 5422 una
963 5366 1083 5422 ﬁdei
1138 5366 1507 5432 confessione,
1550 5368 1855 5439 mentisque
1885 5370 2202 5434 concordia,

630 5461 805 5516 tribus
832 5460 1359 5516 sanctiﬁcationibus
1386 5460 1531 5515 velut
1582 5459 1841 5514 sublimes
1892 5459 2201 5531 Seraphim,

634 5569 797 5607 unam
862 5553 1314 5613 dominationem,
1373 5566 1436 5607 ac
1498 5552 1758 5607 Deitatem
1818 5554 2099 5609 laudantes
2132 5556 2200 5617 ",

703 5691 749 5757 ’ξ
780 5689 946 5746 Hebr.
985 5706 1083 5755 an,
1128 5690 1212 5744 Η.
1270 5691 1318 5724 ⁸⁸
1348 5689 1492 5745 Psal.
1520 5708 1691 5757 Lx'tn,
1724 5693 1776 5746 ὅ.

1867 5693 1909 5724 ’³
1949 5693 1990 5747 il
2017 5692 2157 5746 Tim.
2205 5707 2289 5747 ιιι.
2322 5692 2406 5745 14.

2301 4639 2616 4710 spectando,
2668 4638 3029 4704 imperatores
3080 4649 3188 4687 non
3245 4646 3511 4701 purpura,
3544 4631 3642 4685 sed
3674 4629 3891 4683 virtute

2301 4731 2512 4787 nobiles
2562 4739 2727 4800 atque
2764 4727 2956 4799 inclyti
3006 4746 3019 4781 :
3054 4741 3159 4781 non
3190 4740 3354 4788 auro,
3386 4733 3636 4794 argento,
3669 4722 3883 4793 pretio—

2300 4822 2644 4890 sissimisqne
2676 4820 2907 4889 capillis,
2942 4820 3024 4872 vel
3056 4832 3191 4871 auro
3244 4814 3545 4884 compactis
3583 4814 3833 4869 curribus
3857 4850 3876 4872 ,

2301 4930 2397 4971 seu
2430 4912 2640 4984 magnis
2687 4910 3022 4965 exercitibus
3072 4910 3289 4979 augusti
3361 4923 3427 4961 ac
3476 4906 3892 4967 formidabiles,

2306 5004 2400 5062 sed
2451 5004 2572 5059 fidei
2616 5003 2953 5065 sinceritate,
2990 5017 3229 5071 veraque
3272 5016 3337 5055 ac
3370 4999 3604 5071 genuina
3638 5014 3769 5066 erga
3808 4998 3905 5049 di-

2306 5097 2491 5149 vinum
2519 5093 2731 5149 Numen
2762 5092 3066 5147 aﬁ‘ectione.
3105 5089 3399 5159 Episcopus
3420 5100 3603 5144 autem
3644 5104 3904 5143 noneos

2308 5188 2533 5242 Omnino
2590 5184 2873 5243 habemus.
2928 5181 3023 5253 qui
3072 5181 3504 5237 sacerdotalibus
3558 5180 3912 5249 prml‘ulgettt

2309 5278 2486 5337 stolis.
2517 5288 2680 5346 atque
2711 5274 2936 5341 infulis;
2983 5274 3075 5328 sed
3115 5272 3209 5343 qui
3258 5273 3407 5327 velut
3437 5271 3660 5341 poderc,
3706 5271 3762 5325 id
3810 5282 3915 5325 est

2312 5372 2488 5436 talari,
2528 5370 2691 5424 etiam
2732 5368 2929 5420 virtute
2971 5364 3151 5419 amicti
3184 5375 3344 5428 sunt;
3376 5373 3699 5433 rectumque
3732 5363 3915 5417 (idem

2314 5464 2463 5515 velut
2489 5460 2749 5515 rationale
2775 5458 2963 5527 judicii
2994 5458 3038 5519 ³,
3064 5464 3117 5509 et
3142 5458 3448 5520 veritatem,
3478 5464 3535 5508 et
3565 5455 3920 5509 manifesta—

2315 5554 2514 5609 tiouetn
2546 5555 2595 5607 in
2634 5564 2871 5622 pectore,
2910 5550 3187 5619 animique
3218 5547 3519 5620 precordiis
3552 5557 3801 5619 gestant.

2499 5693 2541 5721 ν’
2581 5690 2679 5743 lsa.
2722 5706 2793 5751 vt.
2952 5686 2996 5715 ”
3041 5685 3057 5738 Ι
3089 5684 3219 5738 Cor.
3260 5700 3316 5749 ι,
3351 5683 3443 5747 l7;
3482 5681 3500 5733 l
3535 5681 3666 5736 Cor.
3698 5698 3778 5741 vt.
3815 5682 3925 5736 17.

633 5761 681 5794 ³⁸
719 5755 917 5827 Epltes.
944 5777 1015 5824 tv,
1048 5753 1164 5815 194.
1220 5762 1266 5793 "
1301 5762 1456 5815 Joan.
1501 5780 1537 5823 i,
1577 5764 1599 5817 1
1632 5753 1687 5815 et
1721 5763 1800 5817 l8.
1873 5764 1919 5797 "
1948 5762 2107 5817 Joan.
2138 5780 2189 5815 χι

2292 5761 2369 5815 Il.
2428 5763 2448 5792 ’
2477 5760 2637 5813 Joan.
2672 5778 2723 5825 κ,
2765 5762 2852 5813 50.
2916 5758 2960 5789 ⁹⁴
2991 5754 3149 5818 llebr.
3185 5772 3222 5819 t,
3250 5755 3302 5808 5.
3365 5754 3409 5785 ⁹¹¹
3446 5755 3488 5808 ll
3520 5753 3630 5808 Cor
3683 5769 3773 5821 ut,
3816 5754 3929 5808 17.

635 5833 655 5861 ⁸
691 5834 808 5884 Act.
844 5848 925 5895 ut,
956 5832 1027 5898 ες
1084 5834 1257 5888 ltjor.
1288 5833 1451 5898 γι,19.
1509 5840 1527 5866 ²
1557 5834 1572 5887 l
1598 5834 1725 5889 Cor.
1761 5850 1858 5899 xu,
1890 5837 1971 5891 ll.

2066 5833 2294 5887 ’Exod.
2366 5846 2555 5895 xxviii,
2616 5831 2662 5883 ι.
