4150 6298
335 382 440 448 469

1039 358 1326 436 ORATIO
1359 372 1488 434 xx.
1525 395 1596 408 —-
1634 368 1719 431 lN
1757 359 2072 429 LAUDEM
2105 362 2169 427 s.
2206 360 2583 424 esseom
2619 362 2893 425 THEOL.

3472 363 3582 430 470

411 497 504 553 Sic
532 501 712 550 autem
747 491 1064 558 animatus,
1084 504 1150 545 ac
1180 488 1402 544 cum‘ita
1428 487 1496 544 de
1527 486 1612 542 his
1652 483 1907 548 sentiam,
1942 487 1985 542 Α
2015 478 2344 534 militudine.
2385 480 2454 535 At
2482 478 2790 551 Gregorius
2832 478 3056 551 (quippe
3078 480 3179 552 qui
3205 494 3313 536 non
3344 482 3584 540 nesciret

341 589 606 663 siquidem
656 587 967 658 ingruentia
1028 581 1315 640 Trinitatis
1360 588 1495 652 ergo
1532 577 1796 650 pericula,
1851 585 1914 631 ac

341 683 556 751 exsilia,
578 681 884 749 cruciatus,
911 683 1140 736 mortem
1175 677 1318 749 (vitae
1351 677 1562 734 scilicet
1589 672 1916 730 immortalis

335 771 680 848 argumenta)
728 769 1144 828 detrectaverim
1173 786 1190 835 ;
1224 777 1336 824 tum
1369 779 1498 824 vero
1535 767 1718 838 reipss
1756 767 1920 822 innu-

307 865 506 941 meris
538 878 630 920 me
654 862 888 934 digitum
909 860 1190 917 mortibus
1242 874 1307 914 ac
1354 859 1610 930 periculis
1639 855 1926 913 existimas

330 957 538 1015 verim.

405 1050 576 1107 Aiunt
597 1031 935 1120 praelectum,
953 1045 1040 1102 bis
1059 1059 1126 1101 ex
1143 1043 1446 1105 eorauditls.
1472 1042 1917 1112 viri'sapientiam

331 1143 477 1198 mira
492 1139 728 1212 quadam
751 1140 965 1196 ratione
989 1137 1174 1195 virtuti
1192 1144 1654 1208 contemperatam
1681 1135 1920 1191 admira-

331 1245 588 1292 tam‘esse
604 1252 622 1289 :
645 1234 834 1306 sicque
857 1231 1227 1302 adeo'plebem
1255 1232 1453 1302 pietate
1479 1239 1832 1292 commotam,
1857 1243 1932 1286 ac

327 1327 521 1382 divina
555 1327 758 1382 victam
801 1325 1207 1396 pmdicatione,
1239 1334 1298 1378 ut
1319 1327 1590 1392 ingentem
1622 1323 1919 1378 clamorem

325 1401 620 1484 extulerit,
649 1434 716 1474 ac
746 1418 946 1473 nedum
976 1416 1263 1486 theologia:
1289 1417 1507 1470 nomine
1536 1417 1753 1470 beatum
1789 1429 1924 1485 prte-

327 1511 654 1577 dicaverit,
680 1524 877 1565 verum
898 1509 1076 1569 etiam
1102 1508 1213 1564 illic
1246 1507 1426 1578 primo
1457 1505 1793 1579 Tlieologum
1822 1522 1920 1577 ap-

325 1604 640 1674 pellaverit.
674 1598 769 1658 Sic
804 1601 1322 1672 nimirum-prorsus
1357 1603 1632 1656 theatrum
1662 1601 1923 1669 ceperat;

273 1732 276 1734 η
325 1693 552 1766 sibique
580 1692 875 1765 ‘judicium‘
892 1695 1194 1764 (auditores
1238 1692 1468 1765 scilicet)
1519 1694 1822 1750 addixerat.
1849 1693 1927 1753 Ac

327 1783 663 1858 Gregorium
723 1782 952 1855 quidem
1006 1799 1133 1840 cum
1167 1787 1469 1840 reverentia
1502 1784 1722 1839 domum
1756 1785 1924 1839 remi-
1959 1822 1977 1858 ί

331 1877 523 1940 δίοδος.
557 1883 910 1933 aeneatores
959 1889 1089 1931 vero
1147 1877 1418 1947 tantisper
1462 1875 1839 1949 obiurgasse...
1864 1886 1922 1933 ut

333 1972 432 2039 qui
463 1969 746 2025 adesum
772 1971 1110 2024 momentum
1141 1969 1420 2040 arguendo
1460 1969 1589 2022 viro
1615 1969 1928 2024 nihil-altu.

336 2059 541 2116 lerant.
569 2059 710 2116 Hinc
746 2061 914 2116 etiam
958 2061 1069 2124 ille,
1099 2070 1158 2115 ut
1177 2060 1376 2116 divino
1400 2061 1675 2131 proditum
1703 2062 1925 2132 eloquio

344 2161 454 2218 est;
477 2151 735 2224 majorem
763 2152 788 2185 ⁸
814 2151 872 2208 in
909 2152 1107 2223 plateis
1135 2153 1337 2223 agebat
1371 2152 1671 2208 libertatem
1694 2194 1709 2221 ,
1751 2151 1921 2209 ﬁden-

349 2244 576 2315 tius-que
628 2239 814 2315 palan}
842 2246 1190 2316 loquebatur.
1234 2242 1446 2301 Omnis
1477 2245 1624 2299 enim
1684 2245 1922 2311 animus,

350 2344 481 2391 cum
521 2337 816 2394 certamina
835 2337 1067 2393 necdum
1104 2337 1351 2404 adierit,-
1379 2337 1703 2407 plerumque
1730 2337 1926 2392 formi-

348 2424 504 2493 dare;
527 2440 693 2496 seque
730 2441 930 2497 pugnae
975 2427 1284 2483 subducere
1299 2445 1330 2494 ;-
1350 2429 1488 2483 lucta
1503 2429 1924 2484 autem-defun-

349 2521 492 2577 ctus.
523 2524 826 2588 auctusque
865 2516 1120 2581 victoria,
1167 2517 1381 2574 fortiter
1416 2535 1482 2574 ac
1520 2529 1741 2574 strenue
1780 2529 1939 2576 amat.

347 2621 532 2680 agerc.

417 2698 599 2759 Homo
643 2717 781 2760 sane
826 2703 980 2762 illius
1021 2703 1243 2760 Ausites
1270 2721 1337 2762 ac
1367 2706 1559 2762 beatus
1585 2707 1778 2770 Johns,
1817 2723 1936 2779 pra:

345 2789 569 2849 virtutis
625 2795 944 2864 praestantia
1004 2795 1309 2853 invidiosus
1367 2797 1588 2853 diabolo
1641 2799 1923 2865 redditus,

341 2884 536 2962 illique
562 2877 1148 2955 postulantitraditus,
1181 2889 1367 2945 liberis
1390 2891 1634 2960 quidem,
1665 2892 1936 2963 omnique.

335 2978 495 3048 prius
524 2979 850 3037 substantia
895 2981 1424 3052 nudatur;-tumque
1463 2984 1628 3038 etiam
1669 2984 1926 3053 pessimis

339 3071 906 3141 corpore-ulceribus
921 3072 1151 3128 caeditur
1169 3073 1190 3106 ⁸
1212 3090 1227 3140 ;
1253 3075 1318 3129 ad
1354 3075 1468 3130 haec
1487 3076 1752 3130 vermium
1777 3078 1937 3140 tabo,-

339 3162 877 3234 acutisqueamotus
899 3163 1212 3232 doloribus;
1242 3179 1330 3225 ac.
1358 3182 1481 3220 cum
1512 3182 1680 3221 uxore
1703 3167 1924 3221 demen-
1955 3161 1999 3221 C

343 3254 436 3310 tia-
458 3254 742 3326 loquente,
777 3264 947 3326 atque
985 3256 1178 3312 amicis
1215 3256 1638 3328 imprudentius,
1680 3274 1778 3312 nec
1833 3273 1933 3329 pro

343 3346 431 3401 rei
466 3346 650 3403 indole
674 3346 1094 3404 consolantibus
1117 3363 1274 3412 usus,
1306 3365 1406 3405 nec
1439 3350 1724 3404 minimum
1755 3353 1929 3406 emol-

351 3437 486 3494 litos
507 3447 684 3504 esset,
706 3439 790 3495 vel
822 3440 988 3494 ullam
1022 3455 1251 3512 prorsus
1278 3440 1390 3496 Deo
1426 3442 1712 3497 stultitiam
1755 3442 1935 3498 dedis-

355 3535 465 3594 set,
487 3529 769 3600 magniﬁce
787 3530 1045 3602 claroque
1067 3531 1340 3600 pracooio
1369 3532 1422 3586 in
1448 3532 1552 3587 ﬁne
1575 3533 1934 3588 certaminum

361 3620 672 3676 celebratus
695 3630 780 3676 cst
801 3639 817 3689 ;
841 3637 924 3689 ac,
948 3625 1091 3693 quod
1118 3624 1368 3678 omnium
1393 3626 1932 3694 praestantissimum,

358 3709 510 3768 illius
548 3726 680 3768 voce
704 3714 1029 3782 praedicatur
1058 3714 1263 3786 justus,
1306 3717 1398 3785 qui
1440 3733 1468 3772 e
1501 3717 1716 3772 turbine
1769 3729 1938 3787 atque

353 3807 596 3864 nubibus
629 3808 705 3863 illi
733 3810 1117 3881 respondebat.
1177 3810 1286 3865 llic-
1316 3820 1523 3875 autem,
1578 3813 1728 3866 nulla
1789 3814 1930 3867 mala

351 3898 728 3967 emulatione,
785 3902 952 3971 atque
998 3902 1171 3957 livore
1213 3903 1394 3957 ablata
1445 3905 1787 3968 substantia,
1843 3907 1936 3960 sed

345 3990 558 4048 Christi
597 3985 736 4064 lege
777 4002 1000 4064 erogata
1043 3995 1096 4048 in
1139 4009 1408 4063 pauperes
1448 3996 1597 4051 omni
1649 3995 1935 4066 lacultate;

352 4097 456 4138 nec
489 4085 682 4140 decem
715 4086 986 4140 duntaxat
1025 4083 1310 4140 confertim
1333 4127 1348 4150 ,
1405 4102 1622 4156 unoque
1659 4101 1937 4145 momento

361 4175 703 4242 corporalem
739 4174 1036 4229 liberorum
1066 4189 1358 4244 perpessus
1392 4175 1817 4241 interitum,-sed
1850 4177 1936 4231 iu-

355 4265 781 4320 numerabilium
837 4266 1008 4320 animi
1075 4267 1248 4321 labem
1289 4266 1696 4325 tabescentibus
1748 4270 1935 4326 dolore

364 4353 666 4412 visceribus
694 4357 976 4413 sustinens
1004 4357 1144 4429 ejus,
1171 4361 1262 4428 qui
1291 4369 1590 4428 expetierat
1609 4400 1623 4424 ,
1663 4342 1741 4414 ira
1773 4359 1938 4415 caedi-

363 4451 617 4512 tur;nec
666 4462 796 4502 vero
843 4447 1021 4504 solum
1072 4463 1324 4518 corpore,
1358 4453 1490 4519 quin
1536 4450 1720 4518 potius
1748 4443 1960 4505 medio

2015 572 2137 643 ejus
2159 571 2543 643 cogitationes)
2585 572 2960 627 admirandam
2995 573 3257 631 adversus
3284 576 3466 631 omnia
3490 590 3587 647 pa-

2019 667 2262 722 tientiam
2297 677 2578 736 opponens
2634 679 2701 721 ac
2754 665 3406 734 leuganimitatem,liattd
3432 683 3592 724 secus

2019 771 2085 812 ac
2157 757 2509 826 inturgentes'
2541 769 2788 827 spumas,
2869 756 3205 813 decumanns
3262 757 3591 828 iniuriarum

2022 851 2224 906 (luctus
2269 849 2423 904 elidit
2462 863 2475 900 :
2512 848 2606 904 sed
2637 849 2686 902 ei
2734 843 3181 904 administrorum
3215 848 3434 905 invidia:
3471 851 3596 905 om-

2019 958 2144 998 nem
2176 941 2568 1013 malignitatem
2625 939 2972 1012 sinistraque
3003 940 3284 994 molimina
3309 939 3590 997 convellit.

2021 1033 2081 1090 in
2113 1034 2220 1090 line
2245 1042 2438 1091 autem
2454 1048 2541 1099 ea,
2589 1044 2727 1104 quae
2755 1032 2822 1087 in
2856 1042 3038 1088 Censu'
3054 1040 3232 1098 erant,
3268 1030 3592 1103 nou‘dupli-

2022 1127 2106 1183 cis
2139 1127 2346 1196 recipit,
2375 1126 2468 1181 sed
2500 1127 2686 1181 multis
2715 1125 2966 1196 partibus
2997 1124 3268 1194 auctiora,
3310 1125 3458 1179 velut
3482 1128 3594 1181 sci-

2025 1219 2151 1274 licet
2179 1220 2354 1274 bonus
2375 1203 2475 1274 ille
2506 1225 2977 1288 servus,~accepta
3012 1224 3282 1287 potestate
3308 1225 3471 1286 super
3501 1219 3595 1273 de-

2024 1326 2141 1368 cem
2182 1311 2451 1375 civitates,
2515 1309 2765 1381 quinimo
2791 1311 2963 1365 instar
2992 1308 3175 1364 tidelis‘
3224 1323 3288 1364 ac
3312 1309 3596 1378 prudentis

2025 1399 2297 1455 (nconomi
2329 1400 2372 1464 ⁸,
2411 1398 2790 1469 ipsequoque
2810 1398 2937 1470 (nec
2963 1404 3229 1468 magnum
3249 1392 3444 1467 dictu.)
3477 1406 3598 1452 om-

2025 1493 2340 1562 nibus-quae
2389 1499 2517 1547 sunt
2549 1490 2764 1546 Domini
2822 1491 2919 1546 sui
2973 1490 3316 1561 praepositus.
3378 1489 3600 1547 Minime

2026 1591 2208 1640 autem
2262 1583 2589 1656 praedicatur
2617 1583 2822 1654 justus,
2858 1583 2953 1640 sed
2981 1583 3218 1639 eilicitur
3243 1601 3257 1638 :
3287 1582 3600 1656 Tlteologus

2026 1688 2227 1734 autem»
2276 1686 2389 1732 tum
2447 1675 2702 1741 edicitur,
2773 1686 2888 1730 tum
2962 1677 3264 1746 magniﬁce
3332 1677 3602 1745 pradica-

2031 1781 2139 1826 tur.

2100 1906 2244 1962 Hinc"
2266 1905 2528 1972 Trinitas,
2552 1904 2699 1960 haud
2719 1921 2880 1962 secus
2903 1920 2968 1961 ac
2987 1904 3195 1975 lampas
3222 1904 3365 1960 trino
3387 1902 3609 1976 fulgens

2025 1999 2254 2062 lumine,
2293 1998 2490 2053 eximie
2518 1998 2570 2052 in
2593 2012 2659 2053 eo
2689 2012 2940 2060 accensa,
2968 2011 3075 2050 non
3105 1996 3214 2060 iam
3246 1989 3454 2051 silentii
3487 2012 3602 2052 mo-

2026 2091 2118 2146 dio
2152 2091 2339 2161 premi
2363 2090 2669 2146 sustinebat
2704 2109 2717 2144 :
2751 2088 2989 2159 non‘jam
3017 2089 3082 2142 ad
3111 2095 3207 2143 eos
3268 2079 3606 2159 indulgentia

2026 2178 2286 2239 utendum
2316 2184 2704 2244 arbitra-batur,
2737 2195 2967 2252 quorum
3001 2179 3322 2234 imbecillior
3347 2179 3602 2236 cratani-

2027 2279 2149 2331 mus
2169 2291 2188 2343 ;
2211 2277 2302 2330 sed
2329 2274 2482 2330 sicut
2503 2271 3006 2329 lucidissimus'iste
3038 2272 3142 2336 sol,
3172 2271 3283 2342 jam
3319 2283 3480 2328 terrae
3508 2286 3601 2327 so-

2025 2366 2174 2422 lutus
2205 2366 2367 2430 sinu,-
2390 2357 2552 2434 inqu’e
2582 2365 2916 2421 horizontem
2964 2365 3107 2419 terra
3131 2365 3472 2435 superiorem
3501 2364 3603 2420 mi-

2025 2455 2278 2516 cantibus
2314 2442 2482 2513 radiis
2506 2459 2771 2524 tantisper
2795 2455 3147 2526 prominens:
3182 2456 3444 2510 hactenus
3474 2455 3601 2525 qui-

2023 2552 2144 2608 dem
2182 2565 2428 2608 summos
2457 2550 2720 2606 montium
2755 2548 2980 2604 vertices
3030 2564 3246 2604 sensum
3308 2549 3426 2602 luce
3475 2565 3604 2619 per-

2025 2645 2282 2709 fundens,
2326 2645 2492 2700 densa
2529 2646 2874 2699 tenebrarum
2907 2640 2973 2698 ad
3021 2651 3180 2697 terra:
3209 2656 3341 2696 cava
3379 2635 3604 2696 c'ontru-

2023 2731 2141 2793 dit:
2202 2734 2576 2809 paulatimque
2627 2749 2980 2806 promovens,
3041 2734 3266 2788 omnino
3311 2733 3600 2803 caliginem

2022 2825 2438 2898 dissipatatque
2463 2824 2703 2896 dispellit
2777 2818 3608 2893 inilversumqueorbein'terrw
3694 2824 3700 2830 '

2025 2922 2215 2977 tuendi
2247 2920 2525 2976 con‘ununi
2559 2920 2681 2974 lucc
2732 2915 2968 2972 ubertim
3019 2913 3293 2984 impartit;
3330 2915 3450 2970 nisi
3473 2914 3601 2985 quid

2023 3031 2092 3070 ex
2120 3028 2308 3069 eorum
2362 3026 2558 3082 genere
2591 3018 2693 3078 est,
2753 3022 2872 3080 quin
2937 3017 3106 3062 ttoctu'
3150 3017 3470 3078 pascoutur,
3505 3019 3608 3061 nec

2029 3107 2164 3163 solis
2190 3107 2369 3162 radios
2395 3104 2536 3160 ferre
2573 3114 2842 3174 possunt;
2873 3101 2954 3157 sic
2975 3100 3232 3156 nimirum
3266 3109 3606 3170 comparata,

2033 3206 2104 3254 ut‘
2122 3199 2259 3254 lucis
2283 3193 2597 3254 excellentia
2627 3211 2812 3251 eorum
2834 3209 2939 3249 non
2965 3207 3071 3249 tam
3105 3194 3409 3248 illuStrctur
3430 3191 3606 3257 visus,

2035 3303 2198 3360 quam
2231 3290 2558 3355 deteratur;
2582 3297 2676 3341 aut
2698 3297 2922 3356 propter
2940 3293 3153 3341 meatus
3175 3283 3473 3338 inferendae
3495 3281 3604 3340 luci

2037 3400 2145 3440 non
2190 3384 2444 3448 idoneus,
2496 3397 2599 3436 nec
2650 3379 2782 3436 satis
2817 3379 3118 3449 explicatos
3162 3386 3217 3432 ut
3260 3376 3606 3446 splendorem

2037 3476 2329 3546 rccipiunt;
2398 3472 2708 3545 cujuSmOtli
2759 3472 2927 3528 lustra
2993 3471 3158 3536 subit,
3217 3475 3279 3524 ac
3332 3477 3607 3540 petrarum

2039 3583 2253 3636 specus.
2285 3567 2377 3621 Sic’
2404 3574 2624 3635 quoque
2648 3563 2980 3634 Gregorius;
3021 3547 3152 3632 quin
3183 3560 3362 3630 potius
3393 3575 3514 3631 qua:
3551 3562 3626 3615 in

2039 3663 2131 3718 illo
2159 3659 2304 3715 velut
2327 3659 2457 3712 orbe
2489 3655 2623 3712 solis
2661 3654 2830 3708 rutilo
2847 3653 3161 3723 quiescebat
3189 3649 3454 3714 Trinitas,
3490 3650 3606 3718 pri-

2040 3767 2190 3807 mum
2217 3760 2396 3806 nientc
2430 3749 2778 3805 sublimiores
2805 3746 3106 3810 illustratus,
3142 3753 3366 3815 tumque
3390 3749 3609 3798 nionem

2041 3842 2437 3898 animumluce
2463 3841 2689 3910 (lignum
2730 3838 2954 3894 amabili
2983 3830 3211 3895 scientia
3258 3832 3614 3905 repleus,*fe-

2043 3936 2222 3990 rimnn
2248 3943 2406 3990 amne
2435 3944 2644 4003 peetus,
2678 3939 3010 4001 sensumque
3038 3929 3262 3984 allectus
3315 3943 3344 3983 a
3401 3927 3614 3982 ratiimc

2040 4027 2204 4083 alieni
2263 4027 2546 4082 alumnum
2613 4034 2771 4080 terra;
2822 4021 3022 4079 abditis
3074 4012 3369 4077 obscurum
3417 4012 3610 4074 tradit:

2039 4119 2236 4190 nempe
2269 4134 2376 4174 non
2402 4115 2861 4174 fcrentem‘divini
2924 4115 3057 4170 radii
3108 4112 3407 4184 spiritalem
3487 4111 3616 4168 illu-

2042 4213 2396 4276 stt-“stionem;
2432 4219 2595 4280 atque
2617 4210 2738 4266 ideo
2761 4207 3001 4265 divinam
3033 4207 3376 4277 repellentem
3416 4205 3613 4268 lucem,

2041 4306 2188 4376 quod
2224 4305 2304 4360 vel
2333 4304 2476 4359 malo
2505 4313 2719 4358 natura:
2755 4300 2935 4370 genio,
2988 4300 3072 4354 vel
3105 4298 3276 4354 animi
3325 4297 3615 4366 pravitate,

2041 4395 2418 4455 excellentiam
2450 4396 2710 4452 bonitatis
2739 4394 3016 4462 stiscipere
3042 4391 3150 4446 non
3173 4388 3368 4460 possit.-

364 4535 491 4606 ipso
529 4547 760 4608 pectore,
797 4549 977 4610 atque
1029 4515 1213 4598 animo
1246 4515 1464 4596 duriore
1490 4515 1644 4613 plaga
1678 4541 1929 4597 adicitur.

2108 4534 2250 4602 Ergo
2282 4531 2486 4586 civitati
2538 4530 2778 4600 quidem,
2812 4526 2977 4596 inque
3014 4541 3076 4581 ea
3112 4524 3420 4595 agentibus,
3450 4531 3618 4590 atque

370 4625 637 4684 Tentath
659 4631 805 4688 enim
853 4632 1004 4688 velut
1036 4633 1224 4698 armis,
1264 4643 1425 4707 atque
1461 4633 1676 4702 jaculis,
1709 4634 1934 4703 ncquis-

356 4721 626 4778 simorum
676 4726 972 4791 dentibus,
1008 4726 1340 4797 linguisque,
1375 4723 1520 4781 velut
1570 4728 1747 4782 acutis
1800 4743 1936 4782 usus

352 4815 577 4883 gladiis,
611 4816 992 4872 haereticorum
1027 4820 1285 4890 loquendi
1317 4819 1559 4885 licentia,
1596 4830 1758 4890 atque
1799 4837 1932 4891 prn-

351 4909 468 4964 ritu
494 4908 756 4964 continue
779 4920 1036 4980 tanquam
1065 4911 1446 4974 mucronibus,
1478 4910 1632 4977 ferit;
1670 4915 1930 4982 percutit-

351 5015 468 5070 que
490 4989 848 5070 blasphemiis
864 5003 1110 5057 animum
1130 5019 1145 5070 ;
1167 5011 1331 5071 atque
1351 5017 1539 5059 eorum
1560 5006 1842 5074 opers,qui
1866 5004 1941 5059 si-

357 5095 565 5148 mulata
581 5093 706 5156 llde,
721 5094 1020 5152 amicitiam
1038 5096 1435 5165 proﬁtebantur
1458 5095 1534 5164 (in
1559 5094 1756 5160 quibus
1773 5095 1936 5150 etiam

359 5185 467 5241 fuit
489 5185 764 5242 Maximus
788 5187 1059 5258 Cynicus;
1095 5189 1254 5258 cujus
1283 5204 1384 5260 pro
1413 5186 1615 5259 Cynica
1642 5189 1821 5243 indole
1849 5204 1941 5243 su-

367 5278 678 5345 percilium,
708 5296 1030 5352 morumque
1056 5283 1466 5352 impudentiam,
1487 5297 1549 5336 ac
1574 5280 1818 5343 insidias.
1855 5297 1944 5336 vc-

371 5369 453 5424 lut
469 5375 677 5429 cunctis
709 5384 890 5440 notas,
921 5376 1213 5445 dimittam)
1243 5376 1423 5438 muni,
1455 5385 1510 5429 ut
1555 5375 1718 5429 verbo
1743 5376 1939 5441 dicam,

375 5463 642 5530 machina,
671 5482 735 5522 ac
765 5477 885 5523 arte
937 5451 1243 5529 commode,
1282 5469 1628 5522 incommode
1687 5471 1928 5530 admota,

375 5565 485 5620 qua
511 5551 598 5608 ille
623 5556 884 5630 fulgebat.
909 5559 1190 5614 veritatem
1211 5558 1553 5630 redarguere,
1577 5542 1787 5626 sibique
1816 5571 1935 5610 eam

373 5641 654 5702 vindicare
697 5657 870 5703 tentat
896 5649 1128 5704 actionis
1170 5638 1595 5717 necessitudine,
1631 5665 1696 5704 ac
1737 5664 1838 5720 pro
1867 5648 1942 5701 si-

424 5829 445 5862 ‘
467 5829 632 5887 Prov.
663 5847 700 5898 t,
725 5830 815 5884 20.
907 5832 926 5866 ⁸
959 5831 1060 5888 Job
1093 5848 1187 5898 im,
1221 5841 1350 5895 etc.,
1378 5833 1466 5888 4⁸3.

2034 4627 2267 4690 civibus,
2317 4640 2438 4695 quae
2473 4623 2524 4677 in
2559 4621 2822 4690 Gregorio
2856 4629 2976 4675 erat
3023 4620 3150 4673 triui
3204 4617 3339 4674 solis
3366 4616 3615 4670 exoritur

2032 4719 2155 4784 lux;
2216 4717 2512 4788 provinciae
2565 4725 2767 4779 autem,
2833 4729 2896 4768 ac
2931 4725 3053 4782 quas
3081 4721 3232 4764 extra
3268 4717 3432 4774 sunt,
3461 4708 3610 4765 illius

2031 4809 2403 4866 destituuntur
2434 4807 2656 4860 luminis
2695 4805 2984 4860 claritate?
3012 4813 3106 4856 aut
3138 4801 3332 4854 vicinis
3363 4799 3613 4870 quidem,

2035 4917 2135 4958 nec
2183 4900 2398 4972 longius
2446 4899 2655 4953 dissitis
2715 4897 2999 4965 theologia:
3027 4895 3288 4964 splendor
3311 4892 3518 4958 illucet,
3549 4891 3615 4945 ad

2044 5012 2140 5051 eos
2187 5005 2368 5049 autent
2416 4993 2510 5062 qui
2567 4991 2752 5061 procul
2808 4989 3002 5043 remoti
3033 4995 3184 5049 sunt,
3242 5001 3308 5041 ac
3373 4994 3620 5039 extrema

2047 5095 2205 5142 terrae
2265 5095 2559 5154 occupant,
2613 5094 2929 5136 sermonum
2985 5075 3157 5145 gratia
3210 5089 3321 5128 non
3361 5071 3622 5141 attingit?

2050 5193 2142 5235 aut
2169 5179 2416 5249 pervenit
2451 5176 2668 5246 quidem
2695 5176 2858 5228 etiam
2883 5172 2948 5225 ad
2966 5168 3118 5234 illos,
3145 5168 3376 5224 obscure
3402 5166 3620 5219 tamen?

2050 5285 2138 5328 aut
2167 5274 2310 5324 clare
2335 5270 2574 5340 quidem,
2615 5276 2669 5322 at
2701 5281 2805 5321 non
2840 5263 3085 5320 lit-initer.
3122 5269 3176 5317 et
3220 5269 3270 5314 ut
3309 5255 3620 5328 perennet?

2053 5363 2522 5431 Haudquaquam;
2552 5362 2645 5416 sed
2669 5356 2866 5413 cuncta
2897 5354 3057 5411 simul
3092 5349 3621 5422 purgai,illtmiinat,

2051 5458 2283 5529 perlicit.
2346 5454 2549 5520 Purgat
2585 5450 2805 5522 quidem
2859 5446 3077 5502 haeresis
3125 5443 3357 5514 piaculo.
3389 5445 3484 5493 eos
3528 5436 3622 5507 qui

2049 5549 2356 5624 ignorantia
2410 5550 2541 5603 olim
2598 5546 2954 5607 tenebantur;
3009 5539 3220 5594 eximiae
3282 5551 3345 5591 ac
3387 5532 3627 5589 scelestis

2053 5641 2463 5716 prmdicationis
2486 5638 2684 5696 divinis
2711 5636 3076 5698 sermonibus,
3110 5629 3420 5695 illuminat;
3452 5641 3624 5695 augu-

1578 5833 1599 5864 '
1632 5830 1762 5886 Luc.
1802 5845 1910 5894 xw,
1943 5828 2029 5883 Π.
