4150 6298
504 381 608 430 ειμι

1692 361 1988 425 NlCET/E
2027 361 2553 423 PAPHIAGONIS

3661 349 3772 414 472

504 479 766 549 stissimis
796 481 1157 537 divinissimae
1174 487 1386 536 natura:
1407 477 1654 551 ejusdem
1673 479 2081 550 conjunctionis
2111 484 2154 540 Α
2183 477 2432 538 edoctus,
2490 474 2603 530 veri
2637 488 2858 545 quoque
2901 469 3240 526 tabernaculi
3287 467 3514 538 ﬁguram
3545 481 3608 521 ex
3645 481 3772 520 um-

506 574 677 630 radiis
707 575 1032 637 concilians,
1067 574 1307 644 perlicit.

575 664 694 722 Non
727 683 812 723 me
841 669 972 723 latet
1012 684 1079 724 eo
1106 668 1330 738 provehi
1359 668 1666 724 orationem
1691 710 1710 734 ,
1741 676 1820 734 ut,
1853 682 1958 738 qua
1985 683 2086 721 ex-

504 762 681 816 currit
737 762 1070 832 prolixitate,
1109 762 1220 832 jam
1279 777 1497 817 nauseae
1548 763 1673 828 fiat;
1728 761 2087 832 quamobrem

505 855 714 924 duplici
754 856 1038 911 distrahor
1060 855 1280 921 aﬂ‘ectu,
1320 856 1562 926 hincque
1601 855 1729 911 inde
1777 854 1975 910 studiis
2004 870 2090 908 se-

506 963 625 1003 eor.
661 947 798 1003 Nam
824 961 1001 1004 metus
1027 950 1246 1017 quidem
1284 964 1349 1004 ne
1377 950 1653 1020 plerisque
1683 947 1990 1012 molcStior,
2024 962 2090 1001 ac

507 1042 694 1097 decori
736 1042 940 1096 inscius
970 1041 1177 1104 videar,
1217 1043 1489 1096 sermonis
1519 1040 1653 1095 mihi
1711 1039 1972 1111 impetum
2007 1038 2092 1093 in—

513 1135 685 1190 hibet.
717 1135 785 1191 At
817 1135 948 1205 quid
974 1135 1190 1207 patior?
1218 1137 1420 1204 quippe
1464 1134 1629 1189 etiam
1681 1134 1818 1195 alias
1845 1149 1967 1188 eum
2005 1148 2093 1186 re-

511 1230 730 1284 mittere
765 1245 875 1285 non
909 1229 1066 1293 sinit,
1121 1232 1214 1300 qui
1253 1230 1396 1297 cogit
1435 1243 1612 1293 amor,
1662 1227 1883 1294 vimque
1916 1226 2045 1280 facit
2078 1244 2092 1280 :

515 1331 800 1397 totumque
826 1323 1047 1392 penitus
1077 1336 1416 1392 expugnans,
1448 1319 1551 1375 sibi
1594 1320 1774 1390 palam
1811 1319 2096 1374 addicens.

514 1419 567 1472 ls
595 1432 830 1484 namque
853 1414 1112 1486 Thcologi
1136 1423 1248 1470 tum
1267 1428 1585 1470 sermonum
1615 1411 2098 1484 magniﬁcentiam,

517 1519 632 1564 tum
667 1506 908 1562 divinam
944 1521 1161 1562 morum
1203 1505 1577 1578 praestantiam
1625 1503 1873 1574 longiore
1903 1501 2099 1557 verbo-

517 1620 640 1658 rum
676 1603 884 1658 ambitu
920 1600 1364 1671 exspatiantibus
1417 1598 1925 1670 comparationibus
1983 1597 2099 1652 cla-

516 1697 636 1754 rius
668 1696 855 1751 animo
883 1709 1204 1766 suggerens,
1233 1702 1290 1748 ut
1321 1691 1379 1748 in
1410 1692 1490 1747 eis
1519 1700 1702 1748 mente
1731 1691 2015 1755 immorer,
2039 1704 2105 1743 ac

521 1789 679 1860 plura
714 1789 930 1860 loquar,
969 1786 1195 1843 evincit.

595 1882 723 1940 Esto
773 1883 959 1952 igitur,
991 1880 1155 1936 etiam
1187 1895 1311 1934 cum
1371 1878 1522 1935 Mosa
1571 1892 1672 1948 pro
1723 1877 1868 1932 virili
1916 1886 2100 1932 nostra

524 1992 782 2046 n'tagnum
845 1975 1171 2044 Gregorium
1207 1972 1499 2044 diligenter
1534 1979 1938 2041 comparantes,
1974 1969 2104 2023 hinc

523 2071 744 2141 quoque
769 2068 1035 2124 antistitis
1065 2068 1328 2139 praeclare
1371 2075 1648 2133 gestorum
1690 2064 2104 2133 amplitudinem

525 2163 960 2220 consideremus.
997 2161 1166 2225 Mose.
1202 2162 1450 2232 inquam,
1483 2160 1600 2223 illo,
1641 2160 1736 2229 qui
1765 2166 1953 2213 sancta
1988 2156 2110 2227 qui-

527 2259 650 2310 dem
685 2255 985 2310 Abraltami
1015 2256 1199 2309 radice
1222 2268 1442 2326 germen
1471 2253 1792 2323 progenitus
1815 2252 1908 2318 sit,
1929 2263 2110 2305 tuetu-

529 2364 637 2417 qoc
674 2347 982 2403 Pharaonis
1024 2347 1204 2402 infans
1237 2349 1290 2401 in
1321 2346 1486 2402 ﬂuvio
1517 2345 1837 2415 expositus;
1881 2360 1946 2398 ac
1972 2343 2114 2398 Pbao

533 2441 718 2496 monis
751 2441 873 2495 filim
922 2440 1073 2495 visus
1102 2441 1346 2511 elegans,
1380 2438 1435 2494 in
1471 2440 1642 2493 lilium
1674 2439 1855 2510 palam
1889 2440 2118 2509 adopta-

533 2547 624 2590 tus
677 2533 894 2588 fuerit:
939 2534 1144 2604 quique
1193 2533 1331 2588 adeo
1397 2535 1499 2586 bac
1546 2549 1611 2586 ex
1666 2548 1834 2587 causa
1895 2547 2110 2587 onmem

536 2626 919 2698 [Egyptiorum
981 2625 1266 2682 scientiam
1317 2627 1601 2692 doceatur,
1653 2641 1756 2680 nec
1795 2633 1977 2680 tamen
2024 2637 2118 2678 co-

536 2728 828 2790 gnatorum
859 2719 1191 2775 dedoceatur
1217 2719 1423 2773 amoris
1451 2733 1483 2774 a
1518 2728 1714 2772 natura
1739 2716 1868 2772 vim.
1889 2715 2119 2782 idcirco,

536 2817 682 2882 quod
715 2812 1081 2868 educantibus
1135 2812 1280 2867 baud
1315 2813 1451 2867 satis
1476 2826 1692 2880 mquus,
1727 2825 1905 2880 exque
1934 2807 2119 2864 animo

537 2906 788 2967 allectus,
815 2904 1193 2975 deprehensus
1227 2913 1396 2969 esset,
1425 2919 1484 2960 se
1507 2904 1633 2975 fuga
1669 2903 1996 2974 proripiens,
2037 2912 2118 2957 at-

539 3013 646 3068 que
690 2996 758 3052 ad
809 2994 1023 3051 Madian
1074 3005 1317 3050 montem
1358 2994 1657 3060 transiens,
1707 2994 1928 3064 illicquc
1962 2995 2121 3048 uxori

540 3090 800 3162 legitimis
828 3089 1118 3159 copulatus
1142 3087 1377 3160 nuptiis,
1393 3087 1664 3158 pecudum
1685 3097 1872 3160 pastor
1895 3087 2122 3143 eﬂ'ectus

541 3179 644 3246 sit;
675 3193 846 3248 seque
876 3191 1064 3233 rerum
1096 3177 1546 3251 contemplationi
1583 3179 1926 3248 impendens,
1948 3194 2124 3246 quan-

542 3283 659 3327 tum
707 3271 921 3328 homini
955 3271 1139 3327 videre
1169 3286 1497 3328 concessum
1550 3281 1657 3336 est,
1701 3271 1754 3325 in
1789 3270 1926 3327 rubo
1955 3271 2122 3326 Deum

542 3363 761 3419 viderit.

615 3450 666 3507 Is
691 3467 885 3508 rursus
907 3451 980 3504 'in
1017 3449 1315 3521 Egyptum
1357 3466 1481 3506 cum
1515 3451 1799 3521 signorum
1835 3450 2130 3505 virtutibus

546 3545 770 3608 missus,
806 3543 1230 3616 Egyptiacique
1270 3543 1440 3598 animi
1496 3544 1755 3598 duritiem
1785 3558 2127 3614 expugnans,

548 3637 840 3708 multiplici
869 3652 1096 3706 prorsus
1127 3651 1224 3692 eos
1260 3638 1483 3692 verbere
1538 3649 1604 3690 ac
1635 3637 1784 3706 plaga
1813 3636 2021 3706 afﬂigit,
2043 3638 2131 3690 in-

548 3747 657 3802 que
716 3730 946 3786 brachio
998 3731 1218 3786 excelso
1278 3730 1535 3801 populum
1583 3747 1743 3785 suum
1797 3730 2034 3786 liberat:
2069 3744 2134 3784 ac

548 3825 770 3896 quidem
805 3825 875 3881 ab
902 3822 1224 3896 Egyptiaca
1255 3824 1577 3880 morositate
1609 3824 1917 3891 redimens;
1964 3822 2135 3893 ignis-

551 3935 660 3989 que
692 3919 974 3983 columna,
1006 3933 1073 3975 ac
1129 3919 1294 3972 nubis
1319 3919 1547 3983 ducens,
1577 3933 1768 3971 eorum
1831 3917 1881 3970 in
1935 3927 2135 3972 terram

555 4012 882 4083 promissam
915 4011 1195 4066 ductorem
1228 4009 1361 4080 agit.
1393 4009 1556 4072 Tum,
1599 4024 1750 4065 mare
1783 4008 2029 4065 Rubrum
2051 4009 2138 4063 di-

556 4107 757 4168 visum,
791 4104 957 4160 siccis
995 4104 1078 4159 eis
1107 4102 1352 4175 vestigiis
1383 4104 1488 4159 iter
1517 4102 1851 4174 explicavit:
1884 4102 2141 4172 idemque

2188 569 2404 626 bratilis
2436 568 2611 624 forma
2644 568 2717 623 ibi
2763 564 3149 625 contuebatur.
3210 560 3323 617 illic
3378 558 3772 615 candelabrum

2121 684 2149 725 ·,
2188 676 2244 720 et
2291 679 2570 729 mensam;
2627 661 2740 718 illic
2783 675 2910 715 aras
2987 666 3043 713 et
3081 671 3292 720 arcam,
3333 653 3550 723 aliaque.
3608 652 3778 708 caele-

2189 761 2356 814 stium
2394 756 2752 814 similitudine
2778 764 3082 824 assumpta,
3117 752 3306 819 ﬁgura:
3337 750 3547 805 ratione
3571 747 3658 803 vir
3675 745 3776 800 Del

2192 861 2488 919 conspectu
2536 866 2671 906 usus
2726 850 2874 905 serio
2925 844 3421 915 contemplabatur.
3465 840 3592 896 Haec
3644 854 3782 894 vero

2197 945 2491 1001 tribulibus
2522 943 2766 1010 tradens,
2792 957 2857 996 ac
2896 939 3263 996 sacerdotium
3297 935 3518 1005 quidem
3547 933 3780 998 Aaroni,

2194 1054 2455 1111 germano
2481 1051 2736 1107 corpore,
2759 1048 3021 1106 germano
3051 1030 3248 1103 spiritu
3285 1028 3576 1099 praebens;
3619 1024 3782 1080 ducis

2195 1143 2376 1188 autem
2413 1130 2792 1200 praefecturam
2826 1123 2960 1182 .Iesu
2991 1123 3198 1180 famulo
3231 1116 3785 1185 concredens,omni-

2199 1241 2308 1295 que
2335 1238 2565 1294 operum
2606 1220 2779 1292 ipsius
2810 1217 3118 1273 ministerio
3144 1231 3209 1270 ex
3242 1213 3457 1269 consilii
3489 1209 3660 1268 divini
3693 1223 3784 1262 ra—

2199 1317 2439 1373 tionibus
2463 1315 2699 1383 expleto,
2729 1313 2810 1370 sic
2839 1312 3005 1366 vitam
3034 1309 3332 1374 caducam,
3361 1306 3640 1374 mortique
3680 1301 3786 1356 ob.

2199 1413 2422 1469 noxiam
2450 1411 2698 1477 deponit.

2271 1505 2362 1560 Sic
2387 1502 2607 1575 quidem
2644 1499 2854 1565 Moses;
2882 1498 3040 1571 isque
3092 1498 3178 1570 (ut
3205 1493 3401 1566 paucis
3431 1487 3786 1559 complectar)

2199 1599 2320 1670 ejus
2376 1597 2608 1653 instituti
2689 1596 2922 1665 vitaeque
2964 1591 3192 1647 rationis
3231 1589 3429 1642 modus
3463 1581 3587 1638 fuit.
3639 1578 3787 1647 Quid

2203 1708 2332 1748 vero
2359 1687 2688 1762 Gregorius?
2723 1685 2917 1743 Nonne
2943 1698 3223 1741 sacrorum
3253 1688 3566 1750 parentum,
3599 1687 3786 1732 saera-

2205 1784 2417 1840 tissima
2478 1782 2658 1852 proles
2699 1779 2908 1836 eluxit't
2956 1775 3151 1833 Nonne
3198 1773 3250 1830 is
3302 1785 3528 1844 quoque
3587 1765 3780 1823 seculo

2210 1887 2466 1947 tanquam
2503 1874 2672 1930 ﬂuvio
2697 1873 3004 1945 expositus,
3038 1870 3279 1939 Spiritus
3323 1866 3541 1936 quidem
3596 1861 3768 1932 signa-

2211 1972 2338 2025 culo
2378 1969 2579 2024 ﬁscella
2602 1966 2975 2022 communitus
3007 1964 3125 2019 est"
3154 1978 3169 2015 τ
3205 1959 3454 2018 saeculari
3491 1967 3674 2012 autem
3703 1968 3787 2009 sa-

2211 2063 2428 2134 pientia:
2475 2063 2724 2129 elegans,
2752 2060 3055 2129 dexterque
3089 2055 3272 2112 indole
3312 2052 3486 2113 visus,
3523 2058 3692 2120 atque
3737 2047 3791 2100 in

2213 2155 2382 2210 ﬂlium
2409 2154 2460 2210 ei
2493 2153 2807 2222 adoptatus,
2847 2153 2902 2207 in
2937 2166 3002 2206 ea
3029 2150 3297 2212 eruditur,
3325 2155 3492 2215 atque
3523 2154 3795 2213 praepara-

2215 2250 2342 2304 tur?
2368 2247 2509 2302 Nunt
2556 2247 2706 2303 illius
2739 2260 2963 2302 sensum
3011 2241 3274 2298 humilem
3359 2254 3424 2293 ac
3454 2233 3800 2306 superstitio-

2217 2360 2342 2399 nem
2402 2341 2779 2398 lubentissime
2813 2339 3051 2408 fugiens,
3106 2331 3417 2392 sublimiori
3458 2328 3802 2399 contempla-

2216 2437 2386 2499 tione,
2443 2449 2507 2489 ac
2556 2435 2783 2503 magise
2822 2432 3023 2502 pietate
3073 2441 3210 2484 usus
3258 2424 3435 2481 estad
3469 2417 3801 2491 sapientiam

2219 2528 2425 2585 mundo
2455 2526 2840 2598 superiorem?

2289 2621 2405 2677 Non
2439 2622 2806 2691 commigrans
2859 2616 3004 2672 velut
3058 2621 3237 2669 Moses
3291 2613 3358 2666 ad
3413 2614 3652 2664 montem
3684 2600 3805 2658 Ha-

2220 2712 2405 2780 dian",
2457 2712 2550 2767 sed
2602 2726 2773 2766 sacra:
2809 2706 2979 2762 animi
3025 2699 3462 2774 tranquillitatis,
3502 2713 3568 2753 ac
3599 2697 3806 2764 imper-

2222 2806 2555 2865 turbationis
2585 2804 2841 2858 verticem
2875 2799 3292 2860 conscendens;
3348 2808 3450 2848 nec
3498 2790 3644 2847 sicut
3692 2787 3806 2854 ille,

2224 2898 2510 2957 mortalem
2533 2895 2638 2952 sibi
2666 2893 2953 2964 coniugem
2981 2902 3291 2954 assumens,
3315 2883 3410 2940 sed
3442 2879 3698 2954 perfectae
3717 2893 3806 2933 sa-

2224 2992 2442 3066 pientiae
2470 3003 2658 3043 amore
2707 2987 2983 3046 incensus,
3012 2980 3242 3051 ejusque
3266 2979 3569 3050 gratiarum
3600 2987 3810 3031 corona

2225 3084 2424 3151 eximie
2449 3092 2715 3144 ornatus;
2748 3093 2848 3132 nec
2886 3075 3156 3148 pecudum
3201 3073 3433 3128 rationis
3478 3069 3810 3140 expertium,

2148 3206 2195 3268 ρ
2228 3179 2323 3236 sed
2357 3177 2570 3233 ratione
2603 3189 2730 3229 vere
2761 3166 3488 3240 utentiumprobatissimus
3511 3171 3700 3234 pastor
3725 3159 3811 3215 ef-

2231 3273 2426 3333 fectus,
2461 3268 2508 3324 si
2536 3268 2661 3338 quis
2700 3265 2838 3320 alios
2865 3262 3181 3318 mortalium
3220 3254 3543 3313 lnrisibilem
3569 3252 3802 3316 videt’;

2229 3381 2294 3420 ac
2323 3362 2561 3419 revelata
2616 3359 2754 3414 facie
2788 3354 3188 3425 contemplatus
3235 3347 3440 3405 Domini
3469 3345 3796 3406 claritatem,

2232 3469 2347 3512 tum
2387 3453 2845 3521 contemplatione
2867 3451 3068 3517 ",tum
3099 3443 3341 3517 potentia
3367 3439 3805 3511 repletur,atque

2233 3554 2289 3607 in
2316 3553 2476 3605 istam
2505 3546 2738 3601 mittitur
2767 3543 3083 3613 Egyptom.
3131 3538 3362 3593 Mittitur
3390 3549 3518 3588 vero
3543 3539 3606 3586 ut
3635 3542 3813 3598 popu-

2232 3648 2348 3700 lum
2391 3641 2622 3695 Domino
2676 3639 3002 3710 peculiarem
3034 3633 3380 3704 acquireret;
3439 3639 3604 3698 atque
3637 3638 3666 3677 a
3692 3621 3820 3677 cali-

2235 3741 2428 3809 ginosa
2473 3733 2854 3788 haereticorum
2900 3725 3206 3800 ignorantia
3248 3724 3533 3785 liberatos,
3581 3715 3648 3772 ad
3676 3715 3819 3770 luci-

2235 3832 2359 3885 dam
2402 3828 2456 3882 in
2493 3827 2597 3880 (ide
2625 3821 2921 3878 viventium
2965 3817 3210 3875 veritatis
3240 3815 3611 3870 baereditatem
3645 3817 3821 3862 trans—

2240 3923 2424 3979 ferret.

2315 4018 2478 4089 Virga
2510 4015 2736 4087 quidem
2763 4029 2794 4068 a
2829 4010 2938 4065 Deo
2961 4007 3183 4064 minime
3211 4007 3267 4060 in
3300 4015 3499 4058 manus
3523 3998 3720 4054 tradita
3746 3993 3816 4062 ";

2240 4115 2370 4186 quin
2434 4112 2550 4182 ipse
2599 4108 2779 4178 potius
2816 4105 2967 4175 virga
3017 4102 3236 4156 virtutis
3273 4095 3504 4152 eﬂicitur
3557 4089 3822 4145 divinitus

557 4214 752 4254 rursus
799 4198 853 4252 in
905 4197 1147 4266 seipsum
1181 4193 1500 4262 confusum,
1531 4194 1977 4264 persecutoribus
2008 4194 2146 4248 inte-
2242 4207 2433 4262 πιῖεει,
2470 4201 2634 4270 Virga
2677 4199 2895 4268 utique,
2938 4210 3046 4249 non
3077 4207 3200 4262 quae
3239 4190 3294 4244 in
3330 4187 3675 4243 seductorem
3711 4191 3823 4233 ser-

559 4293 698 4348 ritus
727 4289 917 4355 simul,
946 4305 1010 4346 ac
1034 4290 1346 4359 sepulcrum
1383 4287 1507 4343 fuit.
1540 4287 1682 4343 Hinc
1711 4302 1878 4356 rupes
1901 4289 2115 4358 dirupta

2243 4310 2459 4372 pentem
2495 4293 2914 4351 transformctur
2938 4289 3008 4356 η,
3043 4289 3135 4342 sed
3164 4301 3286 4356 quae
3313 4281 3368 4337 in
3406 4280 3641 4336 formam
3676 4270 3828 4328 Cbri-

558 4388 784 4442 ﬂumina
846 4384 1161 4456 profundit;
1226 4384 1547 4453 lignumque
1625 4396 1893 4454 aquarum
1982 4397 2116 4437 sana

2246 4400 2390 4447 stum
2418 4386 2768 4448 referentem,
2808 4397 2873 4434 ac
2898 4390 3136 4435 mentem
3176 4377 3493 4429 innnutctur
3519 4387 3536 4424 :
3571 4382 3678 4421 non
3705 4374 3827 4432 quas

559 4479 981 4536 amaritudinem
1024 4497 1038 4532 :
1081 4494 1144 4532 ac
1176 4478 1398 4548 quidem
1440 4478 1851 4533 ﬁrmamentum
1900 4475 2121 4530 avicula:

2249 4497 2444 4552 aquam
2482 4475 2774 4549 potabilem
2803 4475 2858 4526 in
2889 4471 3211 4540 sanguinem
3237 4465 3386 4536 potui
3426 4461 3671 4516 inutilem
3703 4471 3829 4510 ver-

561 4574 698 4645 pluit
743 4574 889 4630 sicut
939 4573 1217 4645 puIVerem
1246 4589 1261 4638 ;
1289 4573 1432 4628 cmlo
1463 4585 1651 4625 verum
1690 4584 1908 4640 panem,
1964 4569 2121 4639 spissr

2247 4575 2413 4638 tat",
2459 4571 2549 4628 Sed
2615 4585 2738 4638 qua:
2777 4564 2998 4635 potabili
3045 4561 3317 4618 doctrina.
3372 4556 3576 4610 salsam
3635 4563 3828 4606 eorum

560 4669 759 4734 imbre,
781 4667 1023 4723 demittit
1053 4683 1070 4720 ε
1101 4675 1268 4737 atque
1315 4674 1554 4720 extensae
1596 4679 1813 4726 manus,
1856 4662 2145 4718 innumera

564 4758 755 4823 fugant
787 4758 1028 4814 hostium
1070 4758 1272 4823 millia;
1305 4755 1677 4826 Deiquejusta
1724 4755 2015 4818 sententia,
2050 4770 2146 4824 po-

565 4854 751 4925 pulum
780 4859 1217 4907 murmurantem
1251 4849 1497 4906 vicissim
1537 4848 1657 4905 neci
1687 4848 1875 4905 tradit.

635 4945 794 5014 Quod
841 4943 1089 5000 omnium
1136 4944 1464 5009 maximum,
1519 4941 1930 5010 maximamque
1984 4939 2149 4995 habet

565 5040 1024 5103 admirationem,
1078 5037 1328 5094 ascendit
1371 5038 1426 5092 in
1474 5045 1718 5091 montem
1750 5036 2028 5089 excelsum
2060 5049 2154 5088 so-

567 5137 674 5197 lus,
704 5135 1028 5204 dierumque
1057 5133 1419 5204 quadraginta
1449 5130 1661 5204 jejunio
1705 5145 1942 5200 corpore
1988 5143 2154 5182 mun-

564 5230 751 5292 datus,
813 5231 1000 5283 animo
1026 5227 1301 5297 expiatus.
1332 5224 1616 5280 tremenda
1662 5222 1758 5279 Dei
1812 5237 1998 5278 coram
2029 5220 2156 5275 ani-

567 5322 973 5386 madversione,
1007 5322 1486 5393 prmstantiorique
1511 5319 1565 5374 in
1605 5317 1789 5385 specie
1818 5319 1960 5383 ignis
1987 5331 2158 5386 appau

567 5418 791 5480 titione,
827 5426 991 5487 atque
1022 5417 1272 5480 vocibus,
1321 5429 1386 5468 ac
1420 5413 1588 5478 tubis,
1619 5421 1881 5480 tanquam
1921 5412 1973 5462 in
2003 5423 2154 5479 sym-

571 5513 738 5572 bolis.
759 5513 1018 5582 dignatur
1045 5529 1060 5567 :
1097 5509 1436 5581 lapideisque
1465 5507 1667 5562 tabulis
1688 5505 1988 5576 inscriptas
2012 5505 2158 5572 leges

571 5606 874 5677 accipiens,
938 5615 1102 5677 atque
1152 5605 1334 5660 varios
1388 5603 1499 5658 illic
1559 5602 1958 5658 sacrificiorum
2024 5601 2160 5654 ritus

649 5821 668 5849 ⁷
695 5816 868 5872 Exod.
907 5833 964 5875 ιι.
992 5816 1046 5874 '5.

583 5893 627 5924 "
667 5891 806 5944 Psnl.
835 5906 942 5958 etv,
977 5891 1068 5947 ‘29,

1124 5820 1146 5851 ⁸
1177 5817 1310 5883 ibid.
1367 5817 1455 5874 15.
1531 5815 1597 5872 Ἰ
1637 5814 1779 5872 Tim.
1811 5833 1852 5881 ι,
1893 5816 1979 5871 Π,

1151 5893 1191 5923 ’⁸⁵
1221 5889 1389 5945 Exod.
1426 5906 1545 5958 vm,
1574 5891 1628 5958 Εἰς
1653 5906 1782 5956 ms,
1824 5888 1914 5944 2i.

2058 5814 2102 5847 ’⁸
2128 5813 2166 5867 ll
2196 5810 2326 5867 Cor.
2357 5827 2437 5876 tn,
2467 5807 2547 5864 l8.

1999 5888 2039 5917 "
2076 5883 2247 5941 Exod.
2284 5900 2336 5945 Σ,
2368 5882 2420 5940 5.

2245 4670 2545 4736 abstergat.
2575 4659 2692 4715 Non
2728 4675 2851 4729 qua:
2885 4658 3177 4725 ingruente
3203 4650 3480 4721 reptiliuin
3509 4644 3687 4714 copia,
3733 4655 3829 4695 ea-

2247 4775 2352 4828 que
2385 4755 2711 4813 edacissima
2742 4751 3088 4806 adversarios
3112 4741 3519 4810 confringat“;
3567 4737 3660 4793 scd
3710 4749 3834 4804 qua:

2248 4852 2561 4910 efﬁcacibus
2611 4848 2856 4917 vivisque
2893 4842 3242 4899 sermonibus
3293 4836 3645 4892 durissimam
3680 4845 3832 4884 men-

2253 4959 2360 5006 tem
2421 4956 2585 5016 atque
2636 4942 2930 5011 superbam
2982 4938 3130 4992 velut
3185 4933 3399 5003 ﬂagello
3453 4928 3663 4992 caedat;
3713 4925 3837 4978 aliis

2255 5040 2471 5110 quidem
2507 5036 2707 5091 vulnus
2774 5048 2839 5086 ac
2873 5033 3027 5101 plaga
3087 5039 3327 5082 tumens.
3381 5039 3486 5076 non
3519 5027 3712 5087 suapte
3752 5019 3838 5068 in-

2254 5108 2396 5193 dole,
2435 5129 2528 5183 scd
2555 5127 2772 5182 illorum
2820 5123 3158 5180 morositate.
3187 5119 3280 5188 qui
3317 5114 3466 5169 omni
3505 5113 3686 5167 ulcere
3749 5108 3836 5161 in-

2254 5221 2558 5281 sanabilius
2609 5220 2813 5274 invidia
2879 5213 3145 5268 vulnerati
3203 5227 3265 5265 ac
3318 5208 3502 5264 fcedati
3553 5202 3836 5258 essz'nt":

2256 5317 2378 5370 aliis
2417 5311 2719 5367 consolatio
2761 5309 2924 5370 bona,
2980 5307 3358 5359 fulcimentum
3419 5311 3482 5351 ac
3531 5296 3723 5364 gratia.
3765 5291 3844 5343 At:

2258 5407 2478 5480 quidem
2518 5405 2662 5464 aliis,
2704 5407 2875 5457 instar
2907 5400 3218 5471 grandinis,
3271 5392 3524 5458 ignisque
3555 5390 3840 5456 ingruens,

2259 5511 2374 5557 tum
2411 5500 2678 5556 densitate
2709 5509 3047 5557 sermonum,
3078 5503 3193 5545 tum
3219 5489 3527 5541 divinorum
3563 5482 3687 5549 igne
3712 5493 3845 5532 sen—

2258 5613 2468 5657 sorum,
2521 5593 2928 5646 contumacium
2989 5587 3202 5639 animos
3232 5579 3591 5636 consumebat
3621 5574 3691 5636 ";
3722 5570 3848 5624 aliis

2668 5805 2707 5838 "
2743 5803 2916 5859 Exod.
2954 5817 3028 5860 tv.
3064 5799 3121 5855 2.
3234 5797 3275 5828 "
3304 5789 3476 5848 Εςυίι.
3520 5803 3617 5851 vlt,
3655 5785 3716 5840 ω
3747 5784 3848 5839 20.

2506 5881 2548 5913 ²⁶
2584 5877 2752 5932 Exod.
2795 5873 2982 5943 ix,‘23.
