4134 6306
400 387 512 451 ιη

1106 389 1393 453 ORATIO
1429 391 1558 453 XX.
1589 414 1656 428 -
1696 391 1781 455 ΙΝ
1821 392 2137 455 LAUDEM
2175 395 2237 457 S.
2272 394 2653 458 GliEGORII
2689 398 2963 461 ΤΗΕΟῙ..

3568 402 3677 467 474

406 501 553 554 velut
586 515 680 553 ros
714 514 743 552 e
772 497 915 553 etnlo
947 498 1146 554 leniter
1171 501 1408 569 stillans,
1443 503 1699 559 sensibus
1735 514 1795 560 ut
1828 504 1992 560 tiore-
2017 512 2063 565 Α
2093 506 2531 574 praestantiorem
2566 523 2733 577 quam
2766 525 2865 575 pro
2896 525 3092 566 sensus
3123 510 3337 567 ratione
3374 513 3467 569 Dei
3508 516 3678 571 visio-

411 600 552 657 rent,
588 591 885 662 praestabat
912 607 928 645 :
951 601 1119 662 atque
1145 593 1268 648 aliis
1290 594 1511 664 quidem
1542 595 1779 652 tenebrat
1809 598 1992 668 palpa-

407 686 547 742 biles
572 684 858 754 prostabat
878 683 919 715 "
942 701 960 753 ;
986 683 1112 739 aliis
1156 685 1249 740 lux
1277 686 1476 741 mentis
1509 695 1723 753 sancta,
1752 704 1818 743 ex
1846 689 1989 754 luce,

403 794 529 848 quae
554 775 706 833 omni
736 774 912 843 major
935 778 1226 833 sanctitate
1281 787 1385 843 est,
1412 778 1627 834 abunde
1656 779 1943 850 cffulgebat
1973 798 1993 836 ε

400 873 538 941 quin
571 869 773 939 potius,
802 868 897 939 qui
949 868 1043 923 lux
1091 869 1306 924 cunctis
1333 886 1459 926 vera
1495 879 1607 925 tum
1656 873 1833 934 ﬁeret,
1876 884 1990 928 tum

400 973 591 1028 esset;
621 959 746 1015 aliis
777 960 1001 1029 quidem
1031 959 1345 1016 illustraudi
1376 962 1429 1017 vi
1460 963 1695 1032 pollebat
1719 964 1812 1035 (iis
1842 965 1995 1021 scili-

402 1063 491 1107 cet
513 1052 606 1121 qui
635 1066 750 1108 sua:
778 1050 981 1106 mentis
1004 1052 1170 1106 oculo
1199 1053 1268 1106 ab
1292 1053 1413 1119 ejus
1441 1050 1746 1123 fulgoribus
1768 1056 1994 1111 minime

403 1145 817 1215 abhorrerent),
848 1143 972 1199 aliis
999 1142 1354 1207 obscurandi,
1407 1145 1501 1215 qui
1538 1149 1755 1216 propria
1790 1150 1993 1206 mentis

405 1239 693 1295 debilitate
722 1253 905 1292 veram
959 1238 1264 1293 claritatem
1308 1238 1525 1294 obtueri
1577 1255 1683 1294 non
1733 1250 1990 1309 possent;

404 1332 505 1402 qui
546 1331 723 1386 lucem
756 1329 998 1399 quidem,
1050 1338 1110 1383 ut
1148 1330 1425 1384 inimicam
1467 1329 1811 1401 refugerent;
1845 1341 1994 1386 lette-

407 1424 539 1478 bras
566 1433 748 1476 autem
784 1430 1045 1488 tanquam
1085 1420 1448 1475 suavissimas
1504 1419 1610 1475 sibi
1661 1420 1990 1491 deligerent.

404 1516 488 1571 Ae
515 1514 755 1568 alierum
783 1512 1006 1584 quidem
1039 1512 1236 1565 mentis
1274 1513 1553 1567 rationum
1614 1527 1681 1567 ac
1710 1513 1991 1567 actionum

406 1607 711 1678 prttnitiva,
751 1607 1097 1677 argumentis
1141 1603 1435 1661 confutatis
1486 1606 1994 1676 exterminabat";

406 1700 644 1754 aliorum
676 1707 860 1755 autem
894 1696 1357 1754 incontaminatas
1389 1697 1443 1753 in
1481 1696 1689 1756 Christi
1729 1698 1994 1771 sanguine

408 1792 623 1846 animas
649 1790 1034 1847 conservabat.

2096 611 2224 653 nem
2284 606 2518 666 nactus;
2573 613 2686 654 non
2737 598 2953 672 fragore
3013 602 3389 673 mugientibus
3422 606 3677 673 vocibus,

2093 689 2353 761 tubisque
2402 705 2584 745 aerem
2610 692 2663 747 vi
2692 695 3147 762 percutientibus,
3185 697 3674 767 vehementiusque

2092 782 2322 839 auribus
2351 781 2777 850 insonantibus;
2816 785 2911 840 sed
2943 785 3064 841 sine
3110 788 3366 856 strepitu,
3395 796 3559 858 atque
3594 789 3677 843 le-

2095 872 2260 940 nitur,
2313 883 2372 930 et
2428 874 2538 930 leni
2596 891 2664 931 ac
2711 876 2896 946 quieto
2943 874 3037 932 Dei
3075 877 3301 949 Spiritui
3335 878 3675 948 colloquens,

2093 965 2281 1037 illique
2309 967 2689 1038 congrediens.
2730 985 2797 1025 ac
2841 970 3063 1026 silentio
3096 986 3324 1039 magnas
3354 972 3674 1027 sublimium

2092 1058 2437 1113 decretorum
2469 1074 2641 1116 voces
2674 1061 2982 1132 percipiens
3016 1080 3030 1118 :
3061 1077 3169 1119 non
3203 1064 3439 1120 tenebris
3482 1080 3548 1119 ac
3584 1079 3677 1119 ca-

2094 1148 2261 1220 ligine
2293 1152 2533 1207 obducto
2557 1166 2813 1223 corpore,
2838 1154 2934 1209 sed
2960 1170 3124 1226 supra
3162 1170 3327 1225 quam
3379 1156 3551 1227 ignoti
3593 1157 3675 1209 in-

2092 1245 2599 1314 compreltensionis
2649 1246 2841 1302 notitia
2871 1247 3086 1303 obtecto
3120 1261 3274 1303 :non
3323 1247 3580 1317 procellis
3610 1263 3677 1302 ac

2093 1337 2311 1392 turbine
2370 1338 2659 1407 ventisque
2714 1335 2995 1404 ﬂantibus,
3051 1339 3147 1395 sed
3207 1340 3380 1394 divini
3439 1338 3678 1410 Spiritus

2094 1426 2437 1484 mollioribus
2464 1428 2616 1484 auris
2642 1428 3006 1500 perflantibus
3024 1448 3053 1493 :7
3073 1445 3183 1485 non
3214 1428 3520 1486 celestium
3545 1430 3679 1484 imav

2092 1520 2269 1588 gines,
2298 1534 2362 1576 ac
2390 1522 2615 1591 tlguras,
2665 1534 2768 1576 nec
2823 1521 3074 1577 veritatis
3117 1519 3375 1577 obtuetur
3424 1520 3674 1586 umbras,

2092 1608 2189 1664 sed
2214 1609 2328 1678 ipsa
2362 1610 2636 1666 sacratius
2661 1609 2889 1667 docetur
2909 1610 3181 1676 ctelestia,
3214 1610 3502 1681 ipsamque
3529 1609 3677 1665 clare

2093 1703 2377 1758 veritatem
2404 1703 2597 1758 cernit.
2637 1699 2912 1773 Symbolis
2943 1701 3114 1768 enim,
3174 1718 3240 1758 ac
3284 1702 3495 1757 umbris
3536 1700 3675 1757 Mosi

2095 1793 2406 1863 conspectis
2437 1795 2509 1852 ad
2537 1809 2600 1851 ea
2630 1809 2755 1864 qua
2790 1809 2920 1849 vera
2973 1803 3104 1850 sunt
3132 1793 3478 1864 intelligenda
3520 1808 3672 1859 usus,

485 1885 629 1938 Idem
678 1885 799 1955 ipse
842 1884 988 1955 ignis
1012 1882 1273 1939 columna
1349 1898 1416 1939 ac
1464 1884 1633 1941 nubis
1660 1885 1990 1949 edicitur";
2026 1870 2069 1929 Β
2099 1901 2161 1942 ac
2193 1900 2289 1956 per
2318 1900 2381 1941 ea
2432 1886 2498 1940 ad
2531 1886 2710 1956 ipsum
2770 1883 2920 1941 clare
2952 1885 3328 1956 legislaturem
3389 1884 3672 1949 devectus,

414 1978 621 2043 peccati
651 1977 942 2046 caliginem
987 1974 1341 2044 dispescens,
1378 1976 1709 2047 virtutisque
1748 1977 1993 2033 laborem

416 2066 701 2137 refrigerio
730 2078 1045 2139 temperans
1082 2076 1246 2137 atque
1275 2068 1519 2136 leniens;
1547 2069 1805 2140 velutque
1830 2070 1995 2127 nubis

420 2173 572 2223 rore,
615 2159 874 2215 Paraclcti
928 2160 1323 2226 consolatione,
1382 2161 1683 2232 spiritalem
1738 2162 1994 2219 lsraclem

424 2252 635 2318 levans,
664 2262 826 2320 atque
857 2255 921 2307 ad
949 2268 1214 2322 supernas
1237 2253 1553 2309 mansiones
1580 2254 1906 2321 traducens;
1930 2272 1995 2312 ac

427 2359 594 2401 manu
632 2345 850 2414 quidem
880 2345 1087 2401 excelsa
1113 2346 1302 2404 seculi
1330 2362 1480 2403 mare
1505 2348 1580 2403 illi
1622 2351 1874 2415 scissum,
1908 2351 1995 2405 in-

426 2438 591 2492 noxie
624 2436 1033 2503 transmittens;
1095 2453 1191 2495 eos
1229 2453 1359 2493 vero
1384 2439 1480 2510 qui
1519 2440 1759 2497 dementi
1810 2458 1875 2499 ac
1904 2442 1996 2499 fu-

430 2532 571 2583 renti
610 2531 663 2584 in
690 2544 813 2585 eum
844 2528 1048 2600 impetu
1070 2568 1091 2597 ,
1125 2532 1271 2586 omni
1316 2542 1581 2603 apparatu
1629 2533 2003 2606 insequeban-

430 2631 537 2687 tur,
587 2622 639 2676 in
691 2636 757 2677 eo
803 2621 1101 2678 suffocatos
1160 2622 1502 2694 relinquens,
1551 2627 1848 2698 purissimo
1883 2629 2003 2698 ipse

425 2714 805 2770 aalvandorunt
866 2715 1059 2780 cmtui,
1106 2730 1232 2771 cum
1277 2717 1571 2788 magniﬁco
1598 2718 1817 2776 virtutis
1846 2736 2002 2778 com-

423 2818 625 2870 meatu,
664 2807 731 2862 ad
757 2807 948 2864 beatas
975 2808 1176 2864 salutis
1213 2808 1374 2865 sedes
1410 2810 1605 2867 ductor
1628 2814 1879 2883 prmibat.

492 2896 577 2953 Fit
608 2907 762 2968 petra
788 2899 874 2967 ”;
922 2915 1111 2957 revera
1168 2902 1315 2957 enim
1346 2903 1646 2974 spiritalem
1700 2908 2001 2976 petram",

414 3006 527 3046 non
558 3001 901 3064 sequentem,
932 2994 1147 3065 ipsique
1172 2999 1452 3064 comitem,
1520 2998 1616 3055 sed
1664 2999 1721 3055 iu
1766 3017 1834 3057 eo
1881 3017 2001 3057 nta-

416 3093 662 3150 nentem,
687 3086 972 3142 Christum
1007 3090 1130 3143 vita:
1157 3089 1348 3147 latices
1374 3099 1710 3159 manantem,
1742 3094 2000 3153 habebat.

418 3176 653 3249 Liguum
688 3195 912 3249 quoque
961 3180 1217 3247 edicitur,
1253 3184 1404 3250 potui
1441 3185 1688 3240 inutilem
1708 3188 1775 3252 ",
1833 3198 2001 3259 atque

419 3287 663 3325 amaram
700 3275 979 3327 haereseou
1011 3275 1342 3340 doctrinam,
1371 3277 1428 3330 in
1462 3287 1622 3333 recta:
1656 3280 1779 3335 titlei
1810 3279 1997 3336 dulce-

418 3366 603 3422 dinem
637 3378 880 3423 mntans.
905 3366 1155 3424 Manibus
1184 3378 1370 3423 autem
1400 3384 1507 3425 non
1537 3370 1775 3425 interdiu
1803 3381 1998 3428 exten-

419 3461 523 3526 sis,
595 3477 661 3517 ac
714 3478 838 3531 qua:
886 3479 1081 3532 graves
1136 3465 1594 3534 deprimerentur,
1654 3468 2001 3539 aliorumque

419 3570 587 3625 opera
618 3556 913 3611 sustentari
949 3556 1239 3625 deberent;
1275 3558 1369 3615 sed
1402 3568 1584 3615 mente
1617 3561 1670 3614 iu
1704 3560 1999 3618 Dominum

413 3648 619 3721 iugiter
644 3648 860 3704 sublata
928 3664 993 3704 ac
1016 3651 1332 3719 excedente,
1359 3661 1473 3707 tum
1501 3668 1684 3709 verum
1718 3655 1999 3711 suffulcie-

420 3744 515 3801 bat
575 3742 861 3809 Israclem,
924 3751 1040 3798 tum
1096 3759 1287 3801 verum
1354 3746 1614 3803 fundebat
1671 3748 2001 3822 fugabatque

420 3836 647 3893 Amalec
660 3836 728 3891 ⁸³.

492 3933 604 3988 Alit
647 3940 854 3998 autem,
907 3949 1015 3989 non
1066 3949 1206 4004 pane
1248 3934 1343 4003 qui
1401 3934 1576 4003 prima
1611 3935 1734 3991 luce
1770 3950 1803 3992 e
1861 3935 2001 3993 uelo

422 4026 641 4098 pluens,
700 4026 1007 4097 plusculum
1048 4028 1379 4083 ascendente
1430 4028 1544 4083 sole
1578 4044 1702 4083 mox
1735 4029 2004 4100 collique-

426 4121 642 4191 scat“;
678 4139 779 4178 nec
806 4122 986 4176 avium
1022 4122 1281 4178 carnibus
1311 4121 1581 4180 immensa
1620 4125 1774 4195 copia
1809 4125 2003 4183 imbris

426 4214 598 4271 instar
648 4214 1058 4284 depluentium,
1116 4213 1210 4268 sed
1272 4228 1589 4271 sermonum
1671 4215 2003 4272 abundantia

429 4321 588 4379 atque
616 4310 709 4374 vi;
742 4317 851 4363 tum
878 4323 1071 4377 nempe
1110 4306 1281 4377 magis
1310 4307 1636 4377 spiritalium
1691 4323 1758 4362 ac
1786 4310 2005 4365 divino-

434 4416 574 4468 rum,
598 4416 738 4472 eque
775 4414 1019 4463 sursum,
1050 4410 1212 4469 atque
1255 4399 1518 4469 sapientia
1544 4415 1664 4467 quae
1685 4401 1753 4455 de
1781 4415 2003 4456 sursum

436 4502 537 4551 est.
588 4496 1038 4551 subministrante
1089 4493 1532 4563 suppetentium;
1589 4502 1702 4548 tum
1739 4509 2001 4564 corpora-

2096 1992 2224 2033 vere
2246 1977 2477 2047 gloriam
2507 1976 2789 2034 contuitus
2817 1985 2922 2040 est,
2955 1978 3152 2031 nedum
3190 1976 3555 2046 posteriorum
3577 1974 3673 2030 Dei
3768 2036 3772 2038 γ

2096 2068 2319 2140 (quibus
2343 2085 2373 2122 a
2400 2067 2510 2121 Deo
2549 2068 2808 2135 secutula,
2842 2068 3046 2138 illoque
3075 2075 3301 2123 auctore
3328 2066 3550 2122 condita
3577 2065 3676 2121 ob-

2093 2180 2257 2222 scure
2282 2163 2710 2235 signiﬁcantur),
2731 2178 2922 2218 verum
2949 2161 3116 2218 etiam
3148 2161 3229 2232 (ni
3271 2160 3563 2215 audentius
3591 2157 3677 2212 lo-

2097 2257 2264 2329 quor)
2317 2255 2995 2325 anteriorum";ipsius,
3049 2254 3295 2323 inquam,
3354 2247 3677 2305 exsisteutia

2098 2350 2395 2422 pra-euntis
2424 2363 2590 2419 supra
2611 2363 2778 2419 quam
2817 2346 3056 2419 ignotam
3089 2343 3375 2400 inﬁnitatis
3402 2342 3673 2398 notitiam.

2078 2425 2247 2500 “Vidit
2276 2452 2456 2497 autem
2517 2441 2611 2497 Dei
2654 2440 2986 2504 claritatem,
3048 2454 3158 2494 non
3209 2438 3360 2492 brevi
3418 2431 3678 2504 temporis

2099 2540 2312 2593 moruta
2345 2539 2542 2591 factam
2588 2533 2968 2605 conspicuam,
3017 2532 3238 2602 citoqne
3272 2527 3677 2591 abscedentem,

2098 2630 2196 2688 scd
2235 2645 2359 2701 qua:
2406 2642 2628 2700 semper
2683 2627 2756 2682 ita
2788 2624 3102 2684 consistat:
3133 2640 3234 2679 nec
3259 2622 3411 2677 velut
3466 2620 3579 2686 ille,
3621 2619 3678 2672 in

2100 2730 2271 2794 petrae
2315 2728 2601 2791 protectus
2628 2717 2920 2781 foramine,
2950 2717 3045 2772 sed
3090 2716 3146 2770 in
3195 2712 3480 2783 unigenito
3498 2708 3680 2764 Verbo

2098 2823 2387 2885 paternam
2415 2824 2684 2868 contuens
2705 2810 2961 2881 gloriam,
2992 2808 3047 2864 in
3085 2805 3210 2864 Filii
3243 2803 3451 2875 Spiritu
3480 2802 3683 2857 eximie

2098 2905 2242 2962 Filio
2271 2903 2753 2974 circumfnlgetur.
2790 2902 2934 2958 Vidit
2959 2916 3083 2972 qua
3105 2915 3206 2971 per
3239 2894 3679 2960 tabernaculum,

2101 3002 2269 3072 inque
2310 2998 2409 3055 illo
2459 2997 2699 3071 reposita
2740 3011 2872 3052 vasa
2904 2993 3137 3066 mystice
3183 2991 3679 3063 signiﬁcabantur;

2099 3096 2235 3165 quin
2269 3094 2385 3165 ipse
2411 3092 2597 3161 potius
2646 3090 2799 3146 vario
2822 3089 3090 3145 virtutum
3115 3086 3266 3142 cultu
3304 3082 3595 3140 insolubile
3620 3094 3683 3136 se

2023 3220 2071 3285 ε
2105 3188 2522 3243 tabernaculum
2559 3182 2671 3239 Deo
2694 3182 2987 3245 exhibens,
3011 3179 3176 3236 etiam
3204 3192 3387 3233 arcam
3433 3174 3679 3285 spiritum

2102 3295 2265 3338 suum
2309 3275 2591 3334 reddidit:
2621 3290 2809 3332 arcam
2860 3273 3093 3340 scilicet,
3140 3286 3253 3328 non
3285 3282 3408 3338 quae
3456 3266 3685 3323 haberet

2107 3391 2302 3432 urnam
2328 3387 2554 3429 auream
2577 3371 2649 3439 ³⁸,
2672 3370 2768 3427 sed
2794 3386 2917 3443 qua:
2937 3383 3036 3426 cor
3059 3382 3199 3423 auro
3212 3364 3458 3428 rutilum,
3483 3374 3679 3431 panem

2105 3468 2257 3526 illum
2294 3466 2572 3524 ctelestem
2596 3464 2803 3536 gremio
2832 3460 3144 3519 continens.
3172 3456 3292 3514 Non
3324 3470 3449 3526 qua:
3471 3453 3681 3525 virgam

2105 3562 2528 3633 atnygttalinam,
2552 3574 2676 3628 qua:
2706 3556 2991 3620 floruerat,
3019 3550 3404 3625 lapideamque
3473 3563 3538 3602 ac
3570 3544 3683 3600 fra-

2107 3655 2269 3725 gilem
2317 3652 2597 3719 tabulam;
2643 3647 2739 3704 sed
2782 3662 2905 3718 qua:
2949 3644 3243 3715 expolitam
3293 3650 3530 3697 mentem
3620 3651 3684 3691 ac

2107 3744 2510 3811 inviolabilem,
2562 3756 2801 3812 vereque
2847 3738 2945 3794 Dei
3000 3734 3176 3808 digito
3222 3734 3505 3803 scriptam,
3549 3744 3683 3783 con-

2108 3848 2339 3910 tegeret.
2391 3897 2397 3902 ,

2181 3934 2326 3989 Idem
2361 3932 2567 4003 pariter
2590 3928 2978 3987 candelabrum
3023 3931 3231 3993 septem
3263 3918 3468 3974 habens
3510 3915 3684 3969 lucer-

2111 4041 2212 4083 nas
2246 4023 2598 4083 constituitur
2614 4024 2687 4087 ι’,
2716 4021 2811 4093 qui
2843 4020 3057 4077 scilicet
3083 4026 3293 4086 septem
3326 4010 3565 4081 Spiritus
3586 4006 3685 4064 tle-

2111 4124 2197 4180 nis
2225 4121 2532 4177 Ecclesiam
2563 4119 2820 4174 illustret.
2883 4111 3248 4170 Constituitur
3268 4117 3323 4164 et
3346 4119 3557 4167 mensa.
3589 4118 3686 4173 pa-

2113 4231 2233 4271 nem
2264 4214 2419 4269 illum
2443 4227 2657 4267 summe
2678 4210 2963 4282 mysticum
2992 4204 3165 4276 probe
3184 4197 3559 4258 esurientibus
3585 4209 3687 4266 ap-

2111 4308 2347 4379 positum
2376 4300 3044 4360 habens“.Constituitur
3069 4297 3237 4353 etiam
3264 4294 3461 4357 altare,
3483 4289 3685 4345 nedum

2114 4397 2558 4469 thymiamatum,
2610 4396 2756 4449 velut
2802 4391 3164 4449 suavissimus
3190 4386 3425 4450 suﬂitus,
3460 4397 3683 4454 precum

2107 4494 2309 4562 jugiter
2346 4490 2553 4545 hostias
2601 4487 2931 4544 submittens
2949 4484 3026 4549 ἐς
3060 4497 3255 4537 verum
3300 4479 3467 4535 etiam
3530 4474 3685 4530 holo-

438 4587 569 4641 lium
605 4590 773 4659 magis
822 4603 888 4643 ac
922 4587 1275 4651 naturalium,
1308 4603 1369 4640 ex
1396 4596 1633 4655 terrena,
1670 4602 1734 4643 ac
1762 4604 1883 4658 qtue
1904 4603 2006 4643 εω-
2038 4593 2083 4647 D
2109 4594 2449 4645 caustorutn,
2483 4583 2682 4650 pietate
2714 4582 2943 4652 pingues
2964 4577 3175 4632 animas
3203 4570 3464 4631 sacriﬁcii
3493 4569 3602 4622 ritu
3628 4568 3684 4621 in

434 4678 545 4735 culi
577 4695 674 4735 usu
722 4689 1091 4748 comparatur,
1142 4677 1521 4749 intelligentia,
1583 4679 1889 4749 mentisque
1921 4695 2011 4735 suo

1243 4769 1339 4826 His
1384 4770 1569 4840 igitur,
1616 4773 1710 4842 qui
1761 4774 1894 4828 recti
1943 4789 2009 4828 ac

431 4774 587 4830 tertia
622 4772 696 4827 illi
737 4773 1090 4828 collectorum
1115 4771 1183 4825 “.

426 4864 621 4921 fideles
647 4874 853 4926 essent,
880 4870 994 4916 tum
1035 4861 1234 4919 alebat.
1271 4868 1383 4915 tum
1416 4859 1733 4923 recreabat;
1780 4860 1873 4930 qui
1904 4876 2004 4915 au-

2112 4680 2231 4747 ipsu
2259 4674 2469 4730 faciens
2493 4674 2565 4727 ³⁸.

2180 4768 2325 4823 idem
2351 4780 2567 4837 quoque
2592 4779 2825 4835 magnus
2854 4760 3097 4831 pontifex
3148 4758 3396 4820 etl'ectus,
3426 4768 3536 4809 non
3576 4766 3684 4806 un-

2107 4859 2306 4915 ctionis
2335 4856 2457 4912 oleo
2496 4858 2661 4924 caput
2704 4855 3042 4921 barbamque
3064 4849 3312 4911 diluitur,
3353 4844 3449 4901 sed
3477 4841 3687 4914 Spiritu

425 4966 537 5010 tem
566 4963 1019 5015 nlurmuramt‘cs,
1053 4966 1118 5006 ac
1150 4951 1260 5006 Deo
1302 4950 1685 5014 detrahebant,
1712 4964 1811 5006 eos
1839 4952 2009 5006 mise-
2110 4949 2494 5010 exsultatiouis
2549 4957 2731 5003 mente
2767 4962 2832 5001 ac.
2891 4947 3074 5000 animo
3126 4940 3521 4998 sanctificatur.
3570 4933 3687 4991 Nec

424 5045 588 5101 rabili
620 5060 684 5098 ac
712 5044 1063 5114 deplorandae
1090 5043 1253 5097 morti
1286 5042 1554 5097 tradebat.
1649 5072 1653 5075 -

498 5138 622 5193 Non
671 5138 728 5193 in
781 5149 1021 5194 montem
1057 5138 1239 5210 (terra:
1274 5137 1504 5202 scilicet,
1558 5137 1651 5207 qui
1690 5135 1747 5191 in
1777 5150 2005 5191 sensum

428 5238 614 5302 cadat,
642 5232 938 5302 tumulum)
962 5248 1055 5301 per
1078 5231 1239 5286 breve
1259 5239 1475 5301 tempus
1501 5229 1784 5295 accedens,
1806 5228 2011 5298 Deique

2116 5047 2278 5100 variis
2308 5044 2531 5105 tunicis,
2559 5051 2771 5096 terrena
2799 5055 2830 5093 e
2853 5039 3080 5093 materia
3118 5032 3391 5089 contextis
3416 5044 3687 5101 perorna-

2117 5146 2229 5203 tur,
2253 5137 2346 5192 sed
2376 5134 2640 5189 virtutum
2676 5130 2967 5193 varietate,
2999 5125 3167 5181 animi
3202 5125 3385 5178 tunica
3412 5120 3561 5175 varia
3597 5119 3686 5175 in-

2118 5230 2332 5292 duitur;
2372 5242 2438 5282 ac
2476 5225 2623 5280 velut
2674 5224 2857 5277 Aaron
2909 5219 2999 5274 ille
3057 5212 3509 5276 tintinnabula”,
3548 5226 3687 5267 con-

433 5331 547 5385 illic
581 5344 718 5384 usus
746 5326 1106 5395 colloquio“,
1164 5325 1339 5379 turbis
1372 5338 1431 5379 se
1482 5338 1677 5378 rursus
1731 5321 2011 5391 lcgislator
2111 5324 2333 5379 cinnum
2390 5318 2705 5390 apostolicae
2754 5314 3036 5385 sapientia:
3088 5310 3329 5367 sonitum
3372 5320 3687 5370 assumens,

437 5418 815 5490 pcrmittebat;
843 5418 937 5473 sed
970 5433 1221 5487 suprema
1254 5414 1538 5486 theologia:
1566 5428 1863 5469 conserttsa
1889 5426 1998 5482 spe.

2112 5417 2184 5471 ita
2209 5413 2664 5470 sanctificationis
2694 5408 2976 5474 sacerdos,
3005 5416 3170 5476 atque
3203 5405 3398 5459 hostiae
3425 5414 3582 5456 nova:
3608 5414 3690 5490 sa-

438 5516 581 5579 cula,
617 5531 729 5570 nou
776 5513 989 5567 dierum
1035 5509 1416 5580 quadraginta,
1477 5506 1571 5562 sed
1604 5507 1720 5577 jugi
1751 5504 2011 5576 jejunio;

1699 5646 1744 5678 "
1781 5644 1953 5700 Exod.
1981 5660 2097 5699 xttt.
2125 5646 2185 5698 2t
2210 5660 2224 5705 ;
2251 5660 2359 5709 xtv,
2398 5643 2483 5697 10.

1634 5716 1868 5771 "Exod.
1936 5732 2044 5775 xvi,
2079 5715 2160 5777 Μ,
2204 5718 2285 5772 15.

1680 5790 1724 5821 ⁸⁸
1757 5787 1924 5842 Exod.
1969 5804 2091 5853 xxv,
2125 5790 2212 5844 3i.

507 5655 550 5689 "
571 5655 747 5710 Exod.
786 5669 839 5715 x,
871 5652 965 5706 22.
1043 5650 1087 5684 ¹⁸
1125 5649 1299 5704 Exod.
1363 5663 1463 5709 xtl,
1492 5645 1581 5701 9.9.

430 5731 478 5763 ⁸³
505 5726 681 5782 Exod.
714 5740 803 5788 xv,
830 5722 921 5783 25.
998 5725 1044 5758 ⁸³
1078 5722 1247 5777 Exod.
1283 5736 1414 5774 xvn.
1444 5720 1530 5772 ll.

427 5799 478 5832 "
511 5797 686 5854 Exod.
722 5811 917 5855 sum.
959 5798 1051 5851 9.5.
1156 5792 1201 5824 ’⁸
1228 5791 1388 5848 llchr.
1428 5806 1503 5854 Ix,
1536 5789 1588 5844 ι.

429 5885 569 5939 xxx,
610 5871 656 5923 1.
734 5868 778 5901 ³³
808 5867 975 5924 Exod.
1007 5886 1080 5931 tv,
1108 5866 1196 5921 Ἦ.

2112 5506 2331 5563 criticus
2363 5523 2468 5561 non
2500 5520 2594 5573 per
2624 5500 2965 5573 sanguinem,
3016 5498 3111 5553 sed
3159 5511 3255 5568 per
3308 5493 3562 5563 spiritum
3602 5489 3689 5546 fa-

3238 5633 3280 5666 "
3311 5630 3329 5685 l
3361 5630 3491 5686 Cor.
3537 5644 3592 5689 x,
3626 5625 3682 5682 ι.

3160 5705 3209 5738 ’⁸
3232 5702 3401 5758 Exod.
3458 5717 3567 5763 xu,
3628 5698 3682 5751 δ.

3160 5792 3200 5823 r-
3226 5776 3319 5823 ΩΒ.
3434 5772 3476 5804 ⁸³
3513 5768 3682 5823 Exod.

2590 5642 2637 5673 ³⁸
2678 5639 2849 5694 Exod.
2901 5652 3035 5699 xvii,
3081 5633 3135 5690 6.

2789 5782 2831 5814 '”
2867 5779 3037 5835 Exod.
3074 5792 3200 5842 xxv,
3226 5776 3319 5831 23.

2398 5714 2443 5745 ⁸⁸
2489 5711 2607 5768 Jac.
2661 5727 2743 5776 Ill,

2291 5789 2335 5819 3°
2372 5784 2474 5840 lsa.
2510 5801 2585 5847 xt,
2621 5784 2677 5837 ‘2.
