4150 6298
495 403 603 468 475

1685 397 1981 460 meum
2017 376 2544 459 PAPBLAGONIS

3638 376 3746 444 476

499 525 630 570 ειυς
651 519 754 570 est.
793 511 913 568 Non
949 513 1094 568 enim
1121 527 1187 569 ex
1219 511 1425 569 umbrae
1474 527 1682 578 rerum,
1711 510 1808 566 sed
1839 526 1902 568 ex
1931 510 2075 566 veri-
2098 510 2152 572 Α
2175 507 2376 578 injuste
2437 486 2618 561 autem
2672 500 2930 559 Ecclesiis
2986 484 3295 564 submotos,
3337 493 3473 552 locis
3505 493 3751 565 propriis-

504 607 634 664 tatis
665 605 912 673 ratione;
965 620 1066 660 nec
1108 605 1263 675 juxta
1299 605 1554 661 ordinem
1574 603 1780 672 'Aaron,
1829 602 1925 658 sed
1966 617 2074 672 qua

505 701 720 756 ratione
749 699 966 755 divinus
998 697 1224 760 Paulus,
1248 699 1399 769 regni
1430 697 1721 768 Evangelia
1747 696 2073 766 delungens;

501 808 589 857 ac,
615 793 765 848 sicut
808 808 1037 861 magnus
1093 793 1184 846 ille
1231 789 1474 860 pontifex
1503 788 1667 844 Jesus
1691 790 1948 844 Christus
1973 802 2073 858 pro

497 902 601 942 suo
630 887 837 956 populo
859 888 1079 942 victima
1099 885 1311 950 factus,
1337 899 1638 955 precesque
1666 874 1927 947 oli'ereus,
1960 896 2068 936 non

495 983 668 1037 semel
725 982 786 1036 in»
831 997 976 1037 anno
1033 983 1086 1036 in
1130 983 1336 1038 sanctis
1361 988 1680 1036 sanctorum
1709 975 2073 1043 versabatur;

499 1073 593 1128 sed
633 1074 972 1129 incessanter
1000 1073 1229 1144 spirit-ali
1278 1083 1442 1143 atque
1476 1071 1709 1128 caelesti
1750 1069 1916 1125 altari.
1942 1083 2071 1140 pro-

498 1166 796 1237 pinquans,
833 1166 958 1221 inde
983 1166 1146 1221 nobis
1176 1165 1408 1221 salutem
1437 1174 1730 1235 operatur.

571 1259 644 1313 ln=
670 1240 795 1314 eum
861 1261 1101 1322 modum,
1133 1258 1332 1313 nedum
1379 1256 1559 1312 Moses
1585 1255 1862 1326 Theologo
1891 1269 2073 1310 exeme-

499 1351 649 1422 plum
673 1351 925 1417 efﬁcitur,
953 1362 1141 1405 verum
1192 1353 1356 1406 etiam
1397 1353 1576 1406 Aaron
1604 1366 1621 1406 :
1654 1349 1708 1403 in
1744 1347 1890 1419 quod
1925 1348 2085 1417 aspi-i

500 1443 672 1503 ciens.
702 1454 964 1512 quantum
999 1444 1198 1500 veritas
1242 1444 1488 1499 umbram
1523 1445 1697 1514 ipsam
1729 1443 1898 1512 ﬁgura
1929 1441 2077 1496 desi-

502 1545 755 1605 gnautem
797 1535 1073 1604 praecellit,
1111 1543 1346 1599 tantum,
1367 1535 1630 1598 arbitror,
1673 1533 1786 1588 illis.
1813 1532 2076 1588 illustrior

500 1625 806 1679 ostenditur
857 1640 918 1681 ae
943 1623 1254 1694 perfectior.
1282 1625 1424 1691 Quid
1447 1624 1606 1679 vero?
1640 1623 1743 1690 Qui
1768 1624 1861 1678 sie
1881 1625 2085 1678 herum;

499 1715 744 1774 imitatus
771 1719 968 1784 vitam,
989 1718 1122 1772 adeo
1157 1717 1223 1773 iis
1249 1719 1499 1787 superior
1536 1717 1843 1786 clariorque
1867 1715 2079 1780 eluxit;-

2176 601 2518 655 restitueret.-

2246 691 2418 746 Porro
2444 700 2502 745 ut
2529 685 2973 758 auspicatissimo
3017 681 3244 739 exordio
3289 678 3525 736 delatum
3565 677 3741 750 impe-

2173 782 2317 838 rium
2344 781 2530 846 iniret,
2553 782 2667 835 duo
2701 779 2813 846 hac
2853 785 2913 833 ut
2944 786 3280 847 exsequatur
3309 773 3597 844 diligenter
3624 773 3746 828 eni-

2174 875 2330 930 titur.
2352 873 2612 941 Quaenam
2668 870 2801 927 illa?
2833 869 2902 925 Ut
2941 883 3138 939 nempe
3160 866 3499 923 oecu'menica
3535 865 3748 936 synodo

2171 965 2368 1022 Nicmaa
2401 965 2656 1020 Patribus
2693 965 2911 1021 decreta
2953 959 3307 1029 conﬁrmans,
3350 973 3474 1030 qua
3524 972 3748 1013 succre-

2173 1067 2365 1113 verant
2388 1058 2667 1113 haeresum‘
2683 1057 2950 1112 novitates
2973 1053 3368 1126 exstingueret,
3396 1051 3627 1122 litesque
3657 1064 3750 1105 ec-

2173 1151 2514 1208 clesiasﬁcas
2539 1151 2870 1221 dispelleret.
2900 1147 3026 1205 Haec
3045 1147 3224 1219 Magni
3247 1143 3536 1202 Theodosii
3571 1143 3748 1214 prima

2173 1244 2387 1300 consilii
2417 1245 2601 1310 ratio;
2635 1255 2694 1298 ut
2746 1252 2928 1298 autem
2977 1241 3300 1314 Gregorium
3348 1240 3404 1294 in
3433 1237 3749 1294 Constanti-

2173 1338 2491 1408 nopolitaua
2528 1337 2656 1392 sede
2684 1336 3008 1400 collocaret,
3023 1335 3076 1390 id
3106 1334 3185 1388 illi
3237 1330 3561 1388 secundum,
3586 1343 3745 1399 opus,

2175 1431 2316 1486 nihil
2341 1431 2858 1502 prioreimpar,aut
2887 1428 3180 1499 quidquam
3219 1425 3440 1496 segnius
3475 1433 3745 1478 curatum.

2247 1523 2544 1594 Gregorius
2575 1534 2789 1589 autem,
2821 1521 2913 1593 qui
2935 1522 3176 1576 animum
3225 1515 3377 1572 omni
3411 1512 3747 1584 superiorem

2173 1617 2472 1675 ambitione
2515 1615 2783 1677 haberet,
2844 1612 3193 1684 patentisque
3259 1608 3564 1667 visceribus
3618 1620 3743 1675 erga

2175 1724 2392 1782 gregem
2419 1707 2647 1764 ali‘ectus
2674 1715 3172 1774 esset,concessam
3195 1701 3414 1773 quidem
3446 1697 3738 1753 Ecclesiam

499 1826 628 1864 num
648 1809 1033 1878 aseqneutium
1053 1811 1440 1879 prophetarum
1483 1809 1932 1880 atqnejustorunt
1952 1805 2081 1862 imi-
2106 1878 2121 1880 ᾗ
2177 1803 2574 1859 libentissimus
2601 1801 2835 1872 recepit;
2863 1800 3001 1854 inire
3021 1807 3201 1853 autem
3246 1794 3454 1862 sedem,
3487 1794 3734 1849 hactenus

499 1899 953 1954 tatiuncdelccit?
980 1878 1075 1954 aut
1109 1878 1247 1955 alios
1275 1900 1491 1970 quidem
1518 1896 1648 1954 aliis-
1662 1878 1864 1954 virtute
1894 1899 2076 1954 claros
2104 1878 2148 1935 Β
2175 1896 2476 1954 diﬂ‘erebat.
2495 1894 2974 1959 Posteatan:en,-vi
2995 1892 3214 1963 quidem
3231 1929 3249 1958 ,
3271 1900 3328 1945 at
3349 1890 3515 1945 cessit
3547 1885 3735 1941 nihilo-

499 1991 740 2046 itnitatus
771 2002 1004 2056 est,.non
1025 1991 1152 2046 item
1183 1992 1674 2048 alios?automnes
1701 1991 1941 2062 quidem,
1973 1990 2081 2046 alia

497 2099 610 2154 quo
630 2095 808 2138 tamen
824 2085 1164 2155 prmripicnte
1177 2087 1431 2156 palmam,
1452 2086 1739 2155 ipsumque
1749 2084 2080 2153 superante!

499 2183 596 2229 aut
627 2174 850 2244 paribus
882 2174 1060 2228 modis
1089 2174 1343 2229 virtutem
1374 2174 1584 2246 gessit?
1606 2184 1699 2228 aut
1729 2174 1924 2245 exiguo
1958 2189 1988 2228 a
2015 2188 2088 2230 se-

499 2266 808 2331 interVallo,
851 2266 1203 2337 proximeque
1232 2269 1500 2322 secundas
1537 2266 1751 2322 virtutis
1781 2267 2087 2323 referentes

501 2359 626 2414 illos
674 2359 928 2431 reliquit?
964 2359 1182 2413 Minime
1216 2360 1478 2429 gentium.
1508 2355 1610 2425 Qui
1655 2358 1800 2413 enim
1853 2357 2074 2430 Moysen

505 2450 783 2521 prophetis
811 2450 1087 2517 omnibus,
1114 2467 1178 2507 ac
1210 2452 1277 2507 iis
1313 2451 1406 2524 qui
1445 2452 1590 2524 leges"
1623 2454 1884 2519 tulerunt,
1915 2452 2078 2523 longe

506 2549 878 2615 praestantem,
939 2540 1078 2596 adeo
1134 2542 1446 2610 antecellit;
1491 2551 1699 2613 quanto
1743 2529 1915 2614 magis
1945 2544 2075 2598 reli—

502 2619 664 2703 quos
690 2632 1037 2690 abundantia
1083 2635 1498 2704 magnificentia:
1542 2635 1728 2706 gratim
1767 2634 2077 2706 superabit?

506 2724 705 2778 Verum
736 2725 803 2780 ad
835 2739 898 2780 ea
929 2741 1052 2795 quae
1080 2727 1340 2780 continua
1389 2729 1532 2782 serie
1582 2727 1650 2781 ad
1683 2727 1802 2793 eius
1830 2723 1951 2782 vita:
1989 2743 2078 2781 ra-

503 2816 670 2872 tionis
702 2826 1112 2872 monumentum
1134 2829 1599 2890 spectant.opcra:
1617 2821 1849 2890 pretium
1881 2819 2084 2875 iterum

503 2910 819 2964 orationem.
838 2909 1182 2965 reducamus.

575 3000 794 3055 Interim
822 2997 1085 3073 Gregorio
1116 3001 1558 3073 hisce-impenso,
1590 3019 1655 3059 ac
1676 3004 1805 3059 dum
1831 3015 2084 3063 errantes

502 3093 723 3164 quidem
767 3108 900 3150 oves
955 3096 1169 3150 reducit
1208 3095 1513 3166 “;.quaarit
1552 3106 1732 3152 autem
1757 3113 1878 3167 qua:
1905 3099 2080 3168 periec

503 3195 650 3254 rant,
679 3188 1038 3245 ao-contritas
1065 3189 1273 3260 alligat,
1313 3189 1389 3244 uti
1440 3204 1612 3246 sacrae
1639 3191 1936 3261 prophetiae
1963 3207 2079 3247 ver-

493 3279 589 3334 bis
628 3279 902 3349 proditum
931 3289 1060 3336 est:
1090 3280 1506 3352 virentibusque
1567 3283 1801 3338 collocat
1837 3285 2079 3354 pascuis,

505 3384 570 3427 ac
601 3386 744 3427 verze
771 3369 1097 3429 refectionis
1127 3388 1267 3444 aqua
1319 3373 1518 3430 educat
1539 3373 1618 3442 "';
1641 3376 1900 3446 omnique
1941 3375 2079 3446 (tum

504 3450 628 3535 quae
675 3463 1063 3521 adactionem
1115 3481 1427 3536 moresque,
1471 3475 1583 3522 tum
1631 3483 1755 3538 qua:
1791 3469 1859 3523 ad
1919 3467 2079 3525 tidem

504 3554 762 3624 pertinet)
821 3565 1080 3625 tanquam
1139 3557 1308 3611 herba
1357 3557 1608 3613 lethifera
1667 3568 1848 3630 atque
1894 3561 2078 3628 noxia,

507 3646 653 3715 ipsas
689 3645 979 3716 iniquitate
1024 3662 1239 3715 arcens,
1266 3664 1431 3719 super
1478 3652 1704 3706 semitas
1741 3652 1892 3707 ducit
1922 3651 2082 3721 justi-

507 3729 638 3803 tiac;
701 3753 768 3794 ac
816 3738 934 3810 lege
990 3743 1192 3807 sancit,
1228 3755 1336 3794 non
1392 3750 1799 3812 tcmporancatn
1831 3745 2081 3816 corporis

505 3831 972 3900 emundationem,
1009 3833 1104 3888 sed
1135 3848 1329 3889 sensus
1364 3836 1545 3889 carnis
1577 3836 2078 3902 mortiﬁcationem;

507 3935 683 3989 neque
706 3920 868 3974 ritum
901 3937 1013 3992 quo
1068 3922 1414 3978 immolandas
1460 3924 1779 3980 animalium
1819 3927 2078 3993 victimae,

505 4013 772 4082 ostendit;
810 4015 904 4069 sed
934 4014 1168 4084 Spiritus
1189 4015 1630 4084 vivilicatiouem,
1659 4034 1778 4087 quae
1805 4035 1899 4089 per
1921 4021 2078 4075 ﬁdem

505 4107 758 4172 exsistit;
792 4123 856 4162 ac
887 4109 1030 4163 velut
1065 4109 1277 4178 sagittis
1309 4110 1662 4165 solertissime
1688 4111 2079 4168 Auomoeorum

507 4197 668 4253 corda
719 4197 862 4262 ferit,
920 4199 1179 4266 veltttque
1230 4198 1581 4254 lucidissimis
1635 4200 1839 4265 radiis,
1890 4216 2080 4256 sacro-

508 4291 710 4346 sanctis
747 4291 1012 4347 doctrinis
1037 4291 1177 4357 suis,
1213 4295 1398 4348 electis
1433 4291 1607 4348 lucem
1659 4296 1974 4364 praetendit;
2013 4297 2082 4352 de

510 4395 726 4454 repente
754 4385 982 4440 solvitur
1036 4385 1256 4456 ruitque
1296 4388 1561 4456 tyrannis,
1597 4402 1659 4442 ac
1708 4389 1942 4459 legitima
1977 4389 2080 4443 im-

509 4477 642 4544 perii
687 4487 930 4546 potestas
983 4476 1335 4545 designatur;
1395 4493 1459 4533 ac
1511 4479 1804 4549 impiorum
1862 4482 2078 4552 quidem

2176 1990 2360 2046 minus
2398 1988 2781 2058 episcoporum
2825 1986 3001 2054 votis,
3045 1999 3170 2040 cum
3214 1983 3446 2041 aliorum
3473 1979 3747 2051 plurium,

2176 2089 2290 2139 tum
2311 2082 2618 2138 Antiochia;
2635 2081 2919 2153 praesulis;
2955 2077 3138 2150 magni
3167 2076 3377 2133 scilicet
3399 2075 3545 2130 illius
3590 2073 3748 2127 Hele-

2176 2176 2382 2246 tii,4qui
2415 2175 2583 2230 multa
2618 2173 2827 2244 pridem
2879 2188 2945 2228 ac
2992 2180 3210 2227 strenua
3233 2169 3434 2233 sanctae
3462 2165 3757 2222 Trinitatis

2175 2284 2341 2325 causa
2400 2267 2573 2323 l'ertur
2613 2267 2912 2322 desudasse
2959 2265 3286 2320 certamina.
3326 2260 3498 2332 Hujus
3533 2259 3742 2316 divinis

2173 2361 2419 2433 iudiciis,
2451 2359 2717 2431 pronique
2769 2357 3115 2428 imperatoris
3164 2356 3218 2412 id
3267 2355 3525 2411 enitentis
3575 2353 3648 2420 vi,
3681 2368 3746 2409 ac

2178 2455 2436 2509 lideliutn-
2487 2452 2687 2513 civium
2747 2451 2972 2507 adactus
3029 2448 3536 2516 obsecrationibus;
3614 2448 3759 2519 quin'

2176 2545 2374 2600 divinis
2429 2545 2616 2615 potius
2660 2543 2970 2612 obsequens
3003 2542 3245 2607 nutibus,
3291 2541 3358 2596 ad
3399 2542 3634 2606 celsam,
3651 2555 3748 2611 pro

2178 2639 2440 2696 antistitis
2477 2652 2707 2693 munere
2726 2636 3062 2706 praelationis
3093 2635 3298 2702 sedem,
3333 2633 3612 2692 evehitur.
3637 2632 3748 2688 Lu-

2177 2746 2341 2786 cerna
2375 2745 2540 2801 super
2583 2729 2970 2785 candelabrum
3014 2728 3274 2784 sublimis
3307 2727 3638 2796 collocatur;
3685 2743 3751 2782 ac

2179 2822 2538 2892 praedicator,
2615 2817 2895 2892 speculam
2965 2820 3339 2877 sublimiorem
3415 2819 3747 2891 aggreditur.

2179 2914 2329 2980 Quid
2353 2913 2516 2968 vero?
2535 2928 2603 2968 an
2630 2927 2753 2982 qua:
2772 2920 2992 2983 praestat
3018 2912 3237 2980 regibus
3252 2918 3312 2967 ut
3336 2920 3560 2982 regnent
3585 2926 3748 2982 super

2179 3015 2406 3074 terram,
2432 3021 2497 3062 ac
2542 3007 2791 3078 tyrannis
2832 3016 2892 3060 ut
2919 3005 3268 3061 dominentur
3307 3014 3466 3060 terra:
3491 3004 3557 3069 ⁸’,
3593 3003 3748 3058 beata

2181 3102 2421 3157 Trinitas
2441 3142 2456 3166 ,
2494 3099 2947 3171 suscitatque-de
2976 3107 3120 3154 terra
3163 3097 3404 3169 inopem,
3430 3107 3495 3152 ac
3521 3097 3589 3152 de
3609 3103 3750 3152 ster—

2181 3210 2310 3250 core
2345 3195 2521 3250 elevat
2544 3207 2838 3265 pauperem
2867 3191 2935 3257 ”,
2972 3207 3082 3246 non
3113 3190 3274 3246 etiam
3304 3189 3742 3260 probatissimum

2155 3278 2158 3282 ’
2183 3287 2473 3354 famulum,
2508 3285 2751 3357 ipsisque
2778 3285 2941 3340 rebus
2960 3282 3406 3354 perfectissimum
3435 3280 3736 3350 praesulem,

2181 3378 2237 3433 in
2271 3377 2548 3448 poutilicia
2586 3377 2712 3431 sede
2739 3374 3069 3431 collocaret?

2251 3472 2500 3524 Atnemo
2529 3467 2827 3539 illegitime,
2862 3477 3161 3537 contraque
3188 3481 3254 3522 ac
3292 3478 3444 3522 sacra
3489 3459 3745 3518 Ecclesia:

2182 3563 2368 3632 regula
2390 3570 2650 3617 statutum
2669 3561 2866 3626 est,ad
2885 3561 3097 3616 tertiam
3116 3575 3240 3614 eum
3263 3560 3555 3615 arbitretur
3579 3565 3755 3610 trans-

2182 3654 2311 3710 ferri
2336 3651 2714 3713 sedem-Nam
2764 3668 2943 3725 neque
2984 3667 3046 3708 ea
3084 3668 3176 3709 res
3219 3652 3506 3707 translatio
3531 3659 3636 3712 est,
3657 3651 3749 3705 sed

2179 3748 2394 3813 electio,
2451 3747 2736 3817 primaque
2787 3761 2850 3801 ac
2906 3745 3064 3800 unica
3115 3744 3167 3798 in
3204 3743 3340 3800 urbe
3374 3753 3601 3816 augusta
3655 3757 3754 3812 pro

2181 3840 2420 3910 episcopi
2451 3839 2739 3910 dignitate,
2774 3845 2938 3909 atque
2992 3852 3217 3892 munere
3252 3837 3398 3894 sedis
3440 3837 3748 3892 cellocatio.

2180 3926 2316 3981 Nam
2352 3927 2498 3997 quod
2531 3928 2708 3998 primo
2731 3926 2988 3994 Sasimis,
3039 3927 3116 3982 uti
3155 3927 3426 3994 dicebam,
3468 3926 3750 3997 praefectus

2180 4026 2282 4081 est,
2336 4015 2390 4071 id
2428 4018 2609 4070 solum
2661 4017 3020 4087 promotionis
3059 4032 3227 4072 causa
3262 4016 3384 4078 fuit,
3414 4032 3540 4072 cum
3584 4031 3755 4087 neque

2181 4105 2364 4160 sedem
2394 4106 2679 4175 receperit,
2717 4119 2818 4159 nec
2875 4106 3102 4160 omnino
3131 4104 3243 4159 illic
3281 4103 3639 4168 ordinaverit,
3673 4104 3753 4156 ul-

2181 4185 2360 4254 iamve
2392 4200 2675 4271 mysticam
2705 4197 3061 4253 initiationem
3094 4213 3195 4268 pro
3226 4198 3488 4255 antistitis
3509 4197 3754 4269 partibus

2181 4292 2566 4360 celebraverit;
2592 4291 2737 4361 quod
2773 4306 2966 4361 nempe
2997 4291 3209 4346 viculus
3241 4290 3306 4346 ad
3341 4289 3752 4346 sustentandam

2180 4386 2546 4458 episcopalem
2577 4386 2759 4444 sedem
2787 4394 2935 4440 esset
2986 4385 3210 4441 omnino
3243 4385 3480 4455 ineptus.
3515 4381 3754 4438 Nazian-

2182 4493 2372 4534 zenam
2405 4487 2584 4533 autem
2618 4478 2934 4532 cathedram
2966 4477 3242 4544 quondam
3279 4476 3581 4540 curavisse,
3626 4487 3749 4529 cum

508 4577 748 4640 potestas
777 4569 992 4638 penitus
1022 4569 1350 4635 eliminatur,
1380 4571 1590 4642 piorum
1627 4584 1806 4628 autem
1838 4576 2081 4644 reliquiae
2112 4585 2157 4641 υ
2182 4582 2336 4642 pater
2375 4570 2523 4626 illius
2575 4571 2868 4640 episcopus
2895 4578 3044 4624 esset
3072 4584 3088 4622 :
3119 4577 3176 4624 at
3216 4583 3326 4623 non
3353 4567 3475 4637 eius
3507 4576 3752 4623 creatum

508 4661 759 4716 ﬁduciam
796 4671 1051 4724 sumunt;
1087 4663 1464 4718 haereticorum
1500 4668 1692 4721 merito
1719 4668 2072 4736 supercilium

506 4754 836 4821 detrahitur,
897 4755 1102 4826 Deique
1153 4757 1354 4826 pepulo
1408 4772 1576 4811 cornu
1624 4758 1818 4814 salutis
1844 4761 2080 4814 suscita-

507 4857 596 4903 tur
623 4848 669 4880 ³⁸
719 4858 883 4919 atque
935 4849 1204 4918 exsurgit,
1253 4849 1546 4919 impetator
1589 4851 2076 4916 clementissimus,

507 4941 882 5010 malorumque
913 4940 1040 4994 odio
1099 4942 1578 5009 propensissimns.
1621 4939 1693 5005 is,
1734 4942 1846 4996 duo
1876 4945 2079 5012 optima

505 5051 690 5089 secum
721 5033 1038 5097 constituit;
1069 5043 1125 5086 ut
1147 5050 1358 5102 nempe,
1377 5035 1466 5103 qui
1485 5036 1678 5090 trinam
1701 5038 2072 5092 monarchiam

504 5140 748 5182 evertere
785 5129 1110 5193 viderentur,
1145 5130 1401 5199 probrum
1436 5137 1640 5182 honore
1675 5139 2074 5187 comminantes

504 5229 798 5286 everteret;
829 5219 919 5290 qui
952 5231 1131 5275 autem
1169 5220 1284 5289 pari
1323 5220 1549 5285 honore,
1581 5229 1830 5275 naturam
1867 5223 2074 5279 honore

507 5329 690 5383 parem
721 5323 944 5381 ,.atqtte
996 5315 1256 5381 a-qualem
1295 5327 1457 5380 supra
1487 5328 1649 5381 quam
1694 5313 2029 5371 honorarent
2055 5357 2070 5381 ,

505 5419 669 5476 atque
719 5407 1000 5469 colerent,
1052 5406 1260 5459 honore
1303 5415 1557 5472 exceptos
1609 5406 1860 5476 erigeret,
1912 5417 2076 5479 atque

503 5515 602 5554 eos
625 5501 718 5570 qui
750 5500 907 5555 sedes
941 5499 990 5552 vi
1012 5496 1414 5563 inscenderant,
1442 5499 1666 5565 spretim
1688 5500 2031 5558 submoveret
2054 5520 2070 5568 ;

2176 4680 2298 4720 esse
2330 4663 2670 4733 episcopum,
2724 4671 2817 4718 aut
2860 4662 3043 4717 sedem
3094 4661 3241 4716 illam
3286 4674 3526 4731 unquam
3561 4675 3754 4715 susce-

2177 4757 2343 4826 pisse.
2392 4754 2580 4810 Solum
2635 4764 2814 4808 autem
2860 4752 3039 4807 Patris
3096 4754 3313 4807 hortatu
3356 4767 3421 4806 ac
3455 4751 3636 4820 jussu,
3697 4757 3757 4803 ut

2179 4847 2339 4904 sacri-
2379 4846 2662 4901 ministerii
2721 4845 2993 4900 defectum
3039 4834 3321 4912 impleret.
3371 4846 3452 4900 sic
3499 4842 3757 4899 Ecclesia:

2177 4957 2366 4995 curam
2405 4940 2733 5009 stiscepisse,
2783 4948 2840 4993 ιιι
2864 4949 3096 4994 senecta:
3137 4937 3394 5000 fulcrum,
3425 4952 3487 4992 ac
3518 4946 3756 5006 paternae

2181 5033 2570 5089 imbecillitatis
2627 5031 3061 5089 sustentaculum
3122 5031 3359 5086 audiret.
3408 5028 3486 5084 lta
3531 5043 3756 5096 vero_se

2181 5145 2293 5184 rem
2317 5129 2540 5193 habere,
2562 5129 2726 5183 etiam
2762 5145 2824 5184 ex
2857 5129 2923 5184 iis
2964 5128 3316 5200 perspicuum
3351 5135 3457 5192 est,
3480 5140 3604 5195 qua:
3634 5123 3754 5193 ipse

2180 5223 2248 5276 ad
2276 5221 2598 5293 Gregorium
2636 5223 2738 5276 sibi
2781 5221 3161 5292 cognominem
3193 5220 3386 5274 scribit
3423 5220 3560 5290 (14),
3607 5216 3756 5270 Inter

2180 5333 2355 5371 omnes
2402 5319 2589 5372 etenim
2620 5327 2824 5372 constat
2881 5334 2960 5370 me
3013 5331 3134 5371 πων
3158 5314 3450 5376 Nazianzi,
3484 5315 3573 5368 scd
3604 5312 3745 5367 Sasi-

2181 5425 2385 5462 rnorum
2427 5410 2719 5464 antistitem
2748 5419 2982 5462 creatum
3014 5406 3220 5476 fuisse;
3269 5405 3477 5459 tametsi
3504 5406 3557 5459 in
3582 5403 3753 5470 patris

2184 5503 2549 5564 reuerentiam,
2579 5513 2627 5552 et
2657 5516 2862 5563 eorum,
2911 5499 3000 5568 qui
3037 5501 3294 5568 supplices
3332 5498 3425 5550 hoc
3456 5513 3487 5549 α
3519 5512 3597 5549 me
3626 5510 3756 5548 cun-

615 5634 662 5665 ”
694 5632 837 5705 Psal.
868 5647 1012 5693 κων,
1045 5631 1104 5695 8;
1130 5628 1292 5705 llebr.
1319 5645 1363 5705 _t_,
1497 5629 1570 5705 _"
1597 5629 1764 5705 Eccli:
1803 5648 1923 5696 xcv,
1954 5634 2039 5690 10.

2187 5634 2384 5691 Ezech.
2420 5652 2606 5701 xxxiv,
2630 5635 2683 5702 4,
2709 5636 2741 5691 5
2766 5651 2920 5705 seqq.
2995 5633 3039 5666 ⁸⁷
3065 5633 3208 5688 Psal.
3248 5647 3386 5700 χχιι,
3409 5631 3464 5686 2.
3541 5630 3584 5663 ³⁸
3615 5615 3749 5684 Luc.

503 5721 543 5774 I,
570 5706 659 5760 69.
737 5705 779 5733 ³⁸
804 5701 963 5766 Prov,
999 5717 1120 5765 tvm,
1158 5701 1242 5754 is.
1316 5703 1362 5732 ⁸ο
1393 5700 1533 5757 Psal.
1565 5716 1696 5766 cxu,
1731 5703 1780 5755 7.

577 5841 689 5910 (tt)
725 5820 889 5910 Epist.
926 5839 1167 5895 Billiante
1195 5840 1323 5894 edit.
1354 5840 1442 5894 ta.
