4150 6298
473 403 582 472 477

1183 403 1465 468 ORATIO
1501 405 1626 467 XX.
1678 431 1730 442 -ο
1770 403 1858 467 IN
1912 404 2229 470 LAUDEM
2265 408 2329 470 S.
2360 407 2743 472 GREGOBII
2765 409 3043 473 TBEOL.

3639 412 3757 481 478'

477 515 778 577 tenuerunt,
803 512 872 566 ad
908 509 1058 567 breve
1080 519 1303 582 tempus,
1341 513 1495 582 quasi
1525 514 1756 584 hospites
1788 514 2068 586 prodetur-
2099 517 2142 573 A
2170 517 2482 576 celebrante
2506 518 2572 582 ⁸³,
2605 517 2862 588 frequens
2890 518 3178 586 conﬂuxit;
3215 528 3322 577 nec:
3337 520 3418 579 sic
3442 520 3600 593 plena
3622 531 3750 585 ante

475 622 591 660 ram
615 605 963 671 suscepimus.
993 601 1150 668 Quod
1191 603 1356 673 igitur
1391 613 1546 674 pater
1579 605 1864 662 mortalem
1889 607 2058 661 vitam

473 698 656 754 divina
689 704 1150 760 commutavcrat,
1174 705 1456 752 vacantem
1509 697 1622 767 jam
1661 698 1942 753 inventum
1977 698 2062 754 di-

472 792 598 845 vina
648 789 889 859 Spiritus
947 789 1141 859 gratia,
1177 788 1408 859 vitaeque
1439 803 1502 843 ac
1527 790 1790 846 doctrinae
1818 791 2062 848 humana

472 883 680 954 majore
731 882 1043 952 prasstantia
1113 891 1296 952 postea
1367 882 1736 936 clarissimum
1783 883 2059 948 effectum,

475 977 531 1030 in
559 975 712 1030 urbis
741 986 988 1042 augustae
1031 975 1170 1039 solio
1195 984 1460 1045 quantum
1497 976 1672 1031 oculis
1699 978 2058 1047 conspicuum

473 1069 956 1135 erat,.eonstituit;
989 1079 1253 1138 quantum
1281 1075 1464 1123 autem
1496 1069 1678 1124 animo
1709 1071 2059 1137 aspectabile,

474 1164 624 1218 urbis
657 1173 928 1218 terrarum
953 1164 1158 1218 bonum
1204 1161 1512 1228 Pastorem,
1551 1178 1919 1234 magnumque
1961 1181 2068 1219 au-~

477 1255 700 1312 tistitem
733 1256 980 1326 praeﬁcit.

521 1351 739 1420 ,Operte
801 1352 1033 1421 pretium
1105 1359 1286 1406 autem
1350 1362 1411 1406 ut
1463 1368 1566 1407 nec
1595 1352 1774 1422 ipsum
1808 1350 2062 1406 ineunda

474 1444 922 1499 sedis-taceamus
964 1441 1210 1498 modum.
1260 1442 1560 1513 Postquam
1613 1446 1758 1496 enim
1813 1442 2069 1496 divinum.

475 1537 604 1591 illud
634 1551 701 1590 ac
747 1535 1000 1604 salutare,
1030 1544 1355 1606 praeceptum
1413 1547 1577 1604 atque
1624 1537 1902 1590 decretum
1935 1550 2060 1603 pcr-

472 1629 756 1699 vulgatum
787 1635 874 1682 est
913 1624 1032 1681 fore
1059 1625 1394 1697 Tiieoiogut‘n
1420 1628 1473 1682 in
1500 1633 1628 1682 sede
1655 1627 2056 1696 collocandum;

474 1719 699 1792 perinde
729 1736 859 1775 vero
904 1735 970 1775 ac
992 1720 1162 1784 dicas,
1199 1735 1364 1789 quam
1405 1722 1472 1791 is
1516 1720 1839 1774 Trinitatem
1889 1720 2064 1773 Deum

2163 624 2289 665 eum
2329 626 2439 666 uno
2464 613 2631 666 totius
2659 610 2848 681 populi
2897 621 3168 666 conventu
3203 612 3390 669 Davidi
3428 625 3625 670 coacta
3657 628 3751 669 ce-

2160 700 2383 758 lebritas
2414 711 2515 766 est,
2538 713 2818 765 tum,cum
2853 710 3061 758 arca‘ut
3089 703 3400 773 quiesceret
3446 705 3620 760 locata
3647 703 3751 760 fuit

2161 805 2325 864 atque
2363 795 2647 864 ἀεικείην
2676 810 2739 848 ae
2803 795 2856 850 in
2913 794 3006 848 illo
3043 795 3288 867 ingressu
3337 797 3628 853 conﬂatam
3664 796 3747 854 fe-

2162 887 2400 952 runt";
2446 901 2641 955 nempe
2701 885 2966 958 Gregorio
3001 889 3186 944 sedem
3221 888 3478 946 adeunte.
3511 891 3583 948 lis
3626 891 3750 960 qui~

2163 981 2283 1035 dem
2313 981 2405 1051 qui
2442 989 2585 1035 recta
2629 979 2908 1051 fulgebant
2961 981 3086 1045 fide,
3116 981 3240 1037 talis
3288 982 3508 1052 quidam
3550 997 3749 1037 cursus

2165 1091 2229 1128 ac
2255 1074 2512 1127 alacritas
2567 1080 2716 1140 erat;
2762 1083 2820 1127 at
2851 1088 3036 1143 neque
3075 1075 3453 1129 haereticorum
3494 1087 3687 1144 agmen
3717 1091 3748 1130 a

2164 1166 2442 1220 communi
2469 1164 2556 1219 illa
2589 1165 2771 1234 populi
2811 1165 3218 1235 glomeratione'
3261 1167 3471 1222 aberat.
3503 1167 3748 1221 Aderant

2165 1266 2371 1320 autem,
2395 1269 2561 1328 atque
2608 1256 2700 1312 alii
2732 1256 2955 1327 quidem
2995 1259 3144 1314 intus
3185 1258 3371 1314 animo
3401 1259 3606 1313 invidia
3632 1257 3749 1314 dis-

2163 1349 2522 1418 secabantur;
2564 1368 2666 1408 nec
2707 1363 2886 1412 tamen
2919 1337 3256 1423 pravitatem
3292 1355 3347 1408 in
3388 1350 3564 1408 locem
3618 1368 3749 1423 pro-

2165 1445 2452 1510 ferebant;
2497 1444 2587 1498 alii
2639 1460 2804 1502 more
2843 1455 3050 1501 canum
3109 1445 3164 1500 in
3220 1439 3432 1500 rabiem
3473 1445 3603 1510 acti,
3634 1445 3748 1516 jam

2164 1539 2330 1593 modis
2356 1537 2500 1592 avidi
2536 1537 2766 1602 iur-uere,
2803 1547 2980 1608 atque
3000 1552 3197 1593 necare
3222 1536 3627 1605 incitabantur;
3654 1539 3750 1594 sed

2166 1629 2257 1685 Dei
2303 1632 2517 1686 occulta
2565 1646 2753 1695 manu,
2788 1638 3098 1701 cunctaque
3141 1643 3522 1696 conservante,
3561 1629 3752 1686 furens

2165 1723 2253 1776 ille
2279 1737 2468 1776 eorum
2503 1723 2740 1792 impetus
2776 1719 3149 1777 inltilieb'aiur.
3193 1723 3371 1793 Atque
3412 1719 3487 1777 illi
3521 1723 3742 1794 quidem

470 1816 835 1888 pmdicabat;
888 1813 1068 1870 videre
1118 1825 1238 1868 erat
1294 1817 1605 1871 universam
1664 1812 2055 1884 propemodum
2088 1855 2135 1914 Β
2168 1817 2416 1884 insidias,
2473 1826 2679 1881 strues,
2731 1817 2921 1872 turbas
2965 1829 3030 1871 ac
3073 1813 3395 1881 seditiones,
3430 1810 3752 1884 innoxiique

468 1910 635 1966 simul
671 1917 1005 1970 creaturam,
1031 1907 1177 1962 illius
1207 1907 1616 1980 sublimationis
1638 1922 1769 1977 ergo
1836 1921 1899 1961 ac
1932 1921 2058 1976 pro-

471 2000 741 2058 vectionis
759 2014 942 2055 seciam
965 1999 1138 2069 ipsam
1175 1998 1585 2055 moveri.-Tunc
1606 1996 1775 2063 enim,
1803 1997 2058 2061 arbitror,

475 2095 742 2150 calorum
804 2093 1038 2148 virtutes
1105 2107 1331 2157 omnes,
1386 2100 1613 2157 mento,
1673 2090 2058 2156 iinmatcriate,

479 2185 774 2256 inaspecte,
827 2193 1168 2254 praeeuntes,
1219 2191 1536 2253 sequentes,
1603 2183 1911 2254 stipantes,
1966 2197 2064 2251 pro

481 2292 644 2334 sacro
675 2275 840 2334 divini
891 2275 1153 2347 praesulis:
1198 2275 1448 2345 ingressu
1481 2276 1726 2343 jucunde
1759 2272 2060 2344 applaude-

481 2372 614 2426 bant
673 2388 689 2424 :
751 2385 943 2427 omnes
1015 2369 1371 2441 profanorum
1439 2369 1748 2424 daemonum
1829 2374 2058 2434 turmae,

479 2471 746 2533 quotquot
776 2461 978 2518 aeriam
1003 2461 1277 2532 regionem
1310 2461 1676 2527 circumeunt,
1711 2475 1776 2514 ac
1794 2466 2063 2530 quotquot

476 2552 653 2610 locum
687 2560 845 2609 terrae
899 2554 1236 2609 vicinioreur
1261 2555 1492 2624 adeptae,
1543 2551 1645 2606 hoc
1683 2552 1784 2606 sibi
1817 2551 2059 2606 studium

474 2656 685 2722 ponunt
705 2655 764 2704 ut
796 2647 1081 2702 hominum
1102 2662 1277 2718 genus
1302 2646 1591 2711 seducunt,
1624 2643 1834 2698 interna
1864 2643 2062 2698 festiue

473 2741 700 2808 latibuia
757 2741 1036 2807 subibant,
1098 2753 1221 2794 cum
1280 2739 1542 2794 micantia
1600 2738 1769 2792 divini
1823 2737 2062 2807 Spiritus

472 2831 707 2906 fulgetra
751 2848 859 2888 non
928 2831 1154 2887 ferrent.
1175 2830 1382 2885 'Omnis
1425 2845 1567 2885 vero
1608 2832 1823 2900 piorum
1859 2830 2057 2885 civium

471 2935 675 2987 cretus,
697 2923 840 2980 ﬁdeli
876 2925 1188 2994 imperatori
1219 2941 1284 2980 ex
1328 2924 1449 2979 fidei
1479 2923 1679 2995 pietate
1707 2937 1911 2984 comes,
1943 2936 2060 2975 mo-

473 3021 836 3092 numentique
891 3020 1115 3074 maximi
1153 3003 1506 3074 festivitatem
1555 3017 1819 3073 antistitis
1849 3017 2072 3087 ingres-r

473 3128 596 3169 sum
629 3114 862 3177 ducens,
898 3111 1181 3183 splendide
1225 3125 1507 3182 ovansque
1532 3111 1587 3166 in
1623 3125 1833 3167 sacram
1859 3113 2062 3180 pariter

471 3207 645 3266 adem
679 3205 1040 3277 irrumpebat.

548 3298 797 3355 Vidisses
850 3299 1015 3368 igitur
1074 3297 1187 3354 illic
1240 3297 1422 3369 populi
1490 3296 1727 3351 universi
1791 3299 2059 3366 plausus,

474 3391 720 3447 victoriae
755 3391 1002 3456 cantica;
1028 3406 1093 3448 ac
1121 3391 1323 3461 quibus
1363 3388 1497 3454 Deo,
1523 3390 1722 3458 quibus
1745 3389 2062 3458 imperatori

480 3494 660 3553 grates
688 3486 1121 3540 exsolverentur.
1159 3482 1400 3539 Vidisses
1426 3483 1588 3536 viros.
1606 3483 1854 3549 feminas,
1881 3497 2060 3548 senes,

484 3571 701 3646 pueros,
732 3593 944 3642 servos,
982 3577 1168 3640 heros,
1231 3575 1512 3629 hominum
1560 3583 1776 3630 :etatem
1817 3590 2063 3641 omnem,

489 3681 651 3722 omne
676 3669 901 3724 instituti
942 3684 1114 3738 genus
1139 3667 1230 3737 qui
1260 3667 1584 3730 solitariam,
1646 3667 1850 3737 quique
1905 3667 2067 3736 vulgo

487 3761 670 3814 tritam
697 3763 855 3816 vitam
883 3771 1124 3830 agerent,
1144 3756 1461 3816 Sacerdotes
1498 3775 1562 3814 ac
1589 3760 1776 3823 laicus,
1819 3775 1882 3814 ex
1913 3759 2063 3815 omni

478 3850 658 3907 ferme
689 3851 998 3918 hominum,
1027 3852 1172 3922 quod
1213 3852 1316 3907 sub
1345 3851 1486 3908 cmlo
1512 3859 1618 3912 est,
1655 3868 1881 3922 genere,
1919 3851 2064 3908 haud

476 3961 646 4006 sectis
673 3962 742 4004 ae
768 3947 1032 4003 ﬂuctuum
1062 3947 1430 4017 eruptionem,
1452 3945 1813 4010 confluentes,
1834 3945 2066 4000 influen-

475 4050 582 4109 t‘es,
620 4050 951 4114 praeeuntes,
985 4049 1362 4104 occursantes,
1395 4039 1763 4110 impellentcs,
1794 4039 1849 4092 in
1872 4040 2066 4094 adver-

475 4147 600 4191 sum
630 4134 894 4206 pellentes
925 4147 992 4188 ac
1022 4132 1114 4203 qui
1149 4131 1501 4202 pellerentur,
1523 4128 1820 4200 gaudentes
1850 4143 2065 4196 omnes,

479 4241 675 4284 omnes
700 4225 1015 4296 gestientes,
1031 4225 1278 4296 jucunde
1303 4237 1496 4279 omnes
1516 4224 1724 4288 animo,
1757 4221 2070 4293 bonumque

480 4327 757 4375 certamen
798 4328 1094 4374 certantes.
1132 4315 1213 4373 Ne
1252 4316 1476 4388 quidem
1533 4315 1834 4386 virginibus
1867 4314 1950 4369 i'as
1988 4313 2072 4368 vi.-

485 4411 714 4468 debatur
746 4422 818 4466 ut-
837 4426 994 4467 sacro
1025 4411 1099 4465 illi
1152 4409 1475 4480 spectaculo
1519 4409 1795 4464 deessent.
1829 4409 1907 4464 Ac
1938 4423 2071 4462 vero

485 4505 590 4569 lite,
619 4506 845 4561 honesta
882 4506 1151 4576 gravitate
1199 4515 1423 4575 opertae,
1479 4518 1635 4558 sacra
1683 4502 1876 4558 festive
1909 4510 2061 4572 septa

485 4594 828 4655 invadebant.
864 4571 1090 4655 (iunctis
1115 4571 1394 4654 certamen
1425 4606 1561 4659 erat,
1601 4597 1800 4668 piaque
1837 4571 2062 4652 conten-
2092 4571 2138 4632 ί)

481 4691 580 4756 tio,
636 4692 727 4748 alii
770 4701 831 4748 ut
858 4692 1156 4748 antistitem
1190 4707 1358 4762 prope
1404 4692 1724 4756 accederet;
1762 4690 1872 4755 alii,
1908 4699 1966 4744 ut
1997 4691 2063 4747 iis

475 4785 572 4856 qui
609 4800 777 4856 prope
826 4786 1158 4840 accedebant
1187 4801 1219 4840 θ
1250 4784 1430 4841 vicino
1457 4783 1810 4848 succederet;
1847 4784 1961 4849 alii,
2003 4793 2064 4839 ut

474 4878 558 4933 vel
586 4879 827 4944 eminus,
856 4877 1142 4948 ingressus
1191 4878 1416 4941 videret,
1477 4877 1625 4933 velut
1677 4878 1808 4932 hinc
1843 4892 2062 4947 quoque

472 4971 826 5026 commodum
863 4969 1066 5041 aliquid
1095 4978 1451 5039 percepturus
1467 4981 1633 5024 esst-.t.
1658 4969 1889 5023 Animus
1915 4970 2063 5023 enim

470 5061 599 5118 ﬁdei
635 5076 830 5127 sensu,
860 5062 909 5117 ei
936 5062 1027 5133 qui
1058 5063 1311 5117 creditur
1337 5070 1517 5116 mente
1550 5061 1898 5132 conjunetus,
1931 5061 2063 5115 dum

471 5155 559 5213 vel
586 5155 709 5227 ejus
741 5155 994 5211 umbram
1019 5157 1206 5226 procul
1248 5155 1581 5223 Speculando
1613 5155 1928 5220 adverterit,
1962 5171 2065 5212 cu-

472 5247 703 5320 piditate
755 5249 957 5319 agitur,
993 5251 1188 5320 gestit,
1237 5249 1499 5318 omnique
1543 5248 1727 5303 studio
1758 5249 1825 5305 ad
1879 5250 2058 5320 ipsum

473 5343 752 5397 contendit
787 5359 801 5396 :
840 5357 904 5396 ac
937 5341 1085 5395 velut
1113 5341 1349 5410 quodam
1413 5341 1636 5410 majoris
1676 5341 1931 5396 amicitiae
1963 5336 2061 5396 sti-

475 5436 643 5500 mulo,
677 5443 972 5505 conspeclu
1030 5449 1185 5498 usus,
1246 5448 1480 5500 corpore
1547 5435 1734 5500 etiam,
1769 5443 1827 5489 ut
1865 5433 1935 5489 ita
1972 5447 2067 5490 res‘

477 5526 632 5592 ierat,
656 5529 884 5586 enititur
912 5541 1096 5582 amato
1121 5527 1404 5596 conjungi.

551 5621 666 5677 Non
727 5623 814 5677 sic
851 5620 1112 5676 Iudaicus
1159 5620 1287 5675 olim
1336 5619 1569 5690 populus
1602 5619 1748 5674 circa
1797 5621 2057 5690 templum

471 5711 1050 5791 Hierusolymitanum,
1113 5720 1409 5778 Salomone
1448 5720 1846 5777 dedicationem
1898 5720 2044 5776 illius

538 5895 580 5927 “
604 5894 646 5952 ll
671 5895 911 5965 Par.vn,
935 5897 989 5953 8.
1065 5898 1108 5930 "
1141 5897 1185 5953 ll
1211 5897 1342 5970 Reg.
1370 5914 1442 5967 vr,
1482 5898 1528 5954 ι.

2163 1909 2452 1978 sanguinis
2491 1907 2825 1964 etfusionern-
2866 1907 3068 1964 animis
3108 1909 3465 1978 cogitabant;
3506 1905 3752 1961 Trinitas

2162 2013 2344 2055 autem
2420 2001 2647 2070 (quippe
2714 2001 2846 2056 boni
2912 2001 3130 2070 amans)
3186 1999 3530 2055 defensorem
3585 2015 3747 2054 suum

2162 2111 2226 2148 ac
2262 2103 2746 2164 propugnatorem,
2805 2095 2874 2148 ab
2912 2092 3072 2148 omni
3121 2100 3296 2147 tutum
3336 2091 3582 2162 nequitia
3628 2105 3752 2147 ser-

2162 2186 2342 2240 vabaL
2761 2204 2763 2206 ·

2234 2276 2478 2333 Vidisses
2508 2276 2661 2332 illinc
2699 2276 2958 2346 utrinque
3005 2274 3429 2344 congressiones
3467 2273 3606 2339 fieri,
3646 2256 3777 2344 pu~r

2160 2376 2411 2443 g‘nasque
2443 2369 2732 2432 committi,
2768 2367 3051 2423 Auoinoeis
3101 2368 3330 2432 scilicet,
3383 2374 3644 2435 tanquam
3684 2363 3763 2419 ad-

2163 2466 2313 2534 ipsos
2344 2473 2675 2532 spectantes,
2723 2461 2997 2517 ECCICsEtlS
3027 2459 3445 2515 vindicantibus-
3481 2458 3572 2531 (iis
3604 2460 3749 2513 enim

2163 2560 2256 2628 qui
2295 2558 2526 2627 longiori
2550 2567 2792 2626 tempore
2820 2554 3186 2625 possederint,
3206 2552 3353 2610 volsi
3389 2549 3753 2622 iniustissima

2163 2651 2444 2720 possessio
2491 2649 2586 2712 sit,
2643 2649 2786 2704 haud
2857 2663 2984 2702 raro
3019 2663 3084 2702 ex
3117 2644 3376 2702 continua
3407 2642 3753 2700 solummodo

2162 2744 2492 2809 detentione,
2528 2743 2810 2797 hominum
2842 2739 3050 2812 judicio
3080 2750 3196 2795 rata
3247 2738 3384 2795 ﬁdes
3417 2735 3750 2806 succurrit);

2163 2836 2448 2892 llomousii
2507 2843 2694 2890 autem
2755 2832 3137 2890 defensoribus
3195 2831 3422 2888 easdem
3477 2829 3756 2886 mordicus

2165 2929 2545 2994 retinentibus,
2580 2929 2728 2982 velut
2752 2928 2846 2996 qui
2889 2942 3097 2983 recens.
3119 2926 3222 2982 Dei
3263 2933 3425 2990 nutu,
3459 2924 3645 2995 piique
3674 2921 3758 2977 fa-

2173 3038 2310 3078 vore
2330 3021 2701 3092 imperatoris,
2730 3019 3011 3093 Tlieologo
3054 3020 3262 3088 optimo
3296 3028 3659 3088 praeceptore,
3691 3032 3762 3073 ac

2162 3125 2449 3180 testatore,
2467 3130 2567 3171 ceu
2599 3111 2836 3184 legitima
2865 3111 3319 3169 haereditateillas
3344 3109 3524 3180 adepti
3549 3115 3752 3165 essent.

2086 3215 2132 3272 c
2235 3210 2482 3266 Vidisses
2514 3209 2625 3264 illic
2667 3223 2886 3264 sacrum
2941 3206 3083 3267 illud
3125 3204 3509 3274 melosreipsa
3547 3202 3754 3273 prasti-

2165 3314 2317 3369 tum,
2374 3313 2596 3370 nempe,
2655 3298 2790 3366 justi
2839 3298 3062 3368 quidem
3115 3311 3292 3353 cornu
3336 3295 3636 3351 exaltatum
3699 3295 3756 3349 in

2163 3398 2369 3467 gloria;
2424 3400 2737 3465 peccatores
2790 3403 2973 3447 autem
3023 3392 3395 3455 videntes,“
3437 3388 3755 3454 irascentes,

2164 3493 2220 3542 et
2248 3487 2544 3542 stridentes
2585 3486 2861 3551 dentibus,
2896 3503 2971 3541 ae.
3021 3485 3369 3556 tabescentes
3390 3498 3418 3546 ;.
3453 3496 3757 3552 eorumque

2163 3578 2396 3644 periisse
2426 3577 2696 3633 desideria
2726 3579 2794 3630 ¹δ³.
2826 3577 2954 3631 Non.
2974 3577 3120 3630 enim
3172 3574 3419 3629 futurum
3449 3580 3659 3629 eratut
3695 3574 3751 3626 in

2168 3674 2391 3742 longum
2423 3681 2643 3741 tempus
2672 3669 2885 3726 falsitas
2918 3668 3278 3724 reluctaretur
3339 3680 3403 3720 ac
3437 3664 3754 3730 obsisteret,

2167 3782 2344 3837 neque
2373 3775 2433 3820 ut
2465 3764 2707 3818 veritatis
2739 3761 3029 3818 adversum
3061 3776 3121 3816 se
3156 3759 3420 3815 aciemad
3447 3767 3754 3812 extremum

2167 3860 2508 3914 sustineret:
2541 3856 2637 3910 sed
2676 3855 2819 3908 sicut
2874 3854 3097 3907 hiberna
3137 3859 3449 3920 tempestas,
3486 3849 3601 3904 sive
3623 3847 3758 3901 bru-

2169 3952 2310 4006 male
2351 3950 2544 4020 frigus,
2598 3949 2788 4018 procul
2849 3947 3033 4001 adhuc
3085 3954 3340 3999 morante
3397 3943 3535 4009 sole,
3589 3951 3760 4011 atque

2167 4043 2461 4100 australem
2520 4048 2772 4097 versante
2819 4041 3001 4105 τιίίειιηἰ
3045 4039 3154 4094 late
3209 4038 3373 4107 viget,
3425 4050 3761 4104 omnemque

2167 4135 2498 4206 constringit
2529 4148 2806 4200 naturam,
2831 4148 2897 4189 ac
2933 4133 3135 4204 premit
3166 4147 3179 4184 :
3211 4131 3304 4185 illo
3336 4138 3536 4184 autem
3563 4141 3763 4182 rursus

2167 4230 2316 4301 ipsas
2338 4228 2448 4298 jam
2481 4229 2550 4283 ad
2583 4228 2897 4298 aquilonem
2946 4226 3271 4281 decliviores
3304 4223 3588 4294 detegente
3627 4236 3759 4287 μευ-ο

2168 4332 2270 4383 t‘cs,
2294 4330 2460 4393 atque
2481 4321 2730 4376 aestivum
2749 4327 2977 4392 gyrante
3006 4317 3328 4379 solstitium,
3388 4313 3763 4383 clarioresque

2169 4428 2247 4467 ac
2296 4428 2447 4466 mora
2506 4410 2777 4465 ﬁrmiores
2830 4409 3011 4464 radios
3050 4407 3399 4470 iminittente‘,
3452 4405 3759 4468 incaleScit,

2173 4507 2508 4578 spiritusque
2575 4519 2656 4560 ac
2680 4505 2845 4559 vitam
2904 4503 3154 4568 resumit,
3185 4499 3452 4572 quidquid
3488 4499 3541 4552 in
3578 4490 3764 4552 "rebus

2163 4609 2265 4664 est,
2304 4614 2537 4669 vereque
2590 4599 2768 4653 laetius
2819 4597 3116 4660 diluet-nte,
3177 4595 3373 4649 bruma
3421 4591 3604 4652 facile;
3660 4589 3761 4642 i‘ri-

2170 4714 2382 4771 gusque
2449 4695 2714 4752 exolescit
2764 4709 2826 4749 ac
2885 4690 3240 4754 diSsolVilttt‘,
3294 4688 3472 4756 inque
3512 4684 3765 4739 internus

2162 4808 2415 4849 secessus
2463 4800 2640 4862 atque,
2696 4789 2929 4844 latebras
2975 4784 3220 4840 vicissim
3273 4779 3509 4851 cogitur.
3555 4777 3759 4833 Eodem

2165 4884 2279 4940 fere
2318 4883 2501 4949 modo,
2539 4873 2760 4954 gravem
2817 4881 2968 4935 illam
3011 4879 3306 4939 haeresum,
3340 4887 3405 4926 ac
3443 4886 3606 4941 quam
3642 4884 3760 4922 mo-

2170 4976 2368 5032 lestam
2434 4975 2745 5047 caliginem,
2817 4981 3106 5040 atramque
3159 4971 3562 5036 tempestatem,
3614 4960 3758 5015 haud

2177 5082 2337 5122 suetis
2359 5081 2418 5123 ac
2437 5048 2842 5122 crassissimum
2875 5063 3134 5124 hiemem,
3163 5059 3475 5126 nubemque
3496 5052 3760 5108 Ecclesiis

2170 5161 2430 5224 all‘usum,
2488 5175 2551 5215 ac
2612 5161 2823 5230 piorum
2878 5163 3218 5227 pren'ientem
3278 5149 3468 5215 corda,
3507 5145 3755 5217 Gregorii

2171 5269 2488 5313 Sermonem
2543 5253 2749 5318 radios,
2787 5251 2937 5307 velut
2968 5258 3006 5303 ε’
3029 5247 3167 5314 sole,
3207 5242 3504 5300 Clirisloili
3535 5256 3601 5294 eo
3639 5254 3758 5292 nia-

2170 5358 2332 5402 nente
2386 5346 2795 5418 promicantes;
2848 5338 3160 5411 clariusque
3216 5352 3280 5392 ac
3329 5336 3565 5390 lucidius
3597 5331 3756 5387 cliui-

2169 5449 2358 5512 gentcs
2395 5438 2712 5494 dissolvisse
2761 5450 2827 5492 ac
2870 5424 3337 5501 consumpsiSse';
3369 5442 3531 5498 atque
3570 5424 3753 5481 Eccle-

2165 5536 2262 5590 siae
2297 5532 2780 5588 lirmamentum‘in
2801 5539 3002 5586 statum
3027 5527 3135 5583 dici
3157 5526 3459 5598 fulgoribus
3484 5522 3746 5579 lucidum,

2164 5642 2228 5683 ac
2260 5626 2409 5698 pacis
2437 5627 2741 5683 claritatem
2786 5633 3212 5680 transmutasse.

2235 5717 2408 5789 Hujus
2436 5732 2566 5774 vero
2603 5724 2815 5773 certum
2851 5723 3242 5788 arguu'ieutum
3266 5754 3282 5781 ,
3315 5725 3379 5767 ac
3417 5705 3755 5778 conjectura,

1605 5893 1655 5930 ³³
1697 5895 1840 5955 Psal.
1873 5912 1984 5967 cxi,
2016 5897 2072 5965 9,
2107 5894 2194 5954 ιο.
