4134 6306
393 414 502 480 479

1560 412 1793 477 NICET
1819 416 1860 476 E
1904 415 2435 478 PAPHLAGONIS

3549 411 3661 476 480

396 540 522 595 quae
550 532 677 579 ante
710 537 926 577 sacrum
977 520 1129 576 illum
1162 521 1466 592 ingressum
1509 524 1563 578 in
1601 541 1780 579 aerem
1821 525 1991 580 ell‘nsa
2022 535 2066 586 Α
2101 527 2236 580 tatis
2296 526 2530 580 decretis
2593 523 2709 591 pari
2755 523 3076 581 trcdulitate
3117 523 3438 582 suhuittere
3487 527 3695 590 animo,

397 617 730 674 densissima
776 617 951 686 caligo
995 631 1059 670 ac
1086 616 1396 671 obscuritas
1427 625 1535 672 est.
1565 616 1636 670 At
1673 619 1763 672 ubi
1796 617 1984 673 Eccle-

396 713 534 765 siam
571 708 854 779 ingressus
873 718 977 775 est,
1012 710 1267 764 universa
1298 709 1517 764 civitate
1548 725 1613 763 ac
1658 711 1988 780 imperatore

399 815 508 854 una
564 800 802 863 comite,
838 799 1099 868 omnique
1157 799 1414 854 Ecclesiae
1470 810 1616 855 centu
1663 801 1991 855 decantante

402 893 624 946 laudum
681 892 921 957 cantica,
973 907 1038 948 ac
1072 891 1260 946 divino
1284 892 1529 947 antistite
1576 893 1629 946 in
1664 893 1793 948 sede
1816 893 1988 947 collo»

402 992 558 1048 cato,
589 993 1028 1054 cunctarumque
1069 986 1305 1039 vultibus
1344 986 1668 1054 praefervido
1724 985 1992 1057 lacryma—

405 1094 531 1131 rum
595 1078 772 1133 imbre
834 1078 1096 1148 perfusis,
1135 1079 1482 1148 compunctis
1516 1079 1721 1134 scilicet
1745 1080 1991 1132 omnium

408 1169 631 1235 animis,
670 1185 772 1225 nec
790 1179 998 1225 tantam
1033 1172 1284 1226 beneﬁcii
1326 1173 1430 1225 vim
1462 1173 1624 1226 siccis
1657 1174 1834 1227 oculis
1864 1190 1998 1228 sus-

409 1266 592 1330 cipere
652 1263 1008 1329 valentibus;
1042 1264 1129 1318 ubi
1161 1264 1398 1333 denique
1437 1265 1665 1327 clamor,
1713 1266 1994 1335 gaudium,

417 1352 820 1422 commistaquc
854 1355 1078 1408 tristitia
1112 1370 1178 1409 ac
1250 1356 1596 1424 supplicatio,
1635 1356 1873 1411 universi
1906 1371 2002 1423 po-

411 1445 524 1510 puli
566 1456 746 1513 gestu,
815 1445 1006 1501 habitu
1058 1462 1264 1516 oreque
1306 1447 1515 1516 erupit;
1555 1448 1785 1503 solvitur
1815 1449 2002 1504 statim

409 1535 740 1591 densissima
773 1536 862 1591 illa
895 1555 999 1591 nox
1081 1555 1146 1592 ac
1192 1539 1466 1606 tenebrat;
1524 1539 1727 1610 luxque
1758 1539 2006 1611 splendi-

413 1626 639 1682 dissima
671 1627 958 1682 confertim
1014 1628 1298 1697 ellulgens,
1332 1631 1715 1685 luereticorum
1777 1630 2002 1701 quidem

417 1733 546 1788 spes
591 1719 645 1772 in
714 1720 1010 1776 obscurum
1044 1722 1237 1786 trudit,
1273 1721 1488 1792 piorum
1538 1731 1718 1777 autem
1764 1724 2009 1794 exceptis

410 1813 735 1881 corporibus
761 1813 925 1867 etiam
957 1815 1203 1869 animum
1257 1815 1507 1869 claritate
1538 1815 1800 1884 perfudit.
1841 1833 2007 1872 exsu-

2092 635 2273 688 operae
2311 621 2542 688 pretium
2575 620 2866 674 ducebant.

2136 711 2224 766 Sol
2251 725 2304 766 et
2331 714 2480 777 luna,
2497 713 2670 766 oculis
2686 713 2905 782 quidem
2927 710 3246 782 conspicua.
3267 712 3696 782 haudquaquam

2092 819 2256 860 cursu
2293 804 2519 857 inhibita
2548 812 2696 859 sunt.
2745 802 3022 870 Quorsum
3047 804 3195 858 enim
3227 802 3253 858 2
3280 813 3336 858 at
3372 807 3466 874 qui
3499 815 3680 860 mente

2095 898 2175 952 sol
2211 897 2556 966 intelligitur,
2589 913 2698 952 non
2724 897 2912 963 semel,
2965 895 3060 952 sed
3086 895 3142 951 in
3186 908 3554 966 perpetuum,
3601 914 3696 952 sn-

2095 989 2248 1044 blimi
2277 989 2396 1058 ejus
2428 989 2620 1050 menti,
2661 1002 2728 1042 ac
2767 987 2967 1043 coelum
3023 987 3338 1057 pet-vadenti
3372 988 3642 1044 assistens
3673 990 3691 1039 ἱ

2096 1085 2231 1151 quin
2265 1092 2318 1136 et
2354 1082 2475 1152 ejus
2524 1081 2806 1151 sapientia?
2851 1097 2974 1151 qua:
3017 1082 3203 1137 saeculi
3248 1097 3354 1136 usu
3406 1092 3697 1152 praestatur

2101 1170 2438 1226 lucidissima
2479 1173 2663 1242 specie
2691 1170 2836 1225 velut
2875 1170 3016 1225 lunae
3067 1171 3234 1241 jubar
3273 1170 3560 1242 ell‘ulgcns,
3609 1170 3693 1225 vi-

2047 1325 2050 1328 ,
2107 1272 2314 1316 ctorcm
2371 1262 2638 1317 adversus
2693 1260 2787 1316 Dei
2836 1262 3043 1326 hostes,
3098 1276 3165 1318 ac
3222 1261 3678 1331 triumphatorem

2106 1353 2274 1408 facit:
2310 1351 2512 1423 quibus
2543 1354 2662 1408 neci
2690 1351 2858 1415 datis,
2880 1368 3044 1423 quam
3072 1351 3428 1424 possederant
3452 1363 3682 1418 terram.

2107 1458 2305 1513 nempe
2343 1443 2665 1507 Ecclesiam,
2698 1444 3052 1512 possessione
3081 1444 3216 1498 adit.

2179 1534 2449 1599 Possidet,
2523 1536 2774 1606 inquam,
2839 1536 3062 1605 aditque
3119 1534 3525 1601 bzereditatem,
3586 1553 3696 1594 non

2108 1643 2230 1698 qua:
2273 1625 2507 1690 dilllnat,
2551 1636 2712 1697 atque
2749 1626 2911 1683 facile
2940 1627 3256 1695 dilabatur;
3291 1629 3386 1684 sed
3418 1630 3696 1697 stabilem,

2111 1726 2277 1785 atque
2335 1719 2402 1769 ad
2460 1716 2707 1771 l'nturnm
2753 1720 3016 1773 saeculum
3071 1720 3552 1790 commigrantem,
3596 1738 3693 1779 nec

2113 1823 2232 1860 eam
2271 1808 2536 1861 duntaxat
2587 1824 2710 1876 quae
2741 1808 2795 1861 in
2834 1809 3015 1871 terris,
3055 1819 3220 1880 atque
3256 1811 3433 1867 oculis
3472 1813 3686 1881 conspi-

417 1912 642 1971 pcrante
671 1905 930 1959 mmstitia
967 1906 1020 1958 in
1041 1905 1438 1975 iucunditatem
1485 1905 2000 1975 nimiumqnantam

2122 1912 2206 1952 tua
2255 1910 2384 1964 est;
2418 1899 2515 1953 sed
2572 1916 2667 1968 per
2711 1915 2858 1960 eam,
2908 1900 2978 1955 ad
3027 1903 3310 1956 cash-stem
3350 1900 3687 1968 Jerusalem,

417 1992 666 2057 cedente,
727 2003 893 2063 atque
953 2010 1243 2050 conversa.
1291 1993 1385 2049 Sic
1423 1995 1680 2049 nimirum
1715 1994 2006 2064 Dominus,

419 2086 884 2153 quemadmodum
921 2102 1034 2148 eos,
1070 2087 1164 2157 qtti
1195 2087 1374 2156 ipsum
1397 2088 1726 2153 clariﬁcant,
1758 2090 2010 2144 claritate

418 2191 642 2246 augere,
664 2177 746 2233 sic
774 2178 870 2248 qui
893 2189 1181 2248 spernunt,
1205 2194 1466 2250 spernere
1485 2181 1794 2235 consuevit.

483 2311 855 2368 Admirandus
881 2313 1103 2384 quidem
1127 2313 1312 2376 Jcsus.
1337 2315 1558 2372 lsraelis
1579 2316 1706 2371 belli
1745 2317 1857 2372 dux
1892 2315 2015 2373 Ilo~

417 2405 495 2460 sis
521 2405 644 2460 loco
689 2415 928 2471 creatus,
992 2407 1252 2476 siccoque
1302 2408 1533 2478 vestigio
1591 2424 1716 2462 cum
1753 2409 2014 2464 omnibus

419 2498 594 2565 copiis
622 2495 862 2552 Jordanc
898 2499 1230 2554 transmisso
1257 2498 1343 2563 “;
1384 2510 1548 2569 atque
1581 2501 1850 2558 adversus
1882 2517 2014 2572 gen-

420 2597 505 2642 tes
557 2603 822 2658 regesque
854 2586 1190 2644 fortissimos
1241 2590 1512 2645 instructa
1563 2593 1706 2659 acie,
1762 2594 2016 2663 belloque

425 2688 797 2746 comparatus.
826 2681 907 2735 sic
941 2680 1228 2736 incruenta
1283 2682 1513 2737 victoria
1549 2686 1825 2739 evertebat
1853 2685 2019 2756 quid-

427 2773 560 2841 quid
590 2773 934 2836 incurrisset,
966 2791 1033 2829 ac
1072 2791 1172 2842 par
1192 2785 1313 2829 erat
1343 2786 1634 2839 everteret,
1673 2792 1739 2832 ac
1765 2793 2016 2845 pessum-

421 2865 600 2927 daret,
635 2879 798 2932 quem
837 2864 1148 2921 Altitissimi
1200 2868 1421 2922 dextera
1443 2885 1566 2923 cum
1611 2869 1804 2938 primis
1836 2879 2020 2940 prote-

424 2955 604 3025 gebat.
644 2952 818 3011 Unico
851 2957 1110 3011 tu‘barum
1142 2957 1426 3026 clangore,
1466 2959 1852 3013 robustissima
1883 2974 2018 3015 con-

423 3064 590 3106 cussa
641 3051 844 3104 mtenia
883 3051 1223 3104 corruebant
1264 3060 1533 3120 :ttnnqne
1564 3052 1728 3106 nrbes
1772 3051 2016 3123 integrae,

427 3142 746 3208 civiumque
775 3140 960 3197 omnis
1011 3141 1257 3197 conferta
1303 3143 1596 3199 multitudo
1624 3145 2022 3201 cxscindeban-

2109 1989 2341 2044 liberam
2411 1991 2558 2044 illam
2613 1989 2659 2023 “
2716 1992 2736 2061 (
2785 1990 3190 2060 primitivorum
3251 1993 3463 2048 scilicet
3519 1994 3698 2050 Eccle-

2112 2084 2253 2136 siam
2286 2081 2332 2114 δ’
2363 2089 2379 2150 )
2406 2081 2724 2149 transiens;
2751 2098 2856 2137 non
2890 2084 3044 2138 solus
3072 2083 3208 2153 ipse,
3241 2085 3337 2140 sed
3367 2101 3494 2140 cum
3532 2099 3697 2152 coetu,

2112 2172 2384 2240 turbaque
2418 2172 2519 2241 ipsi
2562 2174 2788 2238 comite,
2841 2188 2941 2242 pro
2995 2186 3111 2227 rata
3144 2174 3419 2245 cujusque
3449 2177 3700 2234 laborum

2112 2264 2348 2329 ratione,
2390 2263 2640 2334 patribus
2663 2264 2934 2332 ascriptas
2971 2265 3320 2335 incorruptas
3355 2278 3533 2323 sortes
3570 2286 3697 2340 pos-

2113 2354 2376 2410 sidendas
2401 2353 2785 2424 consequitur.

2185 2447 2342 2504 Melle
2401 2464 2467 2504 ac
2502 2447 2643 2503 lacte
2697 2447 2867 2502 liuere
2906 2457 3108 2502 terram
3148 2447 3504 2517 promissam.
3553 2448 3706 2506 Scri-

2114 2551 2290 2613 pturae
2317 2555 2486 2596 sacrate
2508 2539 2821 2594 testimonio
2871 2541 3143 2606 proditnzn
3179 2549 3264 2594 est
3294 2540 3366 2577 ⁸⁸⁸
3395 2557 3413 2607 ;
3440 2541 3697 2611 Gregorii

2116 2644 2322 2702 autem,
2354 2634 2459 2688 mel
2481 2633 2726 2704 quidem,
2759 2632 3044 2703 theologia:
3073 2633 3304 2687 dulcedo
3330 2649 3346 2698 ;
3375 2634 3458 2688 Iac
3495 2647 3702 2698 autem,

2117 2728 2365 2784 doctrina
2422 2728 2536 2798 iugi
2593 2726 2753 2780 latice
2823 2741 3075 2780 manans.
3136 2726 3225 2778 νει
3289 2727 3394 2780 mel
3455 2729 3703 2798 quidem,

2117 2819 2338 2874 virtutis
2379 2833 2644 2888 operosus
2701 2816 2877 2881 labor,
2928 2832 3086 2886 quem
3136 2817 3450 2872 animorum
3502 2821 3702 2874 cultori

2121 2911 2294 2967 instar
2331 2914 2451 2982 apis
2495 2919 2917 2974 argumentosa,
2968 2911 3284 2980 laborisque
3339 2912 3706 2968 tenacissimas

2121 3004 2340 3060 abunde
2387 3003 2772 3073 suppeditabat
2819 3003 2955 3067 ;lac
3005 3018 3159 3068 vero,
3219 3002 3588 3072 largissimus,
3639 3022 3709 3062 ac

2121 3097 2217 3167 qui
2249 3097 2486 3151 maxime
2514 3095 2811 3150 nutriendo
2834 3102 3005 3160 esset,
3038 3110 3356 3150 sermonum
3393 3098 3556 3152 latex.
3604 3096 3705 3153 llis

2123 3188 2295 3248 enim,
2344 3185 2566 3255 optimis
2610 3185 3088 3256 divinissimisque
3115 3190 3425 3244 rationibus
3456 3204 3700 3243 commo-

428 3234 1003 3346 ῗῗῗρΪηῘἾῖίῖὛῗἮῖ
1023 3249 1599 3346 ξῖιξῖδηξτπτριξεὶιξδηέ
1625 3235 1785 3346 ¹·ἶ⁰¹²ῗ’
1819 3240 2019 3293 ’⁸⁸⁸⁸³⁸³
2048 3259 2092 3317 ο
2123 3277 2253 3330 dum
2281 3275 2587 3332 Ecclesiam
2623 3277 2863 3346 regebat.

429 3325 619 3389 armis,
649 3325 744 3380 sed
765 3334 821 3379 et
867 3325 1009 3381 celo
1043 3325 1324 3397 lapsorum
1367 3326 1607 3397 lapidum
1658 3330 1831 3384 instar
1858 3346 2025 3401 gran-

430 3416 573 3470 dinis
604 3418 776 3471 imbre
797 3417 1145 3472 credebantur
1176 3419 1260 3484 “;
1292 3420 1426 3488 quin
1459 3430 1513 3474 et
1555 3422 1614 3486 ii,
1662 3425 2021 3492 praeeuntium

431 3523 722 3573 vesparum
776 3509 985 3563 aculeis
1039 3509 1107 3576 “,
1163 3510 1281 3565 dire
1327 3513 1726 3581 pnngebantur.
1761 3514 2028 3586 Quodque

434 3598 615 3668 majus
670 3615 735 3653 ac
779 3599 1131 3666 insolentius,
1177 3603 1259 3657 sol
1298 3604 1501 3667 stabat,
1547 3606 1678 3659 luna
1738 3605 2026 3661 inhibeba-

435 3702 525 3745 tur
554 3692 626 3757 ⁸⁷,
665 3693 956 3763 ipsumque
1007 3694 1207 3748 coelum
1275 3695 1460 3751 lsraeli
1512 3697 1702 3753 aderat
1747 3700 1871 3753 belli
1899 3701 2031 3754 sub-

437 3784 580 3840 sidio
636 3787 903 3842 adversus
969 3787 1290 3859 insipientes
1353 3790 1700 3862 depugnans.
1767 3791 1865 3848 His
1930 3793 2025 3847 Dei

434 3877 773 3947 providentia
831 3895 1076 3949 curaque
1148 3882 1370 3944 excisis,
1444 3899 1635 3939 eorum
1692 3888 2029 3944 substantias

436 3985 502 4024 ac
527 3970 820 4025 facultates
859 3972 911 4026 in
945 3971 1192 4027 funiculo
1214 3974 1644 4040 distributionis,
1675 3993 1771 4046 per
1803 3993 2028 4032 manum

433 4061 588 4125 Jesu,
642 4078 834 4118 eorum
895 4075 1120 4128 terram,
1152 4082 1218 4120 ac
1273 4067 1541 4138 quidquid
1591 4068 1814 4126 ditionis
1847 4069 2032 4126 fuerat

436 4156 753 4224 dividentis,
796 4159 1050 4229 partibus
1080 4158 1328 4217 adibant.

512 4294 811 4366 Gregorius
860 4306 1042 4351 autem
1085 4298 1195 4352 veri
1229 4295 1444 4353 lsraelis
1479 4315 1639 4354 sacra
1695 4300 2025 4371 praefectura

440 4389 780 4452 Concredita,
809 4391 958 4444 velut
989 4407 1150 4444 amne
1184 4391 1372 4461 rapido
1413 4393 1783 4462 glomerantes
1829 4410 2026 4464 aquas,

443 4482 688 4554 prolixas
717 4482 895 4538 stulte
941 4482 1234 4553 impiorum
1285 4499 1458 4553 nugas
1489 4485 1710 4539 innoxie
1743 4486 2030 4541 transmit-

447 4585 572 4631 tens
601 4592 618 4642 ;
651 4576 797 4648 quod
831 4583 888 4630 et
916 4575 1032 4646 ipse
1059 4578 1332 4631 excelsam
1364 4591 1588 4631 manum
1619 4577 1798 4632 valide
1838 4588 2026 4648 prote-

447 4679 662 4741 gentem
725 4669 986 4735 haberet,
1048 4678 1309 4739 tanquam
1373 4669 1624 4725 civitates
1682 4687 1746 4725 ac
1800 4671 2023 4742 oppida.

445 4761 759 4832 illegititnas
790 4762 1174 4817 litercticorum
1209 4761 1526 4817 sodalitates
1574 4773 1882 4832 erransque,
1912 4763 2023 4817 cla-

447 4856 667 4914 rissime
699 4854 1023 4911 sonantibus
1071 4869 1186 4910 suae
1238 4855 1527 4925 tbeologiae
1581 4855 1750 4917 tubis,
1805 4867 2027 4925 repente

447 4950 566 5007 solo
597 4949 854 5004 allidebat
880 4988 897 5011 ,
927 4948 1208 5018 fortesque
1235 4946 1701 5017 blasphemiarum
1733 4956 2022 5017 patronos,

448 5058 514 5100 ac
551 5042 849 5109 antistites,
878 5053 1142 5111 tanquam
1190 5057 1452 5098 saxorum
1488 5042 1712 5108 ictibus,
1744 5040 2032 5112 densaque

450 5139 743 5210 grandine,
797 5139 1118 5195 omlestibus
1173 5138 1352 5194 sensis
1407 5135 1838 5207 confringebat;
1889 5136 2037 5191 velut

454 5232 698 5301 denique
730 5233 904 5286 multo
933 5246 1223 5301 vesparum
1270 5229 1548 5292 examine,
1582 5216 1793 5285 crebris
1817 5244 2034 5284 sermo.

455 5341 586 5380 num
614 5339 841 5380 suorum
866 5324 1072 5380 aculeis
1093 5323 1374 5389 saucians,
1399 5323 1537 5378 alios
1560 5323 1784 5394 quidem
1808 5325 2040 5377 omnino

455 5417 780 5488 perimebat,
815 5427 1086 5488 quotquot
1117 5417 1326 5472 scilicet
1363 5417 1524 5486 longe
1570 5417 1808 5470 maxima
1868 5426 2038 5469 teme-

457 5509 619 5562 ritate
655 5509 790 5573 acti,
825 5505 1112 5576 praefracte
1139 5522 1262 5560 cum
1306 5505 1416 5561 Deo
1443 5521 1686 5576 pugnare
1715 5505 1988 5559 aus‘drant
2022 5522 2038 5571 ;

456 5600 594 5655 alios
626 5599 734 5653 vita
758 5599 998 5654 donabat
1026 5599 1248 5668 potiori,
1276 5609 1542 5668 quotquot
1576 5599 1726 5651 nimi'
1745 5617 1833 5652 ';.u
1884 5597 2032 5652 veri-

529 5805 575 5835 “
599 5802 763 5854 Joute
793 5821 828 5856 t.
862 5803 897 5854 Ξ

460 5875 505 5906 ⁸⁸
571 5875 741 5927 danti.
781 5890 855 5935 ut,
893 5875 944 5927 8ο

1030 5799 1275 5857 "Insue.
1331 5819 1387 5868 x,
1434 5802 1516 5856 ll.

2199 3369 2327 3424 llaec
2359 3371 2448 3424 ille
2494 3379 2622 3424 ante
2653 3369 2905 3439 adeptam
2946 3368 3156 3436 sedem,
3213 3369 3324 3425 lucc
3371 3377 3491 3440 post
3524 3373 3689 3426 etiam

2125 3462 2400 3533 adeptam.
2433 3463 2618 3517 studio
2649 3461 2864 3532 agebat.
2898 3459 3017 3516 Non
3060 3463 3208 3518 enim
3247 3463 3499 3533 requiem
3547 3463 3702 3519 labo-

2125 3569 2274 3621 rum,
2301 3554 2398 3609 sed
2443 3553 2814 3616 accessionem
2851 3570 3129 3618 curarum,
3164 3570 3452 3627 angorem,
3503 3556 3705 3611 sollici-

2129 3648 2402 3711 tudinem,
2438 3661 2505 3701 ac
2534 3645 2783 3699 laborum
2818 3646 3290 3715 exsuperantiam,
3327 3645 3708 3716 praefecturam

2128 3743 2386 3806 ducebat,
2420 3756 2584 3795 unam
2631 3755 2764 3796 vero
2807 3739 2977 3795 animi
3008 3739 3415 3810 iucunditatem
3463 3749 3709 3804 noverat,

2129 3834 2528 3905 discipulorum
2559 3833 2778 3902 pietatis
2809 3833 3113 3888 rationibus
3142 3833 3452 3904 profectum
3491 3850 3510 3898 ;
3544 3847 3711 3887 unam

2130 3929 2378 3996 corporis
2432 3928 2785 3983 refectionem
2863 3943 2928 3982 ac
2972 3927 3367 3990 laxamentum.
3433 3941 3716 3983 secessum

2130 4024 2196 4078 ad
2215 4024 2332 4080 loca
2349 4025 2419 4078 ab
2438 4022 2722 4077 hominum
2742 4038 2844 4078 usu
2897 4037 2963 4077 ac
2975 4021 3370 4077 consuetudine
3386 4021 3678 4077 remotiora
3698 4037 3717 4090 ;

2130 4115 2186 4170 in
2212 4114 2454 4184 seipsum
2479 4115 2859 4176 conversione,
2885 4113 3052 4167 animi
3077 4113 3356 4168 rationum
3376 4113 3716 4185 diligentiam

2133 4221 2198 4262 ac
2248 4221 2439 4261 curam
2473 4222 2488 4258 :
2521 4220 2631 4274 qua
2663 4204 2924 4259 nimirum
2978 4221 3134 4261 mens
3178 4205 3256 4259 illi
3301 4207 3367 4260 ad
3411 4205 3717 4261 altissimas

2131 4303 2424 4369 assurgens
2445 4298 2964 4369 contemplationes,
2990 4316 3157 4353 unam
3200 4299 3466 4355 Paraclcti
3518 4300 3714 4354 lubens

2133 4390 2368 4446 habebat
2388 4390 2814 4445 consolationen‘r
2835 4407 2849 4455 ;
2873 4391 3078 4459 reliqua
3105 4401 3287 4445 autem
3357 4391 3527 4446 animi
3568 4391 3721 4448 oble-

2131 4491 2492 4544 ctamenta,ac
2505 4483 2752 4550 corporis
2773 4483 3156 4547 relaxationes,
3175 4484 3540 4539 crassiorilms
3556 4493 3722 4553 atque

2150 4578 2218 4632 ad
2243 4578 2486 4646 corporis
2512 4577 2753 4630 rationes
2793 4578 2964 4646 magis
2988 4577 3342 4646 comparatis,
3377 4577 3717 4648 projiciebat.

2205 4653 2350 4721 Nam.
2374 4683 2499 4721 cum
2531 4666 2618 4720 liis
2648 4667 2844 4733 tribus,
2890 4668 3128 4722 hominis
3156 4669 3374 4722 animus
3403 4669 3584 4724 omnis
3630 4683 3724 4723 ca-

2136 4764 2314 4830 piatur
2339 4777 2405 4815 ac
2453 4761 2767 4823 insolescat,
2816 4775 3011 4826 nempe
3039 4761 3234 4830 gloria,
3261 4761 3491 4826 divitiis,
3556 4762 3721 4817 volu-

2138 4866 2284 4924 ptate
2314 4872 2328 4918 ;
2365 4870 2463 4908 nec
2513 4854 2694 4907 inanis
2726 4853 2910 4922 gloriae
2947 4853 3089 4908 fastu
3136 4869 3200 4908 ac
3244 4854 3500 4923 superbia
3523 4853 3724 4915 elatus.

2140 4946 2340 5000 utentis
2410 4944 2713 5000 rationibus
2780 4946 3102 4998 movebatur
3142 4961 3161 5008 ;
3196 4959 3294 4997 nec
3362 4945 3725 5013 pecuniarum
3787 4938 3795 4943 ’

2142 5056 2329 5093 amore
2373 5038 2673 5101 emollitus,
2725 5039 2912 5090 animo
2963 5036 3318 5105 capiebatur;
3351 5037 3554 5106 quippe
3600 5053 3726 5091 cum

2143 5147 2175 5186 a
2210 5133 2411 5186 teneris
2445 5132 2578 5198 ipsis
2611 5131 2885 5200 unguibus
2917 5130 3192 5196 ejusmodi
3222 5146 3407 5183 rerum
3440 5130 3723 5199 cupiditas

2143 5225 2325 5282 omnis
2354 5225 2428 5278 illi
2462 5224 2731 5280 exstincta
2755 5233 2917 5278 esset.
2954 5225 3030 5277 Ac
3057 5239 3230 5291 neque
3258 5225 3424 5294 (quod
3455 5224 3730 5292 plerisque

2149 5335 2250 5373 usu
2290 5319 2456 5388 venit)
2491 5317 2658 5371 variis
2699 5319 2905 5372 ventris
2939 5317 3317 5385 voluptatibus
3367 5319 3545 5370 victus
3591 5331 3731 5370 con-

2148 5411 2373 5466 cedebat
2409 5432 2420 5465 :
2459 5415 2550 5466 sed
2585 5415 2763 5467 omnis
2818 5413 2931 5481 jam
2988 5413 3110 5466 vitae
3135 5413 3401 5467 mollioris
3470 5428 3534 5467 ac
3575 5414 3734 5464 voln-

2151 5506 2316 5574 ptatis
2347 5506 2522 5576 fragili
2570 5506 2821 5574 ﬂuxaqne
2852 5506 3193 5574 iucunditate
3243 5520 3476 5559 excussa
3534 5509 3609 5566 ita
3652 5507 3735 5567 la.

2143 5597 2370 5651 boribus
2407 5613 2472 5652 ac
2496 5597 2792 5652 sudoribus
2817 5597 3032 5650 virtutis
3051 5611 3214 5650 causa
3243 5611 3364 5651 sese
3385 5597 3732 5660 cxcerccirat,

1624 5799 1670 5833 “
1702 5799 1830 5872 Sap.
1889 5814 1988 5864 sn,
2019 5796 2074 5852 8.
2147 5797 2192 5826 "
2219 5796 2400 5853 Iosue.
2443 5815 2495 5862 x,
2525 5799 2613 5851 12.
2687 5795 2733 5828 ’⁵⁸
2765 5794 2938 5850 Galat.
2971 5809 3041 5856 tv,
3074 5792 3162 5850 ‘26.
3224 5791 3267 5824 δ’
3299 5791 3460 5847 ilebr.
3492 5807 3607 5854 .xn,
3640 5790 3739 5846 23.
