4150 6298
371 283 465 353 481

376 504 487 544 cum
514 486 648 543 illud
692 483 961 556 proferre,
994 495 1219 555 propter
1260 485 1521 539 nimirum
1561 484 1655 540 Dei
1683 484 1953 541 lahiorum

379 594 671 643 sermones,
700 579 820 633 vias
842 592 903 633 se
933 580 1104 632 duras
1138 579 1451 635 custodisse
1479 578 1550 634 ⁸⁸.

439 671 539 725 Alii
572 669 794 738 quidem
818 669 922 723 alia
958 669 1132 724 functi
1162 670 1384 735 virtute,
1433 679 1528 724 aut
1568 670 1766 725 divina:
1783 670 1958 739 parti—

375 766 516 835 cipes
589 762 717 817 facti
782 762 994 830 gratiae,
1045 762 1220 816 solam
1286 759 1430 816 forte
1499 762 1735 830 quisque
1798 776 1955 817 suam

375 867 579 910 aetatem
613 852 878 908 bcnetieio
907 851 1123 908 allicere
1153 853 1321 907 velit:
1346 852 1645 922 Gregorius
1676 860 1861 907 autem
1903 854 1957 907 in

1087 281 1376 345 ORATIO
1410 283 1539 345 XX.
1564 311 1633 322 -
1671 284 1753 345 ΙΝ
1783 284 2096 345 LAUDEM
2150 282 2211 344 S.
2253 281 2637 345 GREGORII
2678 281 2958 345 THEOL.

374 405 424 450 ut
455 392 533 449 illi
581 404 749 463 quam
799 390 1040 446 maxime
1099 402 1470 463 Opportunum
1533 403 1681 449 es~ct
1731 391 1953 446 Davidi-
1984 400 2030 456 Λ

3534 278 3651 346 482

2147 394 2283 446 Cum
2312 391 2649 445 laudatorias
2672 405 2736 445 ac
2761 402 2883 460 qua:
2904 390 2970 445 de
2998 388 3091 444 Dei
3123 388 3363 447 hominis
3394 389 3449 446 in
3484 406 3654 446 carne

2058 487 2277 556 negotio
2310 482 2438 539 sunt
2473 483 2753 539 orationes
2779 483 2919 554 lego,
2954 482 3153 554 quibus
3180 498 3365 539 sacras
3396 483 3654 539 solemni-

2063 589 2203 634 tates
2229 587 2479 641 exornat,
2530 576 2620 630 Dei
2657 590 2843 630 revera
2879 576 3108 631 vocibus
3146 575 3418 632 Ecclesiae
3453 575 3656 631 illumi-

2059 686 2216 735 nans,
2256 679 2420 740 atque
2452 669 2756 733 oblectans,
2787 684 2913 723 cum
2962 668 3072 722 Elia
3099 670 3153 723 in
3183 670 3383 725 coelum
3410 670 3561 725 levor
3581 670 3653 734 “,

2066 767 2339 837 igneaque
2367 764 2584 833 eloquia
2632 761 2776 817 haud
2810 777 2989 834 secus
3020 781 3086 819 ac
3120 763 3403 819 ﬂammeos
3457 779 3649 818 currus

2063 856 2414 917 inscendens,
2466 855 2722 910 sublimis
2750 855 2816 909 ad
2850 852 3142 909 Dominmn
3188 856 3350 911 tollor
3381 874 3393 909 :
3420 854 3651 926 ejusque

375 965 435 1004 eo
489 949 782 1009 laboravit,
842 956 1008 1016 atque
1052 963 1274 1017 operam
1326 948 1530 1016 posuit.
1581 953 1640 999 ut
1688 960 1797 1000 non
1846 960 1962 999 sua:
2061 948 2227 1003 etiam
2295 946 2574 1010 mclotem,
2641 962 2806 1018 quam
2871 945 3070 1003 Elisteo
3126 949 3340 1015 tribuit,
3406 949 3588 1019 cogito
3636 964 3651 1012 ;

380 1041 641 1095 duntaxat
677 1038 846 1105 aetati,
878 1040 974 1094 sed
1004 1048 1059 1094 et
1087 1038 1303 1093 cunctis
1344 1038 1510 1092 simul
1560 1033 1823 1106 deinceps
1872 1035 1960 1090 l‘n-

381 1133 519 1187 turis
583 1131 835 1185 divinam
903 1129 1134 1199 gratiam
1194 1129 1285 1183 Dei
1335 1126 1585 1196 exemplo
1638 1127 1959 1197 explicaret.

383 1225 563 1280 Sacris
628 1223 864 1294 eloquiis
938 1220 1182 1277 lluminis
1238 1221 1413 1277 instar
1473 1237 1539 1276 ex
1594 1218 1718 1290 ejus
1775 1218 1961 1289 lingua

382 1317 693 1381 liuentibus,
770 1314 1133 1382 doctrinaque
1200 1329 1294 1367 ore
1366 1312 1586 1375 tradita,
1656 1310 1726 1366 ad
1783 1311 1965 1382 ipsum

360 1411 644 1481 adeuntes
701 1422 982 1477 nunquam
1034 1406 1310 1463 demereri
1354 1408 1632 1472 cessabat,
1694 1420 1959 1476 arguens,

383 1505 693 1573 increpans,
720 1501 1017 1557 obsecrans
1045 1501 1118 1564 ",
1143 1501 1363 1571 pietatis
1391 1501 1626 1557 decretis
1648 1498 1715 1553 ad
1741 1499 1965 1568 sapien-

384 1600 509 1654 tiam
578 1611 943 1666 componens,
1041 1597 1395 1653 sermonibus
1461 1594 1710 1650 veritatis
1773 1602 1969 1662 aptans

2067 1040 2346 1111 quinimo,
2396 1054 2519 1109 quae
2578 1038 2655 1093 illi
2693 1053 2883 1096 comes
2928 1050 3032 1103 est,
3087 1039 3359 1108 duplicem
3415 1041 3653 1109 Spiritus

2066 1134 2324 1204 gratiam,
2342 1146 2451 1201 qua
2482 1130 2688 1185 nedum
2713 1130 3011 1200 impietatis
3030 1131 3234 1186 ﬂuento
3257 1131 3571 1186 inhibentur
3587 1130 3655 1195 “,

2071 1241 2261 1281 verum
2295 1226 2461 1278 etiam
2499 1224 2717 1278 steriles
2744 1224 2943 1278 anima:
2981 1222 3389 1280 fecundissima:
3412 1223 3653 1280 reddun-

2068 1327 2159 1375 tur
2189 1335 2203 1383 ;
2234 1332 2298 1373 ac
2328 1331 2452 1387 quae
2480 1332 2577 1387 per
2598 1316 2722 1372 lidei
2749 1319 3072 1387 pravitatent
3116 1317 3463 1383 interierunt,
3522 1332 3647 1374 crc-

2068 1411 2275 1467 duntur
2329 1409 2498 1463 vitam
2544 1408 2788 1477 recipere
2816 1409 2884 1463 “.

2141 1506 2276 1559 Cum
2323 1502 2637 1557 antistitum
2695 1500 2906 1565 laudes,
2963 1514 3028 1554 ac
3072 1508 3370 1573 martyrum
3400 1498 3509 1569 ;ad
3544 1500 3661 1555 lia-c

2071 1597 2260 1661 etiam,
2297 1610 2422 1666 quae
2477 1594 2650 1659 illius,
2706 1592 2953 1649 moribus
2993 1592 3345 1650 instituendis
3369 1593 3655 1647 'adhorta-

381 1704 542 1763 atque
596 1695 877 1748 instruens
903 1730 920 1755 ,
950 1704 1291 1760 cunctosque
1336 1690 1404 1745 ad
1449 1685 1963 1759 contemplationem
2001 1672 2046 1726 ³
2074 1690 2249 1746 tiones
2284 1696 2505 1745 exstant
2536 1704 2552 1755 ;
2579 1686 2778 1743 divinae
2808 1688 2932 1757 ejus
2960 1686 3246 1757 sapientia
3290 1686 3611 1741 varietatem
3641 1727 3659 1752 ,

382 1787 585 1860 pariter
642 1801 708 1841 ac
742 1785 1013 1839 actionem
1062 1782 1345 1853 expeditos
1408 1780 1690 1853 agilesque
1739 1777 1969 1833 reddere

382 1876 623 1932 maxime
665 1875 918 1942 cupiens.
948 1869 1295 1939 Conscriptis
1323 1878 1508 1924 autem
1543 1867 1721 1924 sacris
1771 1881 1967 1921 monuo

386 1970 585 2025 mentis
618 1966 835 2022 futuros
886 1962 1143 2032 deinceps
1189 1978 1285 2033 per
1325 1971 1515 2018 aetates
1560 1960 1878 2023 aedilicans;
1910 1957 1966 2012 in

390 2060 478 2128 iis,
510 2075 731 2115 eversos
750 2057 1088 2122 constabilit,
1121 2056 1309 2111 ﬁdeles
1326 2054 1619 2109 confirmat
1644 2068 1662 2122 ;
1692 2053 1789 2107 sed
1815 2060 1870 2106 ct
1907 2066 1973 2105 os

394 2168 560 2209 cunne
608 2153 859 2219 fremens,
906 2161 1001 2208 aut
1045 2151 1190 2223 quod
1232 2152 1473 2207 futurum
1514 2160 1622 2217 est,
1667 2156 1727 2204 ut
1769 2147 1969 2204 fremat

398 2244 547 2316 loqui
586 2246 847 2302 adversus
874 2244 1047 2301 Deum
1089 2244 1432 2317 iniquitatem
1459 2242 1527 2311 ",
1564 2242 1822 2299 obstruit.

469 2338 643 2395 Tanta
668 2354 791 2395 vero
812 2338 1077 2409 Gregorio
1103 2338 1281 2395 exacti
1303 2335 1599 2403 sermonis,
1633 2351 1699 2392 ac
1724 2332 1976 2389 veritatis

400 2445 554 2493 cura,
582 2444 708 2484 cum
740 2439 1050 2493 venustate,
1082 2428 1425 2493 incitatione,
1458 2427 1871 2499 perspicuitate,
1902 2440 1969 2480 ac

398 2523 677 2596 gravitate,
733 2532 793 2579 ut
840 2537 1154 2593 quanquam
1214 2521 1368 2577 inulti
1438 2521 1638 2591 sarpius
1693 2535 1724 2574 a
1776 2518 1982 2584 saeculo

398 2618 674 2671 orationes
708 2615 1163 2684 conscripserint,
1208 2624 1307 2670 aut
1342 2614 1560 2669 divinas
1601 2611 1981 2669 enen-stiones

396 2709 665 2765 ediderint
699 2724 716 2773 ;
745 2717 1015 2779 quantum
1045 2706 1214 2762 stellae
1238 2722 1270 2763 a
1303 2706 1435 2762 solis
1462 2707 1732 2770 claritate,
1766 2713 1978 2761 tantum

396 2802 643 2857 universi
674 2800 744 2855 ab
782 2799 929 2856 illius
971 2799 1154 2855 divina
1202 2799 1586 2871 pradicatione
1633 2815 1697 2854 ac
1740 2799 1980 2868 eloquio,

390 2898 562 2966 vique
617 2908 961 2957 sermonum,
1020 2893 1304 2949 deliciant.
1358 2892 1494 2965 Ego,
1543 2902 1812 2965 quantum
1857 2892 1985 2948 licet

393 3003 495 3059 pro
527 2988 696 3054 virili,
723 2987 925 3042 dicam.

470 3081 614 3136 Cum
650 3080 705 3134 in
756 3081 1036 3134 orationes
1092 3079 1391 3133 invertivas
1445 3077 1651 3144 incido,
1691 3077 1895 3148 quibus
1939 3077 1986 3131 is

396 3169 600 3227 Juliatn
640 3170 1079 3243 praevaricatoris
1106 3171 1353 3225 conlutat
1401 3171 1757 3233 dementiam,
1806 3170 1988 3223 numi-

401 3282 648 3335 numque
677 3264 960 3336 gentilium
1009 3263 1385 3318 inl‘eliritatem
1421 3278 1485 3317 ac
1538 3262 1830 3317 vanitatem
1858 3276 1989 3316 exa-

403 3361 541 3429 gitat
571 3376 587 3425 ;
621 3373 685 3414 ac
711 3359 912 3430 quibus
947 3374 1137 3413 eorum
1170 3356 1329 3420 Deos,
1361 3372 1425 3410 ac
1446 3356 1709 3411 demones
1735 3354 1988 3421 traducit,

406 3453 681 3509 Gedeonis
715 3454 954 3524 gladium
993 3452 1170 3515 video,
1208 3460 1302 3505 aut
1328 3450 1475 3505 illius
1511 3457 1782 3504 trecentas
1807 3446 1988 3511 tubas,

414 3551 582 3612 atque
609 3544 783 3615 lampa
806 3547 905 3609 les,
935 3546 1134 3617 quibus
1166 3543 1503 3611 alienigenas
1533 3548 1792 3602 exterret,
1836 3555 1899 3595 ac
1934 3540 1989 3593 in

418 3644 697 3707 stuporem
725 3642 877 3695 vertit
896 3640 942 3672 ”
968 3656 984 3706 ;
1013 3639 1360 3711 prepriisque
1410 3637 1650 3706 ipsorum
1675 3648 1990 3689 sermonum

416 3730 867 3799 atqueat-tinuum
893 3732 1125 3803 laqueis,
1151 3729 1353 3786 innecti
1401 3728 1552 3783 facit.
1580 3728 1687 3781 Aut
1716 3725 1925 3782 Baraclt
1944 3724 1992 3757 "

407 3822 721 3895 erbteque
744 3840 927 3880 cnsetn
979 3825 1025 3858 ⁸⁸
1059 3842 1074 3888 ;
1112 3832 1209 3879 aut
1258 3822 1546 3876 Samsouis
1602 3818 1995 3883 ntandibttlam,

2070 1784 2507 1854 multiplicisque
2549 1797 2616 1838 ac
2654 1782 2856 1838 diversi
2910 1781 3128 1852 generis
3154 1781 3443 1853 opuscula,
3477 1794 3542 1836 ac
3578 1784 3663 1835 lu-

2068 1879 2423 1935 cnhrationes
2454 1887 2651 1941 metro,
2687 1877 2979 1947 solutaque
2994 1877 3248 1933 oratione
3288 1890 3500 1931 mecum
3533 1890 3662 1946 per-

2073 1980 2274 2035 tracto,
2341 1970 2659 2025 Salomonis
2719 1968 2891 2023 animi
2945 1966 3276 2037 profundum
3337 1977 3659 2033 contueor;

2073 2065 2206 2136 quin
2229 2074 2285 2118 et
2313 2075 2423 2133 prae
2452 2061 2568 2127 illo,
2604 2074 2669 2115 ac
2698 2059 2878 2131 majus
2905 2060 3109 2129 aliquid
3138 2074 3434 2131 possumus
3454 2059 3661 2117 dicere.

2073 2152 2210 2208 Nam
2275 2150 2536 2208 Salomon
2582 2151 2829 2222 quidem,
2884 2166 3012 2208 cum
3060 2152 3412 2223 sapientiam,
3479 2165 3663 2206 rerum

2075 2248 2289 2304 scilicet
2336 2245 2645 2308 scientiam
2710 2246 2979 2316 petiissct,
3041 2260 3108 2303 ac
3136 2246 3435 2317 accepisset
3455 2245 3550 2313 ’νς
3583 2248 3663 2300 sic

2076 2342 2475 2397 elementorum
2500 2341 2737 2405 indoles,
2766 2340 3087 2397 animalium
3121 2346 3301 2405 ortus,
3345 2338 3655 2409 planturttttt

2078 2436 2294 2492 diversa
2335 2450 2559 2506 genera,
2590 2451 2657 2495 ac
2678 2449 2874 2492 eorum
2914 2448 3040 2506 quas
3068 2434 3175 2491 sub
3207 2432 3322 2489 sole
3370 2440 3522 2496 sunt,
3571 2437 3669 2486 aut

2083 2526 2241 2593 ﬁunt,
2292 2528 2643 2598 operationes
2704 2529 2962 2599 viresque
2991 2525 3328 2585 intellexisse
3359 2524 3666 2596 perbibitus

2087 2631 2194 2688 est,
2226 2629 2289 2676 ut
2313 2621 2664 2693 superiorum
2692 2622 2963 2678 exstiterit
2987 2633 3147 2675 nemo
3182 2619 3285 2675 hac
3330 2618 3407 2672 illi
3439 2616 3669 2672 scientia

2084 2729 2205 2786 par,
2237 2721 2334 2769 aut
2363 2724 2488 2784 post
2518 2729 2644 2770 eum
2680 2724 3036 2770 surrecturus
3070 2713 3143 2769 sit
3166 2710 3544 2781 “.Gregorius
3572 2725 3670 2764 au-

2088 2814 2197 2862 tem
2250 2821 2378 2861 cum
2429 2806 2675 2863 humana
2716 2804 2809 2860 illa
2858 2802 3131 2873 sapientia
3184 2801 3346 2865 nihil,
3398 2816 3465 2857 ac
3522 2809 3673 2856 certe

2088 2914 2284 2972 parum
2328 2899 2461 2970 quid
2491 2915 2523 2954 a
2569 2896 2865 2954 Salomone
2919 2896 3308 2965 dehceret;ca
3366 2910 3466 2949 ceu
3517 2893 3672 2948 rudi-

2012 3003 2279 3079 cmento
2311 2993 2378 3049 ad
2405 2993 2649 3050 divinam
2702 2990 3032 3062 sapientiam
3088 3004 3248 3056 usus,
3308 2997 3525 3045 tantum
3578 2986 3671 3042 illa

2091 3084 2371 3141 Salomoni
2433 3081 2757 3155 praecelluit,
2803 3091 3075 3152 quantum
3129 3078 3391 3137 Salomon
3444 3080 3673 3148 reliquis

2092 3179 2382 3252 ριοωΐιιιεὶι.
2429 3178 2509 3236 Ac
2541 3178 2763 3251 quidem
2812 3178 2930 3243 ille,
2969 3184 3279 3233 creatorum
3324 3189 3385 3231 se
3429 3184 3677 3229 eontem-

2090 3272 2320 3341 plationl
2371 3270 2600 3334 dedens.
2660 3268 3037 3342 perspicacem
3099 3266 3155 3321 in
3212 3280 3278 3321 ea
3335 3263 3510 3319 animi
3565 3262 3674 3316 vim

2094 3363 2324 3418 insumit
2358 3378 2374 3430 ;
2405 3361 2495 3417 hic
2541 3368 2726 3417 autem
2779 3378 2844 3418 ex
2886 3360 3089 3416 creatis
3122 3358 3193 3414 ad
3232 3354 3676 3426 incompreheusl

2093 3474 2261 3527 supra
2311 3472 2475 3527 quam
2513 3456 2753 3526 ignotam
2809 3442 3063 3508 notitiam
3109 3459 3473 3516 transvectus,
3527 3464 3682 3503 sum-

2098 3567 2296 3619 meque
2336 3548 2627 3621 mysticam
2656 3562 2719 3602 ac
2757 3542 3229 3602 abstrusissimam
3255 3550 3450 3596 nactus
3479 3539 3685 3594 incom-

2095 3639 2541 3712 prehensionem,
2600 3651 2778 3707 eaque
2839 3634 3204 3707 apprehensa,
3260 3631 3436 3703 ipsam
3495 3632 3550 3686 in
3613 3645 3679 3684 ea

2098 3735 2619 3806 contemplationem
2648 3730 2816 3786 sistit.

2171 3830 2251 3885 Ac
2283 3828 2505 3899 quidem
2541 3825 2806 3883 Salomon
2832 3820 3226 3880 multiformem
3301 3830 3366 3877 ac
3405 3813 3685 3871 dividuam

406 3930 522 3986 qua
572 3915 757 3971 hostes
813 3915 1022 3970 milleni
1092 3913 1337 3987 percussi
1388 3912 1789 3970 collidehantur
1835 3921 1984 3981 ιιψι(

2099 3930 2311 3978 natura:
2330 3918 2525 3975 doctus
2555 3915 2841 3979 rationem,
2870 3910 3241 3981 intelligentia
3286 3905 3682 3963 abundantiam

406 4006 682 4065 cadebant
706 4008 771 4061 ".

484 4098 621 4154 Cum
670 4099 725 4153 in
759 4114 878 4167 eas,
928 4099 1131 4169 quibus
1165 4097 1289 4155 Filii
1348 4112 1411 4152 ac
1447 4095 1686 4166 Spiritus
1730 4094 1990 4151 Deitatent

412 4200 643 4254 tuetur,
716 4193 919 4261 quibus
994 4191 1425 4262 alienigenarum
1485 4190 1766 4245 decretum
1838 4203 2002 4243 omne

419 4297 584 4356 atque
614 4284 921 4341 doctrinam
947 4285 1249 4348 exscindit,
1279 4299 1343 4339 ac
1365 4283 1668 4352 praesertim
1697 4280 2002 4337 Macedonii

2102 4013 2292 4070 multis
2324 4009 2480 4067 libris
2503 4009 2670 4066 editis
2694 4003 3030 4078 produxisse
3078 4002 3330 4075 proditus
3376 4010 3462 4058 est
3500 4014 3514 4054 :
3552 3999 3690 4054 Gre-

2111 4106 2303 4179 gorius
2334 4114 2519 4159 autem
2556 4113 2770 4157 natura:
2802 4113 2970 4171 supra
2997 4112 3164 4166 quam
3215 4094 3416 4151 divinae
3472 4093 3693 4149 Unitate

2103 4217 2167 4260 ac
2199 4198 2469 4255 Trinitate
2494 4195 2694 4253 eximie
2741 4199 3027 4263 perspecta
3059 4206 3126 4246 ac
3168 4188 3457 4244 intellecta.
3485 4201 3695 4242 sermo-

2109 4292 2195 4347 nis
2232 4289 2590 4363 pulcherrimi
2622 4287 2694 4346 vi.
2732 4301 2798 4343 ac
2848 4283 3163 4341 illustrante
3212 4280 3441 4335 Deitatis
3496 4278 3694 4345 gratia,

421 4380 650 4449 Ariique
714 4394 779 4436 ac
808 4378 1125 4450 sequacium
1165 4377 1534 4449 impudentem
1570 4386 1819 4444 amputat
1882 4373 1984 4427 bla-

2107 4388 2325 4441 cunctis
2354 4383 2519 4437 simul
2545 4381 2796 4437 aetatibus
2827 4379 3008 4435 divina
3036 4377 3143 4432 alte
3185 4372 3462 4431 edisserit.
3514 4371 3696 4431 Atque

431 4472 949 4542 sphemiam,statim
978 4470 1285 4528 admirandi
1313 4470 1457 4526 illius
1492 4469 1712 4525 Davidis
1745 4466 2003 4523 facinoris

428 4567 674 4631 tuemini,
718 4567 917 4639 triplici
966 4566 1145 4638 lapide
1190 4565 1361 4621 [unda
1421 4574 1598 4620 rotato
1642 4565 2002 4639 alienigenam

420 4660 802 4733 percutientis,
829 4674 994 4732 atque
1037 4674 1242 4729 procax
1274 4658 1407 4715 illud
1438 4666 1602 4727 caput
1642 4654 2003 4726 amputantis,

415 4771 487 4812 ac
529 4756 724 4811 Salutis
752 4771 925 4811 cornu
973 4753 1157 4810 lsraeli
1191 4754 1458 4824 erigentis
1483 4752 1527 4785 ⁸⁷
1556 4768 1570 4805 :
1600 4759 1694 4806 aut
1735 4748 2007 4807 Samuelis

417 4850 517 4907 illo
558 4850 909 4921 superiorum
942 4850 1273 4910 tonitruum,
1312 4855 1474 4915 atque
1503 4843 1806 4914 fulgurum,
1834 4845 2003 4899 velte-

416 4946 805 5013 mentiumque
826 4959 855 4998 e
879 4944 1020 4999 coelo
1046 4943 1327 5007 imbrium,
1353 4940 1552 5009 quibus
1583 4938 1630 4993 is
1656 4937 2005 5006 insipientem

421 5038 686 5093 lsraelem
741 5037 1027 5091 erudiebat
1057 5036 1146 5088 "z
1180 5044 1276 5089 aut
1308 5033 1449 5103 ignis
1498 5031 1649 5098 Elite,
1692 5046 1804 5101 quo
1857 5029 2012 5084 holo—

422 5141 620 5185 causta
671 5144 738 5184 ac
786 5127 931 5200 ligna
979 5127 1316 5194 consumpsit
1348 5127 1438 5190 “;
1490 5125 1565 5181 uti
1619 5124 1782 5179 etiam
1827 5134 2012 5191 postea

427 5221 525 5275 illo
552 5221 786 5275 duorum
804 5218 1392 5291 quinquagenm-iurum
1410 5217 1713 5289 principum
1729 5215 2015 5269 audaciam

430 5312 689 5369 contrivit
718 5315 787 5377 ⁸⁵,
820 5325 915 5369 aut
962 5314 1081 5383 ejus
1119 5312 1295 5383 ipsius
1343 5309 1508 5378 gladii
1558 5324 1665 5379 quo
1710 5308 2010 5380 prophetas

434 5401 773 5462 confusionis
807 5406 907 5480 (id
946 5415 1049 5475 est,
1076 5404 1206 5463 Daal
1234 5407 1253 5476 )
1277 5404 1586 5477 iustissime
1625 5404 1901 5459 interemit
1941 5401 2004 5456 “.

509 5576 557 5611 ³⁸
582 5576 720 5640 Psal.
752 5601 864 5640 va.
894 5586 949 5639 ι.
1026 5586 1067 5618 ¹¹
1098 5583 1137 5639 ll
1182 5584 1326 5638 Tim.
1357 5599 1432 5643 tv,
1472 5583 1556 5638 l3.

429 5664 510 5714 ιι,
542 5652 631 5707 52.
723 5657 769 5691 ⁸⁸
805 5656 986 5713 Jutllc.
1044 5672 1131 5719 XV,
1185 5655 1266 5709 l5.
1364 5654 1456 5706 "-l
1494 5660 1621 5719 ling.
1670 5670 1798 5715 xvrt,
1827 5653 1916 5707 41).

1662 5583 1707 5613 δ’
1741 5579 1886 5636 Psal.
1924 5596 1983 5643 ιι,
2016 5581 2070 5634 9.

2020 5651 2113 5704 ⁵⁸³1
2161 5652 2290 5712 lteg.
2330 5665 2424 5707 xtl,
2466 5649 2551 5702 Π.

2112 4479 2203 4534 ille
2232 4477 2476 4548 quidem,
2507 4491 2594 4540 ea,
2639 4490 2761 4546 qua:
2783 4474 2967 4529 saeculi
3002 4486 3104 4531 usu
3144 4469 3417 4530 consistit,
3473 4465 3698 4521 solertia

2114 4586 2179 4632 ac
2210 4569 2586 4627 sollicitudine
2641 4568 2840 4629 elatus,
2873 4582 2936 4620 ac
2974 4564 3156 4619 carnis
3182 4563 3464 4631 prudentia
3497 4557 3697 4617 victus,

2118 4680 2283 4735 quam
2341 4662 2553 4733 procul,
2603 4661 2750 4716 lieul
2806 4661 2875 4713 ah
2930 4656 3125 4727 spiritu
3182 4653 3443 4713 recessit,
3506 4664 3698 4704 eorum

2116 4759 2337 4813 nomine
2359 4772 2481 4826 qum
2520 4753 2625 4808 sibi
2656 4751 2939 4824 deligenda
2974 4747 3183 4820 putavit
3207 4746 3309 4819 (ne
3332 4744 3462 4813 quid
3508 4741 3701 4797 nefan-

2115 4850 2246 4907 dum
2296 4846 2526 4918 dicam)
2567 4848 2837 4916 vituperio
2882 4842 3081 4912 dignus
3125 4840 3193 4894 “.
3252 4840 3319 4891 At
3373 4836 3697 4904 Gregorius,

2116 4940 2211 5010 qui
2254 4938 2460 5008 Spiritu
2489 4938 2580 4993 Dei
2611 4945 2863 5008 ageretur
2891 4934 2958 4993 ⁸⁷,
2994 4945 3309 5000 quanquam
3338 4927 3404 4983 ad
3433 4924 3701 4997 ejusmodi

2122 5031 2405 5103 sapientia:
2440 5031 2663 5099 pelagus
2703 5033 2972 5087 evaserat,
3012 5021 3173 5077 facile
3220 5032 3427 5083 tamen,
3478 5030 3543 5071 ac
3592 5015 3700 5071 leni

2124 5138 2257 5176 aura
2311 5122 2551 5190 navigat,
2607 5119 2798 5173 divino
2845 5115 3061 5173 scilicet
3105 5110 3312 5180 Spiritu
3350 5124 3447 5180 per
3473 5108 3703 5178 spirita-

2124 5216 2229 5273 ινιιι
2256 5214 2630 5284 disc'plinam,
2656 5210 2884 5281 vitaeque
2911 5206 3305 5265 institutionem
3333 5202 3400 5258 ad
3422 5201 3702 5256 cmlesrcm

2119 5305 2527 5379 superi-celestis
2566 5301 2847 5372 sapientia:
2892 5311 3111 5375 portum
3155 5299 3334 5369 ipsum
3385 5292 3652 5360 dirigente
3688 5306 3703 5355 ;

2117 5399 2407 5470 carnisque
2462 5396 2759 5453 affectuum
2821 5408 2886 5448 ac
2943 5391 3253 5457 libidinum,
3304 5397 3563 5458 tanquam
3604 5382 3707 5439 litt-

3448 5568 3493 5599 ⁶⁸
3525 5564 3705 5619 Jtttlic.

2174 5579 2218 5616 ⁸³
2251 5575 2426 5631 .ludic.
2487 5593 2581 5639 vn,
2608 5575 2699 5630 20.
2808 5573 2855 5607 ”
2885 5571 3064 5629 Judic.
3130 5587 3205 5635 tv,
3254 5567 3343 5624 16.
3448 5568 3493 5599 ⁸⁸
3525 5567 3683 5618 εῐηάῖῦ

2182 5654 2289 5693 tm-
2330 5665 2423 5693 nt-
2466 5649 2551 5693 Π-
2650 5649 2694 5681 ⁸*
2725 5645 2785 5693 ιιι
2820 5644 2953 5693 lien.
3007 5658 3159 5693 xvrtt-
3196 5641 3286 5693 38.
3399 5639 3442 5670 ‘°
3473 5638 3536 5691 IV
3574 5636 3683 5693 lter:

2650 5649 2694 5681 "
2725 5645 2785 5700 Ill
2820 5644 2953 5714 Reg.
3007 5658 3159 5710 xvm,
3196 5641 3286 5714 58.

430 5738 470 5790 t,
632 5726 673 5758 “
711 5725 777 5781 lll
1322 5727 1365 5757 “'
1419 5724 1484 5779 IV
1525 5707 1654 5785 lien.
1683 5707 1805 5795 ιι.ᾼύ
1866 5738 1984 5792 St‘q"

2088 5722 2130 5752 ⁵³
2162 5707 2413 5795 Ινῖῐες.
2448 5736 2546 5781 xu,
2582 5717 2668 5773 14.
2734 5717 2792 5795 ff
2822 5707 3046 5787 lV‘Reg.
3090 5707 3163 5781 tv,
3198 5712 3284 5767 16.
3362 5712 3432 5742 ’θ’
3457 5708 3496 5762 il
3530 5707 3704 5762 Par-al.

426 5811 473 5860 ι,
510 5797 598 5851 to.
700 5797 745 5845 εει
785 5796 852 5851 ιιι
891 5801 1021 5868 lteg.
1049 5815 1129 5866 ιιι,
1158 5798 1265 5865 l2;
1303 5814 1377 5864 tv,
1411 5798 1498 5853 50.

1580 5798 1623 5826 ’⁵³
1654 5796 1717 5849 ιιι
1748 5793 1878 5865 ltcg.
1916 5811 1973 5857 tt,
2015 5794 2033 5847 l
2071 5806 2225 5863 solido

2304 5780 2367 5823 ’δί’
2385 5780 2544 5845 ltum.
2578 5804 2695 5849 Viti,
2729 5786 2819 5842 14.
