  <div class='ocr_page' id='page_1' title='image "/cluster/home/n/w/nwhite01/storage/ocr_20150623/105/mdp.39015008714183/250.png"; bbox 0 0 4150 6298; ppageno 0'>
   <div class='ocr_carea' id='block_1_1' title="bbox 393 364 509 434">
    <p class='ocr_par' dir='ltr' id='par_1_1' title="bbox 393 364 509 434">
     <span class='ocr_line' id='line_1_1' title="bbox 393 364 509 434; baseline -0.009 0"><span class='ocrx_word' id='word_1_1' title='bbox 393 364 509 434; x_wconf 74' lang='grc'><strong>485</strong></span> 
     </span>
    </p>
   </div>
   <div class='ocr_carea' id='block_1_2' title="bbox 1110 333 2926 411">
    <p class='ocr_par' dir='ltr' id='par_1_2' title="bbox 1110 333 2926 411">
     <span class='ocr_line' id='line_1_2' title="bbox 1110 333 2926 411; baseline -0.006 0"><span class='ocrx_word' id='word_1_2' title='bbox 1110 343 1394 411; x_wconf 77' lang='lat' dir='ltr'><strong>ORATIO</strong></span> <span class='ocrx_word' id='word_1_3' title='bbox 1418 341 1550 405; x_wconf 83' lang='lat' dir='ltr'><strong>XX.</strong></span> <span class='ocrx_word' id='word_1_4' title='bbox 1589 338 1763 400; x_wconf 83' lang='lat' dir='ltr'><strong>--IN</strong></span> <span class='ocrx_word' id='word_1_5' title='bbox 1788 333 2106 399; x_wconf 76' lang='lat' dir='ltr'><strong>LAUDEM</strong></span> <span class='ocrx_word' id='word_1_6' title='bbox 2144 335 2207 394; x_wconf 90' lang='lat' dir='ltr'><strong>S.</strong></span> <span class='ocrx_word' id='word_1_7' title='bbox 2243 333 2624 397; x_wconf 80' lang='lat' dir='ltr'><strong>GREGORH</strong></span> <span class='ocrx_word' id='word_1_8' title='bbox 2650 333 2926 400; x_wconf 84' lang='lat' dir='ltr'><strong>THEOL.</strong></span> 
     </span>
    </p>
   </div>
   <div class='ocr_carea' id='block_1_3' title="bbox 3544 336 3659 400">
    <p class='ocr_par' dir='ltr' id='par_1_3' title="bbox 3544 336 3659 400">
     <span class='ocr_line' id='line_1_3' title="bbox 3544 336 3659 400; baseline 0 0"><span class='ocrx_word' id='word_1_9' title='bbox 3544 336 3659 400; x_wconf 67' lang='lat'><strong>486</strong></span> 
     </span>
    </p>
   </div>
   <div class='ocr_carea' id='block_1_4' title="bbox 388 446 3750 547">
    <p class='ocr_par' dir='ltr' id='par_1_4' title="bbox 388 446 3750 547">
     <span class='ocr_line' id='line_1_4' title="bbox 388 446 3750 547; baseline -0.009 -10"><span class='ocrx_word' id='word_1_10' title='bbox 388 447 701 547; x_wconf 14' lang='lat' dir='ltr'><strong>streml,iin</strong></span> <span class='ocrx_word' id='word_1_11' title='bbox 757 472 1032 527; x_wconf 73' lang='lat' dir='ltr'><strong>fornacem</strong></span> <span class='ocrx_word' id='word_1_12' title='bbox 1077 465 1221 536; x_wconf 85' lang='lat' dir='ltr'><strong>ignis</strong></span> <span class='ocrx_word' id='word_1_13' title='bbox 1269 461 1473 532; x_wconf 71' lang='lat' dir='ltr'><strong>iniecti,</strong></span> <span class='ocrx_word' id='word_1_14' title='bbox 1525 459 1721 512; x_wconf 87' lang='lat' dir='ltr'><strong>horum</strong></span> <span class='ocrx_word' id='word_1_15' title='bbox 1775 453 1976 525; x_wconf 75' lang='lat' dir='ltr'><strong>singuli</strong></span> <span class='ocrx_word' id='word_1_16' title='bbox 2007 465 2052 519; x_wconf 72' lang='grc' dir='ltr'><strong>Α</strong></span> <span class='ocrx_word' id='word_1_17' title='bbox 2084 457 2341 519; x_wconf 90' lang='lat' dir='ltr'><strong>tanquam</strong></span> <span class='ocrx_word' id='word_1_18' title='bbox 2377 450 2538 518; x_wconf 82' lang='lat' dir='ltr'><strong>plane</strong></span> <span class='ocrx_word' id='word_1_19' title='bbox 2581 451 2992 518; x_wconf 72' lang='lat' dir='ltr'><strong>exercitatione,</strong></span> <span class='ocrx_word' id='word_1_20' title='bbox 3020 465 3143 521; x_wconf 66' lang='lat' dir='ltr'><strong>quae</strong></span> <span class='ocrx_word' id='word_1_21' title='bbox 3167 450 3232 508; x_wconf 88' lang='lat' dir='ltr'><strong>ad</strong></span> <span class='ocrx_word' id='word_1_22' title='bbox 3259 450 3511 521; x_wconf 79' lang='lat' dir='ltr'><strong>pietatem</strong></span> <span class='ocrx_word' id='word_1_23' title='bbox 3559 454 3662 508; x_wconf 89' lang='lat' dir='ltr'><strong>du-</strong></span> <span class='ocrx_word' id='word_1_24' title='bbox 3746 446 3750 449; x_wconf 74' lang='grc'><em>’</em></span> 
     </span>
    </p>
   </div>
   <div class='ocr_carea' id='block_1_5' title="bbox 391 547 1968 632">
    <p class='ocr_par' dir='ltr' id='par_1_5' title="bbox 391 547 1968 632">
     <span class='ocr_line' id='line_1_5' title="bbox 391 547 1968 632; baseline -0.022 0"><span class='ocrx_word' id='word_1_25' title='bbox 391 570 688 632; x_wconf 71' lang='lat' dir='ltr'><strong>oratoriam</strong></span> <span class='ocrx_word' id='word_1_26' title='bbox 719 565 944 620; x_wconf 85' lang='lat' dir='ltr'><strong>domum</strong></span> <span class='ocrx_word' id='word_1_27' title='bbox 969 561 1034 627; x_wconf 81' lang='lat'><strong>&quot;;</strong></span> <span class='ocrx_word' id='word_1_28' title='bbox 1061 558 1248 623; x_wconf 74' lang='lat' dir='ltr'><strong>Jonas,</strong></span> <span class='ocrx_word' id='word_1_29' title='bbox 1285 564 1490 619; x_wconf 89' lang='lat' dir='ltr'><strong>cetum;</strong></span> <span class='ocrx_word' id='word_1_30' title='bbox 1525 547 1735 611; x_wconf 82' lang='lat' dir='ltr'><strong>Daniel,</strong></span> <span class='ocrx_word' id='word_1_31' title='bbox 1759 547 1968 612; x_wconf 83' lang='lat' dir='ltr'><strong>lacum;</strong></span> 
     </span>
    </p>
   </div>
   <div class='ocr_carea' id='block_1_6' title="bbox 391 639 1968 735">
    <p class='ocr_par' dir='ltr' id='par_1_6' title="bbox 391 639 1968 735">
     <span class='ocr_line' id='line_1_6' title="bbox 391 639 1968 735; baseline -0.021 -11"><span class='ocrx_word' id='word_1_32' title='bbox 391 678 502 724; x_wconf 87' lang='lat' dir='ltr'><strong>tres</strong></span> <span class='ocrx_word' id='word_1_33' title='bbox 526 661 701 735; x_wconf 85' lang='lat' dir='ltr'><strong>pueri,</strong></span> <span class='ocrx_word' id='word_1_34' title='bbox 740 658 1018 714; x_wconf 78' lang='lat' dir='ltr'><strong>fornacem</strong></span> <span class='ocrx_word' id='word_1_35' title='bbox 1045 651 1362 707; x_wconf 68' lang='lat' dir='ltr'><strong>eliecerant.</strong></span> <span class='ocrx_word' id='word_1_36' title='bbox 1399 643 1776 700; x_wconf 79' lang='lat' dir='ltr'><strong>Precabantur</strong></span> <span class='ocrx_word' id='word_1_37' title='bbox 1796 639 1968 704; x_wconf 88' lang='lat' dir='ltr'><strong>enim,</strong></span> 
     </span>
    </p>
   </div>
   <div class='ocr_carea' id='block_1_7' title="bbox 390 739 1971 829">
    <p class='ocr_par' dir='ltr' id='par_1_7' title="bbox 390 739 1971 829">
     <span class='ocr_line' id='line_1_7' title="bbox 390 739 1971 829; baseline -0.02 -14"><span class='ocrx_word' id='word_1_38' title='bbox 390 770 452 816; x_wconf 87' lang='lat' dir='ltr'><strong>ut</strong></span> <span class='ocrx_word' id='word_1_39' title='bbox 488 760 732 829; x_wconf 83' lang='lat' dir='ltr'><strong>ipsorum</strong></span> <span class='ocrx_word' id='word_1_40' title='bbox 770 751 881 804; x_wconf 81' lang='lat' dir='ltr'><strong>vita</strong></span> <span class='ocrx_word' id='word_1_41' title='bbox 918 748 986 802; x_wconf 87' lang='lat' dir='ltr'><strong>ab</strong></span> <span class='ocrx_word' id='word_1_42' title='bbox 1026 743 1342 798; x_wconf 86' lang='lat' dir='ltr'><strong>interitione</strong></span> <span class='ocrx_word' id='word_1_43' title='bbox 1367 739 1594 809; x_wconf 84' lang='lat' dir='ltr'><strong>labequc</strong></span> <span class='ocrx_word' id='word_1_44' title='bbox 1635 740 1971 806; x_wconf 77' lang='lat' dir='ltr'><strong>emergeret;</strong></span> 
     </span>
    </p>
   </div>
   <div class='ocr_carea' id='block_1_8' title="bbox 392 826 1974 914">
    <p class='ocr_par' dir='ltr' id='par_1_8' title="bbox 392 826 1974 914">
     <span class='ocr_line' id='line_1_8' title="bbox 392 826 1974 914; baseline -0.02 -5"><span class='ocrx_word' id='word_1_45' title='bbox 392 826 771 908; x_wconf 70' lang='lat' dir='ltr'><strong>liberationem</strong></span> <span class='ocrx_word' id='word_1_46' title='bbox 823 841 1076 914; x_wconf 79' lang='lat' dir='ltr'><strong>precibus</strong></span> <span class='ocrx_word' id='word_1_47' title='bbox 1101 834 1503 905; x_wconf 79' lang='lat' dir='ltr'><strong>exposcebant;</strong></span> <span class='ocrx_word' id='word_1_48' title='bbox 1537 839 1592 885; x_wconf 81' lang='lat' dir='ltr'><strong>et</strong></span> <span class='ocrx_word' id='word_1_49' title='bbox 1621 843 1750 883; x_wconf 86' lang='lat' dir='ltr'><strong>vero</strong></span> <span class='ocrx_word' id='word_1_50' title='bbox 1787 826 1974 882; x_wconf 86' lang='lat' dir='ltr'><strong>divino</strong></span> 
     </span>
    </p>
   </div>
   <div class='ocr_carea' id='block_1_9' title="bbox 388 920 1969 999">
    <p class='ocr_par' dir='ltr' id='par_1_9' title="bbox 388 920 1969 999">
     <span class='ocr_line' id='line_1_9' title="bbox 388 920 1969 999; baseline -0.018 0"><span class='ocrx_word' id='word_1_51' title='bbox 388 954 527 999; x_wconf 80' lang='lat' dir='ltr'><strong>nutu</strong></span> <span class='ocrx_word' id='word_1_52' title='bbox 577 941 972 996; x_wconf 85' lang='lat' dir='ltr'><strong>obtinuerunt;</strong></span> <span class='ocrx_word' id='word_1_53' title='bbox 1013 929 1202 993; x_wconf 76' lang='lat' dir='ltr'><strong>Jonas,</strong></span> <span class='ocrx_word' id='word_1_54' title='bbox 1243 943 1275 983; x_wconf 84' lang='lat' dir='ltr'><strong>e</strong></span> <span class='ocrx_word' id='word_1_55' title='bbox 1317 935 1478 994; x_wconf 74' lang='lat' dir='ltr'><strong>ceto;</strong></span> <span class='ocrx_word' id='word_1_56' title='bbox 1508 921 1718 983; x_wconf 81' lang='lat' dir='ltr'><strong>Daniel,</strong></span> <span class='ocrx_word' id='word_1_57' title='bbox 1752 920 1969 982; x_wconf 28' lang='lat' dir='ltr'><strong>e’la‘cu;</strong></span> 
     </span>
    </p>
   </div>
   <div class='ocr_carea' id='block_1_10' title="bbox 387 1014 1975 1108">
    <p class='ocr_par' dir='ltr' id='par_1_10' title="bbox 387 1014 1975 1108">
     <span class='ocr_line' id='line_1_10' title="bbox 387 1014 1975 1108; baseline -0.018 -17"><span class='ocrx_word' id='word_1_58' title='bbox 387 1034 548 1108; x_wconf 82' lang='lat' dir='ltr'><strong>pueri</strong></span> <span class='ocrx_word' id='word_1_59' title='bbox 599 1042 728 1098; x_wconf 83' lang='lat' dir='ltr'><strong>tres,</strong></span> <span class='ocrx_word' id='word_1_60' title='bbox 755 1045 786 1084; x_wconf 91' lang='lat' dir='ltr'><strong>e</strong></span> <span class='ocrx_word' id='word_1_61' title='bbox 829 1028 1050 1080; x_wconf 78' lang='lat' dir='ltr'><strong>fornace</strong></span> <span class='ocrx_word' id='word_1_62' title='bbox 1092 1022 1232 1093; x_wconf 83' lang='lat' dir='ltr'><strong>ignis</strong></span> <span class='ocrx_word' id='word_1_63' title='bbox 1254 1017 1496 1075; x_wconf 81' lang='lat' dir='ltr'><strong>liberati.</strong></span> <span class='ocrx_word' id='word_1_64' title='bbox 1535 1014 1833 1084; x_wconf 75' lang='lat' dir='ltr'><strong>Gregorius</strong></span> <span class='ocrx_word' id='word_1_65' title='bbox 1876 1025 1975 1064; x_wconf 88' lang='lat' dir='ltr'><strong>au-</strong></span> 
     </span>
    </p>
   </div>
   <div class='ocr_carea' id='block_1_11' title="bbox 393 1104 1974 1190">
    <p class='ocr_par' dir='ltr' id='par_1_11' title="bbox 393 1104 1974 1190">
     <span class='ocr_line' id='line_1_11' title="bbox 393 1104 1974 1190; baseline -0.016 -8"><span class='ocrx_word' id='word_1_66' title='bbox 393 1104 527 1190; x_wconf 74' lang='lat' dir='ltr'><strong>tem,</strong></span> <span class='ocrx_word' id='word_1_67' title='bbox 555 1132 672 1177; x_wconf 88' lang='lat' dir='ltr'><strong>tum</strong></span> <span class='ocrx_word' id='word_1_68' title='bbox 702 1119 955 1181; x_wconf 86' lang='lat' dir='ltr'><strong>bestiam,</strong></span> <span class='ocrx_word' id='word_1_69' title='bbox 988 1125 1100 1169; x_wconf 86' lang='lat' dir='ltr'><strong>tum</strong></span> <span class='ocrx_word' id='word_1_70' title='bbox 1133 1114 1335 1175; x_wconf 84' lang='lat' dir='ltr'><strong>lacum,</strong></span> <span class='ocrx_word' id='word_1_71' title='bbox 1377 1120 1601 1178; x_wconf 85' lang='lat' dir='ltr'><strong>tumque</strong></span> <span class='ocrx_word' id='word_1_72' title='bbox 1618 1106 1764 1178; x_wconf 81' lang='lat' dir='ltr'><strong>ignis</strong></span> <span class='ocrx_word' id='word_1_73' title='bbox 1793 1104 1974 1159; x_wconf 79' lang='lat' dir='ltr'><strong>l‘orna-</strong></span> 
     </span>
    </p>
   </div>
   <div class='ocr_carea' id='block_1_12' title="bbox 377 1198 1979 1284">
    <p class='ocr_par' dir='ltr' id='par_1_12' title="bbox 377 1198 1979 1284">
     <span class='ocr_line' id='line_1_12' title="bbox 377 1198 1979 1284; baseline -0.013 -11"><span class='ocrx_word' id='word_1_74' title='bbox 377 1233 536 1284; x_wconf 78' lang='lat' dir='ltr'><strong>cem,</strong></span> <span class='ocrx_word' id='word_1_75' title='bbox 565 1227 766 1284; x_wconf 80' lang='lat' dir='ltr'><strong>corpus</strong></span> <span class='ocrx_word' id='word_1_76' title='bbox 797 1213 1139 1272; x_wconf 75' lang='lat' dir='ltr'><strong>existimans,</strong></span> <span class='ocrx_word' id='word_1_77' title='bbox 1192 1204 1560 1280; x_wconf 74' lang='lat' dir='ltr'><strong>“corporisque</strong></span> <span class='ocrx_word' id='word_1_78' title='bbox 1588 1201 1793 1256; x_wconf 88' lang='lat' dir='ltr'><strong>malum</strong></span> <span class='ocrx_word' id='word_1_79' title='bbox 1816 1198 1979 1254; x_wconf 63' lang='lat' dir='ltr'><strong>‘habi-</strong></span> 
     </span>
    </p>
   </div>
   <div class='ocr_carea' id='block_1_13' title="bbox 391 1293 1972 1374">
    <p class='ocr_par' dir='ltr' id='par_1_13' title="bbox 391 1293 1972 1374">
     <span class='ocr_line' id='line_1_13' title="bbox 391 1293 1972 1374; baseline -0.012 -10"><span class='ocrx_word' id='word_1_80' title='bbox 391 1320 533 1374; x_wconf 89' lang='lat' dir='ltr'><strong>tttm,</strong></span> <span class='ocrx_word' id='word_1_81' title='bbox 579 1317 675 1362; x_wconf 86' lang='lat' dir='ltr'><strong>seu</strong></span> <span class='ocrx_word' id='word_1_82' title='bbox 724 1305 844 1373; x_wconf 82' lang='lat' dir='ltr'><strong>ejus</strong></span> <span class='ocrx_word' id='word_1_83' title='bbox 878 1308 1135 1372; x_wconf 52' lang='lat' dir='ltr'><strong>a‘grotam</strong></span> <span class='ocrx_word' id='word_1_84' title='bbox 1172 1295 1538 1351; x_wconf 86' lang='lat' dir='ltr'><strong>valetudinem</strong></span> <span class='ocrx_word' id='word_1_85' title='bbox 1561 1333 1576 1359; x_wconf 84' lang='lat'><strong>,</strong></span> <span class='ocrx_word' id='word_1_86' title='bbox 1613 1293 1972 1365; x_wconf 25' lang='lat' dir='ltr'><strong>atque&#39;vitia,</strong></span> 
     </span>
    </p>
   </div>
   <div class='ocr_carea' id='block_1_14' title="bbox 389 1388 1976 1472">
    <p class='ocr_par' dir='ltr' id='par_1_14' title="bbox 389 1388 1976 1472">
     <span class='ocr_line' id='line_1_14' title="bbox 389 1388 1976 1472; baseline -0.011 -18"><span class='ocrx_word' id='word_1_87' title='bbox 389 1417 515 1472; x_wconf 67' lang='lat' dir='ltr'><strong>qua:</strong></span> <span class='ocrx_word' id='word_1_88' title='bbox 546 1399 730 1454; x_wconf 87' lang='lat' dir='ltr'><strong>animo</strong></span> <span class='ocrx_word' id='word_1_89' title='bbox 757 1396 920 1450; x_wconf 90' lang='lat' dir='ltr'><strong>etiam</strong></span> <span class='ocrx_word' id='word_1_90' title='bbox 968 1405 1182 1446; x_wconf 88' lang='lat' dir='ltr'><strong>summe</strong></span> <span class='ocrx_word' id='word_1_91' title='bbox 1217 1388 1561 1457; x_wconf 82' lang='lat' dir='ltr'><strong>philosopho,</strong></span> <span class='ocrx_word' id='word_1_92' title='bbox 1603 1400 1668 1442; x_wconf 90' lang='lat' dir='ltr'><strong>ac</strong></span> <span class='ocrx_word' id='word_1_93' title='bbox 1707 1392 1976 1439; x_wconf 55' lang='lat' dir='ltr'><strong>comtcnt.</strong></span> 
     </span>
    </p>
   </div>
   <div class='ocr_carea' id='block_1_15' title="bbox 369 1474 1978 1562">
    <p class='ocr_par' dir='ltr' id='par_1_15' title="bbox 369 1474 1978 1562">
     <span class='ocr_line' id='line_1_15' title="bbox 369 1474 1978 1562; baseline -0.009 -19"><span class='ocrx_word' id='word_1_94' title='bbox 369 1491 634 1562; x_wconf 6' lang='lat' dir='ltr'><strong>pplatione</strong></span> <span class='ocrx_word' id='word_1_95' title='bbox 681 1483 1097 1558; x_wconf 81' lang='lat' dir='ltr'><strong>provectissimo</strong></span> <span class='ocrx_word' id='word_1_96' title='bbox 1145 1479 1480 1550; x_wconf 78' lang='lat' dir='ltr'><strong>quandoque</strong></span> <span class='ocrx_word' id='word_1_97' title='bbox 1533 1476 1841 1532; x_wconf 77' lang='lat' dir='ltr'><strong>molestiam</strong></span> <span class='ocrx_word' id='word_1_98' title='bbox 1894 1474 1978 1529; x_wconf 80' lang='lat' dir='ltr'><strong>fa-</strong></span> 
     </span>
    </p>
   </div>
   <div class='ocr_carea' id='block_1_16' title="bbox 390 1566 1975 1648">
    <p class='ocr_par' dir='ltr' id='par_1_16' title="bbox 390 1566 1975 1648">
     <span class='ocr_line' id='line_1_16' title="bbox 390 1566 1975 1648; baseline -0.011 -8"><span class='ocrx_word' id='word_1_99' title='bbox 390 1586 557 1648; x_wconf 78' lang='lat' dir='ltr'><strong>eiant,</strong></span> <span class='ocrx_word' id='word_1_100' title='bbox 593 1577 1014 1648; x_wconf 83' lang='lat' dir='ltr'><strong>divinorumque</strong></span> <span class='ocrx_word' id='word_1_101' title='bbox 1059 1593 1079 1627; x_wconf 76' lang='grc' dir='ltr'>ι</span> <span class='ocrx_word' id='word_1_102' title='bbox 1121 1581 1181 1629; x_wconf 90' lang='lat' dir='ltr'><strong>ut</strong></span> <span class='ocrx_word' id='word_1_103' title='bbox 1232 1573 1407 1644; x_wconf 84' lang='lat' dir='ltr'><strong>ipsius</strong></span> <span class='ocrx_word' id='word_1_104' title='bbox 1451 1571 1632 1627; x_wconf 78' lang='lat' dir='ltr'><strong>verbis</strong></span> <span class='ocrx_word' id='word_1_105' title='bbox 1691 1578 1814 1625; x_wconf 84' lang='lat' dir='ltr'><strong>utar</strong></span> <span class='ocrx_word' id='word_1_106' title='bbox 1862 1566 1975 1640; x_wconf 73' lang='lat' dir='ltr'><strong>(l3)</strong></span> 
     </span>
    </p>
   </div>
   <div class='ocr_carea' id='block_1_17' title="bbox 388 1663 1974 1737">
    <p class='ocr_par' dir='ltr' id='par_1_17' title="bbox 388 1663 1974 1737">
     <span class='ocr_line' id='line_1_17' title="bbox 388 1663 1974 1737; baseline -0.013 -5"><span class='ocrx_word' id='word_1_107' title='bbox 388 1679 438 1732; x_wconf 89' lang='lat' dir='ltr'><strong>ei</strong></span> <span class='ocrx_word' id='word_1_108' title='bbox 465 1675 738 1731; x_wconf 88' lang='lat' dir='ltr'><strong>radiorum</strong></span> <span class='ocrx_word' id='word_1_109' title='bbox 763 1673 934 1728; x_wconf 86' lang='lat' dir='ltr'><strong>lucem</strong></span> <span class='ocrx_word' id='word_1_110' title='bbox 953 1681 1207 1737; x_wconf 83' lang='lat' dir='ltr'><strong>tauquam</strong></span> <span class='ocrx_word' id='word_1_111' title='bbox 1226 1663 1504 1736; x_wconf 70' lang='lat' dir='ltr'><strong>interiecta</strong></span> <span class='ocrx_word' id='word_1_112' title='bbox 1527 1665 1695 1718; x_wconf 84' lang='lat' dir='ltr'><strong>nubes</strong></span> <span class='ocrx_word' id='word_1_113' title='bbox 1713 1663 1974 1728; x_wconf 83' lang='lat' dir='ltr'><strong>adimant,</strong></span> 
     </span>
    </p>
   </div>
   <div class='ocr_carea' id='block_1_18' title="bbox 390 1752 1975 1836">
    <p class='ocr_par' dir='ltr' id='par_1_18' title="bbox 390 1752 1975 1836">
     <span class='ocr_line' id='line_1_18' title="bbox 390 1752 1975 1836; baseline -0.01 -14"><span class='ocrx_word' id='word_1_114' title='bbox 390 1770 479 1824; x_wconf 85' lang='lat' dir='ltr'><strong>bis</strong></span> <span class='ocrx_word' id='word_1_115' title='bbox 539 1776 796 1836; x_wconf 85' lang='lat' dir='ltr'><strong>tanquam</strong></span> <span class='ocrx_word' id='word_1_116' title='bbox 855 1761 1087 1816; x_wconf 83' lang='lat' dir='ltr'><strong>vinculis</strong></span> <span class='ocrx_word' id='word_1_117' title='bbox 1127 1757 1331 1813; x_wconf 79' lang='lat' dir='ltr'><strong>exsolvi</strong></span> <span class='ocrx_word' id='word_1_118' title='bbox 1383 1757 1637 1827; x_wconf 81' lang='lat' dir='ltr'><strong>precibus</strong></span> <span class='ocrx_word' id='word_1_119' title='bbox 1678 1755 1746 1809; x_wconf 86' lang='lat' dir='ltr'><strong>ad</strong></span> <span class='ocrx_word' id='word_1_120' title='bbox 1808 1752 1975 1808; x_wconf 87' lang='lat' dir='ltr'><strong>Deum</strong></span> 
     </span>
    </p>
   </div>
   <div class='ocr_carea' id='block_1_19' title="bbox 2081 540 3658 614">
    <p class='ocr_par' dir='ltr' id='par_1_19' title="bbox 2081 540 3658 614">
     <span class='ocr_line' id='line_1_19' title="bbox 2081 540 3658 614; baseline 0.003 -18"><span class='ocrx_word' id='word_1_121' title='bbox 2081 541 2185 604; x_wconf 90' lang='lat' dir='ltr'><strong>cit,</strong></span> <span class='ocrx_word' id='word_1_122' title='bbox 2215 540 2480 612; x_wconf 66' lang='lat' dir='ltr'><strong>aequalis;</strong></span> <span class='ocrx_word' id='word_1_123' title='bbox 2520 557 2586 598; x_wconf 86' lang='lat' dir='ltr'><strong>ac</strong></span> <span class='ocrx_word' id='word_1_124' title='bbox 2632 544 2860 599; x_wconf 76' lang='lat' dir='ltr'><strong>demum</strong></span> <span class='ocrx_word' id='word_1_125' title='bbox 2911 546 3170 601; x_wconf 86' lang='lat' dir='ltr'><strong>societate</strong></span> <span class='ocrx_word' id='word_1_126' title='bbox 3210 559 3333 600; x_wconf 86' lang='lat' dir='ltr'><strong>cum</strong></span> <span class='ocrx_word' id='word_1_127' title='bbox 3377 546 3658 614; x_wconf 85' lang='lat' dir='ltr'><strong>omnibus,</strong></span> 
     </span>
    </p>
   </div>
   <div class='ocr_carea' id='block_1_20' title="bbox 2081 632 3660 703">
    <p class='ocr_par' dir='ltr' id='par_1_20' title="bbox 2081 632 3660 703">
     <span class='ocr_line' id='line_1_20' title="bbox 2081 632 3660 703; baseline 0.004 -18"><span class='ocrx_word' id='word_1_128' title='bbox 2081 633 2351 688; x_wconf 87' lang='lat' dir='ltr'><strong>universis</strong></span> <span class='ocrx_word' id='word_1_129' title='bbox 2375 632 2739 701; x_wconf 86' lang='lat' dir='ltr'><strong>conjunctus;</strong></span> <span class='ocrx_word' id='word_1_130' title='bbox 2777 641 2942 703; x_wconf 74' lang='lat' dir='ltr'><strong>atque</strong></span> <span class='ocrx_word' id='word_1_131' title='bbox 2967 649 3086 688; x_wconf 86' lang='lat' dir='ltr'><strong>eam</strong></span> <span class='ocrx_word' id='word_1_132' title='bbox 3119 632 3257 691; x_wconf 75' lang='lat' dir='ltr'><strong>forte</strong></span> <span class='ocrx_word' id='word_1_133' title='bbox 3277 634 3352 690; x_wconf 83' lang='lat' dir='ltr'><strong>.ob</strong></span> <span class='ocrx_word' id='word_1_134' title='bbox 3379 649 3491 688; x_wconf 83' lang='lat' dir='ltr'><strong>rem</strong></span> <span class='ocrx_word' id='word_1_135' title='bbox 3523 651 3660 690; x_wconf 86' lang='lat' dir='ltr'><strong>cnn-</strong></span> 
     </span>
    </p>
   </div>
   <div class='ocr_carea' id='block_1_21' title="bbox 2081 723 3658 797">
    <p class='ocr_par' dir='ltr' id='par_1_21' title="bbox 2081 723 3658 797">
     <span class='ocr_line' id='line_1_21' title="bbox 2081 723 3658 797; baseline 0 -19"><span class='ocrx_word' id='word_1_136' title='bbox 2081 724 2184 779; x_wconf 80' lang='lat' dir='ltr'><strong>ctis</strong></span> <span class='ocrx_word' id='word_1_137' title='bbox 2225 723 2388 778; x_wconf 83' lang='lat' dir='ltr'><strong>altius</strong></span> <span class='ocrx_word' id='word_1_138' title='bbox 2424 723 2757 790; x_wconf 80' lang='lat' dir='ltr'><strong>collocatus,</strong></span> <span class='ocrx_word' id='word_1_139' title='bbox 2803 723 2870 778; x_wconf 83' lang='lat' dir='ltr'><strong>ad</strong></span> <span class='ocrx_word' id='word_1_140' title='bbox 2917 726 3090 796; x_wconf 79' lang='lat' dir='ltr'><strong>ipsam</strong></span> <span class='ocrx_word' id='word_1_141' title='bbox 3136 739 3270 797; x_wconf 87' lang='lat' dir='ltr'><strong>pure</strong></span> <span class='ocrx_word' id='word_1_142' title='bbox 3308 724 3658 795; x_wconf 86' lang='lat' dir='ltr'><strong>purissimam</strong></span> 
     </span>
    </p>
   </div>
   <div class='ocr_carea' id='block_1_22' title="bbox 2090 813 3660 888">
    <p class='ocr_par' dir='ltr' id='par_1_22' title="bbox 2090 813 3660 888">
     <span class='ocr_line' id='line_1_22' title="bbox 2090 813 3660 888; baseline 0.001 -18"><span class='ocrx_word' id='word_1_143' title='bbox 2090 813 2413 870; x_wconf 81' lang='lat' dir='ltr'><strong>Trinitatem</strong></span> <span class='ocrx_word' id='word_1_144' title='bbox 2450 816 2668 886; x_wconf 82' lang='lat' dir='ltr'><strong>propior</strong></span> <span class='ocrx_word' id='word_1_145' title='bbox 2708 815 2921 870; x_wconf 83' lang='lat' dir='ltr'><strong>accedit</strong></span> <span class='ocrx_word' id='word_1_146' title='bbox 2945 855 2960 880; x_wconf 94' lang='lat'><strong>,</strong></span> <span class='ocrx_word' id='word_1_147' title='bbox 2993 828 3154 888; x_wconf 86' lang='lat' dir='ltr'><strong>atque</strong></span> <span class='ocrx_word' id='word_1_148' title='bbox 3185 817 3254 871; x_wconf 89' lang='lat' dir='ltr'><strong>ab</strong></span> <span class='ocrx_word' id='word_1_149' title='bbox 3293 832 3379 881; x_wconf 85' lang='lat' dir='ltr'><strong>ca,</strong></span> <span class='ocrx_word' id='word_1_150' title='bbox 3429 817 3660 886; x_wconf 78' lang='lat' dir='ltr'><strong>ejusque</strong></span> 
     </span>
    </p>
   </div>
   <div class='ocr_carea' id='block_1_23' title="bbox 2083 907 3656 981">
    <p class='ocr_par' dir='ltr' id='par_1_23' title="bbox 2083 907 3656 981">
     <span class='ocr_line' id='line_1_23' title="bbox 2083 907 3656 981; baseline 0 -19"><span class='ocrx_word' id='word_1_151' title='bbox 2083 908 2474 979; x_wconf 81' lang='lat' dir='ltr'><strong>benignissima</strong></span> <span class='ocrx_word' id='word_1_152' title='bbox 2519 907 2834 978; x_wconf 76' lang='lat' dir='ltr'><strong>largitione,</strong></span> <span class='ocrx_word' id='word_1_153' title='bbox 2865 909 3090 979; x_wconf 70' lang='lat' dir='ltr'><strong>iustitiae</strong></span> <span class='ocrx_word' id='word_1_154' title='bbox 3125 924 3381 965; x_wconf 81' lang='lat' dir='ltr'><strong>coronam</strong></span> <span class='ocrx_word' id='word_1_155' title='bbox 3419 911 3656 981; x_wconf 88' lang='lat' dir='ltr'><strong>accipit;</strong></span> 
     </span>
    </p>
   </div>
   <div class='ocr_carea' id='block_1_24' title="bbox 2082 1000 3658 1071">
    <p class='ocr_par' dir='ltr' id='par_1_24' title="bbox 2082 1000 3658 1071">
     <span class='ocr_line' id='line_1_24' title="bbox 2082 1000 3658 1071; baseline -0.001 -15"><span class='ocrx_word' id='word_1_156' title='bbox 2082 1001 2213 1068; x_wconf 89' lang='lat' dir='ltr'><strong>quin</strong></span> <span class='ocrx_word' id='word_1_157' title='bbox 2258 1000 2404 1056; x_wconf 85' lang='lat' dir='ltr'><strong>illam</strong></span> <span class='ocrx_word' id='word_1_158' title='bbox 2469 1001 2640 1071; x_wconf 82' lang='lat' dir='ltr'><strong>ipsam</strong></span> <span class='ocrx_word' id='word_1_159' title='bbox 2703 1011 2900 1061; x_wconf 86' lang='lat' dir='ltr'><strong>ornatu</strong></span> <span class='ocrx_word' id='word_1_160' title='bbox 2975 1016 3190 1056; x_wconf 88' lang='lat' dir='ltr'><strong>omnem</strong></span> <span class='ocrx_word' id='word_1_161' title='bbox 3257 1001 3520 1056; x_wconf 89' lang='lat' dir='ltr'><strong>mundum</strong></span> <span class='ocrx_word' id='word_1_162' title='bbox 3567 1016 3658 1055; x_wconf 85' lang='lat' dir='ltr'><strong>su-</strong></span> 
     </span>
    </p>
   </div>
   <div class='ocr_carea' id='block_1_25' title="bbox 2083 1092 3656 1166">
    <p class='ocr_par' dir='ltr' id='par_1_25' title="bbox 2083 1092 3656 1166">
     <span class='ocr_line' id='line_1_25' title="bbox 2083 1092 3656 1166; baseline -0.001 -19"><span class='ocrx_word' id='word_1_163' title='bbox 2083 1101 2330 1163; x_wconf 80' lang='lat' dir='ltr'><strong>perante,</strong></span> <span class='ocrx_word' id='word_1_164' title='bbox 2375 1093 2888 1150; x_wconf 78' lang='lat' dir='ltr'><strong>immarcescibiletn</strong></span> <span class='ocrx_word' id='word_1_165' title='bbox 2938 1106 3190 1147; x_wconf 84' lang='lat' dir='ltr'><strong>coronam</strong></span> <span class='ocrx_word' id='word_1_166' title='bbox 3218 1092 3401 1166; x_wconf 73' lang='lat' dir='ltr'><strong>gloria:</strong></span> <span class='ocrx_word' id='word_1_167' title='bbox 3460 1093 3656 1149; x_wconf 83' lang='lat' dir='ltr'><strong>induit.</strong></span> 
     </span>
    </p>
   </div>
   <div class='ocr_carea' id='block_1_26' title="bbox 2147 1206 3662 1277">
    <p class='ocr_par' dir='ltr' id='par_1_26' title="bbox 2147 1206 3662 1277">
     <span class='ocr_line' id='line_1_26' title="bbox 2147 1206 3662 1277; baseline 0 -16"><span class='ocrx_word' id='word_1_168' title='bbox 2147 1206 2388 1262; x_wconf 79' lang='lat' dir='ltr'><strong>Dece’bat</strong></span> <span class='ocrx_word' id='word_1_169' title='bbox 2418 1208 2590 1271; x_wconf 88' lang='lat' dir='ltr'><strong>enim,</strong></span> <span class='ocrx_word' id='word_1_170' title='bbox 2626 1217 2685 1262; x_wconf 87' lang='lat' dir='ltr'><strong>ut</strong></span> <span class='ocrx_word' id='word_1_171' title='bbox 2726 1208 2818 1277; x_wconf 89' lang='lat' dir='ltr'><strong>qui</strong></span> <span class='ocrx_word' id='word_1_172' title='bbox 2855 1216 3032 1261; x_wconf 86' lang='lat' dir='ltr'><strong>tantos</strong></span> <span class='ocrx_word' id='word_1_173' title='bbox 3079 1208 3224 1262; x_wconf 84' lang='lat' dir='ltr'><strong>illius</strong></span> <span class='ocrx_word' id='word_1_174' title='bbox 3255 1206 3427 1277; x_wconf 77' lang='lat' dir='ltr'><strong>gratia</strong></span> <span class='ocrx_word' id='word_1_175' title='bbox 3458 1222 3662 1276; x_wconf 78' lang='lat' dir='ltr'><strong>agones</strong></span> 
     </span>
    </p>
   </div>
   <div class='ocr_carea' id='block_1_27' title="bbox 2085 1299 3664 1369">
    <p class='ocr_par' dir='ltr' id='par_1_27' title="bbox 2085 1299 3664 1369">
     <span class='ocr_line' id='line_1_27' title="bbox 2085 1299 3664 1369; baseline 0 -16"><span class='ocrx_word' id='word_1_176' title='bbox 2085 1299 2140 1353; x_wconf 89' lang='lat' dir='ltr'><strong>in</strong></span> <span class='ocrx_word' id='word_1_177' title='bbox 2169 1309 2316 1354; x_wconf 88' lang='lat' dir='ltr'><strong>terra</strong></span> <span class='ocrx_word' id='word_1_178' title='bbox 2344 1301 2688 1363; x_wconf 86' lang='lat' dir='ltr'><strong>desudasset,</strong></span> <span class='ocrx_word' id='word_1_179' title='bbox 2735 1301 2907 1369; x_wconf 86' lang='lat' dir='ltr'><strong>ipsam</strong></span> <span class='ocrx_word' id='word_1_180' title='bbox 2955 1299 3008 1352; x_wconf 89' lang='lat' dir='ltr'><strong>in</strong></span> <span class='ocrx_word' id='word_1_181' title='bbox 3046 1301 3199 1354; x_wconf 76' lang='lat' dir='ltr'><strong>C(Blis</strong></span> <span class='ocrx_word' id='word_1_182' title='bbox 3224 1301 3372 1354; x_wconf 88' lang='lat' dir='ltr'><strong>velut</strong></span> <span class='ocrx_word' id='word_1_183' title='bbox 3402 1313 3664 1354; x_wconf 76' lang='lat' dir='ltr'><strong>coronam</strong></span> 
     </span>
    </p>
   </div>
   <div class='ocr_carea' id='block_1_28' title="bbox 2082 1391 3661 1464">
    <p class='ocr_par' dir='ltr' id='par_1_28' title="bbox 2082 1391 3661 1464">
     <span class='ocr_line' id='line_1_28' title="bbox 2082 1391 3661 1464; baseline 0 -20"><span class='ocrx_word' id='word_1_184' title='bbox 2082 1391 2306 1462; x_wconf 78' lang='lat' dir='ltr'><strong>gloriae,</strong></span> <span class='ocrx_word' id='word_1_185' title='bbox 2355 1408 2420 1446; x_wconf 89' lang='lat' dir='ltr'><strong>ac</strong></span> <span class='ocrx_word' id='word_1_186' title='bbox 2463 1393 2688 1464; x_wconf 86' lang='lat' dir='ltr'><strong>dignum</strong></span> <span class='ocrx_word' id='word_1_187' title='bbox 2734 1391 2978 1446; x_wconf 59' lang='lat' dir='ltr'><strong>victoriae</strong></span> <span class='ocrx_word' id='word_1_188' title='bbox 3021 1393 3304 1462; x_wconf 69' lang='lat' dir='ltr'><strong>praemium</strong></span> <span class='ocrx_word' id='word_1_189' title='bbox 3355 1394 3661 1463; x_wconf 84' lang='lat' dir='ltr'><strong>acciperet;</strong></span> 
     </span>
    </p>
   </div>
   <div class='ocr_carea' id='block_1_29' title="bbox 2083 1480 3711 1556">
    <p class='ocr_par' dir='ltr' id='par_1_29' title="bbox 2083 1480 3711 1556">
     <span class='ocr_line' id='line_1_29' title="bbox 2083 1480 3711 1556; baseline -0.001 -18"><span class='ocrx_word' id='word_1_190' title='bbox 2083 1494 2247 1554; x_wconf 83' lang='lat' dir='ltr'><strong>atque</strong></span> <span class='ocrx_word' id='word_1_191' title='bbox 2291 1486 2336 1540; x_wconf 88' lang='lat' dir='ltr'><strong>is</strong></span> <span class='ocrx_word' id='word_1_192' title='bbox 2365 1486 2455 1556; x_wconf 87' lang='lat' dir='ltr'><strong>qui</strong></span> <span class='ocrx_word' id='word_1_193' title='bbox 2492 1501 2590 1555; x_wconf 90' lang='lat' dir='ltr'><strong>pro</strong></span> <span class='ocrx_word' id='word_1_194' title='bbox 2624 1501 2688 1539; x_wconf 87' lang='lat' dir='ltr'><strong>ea</strong></span> <span class='ocrx_word' id='word_1_195' title='bbox 2720 1485 2999 1540; x_wconf 82' lang='lat' dir='ltr'><strong>laboribus</strong></span> <span class='ocrx_word' id='word_1_196' title='bbox 3029 1486 3341 1550; x_wconf 72' lang='lat' dir='ltr'><strong>defunctus,</strong></span> <span class='ocrx_word' id='word_1_197' title='bbox 3364 1494 3525 1554; x_wconf 89' lang='lat' dir='ltr'><strong>atque</strong></span> <span class='ocrx_word' id='word_1_198' title='bbox 3567 1485 3668 1538; x_wconf 76' lang='lat' dir='ltr'><strong>ltu~</strong></span> <span class='ocrx_word' id='word_1_199' title='bbox 3707 1480 3711 1484; x_wconf 80' lang='grc'><strong>’</strong></span> 
     </span>
    </p>
   </div>
   <div class='ocr_carea' id='block_1_30' title="bbox 2085 1576 3667 1647">
    <p class='ocr_par' dir='ltr' id='par_1_30' title="bbox 2085 1576 3667 1647">
     <span class='ocr_line' id='line_1_30' title="bbox 2085 1576 3667 1647; baseline -0.001 -17"><span class='ocrx_word' id='word_1_200' title='bbox 2085 1576 2230 1631; x_wconf 87' lang='lat' dir='ltr'><strong>milis</strong></span> <span class='ocrx_word' id='word_1_201' title='bbox 2277 1577 2631 1647; x_wconf 85' lang='lat' dir='ltr'><strong>abjectusque</strong></span> <span class='ocrx_word' id='word_1_202' title='bbox 2665 1577 2898 1631; x_wconf 85' lang='lat' dir='ltr'><strong>eﬂ&#39;ectus</strong></span> <span class='ocrx_word' id='word_1_203' title='bbox 2929 1584 3096 1636; x_wconf 80' lang='lat' dir='ltr'><strong>esset,</strong></span> <span class='ocrx_word' id='word_1_204' title='bbox 3135 1576 3376 1630; x_wconf 85' lang='lat' dir='ltr'><strong>laborum</strong></span> <span class='ocrx_word' id='word_1_205' title='bbox 3421 1591 3542 1629; x_wconf 84' lang='lat' dir='ltr'><strong>eam</strong></span> <span class='ocrx_word' id='word_1_206' title='bbox 3578 1589 3667 1629; x_wconf 85' lang='lat' dir='ltr'><strong>re-</strong></span> 
     </span>
    </p>
   </div>
   <div class='ocr_carea' id='block_1_31' title="bbox 2086 1665 3668 1731">
    <p class='ocr_par' dir='ltr' id='par_1_31' title="bbox 2086 1665 3668 1731">
     <span class='ocr_line' id='line_1_31' title="bbox 2086 1665 3668 1731; baseline -0.001 -7"><span class='ocrx_word' id='word_1_207' title='bbox 2086 1668 2401 1724; x_wconf 56' lang='lat' dir='ltr'><strong>missionem</strong></span> <span class='ocrx_word' id='word_1_208' title='bbox 2445 1683 2509 1724; x_wconf 90' lang='lat' dir='ltr'><strong>ac</strong></span> <span class='ocrx_word' id='word_1_209' title='bbox 2543 1669 2928 1729; x_wconf 80' lang='lat' dir='ltr'><strong>exaltationem</strong></span> <span class='ocrx_word' id='word_1_210' title='bbox 2955 1715 2957 1717; x_wconf 89' lang='lat'><strong>.</strong></span> <span class='ocrx_word' id='word_1_211' title='bbox 2989 1669 3274 1722; x_wconf 85' lang='lat' dir='ltr'><strong>inveniret.</strong></span> <span class='ocrx_word' id='word_1_212' title='bbox 3322 1665 3580 1731; x_wconf 76' lang='lat' dir='ltr'><strong>Docebat,</strong></span> <span class='ocrx_word' id='word_1_213' title='bbox 3607 1673 3668 1723; x_wconf 88' lang='lat' dir='ltr'><strong>ut</strong></span> 
     </span>
    </p>
   </div>
   <div class='ocr_carea' id='block_1_32' title="bbox 2085 1759 3670 1832">
    <p class='ocr_par' dir='ltr' id='par_1_32' title="bbox 2085 1759 3670 1832">
     <span class='ocr_line' id='line_1_32' title="bbox 2085 1759 3670 1832; baseline -0.002 -16"><span class='ocrx_word' id='word_1_214' title='bbox 2085 1761 2179 1832; x_wconf 90' lang='lat' dir='ltr'><strong>qui</strong></span> <span class='ocrx_word' id='word_1_215' title='bbox 2206 1776 2318 1832; x_wconf 85' lang='lat' dir='ltr'><strong>pro</strong></span> <span class='ocrx_word' id='word_1_216' title='bbox 2373 1761 2642 1832; x_wconf 78' lang='lat' dir='ltr'><strong>Unigeniti</strong></span> <span class='ocrx_word' id='word_1_217' title='bbox 2696 1763 2902 1832; x_wconf 88' lang='lat' dir='ltr'><strong>gloria,</strong></span> <span class='ocrx_word' id='word_1_218' title='bbox 2943 1776 3008 1815; x_wconf 87' lang='lat' dir='ltr'><strong>ac</strong></span> <span class='ocrx_word' id='word_1_219' title='bbox 3062 1759 3298 1829; x_wconf 83' lang='lat' dir='ltr'><strong>Spiritus</strong></span> <span class='ocrx_word' id='word_1_220' title='bbox 3357 1759 3670 1829; x_wconf 68' lang='lat' dir='ltr'><strong>aequalitate</strong></span> 
     </span>
    </p>
   </div>
   <div class='ocr_carea' id='block_1_33' title="bbox 389 1849 3668 1932">
    <p class='ocr_par' dir='ltr' id='par_1_33' title="bbox 389 1849 3668 1932">
     <span class='ocr_line' id='line_1_33' title="bbox 389 1849 3668 1932; baseline -0.003 -18"><span class='ocrx_word' id='word_1_221' title='bbox 389 1859 714 1932; x_wconf 68' lang='lat' dir='ltr'><strong>ﬂagitabat;</strong></span> <span class='ocrx_word' id='word_1_222' title='bbox 749 1872 814 1910; x_wconf 90' lang='lat' dir='ltr'><strong>ac</strong></span> <span class='ocrx_word' id='word_1_223' title='bbox 841 1870 966 1909; x_wconf 89' lang='lat' dir='ltr'><strong>cum</strong></span> <span class='ocrx_word' id='word_1_224' title='bbox 1003 1852 1214 1907; x_wconf 84' lang='lat' dir='ltr'><strong>solvere</strong></span> <span class='ocrx_word' id='word_1_225' title='bbox 1236 1849 1592 1911; x_wconf 83' lang='lat' dir='ltr'><strong>desideraret,</strong></span> <span class='ocrx_word' id='word_1_226' title='bbox 1628 1854 1678 1900; x_wconf 81' lang='lat' dir='ltr'><strong>el</strong></span> <span class='ocrx_word' id='word_1_227' title='bbox 1707 1861 1830 1902; x_wconf 81' lang='lat' dir='ltr'><strong>esse</strong></span> <span class='ocrx_word' id='word_1_228' title='bbox 1856 1860 1980 1900; x_wconf 83' lang='lat' dir='ltr'><strong>cum</strong></span> <span class='ocrx_word' id='word_1_229' title='bbox 2015 1852 2056 1907; x_wconf 85' lang='grc' dir='ltr'><strong>Β</strong></span> <span class='ocrx_word' id='word_1_230' title='bbox 2086 1869 2302 1910; x_wconf 85' lang='lat' dir='ltr'><strong>omnem</strong></span> <span class='ocrx_word' id='word_1_231' title='bbox 2351 1853 2593 1907; x_wconf 70' lang='lat' dir='ltr'><strong>laborem</strong></span> <span class='ocrx_word' id='word_1_232' title='bbox 2625 1868 3038 1922; x_wconf 66' lang='lat' dir='ltr'><strong>mrumnamque</strong></span> <span class='ocrx_word' id='word_1_233' title='bbox 3075 1851 3356 1922; x_wconf 83' lang='lat' dir='ltr'><strong>proclivis,</strong></span> <span class='ocrx_word' id='word_1_234' title='bbox 3389 1851 3668 1921; x_wconf 83' lang='lat' dir='ltr'><strong>suscepis-</strong></span> 
     </span>
    </p>
   </div>
   <div class='ocr_carea' id='block_1_34' title="bbox 386 1941 1980 2016">
    <p class='ocr_par' dir='ltr' id='par_1_34' title="bbox 386 1941 1980 2016">
     <span class='ocr_line' id='line_1_34' title="bbox 386 1941 1980 2016; baseline -0.013 -7"><span class='ocrx_word' id='word_1_235' title='bbox 386 1953 613 2009; x_wconf 87' lang='lat' dir='ltr'><strong>Cltristo</strong></span> <span class='ocrx_word' id='word_1_236' title='bbox 639 1993 656 2014; x_wconf 88' lang='lat'><strong>,</strong></span> <span class='ocrx_word' id='word_1_237' title='bbox 707 1945 1190 2016; x_wconf 70' lang='lat' dir='ltr'><strong>inge-miscebat“,</strong></span> <span class='ocrx_word' id='word_1_238' title='bbox 1227 1941 1688 2014; x_wconf 78' lang='lat' dir='ltr'><strong>quemadmodum</strong></span> <span class='ocrx_word' id='word_1_239' title='bbox 1748 1952 1980 2005; x_wconf 84' lang='lat' dir='ltr'><strong>magnus</strong></span> 
     </span>
    </p>
   </div>
   <div class='ocr_carea' id='block_1_35' title="bbox 393 2027 1977 2108">
    <p class='ocr_par' dir='ltr' id='par_1_35' title="bbox 393 2027 1977 2108">
     <span class='ocr_line' id='line_1_35' title="bbox 393 2027 1977 2108; baseline -0.008 -16"><span class='ocrx_word' id='word_1_240' title='bbox 393 2039 717 2106; x_wconf 73' lang='lat' dir='ltr'><strong>Apostolus,</strong></span> <span class='ocrx_word' id='word_1_241' title='bbox 763 2048 1040 2108; x_wconf 86' lang='lat' dir='ltr'><strong>gravatus,</strong></span> <span class='ocrx_word' id='word_1_242' title='bbox 1091 2049 1176 2100; x_wconf 90' lang='lat' dir='ltr'><strong>ac,</strong></span> <span class='ocrx_word' id='word_1_243' title='bbox 1227 2033 1369 2087; x_wconf 87' lang='lat' dir='ltr'><strong>sicut</strong></span> <span class='ocrx_word' id='word_1_244' title='bbox 1411 2030 1520 2095; x_wconf 87' lang='lat' dir='ltr'><strong>ille,</strong></span> <span class='ocrx_word' id='word_1_245' title='bbox 1605 2027 1977 2087; x_wconf 76' lang='lat' dir='ltr'><strong>habitaculum</strong></span> 
     </span>
    </p>
   </div>
   <div class='ocr_carea' id='block_1_36' title="bbox 395 2117 1488 2198">
    <p class='ocr_par' dir='ltr' id='par_1_36' title="bbox 395 2117 1488 2198">
     <span class='ocr_line' id='line_1_36' title="bbox 395 2117 1488 2198; baseline -0.006 -15"><span class='ocrx_word' id='word_1_246' title='bbox 395 2126 546 2198; x_wconf 87' lang='lat' dir='ltr'><strong>quod</strong></span> <span class='ocrx_word' id='word_1_247' title='bbox 573 2125 642 2180; x_wconf 84' lang='lat' dir='ltr'><strong>de</strong></span> <span class='ocrx_word' id='word_1_248' title='bbox 669 2123 816 2180; x_wconf 72' lang='lat' dir='ltr'><strong>coelo</strong></span> <span class='ocrx_word' id='word_1_249' title='bbox 840 2131 944 2191; x_wconf 86' lang='lat' dir='ltr'><strong>est,</strong></span> <span class='ocrx_word' id='word_1_250' title='bbox 977 2122 1130 2179; x_wconf 85' lang='lat' dir='ltr'><strong>indui</strong></span> <span class='ocrx_word' id='word_1_251' title='bbox 1171 2121 1398 2191; x_wconf 83' lang='lat' dir='ltr'><strong>cupiens</strong></span> <span class='ocrx_word' id='word_1_252' title='bbox 1423 2117 1488 2176; x_wconf 69' lang='grc' dir='ltr'><strong>δί.</strong></span> 
     </span>
    </p>
   </div>
   <div class='ocr_carea' id='block_1_37' title="bbox 475 2239 1980 2329">
    <p class='ocr_par' dir='ltr' id='par_1_37' title="bbox 475 2239 1980 2329">
     <span class='ocr_line' id='line_1_37' title="bbox 475 2239 1980 2329; baseline -0.006 -16"><span class='ocrx_word' id='word_1_253' title='bbox 475 2258 765 2314; x_wconf 79' lang='lat' dir='ltr'><strong>Enimvero</strong></span> <span class='ocrx_word' id='word_1_254' title='bbox 795 2258 956 2312; x_wconf 87' lang='lat' dir='ltr'><strong>etiam</strong></span> <span class='ocrx_word' id='word_1_255' title='bbox 982 2239 1127 2329; x_wconf 82' lang='lat' dir='ltr'><strong>quod</strong></span> <span class='ocrx_word' id='word_1_256' title='bbox 1162 2255 1413 2326; x_wconf 86' lang='lat' dir='ltr'><strong>precibus</strong></span> <span class='ocrx_word' id='word_1_257' title='bbox 1441 2252 1768 2316; x_wconf 84' lang='lat' dir='ltr'><strong>enitebatur,</strong></span> <span class='ocrx_word' id='word_1_258' title='bbox 1794 2265 1858 2306; x_wconf 85' lang='lat' dir='ltr'><strong>ac</strong></span> <span class='ocrx_word' id='word_1_259' title='bbox 1881 2265 1980 2312; x_wconf 87' lang='lat' dir='ltr'><strong>cu-</strong></span> 
     </span>
    </p>
   </div>
   <div class='ocr_carea' id='block_1_38' title="bbox 402 2342 1978 2422">
    <p class='ocr_par' dir='ltr' id='par_1_38' title="bbox 402 2342 1978 2422">
     <span class='ocr_line' id='line_1_38' title="bbox 402 2342 1978 2422; baseline -0.008 -14"><span class='ocrx_word' id='word_1_260' title='bbox 402 2351 576 2422; x_wconf 88' lang='lat' dir='ltr'><strong>pienti</strong></span> <span class='ocrx_word' id='word_1_261' title='bbox 610 2351 663 2406; x_wconf 88' lang='lat' dir='ltr'><strong>in</strong></span> <span class='ocrx_word' id='word_1_262' title='bbox 693 2352 824 2405; x_wconf 82' lang='lat' dir='ltr'><strong>votis</strong></span> <span class='ocrx_word' id='word_1_263' title='bbox 862 2358 998 2416; x_wconf 88' lang='lat' dir='ltr'><strong>erat,</strong></span> <span class='ocrx_word' id='word_1_264' title='bbox 1024 2350 1130 2404; x_wconf 88' lang='lat' dir='ltr'><strong>hoc</strong></span> <span class='ocrx_word' id='word_1_265' title='bbox 1172 2345 1556 2416; x_wconf 85' lang='lat' dir='ltr'><strong>consequitur;</strong></span> <span class='ocrx_word' id='word_1_266' title='bbox 1602 2348 1767 2413; x_wconf 82' lang='lat' dir='ltr'><strong>inque</strong></span> <span class='ocrx_word' id='word_1_267' title='bbox 1839 2342 1978 2397; x_wconf 86' lang='lat' dir='ltr'><strong>bona</strong></span> 
     </span>
    </p>
   </div>
   <div class='ocr_carea' id='block_1_39' title="bbox 405 2431 1981 2512">
    <p class='ocr_par' dir='ltr' id='par_1_39' title="bbox 405 2431 1981 2512">
     <span class='ocr_line' id='line_1_39' title="bbox 405 2431 1981 2512; baseline -0.008 -15"><span class='ocrx_word' id='word_1_268' title='bbox 405 2457 472 2497; x_wconf 89' lang='lat' dir='ltr'><strong>ac</strong></span> <span class='ocrx_word' id='word_1_269' title='bbox 521 2441 702 2512; x_wconf 82' lang='lat' dir='ltr'><strong>pingui</strong></span> <span class='ocrx_word' id='word_1_270' title='bbox 749 2448 1030 2495; x_wconf 86' lang='lat' dir='ltr'><strong>senectute</strong></span> <span class='ocrx_word' id='word_1_271' title='bbox 1053 2438 1123 2501; x_wconf 79' lang='lat'><strong>“,</strong></span> <span class='ocrx_word' id='word_1_272' title='bbox 1164 2437 1333 2492; x_wconf 87' lang='lat' dir='ltr'><strong>vitam</strong></span> <span class='ocrx_word' id='word_1_273' title='bbox 1369 2435 1564 2502; x_wconf 87' lang='lat' dir='ltr'><strong>solvit;</strong></span> <span class='ocrx_word' id='word_1_274' title='bbox 1599 2449 1664 2491; x_wconf 89' lang='lat' dir='ltr'><strong>ac</strong></span> <span class='ocrx_word' id='word_1_275' title='bbox 1693 2447 1819 2490; x_wconf 87' lang='lat' dir='ltr'><strong>cum</strong></span> <span class='ocrx_word' id='word_1_276' title='bbox 1867 2431 1981 2501; x_wconf 90' lang='lat' dir='ltr'><strong>pri-</strong></span> 
     </span>
    </p>
   </div>
   <div class='ocr_carea' id='block_1_40' title="bbox 403 2521 1980 2586">
    <p class='ocr_par' dir='ltr' id='par_1_40' title="bbox 403 2521 1980 2586">
     <span class='ocr_line' id='line_1_40' title="bbox 403 2521 1980 2586; baseline -0.008 0"><span class='ocrx_word' id='word_1_277' title='bbox 403 2531 526 2586; x_wconf 85' lang='lat' dir='ltr'><strong>dem</strong></span> <span class='ocrx_word' id='word_1_278' title='bbox 567 2543 693 2586; x_wconf 83' lang='lat' dir='ltr'><strong>snas</strong></span> <span class='ocrx_word' id='word_1_279' title='bbox 713 2542 904 2585; x_wconf 84' lang='lat' dir='ltr'><strong>omnes</strong></span> <span class='ocrx_word' id='word_1_280' title='bbox 929 2529 1052 2583; x_wconf 75' lang='lat' dir='ltr'><strong>vitae</strong></span> <span class='ocrx_word' id='word_1_281' title='bbox 1079 2526 1320 2584; x_wconf 86' lang='lat' dir='ltr'><strong>rationes</strong></span> <span class='ocrx_word' id='word_1_282' title='bbox 1358 2525 1412 2579; x_wconf 89' lang='lat' dir='ltr'><strong>in</strong></span> <span class='ocrx_word' id='word_1_283' title='bbox 1434 2523 1634 2579; x_wconf 73' lang='lat' dir='ltr'><strong>emtum</strong></span> <span class='ocrx_word' id='word_1_284' title='bbox 1663 2521 1980 2578; x_wconf 83' lang='lat' dir='ltr'><strong>transtulis-</strong></span> 
     </span>
    </p>
   </div>
   <div class='ocr_carea' id='block_1_41' title="bbox 406 2612 1985 2691">
    <p class='ocr_par' dir='ltr' id='par_1_41' title="bbox 406 2612 1985 2691">
     <span class='ocr_line' id='line_1_41' title="bbox 406 2612 1985 2691; baseline -0.009 -15"><span class='ocrx_word' id='word_1_285' title='bbox 406 2630 490 2677; x_wconf 83' lang='lat' dir='ltr'><strong>set</strong></span> <span class='ocrx_word' id='word_1_286' title='bbox 524 2621 589 2686; x_wconf 85' lang='grc'><strong>⁸³,</strong></span> <span class='ocrx_word' id='word_1_287' title='bbox 620 2619 807 2691; x_wconf 88' lang='lat' dir='ltr'><strong>utique</strong></span> <span class='ocrx_word' id='word_1_288' title='bbox 840 2618 1007 2674; x_wconf 89' lang='lat' dir='ltr'><strong>etiam</strong></span> <span class='ocrx_word' id='word_1_289' title='bbox 1035 2632 1101 2673; x_wconf 90' lang='lat' dir='ltr'><strong>eo</strong></span> <span class='ocrx_word' id='word_1_290' title='bbox 1131 2615 1478 2686; x_wconf 87' lang='lat' dir='ltr'><strong>commigrat.</strong></span> <span class='ocrx_word' id='word_1_291' title='bbox 1508 2617 1584 2670; x_wconf 76' lang='lat' dir='ltr'><strong>Ac</strong></span> <span class='ocrx_word' id='word_1_292' title='bbox 1613 2612 1832 2682; x_wconf 82' lang='lat' dir='ltr'><strong>quidem</strong></span> <span class='ocrx_word' id='word_1_293' title='bbox 1861 2625 1985 2665; x_wconf 87' lang='lat' dir='ltr'><strong>cor-</strong></span> 
     </span>
    </p>
   </div>
   <div class='ocr_carea' id='block_1_42' title="bbox 407 2706 1982 2782">
    <p class='ocr_par' dir='ltr' id='par_1_42' title="bbox 407 2706 1982 2782">
     <span class='ocr_line' id='line_1_42' title="bbox 407 2706 1982 2782; baseline -0.01 -13"><span class='ocrx_word' id='word_1_294' title='bbox 407 2729 527 2782; x_wconf 85' lang='lat' dir='ltr'><strong>pus,</strong></span> <span class='ocrx_word' id='word_1_295' title='bbox 556 2709 785 2781; x_wconf 89' lang='lat' dir='ltr'><strong>utquod</strong></span> <span class='ocrx_word' id='word_1_296' title='bbox 817 2719 961 2768; x_wconf 87' lang='lat' dir='ltr'><strong>terra</strong></span> <span class='ocrx_word' id='word_1_297' title='bbox 993 2718 1160 2774; x_wconf 84' lang='lat' dir='ltr'><strong>esset,</strong></span> <span class='ocrx_word' id='word_1_298' title='bbox 1187 2716 1330 2764; x_wconf 88' lang='lat' dir='ltr'><strong>terra</strong></span> <span class='ocrx_word' id='word_1_299' title='bbox 1369 2706 1727 2776; x_wconf 81' lang='lat' dir='ltr'><strong>obtegendum</strong></span> <span class='ocrx_word' id='word_1_300' title='bbox 1755 2711 1982 2773; x_wconf 88' lang='lat' dir='ltr'><strong>paterno</strong></span> 
     </span>
    </p>
   </div>
   <div class='ocr_carea' id='block_1_43' title="bbox 403 2793 1984 2869">
    <p class='ocr_par' dir='ltr' id='par_1_43' title="bbox 403 2793 1984 2869">
     <span class='ocr_line' id='line_1_43' title="bbox 403 2793 1984 2869; baseline -0.008 -8"><span class='ocrx_word' id='word_1_301' title='bbox 403 2807 456 2861; x_wconf 88' lang='lat' dir='ltr'><strong>in</strong></span> <span class='ocrx_word' id='word_1_302' title='bbox 489 2803 698 2860; x_wconf 87' lang='lat' dir='ltr'><strong>tumulo</strong></span> <span class='ocrx_word' id='word_1_303' title='bbox 740 2801 990 2869; x_wconf 80' lang='lat' dir='ltr'><strong>dimittit;</strong></span> <span class='ocrx_word' id='word_1_304' title='bbox 1030 2817 1096 2857; x_wconf 87' lang='lat' dir='ltr'><strong>ac</strong></span> <span class='ocrx_word' id='word_1_305' title='bbox 1120 2815 1244 2856; x_wconf 86' lang='lat' dir='ltr'><strong>cum</strong></span> <span class='ocrx_word' id='word_1_306' title='bbox 1275 2816 1339 2860; x_wconf 75' lang='lat' dir='ltr'><strong>ex</strong></span> <span class='ocrx_word' id='word_1_307' title='bbox 1375 2799 1574 2854; x_wconf 88' lang='lat' dir='ltr'><strong>tabulis</strong></span> <span class='ocrx_word' id='word_1_308' title='bbox 1613 2797 1850 2852; x_wconf 88' lang='lat' dir='ltr'><strong>cavisset</strong></span> <span class='ocrx_word' id='word_1_309' title='bbox 1879 2793 1984 2849; x_wconf 88' lang='lat' dir='ltr'><strong>sub</strong></span> 
     </span>
    </p>
   </div>
   <div class='ocr_carea' id='block_1_44' title="bbox 401 2889 1983 2965">
    <p class='ocr_par' dir='ltr' id='par_1_44' title="bbox 401 2889 1983 2965">
     <span class='ocr_line' id='line_1_44' title="bbox 401 2889 1983 2965; baseline -0.005 -11"><span class='ocrx_word' id='word_1_310' title='bbox 401 2914 511 2955; x_wconf 83' lang='lat' dir='ltr'><strong>uno</strong></span> <span class='ocrx_word' id='word_1_311' title='bbox 556 2895 946 2952; x_wconf 79' lang='lat' dir='ltr'><strong>occultandam</strong></span> <span class='ocrx_word' id='word_1_312' title='bbox 1000 2894 1217 2965; x_wconf 86' lang='lat' dir='ltr'><strong>lapide,</strong></span> <span class='ocrx_word' id='word_1_313' title='bbox 1253 2895 1504 2964; x_wconf 84' lang='lat' dir='ltr'><strong>spiritum</strong></span> <span class='ocrx_word' id='word_1_314' title='bbox 1561 2892 1614 2946; x_wconf 92' lang='lat' dir='ltr'><strong>in</strong></span> <span class='ocrx_word' id='word_1_315' title='bbox 1661 2891 1776 2959; x_wconf 86' lang='lat' dir='ltr'><strong>ejus</strong></span> <span class='ocrx_word' id='word_1_316' title='bbox 1810 2889 1983 2958; x_wconf 79' lang='lat' dir='ltr'><strong>depo-</strong></span> 
     </span>
    </p>
   </div>
   <div class='ocr_carea' id='block_1_45' title="bbox 401 2981 1983 3061">
    <p class='ocr_par' dir='ltr' id='par_1_45' title="bbox 401 2981 1983 3061">
     <span class='ocr_line' id='line_1_45' title="bbox 401 2981 1983 3061; baseline -0.006 -14"><span class='ocrx_word' id='word_1_317' title='bbox 401 3007 536 3047; x_wconf 85' lang='lat' dir='ltr'><strong>nens</strong></span> <span class='ocrx_word' id='word_1_318' title='bbox 559 3005 760 3045; x_wconf 85' lang='lat' dir='ltr'><strong>tnanus</strong></span> <span class='ocrx_word' id='word_1_319' title='bbox 788 2988 884 3061; x_wconf 87' lang='lat' dir='ltr'><strong>qui</strong></span> <span class='ocrx_word' id='word_1_320' title='bbox 918 2986 1216 3042; x_wconf 84' lang='lat' dir='ltr'><strong>tradiderat</strong></span> <span class='ocrx_word' id='word_1_321' title='bbox 1253 2986 1323 3044; x_wconf 73' lang='lat'><strong>“.</strong></span> <span class='ocrx_word' id='word_1_322' title='bbox 1347 2986 1413 3042; x_wconf 84' lang='lat' dir='ltr'><strong>ad</strong></span> <span class='ocrx_word' id='word_1_323' title='bbox 1441 2987 1619 3055; x_wconf 89' lang='lat' dir='ltr'><strong>ipsunt</strong></span> <span class='ocrx_word' id='word_1_324' title='bbox 1647 2981 1983 3039; x_wconf 82' lang='lat' dir='ltr'><strong>incontami-</strong></span> 
     </span>
    </p>
   </div>
   <div class='ocr_carea' id='block_1_46' title="bbox 403 3073 1982 3139">
    <p class='ocr_par' dir='ltr' id='par_1_46' title="bbox 403 3073 1982 3139">
     <span class='ocr_line' id='line_1_46' title="bbox 403 3073 1982 3139; baseline -0.006 -1"><span class='ocrx_word' id='word_1_325' title='bbox 403 3093 532 3139; x_wconf 85' lang='lat' dir='ltr'><strong>nato</strong></span> <span class='ocrx_word' id='word_1_326' title='bbox 575 3083 760 3138; x_wconf 90' lang='lat' dir='ltr'><strong>animo</strong></span> <span class='ocrx_word' id='word_1_327' title='bbox 791 3083 1012 3135; x_wconf 86' lang='lat' dir='ltr'><strong>transit.</strong></span> <span class='ocrx_word' id='word_1_328' title='bbox 1043 3080 1121 3134; x_wconf 87' lang='lat' dir='ltr'><strong>Ac</strong></span> <span class='ocrx_word' id='word_1_329' title='bbox 1151 3079 1294 3135; x_wconf 80' lang='lat' dir='ltr'><strong>sicut</strong></span> <span class='ocrx_word' id='word_1_330' title='bbox 1323 3091 1541 3135; x_wconf 79' lang='lat' dir='ltr'><strong>sacrum</strong></span> <span class='ocrx_word' id='word_1_331' title='bbox 1578 3091 1672 3130; x_wconf 84' lang='lat' dir='ltr'><strong>vas</strong></span> <span class='ocrx_word' id='word_1_332' title='bbox 1698 3073 1982 3129; x_wconf 82' lang='lat' dir='ltr'><strong>electionis</strong></span> 
     </span>
    </p>
   </div>
   <div class='ocr_carea' id='block_1_47' title="bbox 403 3166 1983 3238">
    <p class='ocr_par' dir='ltr' id='par_1_47' title="bbox 403 3166 1983 3238">
     <span class='ocr_line' id='line_1_47' title="bbox 403 3166 1983 3238; baseline -0.011 -4"><span class='ocrx_word' id='word_1_333' title='bbox 403 3178 624 3234; x_wconf 87' lang='lat' dir='ltr'><strong>divinus</strong></span> <span class='ocrx_word' id='word_1_334' title='bbox 651 3174 852 3230; x_wconf 88' lang='lat' dir='ltr'><strong>Paulus</strong></span> <span class='ocrx_word' id='word_1_335' title='bbox 885 3174 952 3238; x_wconf 82' lang='grc'><strong>⁸⁸,</strong></span> <span class='ocrx_word' id='word_1_336' title='bbox 989 3172 1336 3229; x_wconf 82' lang='lat' dir='ltr'><strong>tlivinissirno</strong></span> <span class='ocrx_word' id='word_1_337' title='bbox 1377 3170 1583 3226; x_wconf 86' lang='lat' dir='ltr'><strong>Christi</strong></span> <span class='ocrx_word' id='word_1_338' title='bbox 1609 3182 1774 3223; x_wconf 86' lang='lat' dir='ltr'><strong>sensu</strong></span> <span class='ocrx_word' id='word_1_339' title='bbox 1808 3166 1983 3235; x_wconf 84' lang='lat' dir='ltr'><strong>reple-</strong></span> 
     </span>
    </p>
   </div>
   <div class='ocr_carea' id='block_1_48' title="bbox 412 3254 1988 3335">
    <p class='ocr_par' dir='ltr' id='par_1_48' title="bbox 412 3254 1988 3335">
     <span class='ocr_line' id='line_1_48' title="bbox 412 3254 1988 3335; baseline -0.01 -13"><span class='ocrx_word' id='word_1_340' title='bbox 412 3277 520 3327; x_wconf 82' lang='lat' dir='ltr'><strong>tus.</strong></span> <span class='ocrx_word' id='word_1_341' title='bbox 543 3281 638 3335; x_wconf 86' lang='lat' dir='ltr'><strong>per</strong></span> <span class='ocrx_word' id='word_1_342' title='bbox 656 3278 781 3320; x_wconf 85' lang='lat' dir='ltr'><strong>eum</strong></span> <span class='ocrx_word' id='word_1_343' title='bbox 816 3276 923 3317; x_wconf 90' lang='lat' dir='ltr'><strong>non</strong></span> <span class='ocrx_word' id='word_1_344' title='bbox 956 3276 987 3315; x_wconf 87' lang='lat' dir='ltr'><strong>e</strong></span> <span class='ocrx_word' id='word_1_345' title='bbox 1015 3271 1181 3320; x_wconf 87' lang='lat' dir='ltr'><strong>terra,</strong></span> <span class='ocrx_word' id='word_1_346' title='bbox 1201 3259 1293 3319; x_wconf 88' lang='lat' dir='ltr'><strong>sed</strong></span> <span class='ocrx_word' id='word_1_347' title='bbox 1321 3275 1352 3312; x_wconf 90' lang='lat' dir='ltr'><strong>e</strong></span> <span class='ocrx_word' id='word_1_348' title='bbox 1377 3259 1516 3313; x_wconf 79' lang='lat' dir='ltr'><strong>cmlo</strong></span> <span class='ocrx_word' id='word_1_349' title='bbox 1543 3264 1788 3319; x_wconf 82' lang='lat' dir='ltr'><strong>vocatus,</strong></span> <span class='ocrx_word' id='word_1_350' title='bbox 1824 3254 1988 3326; x_wconf 84' lang='lat' dir='ltr'><strong>inque</strong></span> 
     </span>
    </p>
   </div>
   <div class='ocr_carea' id='block_1_49' title="bbox 405 3341 1988 3424">
    <p class='ocr_par' dir='ltr' id='par_1_49' title="bbox 405 3341 1988 3424">
     <span class='ocr_line' id='line_1_49' title="bbox 405 3341 1988 3424; baseline -0.009 -14"><span class='ocrx_word' id='word_1_351' title='bbox 405 3341 582 3410; x_wconf 76' lang='lat' dir='ltr'><strong>lucem</strong></span> <span class='ocrx_word' id='word_1_352' title='bbox 626 3353 869 3424; x_wconf 81' lang='lat' dir='ltr'><strong>gentium</strong></span> <span class='ocrx_word' id='word_1_353' title='bbox 900 3347 968 3416; x_wconf 80' lang='lat'><strong>“,</strong></span> <span class='ocrx_word' id='word_1_354' title='bbox 1013 3363 1079 3408; x_wconf 87' lang='lat' dir='ltr'><strong>ac</strong></span> <span class='ocrx_word' id='word_1_355' title='bbox 1123 3357 1279 3404; x_wconf 63' lang='lat' dir='ltr'><strong>terr-te</strong></span> <span class='ocrx_word' id='word_1_356' title='bbox 1316 3347 1546 3410; x_wconf 79' lang='lat' dir='ltr'><strong>salutem</strong></span> <span class='ocrx_word' id='word_1_357' title='bbox 1585 3346 1822 3408; x_wconf 83' lang='lat' dir='ltr'><strong>missus;</strong></span> <span class='ocrx_word' id='word_1_358' title='bbox 1864 3356 1988 3406; x_wconf 83' lang='lat' dir='ltr'><strong>cum</strong></span> 
     </span>
    </p>
   </div>
   <div class='ocr_carea' id='block_1_50' title="bbox 411 3437 1991 3515">
    <p class='ocr_par' dir='ltr' id='par_1_50' title="bbox 411 3437 1991 3515">
     <span class='ocr_line' id='line_1_50' title="bbox 411 3437 1991 3515; baseline -0.009 -12"><span class='ocrx_word' id='word_1_359' title='bbox 411 3438 600 3503; x_wconf 81' lang='lat' dir='ltr'><strong>multis</strong></span> <span class='ocrx_word' id='word_1_360' title='bbox 648 3443 939 3502; x_wconf 80' lang='lat' dir='ltr'><strong>defunctus</strong></span> <span class='ocrx_word' id='word_1_361' title='bbox 977 3443 1234 3515; x_wconf 85' lang='lat' dir='ltr'><strong>periculis</strong></span> <span class='ocrx_word' id='word_1_362' title='bbox 1266 3451 1431 3512; x_wconf 79' lang='lat' dir='ltr'><strong>atque</strong></span> <span class='ocrx_word' id='word_1_363' title='bbox 1459 3441 1743 3504; x_wconf 67' lang='lat' dir='ltr'><strong>aerumnis,</strong></span> <span class='ocrx_word' id='word_1_364' title='bbox 1774 3437 1870 3492; x_wconf 84' lang='lat' dir='ltr'><strong>Dei</strong></span> <span class='ocrx_word' id='word_1_365' title='bbox 1900 3451 1991 3492; x_wconf 85' lang='lat' dir='ltr'><strong>sa-</strong></span> 
     </span>
    </p>
   </div>
   <div class='ocr_carea' id='block_1_51' title="bbox 418 3530 1992 3611">
    <p class='ocr_par' dir='ltr' id='par_1_51' title="bbox 418 3530 1992 3611">
     <span class='ocr_line' id='line_1_51' title="bbox 418 3530 1992 3611; baseline -0.008 -18"><span class='ocrx_word' id='word_1_366' title='bbox 418 3538 594 3594; x_wconf 86' lang='lat' dir='ltr'><strong>lutare</strong></span> <span class='ocrx_word' id='word_1_367' title='bbox 621 3537 970 3611; x_wconf 81' lang='lat' dir='ltr'><strong>Evangelium</strong></span> <span class='ocrx_word' id='word_1_368' title='bbox 1014 3535 1334 3591; x_wconf 85' lang='lat' dir='ltr'><strong>mortalibus</strong></span> <span class='ocrx_word' id='word_1_369' title='bbox 1365 3533 1734 3604; x_wconf 65' lang='lat' dir='ltr'><strong>prmdicasset,</strong></span> <span class='ocrx_word' id='word_1_370' title='bbox 1758 3530 1992 3584; x_wconf 79' lang='lat' dir='ltr'><strong>bonum-</strong></span> 
     </span>
    </p>
   </div>
   <div class='ocr_carea' id='block_1_52' title="bbox 420 3622 1993 3704">
    <p class='ocr_par' dir='ltr' id='par_1_52' title="bbox 420 3622 1993 3704">
     <span class='ocr_line' id='line_1_52' title="bbox 420 3622 1993 3704; baseline -0.007 -18"><span class='ocrx_word' id='word_1_371' title='bbox 420 3649 528 3704; x_wconf 81' lang='lat' dir='ltr'><strong>que</strong></span> <span class='ocrx_word' id='word_1_372' title='bbox 573 3640 843 3687; x_wconf 87' lang='lat' dir='ltr'><strong>certamen</strong></span> <span class='ocrx_word' id='word_1_373' title='bbox 879 3630 1116 3701; x_wconf 82' lang='lat' dir='ltr'><strong>legitime</strong></span> <span class='ocrx_word' id='word_1_374' title='bbox 1153 3638 1449 3691; x_wconf 84' lang='lat' dir='ltr'><strong>certasset,</strong></span> <span class='ocrx_word' id='word_1_375' title='bbox 1479 3639 1738 3681; x_wconf 75' lang='lat' dir='ltr'><strong>coronam</strong></span> <span class='ocrx_word' id='word_1_376' title='bbox 1768 3622 1993 3692; x_wconf 69' lang='lat' dir='ltr'><strong>justitiae</strong></span> 
     </span>
    </p>
   </div>
   <div class='ocr_carea' id='block_1_53' title="bbox 420 3713 1994 3789">
    <p class='ocr_par' dir='ltr' id='par_1_53' title="bbox 420 3713 1994 3789">
     <span class='ocr_line' id='line_1_53' title="bbox 420 3713 1994 3789; baseline -0.008 -10"><span class='ocrx_word' id='word_1_377' title='bbox 420 3731 746 3782; x_wconf 85' lang='lat' dir='ltr'><strong>consecutus</strong></span> <span class='ocrx_word' id='word_1_378' title='bbox 769 3732 852 3776; x_wconf 89' lang='lat' dir='ltr'><strong>est</strong></span> <span class='ocrx_word' id='word_1_379' title='bbox 869 3720 915 3753; x_wconf 79' lang='grc'><strong>⁸⁸⁷</strong></span> <span class='ocrx_word' id='word_1_380' title='bbox 934 3739 948 3789; x_wconf 86' lang='grc'>;</span> <span class='ocrx_word' id='word_1_381' title='bbox 965 3721 1167 3788; x_wconf 86' lang='lat' dir='ltr'><strong>pariter</strong></span> <span class='ocrx_word' id='word_1_382' title='bbox 1187 3721 1350 3774; x_wconf 82' lang='lat' dir='ltr'><strong>etiam</strong></span> <span class='ocrx_word' id='word_1_383' title='bbox 1392 3719 1537 3773; x_wconf 84' lang='lat' dir='ltr'><strong>illius</strong></span> <span class='ocrx_word' id='word_1_384' title='bbox 1563 3715 1832 3787; x_wconf 79' lang='lat' dir='ltr'><strong>perlectus</strong></span> <span class='ocrx_word' id='word_1_385' title='bbox 1868 3713 1994 3768; x_wconf 83' lang='lat' dir='ltr'><strong>inti-</strong></span> 
     </span>
    </p>
   </div>
   <div class='ocr_carea' id='block_1_54' title="bbox 418 3804 1997 3876">
    <p class='ocr_par' dir='ltr' id='par_1_54' title="bbox 418 3804 1997 3876">
     <span class='ocr_line' id='line_1_54' title="bbox 418 3804 1997 3876; baseline -0.009 0"><span class='ocrx_word' id='word_1_386' title='bbox 418 3829 561 3876; x_wconf 75' lang='lat' dir='ltr'><strong>tutor</strong></span> <span class='ocrx_word' id='word_1_387' title='bbox 585 3815 793 3874; x_wconf 87' lang='lat' dir='ltr'><strong>altioris</strong></span> <span class='ocrx_word' id='word_1_388' title='bbox 813 3816 952 3872; x_wconf 76' lang='lat' dir='ltr'><strong>crelo</strong></span> <span class='ocrx_word' id='word_1_389' title='bbox 977 3804 1261 3869; x_wconf 74' lang='lat' dir='ltr'><strong>Trinitatis</strong></span> <span class='ocrx_word' id='word_1_390' title='bbox 1285 3823 1416 3868; x_wconf 89' lang='lat' dir='ltr'><strong>nutu</strong></span> <span class='ocrx_word' id='word_1_391' title='bbox 1440 3813 1507 3866; x_wconf 87' lang='lat' dir='ltr'><strong>ad</strong></span> <span class='ocrx_word' id='word_1_392' title='bbox 1540 3810 1780 3871; x_wconf 84' lang='lat' dir='ltr'><strong>divinam</strong></span> <span class='ocrx_word' id='word_1_393' title='bbox 1818 3807 1997 3862; x_wconf 86' lang='lat' dir='ltr'><strong>Theo-.-</strong></span> 
     </span>
    </p>
   </div>
   <div class='ocr_carea' id='block_1_55' title="bbox 412 3899 1993 3992">
    <p class='ocr_par' dir='ltr' id='par_1_55' title="bbox 412 3899 1993 3992">
     <span class='ocr_line' id='line_1_55' title="bbox 412 3899 1993 3992; baseline -0.009 -24"><span class='ocrx_word' id='word_1_394' title='bbox 412 3912 618 3992; x_wconf 65' lang='lat' dir='ltr'><strong>logiant</strong></span> <span class='ocrx_word' id='word_1_395' title='bbox 661 3918 909 3982; x_wconf 86' lang='lat' dir='ltr'><strong>vocatus,</strong></span> <span class='ocrx_word' id='word_1_396' title='bbox 955 3923 1020 3962; x_wconf 89' lang='lat' dir='ltr'><strong>ac</strong></span> <span class='ocrx_word' id='word_1_397' title='bbox 1083 3920 1206 3965; x_wconf 84' lang='lat' dir='ltr'><strong>cum</strong></span> <span class='ocrx_word' id='word_1_398' title='bbox 1246 3904 1362 3975; x_wconf 86' lang='lat' dir='ltr'><strong>ipse</strong></span> <span class='ocrx_word' id='word_1_399' title='bbox 1411 3917 1630 3974; x_wconf 87' lang='lat' dir='ltr'><strong>quoque</strong></span> <span class='ocrx_word' id='word_1_400' title='bbox 1685 3916 1781 3971; x_wconf 88' lang='lat' dir='ltr'><strong>per</strong></span> <span class='ocrx_word' id='word_1_401' title='bbox 1828 3899 1993 3955; x_wconf 87' lang='lat' dir='ltr'><strong>multa</strong></span> 
     </span>
    </p>
   </div>
   <div class='ocr_carea' id='block_1_56' title="bbox 413 3990 1997 4076">
    <p class='ocr_par' dir='ltr' id='par_1_56' title="bbox 413 3990 1997 4076">
     <span class='ocr_line' id='line_1_56' title="bbox 413 3990 1997 4076; baseline -0.01 -16"><span class='ocrx_word' id='word_1_402' title='bbox 413 3990 655 4076; x_wconf 80' lang='lat' dir='ltr'><strong>pericula</strong></span> <span class='ocrx_word' id='word_1_403' title='bbox 686 4002 925 4057; x_wconf 86' lang='lat' dir='ltr'><strong>divinam</strong></span> <span class='ocrx_word' id='word_1_404' title='bbox 967 3999 1116 4060; x_wconf 79' lang='lat' dir='ltr'><strong>comi</strong></span> <span class='ocrx_word' id='word_1_405' title='bbox 1153 3998 1416 4067; x_wconf 76' lang='lat' dir='ltr'><strong>majorem</strong></span> <span class='ocrx_word' id='word_1_406' title='bbox 1455 3995 1695 4056; x_wconf 81' lang='lat' dir='ltr'><strong>essentia</strong></span> <span class='ocrx_word' id='word_1_407' title='bbox 1749 3990 1997 4052; x_wconf 78' lang='lat' dir='ltr'><strong>Consuli-</strong></span> 
     </span>
    </p>
   </div>
   <div class='ocr_carea' id='block_1_57' title="bbox 414 4086 1999 4163">
    <p class='ocr_par' dir='ltr' id='par_1_57' title="bbox 414 4086 1999 4163">
     <span class='ocr_line' id='line_1_57' title="bbox 414 4086 1999 4163; baseline -0.008 -11"><span class='ocrx_word' id='word_1_408' title='bbox 414 4095 825 4163; x_wconf 77' lang='lat' dir='ltr'><strong>stantialitatem</strong></span> <span class='ocrx_word' id='word_1_409' title='bbox 890 4093 1300 4158; x_wconf 81' lang='lat' dir='ltr'><strong>annuntiesset,</strong></span> <span class='ocrx_word' id='word_1_410' title='bbox 1352 4088 1667 4156; x_wconf 80' lang='lat' dir='ltr'><strong>bonumque</strong></span> <span class='ocrx_word' id='word_1_411' title='bbox 1739 4086 1999 4156; x_wconf 63' lang='lat' dir='ltr'><strong>praeclare</strong></span> 
     </span>
    </p>
   </div>
   <div class='ocr_carea' id='block_1_58' title="bbox 417 4180 1997 4252">
    <p class='ocr_par' dir='ltr' id='par_1_58' title="bbox 417 4180 1997 4252">
     <span class='ocr_line' id='line_1_58' title="bbox 417 4180 1997 4252; baseline -0.009 -9"><span class='ocrx_word' id='word_1_412' title='bbox 417 4198 693 4252; x_wconf 81' lang='lat' dir='ltr'><strong>certamen</strong></span> <span class='ocrx_word' id='word_1_413' title='bbox 729 4193 1012 4249; x_wconf 79' lang='lat' dir='ltr'><strong>certasset,</strong></span> <span class='ocrx_word' id='word_1_414' title='bbox 1047 4197 1113 4246; x_wconf 80' lang='lat' dir='ltr'><strong>ac</strong></span> <span class='ocrx_word' id='word_1_415' title='bbox 1158 4180 1481 4236; x_wconf 75' lang='lat' dir='ltr'><strong>inoli‘ensum</strong></span> <span class='ocrx_word' id='word_1_416' title='bbox 1523 4181 1740 4248; x_wconf 78' lang='lat' dir='ltr'><strong>pietatis</strong></span> <span class='ocrx_word' id='word_1_417' title='bbox 1769 4191 1997 4236; x_wconf 81' lang='lat' dir='ltr'><strong>cursum</strong></span> 
     </span>
    </p>
   </div>
   <div class='ocr_carea' id='block_1_59' title="bbox 420 4271 1996 4353">
    <p class='ocr_par' dir='ltr' id='par_1_59' title="bbox 420 4271 1996 4353">
     <span class='ocr_line' id='line_1_59' title="bbox 420 4271 1996 4353; baseline -0.01 -15"><span class='ocrx_word' id='word_1_418' title='bbox 420 4289 875 4353; x_wconf 75' lang='lat' dir='ltr'><strong>consummasset,</strong></span> <span class='ocrx_word' id='word_1_419' title='bbox 926 4289 1240 4346; x_wconf 72' lang='lat' dir='ltr'><strong>rectumque</strong></span> <span class='ocrx_word' id='word_1_420' title='bbox 1293 4284 1562 4330; x_wconf 69' lang='lat' dir='ltr'><strong>accuratae</strong></span> <span class='ocrx_word' id='word_1_421' title='bbox 1609 4271 1729 4330; x_wconf 76' lang='lat' dir='ltr'><strong>fidei</strong></span> <span class='ocrx_word' id='word_1_422' title='bbox 1752 4271 1996 4342; x_wconf 80' lang='lat' dir='ltr'><strong>regulam</strong></span> 
     </span>
    </p>
   </div>
   <div class='ocr_carea' id='block_1_60' title="bbox 424 4365 1999 4442">
    <p class='ocr_par' dir='ltr' id='par_1_60' title="bbox 424 4365 1999 4442">
     <span class='ocr_line' id='line_1_60' title="bbox 424 4365 1999 4442; baseline -0.009 -10"><span class='ocrx_word' id='word_1_423' title='bbox 424 4382 713 4440; x_wconf 73' lang='lat' dir='ltr'><strong>servasset,</strong></span> <span class='ocrx_word' id='word_1_424' title='bbox 745 4389 776 4427; x_wconf 91' lang='lat' dir='ltr'><strong>a</strong></span> <span class='ocrx_word' id='word_1_425' title='bbox 806 4373 993 4439; x_wconf 86' lang='lat' dir='ltr'><strong>rebus,</strong></span> <span class='ocrx_word' id='word_1_426' title='bbox 1019 4387 1142 4442; x_wconf 70' lang='lat' dir='ltr'><strong>quae</strong></span> <span class='ocrx_word' id='word_1_427' title='bbox 1183 4371 1236 4426; x_wconf 88' lang='lat' dir='ltr'><strong>in</strong></span> <span class='ocrx_word' id='word_1_428' title='bbox 1287 4377 1566 4439; x_wconf 84' lang='lat' dir='ltr'><strong>aspectum</strong></span> <span class='ocrx_word' id='word_1_429' title='bbox 1591 4367 1795 4425; x_wconf 84' lang='lat' dir='ltr'><strong>cadunt</strong></span> <span class='ocrx_word' id='word_1_430' title='bbox 1846 4365 1999 4424; x_wconf 83' lang='lat' dir='ltr'><strong>solu-</strong></span> 
     </span>
    </p>
   </div>
   <div class='ocr_carea' id='block_1_61' title="bbox 429 4458 2001 4534">
    <p class='ocr_par' dir='ltr' id='par_1_61' title="bbox 429 4458 2001 4534">
     <span class='ocr_line' id='line_1_61' title="bbox 429 4458 2001 4534; baseline -0.006 -13"><span class='ocrx_word' id='word_1_431' title='bbox 429 4477 539 4534; x_wconf 86' lang='lat' dir='ltr'><strong>tus,</strong></span> <span class='ocrx_word' id='word_1_432' title='bbox 570 4466 658 4527; x_wconf 76' lang='lat' dir='ltr'><strong>bis</strong></span> <span class='ocrx_word' id='word_1_433' title='bbox 690 4480 812 4533; x_wconf 68' lang='lat' dir='ltr'><strong>quae</strong></span> <span class='ocrx_word' id='word_1_434' title='bbox 845 4466 1022 4524; x_wconf 78' lang='lat' dir='ltr'><strong>mente</strong></span> <span class='ocrx_word' id='word_1_435' title='bbox 1056 4462 1447 4531; x_wconf 82' lang='lat' dir='ltr'><strong>intelliguntnr,</strong></span> <span class='ocrx_word' id='word_1_436' title='bbox 1477 4458 1798 4529; x_wconf 80' lang='lat' dir='ltr'><strong>copulatur:</strong></span> <span class='ocrx_word' id='word_1_437' title='bbox 1837 4465 2001 4524; x_wconf 82' lang='lat' dir='ltr'><strong>atque</strong></span> 
     </span>
    </p>
   </div>
   <div class='ocr_carea' id='block_1_62' title="bbox 430 4548 2005 4626">
    <p class='ocr_par' dir='ltr' id='par_1_62' title="bbox 430 4548 2005 4626">
     <span class='ocr_line' id='line_1_62' title="bbox 430 4548 2005 4626; baseline -0.009 -14"><span class='ocrx_word' id='word_1_438' title='bbox 430 4570 650 4626; x_wconf 80' lang='lat' dir='ltr'><strong>peregre</strong></span> <span class='ocrx_word' id='word_1_439' title='bbox 682 4572 710 4610; x_wconf 92' lang='lat' dir='ltr'><strong>a</strong></span> <span class='ocrx_word' id='word_1_440' title='bbox 745 4554 952 4610; x_wconf 91' lang='lat' dir='ltr'><strong>mundo</strong></span> <span class='ocrx_word' id='word_1_441' title='bbox 988 4554 1362 4623; x_wconf 81' lang='lat' dir='ltr'><strong>proﬁciscens,</strong></span> <span class='ocrx_word' id='word_1_442' title='bbox 1404 4550 1514 4614; x_wconf 85' lang='lat' dir='ltr'><strong>Deo</strong></span> <span class='ocrx_word' id='word_1_443' title='bbox 1548 4563 1786 4617; x_wconf 58' lang='lat' dir='ltr'><strong>praisens</strong></span> <span class='ocrx_word' id='word_1_444' title='bbox 1834 4548 2005 4604; x_wconf 73' lang='lat' dir='ltr'><strong>edici-</strong></span> 
     </span>
    </p>
   </div>
   <div class='ocr_carea' id='block_1_63' title="bbox 430 4641 2010 4720">
    <p class='ocr_par' dir='ltr' id='par_1_63' title="bbox 430 4641 2010 4720">
     <span class='ocr_line' id='line_1_63' title="bbox 430 4641 2010 4720; baseline -0.008 -16"><span class='ocrx_word' id='word_1_445' title='bbox 430 4658 541 4715; x_wconf 89' lang='lat' dir='ltr'><strong>tur,</strong></span> <span class='ocrx_word' id='word_1_446' title='bbox 563 4663 630 4704; x_wconf 82' lang='lat' dir='ltr'><strong>ec</strong></span> <span class='ocrx_word' id='word_1_447' title='bbox 651 4660 908 4720; x_wconf 83' lang='lat' dir='ltr'><strong>tanquam</strong></span> <span class='ocrx_word' id='word_1_448' title='bbox 940 4662 1096 4701; x_wconf 84' lang='lat' dir='ltr'><strong>mens</strong></span> <span class='ocrx_word' id='word_1_449' title='bbox 1130 4646 1469 4716; x_wconf 76' lang='lat' dir='ltr'><strong>incorrupte,</strong></span> <span class='ocrx_word' id='word_1_450' title='bbox 1510 4641 1837 4712; x_wconf 82' lang='lat' dir='ltr'><strong>incorruptis</strong></span> <span class='ocrx_word' id='word_1_451' title='bbox 1864 4650 2010 4695; x_wconf 84' lang='lat' dir='ltr'><strong>tuen-</strong></span> 
     </span>
    </p>
   </div>
   <div class='ocr_carea' id='block_1_64' title="bbox 427 4740 910 4810">
    <p class='ocr_par' dir='ltr' id='par_1_64' title="bbox 427 4740 910 4810">
     <span class='ocr_line' id='line_1_64' title="bbox 427 4740 910 4810; baseline -0.006 -13"><span class='ocrx_word' id='word_1_452' title='bbox 427 4740 576 4798; x_wconf 72' lang='lat' dir='ltr'><strong>tibus</strong></span> <span class='ocrx_word' id='word_1_453' title='bbox 608 4751 910 4810; x_wconf 75' lang='lat' dir='ltr'><strong>coeptatur.</strong></span> 
     </span>
    </p>
   </div>
   <div class='ocr_carea' id='block_1_65' title="bbox 505 4847 2010 4925">
    <p class='ocr_par' dir='ltr' id='par_1_65' title="bbox 505 4847 2010 4925">
     <span class='ocr_line' id='line_1_65' title="bbox 505 4847 2010 4925; baseline -0.009 -12"><span class='ocrx_word' id='word_1_454' title='bbox 505 4854 666 4914; x_wconf 76' lang='lat' dir='ltr'><strong>Velut</strong></span> <span class='ocrx_word' id='word_1_455' title='bbox 710 4857 931 4925; x_wconf 81' lang='lat' dir='ltr'><strong>sapiens</strong></span> <span class='ocrx_word' id='word_1_456' title='bbox 969 4852 1301 4923; x_wconf 84' lang='lat' dir='ltr'><strong>patriarcha,</strong></span> <span class='ocrx_word' id='word_1_457' title='bbox 1329 4849 1680 4916; x_wconf 72' lang='lat' dir='ltr'><strong>patriarcltis;</strong></span> <span class='ocrx_word' id='word_1_458' title='bbox 1712 4847 1861 4902; x_wconf 77' lang='lat' dir='ltr'><strong>velut</strong></span> <span class='ocrx_word' id='word_1_459' title='bbox 1884 4860 2010 4916; x_wconf 55' lang='lat' dir='ltr'><strong>pro.</strong></span> 
     </span>
    </p>
   </div>
   <div class='ocr_carea' id='block_1_66' title="bbox 428 4941 2010 5026">
    <p class='ocr_par' dir='ltr' id='par_1_66' title="bbox 428 4941 2010 5026">
     <span class='ocr_line' id='line_1_66' title="bbox 428 4941 2010 5026; baseline -0.014 -16"><span class='ocrx_word' id='word_1_460' title='bbox 428 4954 648 5026; x_wconf 82' lang='lat' dir='ltr'><strong>phetica</strong></span> <span class='ocrx_word' id='word_1_461' title='bbox 689 4949 899 5020; x_wconf 82' lang='lat' dir='ltr'><strong>pollens</strong></span> <span class='ocrx_word' id='word_1_462' title='bbox 941 4947 1131 5018; x_wconf 84' lang='lat' dir='ltr'><strong>gratia,</strong></span> <span class='ocrx_word' id='word_1_463' title='bbox 1167 4943 1474 5014; x_wconf 71' lang='lat' dir='ltr'><strong>prophetis;</strong></span> <span class='ocrx_word' id='word_1_464' title='bbox 1508 4955 1572 4995; x_wconf 79' lang='lat' dir='ltr'><strong>ac</strong></span> <span class='ocrx_word' id='word_1_465' title='bbox 1614 4941 1832 5010; x_wconf 83' lang='lat' dir='ltr'><strong>quidem</strong></span> <span class='ocrx_word' id='word_1_466' title='bbox 1875 4952 2010 5007; x_wconf 74' lang='lat' dir='ltr'><strong>apo-</strong></span> 
     </span>
    </p>
   </div>
   <div class='ocr_carea' id='block_1_67' title="bbox 429 5033 2013 5109">
    <p class='ocr_par' dir='ltr' id='par_1_67' title="bbox 429 5033 2013 5109">
     <span class='ocr_line' id='line_1_67' title="bbox 429 5033 2013 5109; baseline -0.014 -4"><span class='ocrx_word' id='word_1_467' title='bbox 429 5046 586 5105; x_wconf 81' lang='lat' dir='ltr'><strong>stolis</strong></span> <span class='ocrx_word' id='word_1_468' title='bbox 620 5044 827 5105; x_wconf 82' lang='lat' dir='ltr'><strong>unirur,</strong></span> <span class='ocrx_word' id='word_1_469' title='bbox 853 5051 1112 5109; x_wconf 86' lang='lat' dir='ltr'><strong>tanquam</strong></span> <span class='ocrx_word' id='word_1_470' title='bbox 1143 5035 1438 5104; x_wconf 83' lang='lat' dir='ltr'><strong>apostolica</strong></span> <span class='ocrx_word' id='word_1_471' title='bbox 1478 5035 1711 5088; x_wconf 73' lang='lat' dir='ltr'><strong>maxime</strong></span> <span class='ocrx_word' id='word_1_472' title='bbox 1741 5033 1846 5086; x_wconf 81' lang='lat' dir='ltr'><strong>vita</strong></span> <span class='ocrx_word' id='word_1_473' title='bbox 1877 5044 2013 5100; x_wconf 68' lang='lat' dir='ltr'><strong>pra:-</strong></span> 
     </span>
    </p>
   </div>
   <div class='ocr_carea' id='block_1_68' title="bbox 433 5126 2007 5211">
    <p class='ocr_par' dir='ltr' id='par_1_68' title="bbox 433 5126 2007 5211">
     <span class='ocr_line' id='line_1_68' title="bbox 433 5126 2007 5211; baseline -0.012 -18"><span class='ocrx_word' id='word_1_474' title='bbox 433 5141 682 5211; x_wconf 76' lang='lat' dir='ltr'><strong>l‘ulgens;</strong></span> <span class='ocrx_word' id='word_1_475' title='bbox 715 5135 887 5195; x_wconf 84' lang='lat' dir='ltr'><strong>sacris</strong></span> <span class='ocrx_word' id='word_1_476' title='bbox 919 5131 1243 5202; x_wconf 73' lang='lat' dir='ltr'><strong>praesulibus</strong></span> <span class='ocrx_word' id='word_1_477' title='bbox 1273 5143 1337 5184; x_wconf 82' lang='lat' dir='ltr'><strong>ac</strong></span> <span class='ocrx_word' id='word_1_478' title='bbox 1377 5126 1714 5186; x_wconf 79' lang='lat' dir='ltr'><strong>doctoribus,</strong></span> <span class='ocrx_word' id='word_1_479' title='bbox 1749 5131 2007 5191; x_wconf 79' lang='lat' dir='ltr'><strong>tanquam</strong></span> 
     </span>
    </p>
   </div>
   <div class='ocr_carea' id='block_1_69' title="bbox 435 5216 2011 5292">
    <p class='ocr_par' dir='ltr' id='par_1_69' title="bbox 435 5216 2011 5292">
     <span class='ocr_line' id='line_1_69' title="bbox 435 5216 2011 5292; baseline -0.011 -6"><span class='ocrx_word' id='word_1_480' title='bbox 435 5231 788 5291; x_wconf 79' lang='lat' dir='ltr'><strong>sacerrimus,</strong></span> <span class='ocrx_word' id='word_1_481' title='bbox 807 5225 1166 5292; x_wconf 86' lang='lat' dir='ltr'><strong>doctrinaque</strong></span> <span class='ocrx_word' id='word_1_482' title='bbox 1186 5222 1491 5291; x_wconf 72' lang='lat' dir='ltr'><strong>praecipuus</strong></span> <span class='ocrx_word' id='word_1_483' title='bbox 1520 5227 1682 5285; x_wconf 80' lang='lat' dir='ltr'><strong>atque</strong></span> <span class='ocrx_word' id='word_1_484' title='bbox 1706 5216 2011 5280; x_wconf 77' lang='lat' dir='ltr'><strong>maximus;</strong></span> 
     </span>
    </p>
   </div>
   <div class='ocr_carea' id='block_1_70' title="bbox 438 5305 2016 5390">
    <p class='ocr_par' dir='ltr' id='par_1_70' title="bbox 438 5305 2016 5390">
     <span class='ocr_line' id='line_1_70' title="bbox 438 5305 2016 5390; baseline -0.012 -15"><span class='ocrx_word' id='word_1_485' title='bbox 438 5333 501 5375; x_wconf 82' lang='lat' dir='ltr'><strong>ac</strong></span> <span class='ocrx_word' id='word_1_486' title='bbox 555 5320 774 5390; x_wconf 79' lang='lat' dir='ltr'><strong>quidem</strong></span> <span class='ocrx_word' id='word_1_487' title='bbox 826 5314 1178 5384; x_wconf 83' lang='lat' dir='ltr'><strong>martyribus,</strong></span> <span class='ocrx_word' id='word_1_488' title='bbox 1235 5321 1492 5380; x_wconf 83' lang='lat' dir='ltr'><strong>tanquam</strong></span> <span class='ocrx_word' id='word_1_489' title='bbox 1539 5305 1822 5360; x_wconf 81' lang='lat' dir='ltr'><strong>Trinitatis</strong></span> <span class='ocrx_word' id='word_1_490' title='bbox 1867 5307 2016 5359; x_wconf 76' lang='lat' dir='ltr'><strong>testi-</strong></span> 
     </span>
    </p>
   </div>
   <div class='ocr_carea' id='block_1_71' title="bbox 445 5397 2014 5481">
    <p class='ocr_par' dir='ltr' id='par_1_71' title="bbox 445 5397 2014 5481">
     <span class='ocr_line' id='line_1_71' title="bbox 445 5397 2014 5481; baseline -0.008 -16"><span class='ocrx_word' id='word_1_491' title='bbox 445 5413 624 5468; x_wconf 86' lang='lat' dir='ltr'><strong>monio</strong></span> <span class='ocrx_word' id='word_1_492' title='bbox 653 5411 761 5468; x_wconf 79' lang='lat' dir='ltr'><strong>illis</strong></span> <span class='ocrx_word' id='word_1_493' title='bbox 784 5422 1041 5481; x_wconf 86' lang='lat' dir='ltr'><strong>compar;</strong></span> <span class='ocrx_word' id='word_1_494' title='bbox 1067 5405 1232 5476; x_wconf 79' lang='lat' dir='ltr'><strong>justis</strong></span> <span class='ocrx_word' id='word_1_495' title='bbox 1258 5413 1458 5466; x_wconf 86' lang='lat' dir='ltr'><strong>autem.</strong></span> <span class='ocrx_word' id='word_1_496' title='bbox 1501 5416 1566 5456; x_wconf 87' lang='lat' dir='ltr'><strong>ac</strong></span> <span class='ocrx_word' id='word_1_497' title='bbox 1586 5397 2014 5463; x_wconf 84' lang='lat' dir='ltr'><strong>cont‘essoribus,</strong></span> 
     </span>
    </p>
   </div>
   <div class='ocr_carea' id='block_1_72' title="bbox 525 5573 1959 5650">
    <p class='ocr_par' dir='ltr' id='par_1_72' title="bbox 525 5573 1959 5650">
     <span class='ocr_line' id='line_1_72' title="bbox 525 5573 1959 5650; baseline -0.001 -13"><span class='ocrx_word' id='word_1_498' title='bbox 525 5587 564 5618; x_wconf 71' lang='grc' dir='ltr'><strong>θ’</strong></span> <span class='ocrx_word' id='word_1_499' title='bbox 594 5581 726 5642; x_wconf 82' lang='lat' dir='ltr'><strong>Dan.</strong></span> <span class='ocrx_word' id='word_1_500' title='bbox 759 5605 836 5650; x_wconf 83' lang='lat' dir='ltr'><strong>tu,</strong></span> <span class='ocrx_word' id='word_1_501' title='bbox 863 5586 955 5645; x_wconf 69' lang='grc'><strong>25.</strong></span> <span class='ocrx_word' id='word_1_502' title='bbox 1059 5586 1104 5617; x_wconf 73' lang='grc'>⁸⁸</span> <span class='ocrx_word' id='word_1_503' title='bbox 1139 5583 1369 5650; x_wconf 80' lang='lat' dir='ltr'><strong>Philipp.</strong></span> <span class='ocrx_word' id='word_1_504' title='bbox 1406 5595 1446 5637; x_wconf 84' lang='lat' dir='ltr'><strong>t.</strong></span> <span class='ocrx_word' id='word_1_505' title='bbox 1498 5577 1591 5633; x_wconf 70' lang='grc'><strong>23.</strong></span> <span class='ocrx_word' id='word_1_506' title='bbox 1690 5573 1959 5650; x_wconf 59' lang='lat' dir='ltr'><strong>_&quot;’11__C9|E_-</strong></span> 
     </span>
    </p>
   </div>
   <div class='ocr_carea' id='block_1_73' title="bbox 815 5577 1591 5660">
    <p class='ocr_par' dir='ltr' id='par_1_73' title="bbox 815 5577 1591 5660">
     <span class='ocr_line' id='line_1_73' title="bbox 815 5577 1591 5660; baseline -0.019 -14"><span class='ocrx_word' id='word_1_507' title='bbox 815 5629 836 5660; x_wconf 85' lang='lat'><strong>_.</strong></span> <span class='ocrx_word' id='word_1_508' title='bbox 863 5586 955 5645; x_wconf 69' lang='grc'><strong>25.</strong></span> <span class='ocrx_word' id='word_1_509' title='bbox 1059 5586 1104 5617; x_wconf 73' lang='grc'>⁸⁸</span> <span class='ocrx_word' id='word_1_510' title='bbox 1139 5583 1379 5660; x_wconf 63' lang='lat' dir='ltr'><strong>Rbilipp._</strong></span> <span class='ocrx_word' id='word_1_511' title='bbox 1406 5595 1446 5637; x_wconf 87' lang='lat' dir='ltr'><strong>t.</strong></span> <span class='ocrx_word' id='word_1_512' title='bbox 1498 5577 1591 5633; x_wconf 73' lang='lat'><strong>‘23.</strong></span> 
     </span>
    </p>
   </div>
   <div class='ocr_carea' id='block_1_74' title="bbox 446 5657 1212 5723">
    <p class='ocr_par' dir='ltr' id='par_1_74' title="bbox 446 5657 1212 5723">
     <span class='ocr_line' id='line_1_74' title="bbox 446 5657 1212 5723; baseline -0.005 -9"><span class='ocrx_word' id='word_1_513' title='bbox 446 5672 604 5723; x_wconf 74' lang='lat' dir='ltr'><strong>mu,</strong></span> <span class='ocrx_word' id='word_1_514' title='bbox 636 5659 721 5715; x_wconf 69' lang='grc'><strong>46.</strong></span> <span class='ocrx_word' id='word_1_515' title='bbox 790 5657 835 5692; x_wconf 73' lang='grc' dir='ltr'><strong>δῖ’</strong></span> <span class='ocrx_word' id='word_1_516' title='bbox 867 5661 988 5714; x_wconf 78' lang='lat' dir='ltr'><strong>Act.</strong></span> <span class='ocrx_word' id='word_1_517' title='bbox 1021 5674 1096 5722; x_wconf 83' lang='lat' dir='ltr'><strong>tx,</strong></span> <span class='ocrx_word' id='word_1_518' title='bbox 1127 5657 1212 5711; x_wconf 78' lang='lat' dir='ltr'><strong>l5.</strong></span> 
     </span>
    </p>
   </div>
   <div class='ocr_carea' id='block_1_75' title="bbox 1289 5647 1732 5712">
    <p class='ocr_par' dir='ltr' id='par_1_75' title="bbox 1289 5647 1732 5712">
     <span class='ocr_line' id='line_1_75' title="bbox 1289 5647 1732 5712; baseline -0.016 -7"><span class='ocrx_word' id='word_1_519' title='bbox 1289 5647 1333 5686; x_wconf 61' lang='grc'><strong>⁸⁸</strong></span> <span class='ocrx_word' id='word_1_520' title='bbox 1366 5651 1470 5705; x_wconf 83' lang='lat' dir='ltr'><strong>lsa.</strong></span> <span class='ocrx_word' id='word_1_521' title='bbox 1507 5664 1652 5712; x_wconf 71' lang='lat' dir='ltr'><strong>xm,</strong></span> <span class='ocrx_word' id='word_1_522' title='bbox 1679 5647 1732 5700; x_wconf 80' lang='lat'><strong>6.</strong></span> 
     </span>
    </p>
   </div>
   <div class='ocr_carea' id='block_1_76' title="bbox 517 5802 1794 5885">
    <p class='ocr_par' dir='ltr' id='par_1_76' title="bbox 517 5802 1794 5885">
     <span class='ocr_line' id='line_1_76' title="bbox 517 5802 1794 5885; baseline -0.013 -11"><span class='ocrx_word' id='word_1_523' title='bbox 644 5815 774 5873; x_wconf 83' lang='lat' dir='ltr'><strong>Orat</strong></span> <span class='ocrx_word' id='word_1_524' title='bbox 822 5816 914 5882; x_wconf 79' lang='lat'><strong>&#39;59,</strong></span> <span class='ocrx_word' id='word_1_525' title='bbox 955 5829 1073 5885; x_wconf 59' lang='lat' dir='ltr'><strong>qua</strong></span> <span class='ocrx_word' id='word_1_526' title='bbox 1111 5811 1276 5867; x_wconf 81' lang='lat' dir='ltr'><strong>estin</strong></span> <span class='ocrx_word' id='word_1_527' title='bbox 1318 5809 1519 5872; x_wconf 70' lang='lat' dir='ltr'><strong>Sam-tu</strong></span> <span class='ocrx_word' id='word_1_528' title='bbox 1546 5802 1794 5858; x_wconf 80' lang='lat' dir='ltr'><strong>Lumina.</strong></span> 
     </span>
    </p>
   </div>
   <div class='ocr_carea' id='block_1_77' title="bbox 2036 5571 2187 5636">
    <p class='ocr_par' dir='ltr' id='par_1_77' title="bbox 2036 5571 2187 5636">
     <span class='ocr_line' id='line_1_77' title="bbox 2036 5571 2187 5636; baseline 0.007 -13"><span class='ocrx_word' id='word_1_529' title='bbox 2036 5585 2090 5636; x_wconf 88' lang='lat' dir='ltr'><strong>v,</strong></span> <span class='ocrx_word' id='word_1_530' title='bbox 2127 5571 2187 5630; x_wconf 74' lang='lat'><strong>‘2,</strong></span> 
     </span>
    </p>
   </div>
   <div class='ocr_carea' id='block_1_78' title="bbox 1810 5641 2289 5706">
    <p class='ocr_par' dir='ltr' id='par_1_78' title="bbox 1810 5641 2289 5706">
     <span class='ocr_line' id='line_1_78' title="bbox 1810 5641 2289 5706; baseline -0.013 -7"><span class='ocrx_word' id='word_1_531' title='bbox 1810 5647 1851 5677; x_wconf 78' lang='grc'><strong>⁸⁷</strong></span> <span class='ocrx_word' id='word_1_532' title='bbox 1883 5644 1900 5698; x_wconf 95' lang='lat' dir='ltr'><strong>l</strong></span> <span class='ocrx_word' id='word_1_533' title='bbox 1927 5641 2066 5697; x_wconf 85' lang='lat' dir='ltr'><strong>Tim.</strong></span> <span class='ocrx_word' id='word_1_534' title='bbox 2099 5658 2168 5706; x_wconf 79' lang='lat' dir='ltr'><strong>vr,</strong></span> <span class='ocrx_word' id='word_1_535' title='bbox 2206 5643 2289 5694; x_wconf 80' lang='lat' dir='ltr'><strong>ll.</strong></span> 
     </span>
    </p>
   </div>
   <div class='ocr_carea' id='block_1_79' title="bbox 2087 1942 3668 2017">
    <p class='ocr_par' dir='ltr' id='par_1_79' title="bbox 2087 1942 3668 2017">
     <span class='ocr_line' id='line_1_79' title="bbox 2087 1942 3668 2017; baseline -0.003 -16"><span class='ocrx_word' id='word_1_536' title='bbox 2087 1955 2188 2011; x_wconf 86' lang='lat' dir='ltr'><strong>set,</strong></span> <span class='ocrx_word' id='word_1_537' title='bbox 2215 1962 2403 2001; x_wconf 83' lang='lat' dir='ltr'><strong>eorum</strong></span> <span class='ocrx_word' id='word_1_538' title='bbox 2453 1959 2673 2017; x_wconf 87' lang='lat' dir='ltr'><strong>quoque</strong></span> <span class='ocrx_word' id='word_1_539' title='bbox 2717 1942 2965 2000; x_wconf 87' lang='lat' dir='ltr'><strong>claritate</strong></span> <span class='ocrx_word' id='word_1_540' title='bbox 3005 1943 3057 1997; x_wconf 88' lang='lat' dir='ltr'><strong>in</strong></span> <span class='ocrx_word' id='word_1_541' title='bbox 3096 1943 3489 2014; x_wconf 80' lang='lat' dir='ltr'><strong>sempiternum</strong></span> <span class='ocrx_word' id='word_1_542' title='bbox 3529 1956 3668 2012; x_wconf 73' lang='lat' dir='ltr'><strong>prte-</strong></span> 
     </span>
    </p>
   </div>
   <div class='ocr_carea' id='block_1_80' title="bbox 2080 2036 2345 2110">
    <p class='ocr_par' dir='ltr' id='par_1_80' title="bbox 2080 2036 2345 2110">
     <span class='ocr_line' id='line_1_80' title="bbox 2080 2036 2345 2110; baseline -0.015 -18"><span class='ocrx_word' id='word_1_543' title='bbox 2080 2036 2345 2110; x_wconf 67' lang='lat' dir='ltr'><strong>fulgeret.</strong></span> 
     </span>
    </p>
   </div>
   <div class='ocr_carea' id='block_1_81' title="bbox 2157 2142 3669 2215">
    <p class='ocr_par' dir='ltr' id='par_1_81' title="bbox 2157 2142 3669 2215">
     <span class='ocr_line' id='line_1_81' title="bbox 2157 2142 3669 2215; baseline -0.005 -13"><span class='ocrx_word' id='word_1_544' title='bbox 2157 2149 2350 2202; x_wconf 84' lang='lat' dir='ltr'><strong>Divino</strong></span> <span class='ocrx_word' id='word_1_545' title='bbox 2383 2148 2508 2204; x_wconf 88' lang='lat' dir='ltr'><strong>olim</strong></span> <span class='ocrx_word' id='word_1_546' title='bbox 2544 2145 2814 2215; x_wconf 88' lang='lat' dir='ltr'><strong>proditum</strong></span> <span class='ocrx_word' id='word_1_547' title='bbox 2843 2144 3070 2198; x_wconf 88' lang='lat' dir='ltr'><strong>oraculo</strong></span> <span class='ocrx_word' id='word_1_548' title='bbox 3097 2154 3201 2209; x_wconf 84' lang='lat' dir='ltr'><strong>est,</strong></span> <span class='ocrx_word' id='word_1_549' title='bbox 3236 2143 3518 2201; x_wconf 87' lang='lat' dir='ltr'><strong>Enochum</strong></span> <span class='ocrx_word' id='word_1_550' title='bbox 3554 2142 3669 2198; x_wconf 87' lang='lat' dir='ltr'><strong>Deo</strong></span> 
     </span>
    </p>
   </div>
   <div class='ocr_carea' id='block_1_82' title="bbox 2085 2237 3668 2317">
    <p class='ocr_par' dir='ltr' id='par_1_82' title="bbox 2085 2237 3668 2317">
     <span class='ocr_line' id='line_1_82' title="bbox 2085 2237 3668 2317; baseline -0.004 -21"><span class='ocrx_word' id='word_1_551' title='bbox 2085 2243 2375 2317; x_wconf 83' lang='lat' dir='ltr'><strong>placuisse,</strong></span> <span class='ocrx_word' id='word_1_552' title='bbox 2398 2256 2463 2295; x_wconf 88' lang='lat' dir='ltr'><strong>ac</strong></span> <span class='ocrx_word' id='word_1_553' title='bbox 2501 2254 2666 2294; x_wconf 79' lang='lat' dir='ltr'><strong>carne</strong></span> <span class='ocrx_word' id='word_1_554' title='bbox 2693 2238 3021 2292; x_wconf 83' lang='lat' dir='ltr'><strong>translatum</strong></span> <span class='ocrx_word' id='word_1_555' title='bbox 3057 2253 3179 2295; x_wconf 78' lang='lat' dir='ltr'><strong>esse</strong></span> <span class='ocrx_word' id='word_1_556' title='bbox 3203 2238 3285 2302; x_wconf 78' lang='grc'><strong>⁸⁸,</strong></span> <span class='ocrx_word' id='word_1_557' title='bbox 3318 2247 3510 2304; x_wconf 80' lang='lat' dir='ltr'><strong>nempe</strong></span> <span class='ocrx_word' id='word_1_558' title='bbox 3547 2237 3668 2291; x_wconf 77' lang='lat' dir='ltr'><strong>exi-</strong></span> 
     </span>
    </p>
   </div>
   <div class='ocr_carea' id='block_1_83' title="bbox 2086 2329 3670 2407">
    <p class='ocr_par' dir='ltr' id='par_1_83' title="bbox 2086 2329 3670 2407">
     <span class='ocr_line' id='line_1_83' title="bbox 2086 2329 3670 2407; baseline -0.002 -20"><span class='ocrx_word' id='word_1_559' title='bbox 2086 2345 2204 2407; x_wconf 63' lang='lat' dir='ltr'><strong>guae</strong></span> <span class='ocrx_word' id='word_1_560' title='bbox 2249 2335 2393 2390; x_wconf 88' lang='lat' dir='ltr'><strong>illius</strong></span> <span class='ocrx_word' id='word_1_561' title='bbox 2461 2331 2553 2387; x_wconf 84' lang='lat' dir='ltr'><strong>Dei</strong></span> <span class='ocrx_word' id='word_1_562' title='bbox 2612 2332 2815 2386; x_wconf 66' lang='lat' dir='ltr'><strong>notitiai</strong></span> <span class='ocrx_word' id='word_1_563' title='bbox 2846 2329 3070 2401; x_wconf 67' lang='lat' dir='ltr'><strong>praemio</strong></span> <span class='ocrx_word' id='word_1_564' title='bbox 3109 2329 3160 2384; x_wconf 87' lang='lat' dir='ltr'><strong>id</strong></span> <span class='ocrx_word' id='word_1_565' title='bbox 3199 2341 3575 2394; x_wconf 79' lang='lat' dir='ltr'><strong>consecutum,</strong></span> <span class='ocrx_word' id='word_1_566' title='bbox 3609 2338 3670 2385; x_wconf 88' lang='lat' dir='ltr'><strong>ut</strong></span> 
     </span>
    </p>
   </div>
   <div class='ocr_carea' id='block_1_84' title="bbox 2087 2422 3670 2485">
    <p class='ocr_par' dir='ltr' id='par_1_84' title="bbox 2087 2422 3670 2485">
     <span class='ocr_line' id='line_1_84' title="bbox 2087 2422 3670 2485; baseline -0.005 0"><span class='ocrx_word' id='word_1_567' title='bbox 2087 2430 2160 2485; x_wconf 86' lang='lat' dir='ltr'><strong>ita</strong></span> <span class='ocrx_word' id='word_1_568' title='bbox 2209 2425 2621 2484; x_wconf 74' lang='lat' dir='ltr'><strong>transferretur.</strong></span> <span class='ocrx_word' id='word_1_569' title='bbox 2666 2423 2872 2478; x_wconf 88' lang='lat' dir='ltr'><strong>Deinde</strong></span> <span class='ocrx_word' id='word_1_570' title='bbox 2916 2422 3080 2477; x_wconf 90' lang='lat' dir='ltr'><strong>etiam</strong></span> <span class='ocrx_word' id='word_1_571' title='bbox 3133 2423 3306 2477; x_wconf 82' lang='lat' dir='ltr'><strong>Eliam</strong></span> <span class='ocrx_word' id='word_1_572' title='bbox 3355 2422 3670 2477; x_wconf 73' lang='lat' dir='ltr'><strong>Thesbiten)</strong></span> 
     </span>
    </p>
   </div>
   <div class='ocr_carea' id='block_1_85' title="bbox 2086 2511 3670 2590">
    <p class='ocr_par' dir='ltr' id='par_1_85' title="bbox 2086 2511 3670 2590">
     <span class='ocr_line' id='line_1_85' title="bbox 2086 2511 3670 2590; baseline -0.004 -17"><span class='ocrx_word' id='word_1_573' title='bbox 2086 2518 2374 2590; x_wconf 80' lang='lat' dir='ltr'><strong>magniﬁce</strong></span> <span class='ocrx_word' id='word_1_574' title='bbox 2398 2524 2740 2586; x_wconf 85' lang='lat' dir='ltr'><strong>assumptum</strong></span> <span class='ocrx_word' id='word_1_575' title='bbox 2781 2529 2903 2568; x_wconf 87' lang='lat' dir='ltr'><strong>cum</strong></span> <span class='ocrx_word' id='word_1_576' title='bbox 2936 2527 3165 2583; x_wconf 89' lang='lat' dir='ltr'><strong>corpore</strong></span> <span class='ocrx_word' id='word_1_577' title='bbox 3199 2514 3265 2566; x_wconf 66' lang='grc' dir='ltr'><strong>υτ.</strong></span> <span class='ocrx_word' id='word_1_578' title='bbox 3300 2511 3493 2583; x_wconf 85' lang='lat' dir='ltr'><strong>lgneus</strong></span> <span class='ocrx_word' id='word_1_579' title='bbox 3521 2513 3670 2568; x_wconf 85' lang='lat' dir='ltr'><strong>enim</strong></span> 
     </span>
    </p>
   </div>
   <div class='ocr_carea' id='block_1_86' title="bbox 2083 2587 3670 2680">
    <p class='ocr_par' dir='ltr' id='par_1_86' title="bbox 2083 2587 3670 2680">
     <span class='ocr_line' id='line_1_86' title="bbox 2083 2587 3670 2680; baseline -0.005 -11"><span class='ocrx_word' id='word_1_580' title='bbox 2083 2627 2302 2671; x_wconf 80' lang='lat' dir='ltr'><strong>Currus.</strong></span> <span class='ocrx_word' id='word_1_581' title='bbox 2331 2626 2396 2666; x_wconf 91' lang='lat' dir='ltr'><strong>ac</strong></span> <span class='ocrx_word' id='word_1_582' title='bbox 2420 2610 2546 2680; x_wconf 89' lang='lat' dir='ltr'><strong>cqul</strong></span> <span class='ocrx_word' id='word_1_583' title='bbox 2577 2608 2720 2677; x_wconf 77' lang='lat' dir='ltr'><strong>ignei</strong></span> <span class='ocrx_word' id='word_1_584' title='bbox 2761 2607 3030 2670; x_wconf 87' lang='lat' dir='ltr'><strong>tollentes,</strong></span> <span class='ocrx_word' id='word_1_585' title='bbox 3067 2621 3174 2659; x_wconf 89' lang='lat' dir='ltr'><strong>non</strong></span> <span class='ocrx_word' id='word_1_586' title='bbox 3209 2606 3263 2659; x_wconf 87' lang='lat' dir='ltr'><strong>in</strong></span> <span class='ocrx_word' id='word_1_587' title='bbox 3295 2587 3521 2670; x_wconf 72' lang='lat' dir='ltr'><strong>omium,</strong></span> <span class='ocrx_word' id='word_1_588' title='bbox 3550 2604 3670 2672; x_wconf 85' lang='lat' dir='ltr'><strong>sed,</strong></span> 
     </span>
    </p>
   </div>
   <div class='ocr_carea' id='block_1_87' title="bbox 2085 2700 3672 2769">
    <p class='ocr_par' dir='ltr' id='par_1_87' title="bbox 2085 2700 3672 2769">
     <span class='ocr_line' id='line_1_87' title="bbox 2085 2700 3672 2769; baseline -0.004 -9"><span class='ocrx_word' id='word_1_589' title='bbox 2085 2707 2230 2761; x_wconf 89' lang='lat' dir='ltr'><strong>velut</strong></span> <span class='ocrx_word' id='word_1_590' title='bbox 2262 2707 2314 2759; x_wconf 88' lang='lat' dir='ltr'><strong>itt</strong></span> <span class='ocrx_word' id='word_1_591' title='bbox 2359 2705 2580 2765; x_wconf 77' lang='lat' dir='ltr'><strong>ctelum,</strong></span> <span class='ocrx_word' id='word_1_592' title='bbox 2610 2701 2817 2769; x_wconf 64' lang='lat' dir='ltr'><strong>auriga:</strong></span> <span class='ocrx_word' id='word_1_593' title='bbox 2866 2700 3041 2754; x_wconf 85' lang='lat' dir='ltr'><strong>instar</strong></span> <span class='ocrx_word' id='word_1_594' title='bbox 3075 2713 3199 2752; x_wconf 89' lang='lat' dir='ltr'><strong>eum</strong></span> <span class='ocrx_word' id='word_1_595' title='bbox 3234 2705 3672 2767; x_wconf 85' lang='lat' dir='ltr'><strong>assumpserunt.</strong></span> 
     </span>
    </p>
   </div>
   <div class='ocr_carea' id='block_1_88' title="bbox 2086 2779 3675 2867">
    <p class='ocr_par' dir='ltr' id='par_1_88' title="bbox 2086 2779 3675 2867">
     <span class='ocr_line' id='line_1_88' title="bbox 2086 2779 3675 2867; baseline -0.008 -12"><span class='ocrx_word' id='word_1_596' title='bbox 2086 2799 2154 2856; x_wconf 85' lang='lat' dir='ltr'><strong>Ut</strong></span> <span class='ocrx_word' id='word_1_597' title='bbox 2206 2797 2525 2867; x_wconf 82' lang='lat' dir='ltr'><strong>Gregorius,</strong></span> <span class='ocrx_word' id='word_1_598' title='bbox 2557 2795 2650 2864; x_wconf 91' lang='lat' dir='ltr'><strong>qui</strong></span> <span class='ocrx_word' id='word_1_599' title='bbox 2687 2803 2836 2848; x_wconf 84' lang='lat' dir='ltr'><strong>tanto</strong></span> <span class='ocrx_word' id='word_1_600' title='bbox 2878 2779 3264 2862; x_wconf 63' lang='lat' dir='ltr'><strong>praestantiori,</strong></span> <span class='ocrx_word' id='word_1_601' title='bbox 3305 2805 3369 2844; x_wconf 89' lang='lat' dir='ltr'><strong>ac</strong></span> <span class='ocrx_word' id='word_1_602' title='bbox 3410 2788 3675 2858; x_wconf 82' lang='lat' dir='ltr'><strong>majorem</strong></span> 
     </span>
    </p>
   </div>
   <div class='ocr_carea' id='block_1_89' title="bbox 2087 2878 3680 2953">
    <p class='ocr_par' dir='ltr' id='par_1_89' title="bbox 2087 2878 3680 2953">
     <span class='ocr_line' id='line_1_89' title="bbox 2087 2878 3680 2953; baseline -0.01 -6"><span class='ocrx_word' id='word_1_603' title='bbox 2087 2893 2320 2947; x_wconf 80' lang='lat' dir='ltr'><strong>habente</strong></span> <span class='ocrx_word' id='word_1_604' title='bbox 2354 2888 2768 2945; x_wconf 85' lang='lat' dir='ltr'><strong>admirationem</strong></span> <span class='ocrx_word' id='word_1_605' title='bbox 2807 2882 3068 2953; x_wconf 86' lang='lat' dir='ltr'><strong>obsequio</strong></span> <span class='ocrx_word' id='word_1_606' title='bbox 3117 2880 3417 2951; x_wconf 86' lang='lat' dir='ltr'><strong>placuisset</strong></span> <span class='ocrx_word' id='word_1_607' title='bbox 3476 2878 3680 2934; x_wconf 60' lang='lat' dir='ltr'><strong>Deum»</strong></span> 
     </span>
    </p>
   </div>
   <div class='ocr_carea' id='block_1_90' title="bbox 2087 2968 3677 3053">
    <p class='ocr_par' dir='ltr' id='par_1_90' title="bbox 2087 2968 3677 3053">
     <span class='ocr_line' id='line_1_90' title="bbox 2087 2968 3677 3053; baseline -0.008 -17"><span class='ocrx_word' id='word_1_608' title='bbox 2087 2998 2193 3053; x_wconf 90' lang='lat' dir='ltr'><strong>que</strong></span> <span class='ocrx_word' id='word_1_609' title='bbox 2211 2977 2594 3038; x_wconf 76' lang='lat' dir='ltr'><strong>demeruisset,</strong></span> <span class='ocrx_word' id='word_1_610' title='bbox 2631 2983 2840 3045; x_wconf 88' lang='lat' dir='ltr'><strong>quanto</strong></span> <span class='ocrx_word' id='word_1_611' title='bbox 2871 2973 3001 3028; x_wconf 86' lang='lat' dir='ltr'><strong>tides</strong></span> <span class='ocrx_word' id='word_1_612' title='bbox 3036 2987 3157 3042; x_wconf 75' lang='lat' dir='ltr'><strong>quae</strong></span> <span class='ocrx_word' id='word_1_613' title='bbox 3195 2978 3278 3025; x_wconf 88' lang='lat' dir='ltr'><strong>est</strong></span> <span class='ocrx_word' id='word_1_614' title='bbox 3309 2969 3554 3031; x_wconf 87' lang='lat' dir='ltr'><strong>veritate,</strong></span> <span class='ocrx_word' id='word_1_615' title='bbox 3583 2968 3677 3024; x_wconf 88' lang='lat' dir='ltr'><strong>illa</strong></span> 
     </span>
    </p>
   </div>
   <div class='ocr_carea' id='block_1_91' title="bbox 2087 3063 3677 3145">
    <p class='ocr_par' dir='ltr' id='par_1_91' title="bbox 2087 3063 3677 3145">
     <span class='ocr_line' id='line_1_91' title="bbox 2087 3063 3677 3145; baseline -0.008 -17"><span class='ocrx_word' id='word_1_616' title='bbox 2087 3074 2377 3145; x_wconf 72' lang='lat' dir='ltr'><strong>perfectior</strong></span> <span class='ocrx_word' id='word_1_617' title='bbox 2410 3085 2633 3140; x_wconf 65' lang='lat' dir='ltr'><strong>cStquae</strong></span> <span class='ocrx_word' id='word_1_618' title='bbox 2681 3070 2732 3122; x_wconf 89' lang='lat' dir='ltr'><strong>in</strong></span> <span class='ocrx_word' id='word_1_619' title='bbox 2777 3067 2984 3122; x_wconf 89' lang='lat' dir='ltr'><strong>umbris</strong></span> <span class='ocrx_word' id='word_1_620' title='bbox 3029 3068 3204 3136; x_wconf 84' lang='lat' dir='ltr'><strong>posita</strong></span> <span class='ocrx_word' id='word_1_621' title='bbox 3253 3073 3357 3127; x_wconf 88' lang='lat' dir='ltr'><strong>est,</strong></span> <span class='ocrx_word' id='word_1_622' title='bbox 3389 3063 3505 3133; x_wconf 87' lang='lat' dir='ltr'><strong>ipse</strong></span> <span class='ocrx_word' id='word_1_623' title='bbox 3533 3075 3677 3131; x_wconf 78' lang='lat' dir='ltr'><strong>quo-</strong></span> 
     </span>
    </p>
   </div>
   <div class='ocr_carea' id='block_1_92' title="bbox 2015 3154 3676 3264">
    <p class='ocr_par' dir='ltr' id='par_1_92' title="bbox 2015 3154 3676 3264">
     <span class='ocr_line' id='line_1_92' title="bbox 2015 3154 3676 3264; baseline -0.007 -44"><span class='ocrx_word' id='word_1_624' title='bbox 2015 3181 2193 3264; x_wconf 73' lang='lat' dir='ltr'><strong>c-que</strong></span> <span class='ocrx_word' id='word_1_625' title='bbox 2236 3166 2299 3218; x_wconf 81' lang='lat' dir='ltr'><strong>ad</strong></span> <span class='ocrx_word' id='word_1_626' title='bbox 2352 3163 2638 3219; x_wconf 84' lang='lat' dir='ltr'><strong>Dominum</strong></span> <span class='ocrx_word' id='word_1_627' title='bbox 2691 3159 3042 3228; x_wconf 80' lang='lat' dir='ltr'><strong>commigrat,</strong></span> <span class='ocrx_word' id='word_1_628' title='bbox 3088 3167 3252 3227; x_wconf 87' lang='lat' dir='ltr'><strong>atque</strong></span> <span class='ocrx_word' id='word_1_629' title='bbox 3304 3154 3676 3210; x_wconf 82' lang='lat' dir='ltr'><strong>transfertur:</strong></span> 
     </span>
    </p>
   </div>
   <div class='ocr_carea' id='block_1_93' title="bbox 2096 3246 3680 3326">
    <p class='ocr_par' dir='ltr' id='par_1_93' title="bbox 2096 3246 3680 3326">
     <span class='ocr_line' id='line_1_93' title="bbox 2096 3246 3680 3326; baseline -0.007 -14"><span class='ocrx_word' id='word_1_630' title='bbox 2096 3273 2270 3326; x_wconf 88' lang='lat' dir='ltr'><strong>neque</strong></span> <span class='ocrx_word' id='word_1_631' title='bbox 2302 3257 2351 3310; x_wconf 88' lang='lat' dir='ltr'><strong>id</strong></span> <span class='ocrx_word' id='word_1_632' title='bbox 2380 3271 2542 3308; x_wconf 88' lang='lat' dir='ltr'><strong>curru</strong></span> <span class='ocrx_word' id='word_1_633' title='bbox 2580 3256 2737 3322; x_wconf 82' lang='lat' dir='ltr'><strong>igneo</strong></span> <span class='ocrx_word' id='word_1_634' title='bbox 2767 3267 2888 3305; x_wconf 88' lang='lat' dir='ltr'><strong>cum</strong></span> <span class='ocrx_word' id='word_1_635' title='bbox 2925 3264 3154 3319; x_wconf 86' lang='lat' dir='ltr'><strong>corpore</strong></span> <span class='ocrx_word' id='word_1_636' title='bbox 3181 3256 3367 3302; x_wconf 86' lang='lat' dir='ltr'><strong>vectus</strong></span> <span class='ocrx_word' id='word_1_637' title='bbox 3386 3290 3400 3313; x_wconf 90' lang='lat'><strong>,</strong></span> <span class='ocrx_word' id='word_1_638' title='bbox 3427 3246 3519 3301; x_wconf 79' lang='lat' dir='ltr'><strong>sed</strong></span> <span class='ocrx_word' id='word_1_639' title='bbox 3550 3259 3680 3301; x_wconf 85' lang='lat' dir='ltr'><strong>cum</strong></span> 
     </span>
    </p>
   </div>
   <div class='ocr_carea' id='block_1_94' title="bbox 2095 3339 3680 3416">
    <p class='ocr_par' dir='ltr' id='par_1_94' title="bbox 2095 3339 3680 3416">
     <span class='ocr_line' id='line_1_94' title="bbox 2095 3339 3680 3416; baseline -0.008 -12"><span class='ocrx_word' id='word_1_640' title='bbox 2095 3351 2274 3408; x_wconf 85' lang='lat' dir='ltr'><strong>adhuc</strong></span> <span class='ocrx_word' id='word_1_641' title='bbox 2322 3349 2376 3401; x_wconf 85' lang='lat' dir='ltr'><strong>in</strong></span> <span class='ocrx_word' id='word_1_642' title='bbox 2421 3362 2649 3416; x_wconf 73' lang='lat' dir='ltr'><strong>corpore</strong></span> <span class='ocrx_word' id='word_1_643' title='bbox 2687 3353 3033 3408; x_wconf 84' lang='lat' dir='ltr'><strong>versaretur,</strong></span> <span class='ocrx_word' id='word_1_644' title='bbox 3075 3339 3369 3395; x_wconf 84' lang='lat' dir='ltr'><strong>virtutibus</strong></span> <span class='ocrx_word' id='word_1_645' title='bbox 3420 3351 3680 3409; x_wconf 84' lang='lat' dir='ltr'><strong>tanquam</strong></span> 
     </span>
    </p>
   </div>
   <div class='ocr_carea' id='block_1_95' title="bbox 2094 3431 3678 3503">
    <p class='ocr_par' dir='ltr' id='par_1_95' title="bbox 2094 3431 3678 3503">
     <span class='ocr_line' id='line_1_95' title="bbox 2094 3431 3678 3503; baseline -0.01 -4"><span class='ocrx_word' id='word_1_646' title='bbox 2094 3460 2259 3500; x_wconf 88' lang='lat' dir='ltr'><strong>curru</strong></span> <span class='ocrx_word' id='word_1_647' title='bbox 2297 3441 2350 3496; x_wconf 88' lang='lat' dir='ltr'><strong>in</strong></span> <span class='ocrx_word' id='word_1_648' title='bbox 2378 3441 2574 3494; x_wconf 73' lang='lat' dir='ltr'><strong>cretum</strong></span> <span class='ocrx_word' id='word_1_649' title='bbox 2607 3437 2920 3498; x_wconf 84' lang='lat' dir='ltr'><strong>tollebatur,</strong></span> <span class='ocrx_word' id='word_1_650' title='bbox 2971 3435 3205 3503; x_wconf 87' lang='lat' dir='ltr'><strong>altisque</strong></span> <span class='ocrx_word' id='word_1_651' title='bbox 3262 3432 3427 3487; x_wconf 83' lang='lat' dir='ltr'><strong>animi</strong></span> <span class='ocrx_word' id='word_1_652' title='bbox 3479 3431 3678 3502; x_wconf 76' lang='lat' dir='ltr'><strong>scrisis,</strong></span> 
     </span>
    </p>
   </div>
   <div class='ocr_carea' id='block_1_96' title="bbox 2086 3521 3686 3603">
    <p class='ocr_par' dir='ltr' id='par_1_96' title="bbox 2086 3521 3686 3603">
     <span class='ocr_line' id='line_1_96' title="bbox 2086 3521 3686 3603; baseline -0.008 -12"><span class='ocrx_word' id='word_1_653' title='bbox 2086 3553 2160 3593; x_wconf 81' lang='lat' dir='ltr'><strong>.ac</strong></span> <span class='ocrx_word' id='word_1_654' title='bbox 2196 3532 2776 3603; x_wconf 75' lang='lat' dir='ltr'><strong>contemplationibus,</strong></span> <span class='ocrx_word' id='word_1_655' title='bbox 2810 3531 2876 3582; x_wconf 84' lang='lat' dir='ltr'><strong>ad</strong></span> <span class='ocrx_word' id='word_1_656' title='bbox 2927 3527 3266 3581; x_wconf 78' lang='lat' dir='ltr'><strong>Altissiutum</strong></span> <span class='ocrx_word' id='word_1_657' title='bbox 3309 3521 3560 3580; x_wconf 80' lang='lat' dir='ltr'><strong>sublimis</strong></span> <span class='ocrx_word' id='word_1_658' title='bbox 3590 3537 3686 3578; x_wconf 68' lang='lat' dir='ltr'><strong>as-</strong></span> 
     </span>
    </p>
   </div>
   <div class='ocr_carea' id='block_1_97' title="bbox 2097 3610 3683 3694">
    <p class='ocr_par' dir='ltr' id='par_1_97' title="bbox 2097 3610 3683 3694">
     <span class='ocr_line' id='line_1_97' title="bbox 2097 3610 3683 3694; baseline -0.01 -14"><span class='ocrx_word' id='word_1_659' title='bbox 2097 3636 2370 3694; x_wconf 82' lang='lat' dir='ltr'><strong>sumptus,</strong></span> <span class='ocrx_word' id='word_1_660' title='bbox 2421 3630 2586 3691; x_wconf 86' lang='lat' dir='ltr'><strong>atque</strong></span> <span class='ocrx_word' id='word_1_661' title='bbox 2630 3619 2889 3682; x_wconf 82' lang='lat' dir='ltr'><strong>evadens,</strong></span> <span class='ocrx_word' id='word_1_662' title='bbox 2932 3615 3322 3670; x_wconf 76' lang='lat' dir='ltr'><strong>revelatiouutn</strong></span> <span class='ocrx_word' id='word_1_663' title='bbox 3363 3610 3683 3667; x_wconf 74' lang='lat' dir='ltr'><strong>excellentia.</strong></span> 
     </span>
    </p>
   </div>
   <div class='ocr_carea' id='block_1_98' title="bbox 2098 3702 3685 3782">
    <p class='ocr_par' dir='ltr' id='par_1_98' title="bbox 2098 3702 3685 3782">
     <span class='ocr_line' id='line_1_98' title="bbox 2098 3702 3685 3782; baseline -0.011 -8"><span class='ocrx_word' id='word_1_664' title='bbox 2098 3719 2209 3774; x_wconf 88' lang='lat' dir='ltr'><strong>Deo</strong></span> <span class='ocrx_word' id='word_1_665' title='bbox 2241 3715 2566 3779; x_wconf 68' lang='lat' dir='ltr'><strong>excedebat;</strong></span> <span class='ocrx_word' id='word_1_666' title='bbox 2595 3718 2778 3782; x_wconf 83' lang='lat' dir='ltr'><strong>postea</strong></span> <span class='ocrx_word' id='word_1_667' title='bbox 2810 3716 2991 3763; x_wconf 87' lang='lat' dir='ltr'><strong>autem</strong></span> <span class='ocrx_word' id='word_1_668' title='bbox 3027 3721 3249 3776; x_wconf 82' lang='lat' dir='ltr'><strong>peregre</strong></span> <span class='ocrx_word' id='word_1_669' title='bbox 3300 3702 3478 3759; x_wconf 81' lang='lat' dir='ltr'><strong>factus</strong></span> <span class='ocrx_word' id='word_1_670' title='bbox 3501 3717 3532 3756; x_wconf 89' lang='lat' dir='ltr'><strong>a</strong></span> <span class='ocrx_word' id='word_1_671' title='bbox 3557 3715 3685 3756; x_wconf 83' lang='lat' dir='ltr'><strong>cor-</strong></span> 
     </span>
    </p>
   </div>
   <div class='ocr_carea' id='block_1_99' title="bbox 2096 3793 3731 3884">
    <p class='ocr_par' dir='ltr' id='par_1_99' title="bbox 2096 3793 3731 3884">
     <span class='ocr_line' id='line_1_99' title="bbox 2096 3793 3731 3884; baseline -0.012 -18"><span class='ocrx_word' id='word_1_672' title='bbox 2096 3827 2249 3884; x_wconf 85' lang='lat' dir='ltr'><strong>pore,</strong></span> <span class='ocrx_word' id='word_1_673' title='bbox 2283 3809 2619 3873; x_wconf 81' lang='lat' dir='ltr'><strong>omninoque</strong></span> <span class='ocrx_word' id='word_1_674' title='bbox 2651 3803 2716 3858; x_wconf 87' lang='lat' dir='ltr'><strong>ad</strong></span> <span class='ocrx_word' id='word_1_675' title='bbox 2758 3801 3047 3857; x_wconf 85' lang='lat' dir='ltr'><strong>Dominum</strong></span> <span class='ocrx_word' id='word_1_676' title='bbox 3132 3812 3292 3852; x_wconf 85' lang='lat' dir='ltr'><strong>suum</strong></span> <span class='ocrx_word' id='word_1_677' title='bbox 3357 3793 3684 3864; x_wconf 78' lang='lat' dir='ltr'><strong>migratione</strong></span> <span class='ocrx_word' id='word_1_678' title='bbox 3723 3811 3731 3820; x_wconf 86' lang='grc'>·</span> 
     </span>
    </p>
   </div>
   <div class='ocr_carea' id='block_1_100' title="bbox 2103 3883 3681 3972">
    <p class='ocr_par' dir='ltr' id='par_1_100' title="bbox 2103 3883 3681 3972">
     <span class='ocr_line' id='line_1_100' title="bbox 2103 3883 3681 3972; baseline -0.012 -16"><span class='ocrx_word' id='word_1_679' title='bbox 2103 3883 2259 3964; x_wconf 78' lang='lat' dir='ltr'><strong>evita</strong></span> <span class='ocrx_word' id='word_1_680' title='bbox 2279 3898 2578 3972; x_wconf 76' lang='lat' dir='ltr'><strong>profectus,</strong></span> <span class='ocrx_word' id='word_1_681' title='bbox 2603 3893 2996 3949; x_wconf 84' lang='lat' dir='ltr'><strong>otnnibuscum</strong></span> <span class='ocrx_word' id='word_1_682' title='bbox 3028 3883 3681 3957; x_wconf 81' lang='lat' dir='ltr'><strong>supermundanisvirtu-</strong></span> 
     </span>
    </p>
   </div>
   <div class='ocr_carea' id='block_1_101' title="bbox 2102 3973 3684 4056">
    <p class='ocr_par' dir='ltr' id='par_1_101' title="bbox 2102 3973 3684 4056">
     <span class='ocr_line' id='line_1_101' title="bbox 2102 3973 3684 4056; baseline -0.012 -9"><span class='ocrx_word' id='word_1_683' title='bbox 2102 3990 2248 4048; x_wconf 86' lang='lat' dir='ltr'><strong>tibus</strong></span> <span class='ocrx_word' id='word_1_684' title='bbox 2279 3988 2474 4045; x_wconf 87' lang='lat' dir='ltr'><strong>altiore</strong></span> <span class='ocrx_word' id='word_1_685' title='bbox 2495 4002 2660 4056; x_wconf 85' lang='lat' dir='ltr'><strong>quam</strong></span> <span class='ocrx_word' id='word_1_686' title='bbox 2697 4000 2793 4054; x_wconf 82' lang='lat' dir='ltr'><strong>pro</strong></span> <span class='ocrx_word' id='word_1_687' title='bbox 2833 3979 3020 4035; x_wconf 86' lang='lat' dir='ltr'><strong>mundi</strong></span> <span class='ocrx_word' id='word_1_688' title='bbox 3050 3979 3260 4033; x_wconf 85' lang='lat' dir='ltr'><strong>ratione</strong></span> <span class='ocrx_word' id='word_1_689' title='bbox 3285 3975 3438 4030; x_wconf 90' lang='lat' dir='ltr'><strong>cultu</strong></span> <span class='ocrx_word' id='word_1_690' title='bbox 3471 3973 3684 4043; x_wconf 84' lang='lat' dir='ltr'><strong>stipan-</strong></span> 
     </span>
    </p>
   </div>
   <div class='ocr_carea' id='block_1_102' title="bbox 2101 4069 3683 4145">
    <p class='ocr_par' dir='ltr' id='par_1_102' title="bbox 2101 4069 3683 4145">
     <span class='ocr_line' id='line_1_102' title="bbox 2101 4069 3683 4145; baseline -0.013 -3"><span class='ocrx_word' id='word_1_691' title='bbox 2101 4087 2268 4145; x_wconf 82' lang='lat' dir='ltr'><strong>tibus,</strong></span> <span class='ocrx_word' id='word_1_692' title='bbox 2301 4098 2367 4136; x_wconf 88' lang='lat' dir='ltr'><strong>ac</strong></span> <span class='ocrx_word' id='word_1_693' title='bbox 2397 4079 2589 4134; x_wconf 79' lang='lat' dir='ltr'><strong>l‘estive</strong></span> <span class='ocrx_word' id='word_1_694' title='bbox 2621 4073 3020 4144; x_wconf 82' lang='lat' dir='ltr'><strong>exeipientibus</strong></span> <span class='ocrx_word' id='word_1_695' title='bbox 3052 4069 3454 4138; x_wconf 71' lang='lat' dir='ltr'><strong>angustissimae</strong></span> <span class='ocrx_word' id='word_1_696' title='bbox 3495 4080 3683 4122; x_wconf 85' lang='lat' dir='ltr'><strong>coram</strong></span> 
     </span>
    </p>
   </div>
   <div class='ocr_carea' id='block_1_103' title="bbox 2103 4161 3527 4237">
    <p class='ocr_par' dir='ltr' id='par_1_103' title="bbox 2103 4161 3527 4237">
     <span class='ocr_line' id='line_1_103' title="bbox 2103 4161 3527 4237; baseline -0.013 -7"><span class='ocrx_word' id='word_1_697' title='bbox 2103 4175 2356 4232; x_wconf 86' lang='lat' dir='ltr'><strong>&#39;l&#39;rinitati</strong></span> <span class='ocrx_word' id='word_1_698' title='bbox 2393 4171 2592 4224; x_wconf 77' lang='lat' dir='ltr'><strong>eximia</strong></span> <span class='ocrx_word' id='word_1_699' title='bbox 2642 4165 2969 4237; x_wconf 69' lang='lat' dir='ltr'><strong>praefulgens</strong></span> <span class='ocrx_word' id='word_1_700' title='bbox 2997 4161 3244 4216; x_wconf 84' lang='lat' dir='ltr'><strong>claritate</strong></span> <span class='ocrx_word' id='word_1_701' title='bbox 3283 4168 3527 4229; x_wconf 82' lang='lat' dir='ltr'><strong>apparet.</strong></span> 
     </span>
    </p>
   </div>
   <div class='ocr_carea' id='block_1_104' title="bbox 2173 4268 3688 4349">
    <p class='ocr_par' dir='ltr' id='par_1_104' title="bbox 2173 4268 3688 4349">
     <span class='ocr_line' id='line_1_104' title="bbox 2173 4268 3688 4349; baseline -0.011 -8"><span class='ocrx_word' id='word_1_702' title='bbox 2173 4283 2400 4349; x_wconf 80' lang='lat' dir='ltr'><strong>Verum,</strong></span> <span class='ocrx_word' id='word_1_703' title='bbox 2431 4298 2464 4339; x_wconf 86' lang='grc' dir='ltr'>ο</span> <span class='ocrx_word' id='word_1_704' title='bbox 2487 4280 2684 4335; x_wconf 79' lang='lat' dir='ltr'><strong>mentis</strong></span> <span class='ocrx_word' id='word_1_705' title='bbox 2739 4276 2885 4331; x_wconf 86' lang='lat' dir='ltr'><strong>illius</strong></span> <span class='ocrx_word' id='word_1_706' title='bbox 2921 4288 3133 4347; x_wconf 66' lang='lat' dir='ltr'><strong>magna:</strong></span> <span class='ocrx_word' id='word_1_707' title='bbox 3162 4272 3460 4342; x_wconf 76' lang='lat' dir='ltr'><strong>primaeque</strong></span> <span class='ocrx_word' id='word_1_708' title='bbox 3501 4284 3567 4325; x_wconf 85' lang='lat' dir='ltr'><strong>ac</strong></span> <span class='ocrx_word' id='word_1_709' title='bbox 3596 4268 3688 4325; x_wconf 87' lang='lat' dir='ltr'><strong>di-</strong></span> 
     </span>
    </p>
   </div>
   <div class='ocr_carea' id='block_1_105' title="bbox 2102 4362 3688 4443">
    <p class='ocr_par' dir='ltr' id='par_1_105' title="bbox 2102 4362 3688 4443">
     <span class='ocr_line' id='line_1_105' title="bbox 2102 4362 3688 4443; baseline -0.016 -7"><span class='ocrx_word' id='word_1_710' title='bbox 2102 4379 2402 4436; x_wconf 77' lang='lat' dir='ltr'><strong>vinissima:</strong></span> <span class='ocrx_word' id='word_1_711' title='bbox 2430 4373 2700 4443; x_wconf 77' lang='lat' dir='ltr'><strong>discipule</strong></span> <span class='ocrx_word' id='word_1_712' title='bbox 2739 4381 2803 4424; x_wconf 81' lang='lat' dir='ltr'><strong>ac</strong></span> <span class='ocrx_word' id='word_1_713' title='bbox 2851 4369 3046 4432; x_wconf 88' lang='lat' dir='ltr'><strong>cultor,</strong></span> <span class='ocrx_word' id='word_1_714' title='bbox 3106 4366 3308 4419; x_wconf 84' lang='lat' dir='ltr'><strong>mentis</strong></span> <span class='ocrx_word' id='word_1_715' title='bbox 3355 4362 3688 4432; x_wconf 84' lang='lat' dir='ltr'><strong>perspicaci-</strong></span> 
     </span>
    </p>
   </div>
   <div class='ocr_carea' id='block_1_106' title="bbox 2106 4455 3687 4537">
    <p class='ocr_par' dir='ltr' id='par_1_106' title="bbox 2106 4455 3687 4537">
     <span class='ocr_line' id='line_1_106' title="bbox 2106 4455 3687 4537; baseline -0.013 -9"><span class='ocrx_word' id='word_1_716' title='bbox 2106 4484 2214 4528; x_wconf 85' lang='lat' dir='ltr'><strong>tate</strong></span> <span class='ocrx_word' id='word_1_717' title='bbox 2251 4473 2482 4527; x_wconf 72' lang='lat' dir='ltr'><strong>maxima</strong></span> <span class='ocrx_word' id='word_1_718' title='bbox 2511 4468 2752 4537; x_wconf 71' lang='lat' dir='ltr'><strong>pnetlite.</strong></span> <span class='ocrx_word' id='word_1_719' title='bbox 2783 4464 2826 4518; x_wconf 89' lang='lat'><strong>0</strong></span> <span class='ocrx_word' id='word_1_720' title='bbox 2869 4461 3028 4517; x_wconf 66' lang='lat' dir='ltr'><strong>Verbi</strong></span> <span class='ocrx_word' id='word_1_721' title='bbox 3059 4461 3206 4515; x_wconf 88' lang='lat' dir='ltr'><strong>illius</strong></span> <span class='ocrx_word' id='word_1_722' title='bbox 3234 4458 3360 4523; x_wconf 84' lang='lat' dir='ltr'><strong>vivi,</strong></span> <span class='ocrx_word' id='word_1_723' title='bbox 3392 4457 3538 4526; x_wconf 85' lang='lat' dir='ltr'><strong>quod</strong></span> <span class='ocrx_word' id='word_1_724' title='bbox 3569 4455 3687 4525; x_wconf 84' lang='lat' dir='ltr'><strong>pri-</strong></span> 
     </span>
    </p>
   </div>
   <div class='ocr_carea' id='block_1_107' title="bbox 2113 4552 3691 4626">
    <p class='ocr_par' dir='ltr' id='par_1_107' title="bbox 2113 4552 3691 4626">
     <span class='ocr_line' id='line_1_107' title="bbox 2113 4552 3691 4626; baseline -0.012 -6"><span class='ocrx_word' id='word_1_725' title='bbox 2113 4584 2214 4622; x_wconf 75' lang='lat' dir='ltr'><strong>mae.</strong></span> <span class='ocrx_word' id='word_1_726' title='bbox 2261 4566 2428 4620; x_wconf 82' lang='lat' dir='ltr'><strong>tuenti</strong></span> <span class='ocrx_word' id='word_1_727' title='bbox 2463 4580 2525 4617; x_wconf 83' lang='lat' dir='ltr'><strong>ac</strong></span> <span class='ocrx_word' id='word_1_728' title='bbox 2559 4561 2703 4614; x_wconf 82' lang='lat' dir='ltr'><strong>Patri</strong></span> <span class='ocrx_word' id='word_1_729' title='bbox 2731 4561 2960 4626; x_wconf 81' lang='lat' dir='ltr'><strong>unigena</strong></span> <span class='ocrx_word' id='word_1_730' title='bbox 2989 4564 3091 4618; x_wconf 85' lang='lat' dir='ltr'><strong>est,</strong></span> <span class='ocrx_word' id='word_1_731' title='bbox 3120 4570 3182 4609; x_wconf 82' lang='lat' dir='ltr'><strong>ac</strong></span> <span class='ocrx_word' id='word_1_732' title='bbox 3207 4552 3560 4620; x_wconf 69' lang='lat' dir='ltr'><strong>coniunctum</strong></span> <span class='ocrx_word' id='word_1_733' title='bbox 3595 4563 3691 4601; x_wconf 89' lang='lat' dir='ltr'><strong>na-</strong></span> 
     </span>
    </p>
   </div>
   <div class='ocr_carea' id='block_1_108' title="bbox 2116 4638 3689 4728">
    <p class='ocr_par' dir='ltr' id='par_1_108' title="bbox 2116 4638 3689 4728">
     <span class='ocr_line' id='line_1_108' title="bbox 2116 4638 3689 4728; baseline -0.014 -14"><span class='ocrx_word' id='word_1_734' title='bbox 2116 4671 2272 4725; x_wconf 84' lang='lat' dir='ltr'><strong>tura,</strong></span> <span class='ocrx_word' id='word_1_735' title='bbox 2316 4671 2494 4728; x_wconf 73' lang='lat' dir='ltr'><strong>praeco</strong></span> <span class='ocrx_word' id='word_1_736' title='bbox 2555 4669 2620 4708; x_wconf 83' lang='lat' dir='ltr'><strong>ac</strong></span> <span class='ocrx_word' id='word_1_737' title='bbox 2662 4653 2849 4706; x_wconf 86' lang='lat' dir='ltr'><strong>doctor</strong></span> <span class='ocrx_word' id='word_1_738' title='bbox 2906 4643 3384 4714; x_wconf 84' lang='lat' dir='ltr'><strong>eloquentissime!</strong></span> <span class='ocrx_word' id='word_1_739' title='bbox 3424 4639 3470 4694; x_wconf 88' lang='grc' dir='ltr'><strong>Ο</strong></span> <span class='ocrx_word' id='word_1_740' title='bbox 3518 4638 3689 4693; x_wconf 87' lang='lat' dir='ltr'><strong>divini</strong></span> 
     </span>
    </p>
   </div>
   <div class='ocr_carea' id='block_1_109' title="bbox 2115 4730 3692 4822">
    <p class='ocr_par' dir='ltr' id='par_1_109' title="bbox 2115 4730 3692 4822">
     <span class='ocr_line' id='line_1_109' title="bbox 2115 4730 3692 4822; baseline -0.016 -15"><span class='ocrx_word' id='word_1_741' title='bbox 2115 4751 2370 4822; x_wconf 77' lang='lat' dir='ltr'><strong>Spiritus,</strong></span> <span class='ocrx_word' id='word_1_742' title='bbox 2399 4747 2492 4819; x_wconf 75' lang='lat' dir='ltr'><strong>qui</strong></span> <span class='ocrx_word' id='word_1_743' title='bbox 2521 4762 2644 4801; x_wconf 81' lang='lat' dir='ltr'><strong>cum</strong></span> <span class='ocrx_word' id='word_1_744' title='bbox 2672 4743 2830 4800; x_wconf 75' lang='lat' dir='ltr'><strong>Patre.</strong></span> <span class='ocrx_word' id='word_1_745' title='bbox 2856 4752 2907 4795; x_wconf 79' lang='lat' dir='ltr'><strong>et</strong></span> <span class='ocrx_word' id='word_1_746' title='bbox 2928 4739 3082 4800; x_wconf 82' lang='lat' dir='ltr'><strong>Filio,</strong></span> <span class='ocrx_word' id='word_1_747' title='bbox 3111 4736 3466 4806; x_wconf 78' lang='lat' dir='ltr'><strong>ejusdemque</strong></span> <span class='ocrx_word' id='word_1_748' title='bbox 3496 4730 3692 4784; x_wconf 80' lang='lat' dir='ltr'><strong>classis</strong></span> 
     </span>
    </p>
   </div>
   <div class='ocr_carea' id='block_1_110' title="bbox 2114 4824 3696 4918">
    <p class='ocr_par' dir='ltr' id='par_1_110' title="bbox 2114 4824 3696 4918">
     <span class='ocr_line' id='line_1_110' title="bbox 2114 4824 3696 4918; baseline -0.017 -18"><span class='ocrx_word' id='word_1_749' title='bbox 2114 4860 2276 4918; x_wconf 79' lang='lat' dir='ltr'><strong>atque</strong></span> <span class='ocrx_word' id='word_1_750' title='bbox 2299 4841 2506 4896; x_wconf 80' lang='lat' dir='ltr'><strong>ordinis</strong></span> <span class='ocrx_word' id='word_1_751' title='bbox 2535 4848 2873 4898; x_wconf 85' lang='lat' dir='ltr'><strong>numeratur,</strong></span> <span class='ocrx_word' id='word_1_752' title='bbox 2898 4829 3295 4901; x_wconf 72' lang='lat' dir='ltr'><strong>spiritalissime</strong></span> <span class='ocrx_word' id='word_1_753' title='bbox 3321 4842 3384 4878; x_wconf 86' lang='lat' dir='ltr'><strong>ac</strong></span> <span class='ocrx_word' id='word_1_754' title='bbox 3439 4824 3696 4877; x_wconf 75' lang='lat' dir='ltr'><strong>illustris-</strong></span> 
     </span>
    </p>
   </div>
   <div class='ocr_carea' id='block_1_111' title="bbox 2114 4915 3694 4995">
    <p class='ocr_par' dir='ltr' id='par_1_111' title="bbox 2114 4915 3694 4995">
     <span class='ocr_line' id='line_1_111' title="bbox 2114 4915 3694 4995; baseline -0.016 -3"><span class='ocrx_word' id='word_1_755' title='bbox 2114 4915 2251 4992; x_wconf 80' lang='lat' dir='ltr'><strong>sime</strong></span> <span class='ocrx_word' id='word_1_756' title='bbox 2279 4936 2559 4995; x_wconf 79' lang='lat' dir='ltr'><strong>adorator,</strong></span> <span class='ocrx_word' id='word_1_757' title='bbox 2591 4927 3005 4992; x_wconf 83' lang='lat' dir='ltr'><strong>clarissimeque</strong></span> <span class='ocrx_word' id='word_1_758' title='bbox 3046 4936 3108 4975; x_wconf 84' lang='lat' dir='ltr'><strong>ac</strong></span> <span class='ocrx_word' id='word_1_759' title='bbox 3151 4933 3364 4974; x_wconf 80' lang='lat' dir='ltr'><strong>summe</strong></span> <span class='ocrx_word' id='word_1_760' title='bbox 3397 4915 3694 4983; x_wconf 77' lang='lat' dir='ltr'><strong>conspicuo</strong></span> 
     </span>
    </p>
   </div>
   <div class='ocr_carea' id='block_1_112' title="bbox 2116 5007 3691 5097">
    <p class='ocr_par' dir='ltr' id='par_1_112' title="bbox 2116 5007 3691 5097">
     <span class='ocr_line' id='line_1_112' title="bbox 2116 5007 3691 5097; baseline -0.017 -13"><span class='ocrx_word' id='word_1_761' title='bbox 2116 5029 2421 5097; x_wconf 68' lang='lat' dir='ltr'><strong>Tlteologe!</strong></span> <span class='ocrx_word' id='word_1_762' title='bbox 2457 5026 2500 5080; x_wconf 90' lang='grc' dir='ltr'><strong>Ο</strong></span> <span class='ocrx_word' id='word_1_763' title='bbox 2529 5024 2620 5094; x_wconf 87' lang='lat' dir='ltr'><strong>qui</strong></span> <span class='ocrx_word' id='word_1_764' title='bbox 2656 5022 2854 5077; x_wconf 83' lang='lat' dir='ltr'><strong>diserte</strong></span> <span class='ocrx_word' id='word_1_765' title='bbox 2879 5019 3054 5080; x_wconf 82' lang='lat' dir='ltr'><strong>nobis,</strong></span> <span class='ocrx_word' id='word_1_766' title='bbox 3082 5031 3144 5069; x_wconf 89' lang='lat' dir='ltr'><strong>ac</strong></span> <span class='ocrx_word' id='word_1_767' title='bbox 3183 5011 3414 5068; x_wconf 83' lang='lat' dir='ltr'><strong>dilucide</strong></span> <span class='ocrx_word' id='word_1_768' title='bbox 3451 5007 3691 5061; x_wconf 83' lang='lat' dir='ltr'><strong>Trinita-</strong></span> 
     </span>
    </p>
   </div>
   <div class='ocr_carea' id='block_1_113' title="bbox 2114 5098 3691 5178">
    <p class='ocr_par' dir='ltr' id='par_1_113' title="bbox 2114 5098 3691 5178">
     <span class='ocr_line' id='line_1_113' title="bbox 2114 5098 3691 5178; baseline -0.016 -2"><span class='ocrx_word' id='word_1_769' title='bbox 2114 5133 2225 5176; x_wconf 87' lang='lat' dir='ltr'><strong>tem</strong></span> <span class='ocrx_word' id='word_1_770' title='bbox 2257 5122 2306 5172; x_wconf 89' lang='lat' dir='ltr'><strong>in</strong></span> <span class='ocrx_word' id='word_1_771' title='bbox 2337 5119 2564 5178; x_wconf 83' lang='lat' dir='ltr'><strong>unitate,</strong></span> <span class='ocrx_word' id='word_1_772' title='bbox 2597 5129 2660 5168; x_wconf 89' lang='lat' dir='ltr'><strong>ac</strong></span> <span class='ocrx_word' id='word_1_773' title='bbox 2687 5111 2949 5166; x_wconf 84' lang='lat' dir='ltr'><strong>unitatem</strong></span> <span class='ocrx_word' id='word_1_774' title='bbox 2989 5109 3039 5161; x_wconf 80' lang='lat' dir='ltr'><strong>in</strong></span> <span class='ocrx_word' id='word_1_775' title='bbox 3067 5105 3333 5159; x_wconf 85' lang='lat' dir='ltr'><strong>Trinitate</strong></span> <span class='ocrx_word' id='word_1_776' title='bbox 3360 5098 3691 5154; x_wconf 79' lang='lat' dir='ltr'><strong>adorandam</strong></span> 
     </span>
    </p>
   </div>
   <div class='ocr_carea' id='block_1_114' title="bbox 2122 5189 3692 5272">
    <p class='ocr_par' dir='ltr' id='par_1_114' title="bbox 2122 5189 3692 5272">
     <span class='ocr_line' id='line_1_114' title="bbox 2122 5189 3692 5272; baseline -0.016 -6"><span class='ocrx_word' id='word_1_777' title='bbox 2122 5212 2292 5266; x_wconf 77' lang='lat' dir='ltr'><strong>Deum</strong></span> <span class='ocrx_word' id='word_1_778' title='bbox 2326 5207 2584 5264; x_wconf 77' lang='lat' dir='ltr'><strong>rdisscris</strong></span> <span class='ocrx_word' id='word_1_779' title='bbox 2607 5225 2623 5272; x_wconf 87' lang='lat'><strong>;</strong></span> <span class='ocrx_word' id='word_1_780' title='bbox 2665 5207 2780 5258; x_wconf 78' lang='lat' dir='ltr'><strong>inec</strong></span> <span class='ocrx_word' id='word_1_781' title='bbox 2803 5218 2924 5272; x_wconf 74' lang='lat' dir='ltr'><strong>qua:</strong></span> <span class='ocrx_word' id='word_1_782' title='bbox 2949 5215 2978 5254; x_wconf 84' lang='lat' dir='ltr'><strong>a</strong></span> <span class='ocrx_word' id='word_1_783' title='bbox 3006 5197 3163 5251; x_wconf 80' lang='lat' dir='ltr'><strong>nobis</strong></span> <span class='ocrx_word' id='word_1_784' title='bbox 3205 5193 3300 5249; x_wconf 83' lang='lat' dir='ltr'><strong>tibi</strong></span> <span class='ocrx_word' id='word_1_785' title='bbox 3332 5192 3569 5246; x_wconf 87' lang='lat' dir='ltr'><strong>laudatio</strong></span> <span class='ocrx_word' id='word_1_786' title='bbox 3594 5189 3660 5243; x_wconf 84' lang='lat' dir='ltr'><strong>de</strong></span> <span class='ocrx_word' id='word_1_787' title='bbox 3679 5218 3692 5228; x_wconf 89' lang='lat'><strong>-</strong></span> 
     </span>
    </p>
   </div>
   <div class='ocr_carea' id='block_1_115' title="bbox 2125 5285 3692 5370">
    <p class='ocr_par' dir='ltr' id='par_1_115' title="bbox 2125 5285 3692 5370">
     <span class='ocr_line' id='line_1_115' title="bbox 2125 5285 3692 5370; baseline -0.017 -12"><span class='ocrx_word' id='word_1_788' title='bbox 2125 5306 2302 5359; x_wconf 84' lang='lat' dir='ltr'><strong>betur.</strong></span> <span class='ocrx_word' id='word_1_789' title='bbox 2354 5303 2430 5355; x_wconf 77' lang='lat' dir='ltr'><strong>Ac</strong></span> <span class='ocrx_word' id='word_1_790' title='bbox 2474 5297 2740 5370; x_wconf 82' lang='lat' dir='ltr'><strong>siquidem</strong></span> <span class='ocrx_word' id='word_1_791' title='bbox 2779 5292 3050 5361; x_wconf 84' lang='lat' dir='ltr'><strong>condigna</strong></span> <span class='ocrx_word' id='word_1_792' title='bbox 3085 5289 3174 5344; x_wconf 83' lang='lat' dir='ltr'><strong>illa</strong></span> <span class='ocrx_word' id='word_1_793' title='bbox 3228 5285 3496 5345; x_wconf 73' lang='lat' dir='ltr'><strong>videatur,</strong></span> <span class='ocrx_word' id='word_1_794' title='bbox 3538 5291 3692 5334; x_wconf 88' lang='lat' dir='ltr'><strong>tuum</strong></span> 
     </span>
    </p>
   </div>
   <div class='ocr_carea' id='block_1_116' title="bbox 2125 5372 3697 5464">
    <p class='ocr_par' dir='ltr' id='par_1_116' title="bbox 2125 5372 3697 5464">
     <span class='ocr_line' id='line_1_116' title="bbox 2125 5372 3697 5464; baseline -0.015 -14"><span class='ocrx_word' id='word_1_795' title='bbox 2125 5396 2290 5450; x_wconf 82' lang='lat' dir='ltr'><strong>dubio</strong></span> <span class='ocrx_word' id='word_1_796' title='bbox 2319 5391 2510 5464; x_wconf 83' lang='lat' dir='ltr'><strong>procul</strong></span> <span class='ocrx_word' id='word_1_797' title='bbox 2557 5404 2783 5453; x_wconf 80' lang='lat' dir='ltr'><strong>munus,</strong></span> <span class='ocrx_word' id='word_1_798' title='bbox 2807 5385 2996 5456; x_wconf 83' lang='lat' dir='ltr'><strong>tuique</strong></span> <span class='ocrx_word' id='word_1_799' title='bbox 3022 5380 3250 5447; x_wconf 79' lang='lat' dir='ltr'><strong>laberis,</strong></span> <span class='ocrx_word' id='word_1_800' title='bbox 3282 5393 3344 5432; x_wconf 87' lang='lat' dir='ltr'><strong>ac</strong></span> <span class='ocrx_word' id='word_1_801' title='bbox 3368 5385 3473 5430; x_wconf 60' lang='lat' dir='ltr'><strong>tua:</strong></span> <span class='ocrx_word' id='word_1_802' title='bbox 3505 5374 3560 5428; x_wconf 89' lang='lat' dir='ltr'><strong>in</strong></span> <span class='ocrx_word' id='word_1_803' title='bbox 3590 5372 3697 5426; x_wconf 83' lang='lat' dir='ltr'><strong>line</strong></span> 
     </span>
    </p>
   </div>
   <div class='ocr_carea' id='block_1_117' title="bbox 2848 5546 3695 5629">
    <p class='ocr_par' dir='ltr' id='par_1_117' title="bbox 2848 5546 3695 5629">
     <span class='ocr_line' id='line_1_117' title="bbox 2848 5546 3695 5629; baseline 0.006 -16"><span class='ocrx_word' id='word_1_804' title='bbox 2848 5563 2895 5604; x_wconf 76' lang='grc'><strong>⁸³</strong></span> <span class='ocrx_word' id='word_1_805' title='bbox 2921 5561 3148 5629; x_wconf 79' lang='lat' dir='ltr'><strong>Philipp.</strong></span> <span class='ocrx_word' id='word_1_806' title='bbox 3187 5554 3383 5629; x_wconf 66' lang='lat' dir='ltr'><strong>m.&quot;20-</strong></span> <span class='ocrx_word' id='word_1_807' title='bbox 3483 5550 3529 5583; x_wconf 67' lang='lat'><strong><em>“</em></strong></span> <span class='ocrx_word' id='word_1_808' title='bbox 3557 5546 3695 5604; x_wconf 60' lang='lat' dir='ltr'><strong>Luco</strong></span> 
     </span>
    </p>
   </div>
   <div class='ocr_carea' id='block_1_118' title="bbox 2871 5628 3388 5696">
    <p class='ocr_par' dir='ltr' id='par_1_118' title="bbox 2871 5628 3388 5696">
     <span class='ocr_line' id='line_1_118' title="bbox 2871 5628 3388 5696; baseline -0.012 -12"><span class='ocrx_word' id='word_1_809' title='bbox 2871 5634 2916 5666; x_wconf 69' lang='grc' dir='ltr'><strong>ει</strong></span> <span class='ocrx_word' id='word_1_810' title='bbox 2955 5629 3016 5683; x_wconf 80' lang='lat' dir='ltr'><strong>tv</strong></span> <span class='ocrx_word' id='word_1_811' title='bbox 3051 5628 3178 5696; x_wconf 46' lang='lat' dir='ltr'><strong>erit.</strong></span> <span class='ocrx_word' id='word_1_812' title='bbox 3215 5643 3270 5691; x_wconf 74' lang='grc' dir='ltr'><strong>ιι,</strong></span> <span class='ocrx_word' id='word_1_813' title='bbox 3306 5628 3388 5679; x_wconf 86' lang='lat' dir='ltr'><strong>ll.</strong></span> 
     </span>
    </p>
   </div>
   <div class='ocr_carea' id='block_1_119' title="bbox 2297 5566 2740 5628">
    <p class='ocr_par' dir='ltr' id='par_1_119' title="bbox 2297 5566 2740 5628">
     <span class='ocr_line' id='line_1_119' title="bbox 2297 5566 2740 5628; baseline -0.014 -2"><span class='ocrx_word' id='word_1_814' title='bbox 2297 5567 2340 5600; x_wconf 57' lang='grc' dir='ltr'><strong>θ’</strong></span> <span class='ocrx_word' id='word_1_815' title='bbox 2375 5568 2510 5625; x_wconf 84' lang='lat' dir='ltr'><strong>Gen.</strong></span> <span class='ocrx_word' id='word_1_816' title='bbox 2535 5581 2626 5628; x_wconf 77' lang='lat' dir='ltr'><strong>xv,</strong></span> <span class='ocrx_word' id='word_1_817' title='bbox 2657 5566 2740 5620; x_wconf 71' lang='grc' dir='ltr'><strong>ιδ.</strong></span> 
     </span>
    </p>
   </div>
   <div class='ocr_carea' id='block_1_120' title="bbox 2369 5637 2790 5704">
    <p class='ocr_par' dir='ltr' id='par_1_120' title="bbox 2369 5637 2790 5704">
     <span class='ocr_line' id='line_1_120' title="bbox 2369 5637 2790 5704; baseline -0.014 -9"><span class='ocrx_word' id='word_1_818' title='bbox 2369 5639 2414 5670; x_wconf 78' lang='grc'>⁸⁸</span> <span class='ocrx_word' id='word_1_819' title='bbox 2445 5638 2580 5694; x_wconf 80' lang='lat' dir='ltr'><strong>Gclt.</strong></span> <span class='ocrx_word' id='word_1_820' title='bbox 2624 5653 2675 5704; x_wconf 90' lang='lat' dir='ltr'><strong>v,</strong></span> <span class='ocrx_word' id='word_1_821' title='bbox 2702 5637 2790 5690; x_wconf 55' lang='grc' dir='ltr'><strong>ἑά.</strong></span> 
     </span>
    </p>
   </div>
  </div>
