4150 6298
452 344 557 411 189

1534 344 1702 406 VITA
1745 345 1803 403 S.
1849 341 2144 405 IGNATII
2201 343 2308 405 ΟΡ.
2348 345 2702 407 ARCHIEP.

3624 353 3729 421 490

452 458 681 516 ἐκείνων
727 456 1038 528 δυναμένων
1081 456 1380 529 κατορθοῦν
1426 458 1641 526 γενεάν.
1672 457 1813 511 Ὅσα
1868 456 1915 510 δ’
1961 456 2029 510 ἂν

2156 458 2226 527 ιιιί
2281 466 2492 528 putent,
2520 458 2630 516 illis
2661 459 2931 530 majorum
2957 469 3271 517 nostrorum
3300 462 3515 520 szecnlis
3554 467 3729 524 multo

452 552 566 613 τοῖς
597 548 722 602 καθ’
784 549 933 617 ἡμᾶς
981 548 1380 619 κατορθοῦσθαι
1432 550 1744 604 πιστεύοιτο
1794 552 2032 623 καιροῖς,

453 644 655 717 μᾶλλον
683 642 748 695 ἃν
780 636 933 711 οἶμαι
965 641 1136 696 ταῦτα
1165 645 1522 714 παρακνίζειν
1555 646 1681 707 τοὺς
1714 644 2035 698 εὐσεϐεστέο

454 746 602 808 ρους,
640 739 733 788 καὶ
762 733 899 805 πρὸς
927 734 1020 787 τὸν
1068 734 1181 787 ἴσον
1228 736 1326 805 τῆς
1360 736 1560 806 ἀρετῆς
1589 735 1908 804 διερεθίζειν
1938 735 2037 801 ζῆ-

450 829 567 883 λον.
595 829 692 882 Διά
712 827 890 881 ταῦτά
943 844 1033 898 μοι
1057 827 1246 881 τοῦτον
1278 829 1645 898 ἐνστήσασθαι
1673 828 1766 883 νῦν
1792 828 1903 900 [τον.
1939 827 2037 881 νῦν

452 919 677 994 σκοπὸς]
713 919 792 991 τῷ
820 922 967 989 λόγῳ
996 920 1084 973 τὸν
1116 919 1319 989 ἀγῶνα,
1361 920 1455 973 καί
1488 938 1578 990 μοι
1620 920 1849 991 σφοδρὸς
1871 918 2037 984 πόθος

454 1013 825 1084 κατακὰρδιος
857 1012 1133 1082 ἀληθινοῖς
1176 1012 1505 1083 διηγήμασι,
1558 1014 1654 1065 καὶ
1682 1012 1863 1082 πάσης
1900 1027 2038 1081 προ-

453 1106 669 1178 λήψεως
698 1103 1111 1176 ἁπηλαγμένοις
1137 1103 1388 1174 ψευδοῦς,
1430 1102 1521 1156 τὸν
1556 1102 1731 1174 μέγαν
1776 1102 2038 1174 ίεράρχην

453 1198 553 1253 καὶ
611 1196 849 1267 ποιμένα
905 1194 1004 1265 τῆς
1045 1194 1318 1264 βασιλίδος
1360 1195 1643 1262 Ίγνάτιον,
1686 1190 1792 1247 ὐπὸ
1829 1210 1893 1263 γε
1916 1194 2039 1263 Θεῷ

455 1289 737 1361 Πνεύματι
784 1293 885 1359 τῆς
933 1287 1193 1358 ἀληθείας
1239 1288 1493 1359 ὑφηγητῇ
1540 1290 1634 1341 καὶ
1680 1286 2037 1357 συλλήπτορι,

455 1381 568 1441 τοῖς
603 1377 890 1447 ἀγνοοῦσιν
917 1377 1099 1439 ὁποῖός
1126 1393 1207 1440 τις
1246 1372 1337 1448 ἦν,
1373 1378 1438 1430 ἐκ
1466 1377 1564 1447 τῆς
1597 1378 1717 1430 κατ’
1744 1377 1908 1431 αὐτὸν
1939 1395 2040 1431 πο-

452 1470 662 1535 λιτείας
687 1470 969 1537 ἀποδείξαι
995 1485 1008 1499 θ
1059 1468 1321 1538 Ἰγνάτιόν
1357 1486 1501 1540 φημι
1520 1469 1732 1536 τοῦτον,
1760 1468 1849 1523 τὸν
1882 1468 2039 1522 ὓστε-

462 1582 555 1636 ρον
584 1565 683 1635 μὲν
712 1563 791 1635 τῷ
810 1564 1010 1635 χρόνῳ,
1064 1563 1161 1617 καὶ
1213 1562 1320 1634 πρὸ
1363 1566 1462 1634 τῆς
1492 1561 1616 1615 καθ’
1658 1563 1807 1633 ἡμᾶς
1836 1562 2042 1633 ταύτης

457 1655 852 1727 ἀναδειχθέντα
883 1657 1098 1723 γενεᾶς,
1154 1653 1368 1717 οὐδενὸς
1397 1653 1454 1708 δὲ
1498 1652 1607 1706 τῶν
1637 1653 1742 1728 πρὸ
1769 1655 1934 1709 αὐτοῦ
1961 1672 2042 1708 τι-

458 1748 600 1821 μίων
635 1747 910 1819 ίεραρχῶν
932 1747 1029 1818 τὴν
1058 1745 1262 1811 πίστιν,
1301 1746 1400 1817 τὴν
1422 1744 1736 1816 ὁμολογίαν,
1775 1744 1874 1817 τὴν
1903 1744 2043 1815 ὑπὲρ

2140 551 2447 621 promptius
2481 550 2654 607 fuisse
2683 566 2848 621 quam
2881 552 3086 607 nostris
3118 568 3247 609 cum
3292 555 3492 610 virtute
3518 556 3725 613 vivere°

2137 642 2270 709 Qum
2311 659 2440 699 vero
2486 656 2671 700 noswa
2711 643 2974 700 memoria
3009 655 3153 701 recte
3202 644 3346 702 facta
3403 649 3726 715 creduntur,

2138 735 2228 790 illa
2262 734 2434 789 multo
2463 736 2664 800 acrius,
2704 734 2919 804 Opinor,
2960 735 3172 804 piorum
3199 744 3409 792 mentes
3437 737 3504 792 ad
3544 738 3727 794 virtu-

2140 830 2214 884 tis
2278 828 2446 885 decus
2495 829 2866 884 aemulandum
2934 829 3293 885 inﬂammant.
3377 830 3729 903 Quapropter

2139 919 2333 989 ingens
2387 934 2473 974 me
2529 920 2862 975 desiderium
2918 919 3089 975 animi
3133 920 3353 991 impulit
3393 923 3460 977 ad
3500 938 3727 979 causam

2141 1012 2282 1067 hanc
2312 1012 2426 1067 sive
2458 1021 2736 1067 certamen
2767 1012 3018 1067 oratione
3049 1015 3515 1084 prosequendum,
3558 1017 3730 1072 duce-

2139 1117 2248 1173 que
2273 1110 2328 1157 et
2353 1103 2607 1172 adjutore
2643 1103 2774 1170 Deo,
2806 1102 3000 1173 spiritu
3031 1104 3301 1169 veritatis,
3329 1105 3730 1161 ostendendum

2140 1195 2535 1259 nescientibus,
2565 1196 2658 1266 qui
2688 1195 2774 1250 vir
2801 1194 3064 1267 lgnatius,
3093 1195 3385 1267 qualisque
3409 1204 3464 1250 et
3486 1205 3731 1266 quantus

2142 1285 2228 1340 hic
2259 1286 2490 1341 antistes
2523 1294 2579 1339 ct
2623 1287 2785 1355 regiae
2818 1295 3006 1355 pastor
3055 1284 3207 1340 urbis
3242 1285 3295 1339 in
3338 1286 3461 1341 vita:
3506 1301 3618 1341 suae
3650 1303 3736 1341 ra-

2148 1374 2299 1429 tione
2335 1373 2534 1429 fuerit:
2586 1374 2853 1444 Ignalitts,
2894 1375 3139 1444 inquam,
3172 1375 3296 1438 iste,
3327 1376 3420 1445 qui
3452 1392 3567 1431 aevo
3609 1378 3736 1448 qui-

2141 1464 2265 1520 dem
2296 1466 2586 1535 posterior,
2611 1480 2796 1522 nostra
2844 1476 3003 1522 aetate
3052 1467 3257 1529 floruit,
3317 1467 3595 1538 prioribus
3653 1478 3733 1523 ta-

2141 1573 2265 1614 men
2306 1559 2414 1615 illis
2449 1561 2772 1616 venerandis
2821 1561 3168 1632 pontiﬁcibus
3206 1561 3363 1627 nihil,
3401 1561 3482 1615 vel
3508 1561 3577 1616 de
3608 1561 3736 1628 title,

2144 1649 2227 1705 vel
2246 1648 2609 1718 confessione,
2628 1652 2712 1707 vel
2736 1652 3106 1708 decertatione
3132 1652 3475 1723 projustitia,
3510 1652 3739 1708 laudeve

2143 1744 2362 1814 pietatis
2394 1758 2525 1815 erga
2559 1745 2727 1799 Deum
2752 1746 3047 1801 concessit.
3096 1745 3272 1817 Hujus
3304 1763 3405 1818 ego
3454 1757 3627 1802 totum
3661 1747 3740 1801 vi-

453 1843 558 1913 τῆς
590 1841 943 1908 δικαιοσύνης
968 1837 1218 1909 ἄθλησιν,
1247 1839 1342 1891 καὶ
1374 1837 1511 1908 πρὸς
1541 1838 1635 1890 τὸν
1666 1836 1801 1890 Θεδν
1830 1835 2041 1891 εὐδοκί-

2156 1844 2215 1891 tu:
2246 1851 2470 1892 cursum
2520 1837 2651 1891 dum
2700 1838 2771 1893 ab
2814 1839 2933 1908 ipso
2958 1838 3185 1895 exordio
3220 1840 3286 1893 ad
3318 1841 3525 1895 exitum
3564 1855 3740 1908 usque

461 1952 629 2007 μησιν
653 1932 1107 2002 ἀπολειπόμενον.
1137 1929 1324 2000 Τούτῳ
1348 1929 1447 2001 τὴν
1469 1927 2043 1999 παρακαλουθήσασαν

460 2030 520 2095 ἐξ
551 2028 725 2099 ἀρχῆς
756 2027 885 2097 ἄχρι
912 2024 1099 2088 τέλους
1124 2023 1311 2095 βίωσιν
1345 2023 1484 2094 μετά
1516 2022 1759 2086 πλείονος
1795 2021 2041 2094 ὑφηγού-

470 2139 631 2191 μενος
659 2123 755 2191 τῆς
781 2118 1090 2190 ἀκριϐείας,
1122 2117 1218 2171 καὶ
1236 2119 1414 2170 πᾶσαν
1445 2118 1545 2188 τὴν
1568 2118 1695 2185 περὶ
1726 2116 1887 2170 αὐτὸν
1911 2116 2047 2187 ἀλή-

465 2211 619 2266 θειαν
653 2212 716 2265 ὲκ
745 2210 851 2264 τῶν
876 2209 1176 2281 ἐγγράφως
1227 2226 1289 2263 τε
1341 2209 1437 2263 καὶ
1471 2207 1737 2280 ἀγράφως
1766 2207 2048 2280 πεπληροο

466 2303 796 2376 φορημένων
840 2304 896 2357 ὲν
942 2304 1075 2375 ἡμῖν
1134 2302 1478 2374 πραγμάτων
1529 2300 1903 2372 ἀπροσπαθῶς
1949 2299 2047 2355 καὶ

473 2397 852 2461 ἀνυποστόλως
917 2394 1297 2466 διηγούμενος,
1364 2394 1601 2448 πέποιθα
1672 2393 1892 2465 πρῶτον
1944 2392 2047 2465 μὲν

468 2489 699 2544 ἰνὼπιον
733 2490 829 2561 τῆς
860 2489 1230 2543 ὲνυποστάτου
1259 2488 1354 2542 καὶ
1390 2486 1573 2556 ζώσης
1600 2486 1787 2541 δίκαια
1814 2483 2051 2559 γράψειν

476 2579 760 2652 Ἀληθείας
780 2599 793 2613 ε
813 2580 1063 2653 δεύτερον
1084 2580 1162 2646 δὲ,
1181 2580 1242 2635 τὸ
1266 2580 1478 2652 χρόνοις
1509 2580 1716 2644 ἱκανοῖς
1744 2579 1846 2651 ήδη
1878 2596 2052 2634 κατα-

468 2672 754 2729 πυκνωθὲν
790 2673 888 2744 τῆς
932 2673 1211 2741 ἀγνωσίας
1261 2672 1444 2742 νέφος,
1490 2672 1586 2726 καὶ
1624 2670 1725 2736 τάς
1779 2670 1887 2724 τῶν
1918 2670 2050 2724 πολ-

464 2765 575 2821 λῶν
624 2765 965 2839 ἀμαυρῶσαν
1006 2764 1267 2833 διανοίας,
1313 2763 1580 2819 λεπτῦναί
1613 2780 1675 2817 τε
1725 2763 1821 2818 καὶ
1860 2762 2053 2817 σκεδά-

461 2876 555 2915 σαι
575 2877 591 2892 ο
633 2858 776 2914 ὥστε
807 2860 936 2923 τοὺς
967 2858 1249 2923 ἐθέλοντας
1276 2857 1417 2929 πρὸς
1445 2857 1546 2930 τὴν
1578 2856 1687 2909 τῶν
1706 2855 2057 2928 πραγμάτων

459 2951 725 3025 ἀλήθειαν
754 2950 1064 3023 είλικρινῶς
1096 2951 1250 3021 ὀρᾷν,
1293 2950 1388 3004 τὸν
1418 2950 1659 3019 ἐργάτην
1694 2948 1795 3021 μὲν
1836 2944 2056 3018 ἀληθῶς

446 3045 560 3115 τῆς
588 3042 941 3114 δικαιοσύνης
972 3045 1068 3097 καὶ
1094 3042 1193 3114 τῆς
1221 3043 1422 3114 ἀρετῆς
1460 3040 1685 3107 ειδέναι,
1710 3041 1807 3095 καὶ
1836 3040 2051 3111 ὐμνείν,

2148 1929 2414 1999 singulari
2475 1945 2605 1985 cura
2646 1930 2827 2000 exigo,
2865 1947 3156 2002 rerumque
3188 1933 3256 1988 de
3310 1933 3404 1988 illo
3447 1934 3591 2003 apud
3642 1950 3740 1990 nos

2150 2019 2639 2077 testatissimarum
2670 2021 2956 2076 veritatem
2992 2021 3108 2079 sive
3144 2020 3313 2086 fama,
3368 2024 3484 2080 sive
3532 2024 3739 2092 scripto

2150 2125 2524 2187 acceptarum,
2553 2116 2676 2173 sine
2703 2116 2813 2171 ulla
2842 2115 3069 2173 aﬂectus
3099 2117 3436 2189 indulgentia
3463 2128 3517 2172 et
3549 2117 3742 2174 fraude

2152 2223 2388 2275 expono,
2419 2219 2568 2266 certo
2598 2209 2731 2265 mihi
2758 2210 3062 2280 persuadeo
3091 2208 3364 2275 futurum,
3396 2220 3457 2265 ut
3504 2211 3739 2281 primum

2154 2311 2291 2357 teste
2346 2302 2463 2372 ipsa
2517 2301 2731 2357 vivente
2767 2318 2831 2357 ac
2870 2316 2966 2372 per
3021 2317 3082 2358 se
3118 2303 3450 2359 subsistente
3494 2303 3739 2370 veritate,

2152 2407 2307 2463 aequa
2344 2378 2696 2464 praescribat!)
2721 2411 2738 2460 ;
2762 2392 2958 2449 deinde
3002 2394 3203 2449 nubem
3244 2410 3514 2450 annorum
3546 2404 3744 2450 utcuno

2155 2500 2265 2556 quo
2310 2487 2610 2541 multorum
2657 2485 3065 2555 intercapedine
3124 2496 3457 2551 concretam,
3500 2487 3744 2542 animos-

2157 2595 2264 2650 que
2307 2578 2549 2635 tenebris
2611 2578 2933 2649 ignorantiae
2988 2579 3375 2646 involventrm,
3448 2579 3743 2635 discutiam

2158 2672 2572 2743 dissipemque:
2608 2680 2669 2726 ut
2720 2674 2812 2743 qui
2844 2673 3127 2727 veritatem
3165 2674 3385 2743 penitus
3433 2675 3745 2745 perspicere

2157 2764 2364 2827 volent,
2402 2763 2677 2834 aequitatis
2716 2774 2772 2819 et
2812 2762 3035 2819 virtutis
3087 2764 3353 2819 cultorem
3387 2780 3513 2819 vere
3556 2780 3743 2829 nosse,

2155 2857 2435 2911 celebrare
2483 2854 2762 2922 laudibus,
2810 2855 3170 2924 aemularique
3220 2855 3474 2927 possint,
3524 2856 3746 2910 malitia:

2154 2962 2287 3004 vero
2316 2956 2371 3003 et
2397 2947 2760 3018 improbitatis
2786 2948 3148 3002 architectum
3177 2946 3300 3018 jure
3326 2946 3609 3004 detestari.
3638 2946 3747 3002 Sed

2155 3040 2286 3096 hinc
2312 3040 2425 3111 jam
2471 3039 2631 3096 nobis
2671 3047 2760 3095 est
2800 3039 3220 3095 exordiendum.

460 3141 557 3196 καὶ
585 3135 815 3211 ζηλοῦν·
844 3139 937 3191 τὸν
974 3137 1278 3211 αὐτουργὸν
1304 3138 1361 3191 δὲ
1409 3139 1509 3208 τῆς
1549 3137 1744 3201 κακίας
1788 3136 1884 3191 καί
1949 3139 2049 3209 τῆς
2098 3137 2314 3201 ἀδικίας
2367 3137 2595 3202 ἐνδίκως
2656 3135 3020 3191 ἀπωθεῖσθαι.
3082 3136 3341 3208 Ἀρκτέον
3372 3136 3430 3190 δὲ
3473 3136 3749 3196 ἐντεῦθεν.

547 3235 807 3305 Ἰγνάτιος
830 3228 985 3298 οὗτος
1017 3235 1043 3288 ὁ
1090 3232 1511 3304 μακαριώτατος
1558 3234 1654 3288 καὶ
1687 3232 1827 3298 θεῖος
1856 3232 2045 3305 ἱεράρ’

2226 3232 2586 3289 Beatis'simus
2617 3232 2708 3288 hic
2730 3241 2788 3288 et
2811 3232 3033 3289 divinus
3071 3234 3299 3290 antistes
3329 3232 3572 3302 lguatius
3597 3233 3749 3290 Con-

463 3345 568 3400 χης
593 3328 828 3400 πατρίδα
857 3326 961 3398 μὲν
995 3326 1152 3395 ἔσχεν
1191 3326 1283 3380 ἐπὶ
1307 3325 1409 3395 τῆς
1449 3325 1553 3395 γῆς
1604 3324 2053 3379 Κωνσταντινούι

470 3418 648 3485 πολιν,
704 3417 911 3489 ταύτην
950 3416 1015 3488 δὴ
1069 3416 1213 3486 λέγω
1248 3417 1347 3489 τὴν
1380 3417 1563 3486 πάσης
1602 3415 1789 3488 χώρας
1827 3417 1923 3470 καὶ
1953 3417 2057 3472 πό-

472 3510 611 3565 λεων
641 3511 1114 3584 περιφανεστάτην
1147 3509 1392 3581 βασιλίδα
1416 3525 1431 3539 ·
1457 3508 1702 3580 πατέρας
1745 3508 1801 3563 δὲ
1837 3508 2059 3581 Μιχαὴλ

478 3605 575 3659 καὶ
600 3602 932 3676 Προκοπίαν,
963 3604 1090 3667 τοὺς
1122 3602 1546 3673 εὐγενεστάτους
1570 3604 1665 3656 καὶ
1699 3603 2060 3667 πιστοτάτους

476 3692 843 3769 βασιλείς.⁷ον
872 3696 899 3749 ὁ
929 3695 1153 3768 Μιχαὴλ
1201 3696 1299 3768 μὲν
1341 3694 1726 3765 Θεοφυλάκτου
1768 3694 2059 3768 πατρικίου

475 3789 934 3862 μεγαλοπρεποῦς
992 3788 1107 3854 υίὸς
1155 3784 1263 3861 ἦν,
1310 3787 1597 3860 Προκοπία
1635 3787 1695 3841 δὲ
1735 3786 2058 3858 Νικηφόρον

472 3878 719 3953 θυγάτηρ
782 3876 878 3933 τοῦ
936 3877 1195 3943 εὐσεϐοῦς
1249 3878 1466 3950 ὑπῆρχε
1513 3877 1801 3948 βασιλέως.
1851 3877 2060 3932 Τούτου

465 3971 529 4027 δὲ
587 3971 726 4043 πρὸς
767 3971 839 4025 τά
865 3970 1070 4026 ἀνωθεν
1119 3972 1473 4042 χωρήσαντος
1522 3971 1789 4043 βασίλεια,
1838 3972 1937 4026 καὶ
1965 3971 2060 4025 τοῦ

470 4061 591 4117 υἱοῦ
616 4062 673 4115 δὲ
706 4061 1052 4132 Σταυρακίου
1109 4061 1380 4130 ὀλίγιστον
1419 4061 1610 4132 χρόνον
1670 4059 2061 4125 ἐπιϐιώσαντος

471 4155 539 4225 τῇ
576 4152 849 4226 βασιλείᾳ,
908 4151 1005 4207 καὶ
1042 4152 1209 4207 αὐτοῦ
1263 4152 1725 4224 μεταναστάντος,
1775 4152 1996 4224 Μιχαὴλ
2033 4153 2063 4205 ὀ

473 4244 811 4319 προρρηθεὶς
837 4237 1012 4310 οὗτος,
1047 4245 1141 4299 ἆτε
1169 4244 1420 4317 γαμϐρὸς
1465 4245 1541 4299 ὢν
1573 4244 1668 4297 ἐπὶ
1700 4244 1929 4316 θυγατρὶ
1966 4244 2061 4300 τοῦ

479 4337 926 4409 τετελευτηκότος
946 4337 1284 4410 Νικηφόρου,
1320 4337 1416 4394 καὶ
1441 4336 1511 4390 τὰ
1531 4338 1725 4408 πρῶτα
1758 4337 1865 4391 τῶν
1898 4338 1957 4391 ὲν
1985 4337 2064 4409 τῷ

484 4428 732 4501 παλατίῳ
761 4430 1095 4501 τιμωμένων
1138 4429 1553 4503 ἀποφερόμενος
1606 4429 2065 4501 (κουροπαλάτης

2156 3323 2570 3396 stantinopolim
2626 3323 2680 3379 in
2711 3324 2878 3379 terris
2912 3324 3145 3395 patriam
3200 3325 3411 3392 habuit,
3453 3326 3617 3392 hanc,
3660 3326 3750 3381 in-

2154 3429 2346 3487 quam,
2398 3415 2565 3469 totius
2612 3413 2841 3471 ditionis
2888 3423 2944 3469 et
2996 3413 3209 3486 imperii
3270 3415 3749 3485 praeclarissimam

2162 3506 2408 3577 regiam:
2459 3515 2715 3577 parentes
2782 3521 2937 3573 vero,
2989 3504 3312 3563 Micltaelem
3359 3508 3749 3577 imperatorem

2158 3607 2214 3656 et
2244 3597 2564 3669 Procopiam
2621 3598 3052 3670 imperatricem,
3099 3600 3476 3657 nobilissimos
3525 3612 3579 3657 et
3623 3601 3752 3656 reli-

2160 3691 2508 3762 ginsissimos
2592 3688 2895 3761 principes.
2963 3691 3139 3763 Atque
3218 3691 3448 3748 Michael
3527 3692 3751 3761 quidem

2161 3783 2570 3856 Thcophylacto
2621 3785 2855 3855 patricio
2900 3784 3346 3856 splendidissimo
3387 3786 3506 3841 viro
3547 3795 3706 3842 natus
3730 3826 3749 3853 ,

2159 3873 2425 3947 Procopia
2474 3890 2602 3933 vero
2647 3892 2679 3932 a
2731 3874 3041 3950 Nicephoro
3096 3879 3187 3947 pio
3236 3878 3567 3949 imperatore
3618 3894 3751 3951 pro-

2160 3978 2344 4025 creata
2374 3978 2476 4026 est.
2512 3966 2822 4040 Nicephoro
2863 3985 3030 4042 porro
3082 3968 3151 4024 ad
3200 3970 3422 4027 cwleste
3462 3972 3750 4043 imperium

2161 4070 2420 4127 evocato,
2480 4069 2535 4118 et
2586 4060 2875 4118 Stauracio
2922 4061 3056 4128 tilio,
3104 4077 3230 4118 cum
3283 4077 3511 4134 regnum
3552 4064 3750 4134 exiguo

2164 4160 2409 4223 tempore
2464 4151 2927 4219 administrasset,
2979 4152 3292 4219 exstincto,
3350 4152 3593 4211 Michael
3656 4155 3749 4212 hic

2162 4246 2456 4317 Nicephori
2500 4262 2686 4319 gener,
2724 4257 2783 4302 ut
2812 4246 3023 4303 dictum
3058 4258 3165 4313 est,
3216 4254 3435 4303 mortuo
3475 4247 3752 4320 Nicepho-

2165 4353 2250 4405 ro,
2305 4355 2432 4396 cum
2486 4340 2630 4395 inter
2681 4340 2951 4409 palatinos
3005 4340 3155 4411 (nam
3208 4341 3552 4411 curopalates
3605 4343 3749 4410 erat)

2168 4430 2470 4502 principem
2502 4431 2684 4486 locum
2717 4438 2948 4493 teneret,
2987 4431 3208 4501 auspice
3256 4429 3366 4487 Deo
3415 4441 3751 4504 senatusque

484 4519 590 4592 γὰρ
611 4515 723 4592 ἦν),
756 4520 927 4593 ψήφῳ
988 4521 1087 4593 μὲν
1137 4519 1298 4588 Θεοῦ,
1325 4519 1494 4592 ψήφῳ
1529 4520 1585 4575 δὲ
1626 4521 1727 4593 τῆς
1759 4520 2052 4592 συγκλήτοι

2168 4522 2389 4577 decreto
2448 4522 2659 4593 imperii
2708 4533 2923 4593 sceptra
2980 4523 3244 4593 suscepit.
3288 4522 3463 4593 Cujus
3495 4540 3596 4596 ego
3624 4527 3754 4581 reli-

484 4612 686 4685 πάσης,
733 4614 802 4670 τὰ
862 4615 1118 4685 σκῆπτρα
1170 4614 1271 4684 τῆς
1329 4612 1606 4683 βασιλείας
1668 4613 2057 4685 ἐγχειρίζεται.

480 4704 686 4761 Τούτου
715 4706 815 4779 τὴν
868 4708 998 4780 περὶ
1044 4706 1107 4760 τὸ
1160 4706 1315 4761 Θείον
1340 4707 1538 4778 εὐσεϐῆ
1569 4704 1816 4778 γνώμην,
1848 4706 1941 4761 καὶ
1962 4706 2062 4779 τὴν

477 4799 648 4872 ἄλλην
670 4803 853 4856 πᾶσαν
899 4799 1105 4870 ἀρετὴν
1138 4801 1234 4854 καὶ
1274 4797 1647 4870 δικαιοσύνην,
1679 4802 1792 4864 τοῖς
1830 4801 2061 4870 ίστόρείν

478 4891 625 4948 κατά
653 4892 826 4964 μέρος
876 4892 1123 4947 ἐθέλουσι
1172 4894 1531 4966 παρήσομεν·
1574 4892 1705 4963 ἡμῖν
1739 4891 1797 4945 δὲ
1834 4890 2063 4962 ἀρκέσει

478 4985 617 5058 πρὸς
646 4987 925 5058 ἕπαινονὴ
955 4986 1050 5042 τοῦ
1081 4985 1246 5059 ἧθους
1285 4987 1535 5056 πραΰτης
1571 5003 1628 5040 τε
1670 4986 1767 5040 καὶ
1788 4986 2064 5039 ἐπιείκεια

478 5075 549 5147 ἢν
576 5075 765 5149 εργοις
803 5077 1032 5144 ἐκεῖνος,
1076 5079 1171 5132 καὶ
1216 5078 1277 5131 οὐ
1323 5076 1604 5148 πλάσματι
1642 5075 1802 5146 μόνον
1855 5075 2066 5129 ἐπεδεί-

484 5166 612 5236 ξατο
637 5186 652 5201 ·
675 5169 827 5242 διετῆ
851 5169 961 5242 γάρ
990 5170 1172 5238 ὀλίγον
1208 5171 1318 5224 δεῖν
1350 5172 1538 5242 χρόνον
1573 5168 1939 5223 εὐσεϐέστατα
1968 5166 2067 5237 τὴν

2166 4615 2381 4687 gionem
2436 4615 2493 4670 in
2560 4615 2750 4680 Deum,
2807 4616 3100 4685 omniaque
3152 4616 3368 4671 virtutis
3425 4627 3753 4674 ornamenta

2164 4706 2234 4762 iis
2272 4706 2544 4762 narranda
2596 4707 2847 4778 relinquo
2895 4709 2985 4777 qui
3017 4722 3108 4762 res
3141 4707 3209 4762 ab
3256 4707 3347 4764 illo
3381 4718 3561 4779 gestas
3601 4709 3754 4782 sigil-

2164 4796 2315 4855 latim
2348 4799 2604 4870 prosequi
2636 4800 2835 4855 volent.
2863 4798 3030 4854 Nobis
3070 4798 3138 4854 ad
3170 4799 3337 4856 decus
3370 4800 3514 4857 illius
3541 4816 3753 4858 memo-

2166 4892 2399 4948 randum
2426 4892 2665 4949 suﬂiciat
2693 4908 2907 4949 morum
2936 4893 3129 4948 lenitas
3154 4902 3210 4948 et
3238 4893 3547 4961 clementia,
3581 4910 3750 4965 quam

2169 4986 2397 5042 minime
2457 4985 2694 5041 fucatam
2752 4984 2914 5041 factis
2963 4985 3098 5057 ipsis
3154 4985 3472 5041 declaravit.
3533 4986 3751 5042 Etenim

2169 5091 2294 5133 cum
2329 5090 2437 5131 non
2483 5084 2597 5131 toto
2624 5075 2845 5130 biennio
2874 5075 3165 5145 imperium
3201 5074 3547 5131 sanctissime
3573 5075 3752 5131 admi-

2171 5170 2485 5235 nistrasset,
2521 5167 2691 5223 Leoni
2736 5166 2976 5222 Armeno
3013 5181 3107 5236 per
3135 5166 3475 5238 tyrannidem
3519 5181 3750 5238 regnum

450 5276 451 5283 ‘
492 5256 768 5328 βασιλείαν
789 5260 1049 5327 διιθύνας,
1098 5261 1365 5325 ἑκουσίως
1399 5259 1569 5330 αὐτῆς
1605 5260 1817 5331 ἐξέστη,
1861 5259 1957 5315 καὶ
1988 5258 2052 5331 et}

2174 5259 2449 5315 invadenti
2498 5259 2673 5316 libens
2722 5258 3021 5328 volensque
3072 5258 3272 5322 cessit,
3324 5257 3576 5328 quamvis
3632 5257 3753 5329 ipse

491 5351 830 5419 τυραννικῶς
892 5352 1223 5425 ὲπιθεμένῳ,
1282 5352 1474 5407 Λέοντι
1534 5350 1599 5423 δὴ
1643 5353 1720 5423 τῷ
1776 5352 2066 5424 ’Δρμενίῳ,

494 5439 661 5509 φημὶ,
696 5444 985 5516 στρατηγῷ
1016 5445 1116 5515 μὲν
1151 5445 1367 5517 πρῶτον
1391 5444 1483 5498 ὐπ’
1511 5444 1677 5499 αὐτοῦ
1711 5444 1820 5499 τῶν
1853 5446 2069 5500 'Avaro-

496 5527 664 5584 λικῶν
693 5538 1142 5609 προχειρισθέντι,
1177 5540 1317 5592 κατὰ
1352 5537 1677 5610 Βουλγάρων
1703 5537 1760 5592 δὲ
1799 5554 2064 5609 στρατευ-

495 5623 739 5699 σαμένῳ,
767 5627 1020 5685 κάκεῖθεν
1065 5631 1163 5704 τὴν
1208 5631 1580 5687 ἐπανάστασιν
1624 5631 2065 5707 βουλευσαμένῳ,

490 5718 769 5794 ὑποχωρεῖ
810 5723 910 5795 τῆς
969 5726 1143 5797 ἀρχῆς
1175 5728 1202 5780 ὁ
1242 5729 1514 5800 μακάριος
1538 5726 1703 5797 ἑκὼν,
1733 5728 1951 5803 καὶτῆς
1975 5746 2071 5784 κο-

487 5814 694 5887 σμικῆς
719 5814 1065 5882 ἀλαζονείας,
1085 5818 1190 5871 καὶ
1216 5819 1328 5873 τῶν
1374 5818 1652 5891 ἐμφυλίων
1692 5820 1944 5892 πολέμων
1969 5822 2064 5877 καὶ

689 5912 968 5975 Ριτιιοι..
1012 5912 1131 5978 Gn.
1180 5914 1304 5980 CV.

2174 5357 2551 5431 praefecturam
2580 5356 2854 5413 exercitus
2888 5354 2941 5409 in
2980 5352 3202 5409 Oriente
3232 5352 3309 5407 illi
3339 5352 3491 5422 prius
3522 5354 3754 5409 tommia

2173 5452 2357 5509 sisset.
2390 5449 2801 5521 Expeditionem
2852 5457 3032 5503 tamen
3055 5461 3181 5501 cum
3233 5446 3288 5502 in
3321 5445 3585 5515 Bulgaros
3624 5462 3753 5502 sus-

2176 5543 2432 5617 cepisset,
2491 5541 2563 5597 ibi
2633 5556 2728 5612 per
2797 5539 3025 5595 insidias
3072 5536 3429 5601 defectionem
3480 5536 3751 5603 molienti,

2177 5645 2371 5708 sponte
2418 5635 2609 5692 beatus
2637 5634 2727 5689 ille
2772 5632 3061 5704 imperium
3091 5629 3386 5695 concessit,
3417 5644 3644 5700 seseque
3683 5629 3754 5684 ab

2177 5729 2330 5787 omni
2364 5728 2527 5795 fastu,
2552 5727 2818 5798 bellisque
2850 5726 3102 5781 civilibus
3133 5734 3298 5795 atque
3346 5720 3552 5778 invidia
3602 5721 3757 5794 regni

2170 5820 2475 5892 subduxit;
2506 5829 2659 5879 ratus
2688 5818 2858 5877 multo
2888 5818 2991 5877 sibi
3022 5818 3213 5891 reique
3242 5815 3474 5889 publica:
3509 5829 3754 5872 commo-

3367 5903 3438 5973 16
