4134 6306
481 404 587 468 495

1688 386 1981 450 ΝΙΟΕΤᾹΞ
2011 381 2538 446 PAPIILAGON’IS

3644 373 3752 438 496

485 514 783 574 (tn-testium
814 523 1079 581 aquarum
1115 506 1400 571 decursus,
1427 512 1482 560 et
1505 501 1808 558 uberrimos
1833 501 2065 570 Spiritus

2173 500 2432 571 ἐνδύμασι
2458 499 2634 570 κομᾷν
2668 494 2764 550 καὶ
2791 493 3024 558 στολαῖς,
3054 489 3196 547 κατά
3233 489 3333 554 τὴν
3360 487 3749 558 κατηραμένην

469 603 658 664 ‘sancti
691 604 870 658 fontes
921 601 1079 666 situs,
1132 609 1188 654 et
1219 597 1389 654 Vetus
1439 610 1600 650 omne
1629 593 2060 656 Testamentum,

480 699 802 767 Novnmque
831 703 1001 749 totum
1025 691 1336 755 meditatus,
1368 701 1675 745 sanctorum
1705 686 1925 742 Patrum
1951 701 2067 739 mo.

484 789 763 847 numcntis
793 787 1038 842 studiose
1084 785 1355 847 addictus,
1395 782 1613 836 illorum
1647 789 1700 834 et
1749 777 1891 832 facta
1937 776 2063 831 imi-

485 884 688 946 tando,
733 889 788 934 et
809 877 1302 948 contemplationes
1355 882 1539 930 mente
1578 871 1931 935 revolvendo,
1979 877 2063 922 to-

484 989 711 1046 tumque
733 973 1046 1028 interiorem
1073 970 1348 1024 hominem
1373 961 2060 1037 saginandoeonﬁrmatus,

492 1067 836 1124 dulcissimos
883 1061 1106 1117 virtutis
1142 1060 1355 1115 fructus
1389 1060 1499 1113 Deo
1536 1057 1910 1127 progigttebal.
1944 1053 2066 1108 Pri-

490 1181 640 1219 mum
673 1162 858 1229 itaque
880 1153 1302 1222 temperantiam
1339 1151 1392 1205 in
1440 1149 1785 1211 abstinendo,
1823 1145 2064 1200 studium

492 1236 546 1312 in
581 1252 875 1325 vigilando,
905 1245 1128 1319 psalmis
1149 1243 1428 1305 canendis,
1451 1241 1670 1312 quando
1689 1239 1736 1292 id
1755 1238 2063 1308 jubebatur,

496 1346 879 1420 precandoque
916 1338 1231 1410 proferebat
1263 1353 1276 1389 :
1313 1334 1449 1389 adde
1473 1333 1644 1388 callos
1695 1333 1749 1385 in
1799 1330 2064 1399 genibus,

495 1442 786 1509 lacrymas,
829 1430 1063 1501 pectoris
1102 1427 1378 1497 planctus,
1419 1425 1616 1495 lingua:
1651 1421 2063 1485 continentiam,

492 1531 892 1595 verberumque
934 1519 1302 1586 tolerantiam,
1334 1534 1364 1572 a
1395 1517 1690 1588 paedagogo
1717 1515 1912 1570 tetrico
1943 1528 2069 1581 prao

490 1625 654 1692 vique
679 1617 870 1690 iudicii
897 1610 1498 1676 homineiinllictorum,
1532 1609 1624 1678 qui
1657 1608 1828 1672 illum,
1859 1616 1916 1660 ut
1949 1605 2063 1658 Ico-

487 1712 773 1768 nomachis
814 1707 1232 1779 gratificaretur,
1278 1704 1413 1758 dure
1457 1699 1750 1757 admodum
1796 1696 2063 1753 educavit.

480 1805 566 1860 Ad
592 1805 706 1858 hme
733 1802 1008 1855 lenitatem
1035 1837 1050 1862 ,
1082 1794 1361 1864 animique
1387 1793 1798 1856 demissionem,
1829 1804 2067 1861 ergaque

2171 594 2386 663 ἐκείνην
2427 592 2598 662 συκῆν
2623 607 2635 620 ·
2679 590 2804 657 παρ’
2836 587 2992 640 ὕδασι
3026 584 3082 638 δὲ
3119 583 3284 645 θείοις
3306 581 3402 636 καὶ
3431 579 3753 650 ἀφθονώτα-

2169 703 2284 749 τοις
2337 684 2432 738 τοῦ
2489 681 2803 753 Πνεύματος
2866 679 3042 750 μένων
3077 676 3385 746 ἐπιρροαῖς,
3420 673 3516 726 καὶ
3568 674 3755 726 πᾶσαν

2175 780 2273 850 μὲν
2301 779 2545 832 Παλαιὰν
2578 773 2874 845 Διαθήκην,
2937 772 3118 824 πᾶσαν
3155 769 3213 822 δὲ
3241 767 3387 821 Νέαν
3415 765 3752 837 ὲκμελετῶν,

2173 873 2382 942 πᾶσιοδὲ
2417 871 2594 939 λόγοις
2621 868 2730 922 τῶν
2766 867 2925 938 ἱερῶν
2950 863 3094 918 Πατὲ
3106 879 3213 930 ρων
3239 859 3569 933 φιλοπείρως
3600 862 3757 930 taxo-

2172 965 2377 1029 λακὼς,
2409 965 2504 1017 καὶ
2546 961 2749 1015 τούτων
2794 961 2896 1030 τήν
2936 974 2995 1011 τε
3027 957 3226 1026 πρᾶξιν
3268 953 3626 1026 μιμούμενος,
3657 953 3755 1006 καὶ

2171 1061 2272 1132 τὴν
2296 1059 2527 1129 θεωρίαν
2574 1053 2987 1124 ἀναλεγόμενος,
3051 1051 3145 1104 καὶ
3200 1046 3294 1102 τὸν
3343 1046 3493 1110 ὲντδς
3535 1046 3754 1118 ἀνθρω-

2176 1171 2276 1206 πον
2337 1152 2475 1213 ὅλως
2534 1147 2894 1216 πιαινόμενον
2951 1146 3008 1197 ὲν
3061 1141 3273 1204 τούτοις
3303 1140 3397 1195 καὶ
3456 1138 3755 1210 κραταιού-

2186 1259 2369 1313 μενος,
2404 1239 2745 1309 καρποφορεῖ
2790 1236 2880 1289 τὸν
2907 1235 3124 1304 ἥδιστον
3159 1231 3260 1300 τῆς
3292 1231 3496 1302 ἀρετῆς
3541 1229 3754 1301 καρπὸν

2173 1333 2252 1404 τῷ
2274 1332 2412 1403 Θεῷ.
2448 1329 2802 1400 Καρποφορεί
2845 1325 3059 1396 πρῶτον
3118 1323 3215 1394 μὲν
3266 1320 3545 1391 νηστείαν,
3577 1321 3752 1391 ἀγρυ-

2175 1424 2356 1488 πνίαν,
2417 1421 2737 1494 ψαλμῳδίαν
2776 1416 3234 1487 ὲπιτεταγμένην,
3283 1415 3378 1468 καὶ
3417 1413 3752 1484 προσευχὰς,

2173 1515 2361 1578 τύλους
2400 1513 2663 1584 γονάτων,
2703 1512 2932 1581 δάκρυα,
2963 1507 3174 1579 στηθῶν
3200 1507 3537 1577 ἐπιτίμησιν,
3575 1504 3754 1573 γλώσ-

2175 1623 2274 1675 σης
2320 1604 2672 1675 ἐγκράτειαν,
2713 1600 2993 1670 ὑπομονὴν
3037 1598 3170 1670 πρὸς
3205 1598 3382 1660 πάσας
3415 1596 3623 1659 αἰκίας,
3655 1593 3750 1649 τοῦ

2178 1696 2556 1765 καθηγεμόνος
2580 1690 2816 1764 σκληροῦ
2864 1707 2920 1744 τε
2952 1689 3050 1762 τὴν
3079 1690 3304 1758 γνώμην
3331 1687 3506 1750 ὄντος,
3535 1688 3630 1740 καὶ
3672 1685 3750 1756 τῷ

2173 1792 2285 1853 τοῖς
2341 1786 2734 1858 Εἰκονομάχοις
2779 1783 3120 1857 χαρίζεσθαι,
3163 1781 3416 1853 σκληρῶς
3450 1783 3588 1836 πάνυ
3621 1797 3742 1832 παι-

485 1909 703 1949 omnem
736 1889 1134 1945 fraternitatem
1157 1901 1280 1956 qua:
1309 1883 1611 1939 secundum
1638 1882 1806 1936 Deum
1846 1889 1931 1937 est
1965 1880 2065 1936 ob-

2169 1878 2548 1949 δαγωγοῦντος
2596 1877 2796 1931 αὐτόν’
2830 1876 2968 1947 πρὸς
3023 1874 3240 1938 τούτοις
3289 1874 3600 1945 πραΰτητα,
3648 1871 3741 1925 ml.

481 1986 760 2057 sequium.
780 1982 942 2038 llisce
965 1982 1196 2050 primum
1227 1976 1686 2046 rebusfaetisque
1719 1974 1848 2029 dum
1878 1975 2068 2029 beatus

478 2083 788 2140 exercetur,
827 2073 978 2128 hisce
1011 2072 1064 2126 in
1086 2070 1285 2126 Studiis
1319 2077 1591 2134 versatur,
1624 2078 1679 2121 et
1702 2065 1960 2136 praeclare
2007 2078 2067 2118 se

479 2165 779 2232 componit,
805 2161 996 2216 ordine
1014 2175 1137 2213 eum
1161 2157 1292 2228 ipsis
1316 2160 1544 2211 anniset
1560 2169 1788 2226 corpore
1814 2167 2067 2208 succres-

480 2269 661 2322 cente,
688 2255 952 2328 puerilem
975 2261 1189 2308 aetatem
1220 2251 1428 2306 ducens
1467 2249 1535 2304 ad
1575 2247 1896 2320 perfectiora
1938 2261 2068 2302 con-

482 2346 822 2402 firmabatur.
848 2341 1112 2410 Deinceps
1133 2354 1264 2395 vero
1290 2337 1643 2410 perfectiores
1665 2335 1774 2390 Deo
1813 2343 2068 2406 procreat

482 2439 736 2500 fructus,
786 2433 968 2496 fidem,
1029 2431 1286 2501 inquam,
1345 2442 1520 2499 spem,
1575 2435 1631 2482 et
1677 2427 2000 2482 charitatem
2048 2444 2063 2480 :

482 2526 645 2583 fidem
705 2523 1000 2595 perfectam
1047 2537 1112 2576 ex
1169 2519 1410 2591 perfecta
1458 2535 1523 2576 ac
1575 2527 1687 2574 tota
1722 2528 1900 2574 mente
1958 2519 2067 2575 Deo

480 2615 723 2689 perfecto
760 2614 1013 2680 offerens,
1073 2613 1228 2668 fidem
1273 2613 1568 2679 sinceram,
1610 2627 1761 2682 spem
1805 2627 1927 2682 qua:
1957 2626 2066 2668 non

479 2710 837 2768 confunditur
860 2751 877 2775 ,
911 2708 1233 2762 charitatem
1270 2722 1376 2760 non
1413 2707 1594 2761 ﬁctam
1621 2723 1686 2760 ex
1735 2721 1872 2776 puro
1901 2706 2068 2761 corde

479 2820 606 2874 erga
647 2804 816 2857 Deum
849 2812 904 2856 et
931 2799 1242 2871 proximum
1266 2839 1285 2866 ,
1315 2813 1381 2855 ex
1418 2808 1686 2870 praecepto
1724 2806 1869 2854 recte
1912 2799 2067 2854 insti-

479 2904 677 2951 tutam.
714 2893 825 2950 Ilos
850 2891 1070 2949 virtutis
1107 2891 1318 2948 fructus
1356 2893 1485 2948 dum
1517 2908 1671 2949 sacer
1703 2893 1791 2949 hic
1821 2893 2066 2965 lgnatius

479 2987 926 3058 producit,atque
944 2987 998 3040 in
1018 2986 1103 3040 his
1116 2994 1263 3041 recte
1277 2983 1545 3041 factorum
1576 2986 1773 3041 studiis
1800 3000 1830 3041 a
1863 2985 2066 3041 teneris

481 3091 653 3145 usque
675 3075 836 3129 annis
860 3083 1073 3142 tempus
1095 3088 1257 3128 omne
1293 3073 1547 3140 collocat,
1571 3087 1680 3143 quo
1711 3073 1880 3129 Deum
1911 3072 2062 3143 impii

477 3169 545 3223 ad
585 3167 920 3222 iracundiam
974 3166 1380 3237 provocabant,
1421 3165 1538 3235 ipse
1577 3166 1643 3220 ad
1676 3180 1894 3220 omnem
1928 3164 2064 3220 reli-

478 3257 657 3325 gionis
680 3255 896 3309 laudem
917 3254 1339 3309 conscendebat.
1353 3252 1514 3309 Patre
1530 3255 1675 3310 enim
1699 3263 1749 3308 et
1770 3254 2062 3324 paedagogo
2091 3244 2133 3302 C

478 3365 508 3402 e
542 3349 649 3402 vita
685 3347 916 3403 sublatis
939 3386 954 3414 ,
990 3347 1177 3403 statim
1223 3347 1452 3402 fratrum
1485 3347 1590 3403 sibi
1642 3350 2064 3418 animarumque

477 3455 610 3495 cura
634 3450 687 3496 et
721 3438 1040 3509 praefectura
1061 3439 1378 3503 commissa,
1404 3438 1456 3494 in
1495 3440 1614 3510 ipso
1637 3440 1878 3495 muneris
1900 3454 2064 3494 exor-

477 3533 570 3587 dio
597 3531 859 3596 ostendit,
891 3545 1013 3600 qum
1049 3530 1222 3585 sancti
1253 3529 1490 3601 Spiritus
1516 3530 1597 3584 vis
1630 3531 1882 3600 deinceps
1905 3545 1969 3584 ex
2005 3543 2063 3584 se

475 3634 626 3680 esset
649 3625 930 3680 eti'ulsura.
960 3623 1110 3677 Adeo
1139 3622 1342 3694 quippe
1377 3621 1755 3692 frequentibus
1783 3621 2061 3676 concinni-

479 3719 581 3773 bus
607 3717 1055 3788 sapientibusque
1081 3715 1559 3772 cohortationibus
1591 3715 1819 3770 suorum
1847 3725 2060 3770 mentes

479 3810 758 3881 pascebat,
821 3824 1149 3880 semperque
1184 3809 1249 3862 ad
1283 3807 1511 3862 virentia
1536 3805 1630 3862 Dei
1663 3821 1865 3877 pascua
1891 3807 2061 3861 dedu-

477 3905 666 3969 cebat,
705 3902 780 3956 uti
816 3902 1045 3957 mirifice
1084 3910 1354 3958 cresceret
1389 3901 1441 3954 in
1476 3899 1566 3956 illo
1597 3900 1786 3971 gratiae
1819 3908 1872 3953 et
1899 3899 2062 3970 spiri-

480 3999 605 4053 talis
635 3995 937 4067 magisterii
969 3997 1200 4058 donum,
1232 3995 1474 4064 adeoque
1503 4001 1727 4064 augeret
1761 3993 1877 4049 suis
1909 3994 2068 4049 insti-

480 4086 786 4140 tutionibus
805 4083 948 4139 ovile
970 4081 1198 4150 Christi,
1230 4092 1289 4138 ut
1313 4083 1441 4138 illud
1465 4099 1566 4138 nec
1585 4099 1724 4139 unus
1744 4084 1855 4156 jam
1886 4085 2062 4148 locus,

483 4193 583 4231 nec
606 4193 713 4231 una
741 4177 940 4230 domus
972 4177 1208 4246 amplius
1230 4185 1470 4246 caperet,
1505 4177 1598 4232 sed
1623 4187 1886 4248 quaterna
1917 4178 2064 4234 illius

479 4272 660 4327 studio
713 4272 962 4326 coeuobia
1024 4271 1396 4326 excitarentur
1451 4272 2061 4343 eonstituerenturque;

482 4365 558 4417 ita
597 4372 654 4417 ut
683 4363 914 4432 singulis
949 4378 1046 4417 sua
1093 4363 1380 4418 commoda
1410 4372 1596 4418 essent
1625 4363 1900 4419 domicilia
1926 4406 1939 4430 ,
1979 4379 2066 4418 sa-

483 4469 750 4525 erumque
788 4455 1249 4520 instrumentum,
1295 4463 1600 4525 etetcraque
1627 4455 1695 4510 ad
1731 4471 1892 4510 usum
1940 4471 2060 4510 ιηο·

483 4551 709 4607 nasterii
737 4551 1068 4606 necessaria.
1093 4549 1290 4605 Omnia
1313 4550 1548 4620 denique
1566 4551 1778 4606 decenti
1822 4551 2063 4622 ipsisque

481 4644 827 4699 conrenienti
883 4657 1151 4713 apparatu
1206 4653 1458 4714 suscepta
1492 4658 1658 4708 cura,
1698 4658 1929 4714 magnus
1977 4643 2065 4697 ille

479 4736 788 4793 inStruebat
834 4735 1325 4806 componebatque.
1354 4733 1700 4790 Docehantur
1749 4750 1941 4791 omnes
1995 4734 2064 4790 ab

476 4827 574 4884 illo
645 4828 905 4895 magistro
951 4837 1004 4880 et
1040 4835 1282 4897 parente,
1316 4826 1370 4880 in
1427 4827 1620 4894 primis
1655 4826 1899 4896 ipsorum
1935 4841 2058 4882 esse

2169 1972 2522 2035 ταπείνωσιν,
2579 1970 2673 2023 καὶ
2725 1965 2973 2039 ὑπακοὴν
3028 1968 3208 2020 πᾶσαν
3255 1966 3393 2037 πρὸς
3441 1969 3622 2019 πᾶσαν
3649 1965 3744 2035 τὴν

2169 2064 2314 2120 κατὰ
2366 2065 2570 2133 Κύριον
2621 2060 2978 2130 ἀδελφότητα.
3038 2060 3264 2132 Πρῶτον
3312 2059 3410 2129 μὲν
3450 2058 3623 2112 ταῦτα
3662 2058 3750 2112 διὰ

2173 2159 2475 2229 πράξεωςό
2514 2157 2785 2230 μακάριος
2841 2156 3064 2228 μετιὼν,
3096 2157 3189 2208 καὶ
3224 2153 3429 2217 τούτοις
3471 2154 3752 2221 παιδοτριο

2171 2253 2456 2323 ϐούμενος,
2489 2252 2582 2305 καὶ
2639 2249 2903 2305 κάλλιστα
2951 2247 3402 2322 προτελούμενος,
3439 2246 3752 2311 ἀκολούθως

2167 2350 2249 2418 ’τῇΓ
2271 2346 2498 2418 αὐξήσει
2533 2344 2627 2399 τοῦ
2661 2342 2935 2413 σώματος,
2975 2341 3069 2396 καὶ
3103 2340 3202 2412 τὴν
3229 2340 3486 2412 παιδικὴν
3531 2340 3751 2411 ἠλικίαν

2171 2440 2503 2510 προκόπτων
2573 2434 2936 2508 κατωρθοῦτο.
3006 2434 3240 2487 Ἔπειτα
3284 2434 3624 2503 καρποφορεῖ
3673 2431 3750 2499 τῷ

2168 2532 2288 2601 Θεῷ
2313 2531 2379 2585 τὰ
2405 2530 2735 2601 τελειότερα,
2767 2530 2949 2582 πίστιν
2994 2527 3058 2599 δὴ
3089 2528 3250 2596 λέγω,
3283 2526 3380 2580 καὶ
3411 2525 3622 2591 ἐλπίδα,
3654 2525 3750 2579 καὶ

2169 2625 2390 2695 ἀγάπην
2414 2637 2428 2653 ·
2485 2622 2668 2676 πίστιν
2717 2621 2932 2676 τελείαν
2968 2621 3031 2674 ὲκ
3074 2618 3286 2682 τελείας
3327 2618 3421 2671 καὶ
3450 2616 3748 2688 ὁλοκλήρου

2167 2714 2507 2786 διανοίαςτῷ
2539 2714 2734 2785 τελείῳ
2776 2712 3195 2784 προσαγομένην
3232 2710 3351 2782 Θεῷ
3374 2728 3388 2742 ο
3427 2710 3611 2764 πίστιν
3655 2711 3745 2763 ἀν-

2174 2812 2490 2879 υπόκριτον,
2523 2808 2709 2862 ἐλπίδα
2738 2807 3183 2878 ἀκαταίσχυντον,
3213 2805 3435 2876 ἀγάπην
3455 2802 3747 2876 εἰλικρινῆ,

2145 2893 2229 2969 ’ἐξ
2251 2902 2578 2973 εἰλικρινοῦς
2623 2902 2848 2974 καρδίας
2882 2901 3020 2973 πρὸς
3069 2899 3165 2955 τὸν
3192 2899 3325 2954 Θεὸν
3369 2900 3463 2952 καὶ
3495 2897 3586 2952 τὸν
3611 2896 3746 2966 πλη-

2170 2996 2282 3049 σίον
2309 2998 2449 3051 κατὰ
2496 2997 2597 3066 τὴν
2637 2995 2856 3066 ἐντολὴν
2885 2993 3351 3066 κατορθουμένην.
3393 2991 3582 3047 Ταῦτα
3607 3007 3743 3061 καρ-

2167 3088 2420 3161 ποφορῶν
2477 3090 2504 3142 ό
2550 3089 2693 3153 θεῖος
2747 3087 3024 3156 Ἰγνάτιος,
3083 3090 3185 3142 κάν
3216 3086 3428 3150 τούτοις
3455 3087 3519 3140 ἐκ
3546 3084 3744 3155 νεαρᾶς

2165 3181 2383 3252 ἡλικίας
2405 3183 2515 3244 τοῖς
2541 3179 2933 3251 κατορθώμασι
2990 3179 3167 3244 συζῶν
3204 3179 3376 3232 πάντα
3415 3176 3504 3230 τὸν
3527 3177 3736 3245 χρόνον,

2167 3268 2212 3343 ᾧ
2261 3275 2353 3328 τὸν
2410 3274 2543 3327 Θεὸν
2604 3275 2653 3327 οἱ
2704 3273 3030 3337 ἀσεϐοῦντες
3075 3273 3534 3345 παρεπίκραινον,
3574 3266 3731 3328 αὐτὸς

2169 3365 2306 3436 πρὸς
2335 3365 2433 3436 τὴν
2455 3364 2736 3419 εὐσέϐειαν
2761 3363 3111 3436 κατωρθοῦτο
3152 3363 3474 3418 τελειότατα.
3503 3355 3608 3411 Καὶ
3624 3357 3731 3429 γὰρ

2167 3457 2264 3511 τοῦ
2297 3457 2503 3529 πατρὸς
2530 3455 2699 3511 αὑτοῦ
2736 3455 2951 3511 καὶτοῦ
2989 3453 3302 3526 καθηγητοῦ
3334 3454 3425 3508 τὸν
3458 3455 3734 3526 ἀνθρώπι-

2169 3567 2258 3604 νον
2290 3549 2702 3621 μετηλλαχότων
2733 3548 2865 3620 βίον,
2898 3549 3078 3618 πάσης
3123 3548 3178 3601 δὲ
3209 3547 3309 3617 τῆς
3350 3545 3590 3615 ἀδελφῶν
3620 3545 3742 3597 ἑπι-

2173 3643 2392 3714 μελείας
2423 3642 2635 3713 καὶτῆς
2663 3642 2850 3713 ψυχῶν
2877 3641 3224 3706 ἐπιστασίας,
3259 3639 3336 3705 ὡς
3389 3639 3621 3710 ποιμένα
3648 3653 3747 3691 κα-

2167 3733 2257 3787 λὸν
2287 3735 2382 3788 καὶ
2397 3734 2505 3787 τῶν
2527 3734 2759 3804 λογικῶν
2797 3735 3084 3805 προδάτων
3103 3732 3443 3805 καθηγητὴν,
3469 3748 3746 3802 περιιστα-

2171 3825 2340 3897 μένης
2376 3829 2456 3889 είς
2493 3826 2674 3894 αὐτὸν,
2703 3825 2902 3890 ἔδειξεν
2942 3827 2999 3880 ἐν
3041 3825 3276 3896 πρώτοις
3303 3824 3467 3888 εὐθὺς
3516 3822 3615 3892 τὴν
3655 3822 3745 3873 ἐσμ

2185 3920 2410 3991 ύστερον
2443 3919 2502 3975 ἐν
2535 3918 2682 3991 αὑτῷ
2712 3921 2806 3974 τοῦ
2857 3919 3171 3991 Πνεύματος
3195 3919 3422 3990 δύναμιν
3472 3920 3741 3987 ἀναφανηι

2171 4013 2424 4083 σομένην.
2460 4011 2616 4066 Οὕτω
2669 4012 2779 4085 γὰρ
2837 4014 2957 4076 ταῖς
2995 4012 3240 4082 συνεχέσι
3264 4011 3374 4066 τῶν
3424 4010 3600 4078 λόγων
3623 4011 3744 4080 ὁμι-

2165 4105 2307 4169 λίαις
2365 4106 2458 4159 καὶ
2514 4107 2635 4171 ταῖς
2692 4108 2882 4177 σοφαῖς
2919 4105 3275 4178 παραινέσεσι.
3313 4105 3412 4167 τὰς
3439 4104 3620 4158 αὐτῶν
3659 4102 3742 4167 ἐξ·

2169 4200 2365 4270 έτρεφε
2415 4199 2615 4270 ψυχὰς,
2669 4198 2766 4252 καὶ
2819 4199 2914 4253 ἐπὶ
2975 4200 3071 4264 τὰς
3104 4198 3379 4262 ἀειθαλεῖς
3418 4197 3617 4268 ὡδήγει
3650 4195 3742 4250 τοῦ

2132 4349 2136 4357 ε
2166 4291 2300 4344 Θεοῦ
2336 4292 2522 4363 μονὰς,
2563 4293 2638 4356 ὡς
2668 4293 3235 4365 πολλαπλασιασοῆναι
3263 4293 3363 4363 μὲν
3387 4291 3534 4361 αύτῷ
3558 4290 3618 4344 τὸ
3645 4289 3743 4360 τῆς

2168 4386 2388 4456 χάριτος
2421 4385 2680 4439 τάλαντον
2707 4388 2800 4440 καὶ
2834 4387 2933 4456 τῆς
2974 4385 3348 4458 πνευματικῆς
3372 4383 3741 4449 διδασκαλίας,

2169 4474 2747 4546 πολλαπλασιασθῆναι
2805 4477 2862 4531 δὲ
2921 4479 3012 4532 καὶ
3068 4478 3128 4530 τὸ
3180 4477 3433 4549 ποίμνιον
3502 4474 3597 4529 ἐπὶ
3659 4491 3744 4526 το·

2169 4564 2384 4632 σοῦτον,
2405 4567 2480 4632 ὡς
2532 4571 2725 4640 μηκέτι
2753 4569 2974 4633 τούτους
3019 4570 3096 4623 ἐνὶ
3120 4570 3268 4635 τόπῳ
3295 4569 3431 4638 μηδὲ
3471 4569 3568 4639 μιᾷ
3611 4568 3744 4638 μονῇ

2164 4657 2424 4714 δύνασθαι
2469 4662 2784 4732 χωρεῖσθαι,
2809 4662 3047 4733 τέσσαρα
3095 4663 3151 4716 δὲ
3198 4664 3266 4716 τὰ
3294 4663 3472 4716 πάντα
3519 4659 3606 4715 διὰ
3648 4660 3751 4736 τῆξ

2163 4752 2327 4807 αὐτοῦ
2383 4753 2618 4823 σπουδῆς
2648 4755 2943 4824 ἀναστῆναι
2976 4755 3067 4810 καὶ
3109 4756 3440 4828 καταστῆναι
3481 4752 3749 4825 μοναστή-

2168 4862 2260 4917 pta
2291 4861 2301 4873 '
2353 4846 2586 4900 ἑκάστου
2625 4849 2722 4911 τὰς
2795 4848 3141 4919 ἁρμοζούσας
3173 4848 3481 4917 οἰκοδομὰς,
3514 4845 3611 4900 καὶ
3639 4845 3746 4898 τῶν

480 4921 649 4976 Deum
675 4921 926 4974 laudibus
951 4920 1248 4982 celebrare,
1274 4926 1329 4974 et
1347 4919 1579 4974 orationi
1608 4934 1800 4975 vacare
1826 4939 1840 4973 :
1866 4921 2059 4976 deinde

2169 4937 2326 5007 ἱερῶν
2351 4939 2580 5007 σκευῶν,
2616 4941 2706 4993 καὶ
2740 4941 2850 4993 τῶν
2872 4940 3186 5008 ἀναγκαίων
3213 4941 3414 5010 χρειῶν
3464 4938 3562 5010 τὴν
3588 4955 3744 5007 περι·

478 5024 535 5068 nt
570 5013 768 5083 singuli
799 5027 896 5066 sua
935 5012 1236 5068 ministeria
1273 5012 1510 5078 obirent,
1541 5013 1829 5084 orrniaque
1864 5015 1935 5069 ad
1965 5014 2057 5072 Dei

477 5105 691 5160 laudem
716 5115 771 5158 et
798 5104 1026 5170 gloriam
1060 5105 1346 5160 referrent.

2171 5029 2408 5100 ποίησιν,
2451 5034 2542 5086 καὶ
2603 5035 2782 5087 πᾶσαν
2828 5035 2925 5104 τὴν
2978 5034 3160 5098 αὐτοῖς
3212 5033 3528 5103 πρέπουσαν
3586 5048 3747 5085 κατα-

2171 5123 2370 5190 σκευήν
2403 5139 2460 5176 τε
2488 5126 2580 5176 καὶ
2627 5124 2869 5189 διάταξιν
2897 5125 2983 5178 διὰ
3012 5124 3110 5196 τῆς
3129 5123 3226 5178 τοῦ
3263 5124 3499 5194 μεγάλου
3531 5122 3747 5194 λαμΰάο

474 5213 658 5288 νοντος
691 5194 1006 5288 ἐπιμελείας
1036 5197 1165 5288 ’-καὶ
1188 5197 1405 5288 πάντων
1425 5197 1511 5250 ἐπ’
1539 5197 1730 5268 ἐκείνῳ
1760 5198 2096 5272 καθηγεμόνι
2119 5211 2211 5262 καὶ
2250 5214 2417 5283 πατρὶ
2455 5214 2873 5286 διδασκομένωνν
2899 5194 3190 5288 ἔργον“μὲν
3220 5219 3490 5271 ,ποιεῖ-σθωι
3525 5217 3620 5286 τὴν
3649 5213 3743 5269 τοῦ

477 5287 614 5341 Θεοῦ
640 5285 944 5352 δοξολογίαν
985 5284 1078 5336 καὶ
1107 5284 1439 5355 προσευχὴν,
1481 5287 1539 5340 ὲν
1577 5289 1837 5360 παρέργῳ
1872 5292 1927 5344 δὲ
1962 5295 2053 5347 καὶ
2077 5297 2176 5368 τῆς
2229 5303 2347 5355 κατ’
2379 5302 2573 5367 αὐτοὺς
2617 5284 2845 5358 {ﬁam
2898 5284 3392 5379 ῶτιλαμσάνεσοαι
3447 5284 3742 5369 amavi“,

478 5387 573 5441 καὶ⁴
620 5384 798 5438 πάντα
847 5383 1022 5437 ποιεῖν
1053 5385 1132 5446 είς
1175 5382 1334 5448 δόξαν
1378 5383 1469 5436 καὶ
1497 5384 1716 5438 ἔπαινον
1738 5387 1895 5442 Θεοῦ.

544 5478 732 5545 Itaque
779 5477 949 5542 Plate,
992 5487 1045 5530 et
1095 5476 1346 5548 llyatros,
1379 5492 1443 5532 ac
1488 5478 1872 5549 Terebinthus,
1915 5500 2052 5554 quas

476 5572 759 5641 Principes
810 5571 1084 5642 appellant
1134 5573 1360 5636 insulas,
1411 5572 1556 5627 illius
1598 5588 1729 5628 cura
1777 5584 1830 5629 et
1879 5578 2063 5634 studio

477 5665 812 5731 inhabitans,
841 5667 894 5719 in
927 5665 1071 5720 aedes
1095 5681 1279 5722 sacras
1327 5676 1379 5720 et
1413 5668 1802 5722 monachorum
1833 5669 2064 5726 domici-

476 5761 547 5814 lia
586 5768 711 5814 sunt
737 5773 1036 5814 conversae.
1085 5757 1297 5832 Namle
1334 5760 1557 5829 regione
1586 5761 1776 5815 harum
1810 5761 1862 5816 in
1891 5765 2064 5817 conti-

481 5859 646 5907 nente
674 5850 739 5904 ad
769 5866 916 5906 mare
947 5851 1134 5918 situm,
1164 5851 1291 5917 hoc,
1317 5853 1562 5924 inquam,
1589 5853 1846 5910 eximium
1880 5857 2064 5928 magni

2234 5491 2417 5564 Πλάτη
2480 5494 2577 5566 μὲν
2613 5491 2708 5548 οὖν
2729 5497 2822 5548 καὶ
2865 5494 3094 5566 Ὗάτρος
3125 5497 3245 5549 τότε
3279 5495 3374 5549 καὶ
3402 5495 3743 5567 Τερέϐινθος,

2170 5583 2227 5634 αἱ
2263 5584 2611 5654 Πριγκίπειοι
2644 5587 2793 5656 νῆσοι
2838 5587 3403 5657 προσαγορευόμεναι,
3449 5591 3565 5652 ταῖς
3595 5589 3747 5642 ἐκεί-

2168 5694 2260 5730 νου
2290 5678 2567 5749 προνοίαις
2589 5679 2946 5749 οἱκιζόμεναι,
2973 5680 3052 5744 εἰς
3083 5680 3378 5750 ἐκκλησίας
3415 5681 3624 5750 Κυρίου
3649 5679 3744 5734 καὶ

2169 5769 2386 5835 εὐαγεῖς
2437 5769 2689 5840 μοναχῶν
2741 5769 3072 5825 καθίσταντο
3119 5771 3308 5842 μονάς.
3360 5772 3470 5824 Καὶ
3510 5770 3616 5842 γὰρ
3645 5770 3746 5841 τὴν

2167 5863 2395 5933 ἀντικρὺ
2417 5862 2622 5917 τούτων
2654 5863 2796 5918 κατὰ
2815 5864 2914 5936 τὴν
2941 5864 3170 5936 ⁴ἤπειρον
3198 5865 3334 5936 πρὸς
3367 5866 3433 5937 τῇ
3461 5866 3602 5937 ἀκτῇ
3633 5880 3746 5919 κει-
