4134 6306
401 316 510 383 497
1472 307 1652 372 VITA
1683 306 1742 370 S.
1768 305 2014 370 IGNAT]

2120 307 2202 368 ΖΡ.
2247 307 2611 370 ARCHIEP.
3589 307 3694 372 498

407 430 598 504 μένην,
627 424 832 498 ταύτην
863 423 928 497 δὴ
957 420 1102 494 λέγω
1123 419 1222 494 τὴν
1252 419 1680 494 προκαθημένην
1704 418 1798 474 τοῦ
1825 419 1991 491 μεγά-

2120 421 2340 477 :mlitum
2393 420 2659 494 principis
2697 417 2977 478 Michaelis
3000 418 3318 476 cmuohium
3348 419 3402 475 in
3439 419 3543 476 tine
3577 421 3700 475 vita:

403 510 497 577 λᾶίι
525 519 825 592 ταξιάρχου
855 517 1047 589 μονὴν,
1079 514 1174 569 ἐπὶ
1205 513 1284 586 τῷ
1335 513 1482 568 τέλει
1507 514 1608 586 τῆς
1635 513 1804 568 αὑτοῦ
1844 512 1993 583 ζωῆς

2120 519 2437 566 ιοειτθιιιιιηι
2464 509 2729 575 condidit,
2765 510 2986 581 Deoque
3037 509 3307 566 initiavit:
3335 510 3495 582 cujus
3534 508 3699 566 nobi-

401 615 433 668 ὸ
464 613 740 684 μακάριος
769 606 1094 662 τελευταίαν
1143 605 1508 677 ἀνεστήσατο,
1540 603 1636 659 καὶ
1685 603 1994 674 καθηγίασε

2121 606 2306 661 itatem
2345 605 2552 674 templi,
2597 604 3085 676 magniﬁcentiam.
3129 613 3185 660 et
3215 603 3542 670 claritatem,
3582 604 3701 659 exi-

403 705 483 778 τῷ
508 704 628 775 Θεῷ
651 721 664 733 ·
690 698 760 777 ἧς
784 702 885 774 τὴν
930 699 1318 769 ἑπισημότητα
1359 696 1456 751 καὶ
1487 695 1867 766 περιφάνειαν,
1899 693 1995 748 τοῦ

2120 697 2386 767 niumque
2424 697 2792 767 splendorem,
2839 708 2894 753 et
2923 707 3182 753 ornatum
3213 713 3431 754 omnem
3477 711 3544 751 ac
3583 712 3701 752 ma-

403 819 464 856 τε
495 797 624 854 ναοῦ
647 795 960 869 ὑπέρκαλον
982 791 1218 862 ἀγλαΐαν
1249 790 1345 845 καὶ
1369 788 1873 861 μεγαλοπρέπειαν,
1901 785 1998 840 καὶ

2120 797 2352 845 estatcm
2425 788 2671 861 (quando
2731 804 2831 862 pro
2897 787 3166 857 dignitate
3235 803 3266 843 a
3321 804 3410 844 me
3468 788 3701 858 exprimi

402 890 504 961 τὴν
526 889 657 958 ὅλην
686 883 1090 956 ἀγιοπρέπειαν
1115 879 1214 935 καὶ
1240 879 1420 946 δόξαν,
1447 877 1524 943 ὡς
1544 878 1710 948 λόγου
1738 877 1996 949 κρείττω,

402 984 524 1046 ταῖς
548 979 706 1051 ὂψεσι
735 971 1233 1050 παραχωροῦντες,
1282 972 1379 1026 ἐπὶ
1429 970 1499 1026 τά
1552 970 1680 1042 ἑξῆς
1730 969 1826 1024 τοῦ
1880 968 1998 1038 βίου

405 1076 710 1148 προΐωμεν.
742 1071 834 1126 Ἐν
862 1068 1077 1132 τούτοις
1101 1065 1282 1121 τοίνυν
1308 1065 1338 1118 ὁ
1368 1065 1516 1129 ὅσιος
1545 1063 1780 1118 ἐνώπιον
1803 1063 1999 1133 εὐαρε-

407 1167 550 1222 στῶν
582 1165 815 1238 Κυρίου,
853 1163 1022 1234 ψήφῳ
1053 1160 1154 1234 μὲν
1181 1157 1330 1214 θείου
1366 1157 1710 1228 Πνεύματος,
1739 1154 1912 1226 ψήφῳ
1943 1153 2002 1208 δὲ

403 1259 516 1315 τῶν
545 1258 685 1331 ὑπὲρ
708 1255 995 1318 εὐσεϐείας
1023 1251 1450 1322 ἀγωνιζομένων
1482 1250 1578 1304 καὶ
1622 1247 2003 1318 δεδιωγμένων

404 1352 683 1425 θεοφόρων
711 1348 1010 1422 ίεραρχῶν,
1044 1346 1144 1416 τῆς
1178 1345 1342 1414 ἁγίας
1390 1342 1693 1415 ίερωσύνης
1714 1340 1998 1406 ἀξιοῦται’

405 1446 502 1500 καὶ
539 1444 685 1516 χειρὶ
717 1443 815 1515 μὲν
837 1440 1121 1496 Βααιλείου
1168 1438 1290 1511 (τῆς
1345 1436 1489 1493 κατὰ
1505 1435 1566 1490 τὸ
1591 1437 1804 1506 Πάρεον
1829 1433 1886 1488 δὲ
1911 1429 2004 1490 οὗ·

404 1555 497 1603 τος
529 1537 679 1608 ἱερᾶς
713 1534 1014 1606 ἐκκλησίας
1045 1532 1334 1604 ἀρχιερεὺς
1385 1527 1486 1590 ὢν,
1539 1528 1824 1591 πλείσταις
1853 1528 2006 1589 ὅσαις

407 1631 547 1704 ὑπὲρ
569 1628 679 1684 τῶν
709 1626 875 1695 ἱερῶν
897 1626 1124 1679 εἰκόνων
1147 1621 1362 1694 θλίψεσι
1391 1621 1513 1676 τότε
1541 1618 1880 1692 προσωμίλει
1910 1619 2007 1674 καὶ

405 1721 715 1795 διωγμοῖς),
755 1717 949 1774 τούτου
971 1716 1117 1788 χειρὶ
1150 1715 1214 1770 τὸ
1245 1713 1592 1786 φαινόμενον,
1622 1711 1925 1785 αὐτουργίᾳ
1947 1711 2004 1765 δὲ

2103 883 2256 936 nullo
2287 882 2453 938 modo
2477 881 2701 954 potest),
2739 897 2842 952 ego
2873 881 3238 953 spectantium
3269 883 3445 938 oculis
3474 881 3700 952 permit-

2105 982 2181 1039 to,
2221 971 2498 1042 simulque
2531 971 2600 1027 ad
2633 971 2841 1042 reliqua
2884 971 3035 1026 illius
3084 971 3209 1026 vita:
3254 978 3379 1025 aeta
3408 984 3699 1040 exponen-

2106 1067 2175 1124 da
2223 1066 2570 1139 progredior.
2626 1064 2723 1123 llis
2781 1079 2915 1138 ergo
2977 1073 3203 1122 sanctus
3251 1061 3362 1120 Deo
3418 1063 3702 1134 probatus,

2107 1163 2349 1236 Spiritus
2383 1163 2561 1221 sancti
2593 1163 2833 1229 decreto,
2867 1170 3297 1231 sanctorumque
3349 1156 3699 1230 pontiﬁcum,

2105 1275 2320 1323 eorum,
2369 1258 2614 1331 inquam,
2650 1257 2748 1328 qui
2797 1273 2894 1329 pro
2944 1270 3070 1313 vera
3112 1257 3318 1330 pietate
3347 1254 3692 1326 pugnabant,

2104 1361 2460 1420 extremaque.
2523 1349 2707 1404 omnia
2764 1347 3138 1418 patiebantur,
3189 1346 3480 1409 sententia,
3540 1353 3704 1398 sacro

2111 1444 2434 1518 presbyterii
2496 1443 2703 1499 honore
2758 1441 3056 1514 insignitur
3112 1455 3279 1496 manu
3336 1438 3547 1504 Basilii,
3605 1429 3702 1508 qui

2112 1555 2282 1597 sacra:
2317 1537 2612 1594 l‘areorum
2651 1534 2899 1593 ecclesia:
2935 1535 3252 1606 cpiscopus,
3277 1547 3380 1604 pro
3419 1545 3705 1588 sacrarum

2113 1633 2418 1704 imaginum
2453 1631 2602 1688 cultu
2639 1629 2861 1686 casibus
2902 1629 3207 1704 innumeris
3252 1625 3710 1698 gravissimisque

2114 1701 2380 1782 arumnis
2435 1721 2875 1778 conﬂictabatur.
2940 1717 3142 1791 ilujus,
3177 1701 3450 1790 ‘inquam.
3517 1717 3706 1772 Basilii

407 1813 504 1868 τοῦ
534 1811 801 1883 παναγίου
838 1807 1159 1881 Πνεύματος
1198 1805 1260 1861 te
1282 1804 1596 1876 νοούμενον,
1632 1803 1848 1877 πρῶτον
1901 1801 2002 1873 μὲν

2120 1833 2280 1873 manu
2331 1815 2641 1886 spectabili,
2686 1815 2742 1870 vi
2796 1822 2979 1871 autem
3031 1831 3096 1871 ac
3139 1814 3339 1872 virtute
3368 1810 3709 1869 sanctissimi

407 1906 792 1978 ἀναγνώστης,
811 1904 932 1976 ἦτοι
953 1903 1064 1956 τῶν
1090 1899 1254 1956 θείων
1276 1899 1570 1972 ίεροκήρυξ
1600 1897 1860 1969 Γραφΰν,
1888 1892 2007 1951 εἷτα

410 2000 788 2063 ὕποδιάκονος,
823 1993 948 2051 εἶτα
974 1995 1252 2057 διάκονος,
1283 1993 1382 2047 καὶ
1425 1991 1608 2063 ἱερεὺς
1641 1989 1780 2062 μετά
1811 1986 2005 2053 ταῦτα,

411 2091 565 2159 τάξει
591 2092 688 2145 καὶ
713 2091 866 2160 νόμῳ
888 2087 1273 2160 πνευματικῆς
1295 2085 1624 2140 καθίσταται
1656 2082 2003 2148 ἀκολουθίας.

425 2182 757 2252 Ἦγωνίζετο
788 2181 946 2238 δὲάεὶ
984 2179 1386 2235 πολλαπλάσιον
1411 2177 1492 2248 τῷ
1520 2176 1792 2248 εὐεργέτῃ
1824 2176 1885 2230 τδ
1909 2175 2008 2246 τῆς

417 2279 645 2351 χάριτος
691 2275 954 2329 τάλαντον
1003 2271 1336 2338 ἀποδιδόναι,
1388 2272 1483 2325 καὶ
1535 2270 1611 2343 μὴ
1656 2271 1723 2342 τῇ
1776 2269 2008 2342 ὀκνηρίᾳ⁵

416 2366 766 2438 καταχῶσαι,
799 2365 933 2421 ἀλλά
958 2367 1025 2437 τῇ
1064 2363 1343 2436 προθυμία
1372 2363 1766 2436 περισσεῦσαν
1817 2361 2008 2434 ὥσπερ

415 2459 476 2515 δὲ
513 2459 590 2532 τῷ
616 2457 889 2532 μοναδικῷ
922 2458 1023 2530 βίῳ
1056 2457 1283 2521 πολλοὺς
1333 2455 1426 2511 διὰ
1473 2455 1574 2522 τῆς
1606 2455 1812 2519 οἰκείας
1839 2456 2012 2528 ἀσκή-

421 2569 561 2616 σεως
587 2551 969 2624 προσηγάγετο
1000 2551 1096 2604 καὶ
1135 2550 1400 2621 σπουδῆς,
1433 2547 1576 2604 οὕτω
1605 2547 1694 2603 διὰ
1722 2547 1822 2617 τῆς
1857 2549 2010 2619 ἱερα-

420 2645 582 2716 τικῆς
620 2643 780 2698 πάλιν
831 2643 1184 2715 ἀναρίθμητα
1236 2641 1420 2713 πλήθη
1457 2640 1663 2696 παίδων
1729 2639 2012 2712 βαπτίζων

422 2734 721 2807 ἐσφράγιζε
741 2735 878 2805 Θεῷ.
913 2735 1042 2789 Ἐπὶ
1065 2735 1200 2790 πολὺ
1224 2735 1334 2807 γάρ
1357 2735 1454 2806 τῆς
1478 2735 1762 2806 αίρετικῆς
1790 2733 2008 2804 ἀχλύος,

418 2822 510 2881 οἷα
535 2826 726 2890 νυκτὸς
753 2825 999 2897 χαλεπῆς
1030 2825 1461 2896 ἐπικρατούσης,
1499 2824 1595 2878 καὶ
1624 2825 1722 2894 τῆς
1755 2823 2012 2896 τυραννίο

415 2919 507 2982 δος
534 2918 594 2975 δὲ
633 2917 744 2972 τῶν
783 2917 1018 2990 ἀνιέρων
1051 2917 1410 2988 ἐπικειμένης
1441 2918 1751 2989 μισθωτῶν,
1809 2917 2012 2979 πάντες

416 3011 602 3080 ὀλίγου
633 3011 744 3065 δεῖν
775 3009 1089 3082 ἄνθρωποι,
1121 3009 1240 3064 ὅσοι
1284 3011 1431 3065 κατά
1473 3009 1536 3064 τὸ
1573 3009 1868 3074 Βυζάντιον
1911 3008 2014 3081 τῆς

415 3103 701 3176 όρθοδόξου
730 3101 969 3167 πίστεως
996 3102 1328 3173 ἀντείχοντο,
1367 3102 1463 3157 καὶ
1499 3104 1616 3157 ὅσοι
1647 3103 1704 3157 δὲ
1736 3102 2009 3168 Βιθυνίου,

2109 1909 2372 1980 Spiritus,
2415 1910 2650 1980 primum
2703 1908 2924 1980 quidem
2983 1908 3175 1977 lector,
3228 1907 3347 1962 sive
3415 1919 3705 1962 sacrarum

2106 2002 2436 2059 Litterarum
2494 2017 2671 2072 praeco
2727 2010 2974 2069 sanctus,
3021 2000 3218 2058 deinde
3275 2000 3707 2072 hypodiaeonus,

2109 2103 2226 2152 tum
2273 2097 2542 2151 diaconus
2571 2110 2636 2151 ac
2659 2095 2920 2151 sacerdos
2951 2094 3064 2166 lege
3101 2102 3156 2149 et
3206 2094 3399 2148 ordine
3442 2093 3706 2149 ecclesia-

2109 2186 2376 2243 stieorum
2411 2175 2680 2254 graduum
2709 2189 3092 2238 consecratur.
3123 2178 3397 2235 Studebat
3438 2193 3565 2234 vero
3602 2178 3710 2233 hoc

2109 2290 2393 2350 perpetuo,
2424 2279 2500 2331 uti
2543 2274 2788 2346 largitori
2845 2275 3032 2345 gratiae
3088 2272 3349 2327 talentum
3416 2268 3706 2339 multiplici

2113 2368 2304 2426 l'cnore
2371 2380 2595 2423 auctum
2658 2364 2929 2432 redderet,
2986 2381 3176 2437 neque
3239 2380 3338 2435 per
3398 2362 3710 2420 socordiam

2108 2459 2410 2514 dele-deret.
2449 2457 2521 2515 Ut
2565 2466 2770 2523 autem,
2800 2471 2926 2511 cum
2955 2454 3012 2511 in
3049 2454 3303 2510 coenobio
3347 2453 3571 2516 viveret.
3607 2467 3711 2509 sua

2110 2553 2314 2624 pietate
2357 2551 2649 2622 studioque
2716 2549 2919 2604 multos
2952 2547 3158 2614 traxit,
3191 2548 3266 2602 ita
3295 2561 3393 2617 per
3439 2545 3702 2602 sacerdo-

2114 2643 2248 2697 tium
2284 2641 2483 2697 iterum
2515 2641 2866 2697 innumerum
2895 2653 3185 2695 numerum
3213 2636 3506 2693 infantium
3529 2635 3712 2706 bapti-

2114 2745 2294 2792 smate
2331 2733 2583 2799 abluens,
2618 2731 2727 2787 Deo
2756 2728 3121 2803 consignavit.
3157 2729 3354 2785 Perdiu
3401 2729 3547 2784 enim
3602 2728 3714 2782 lm-

2115 2829 2282 2883 retica
2319 2826 2571 2897 caligine,
2608 2824 2758 2880 velut
2808 2825 2980 2882 densa
3010 2831 3192 2890 nocte,
3221 2833 3275 2879 et
3302 2821 3591 2896 tyrannide
3620 2835 3714 2877 sa-

2117 2920 2448 2991 crilegorum
2477 2918 2944 2974 mereenariorum
2976 2917 3348 2979 incumbente,
3374 2929 3564 2970 omnes
3592 2929 3714 2985 pro-

2114 3027 2183 3083 pe
2249 3012 2530 3076 mortales,
2587 3010 2682 3081 qui
2733 3007 3208 3080 Constantinopoli
3269 3015 3477 3063 rectam
3546 3007 3706 3061 ﬁdem

2116 3103 2500 3170 defendebant,
2546 3103 2752 3174 quique
2799 3101 3064 3175 Bithyniae
3083 3100 3280 3171 oppida
3316 3099 3590 3162 colebant,
3619 3097 3714 3152 alii

417 3197 516 3252 καὶ
547 3196 648 3260 τάς
675 3196 940 3267 ἐχομένας
959 3195 1248 3266 κατῴκουν
1279 3196 1640 3267 κωμοπόλεις,
1671 3194 1831 3260 ἀλλος
1854 3195 2014 3252 ἀλλον

2121 3197 2260 3254 alios
2310 3196 2581 3268 lgnatium
2629 3196 2885 3253 laudibus
2956 3194 3308 3268 praedicando
3374 3191 3708 3256 exritaliant,

420 3291 544 3353 ταῖς
568 3289 711 3360 ὑπὲρ
739 3288 834 3342 τοῦ
869 3289 1136 3356 ἰγνατίου
1184 3287 1569 3352 διανιστῶντες
1601 3287 1921 3358 εὐφημίαις,
1945 3286 2015 3341 τά

419 3382 600 3437 οίκεϊα
628 3381 796 3434 τέκνα
853 3379 1152 3450 προσῆγον,
1222 3378 1319 3432 καὶ
1347 3377 1416 3432 δι’
1442 3378 1608 3433 αὐτοῦ
1654 3377 2015 3447 βαπτίζεσθαι

419 3473 604 3528 ταῦτα
650 3473 743 3526 καὶ
772 3471 1100 3540 ἀγιάζεσθαι
1155 3471 1574 3540 κατελιπάρουν.
1625 3470 1736 3523 Καὶ
1766 3465 1835 3542 ἦν
1883 3471 2018 3542 όρᾷν

420 3565 636 3629 τοῦτον,
660 3562 850 3633 ὥσπερ
877 3562 974 3616 ἕνα
1005 3562 1113 3616 τῶν
1142 3561 1413 3634 πρότερον
1457 3558 1696 3628 Χριστοῦ
1733 3558 2014 3630 μαθητῶν,

422 3658 586 3725 ἔργον
605 3654 762 3711 τοῦτο
789 3654 1134 3726 ποιούμενον,
1157 3654 1282 3716 τοὺς
1314 3652 1453 3725 πρὸς
1493 3651 1658 3707 αὑτὸν
1709 3653 1908 3718 ἰόντας,
1940 3652 2019 3718 ὡς

423 3751 532 3806 ὑπὸ
559 3749 800 3822 Χριστοῦ
832 3748 1222 3824 πεμπομένους
1261 3747 1561 3820 προθύμως
1597 3745 2016 3818 καταδέχεσθαι,

425 3843 703 3898 διδάσκειν
725 3859 789 3895 τε
830 3843 925 3896 καὶ
959 3840 1231 3896 νουθετεῖν
1261 3841 1439 3895 πάντα
1468 3842 1774 3912 ἄνθρωπον,
1796 3839 2019 3912 ἀντέχε-

427 3937 554 3992 σθαι
588 3935 688 4006 μὲν
719 3935 816 4005 τῆς
843 3933 1126 4006 δρθοδόξου
1155 3931 1416 3997 πίστεως,
1471 3932 1778 4004 ἀπέχεσθαι.
1826 3933 1886 3988 δὲ
1919 3934 2020 4004 τῆς

424 4030 534 4085 τῶν
553 4028 847 4099 αἰρετικῶν
863 4028 991 4082 δυστ
1001 4026 1194 4100 ροπίας
1215 4028 1311 4082 καὶ
1331 4026 1782 4098 φρενοϐλαϐείας,
1804 4029 1899 4084 καὶ
1915 4026 2023 4082 πά-

429 4141 531 4196 σης
558 4125 656 4197 μὲν
669 4121 901 4186 ἑαυτοὺς
937 4121 1234 4194 ρυπαρίας,
1269 4121 1363 4175 καὶ
1387 4121 1590 4185 παντὸς
1624 4120 2022 4193 ἀνακαθαίρειν

430 4217 742 4288 πνεύματος
779 4213 1062 4286 μολυσμοῦ
1101 4215 1196 4268 καὶ
1223 4212 1450 4286 σαρκὸς,
1496 4214 1682 4286 πάσης
1730 4213 1787 4268 δὲ
1816 4214 2022 4286 ἀρετῆς

433 4306 810 4378 ἐπιμελεῖσθαι
827 4305 922 4360 καὶ
941 4305 1303 4375 κοσμιότητος
1320 4304 1414 4358 καὶ
1434 4305 1790 4378 σωφροσύνης
1814 4323 1828 4338 ·
1849 4306 2024 4360 ταῦτα

437 4395 528 4447 καὶ
566 4396 634 4449 τά
664 4394 877 4457 τούτοις
931 4393 1096 4464 ὅμοια
1129 4395 1258 4458 τοὺς
1311 4395 1554 4465 πατέρας
1605 4396 1877 4451 παιδεύων
1927 4399 2025 4452 καὶ

439 4485 724 4554 νουθετῶν,
742 4486 810 4540 τά
833 4483 1040 4541 τούτων
1065 4484 1240 4557 βρέφη
1267 4487 1636 4559 προκατηχῶν
1663 4491 1692 4542 ὁ
1724 4490 2019 4563 μακάριος,

438 4577 506 4630 δι’
531 4577 720 4642 ὓδατος
746 4581 840 4634 καὶ
870 4578 1190 4650 Πνεύματος
1224 4579 1418 4649 ήγίαζε
1440 4580 1518 4652 τῷ
1549 4580 1690 4654 Θεῷ.

519 4665 578 4720 ’0
613 4667 712 4737 μὲν
731 4663 822 4722 οὖν
852 4668 997 4723 κατά
1020 4668 1119 4740 τῆς
1158 4668 1484 4740 Ἕκκλησίας
1528 4672 1648 4724 τότε
1687 4671 1893 4743 χειμὼν
1926 4672 2023 4744 βα-

436 4760 554 4832 ρὺς,
593 4758 748 4830 καὶὴ
805 4759 945 4814 κατὰ
991 4760 1185 4831 ἱερέων
1231 4762 1412 4829 δίωξις
1444 4763 1693 4835 χαλεπὴ,
1737 4765 1854 4819 ὅσοι
1885 4767 2023 4837 Χρι-

431 4852 559 4908 στοῦ
589 4852 692 4922 τῆς
724 4853 930 4915 εἰκόνος
962 4852 1049 4907 διὰ
1082 4853 1141 4907 τὸ
1172 4858 1528 4925 πρωτότυπον
1576 4858 2024 4929 προκινδυνεύειν

427 4945 641 5000 εἴλοντο
669 4944 811 4999 δεῖν*
843 4943 1018 5010 εὔδιος
1049 4946 1103 5000 δὲ
1141 4950 1274 5003 πᾶσι
1304 4947 1399 5000 καὶ
1429 4949 1684 5020 γαλήνιος
1707 4951 1876 5023 ὅρμος
1911 4954 2025 5015 τοῖς

427 5034 882 5108 χειμαζομένοις,
939 5038 966 5090 ὁ
997 5037 1144 5107 ἱερὸς
1183 5038 1446 5107 Ἰγνάτιος
1477 5041 1573 5094 καὶ
1621 5039 1739 5104 ὅλος
1783 5041 1948 5096 αὑτοῦ
1996 5044 2025 5096 ὁ

430 5123 581 5192 οἶκος
607 5128 763 5199 παρὰ
787 5129 884 5196 τῆς
916 5130 1012 5182 τοῦ
1049 5129 1307 5199 Ὑψίστου
1361 5130 1774 5202 προητοίμαστο
1818 5131 2021 5198 δεξιᾶς.

433 5220 530 5282 Τίς
554 5219 664 5292 γὰρ
690 5219 801 5273 τῶν
817 5219 957 5291 ὑπὲρ
981 5219 1266 5282 εὐσεϐείας
1286 5220 1620 5291 θλιϐομένων
1645 5223 1743 5292 οὐχ
1770 5221 2026 5294 εὖρισκεν

438 5311 650 5364 ἐκεῖθεν
681 5313 933 5382 αὐτάρκη
961 5312 1070 5365 τῶν
1105 5312 1337 5382 θλίψεων
1363 5315 1646 5385 ἀναψυχήν
1672 5333 1686 5380 ;
1721 5317 1802 5379 τίς
1835 5316 1948 5369 τῶν
1969 5319 2028 5371 ἐν

442 5400 758 5473 ὑπερορίαις
785 5403 880 5457 καὶ
905 5401 1126 5472 δ;σ;.ι.ο”ίς
1150 5407 1550 5475 κατεχομένων,
1572 5407 1666 5460 καὶ
1690 5407 1870 5476 λιμοῑς
1891 5424 2026 5460 κατ-

444 5495 794 5564 αγχομένωνς,
841 5495 904 5548 οὐ
937 5495 1039 5564 τῆς
1092 5495 1319 5566 δεούσης
1354 5497 1616 5569 ἐτύγχανε
1659 5501 2027 5572 παρηγορίας,

444 5585 540 5636 καὶ
567 5584 797 5654 ἄφθονον
855 5581 970 5659 εἷχε
1004 5587 1116 5642 τῶν
1164 5589 1477 5659 ἀναγκαίων
1520 5590 1619 5661 τὴν
1666 5593 2030 5664 ὲπιχορηγίαν

441 5675 576 5747 παρ’
605 5679 808 5749 αύτοῦ;
843 5683 907 5734 υἱ
952 5681 1010 5736 δὲ
1041 5681 1142 5744 τὰς
1171 5682 1279 5735 τῶν
1324 5685 1604 5755 τυράννων
1635 5685 1890 5756 φέροντες
1918 5685 2025 5756 χεῖ·

438 5787 565 5844 ρας,
601 5775 698 5828 καὶ
725 5773 835 5828 τῶν
869 5773 1014 5831 ἰδίων
1037 5773 1325 5848 ὑπάρξεων
1357 5776 1706 5849 στερούμενοι
1742 5776 1835 5832 καὶ
1870 5779 2029 5833 ἐκπί-

2121 3305 2364 3360 suosque
2419 3289 2623 3346 liberos
2675 3290 2744 3346 ad
2789 3290 2942 3345 illum
2997 3287 3361 3351 deducebant,
3405 3285 3711 3358 precaban-

2120 3391 2340 3451 turque.
2381 3389 2443 3434 ut
2481 3381 2552 3435 ab
2598 3379 2692 3435 illo
2725 3380 3159 3449 baptizarentur,
3187 3375 3404 3448 Deoque
3429 3374 3715 3430 initiaren-

2124 3485 2232 3530 tur.
2283 3474 2352 3530 Et
2377 3482 2497 3530 erat
2532 3475 2679 3528 hunc
2723 3473 2929 3542 videre,
2977 3483 3240 3542 tanquam
3273 3471 3510 3541 aliquem
3544 3483 3574 3523 e
3599 3467 3714 3539 pri-

2123 3567 2231 3622 mis
2263 3565 2468 3623 Christi
2498 3566 2806 3638 discipulis,
2848 3581 2972 3621 cum
3009 3565 3076 3622 ad
3113 3581 3174 3621 se
3217 3565 3550 3621 ventitantes
3595 3563 3713 3618 ala-

2122 3660 2306 3724 criter,
2360 3669 2420 3714 ut
2470 3674 2502 3714 a
2542 3659 2764 3715 Christo
2820 3658 3046 3725 missos,
3084 3657 3359 3728 exciperet
3416 3664 3583 3727 atque
3630 3655 3716 3709 in-

2123 3750 2407 3806 stitueret:
2447 3751 2540 3822 qui
2572 3749 2791 3820 quidem
2824 3750 3150 3806 documenta
3184 3748 3335 3804 illius
3367 3747 3440 3802 ita
3486 3743 3716 3816 arripie-

2123 3844 2280 3910 bant,
2316 3844 2448 3900 dum
2480 3845 2700 3900 doceret
2739 3843 2988 3914 singulos
3021 3852 3074 3899 et
3114 3844 3452 3903 hortaretur.
3485 3850 3545 3896 ut
3598 3839 3716 3895 sin—

2123 3951 2306 3992 ceram
2339 3948 2390 3992 et
2425 3935 2749 3994 catholicam
2783 3936 3096 4008 religionem
3144 3942 3588 4006 propugnarent,
3635 3939 3718 3987 at-

2124 4045 2232 4101 que
2278 4028 2654 4085 haereticorum
2703 4027 3112 4099 perversitatem
3138 4035 3194 4083 et
3233 4025 3502 4083 insaniam
3557 4039 3716 4080 aver-

2127 4133 2401 4190 sarentur,
2438 4138 2737 4194 omnesque
2771 4137 2832 4177 se
2863 4125 2930 4177 ab
2972 4120 3123 4177 omni
3155 4120 3356 4177 mentis
3385 4129 3438 4175 et
3472 4119 3719 4189 corporis

2129 4216 2250 4271 labe
2277 4224 2653 4286 repurgarent,
2688 4231 2752 4272 ac
2788 4214 3006 4271 virtutis
3045 4211 3225 4270 omnis
3259 4221 3314 4268 et
3348 4211 3720 4283 temperantiae.

2131 4308 2546 4378 honestatisque
2597 4307 2812 4364 laudem
2855 4314 3236 4379 procurarent.
3272 4303 3398 4360 Hmc
3439 4312 3494 4359 et
3525 4302 3610 4359 his
3642 4303 3719 4358 si-

2129 4401 2279 4455 milia
2331 4411 2587 4472 parentes
2631 4399 2915 4464 educebat,
2970 4400 3282 4470 horumque
3327 4397 3528 4452 liberos
3561 4396 3718 4467 prius

2128 4492 2232 4549 rite
2253 4493 2553 4558 institutos,
2579 4490 2689 4549 Deo
2714 4508 2814 4564 per
2837 4506 3038 4565 aquam
3073 4501 3127 4547 et
3160 4489 3425 4561 Spiritum
3463 4499 3714 4545 sanctum

2053 4606 2100 4662 ι)
2128 4585 2509 4642 consecrabat.

2200 4673 2268 4730 Et
2306 4676 2487 4746 gravis
2546 4675 2766 4746 quidem
2807 4683 2922 4729 tum
2959 4681 3014 4729 et
3063 4673 3360 4727 vehemens
3412 4669 3715 4727 Ecelesiam

2129 4773 2447 4837 tempestas,
2510 4780 2807 4836 sacrosque
2839 4765 3035 4821 acerba
3094 4763 3370 4819 divexatio
3415 4761 3716 4832 premebat.

2127 4860 2443 4932 quicunque
2491 4873 2589 4929 pro
2616 4857 2819 4914 Christi
2859 4859 3096 4929 imagine
3131 4857 3200 4911 ob
3243 4863 3586 4925 prototypum
3613 4853 3717 4910 sibi

2130 4945 2551 5018 periclitandum
2605 4955 2975 5017 putaverunt:
3006 4945 3337 5014 tranquillus
3389 4959 3517 4998 vero
3546 4951 3600 4997 et
3629 4958 3717 4998 se-

2130 5053 2298 5094 renus
2326 5038 2584 5094 omnibus
2625 5047 2944 5109 tempestate
2980 5036 3202 5108 jactatis
3237 5045 3429 5108 portus
3463 5051 3491 5089 a
3527 5052 3718 5105 supre-

2139 5146 2225 5186 ma
2265 5130 2517 5185 Numinis
2562 5130 2757 5186 dextra
2803 5145 2957 5185 sacer
2999 5130 3086 5184 hic
3139 5129 3377 5201 lguatius
3415 5126 3744 5184 destinatus

2138 5233 2277 5289 erat,
2313 5232 2366 5278 et
2406 5223 2604 5279 domus
2642 5223 2760 5294 ejus
2790 5232 2922 5278 tota.
2964 5222 3165 5294 Ecquis
3202 5222 3347 5276 enim
3389 5237 3488 5293 pro
3516 5222 3721 5291 pietate

2135 5319 2554 5386 decertantium,
2615 5319 2882 5374 malorum
2949 5333 3428 5388 mrumnarumque
3495 5333 3718 5372 Suarum

2138 5407 2482 5480 refrigeriqu
2521 5411 2591 5464 ab
2629 5425 2696 5464 eo
2750 5425 2858 5464 non
2914 5409 3200 5479 percepit?
3243 5408 3377 5474 Quis
3425 5409 3477 5462 in
3530 5418 3718 5462 custo-

2136 5502 2280 5556 diam
2309 5504 2491 5568 dalus,
2522 5504 2648 5573 quis
2678 5503 2731 5558 in
2768 5503 3021 5558 exsilium
3057 5501 3286 5572 ejectus.
3326 5502 3450 5569 quis
3481 5502 3719 5556 vineuiis

2133 5602 2187 5647 et
2231 5591 2377 5650 fame
2424 5594 2726 5658 cruciatus,
2757 5595 2826 5649 ab
2857 5609 2923 5648 eo
2954 5609 3065 5667 non
3096 5603 3181 5650 est
3208 5595 3501 5658 relevatus,
3532 5608 3719 5650 necesr

2137 5684 2409 5756 Sariisque
2447 5685 2666 5741 auxiliis
2706 5685 3001 5743 liberaliter
3037 5685 3386 5741 instructus?
3423 5685 3554 5739 Nam
3598 5685 3721 5754 qui-

2139 5794 2356 5850 cunque
2406 5789 2764 5850 tyrannorum
2820 5779 2941 5834 vim"
2977 5787 3028 5834 et
3081 5779 3298 5850 rapinas
3347 5775 3720 5850 patiebantur.
