4150 6298
486 331 594 396 503
1677 329 1724 390 Ν
1733 327 1971 389 ICET/E
2000 327 2198 389 PAPH
2209 328 2531 390 [.AGONIS
3646 315 3750 381 504

488 461 541 497 m
579 456 740 513 quos,
769 441 815 496 si
846 440 972 510 quid
1001 448 1246 510 peccent,
1274 439 1449 496 cuivis
1477 439 1652 496 facilis
1681 448 1736 494 et
1775 439 1943 494 libera
1975 448 2060 496 est

2171 440 2478 509 διαιτηταῖς,
2503 439 2599 491 καὶ
2640 434 2985 507 σκληρότατα
3006 425 3514 498 καταγινώσκεσθαι
3550 423 3640 479 τὸν
3669 425 3750 489 ὡς

483 549 749 600 censura;
781 534 876 588 sed
907 533 1168 589 adversus
1198 533 1471 603 principes
1500 534 1664 587 etiam
1712 533 2063 603 magistratus

2171 531 2387 602 ἀληθῶς
2414 533 2589 603 πρᾶον
2618 529 2872 598 ποιμένα,
2895 528 2991 581 καὶ
3021 524 3156 579 Θεοῦ
3191 520 3528 594 μιμούμενον
3551 520 3754 573 δικαιο-

483 643 548 682 ac
578 628 857 697 dynastas,
891 628 1146 696 ipsosque
1161 626 1530 695 imperatores
1559 663 1575 689 ,
1604 625 1767 680 ardor
1790 641 1854 679 ac
1877 624 2064 679 divina

2174 621 2373 692 σύνην·
2409 623 2501 674 καὶ
2542 619 2650 690 γὰρ
2694 619 2795 671 οὑκ
2826 619 2886 671 ὲν
2913 618 3028 679 τοῖς
3067 613 3426 685 ἀνθρωπίνοις
3456 611 3750 681 πράγμασι

486 719 700 774 dicendi
726 718 947 772 libettas
971 717 1232 773 antistitis
1252 717 1499 773 elucebat
1532 737 1547 772 :
1589 717 1733 788 quod
1767 733 1884 772 mea
1920 732 2064 772 nunc

2175 714 2359 783 μόνον,
2389 711 2524 768 ἀλλὰ
2559 710 2655 764 καὶ
2685 712 2742 763 ὲν
2776 711 2897 772 ταῖς
2930 706 3415 776 ἐκκλησιαστικαῖς
3451 702 3584 756 πολὺ
3620 701 3756 768 μᾶλα

485 809 784 866 declarabit
816 810 1015 864 oratio.

2172 805 2264 858 λον
2317 801 2760 872 ἀμφισϐητήσεσι
2795 800 2887 852 καὶ
2931 798 3167 869 κρίσεσι,
3218 797 3280 849 τὸ
3329 795 3464 866 πρὸς
3497 793 3754 861 ἀλήθειαν

487 903 587 971 μὲν
623 904 715 955 καὶ
749 902 1094 972 δικαιοσύνην
1127 903 1443 974 ὲπιρῤεπὲς,
1477 900 1842 972 ὑπεροπτικὸν
1872 898 1928 952 δὲ
1963 894 2127 950 αὐτοῦ
2154 896 2248 949 καὶ
2272 896 2546 963 ἀπότομον
2580 893 2717 963 πρός
2767 908 2826 944 τε
2874 891 2933 943 τὸ
2980 887 3177 958 ψεῦδος
3239 888 3335 940 καὶ
3381 885 3598 938 ἀδικίαν
3651 884 3756 936 πᾶ·

486 1013 587 1048 σαν
636 997 998 1066 ἐγνωρίζετοο
1044 995 1140 1049 καλ.
1191 997 1250 1049 οὐ
1287 995 1424 1066 πρὸς
1465 998 1589 1058 τοὺς
1621 995 1851 1058 πολλοὺς
1903 997 2062 1064 μόνον
2108 995 2202 1045 καὶ
2230 991 2631 1060 χυδαιοτέρονς,
2665 987 2798 1056 πρὸς
2828 983 2920 1049 οὓς
2951 981 3268 1046 ἀδικοῦντας
3323 982 3463 1051 τάχα
3514 980 3608 1034 καὶ
3656 979 3754 1033 ἄλ-

483 1089 574 1152 λος
628 1089 696 1141 ἂν
750 1089 1208 1160 παρῤησιάσαιτο,
1260 1090 1362 1162 ἤδη
1391 1090 1445 1143 δὲ
1490 1089 1755 1156 καὶπρὸς
1803 1090 1926 1150 τοὺς
1963 1088 2061 1150 τάς
2084 1085 2305 1156 πρώτας
2364 1082 2866 1152 περιὸεῆλημένους
2916 1078 3258 1142 δυναστείας,
3306 1077 3402 1130 καὶ
3460 1078 3596 1149 προς
3631 1077 3756 1142 τοὺς

488 1181 743 1256 βασιλέας
776 1183 976 1246 αὐτοὺς
1004 1183 1032 1236 6
1076 1182 1169 1236 τοῦ
1223 1185 1526 1254 ἀρχιερέως
1558 1183 1718 1252 ζῆλος
1757 1184 1852 1236 καὶ
1882 1183 2063 1244 ἔνθεος
2091 1179 2379 1251 παρρησία
2411 1179 2740 1232 διεδείκνυτο
2765 1193 2780 1209 ο
2809 1173 3038 1246 δηλώσει
3069 1174 3127 1226 δὲ
3155 1173 3251 1225 νῦν
3276 1175 3304 1225 6
3330 1172 3506 1240 λόγος.

559 1277 789 1332 Bardam
857 1277 1042 1340 illum,
1099 1277 1174 1330 uti
1228 1277 1363 1342 scio,
1422 1277 1593 1330 nostis
1637 1291 1853 1340 mnnes,
1885 1274 2068 1328 Theo-

488 1367 632 1422 dorze
694 1365 950 1435 Augustze
1004 1366 1159 1419 bonae
1219 1365 1484 1434 principis
1533 1380 1648 1425 non
1688 1367 1914 1432 bonum,
1975 1364 2068 1418 sed

489 1475 693 1515 saevum
759 1459 1051 1513 admodum
1115 1468 1170 1512 et
1229 1458 1503 1513 crudelem
1582 1457 1752 1513 fuisse
1824 1457 2070 1511 fratrem.

489 1553 815 1620 Quanquam
873 1549 1018 1603 enim
1071 1548 1123 1602 in
1183 1564 1366 1604 rerum
1424 1549 1666 1604 civilium
1715 1549 2066 1603 administra-

490 1644 637 1698 tione
681 1643 931 1712 egregius
991 1642 1404 1712 industriusque
1457 1651 1622 1708 esset,
1658 1644 1736 1696 rei
1764 1654 1942 1697 tamen
1976 1641 2065 1695 di-

486 1733 630 1787 vinae
706 1740 868 1802 atque
934 1732 1320 1788 ecclesiastica:
1385 1748 1545 1788 nemo
1611 1734 1764 1788 illum
1822 1747 2064 1802 unquam

488 1826 835 1881 commodum
895 1826 1062 1893 dixit;
1117 1836 1171 1879 ut
1227 1829 1318 1896 qui
1367 1843 1537 1882 nurus
1577 1843 1690 1882 sure
1750 1842 1940 1882 amore
1991 1827 2066 1880 ita

488 1916 715 1980 fureret.
749 1927 809 1972 ut
839 1919 958 1986 eius
995 1917 1072 1972 rei
1109 1917 1253 1972 fama
1287 1927 1453 1972 totam
1493 1919 1680 1973 urbem
1713 1928 2068 1988 peragraret:

490 2021 589 2062 nec
622 2008 762 2062 inter
795 2009 1004 2078 plebem
1039 2015 1248 2062 tantum
1302 2008 1571 2073 haereret,
1604 2007 1697 2061 sed
1732 2007 1797 2061 ad
1829 2007 2068 2077 patriar-

487 2101 604 2156 cha:
627 2115 847 2170 quoque
879 2115 1040 2156 aures
1077 2099 1201 2155 facti
1236 2100 1530 2169 indignitas
1559 2098 1884 2154 deferretur.
1927 2098 2070 2165 Quid

488 2206 619 2262 ergo
640 2191 994 2261 patriarcha?
1024 2189 1141 2244 Non
1166 2190 1405 2245 hominis
1430 2191 1748 2260 dignitatem
1780 2191 2066 2256 reveritus,

489 2283 706 2338 facinus
741 2284 961 2338 silentio
991 2285 1228 2353 pressit;
1260 2283 1352 2337 sed
1386 2298 1453 2335 ex
1494 2282 1610 2353 lege
1643 2283 1843 2351 arguit,
1882 2297 2070 2352 repre-

490 2375 810 2444 henditque,
846 2383 900 2428 et
940 2375 1189 2431 hortatus
1220 2383 1322 2437 est,
1369 2384 1428 2429 ttt
1469 2391 1535 2429 ne
1581 2374 1758 2430 salute
1802 2375 2066 2443 neglecta,

489 2468 727 2521 animam
761 2480 913 2522 suam
943 2467 1214 2536 perditum
1248 2469 1371 2534 iret,
1402 2467 1495 2522 sed
1533 2467 1735 2522 foedum
1768 2477 1822 2522 et
1845 2483 2070 2522 enorme

490 2560 672 2616 scelus
701 2560 963 2629 expiaret.
1007 2560 1100 2615 Ille
1140 2568 1320 2615 tamen
1352 2575 1456 2614 nou
1496 2560 1657 2615 modo
1685 2577 1743 2615 se
1770 2562 1836 2615 ab
1866 2561 2069 2630 impro-

490 2653 660 2706 bitate
699 2668 797 2707 sua
847 2668 950 2708 non
1003 2653 1287 2717 abstinuit,
1321 2655 1414 2707 sed
1466 2653 1585 2722 ipso
1618 2653 1938 2723 Epiphaniae
1979 2652 2067 2707 die

487 2741 629 2797 festo
659 2742 715 2796 in
741 2743 909 2798 tndem
939 2759 1178 2808 sacram,
1212 2744 1556 2800 eucharistia:
1595 2745 1850 2816 mysteria
1882 2759 2068 2812 perce-

488 2844 705 2906 pturus,
761 2837 1101 2908 impudenter
1153 2847 1240 2894 est
1279 2854 1617 2910 progressus.
1665 2838 1805 2902 Quid
1856 2837 1945 2892 hic
1974 2853 2066 2905 pa-

492 2929 846 2983 triarchalA
873 2932 1046 2986 sacris
1093 2942 1264 2995 arcet,
1319 2930 1602 3001 indignum
1655 2944 1782 2985 eum
1813 2927 2066 2994 judicans

487 3022 736 3090 corporis
797 3019 1061 3076 Dominici
1129 3022 1564 3092 participatione.
1619 3019 1709 3075 Ille
1765 3035 1897 3074 vero
1944 3020 2067 3074 diro

488 3113 730 3183 percitus
755 3122 924 3168 uasti-0
958 3114 1108 3180 furit,
1141 3129 1413 3184 suumque
1455 3115 1509 3168 in
1538 3114 1762 3168 exitium
1795 3120 2060 3178 armatus,

2254 1271 2357 1326 Τὸν
2389 1269 2597 1336 Βάρδαν
2637 1270 2843 1321 ἐκεῖνον
2876 1263 2972 1320 οἶδ’
3017 1266 3098 1318 ὃτι
3147 1264 3346 1327 πάντες
3375 1262 3625 1324 ἀκούετε,
3681 1265 3757 1327 ὡς

2174 1361 2343 1434 [ἀλλ.
2374 1359 2454 1432 ὃς]
2477 1359 2757 1429 Θεοδώρας
2793 1357 2893 1428 μὲν
2920 1356 3018 1426 τῆς
3050 1356 3262 1424 ἀγαθῆς
3296 1354 3565 1425 βασιλίδος
3603 1355 3761 1409 ἀδελ.

2174 1455 2274 1525 φὺς
2309 1450 2399 1525 ἦν,
2433 1453 2532 1506 οὐκ
2567 1451 2771 1519 ἀγαθὸς
2810 1450 2888 1514 δὲ,
2926 1448 3060 1502 ἀλλά
3113 1449 3206 1500 καὶ
3247 1447 3366 1500 λίαν
3414 1447 3609 1519 πικρὸς
3663 1447 3758 1501 καὶ

2173 1545 2541 1614 ἀπάνθρωπος
2562 1558 2574 1573 ·
2609 1542 2667 1596 ὃν
2703 1540 2988 1594 σπουδαῖον
3018 1541 3114 1609 μὲν
3147 1533 3282 1592 εἶναι
3310 1540 3403 1592 καὶ
3432 1539 3758 1609 δραστήριον

2175 1638 2303 1706 περὶ
2337 1636 2438 1703 τὴν
2484 1633 2594 1687 τῶν
2626 1631 2920 1686 πολιτικῶν
2967 1630 3309 1702 πραγμάτων
3357 1631 3751 1702 μεταχείρισιν,

2171 1732 2346 1795 οὐδεὶς
2381 1731 2438 1785 δὲ
2469 1731 2598 1801 περὶ
2641 1730 2740 1800 τὴν
2777 1727 3106 1795 Ἐκκλησίαν
3129 1727 3366 1798 χρηστὸν
3401 1728 3569 1798 ἔφησε
3596 1728 3748 1795 γενέ-

2175 1823 2330 1878 σθαι·
2364 1824 2553 1877 τοῦτον
2578 1824 2642 1893 τῇ
2677 1822 2783 1893 ἰδίᾳ
2809 1821 2971 1889 φασὶν
2998 1819 3170 1882 οὕτως
3187 1821 3522 1890 ἐπιμανῆναι
3543 1823 3744 1893 νύμφῃ,

2172 1915 2247 1981 ὡς
2272 1917 2375 1970 ἀ.νᾶ
2411 1917 2591 1970 πᾶσαν
2620 1915 2780 1968 τοῦτο
2809 1914 2907 1986 τὴν
2937 1914 3092 1966 πόλιν
3120 1913 3622 1984 περιϐομὸηθῆναιε
3657 1917 3748 1968 καλ⁸

2171 2011 2273 2063 οὐκ
2300 2009 2429 2080 ἀχρι
2453 2010 2566 2062 τῶν
2597 2008 2810 2062 πολλῶν
2835 2008 3015 2079 μόνον,
3061 2007 3197 2060 ἀλλὰ
3227 2008 3323 2060 καὶ
3370 2007 3561 2078 μέχρις
3590 2006 3750 2060 αὐτοῦ

2169 2101 2265 2156 τοῧ
2320 2101 2622 2173 ἀρχιερέως
2657 2103 2757 2170 τὴν
2802 2100 3046 2171 πονηρὰν
3090 2100 3280 2171 φήμην
3326 2098 3521 2152 ἐλθεῖν.
3566 2099 3629 2152 Τί
3666 2096 3763 2152 οὖν

2171 2194 2411 2259 ἑκεῖνοςς
2455 2192 2529 2246 Οὐ
2586 2193 2646 2245 τὸ
2702 2191 2930 2262 μέγεθος
2976 2191 3259 2263 ηὐλαϐήθη
3300 2191 3394 2245 τοῦ
3436 2191 3758 2262 προσώπου,

2169 2285 2288 2337 οὐδὲ
2322 2285 2644 2337 συνεσκίασε
2675 2283 2737 2335 τὺ
2769 2283 3117 2353 ἀμπλάκημα
3155 2285 3221 2353 τῇ
3259 2285 3460 2353 σιωπῇ,
3493 2282 3630 2336 ἀλλὰ
3660 2283 3756 2334 καὶ

2169 2377 2362 2447 ἧλεγξε
2395 2376 2536 2429 κατᾶ
2566 2374 2663 2446 τὴν
2695 2375 2936 2444 ἐντολὴν,
2963 2374 3097 2427 ἀλλά
3121 2376 3214 2428 καὶ
3237 2373 3591 2443 ἐπετίμησεν,
3619 2374 3757 2428 ἀλλὰ

2169 2471 2263 2522 καὶ
2290 2469 2631 2535 παρεκάλεσε
2651 2467 2941 2537 φείσασθαί
2964 2485 3022 2520 τε
3053 2469 3150 2538 τῆς
3183 2468 3318 2530 ἰδίας
3339 2466 3537 2537 ψυχῆς,
3573 2468 3668 2520 καὶ
3697 2467 3759 2519 τὸ

2175 2563 2405 2632 φρικτὸν
2437 2563 2586 2614 τουτὶ
2624 2561 2798 2631 μῦσος
2825 2561 3248 2632 ἀπορρύψασθαι
3274 2577 3287 2592 ο
3321 2563 3348 2614 6
3391 2561 3447 2614 δὲ
3492 2562 3553 2614 οὗ
3597 2563 3758 2630 μόνον

2167 2653 2267 2703 οὐκ
2303 2650 2579 2719 ἀπέσχετο
2628 2651 2722 2703 τοῦ
2752 2650 2948 2715 κακοῦ,
2999 2650 3134 2703 ἀλλά
3165 2652 3260 2704 καὶ
3292 2651 3386 2703 ἐπὶ
3429 2651 3531 2721 τῆς
3560 2650 3756 2722 ἐκκλη-

2172 2745 2292 2804 σίας
2324 2744 2507 2814 (ἑορτὴ
2554 2743 2610 2796 δὲ
2642 2744 2751 2797 τῶν
2780 2743 2952 2811 ἁγίων
3001 2744 3312 2812 Θεοιρανίων
3342 2738 3431 2815 ἦν)
3467 2745 3558 2798 καὶ
3596 2745 3759 2809 αὐτὸς

2174 2837 2408 2899 ἀναιδῶς
2438 2837 2732 2906 προσῆλθε,
2766 2836 2874 2888 τῶν
2912 2836 3079 2890 θείων
3128 2836 3370 2906 μεθέξων
3415 2839 3752 2908 μυστηρίων.

2167 2929 2234 2982 Τί
2261 2928 2377 2981 δὲό
2427 2927 2755 3000 ἀρχιερεύς;
2823 2928 3222 2981 Ἀποὸἀλλεται
3287 2932 3388 2999 τῆς
3445 2932 3754 2996 κοινωνίας,

2168 3021 2386 3087 ἀνάξιον
2406 3019 2594 3072 τοῦτον
2625 3019 2725 3089 τῆς
2749 3018 2844 3072 τοῦ
2881 3018 3214 3071 Δεσποτικοῦ
3245 3018 3500 3091 σώματος
3555 3023 3755 3091 κρίνων

2172 3111 2544 3183 μεταλήψεως.
2595 3110 2654 3163 Ὀ
2686 3111 2741 3164 δὲ
2776 3109 3026 3181 μαίνεται
3065 3110 3232 3182 μανίᾳ
3264 3113 3458 3183 πικρᾷ,
3494 3113 3586 3165 καί
3611 3115 3754 3166 κατά

487 3221 547 3261 se
579 3207 818 3278 gladium
849 3208 901 3262 in
958 3207 1222 3262 antistitis
1268 3208 1476 3262 viscera
1507 3207 1809 3262 doliturum
1842 3206 2060 3259 minita-

2171 3206 2266 3273 τῆς
2299 3205 2436 3268 ἰδίας
2467 3204 2746 3269 ὀπλίζεται
2777 3204 2955 3274 ψυχῆς
2975 3222 2988 3236 ’
3027 3205 3242 3258 ἀπειλεί
3284 3206 3342 3257 τὸ
3373 3207 3570 3257 οἰκεῖον
3595 3206 3749 3274 ξίφος

489 3303 597 3349 tur.
631 3295 732 3349 Sed
771 3294 1014 3366 lgnatius
1041 3305 1227 3351 contra
1277 3298 1673 3361 comminatur,
1708 3295 1875 3350 Deum
1905 3296 2062 3350 invo-

487 3403 642 3448 cans,
671 3388 760 3456 qui
794 3396 986 3458 potens
1021 3399 1163 3444 esset
1191 3389 1426 3458 gladium
1456 3389 1508 3443 in
1543 3389 1692 3443 illum
1728 3398 2061 3444 convertere.

487 3478 625 3532 Hinc
649 3479 1011 3534 offensionum
1069 3480 1242 3548 prima
1283 3481 1434 3551 origo
1467 3499 1479 3534 :
1523 3482 1608 3536 hic
1645 3481 1765 3536 fons
1806 3482 2066 3537 ecclr-sia-

490 3573 642 3626 Stica:
668 3573 1113 3641 perturbationis.
1152 3571 1287 3628 [line
1320 3575 1468 3644 gravi
1493 3574 1696 3630 Bardas
1727 3576 1805 3628 ira
1835 3575 2066 3642 odioque

491 3673 777 3730 concepto,
814 3678 878 3717 ac
919 3663 1083 3718 altius
1118 3664 1170 3718 in
1211 3677 1398 3734 pectus
1437 3666 1698 3730 demisso,
1733 3680 1973 3731 onmem,
2009 3676 2068 3719 ut

490 3753 711 3819 dicitur,
763 3757 1042 3810 rudentem
1096 3768 1285 3812 contra
1341 3757 1607 3828 lgnatium
1661 3759 1948 3823 movebat,
2009 3767 2069 3814 ut

490 3861 612 3898 eum
645 3845 786 3913 apud
813 3847 1190 3916 imperatorem
1226 3849 1629 3904 criminaretur.
1660 3848 1927 3906 Patricius
1951 3858 2065 3904 tum

492 3946 606 3989 erat
633 3936 850 3993 Bardas.
879 3947 931 3991 et
952 3939 1260 3994 scholarum
1283 3939 1634 4006 domesticus,
1662 3942 1874 4011 sibique
1897 3952 2064 3998 totam

494 4023 709 4091 imperii
774 4023 1321 4093 administrationem,
1379 4037 1564 4098 utpote
1615 4032 1918 4086 avunculus
1961 4029 2065 4085 Mi-

492 4114 719 4178 chaelis,
754 4115 1076 4172 vindicabat.
1107 4117 1201 4173 llic
1259 4132 1548 4196 aggressus
1604 4121 1898 4191 aliquando
1935 4123 2068 4177 ado-

495 4207 821 4266 lescentem,
877 4207 1165 4278 verbisque
1226 4208 1504 4266 insidiosis
1557 4222 1840 4280 captans:
1888 4211 2062 4279 Quid,

491 4293 686 4361 inquit,
711 4293 950 4358 domine,
983 4294 1292 4364 imperium
1327 4297 1484 4351 matri
1532 4308 1584 4353 et
1629 4301 1909 4355 sororibus
1939 4317 2065 4371 per-

489 4384 662 4440 mittis
682 4385 707 4439 ?
731 4385 894 4457 Atqui
921 4402 1028 4439 non
1058 4402 1115 4442 rs
1136 4388 1368 4457 amplius
1403 4388 1600 4457 infans,
1629 4391 1838 4461 aevique
1867 4394 2064 4448 imma-

489 4484 647 4529 turus
679 4493 693 4529 :
725 4476 852 4534 imo.
886 4478 1083 4548 inquit,
1117 4489 1169 4532 et
1196 4478 1305 4546 jam
1332 4495 1501 4536 uxore
1533 4485 1692 4537 ducta
1721 4484 1894 4538 virum
1926 4487 2062 4556 agis.

2172 3300 2286 3360 τοῖς
2316 3297 2645 3366 σπλάγχνοις
2674 3296 2768 3349 τοῦ
2806 3297 3060 3366 ίεράρχου
3093 3297 3423 3366 καταχῶσαι·
3476 3298 3502 3348 6
3533 3297 3588 3348 δὲ
3622 3299 3746 3348 ἀντ-

2174 3388 2408 3454 απειλεῖ,
2436 3389 2528 3442 τὸν
2553 3388 2848 3457 δυνάμενον
2873 3389 3263 3458 ἐκκαλούμενος
3281 3387 3621 3456 ἐπιστρέψειν
3646 3388 3744 3458 τὴν

2177 3481 2450 3550 ῥομφαίαν
2478 3480 2641 3534 αὑτοῦ
2669 3481 2758 3533 ἐπ’
2787 3482 2967 3534 αὐτόν.
2994 3479 3142 3553 Αὕτη
3191 3481 3396 3549 γίνεται
3441 3481 3749 3534 σκανδάλων

2176 3573 2318 3641 ἀρχή
2349 3587 2361 3600 ’
2399 3571 2538 3642 αὕτη
2567 3571 2759 3641 πρώτη
2797 3573 2896 3639 τῆς
2933 3572 3391 3643 ὲκκλησιαστικῆς
3441 3573 3751 3624 ἀκαταστα-

2177 3663 2298 3726 σίας
2352 3664 2599 3733 ἀφορμή.
2670 3663 2951 3716 Ἐντεῦθεν
3006 3664 3180 3734 βαρὺν
3235 3664 3412 3736 ἐαυτῷ
3459 3665 3611 3734 χόλον
3659 3665 3773 3718 καὶ·

2178 3753 2340 3822 μῆνιν
2362 3757 2388 3805 6
2410 3755 2619 3824 Βαρδας
2649 3756 2853 3818 ἐκεῖνος
2877 3754 3274 3817 ἐναποθέμενος
3303 3754 3443 3809 κατά
3466 3755 3557 3806 τοῦ
3583 3754 3750 3821 ’ίγνα-

2173 3847 2311 3908 τίον,
2350 3846 2525 3899 πάντα
2562 3847 2738 3900 κάλων
2770 3846 2958 3909 ἐκίνει,
2994 3847 3055 3899 τὺ
3091 3846 3155 3918 δὴ
3182 3846 3497 3917 λεγόμενον,
3538 3847 3618 3917 τῷ
3648 3847 3744 3914 βα-

2177 3936 2314 3989 σιλεί
2337 3937 2524 3991 τοῦτον
2579 3939 2878 3992 διαϐαλεῖν.
2938 3942 3234 4012 Πατρίκιος
3259 3941 3317 3994 δὲ
3359 3942 3481 3995 τότε
3525 3940 3743 3995 καὶτῶν

2177 4030 2383 4099 σχολῶν
2428 4032 2744 4100 δομέστικος
2796 4031 2891 4097 ῶν,
2940 4034 3069 4105 ὅλην
3103 4035 3195 4087 τοῦ
3245 4035 3486 4104 Μιχαὴλ,
3539 4035 3636 4087 ἅτε
3686 4033 3748 4102 δὴ

2175 4123 2336 4185 θεῖος,
2371 4123 2450 4184 είς
2485 4123 2680 4176 ἑαυτὸν
2726 4124 2824 4193 τὴν
2867 4126 3039 4198 ἀρχὴν
3089 4128 3419 4180 ὑπετωιεῖτο.
3471 4127 3581 4179 Καί
3624 4142 3750 4179 ποτε

2175 4214 2591 4283 προσεληλυθὼς
2611 4215 2688 4284 τῷ
2719 4219 2987 4288 μειρακίῳ
3011 4219 3106 4271 καὶ
3129 4219 3308 4286 λόγοις
3336 4218 3756 4287 καταγοητεύων

2174 4305 2494 4376 ἀπατηλοῖς,
2535 4307 2649 4358 Ἵνα
2681 4307 2750 4369 τί,
2797 4309 3004 4377 ἔλεγεν,
3037 4305 3082 4362 ὦ
3116 4310 3370 4372 δέσποτα,
3404 4314 3754 4381 παραχωρεῖς

2173 4397 2270 4467 τὴν
2297 4397 2572 4466 βασιλείαν
2603 4401 2666 4469 τῇ
2703 4403 2873 4470 μητρὶ
2921 4401 3016 4454 καὶ
3046 4405 3164 4464 ταῖς
3209 4402 3500 4470 ἀδελφαῖςς
3539 4403 3613 4471 μὴ
3645 4400 3755 4470 γὰρ

2173 4487 2250 4540 ἔτι
2281 4490 2474 4557 νήπιος
2525 4486 2609 4554 εἷς
2648 4491 2722 4560 μὴ
2762 4490 2861 4560 τὴν
2894 4492 3110 4562 ἠλικίαν
3159 4491 3392 4562 ἀτελήςς
3439 4492 3579 4544 Ἀλλ’
3615 4493 3751 4555 ἰδοὺ,

485 4565 660 4620 Debes
690 4583 821 4638 ergo
870 4569 922 4622 in
985 4580 1264 4639 posterum
1319 4574 1528 4649 vigilem
1582 4577 1822 4631 animum
1856 4593 2061 4647 gerere.

2174 4579 2359 4650 φησὶν,
2386 4580 2648 4651 ὲζεύχθης
2675 4583 2769 4634 καὶ
2799 4584 3040 4650 γυναικὶ,
3071 4585 3164 4636 καὶ
3192 4585 3292 4656 ἥδη
3329 4586 3407 4648 εἰς
3437 4585 3635 4655 ἄνδρας
3665 4601 3754 4635 τε-

488 4658 674 4730 Itaque
725 4675 756 4715 a
807 4662 1115 4727 patriarcha
1170 4666 1436 4719 accersito
1497 4676 1725 4721 matrem
1770 4678 1821 4722 et
1847 4685 2066 4725 sorores

487 4749 700 4803 tonderi
745 4750 1018 4819 velarique
1078 4751 1230 4821 jube.
1288 4752 1360 4808 Ut
1420 4756 1564 4809 enim
1621 4759 1876 4828 deinceps
1912 4762 2062 4816 solus

481 4851 607 4890 cum
654 4838 1005 4905 procreandis
1057 4855 1086 4892 a
1132 4849 1183 4894 te
1227 4841 1410 4897 liberis
1452 4843 1719 4913 imperes,
1756 4855 1810 4900 et
1842 4845 2062 4902 Numini

483 4928 692 4982 ccelesti
761 4932 976 4999 placet,
1035 4942 1091 4986 et
1156 4932 1314 4988 nobis
1379 4936 1751 5005 aequissimum
1830 4940 2061 4996 videtur.

482 5021 728 5075 Accersit
756 5037 884 5093 ergo
923 5025 1069 5078 illico
1121 5029 1492 5082 venerandum
1549 5031 1935 5099 patriareham.
1974 5033 2066 5089 Est

485 5110 631 5162 enim
666 5112 982 5165 inconstans
1006 5121 1061 5166 et
1087 5115 1364 5168 mutabilis
1387 5117 1772 5181 adolescentia,
1800 5119 2064 5189 facileque

480 5216 618 5254 vana
661 5217 756 5269 spe
809 5202 1049 5257 eﬂ'crtur.
1098 5206 1252 5270 Quod
1288 5207 1332 5260 si
1364 5210 1617 5276 potentia:
1661 5225 1879 5280 quoque
1911 5214 2065 5266 l'asti-

484 5293 630 5359 gium
664 5297 906 5360 accedat,
947 5297 1120 5365 major
1145 5300 1305 5352 etiam
1335 5309 1418 5354 est
1455 5302 1598 5357 illius
1630 5304 1846 5363 levitas,
1883 5305 2058 5374 majo-

486 5397 711 5451 remquc
743 5387 796 5437 iu
823 5388 1116 5440 amentiam
1150 5398 1205 5442 et
1241 5405 1428 5444 casum
1477 5408 1850 5461 smpenumero
1878 5402 2060 5465 prola-

480 5473 646 5526 bitur.
665 5473 821 5530 Tunc
840 5477 1000 5547 igitur
1017 5478 1244 5535 Michael
1258 5485 1712 5552 corruptelarum,
1734 5502 2060 5557 morumque

478 5564 919 5634 depravatorum,
962 5578 1016 5623 et
1049 5586 1176 5625 vero
1237 5575 1411 5643 magis
1466 5575 1800 5643 itnpictatum
1836 5595 2056 5635 suarum

479 5655 748 5723 principio
782 5659 995 5727 posito:
1024 5661 1274 5730 Matrem,
1299 5653 1691 5734 inquit,iuram
1725 5687 2056 5743 sororesque

478 5763 511 5808 ο
530 5748 757 5816 vestigio
780 5759 1022 5818 arreptas
1045 5756 1288 5823 attende,
1321 5767 1374 5813 et
1394 5758 1645 5829 religiosa
1679 5762 1883 5818 velatas
1908 5776 2057 5824 veste

2174 4669 2283 4732 λεῖς
2306 4688 2319 4701 ·
2352 4671 2584 4740 ὀφείλεις
2613 4673 2706 4724 καὶ
2737 4676 2989 4743 φρόνημα
3021 4675 3207 4729 λοιπὸν
3233 4675 3520 4728 ἀναλαϐεῖν
3538 4675 3751 4744 ἀνδρόςο

2175 4764 2274 4832 τὴν
2314 4763 2526 4832 μητέρα
2577 4764 2633 4817 δὲ
2671 4766 2763 4818 καὶ
2795 4765 2893 4828 τὰς
2944 4767 3200 4836 ἀδελφὰς,
3257 4768 3349 4820 τὸν
3406 4769 3755 4839 πατριάρχην

2173 4855 2704 4925 μετακαλεσάμενος,
2722 4860 3011 4929 ἀποκεῖραι
3033 4861 3351 4932 πρόσταξον.
3367 4861 3431 4913 Σὲ
3462 4863 3570 4932 γὰρ
3593 4861 3754 4930 βασι-

2169 4947 2348 5000 λεύειν
2384 4949 2545 5018 μόνον
2578 4949 2784 5010 λοιπὸν,
2812 4951 2903 5003 καὶ
2931 4953 3056 5013 τοὺς
3079 4953 3142 5004 ὲκ
3172 4951 3265 5004 σοῦ
3291 4953 3750 5022 τεχθησομένους,

2168 5038 2277 5090 καὶ·
2295 5038 2413 5108 Θεῷ
2446 5039 2538 5091 καὶ
2564 5041 2730 5092 πᾶσιν
2755 5043 2886 5110 ἡμῖν
2910 5043 3160 5111 ἀρεστόν.
3177 5044 3382 5095 Αὐτίκα
3409 5045 3588 5096 τοίνυν
3610 5046 3753 5096 ἐκεί-

2167 5147 2258 5193 νος
2314 5131 2406 5182 τὸν
2438 5131 2620 5200 τίμιον
2662 5133 2920 5203 ἱεράρχην
2953 5136 3402 5205 μεταπέμπεται·
3436 5137 3752 5207 εὑρίπιστον

2165 5221 2330 5291 γάρὴ
2364 5222 2567 5292 νεότης,
2606 5222 2701 5275 καὶ
2751 5224 2948 5293 ῥᾳδίως
2977 5227 3096 5285 ταῖς
3129 5227 3312 5285 κεναῖς
3355 5224 3462 5276 τῶν
3513 5223 3748 5275 ἐλπίδων

2171 5313 2652 5382 μετεωριζόμενον.
2681 5315 2741 5366 Εἰ
2769 5315 2822 5366 δὲ
2852 5316 2940 5366 καὶ
2964 5315 3208 5379 ἐξουσίας
3228 5315 3468 5385 ὑπεροχὴ
3496 5313 3750 5383 προσείη,

2170 5403 2373 5472 μείζων
2414 5406 2513 5472 μὲν
2571 5409 2604 5476 ἡ
2641 5407 2932 5477 κουφότης,
2990 5410 3066 5469 είς
3101 5408 3272 5476 μείζω
3316 5410 3370 5462 δὲ
3421 5408 3609 5461 ἄνοιαν
3651 5407 3750 5458 καὶ

2168 5496 2377 5548 πτῶσιν
2413 5497 2486 5559 ὡς
2545 5499 2614 5550 τὰ
2651 5498 2821 5550 πολλὰ
2853 5503 3149 5570 προχωρεῖ.
3185 5500 3317 5551 Τότε
3365 5500 3542 5552 τοίνυν
3572 5497 3753 5569 ἀρχὴν

2163 5582 2283 5648 ταῖς
2317 5592 2438 5641 κατ’
2468 5590 2629 5642 αὑτὸν
2658 5589 2908 5655 ἀταξίαις
2957 5592 3050 5644 καὶ
3083 5592 3462 5655 ἀπαιδευσίαις
3483 5635 3498 5658 ,
3545 5591 3749 5662 μᾶλλον

2163 5675 2219 5728 δὲ
2247 5679 2542 5746 ἀσεϐείαις,
2595 5682 2624 5733 6
2667 5680 2886 5750 Μιχαὴλ
2935 5681 3430 5750 καταϐαλλόμενος,
3464 5682 3609 5752 Ταχὺ
3644 5681 3746 5750 τὴν

2163 5765 2304 5837 ὲμὴν
2337 5770 2549 5840 μητέρα
2602 5770 2692 5822 καὶ
2744 5772 2840 5834 τὰς
2898 5770 3164 5840 ἀδελφὰς,
3219 5772 3354 5840 πρὸς
3403 5772 3492 5825 τὸν
3533 5771 3749 5824 δίκαιον
