4150 6298
493 355 591 418 511

1692 344 1992 409 ΝΙΕΕΤᾸΞ
2018 343 2551 407 PAPIILAGONIS

3670 344 3783 412 512

482 466 644 523 alteri
684 464 803 521 viro
834 473 1085 536 nuptam,
1114 462 1216 520 sibi
1255 477 1351 534 per
1385 458 1714 516 adulterium
1747 459 2074 531 desponderi

2182 455 2466 527 κοσμικῶν
2499 456 2778 526 ἀρχόντων
2808 454 3070 525 ἀκόσμως
3099 451 3248 525 αὐτῷ
3278 455 3373 510 καὶ
3400 454 3657 527 ἆθέσμως
3686 459 3775 513 ὲν-

483 562 694 616 veritus
714 568 798 615 est
823 576 839 614 :
868 558 963 613 sed
987 566 1179 614 contra
1208 556 1391 627 potius
1420 554 1879 620 exsultabuudus,
1912 554 2072 610 avide

486 658 940 727 impudenterque
982 656 1037 709 in
1074 654 1221 710 illius
1250 650 1593 722 complexum
1633 650 1775 719 ruit,
1815 650 2075 706 alienam-

486 764 593 816 que
633 758 895 818 tanquam
947 746 1222 818 propriam
1275 746 1453 816 palam
1501 743 1814 813 arrogavit,
1864 758 2073 814 suaque

485 839 710 895 infamia
748 850 803 895 et
838 839 1102 895 dedecore
1146 839 1507 910 gloriabatur,
1544 844 1601 893 et
1647 836 1978 892 laudabatur
2015 835 2072 891 in

486 934 774 1000 iniquitate
798 948 898 987 sua
926 949 941 998 ;
975 934 1227 1002 intraque
1258 947 1348 987 sex
1385 946 1491 986 non
1524 931 1761 1000 amplius
1781 930 1918 993 dies,
1954 944 2074 984 ma-

486 1025 649 1080 nibus
685 1025 968 1080 hominum
1006 1025 1275 1089 initiatus,
1307 1024 1653 1095 concupitam
1690 1024 1949 1079 Ecclesia:
1983 1037 2076 1077 ca-

484 1116 733 1171 thedram
781 1116 1007 1173 invasit.
1058 1115 1296 1185 Eratque
1343 1130 1471 1171 vere
1512 1130 1769 1179 cernere,
1804 1124 1863 1169 ut
1900 1112 2076 1169 fertur

485 1211 706 1281 adagio,
729 1209 1155 1280 extemporalem
1183 1208 1566 1279 lictitiumque,
1594 1223 1689 1264 seu
1721 1218 2075 1279 personatum

485 1312 760 1358 sanctum.
790 1300 923 1357 Nam
962 1303 1139 1371 primo
1170 1301 1256 1357 die
1278 1302 1585 1357 monachus
1608 1316 1672 1356 ex
1710 1301 1869 1366 laico,
1902 1302 2077 1358 altero

485 1394 680 1459 lector,
706 1404 818 1449 tum
842 1396 1273 1467 hypodiaconus,
1305 1410 1368 1451 ac
1394 1394 1659 1451 diaconus
1683 1395 2033 1466 etpresbyter
2059 1415 2073 1450 :

486 1494 643 1542 sexto
668 1485 882 1553 deinde,
909 1487 1000 1556 qui
1038 1485 1143 1541 fuit
1165 1486 1365 1541 Christi
1400 1484 1617 1547 natalis,
1638 1494 1692 1540 et
1715 1485 1830 1555 ipse
1856 1500 2074 1541 sacrum

484 1578 863 1633 conscendens
890 1577 1149 1639 tribunal,
1176 1591 1363 1647 pacem
1394 1577 1612 1659 pepulo,
1639 1576 1776 1633 nihil
1800 1592 1924 1633 vera
1944 1593 2081 1649 pace

485 1666 711 1737 dignum
754 1666 1022 1737 cogitans,
1065 1665 1358 1723 nuntiavit.

555 1920 689 1978 Erat
704 1921 834 1979 huic
858 1933 1049 1980 auctor
1071 1932 1126 1983 et
1153 1925 1400 1982 initiator
1428 1926 1479 1981 in
1500 1903 1757 1985 omnibus
1777 1928 2077 2001 Gregorius

483 2018 578 2075 ille
617 2031 980 2091 cognomento
1005 2022 1261 2091 Asbesta,
1294 2038 1457 2093 quem
1495 2023 1907 2094 Syracusanum
1944 2023 2074 2102 olim

483 2113 793 2183 pontificem
845 2112 1017 2169 fuisse
1068 2115 1270 2183 ferunt,
1323 2123 1440 2170 tum
1495 2115 1969 2186 Constantinopoli
2009 2115 2078 2171 de

486 2202 778 2259 maleficiis
811 2218 963 2260 reum
996 2204 1220 2263 factum.
1252 2211 1308 2259 et
1332 2204 1442 2272 jam
1476 2203 1681 2270 Romae,
1709 2204 1855 2276 quod
1882 2213 2078 2260 contra

484 2294 635 2367 leges
663 2305 719 2351 et
764 2297 1078 2352 sanctiones
1117 2297 1525 2353 ecclesiasticas
1570 2306 1871 2367 peccasset,
1910 2312 2080 2353 enu-

484 2399 782 2445 ctoratum.
816 2387 971 2443 llunc
1001 2388 1261 2460 lgnatius,
1284 2403 1409 2443 cum
1436 2396 1581 2444 esset
1606 2387 1913 2458 patriarcha
1942 2403 2079 2445 cou-

486 2478 814 2544 secrandus,
848 2494 914 2533 ne
951 2478 1247 2533 ittilialiOtti
1281 2493 1394 2534 sua:
1430 2478 1739 2545 interesset,
1768 2478 2076 2546 admonuit,

487 2569 661 2626 donec
686 2587 784 2642 per
812 2572 985 2626 otium
1015 2586 1181 2627 causa
1214 2570 1386 2640 ipsius
1409 2571 1696 2639 diligenter
1726 2586 2082 2642 cognoscere-

485 2669 600 2719 tur.
624 2662 778 2730 Quod
798 2662 1121 2734 patriarcha:
1137 2664 1277 2717 inter
1294 2662 1445 2718 initia
1467 2662 1672 2719 factum
1691 2663 1865 2730 multi,
1884 2679 2082 2735 quam-

485 2758 574 2814 vis
591 2756 739 2828 juste
768 2756 995 2822 factum,
1026 2756 1514 2827 reprehenderunt.

562 3020 726 3089 Hinc,
763 3039 799 3081 ο
829 3027 955 3095 quis
994 3040 1057 3080 ex
1088 3024 1177 3081 his
1209 3026 1404 3096 paucis
1436 3025 1619 3082 verbis
1652 3035 1831 3081 ortam
1869 3027 2079 3083 cladem

490 3114 641 3172 illam
670 3125 723 3171 et
754 3124 969 3171 noctem
1003 3115 1239 3185 explicet
1277 3114 1299 3169 ?
1330 3117 1453 3185 quis
1484 3116 1676 3173 turbas
1707 3125 1762 3172 et
1790 3115 2079 3181 factiones,

488 3207 725 3279 litesque
756 3216 812 3264 et
840 3208 1243 3279 improbitatem
1283 3208 1432 3263 illius
1474 3210 1629 3278 probi
1677 3209 1754 3280 (5)
1792 3208 1964 3265 Siculi
1995 3208 2082 3263 di-

490 3304 665 3360 cendo
688 3312 1013 3373 assequatur
1038 3302 1062 3357 ?
1100 3301 1273 3357 Simul
1302 3317 1367 3357 ac
1391 3302 1539 3358 enim
1569 3304 1687 3373 ejus
1718 3303 1793 3357 rei
1825 3304 2079 3359 nuntium

491 3394 725 3464 accepit,
752 3408 860 3447 nou
893 3408 953 3449 se
990 3393 1376 3463 philosophum
1417 3393 1675 3458 ostendit,
1706 3407 1762 3450 et
1795 3394 2080 3451 infamiam

492 3501 651 3541 suam
700 3485 998 3555 prudenter
1028 3485 1379 3557 dedecusque
1427 3488 1715 3553 contexit;
1749 3490 1843 3544 sed
1894 3504 2084 3545 cereos

493 3579 561 3633 de
595 3576 787 3647 Igualii
823 3579 1240 3634 consecratione
1274 3590 1527 3651 acceptos
1556 3581 1775 3650 ahjecit,
1803 3588 1860 3637 et
1901 3582 2082 3653 impu-

492 3671 816 3726 dentissimo
837 3686 934 3726 ore
961 3671 1300 3727 innocentem
1331 3688 1519 3729 coram
1553 3675 1808 3730 universa
1843 3674 2080 3730 Ecclesia

494 3764 795 3820 ftmlissime
822 3764 1185 3829 conviciatus,
1220 3766 1407 3835 lupum
1443 3782 1541 3836 pro
1569 3777 1789 3837 pastore
1819 3768 2081 3823 substitui

493 3859 703 3914 furiose
734 3858 1055 3913 clamitavit.
1092 3860 1262 3926 Quem
1296 3868 1353 3914 et
1387 3859 1580 3915 Petrus
1622 3860 1845 3932 quidam
1880 3860 2085 3917 Sardo-

494 3967 617 4006 rum
664 3950 952 4021 episcOpus
1008 3960 1373 4022 cognomento
1415 3950 1609 4018 Miser,
1661 3962 1716 4008 et
1765 3954 2084 4025 Eulampius

497 4044 771 4115 Apamea,
804 4045 1007 4114 aliique
1036 4059 1068 4098 e
1090 4045 1237 4099 clero
1263 4045 1614 4100 obscuriores
1646 4044 1666 4119 [
1691 4046 2082 4121 insigniores],

496 4140 707 4207 seipsos
744 4136 813 4191 ab
864 4133 1107 4191 Ecclesia
1142 4136 1260 4191 sine
1295 4150 1462 4192 causa
1495 4137 1867 4209 sejungentes,
1909 4141 2082 4196 secuti

498 4238 650 4285 sunt.

572 4322 835 4381 Undecim
893 4324 1059 4397 igitur
1108 4324 1281 4395 ipsius
1306 4326 1465 4380 annis
1506 4323 1747 4396 lgnatius
1787 4342 1817 4382 a
1870 4338 2083 4398 recepta

2171 551 2457 623 διδομένην
2494 550 2843 620 Ἐκκλησίαν,
2869 547 2980 603 οὐδ’
3002 548 3077 613 ὡς
3108 550 3279 620 ἑτέρῳ
3313 550 3467 621 ἀνδρὶ
3500 552 3775 624 καθηρμοο

2176 648 2390 717 σμένην
2429 644 2695 717 μοιχικῶς
2744 642 2926 714 ἑαυτῷ
2976 644 3390 712 κατεγγυᾶσθαι
3451 643 3773 716 ηὐλαϐήθη·

2175 738 2489 793 τούναντίον
2527 738 2626 808 μὲν
2654 731 2748 790 οὖν
2787 736 2883 789 καὶ
2916 734 3233 806 περιχαρῶς
3254 776 3270 801 ,
3308 734 3341 806 ἢ
3375 735 3611 800 ἀναιδῶς
3644 737 3768 807 μᾶλ-

2175 830 2290 896 λον,
2324 831 2730 902 κατησπάζετο,
2753 830 2850 884 καὶ
2881 828 2957 893 ὡς
2990 828 3128 893 ἰδίας
3152 829 3249 898 τῆς
3279 828 3565 901 ἀλλοτρίας
3594 830 3779 899 σαφῶς

2175 924 2537 984 ἀντεποιεῖτο,
2564 922 2660 975 καὶ
2683 920 2740 973 ὲν
2763 922 2829 991 τῇ
2867 917 3100 991 αἰσχύνῃ
3140 918 3308 973 αὑτοῦ
3348 919 3583 993 ἐγαυρία
3625 921 3779 986 δοξα-

2177 1016 2428 1089 ζόμενος,
2456 1015 2550 1070 καὶ
2575 1016 2633 1069 ἐν
2661 1016 2727 1087 τῇ
2752 1012 2937 1084 ἀδικία
2967 1012 3136 1067 αὑτοῦ
3186 1012 3549 1082 ὲνευλογεῑτο,
3583 1016 3678 1071 καὶ
3720 1017 3779 1071 ἑν

2177 1110 2239 1178 ἓξ
2277 1114 2397 1177 ταῖς
2425 1112 2578 1174 ὅλαις
2599 1108 2840 1180 ἡμέραις
2878 1108 3069 1178 χερσὶν
3114 1107 3421 1180 ἀνθρώπων
3462 1109 3778 1182 τιλειούμε-

2176 1220 2287 1267 νος,
2318 1201 2420 1269 τῆς
2442 1195 2886 1271 ὲπιθυμουμένης
2910 1194 3325 1267 ἐπελαμϐάνετο
3349 1195 3619 1269 καθέδρας
3639 1213 3653 1229 ο
3684 1186 3779 1251 καὶ

2176 1288 2244 1367 ἦν
2261 1293 2475 1363 άληθῶς
2489 1295 2696 1348 ἐκεῖνον
2710 1294 2844 1365 όρᾷν
2865 1292 3006 1364 αὒθή
3014 1309 3080 1362 με
3088 1309 3179 1363 ρον
3203 1291 3357 1360 ἅγιον
3382 1289 3774 1360 πλαττόμενον,

2178 1387 2320 1441 κατὰ
2343 1388 2439 1457 τὴν
2464 1386 2787 1459 παροιμίαν.
2813 1384 3012 1458 Πρώτη
3041 1387 3152 1455 γὰρ
3172 1383 3359 1456 ἡμέρᾳ
3384 1383 3619 1454 μοναχδς
3656 1384 3779 1439 ἀντὶ

2176 1476 2390 1546 λαῖκοῦ,
2412 1482 2478 1551 τῇ
2501 1479 2728 1550 δευτέρα
2745 1479 2801 1533 δὲ
2824 1479 3197 1547 ἁναγνώστης,
3222 1478 3317 1531 καὶ
3342 1474 3691 1539 ὖποδιάκονος
3708 1479 3775 1548 τῇ

2180 1571 2329 1641 ἑξῆς,
2355 1567 2477 1626 εἶτα
2503 1571 2775 1638 διάκονος,
2804 1569 2924 1626 εἶτα
2946 1570 3333 1642 πρεσϐύτερος
3353 1569 3543 1624 ἔπειτα
3559 1572 3625 1641 τῇ
3642 1571 3775 1642 ἕκτῃ

2181 1663 2443 1737 (Χριστοῦ
2480 1665 2536 1719 δὲ
2574 1660 2642 1737 ἦν
2672 1665 2739 1719 τά
2768 1662 3039 1734 γενέθλια)
3072 1665 3166 1717 καὶ
3192 1662 3354 1727 αὐτὸς
3402 1662 3482 1735 τῷ
3516 1664 3776 1737 ίερατικῷ

2099 1809 2149 1870 Β
2181 1759 2430 1831 προσϐὰς
2476 1760 2652 1834 θρόνῳ
2675 1799 2691 1823 ,
2736 1760 2837 1831 τὴν
2868 1761 3093 1832 εἰρήνην
3144 1757 3223 1830 τῷ
3271 1757 3385 1828 λαῷ
3410 1757 3766 1831 προσεφώνει,

2182 1854 2350 1926 μηδὲν
2379 1854 2478 1924 τῆς
2507 1851 2767 1923 ἀληθινῆς
2800 1854 3025 1924 εἰρήνης
3046 1852 3196 1918 ἄξιον
3225 1852 3575 1923 ἐννοούμενος

2248 1941 2359 2000 Ἦν
2385 1945 2444 1999 δὲ
2472 1943 2620 2015 αύτῷ
2646 1944 2960 2015 καθηγητὴς
2992 1946 3085 1998 καὶ
3107 1945 3479 2017 ἰεροτελεστὴς
3506 1947 3577 2001 τά
3599 1945 3771 2001 πάντα

2180 2034 2488 2108 Γρηγόριος
2517 2034 2727 2096 ἐκεῖνος
2753 2035 2781 2087 6
2805 2032 3141 2105 καλούμενος
3184 2034 3505 2111 ’Δσϐεστᾶς,
3556 2036 3615 2089 ὃν
3645 2053 3773 2091 ποτε

2177 2128 2274 2182 καὶ
2294 2124 2651 2200 Συρακούσης
2677 2123 2779 2196 μὲν
2810 2122 3115 2179 ἐπίσκοπον
3143 2124 3354 2196 ἔφασαν
3386 2126 3665 2194 γενέσθαι,
3688 2127 3777 2182 ἐπ’

2178 2218 2491 2291 ἐγκλήμασι
2510 2216 2568 2271 δέ
2594 2234 2738 2272 τισιν
2762 2217 2842 2280 εἰς
2867 2216 2928 2270 τὸ
2949 2216 3244 2282 Βυζάντιον
3271 2219 3776 2292 κατηγορούμενον,

2180 2312 2283 2385 ἥδη
2333 2312 2391 2365 δὲ
2423 2310 2519 2367 καὶ
2557 2310 2665 2366 ὑπὸ
2713 2311 2813 2380 τῆς
2842 2310 2950 2366 τῶν
2984 2311 3273 2383 Ῥωμαίων
3318 2313 3652 2387 Ἐκκλησίας
3702 2315 3781 2381 ὡς

2180 2404 2335 2477 παρὰ
2398 2404 2633 2468 κανόνας
2685 2403 2993 2476 πράξαντα,
3052 2404 3459 2481 καθῃρημένον.
3518 2408 3780 2478 Ἰγνάτιος

2180 2498 2306 2569 ἄρτι
2358 2495 2575 2570 πρῶτον
2639 2496 3063 2568 χειροτονεῖσθαι
3117 2498 3348 2566 μέλλων,
3395 2499 3469 2572 μὴ
3522 2502 3778 2572 παρεῖναι

2180 2588 2371 2643 τοῦτον
2402 2591 2469 2662 τῇ
2512 2588 2823 2660 χειροτονίᾳ
2870 2588 3235 2660 διεπέμψατο,
3264 2591 3423 2663 ἄχρις
3448 2586 3511 2646 οὗ
3542 2594 3613 2647 τά
3657 2592 3779 2648 κατ’

2182 2680 2371 2747 αὐτὸν,
2404 2680 2593 2750 φησὶν,
2644 2680 2741 2733 ἐπὶ
2780 2679 2978 2750 σχολῆς
3008 2680 3402 2753 ἀκριϐέστερον
3444 2682 3779 2754 διαγνωσθῇ.

2182 2772 2357 2829 Τοῦτο
2380 2776 2409 2828 6
2435 2773 2787 2845 πατριάρχης
2834 2774 2894 2826 ὲν
2933 2772 3193 2838 πρώτοις,
3225 2774 3286 2827 οὐ
3320 2776 3501 2842 καλῶς
3535 2777 3657 2848 μὲν,
3705 2776 3782 2842 ὥς

2182 2883 2249 2939 γε
2275 2867 2466 2921 δοκοῦν
2498 2868 2612 2931 τοῖς
2643 2865 2876 2931 πολλοῖς,
2912 2867 3160 2938 πέπραχε
3208 2868 3252 2923 δ’
3285 2865 3379 2923 οὖν
3417 2870 3571 2941 ὅμως
3614 2871 3674 2924 ὲν
3700 2870 3784 2925 διο

2184 2960 2472 3031 καιοσύνῃ.

2269 3051 2574 3118 Ἐντεῦθεν,
2597 3048 2642 3104 ὣ
2668 3049 2749 3115 τίς
2784 3050 2849 3104 ἂν
2875 3050 3081 3115 ἐξείποι
3124 3050 3224 3122 τὴν
3263 3051 3513 3125 ταραχὴν
3542 3053 3639 3108 καὶ
3681 3056 3783 3125 τὴν

2188 3142 2587 3215 σκοτόμαινανς
2616 3142 2702 3207 τίς
2740 3142 2839 3214 τὴν
2860 3143 2970 3196 ἀπὸ
3002 3142 3095 3197 τοῦ
3126 3145 3327 3216 μικροῦ
3353 3147 3595 3215 ῥήματος
3629 3146 3783 3215 φιλο·

2183 3233 2413 3296 νεικίαν.
2448 3235 2544 3287 καὶ
2573 3233 2709 3305 ἔριν,
2745 3232 2841 3287 καὶ
2879 3232 3246 3303 μνησικακίαν
3277 3232 3370 3285 τοῦ
3422 3229 3596 3284 δεινοῦ
3629 3231 3777 3283 ἐκείο

2181 3344 2275 3381 νον
2326 3324 2550 3380 Σικελοῦ
2601 3326 3002 3397 παραστησαις
3031 3324 3203 3388 Εὐθὺς
3238 3324 3345 3395 γὰρ
3386 3321 3644 3384 ἀκούσας,
3671 3321 3773 3374 οὐκ

2182 3417 2546 3489 ἑφιλοσόφησε
2600 3417 2736 3489 πρὸς
2792 3419 2893 3489 τὴν
2947 3417 3229 3487 ἀγγελίαν,
3294 3417 3355 3470 οὺ
3408 3415 3505 3485 τὴν
3539 3414 3673 3468 ἰδίαν
3696 3412 3770 3478 ὡς

2183 3514 2447 3584 φρόνιμος
2474 3509 2845 3581 συνεκάλυψεν
2869 3509 3156 3582 αἰσχύνην,
3191 3509 3317 3573 τοὺς
3354 3508 3445 3561 ἐπὶ
3478 3504 3782 3579 χειροτονίᾳ

2180 3604 2237 3658 δὲ
2268 3606 2472 3676 κηροὺς
2494 3603 2602 3659 τῶν
2631 3606 2795 3660 αὑτοῦ
2829 3605 3027 3678 χειρῶν
3051 3604 3385 3678 ἀπορρίψας,
3405 3604 3500 3655 καὶ
3531 3615 3785 3653 καταναιο

2183 3696 2535 3767 δευσάμενος,
2572 3699 2755 3766 πάσης
2784 3698 3016 3750 ἐνώπιον
3059 3698 3159 3768 τῆς
3206 3694 3505 3762 ἐκκλησίας
3541 3691 3784 3761 ἐσχάτως

2182 3788 2559 3862 διελοιδορεϊτο
2588 3790 2679 3843 τὸν
2710 3790 2976 3854 ἀναίτιον,
3008 3794 3102 3843 καὶ
3148 3788 3315 3843 λύκον
3366 3786 3491 3841 ἀντὶ
3526 3784 3784 3854 ποιμένος

2184 3881 2487 3936 ἐπεισιέναι
2543 3884 2611 3953 τῇ
2680 3882 2950 3955 ἐκκλησίᾳ
2981 3882 3263 3955 μανιωδῶς
3314 3878 3704 3953 διισχυρίζετο·
3734 3869 3779 3943 ᾧ

2186 3974 2279 4027 καὶ
2330 3974 2539 4044 Πέτρος
2573 3974 2603 4027 6
2658 3975 2931 4047 Σαρδέων,
2962 3978 2991 4029 6
3021 3975 3314 4047 λεγόμενος
3352 3973 3616 4038 Δείλαιος,
3648 3970 3777 4042 πρὸς

2184 4064 2243 4116 δὲ
2270 4066 2364 4117 καὶ
2393 4066 2421 4117 6
2454 4064 2760 4134 Ἀπαμείας
2794 4066 3131 4137 Εὺλάμπιος,
3190 4066 3285 4121 καὶ
3320 4064 3471 4119 ἄλλοι
3494 4064 3639 4126 τινὲς
3677 4060 3783 4114 τῶν

2188 4157 2551 4232 ἀσημοτέρων
2583 4156 2703 4229 [ἀν.
2741 4157 3151 4231 εύσημοτέρων]
3201 4159 3415 4212 εἵποντο
3483 4152 3780 4228 κληρικῶν,

2186 4250 2393 4318 ἀλόγως
2420 4251 2517 4319 τῆς
2558 4251 2888 4321 Ἐκκλησίας
2917 4251 3420 4323 ἀπορῤηγνύμενοι.

2270 4344 2360 4398 Ἐν
2384 4346 2523 4407 ὅλοις
2543 4344 2639 4415 μὲν
2658 4344 2751 4397 οὖν
2779 4344 2972 4398 ἕνδεκα
2997 4344 3212 4415 χρόνοις
3235 4343 3336 4414 τῆς
3366 4342 3593 4416 πρώτης
3616 4342 3782 4398 αὐτοῦ

499 4417 739 4488 primum
797 4419 925 4473 sede
968 4418 1608 4488 Constantinopolitana,
1660 4422 1812 4475 omni
1876 4422 2082 4477 ratione

2187 4439 2472 4510 ἱεραρχὶας
2499 4440 2527 4491 6
2556 4436 2813 4505 Ἰγνάτιος
2844 4436 3317 4509 ἀποπειρώμενος,
3350 4439 3443 4491 καὶ
3473 4439 3654 4491 πᾶσαν
3684 4436 3783 4508 μὲν

502 4520 752 4572 conatus.
788 4512 1047 4582 omnique
1081 4511 1368 4567 verborum
1404 4512 1744 4569 humanitate
1772 4521 1827 4568 et
1850 4514 2082 4569 liberali-

2197 4532 2397 4598 λόγων,
2426 4532 2607 4585 πᾶσαν
2634 4530 2690 4583 δὲ
2721 4529 2941 4601 δωρεῶν
2997 4530 3413 4601 προτεινόμενος
3449 4530 3783 4601 φιλοτιμίαν,

504 4609 611 4653 tate
633 4600 898 4665 adhibita,
926 4617 1203 4672 nunquam
1224 4613 1402 4656 tamen
1423 4603 1595 4672 potuit
1617 4592 1860 4694 Ksbestte
1884 4604 2092 4675 impro-

505 4694 726 4748 liitatem
775 4695 1142 4764 exstinguere.
1198 4694 1415 4749 Etenim
1473 4696 1845 4765 potentiorum
1902 4697 2091 4753 limina

501 4790 735 4852 terebat,
790 4791 935 4860 apud
968 4804 1158 4844 omnes
1190 4789 1365 4845 virum
1408 4791 1611 4845 nullam
1642 4791 1714 4846 ob
1740 4791 1952 4861 culpam
1980 4794 2092 4848 cri-

504 4882 839 4947 minabatur,
892 4890 947 4937 et
996 4882 1194 4937 acerbe
1247 4883 1516 4938 conviciis
1567 4881 1979 4952 proseindcbat,
2036 4892 2093 4939 et

504 4985 752 5031 sanctum
793 4984 1132 5041 exsecratus,
1184 4990 1251 5030 ne
1286 4975 1581 5030 Christiani
1621 4976 1840 5047 quidem
1889 4992 2093 5046 cognoo

506 5068 653 5123 mine
679 5066 1027 5137 dignabatur.
1058 5066 1370 5123 Przesertim
1409 5082 1539 5123 vero
1567 5067 1761 5124 Photio
1778 5068 2091 5125 Photianis-

505 5176 615 5231 que
639 5162 985 5232 gratissimus
1010 5161 1596 5231 honoratissimosque,
1622 5176 1853 5232 magnus
1868 5160 2091 5232 quidam

508 5254 673 5308 homo
700 5253 791 5309 Dei
817 5253 1157 5309 credebatur.
1194 5252 1375 5318 Quare
1408 5253 1477 5307 ab
1503 5253 1691 5307 eodem
1726 5254 1952 5310 Photius
1980 5255 2085 5325 pri-

506 5360 659 5400 mum
687 5355 772 5401 est
794 5346 1066 5410 initiatus;
1096 5348 1187 5417 qui
1206 5347 1445 5401 hominis
1469 5348 1791 5403 auctoritate
1812 5347 2092 5416 inductus,

510 5447 683 5494 totum
709 5456 774 5494 ex
809 5442 900 5494 illo
934 5443 1203 5495 adversus
1229 5442 1500 5495 insontem
1544 5442 1806 5509 lgnatium
1850 5441 2093 5498 furerent

509 5528 725 5584 hausit:
748 5531 972 5598 perinde
1002 5532 1158 5599 quasi
1182 5529 1247 5584 ad
1272 5531 1369 5583 hoc
1398 5530 1575 5600 ipsum
1611 5531 1920 5602 patriarcha
1951 5543 2097 5590 esset

510 5628 889 5685 consecratus,
918 5628 978 5674 ut
1010 5620 1270 5677 omnibus
1319 5621 1565 5677 consiliis
1590 5621 1879 5694 modisque
1912 5626 2093 5680 omni-

584 5796 664 5869 (5)
696 5796 800 5853 l‘ro
832 5800 1091 5869 improbi:
1126 5801 1206 5857 vel
1238 5801 1443 5859 dictum
1477 5818 1569 5873 per
1602 5802 1858 5871 ironiam,
1890 5801 2041 5859 liam:

2190 4623 2289 4693 οὐχ
2319 4617 2434 4685 οἷός
2462 4638 2524 4674 τε
2559 4622 2801 4690 ἐγεγόνει
2825 4623 2922 4693 τὴν
2947 4622 3041 4676 τοῦ
3082 4623 3352 4677 Ἀσϐεστᾶ
3376 4623 3581 4677 κακίαν
3624 4639 3786 4677 κατα-

2193 4714 2407 4769 σϐέσαι.
2435 4714 2698 4786 Διήρχετο
2750 4715 2927 4777 πάσας
2950 4717 3126 4781 οἰκίας
3152 4714 3261 4769 τῶν
3284 4714 3585 4780 δυναστῶν,
3609 4714 3787 4784 μάτην

2192 4805 2695 4877 διαλοιδορούμενος
2750 4808 2845 4861 καὶ
2890 4807 3163 4878 διασύρων
3220 4808 3458 4877 πικρῶς,
3517 4808 3611 4862 καί
3650 4808 3788 4879 μηδὲ

2190 4899 2518 4971 Χριστιανὸν
2544 4899 2830 4971 ὀνομάζειν
2853 4898 2943 4952 τὸν
2974 4900 3127 4969 ἅγιον
3157 4900 3186 4953 6
3205 4899 3405 4970 ἐναγὴς
3454 4898 3643 4964 ἀξιῶν,
3680 4900 3789 4970 μᾱο

2194 4991 2356 5046 λιστα
2393 4992 2450 5045 δὲ
2472 4992 2693 5048 πάντων
2717 4992 2870 5063 παρὰ
2899 4992 3088 5062 Φωτίῳ
3114 4995 3207 5046 καί.
3238 4997 3353 5057 τοῖς
3382 4993 3549 5048 αὑτοῦ
3586 5010 3789 5065 συγγε-

2194 5084 2311 5139 νέσι
2342 5084 2672 5156 τιμώμενος,
2712 5085 2885 5154 μέγας
2906 5104 2989 5151 τις
3028 5086 3315 5158 ἄνθρωπος
3349 5088 3443 5143 τοῦ
3486 5087 3623 5142 Θεοῦ
3654 5106 3814 5195 χρη-ι

2198 5174 2451 5246 ματίζειν
2512 5179 2864 5231 ὲπιστεύετο’
2909 5178 3033 5233 ὅθεν
3060 5182 3155 5234 καὶ
3216 5181 3344 5252 παρ’
3373 5181 3538 5237 αὐτοῦ
3571 5181 3789 5253 πρώτου

2194 5267 2593 5338 χειροτονηθεὶς
2623 5267 2652 5320 6
2687 5268 2913 5333 Φώτιος,
2966 5272 3030 5323 ἐκ
3078 5269 3180 5340 τῆς
3225 5273 3306 5335 εἰς
3339 5271 3503 5326 αὑτὸν
3550 5273 3789 5335 πίστεως

2198 5358 2327 5427 ὃλην
2356 5358 2451 5412 τοῦ
2498 5359 2688 5430 ἀνδρὸς
2714 5361 2854 5413 κατα
2890 5360 2983 5414 τοῦ
3019 5363 3265 5416 άναιτίον
3302 5363 3504 5433 μανίαν
3544 5347 3815 5433 ἐπεσπάσξ

2204 5466 2355 5503 σατο.
2385 5448 2494 5504 Καὶ
2522 5449 2709 5521 ὥσπερ
2737 5454 2816 5515 εἰς
2846 5452 2977 5505 αὐτὸ
3004 5451 3163 5505 τοῦτο
3191 5454 3539 5525 πατριάρχης
3568 5470 3791 5524 προχει-

2204 5541 2431 5612 ρισθεὶς,
2482 5542 2569 5596 ῖνα
2618 5543 2818 5608 πάσαις
2862 5544 3151 5609 ἐπινοίαις,
3208 5546 3430 5616 τρόποις
3488 5547 3643 5611 πᾶσι,
3699 5546 3793 5601 τὸν

2202 5631 2380 5688 ἀθῶον
2408 5636 2813 5708 τιμωρήσηται,
2844 5634 3020 5700 οὕτως
3055 5637 3369 5708 ηγωνίζετο,
3402 5640 3461 5696 οὐ
3500 5639 3598 5712 τῆς
3632 5642 3792 5712 ἱερω-

3800 5244 3812 5291 ἰ
