  <div class='ocr_page' id='page_1' title='image "/cluster/home/n/w/nwhite01/storage/ocr_20150623/105/mdp.39015008714183/264.png"; bbox 0 0 4150 6298; ppageno 0'>
   <div class='ocr_carea' id='block_1_1' title="bbox 418 370 525 439">
    <p class='ocr_par' dir='ltr' id='par_1_1' title="bbox 418 370 525 439">
     <span class='ocr_line' id='line_1_1' title="bbox 418 370 525 439; baseline -0.028 0"><span class='ocrx_word' id='word_1_1' title='bbox 418 370 525 439; x_wconf 80' lang='lat'><strong>513</strong></span> 
     </span>
    </p>
   </div>
   <div class='ocr_carea' id='block_1_2' title="bbox 1466 354 2624 424">
    <p class='ocr_par' dir='ltr' id='par_1_2' title="bbox 1466 354 2624 424">
     <span class='ocr_line' id='line_1_2' title="bbox 1466 354 2624 424; baseline 0 -2"><span class='ocrx_word' id='word_1_2' title='bbox 1466 354 1644 422; x_wconf 72' lang='grc' dir='ltr'><strong>νΙΤΑ</strong></span> <span class='ocrx_word' id='word_1_3' title='bbox 1678 357 1737 420; x_wconf 84' lang='lat' dir='ltr'><strong>S.</strong></span> <span class='ocrx_word' id='word_1_4' title='bbox 1781 358 2078 421; x_wconf 85' lang='lat' dir='ltr'><strong>IGNATII</strong></span> <span class='ocrx_word' id='word_1_5' title='bbox 2120 360 2230 424; x_wconf 70' lang='grc' dir='ltr'><strong>(ΣΡ.</strong></span> <span class='ocrx_word' id='word_1_6' title='bbox 2268 359 2624 423; x_wconf 82' lang='lat' dir='ltr'><strong>ARCHIEP.</strong></span> 
     </span>
    </p>
   </div>
   <div class='ocr_carea' id='block_1_3' title="bbox 3570 365 3674 432">
    <p class='ocr_par' dir='ltr' id='par_1_3' title="bbox 3570 365 3674 432">
     <span class='ocr_line' id='line_1_3' title="bbox 3570 365 3674 432; baseline 0 -1"><span class='ocrx_word' id='word_1_7' title='bbox 3570 365 3674 432; x_wconf 67' lang='grc' dir='ltr'><strong>ιιι</strong></span> 
     </span>
    </p>
   </div>
   <div class='ocr_carea' id='block_1_4' title="bbox 417 471 2004 554">
    <p class='ocr_par' dir='ltr' id='par_1_4' title="bbox 417 472 1999 554">
     <span class='ocr_line' id='line_1_4' title="bbox 417 472 1999 554; baseline -0.008 -13"><span class='ocrx_word' id='word_1_8' title='bbox 417 483 586 554; x_wconf 79' lang='grc' dir='ltr'>σύνης</span> <span class='ocrx_word' id='word_1_9' title='bbox 615 480 799 554; x_wconf 86' lang='grc' dir='ltr'>μόνον,</span> <span class='ocrx_word' id='word_1_10' title='bbox 850 476 990 535; x_wconf 83' lang='grc' dir='ltr'><strong>ἀλλά</strong></span> <span class='ocrx_word' id='word_1_11' title='bbox 1036 475 1134 533; x_wconf 68' lang='grc' dir='ltr'>καὶ</span> <span class='ocrx_word' id='word_1_12' title='bbox 1159 474 1333 548; x_wconf 72' lang='grc' dir='ltr'>αὐτῆς</span> <span class='ocrx_word' id='word_1_13' title='bbox 1362 473 1523 529; x_wconf 68' lang='grc' dir='ltr'>αὑτὸν</span> <span class='ocrx_word' id='word_1_14' title='bbox 1564 472 1917 539; x_wconf 74' lang='grc' dir='ltr'><strong>ἀπαλλάξειν,</strong></span> <span class='ocrx_word' id='word_1_15' title='bbox 1950 476 1999 528; x_wconf 73' lang='grc' dir='ltr'><strong>τί</strong></span> 
     </span>
    </p>
   </div>
   <div class='ocr_carea' id='block_1_5' title="bbox 2106 471 3682 554">
    <p class='ocr_par' dir='ltr' id='par_1_5' title="bbox 2106 471 3682 547">
     <span class='ocr_line' id='line_1_5' title="bbox 2106 471 3682 547; baseline 0.006 -17"><span class='ocrx_word' id='word_1_16' title='bbox 2106 476 2205 531; x_wconf 90' lang='lat' dir='ltr'><strong>bus</strong></span> <span class='ocrx_word' id='word_1_17' title='bbox 2231 475 2512 531; x_wconf 74' lang='lat' dir='ltr'><strong>innoxium</strong></span> <span class='ocrx_word' id='word_1_18' title='bbox 2535 474 2639 530; x_wconf 89' lang='lat' dir='ltr'><strong>iret</strong></span> <span class='ocrx_word' id='word_1_19' title='bbox 2662 471 2956 545; x_wconf 86' lang='lat' dir='ltr'><strong>perditum,</strong></span> <span class='ocrx_word' id='word_1_20' title='bbox 3011 473 3089 532; x_wconf 84' lang='lat' dir='ltr'><strong>sic</strong></span> <span class='ocrx_word' id='word_1_21' title='bbox 3121 474 3417 547; x_wconf 82' lang='lat' dir='ltr'><strong>pugnabat,</strong></span> <span class='ocrx_word' id='word_1_22' title='bbox 3442 485 3502 536; x_wconf 88' lang='lat' dir='ltr'><strong>ut</strong></span> <span class='ocrx_word' id='word_1_23' title='bbox 3527 479 3682 539; x_wconf 86' lang='lat' dir='ltr'><strong>illum</strong></span> 
     </span>
    </p>
   </div>
   <div class='ocr_carea' id='block_1_6' title="bbox 411 565 2000 645">
    <p class='ocr_par' dir='ltr' id='par_1_6' title="bbox 411 565 2000 645">
     <span class='ocr_line' id='line_1_6' title="bbox 411 565 2000 645; baseline -0.008 -11"><span class='ocrx_word' id='word_1_24' title='bbox 411 576 661 643; x_wconf 83' lang='grc' dir='ltr'>δυνατὸν,</span> <span class='ocrx_word' id='word_1_25' title='bbox 692 575 791 645; x_wconf 80' lang='grc' dir='ltr'>τῆς</span> <span class='ocrx_word' id='word_1_26' title='bbox 819 572 966 642; x_wconf 77' lang='grc' dir='ltr'>ζωῆς</span> <span class='ocrx_word' id='word_1_27' title='bbox 986 588 1001 602; x_wconf 88' lang='grc'><strong>·</strong></span> <span class='ocrx_word' id='word_1_28' title='bbox 1033 569 1212 625; x_wconf 87' lang='grc' dir='ltr'>καίτοι</span> <span class='ocrx_word' id='word_1_29' title='bbox 1236 586 1301 638; x_wconf 86' lang='grc' dir='ltr'><strong>γε</strong></span> <span class='ocrx_word' id='word_1_30' title='bbox 1326 566 1666 639; x_wconf 81' lang='grc' dir='ltr'>χειρόγραφα</span> <span class='ocrx_word' id='word_1_31' title='bbox 1718 566 1867 638; x_wconf 82' lang='grc' dir='ltr'>παρὰ</span> <span class='ocrx_word' id='word_1_32' title='bbox 1890 565 2000 622; x_wconf 81' lang='grc' dir='ltr'>τῶν</span> 
     </span>
    </p>
   </div>
   <div class='ocr_carea' id='block_1_7' title="bbox 416 662 2003 739">
    <p class='ocr_par' dir='ltr' id='par_1_7' title="bbox 416 662 2003 739">
     <span class='ocr_line' id='line_1_7' title="bbox 416 662 2003 739; baseline -0.008 -14"><span class='ocrx_word' id='word_1_33' title='bbox 416 666 862 739; x_wconf 71' lang='grc' dir='ltr'><strong>καταδεχομένων</strong></span> <span class='ocrx_word' id='word_1_34' title='bbox 886 664 1050 719; x_wconf 77' lang='grc' dir='ltr'>αὐτὸν</span> <span class='ocrx_word' id='word_1_35' title='bbox 1075 662 1343 734; x_wconf 85' lang='grc' dir='ltr'>πρότερον</span> <span class='ocrx_word' id='word_1_36' title='bbox 1372 663 1701 733; x_wconf 79' lang='grc' dir='ltr'>ἀπαιτηθεὶς</span> <span class='ocrx_word' id='word_1_37' title='bbox 1731 675 2003 731; x_wconf 80' lang='grc' dir='ltr'>μητροπο-</span> 
     </span>
    </p>
   </div>
   <div class='ocr_carea' id='block_1_8' title="bbox 415 753 1998 831">
    <p class='ocr_par' dir='ltr' id='par_1_8' title="bbox 415 753 1998 831">
     <span class='ocr_line' id='line_1_8' title="bbox 415 753 1998 831; baseline -0.011 -11"><span class='ocrx_word' id='word_1_38' title='bbox 415 761 757 831; x_wconf 82' lang='grc' dir='ltr'>λιτῶν,ὥστε</span> <span class='ocrx_word' id='word_1_39' title='bbox 788 757 1059 830; x_wconf 79' lang='grc' dir='ltr'>πατρικὴν</span> <span class='ocrx_word' id='word_1_40' title='bbox 1079 756 1380 827; x_wconf 78' lang='grc' dir='ltr'><strong>ἀπονέμειν</strong></span> <span class='ocrx_word' id='word_1_41' title='bbox 1421 754 1498 827; x_wconf 78' lang='grc' dir='ltr'>τῷ</span> <span class='ocrx_word' id='word_1_42' title='bbox 1539 753 1788 825; x_wconf 83' lang='grc' dir='ltr'>ἰγνατίῳ</span> <span class='ocrx_word' id='word_1_43' title='bbox 1812 755 1998 822; x_wconf 81' lang='grc' dir='ltr'>τιμὴν,</span> 
     </span>
    </p>
   </div>
   <div class='ocr_carea' id='block_1_9' title="bbox 417 840 2001 921">
    <p class='ocr_par' dir='ltr' id='par_1_9' title="bbox 417 840 2001 921">
     <span class='ocr_line' id='line_1_9' title="bbox 417 840 2001 921; baseline -0.012 -8"><span class='ocrx_word' id='word_1_44' title='bbox 417 858 513 913; x_wconf 73' lang='grc' dir='ltr'><strong>καὶ</strong></span> <span class='ocrx_word' id='word_1_45' title='bbox 540 856 718 910; x_wconf 83' lang='grc' dir='ltr'>πάντα</span> <span class='ocrx_word' id='word_1_46' title='bbox 746 851 890 907; x_wconf 85' lang='grc' dir='ltr'><strong>κατά</strong></span> <span class='ocrx_word' id='word_1_47' title='bbox 915 850 1170 921; x_wconf 77' lang='grc' dir='ltr'>βούλησιν</span> <span class='ocrx_word' id='word_1_48' title='bbox 1198 845 1367 902; x_wconf 69' lang='grc' dir='ltr'>αὐτοῦ</span> <span class='ocrx_word' id='word_1_49' title='bbox 1406 845 1560 918; x_wconf 81' lang='grc' dir='ltr'>δρᾷν,</span> <span class='ocrx_word' id='word_1_50' title='bbox 1596 845 1691 899; x_wconf 75' lang='grc' dir='ltr'>καὶ</span> <span class='ocrx_word' id='word_1_51' title='bbox 1718 846 1775 896; x_wconf 89' lang='grc' dir='ltr'><strong>ἐν</strong></span> <span class='ocrx_word' id='word_1_52' title='bbox 1810 840 2001 913; x_wconf 74' lang='grc' dir='ltr'>μηδενὶ</span> 
     </span>
    </p>
   </div>
   <div class='ocr_carea' id='block_1_10' title="bbox 416 931 2001 1018">
    <p class='ocr_par' dir='ltr' id='par_1_10' title="bbox 416 931 2001 1018">
     <span class='ocr_line' id='line_1_10' title="bbox 416 931 2001 1018; baseline -0.011 -16"><span class='ocrx_word' id='word_1_53' title='bbox 416 947 604 1002; x_wconf 82' lang='grc' dir='ltr'>τοῦτον</span> <span class='ocrx_word' id='word_1_54' title='bbox 632 943 994 1018; x_wconf 78' lang='grc' dir='ltr'><strong>παραλυπεῖν.</strong></span> <span class='ocrx_word' id='word_1_55' title='bbox 1054 937 1222 994; x_wconf 77' lang='grc' dir='ltr'>Οὕπω</span> <span class='ocrx_word' id='word_1_56' title='bbox 1250 936 1311 990; x_wconf 84' lang='grc' dir='ltr'><strong>δέ</strong></span> <span class='ocrx_word' id='word_1_57' title='bbox 1350 937 1489 1008; x_wconf 79' lang='grc' dir='ltr'><strong>μετά</strong></span> <span class='ocrx_word' id='word_1_58' title='bbox 1534 935 1634 1002; x_wconf 80' lang='grc' dir='ltr'>τὴν</span> <span class='ocrx_word' id='word_1_59' title='bbox 1667 931 2001 1007; x_wconf 76' lang='grc' dir='ltr'>χειροτονίαν</span> 
     </span>
    </p>
   </div>
   <div class='ocr_carea' id='block_1_11' title="bbox 415 1025 2004 1109">
    <p class='ocr_par' dir='ltr' id='par_1_11' title="bbox 415 1025 2004 1109">
     <span class='ocr_line' id='line_1_11' title="bbox 415 1025 2004 1109; baseline -0.011 -16"><span class='ocrx_word' id='word_1_60' title='bbox 415 1039 509 1093; x_wconf 83' lang='grc' dir='ltr'><strong>δύο</strong></span> <span class='ocrx_word' id='word_1_61' title='bbox 540 1039 709 1109; x_wconf 77' lang='grc' dir='ltr'>μῆνες</span> <span class='ocrx_word' id='word_1_62' title='bbox 753 1031 1057 1102; x_wconf 79' lang='grc' dir='ltr'>παρῆλθον,</span> <span class='ocrx_word' id='word_1_63' title='bbox 1100 1031 1193 1084; x_wconf 72' lang='grc' dir='ltr'><strong>καὶ</strong></span> <span class='ocrx_word' id='word_1_64' title='bbox 1241 1028 1403 1090; x_wconf 75' lang='grc' dir='ltr'>αὐτὸς</span> <span class='ocrx_word' id='word_1_65' title='bbox 1437 1027 1562 1091; x_wconf 83' lang='grc' dir='ltr'>τοὺς</span> <span class='ocrx_word' id='word_1_66' title='bbox 1579 1027 1777 1095; x_wconf 79' lang='grc' dir='ltr'>ὅρκους</span> <span class='ocrx_word' id='word_1_67' title='bbox 1806 1025 2004 1096; x_wconf 76' lang='grc' dir='ltr'>ὴθετη-</span> 
     </span>
    </p>
   </div>
   <div class='ocr_carea' id='block_1_12' title="bbox 414 1116 1998 1202">
    <p class='ocr_par' dir='ltr' id='par_1_12' title="bbox 414 1116 1998 1202">
     <span class='ocr_line' id='line_1_12' title="bbox 414 1116 1998 1202; baseline -0.011 -16"><span class='ocrx_word' id='word_1_68' title='bbox 414 1130 550 1199; x_wconf 86' lang='grc' dir='ltr'>κὼς,</span> <span class='ocrx_word' id='word_1_69' title='bbox 570 1129 784 1202; x_wconf 87' lang='grc' dir='ltr'>πρῶτον</span> <span class='ocrx_word' id='word_1_70' title='bbox 804 1126 904 1198; x_wconf 85' lang='grc' dir='ltr'><strong>μὲν</strong></span> <span class='ocrx_word' id='word_1_71' title='bbox 918 1126 1045 1189; x_wconf 83' lang='grc' dir='ltr'>τοὺς</span> <span class='ocrx_word' id='word_1_72' title='bbox 1067 1124 1160 1177; x_wconf 70' lang='grc' dir='ltr'><strong>ἐπὶ</strong></span> <span class='ocrx_word' id='word_1_73' title='bbox 1179 1121 1279 1193; x_wconf 81' lang='grc' dir='ltr'><strong>τῆς</strong></span> <span class='ocrx_word' id='word_1_74' title='bbox 1300 1120 1595 1191; x_wconf 72' lang='grc' dir='ltr'><strong>ἐκκλησίας</strong></span> <span class='ocrx_word' id='word_1_75' title='bbox 1612 1116 1998 1185; x_wconf 79' lang='grc' dir='ltr'><strong>τεταγμένους,</strong></span> 
     </span>
    </p>
   </div>
   <div class='ocr_carea' id='block_1_13' title="bbox 412 1210 1999 1290">
    <p class='ocr_par' dir='ltr' id='par_1_13' title="bbox 412 1210 1999 1290">
     <span class='ocr_line' id='line_1_13' title="bbox 412 1210 1999 1290; baseline -0.011 -11"><span class='ocrx_word' id='word_1_76' title='bbox 412 1226 572 1287; x_wconf 76' lang='grc' dir='ltr'>ὅσους</span> <span class='ocrx_word' id='word_1_77' title='bbox 601 1220 963 1290; x_wconf 76' lang='grc' dir='ltr'>οἰκειοτέρους</span> <span class='ocrx_word' id='word_1_78' title='bbox 1002 1215 1227 1288; x_wconf 78' lang='grc' dir='ltr'>εὕρισκε</span> <span class='ocrx_word' id='word_1_79' title='bbox 1263 1214 1357 1269; x_wconf 80' lang='grc' dir='ltr'>τοῦ</span> <span class='ocrx_word' id='word_1_80' title='bbox 1413 1210 1774 1283; x_wconf 77' lang='grc' dir='ltr'>πατριάρχου,</span> <span class='ocrx_word' id='word_1_81' title='bbox 1829 1226 1999 1263; x_wconf 85' lang='grc' dir='ltr'>κατα-</span> 
     </span>
    </p>
   </div>
   <div class='ocr_carea' id='block_1_14' title="bbox 414 1301 2001 1382">
    <p class='ocr_par' dir='ltr' id='par_1_14' title="bbox 414 1301 2001 1382">
     <span class='ocr_line' id='line_1_14' title="bbox 414 1301 2001 1382; baseline -0.009 -12"><span class='ocrx_word' id='word_1_82' title='bbox 414 1316 632 1382; x_wconf 79' lang='grc' dir='ltr'><strong>κλείων,</strong></span> <span class='ocrx_word' id='word_1_83' title='bbox 665 1314 756 1367; x_wconf 75' lang='grc' dir='ltr'><strong>καὶ</strong></span> <span class='ocrx_word' id='word_1_84' title='bbox 786 1311 1065 1381; x_wconf 71' lang='grc' dir='ltr'><strong>αἰκισμοῖς</strong></span> <span class='ocrx_word' id='word_1_85' title='bbox 1094 1308 1289 1379; x_wconf 79' lang='grc' dir='ltr'><strong>βιαίοις</strong></span> <span class='ocrx_word' id='word_1_86' title='bbox 1316 1305 1412 1361; x_wconf 76' lang='grc' dir='ltr'><strong>καὶ</strong></span> <span class='ocrx_word' id='word_1_87' title='bbox 1438 1304 1658 1377; x_wconf 73' lang='grc' dir='ltr'>μάστιξι</span> <span class='ocrx_word' id='word_1_88' title='bbox 1687 1301 2001 1366; x_wconf 66' lang='grc' dir='ltr'>καταικιζόδ</span> 
     </span>
    </p>
   </div>
   <div class='ocr_carea' id='block_1_15' title="bbox 417 1396 1997 1480">
    <p class='ocr_par' dir='ltr' id='par_1_15' title="bbox 417 1396 1997 1480">
     <span class='ocr_line' id='line_1_15' title="bbox 417 1396 1997 1480; baseline -0.01 -17"><span class='ocrx_word' id='word_1_89' title='bbox 417 1426 576 1480; x_wconf 86' lang='grc' dir='ltr'>μενος</span> <span class='ocrx_word' id='word_1_90' title='bbox 600 1425 615 1442; x_wconf 78' lang='grc' dir='ltr'><strong><em>ο</em></strong></span> <span class='ocrx_word' id='word_1_91' title='bbox 644 1408 742 1462; x_wconf 72' lang='grc' dir='ltr'><strong>καὶ</strong></span> <span class='ocrx_word' id='word_1_92' title='bbox 770 1403 1084 1459; x_wconf 73' lang='grc' dir='ltr'>κολακεύων</span> <span class='ocrx_word' id='word_1_93' title='bbox 1115 1401 1173 1455; x_wconf 82' lang='grc' dir='ltr'><strong>δέ</strong></span> <span class='ocrx_word' id='word_1_94' title='bbox 1199 1400 1383 1461; x_wconf 87' lang='grc' dir='ltr'>πάλιν,</span> <span class='ocrx_word' id='word_1_95' title='bbox 1408 1400 1502 1453; x_wconf 74' lang='grc' dir='ltr'><strong>καὶ</strong></span> <span class='ocrx_word' id='word_1_96' title='bbox 1526 1398 1677 1468; x_wconf 80' lang='grc' dir='ltr'>δῶρα</span> <span class='ocrx_word' id='word_1_97' title='bbox 1700 1396 1997 1468; x_wconf 77' lang='grc' dir='ltr'>προτείνων</span> 
     </span>
    </p>
   </div>
   <div class='ocr_carea' id='block_1_16' title="bbox 412 1487 2001 1571">
    <p class='ocr_par' dir='ltr' id='par_1_16' title="bbox 412 1487 2001 1571">
     <span class='ocr_line' id='line_1_16' title="bbox 412 1487 2001 1571; baseline -0.01 -15"><span class='ocrx_word' id='word_1_98' title='bbox 412 1502 510 1556; x_wconf 72' lang='grc' dir='ltr'><strong>καὶ</strong></span> <span class='ocrx_word' id='word_1_99' title='bbox 539 1498 846 1571; x_wconf 63' lang='grc' dir='ltr'>προκοπὰς,</span> <span class='ocrx_word' id='word_1_100' title='bbox 873 1496 966 1550; x_wconf 75' lang='grc' dir='ltr'><strong>καὶ</strong></span> <span class='ocrx_word' id='word_1_101' title='bbox 997 1494 1337 1567; x_wconf 75' lang='grc' dir='ltr'>χειρόγραφα</span> <span class='ocrx_word' id='word_1_102' title='bbox 1379 1490 1646 1555; x_wconf 84' lang='grc' dir='ltr'>ἀπαιτῶν,</span> <span class='ocrx_word' id='word_1_103' title='bbox 1680 1490 1775 1543; x_wconf 78' lang='grc' dir='ltr'><strong>καὶ</strong></span> <span class='ocrx_word' id='word_1_104' title='bbox 1810 1490 1943 1542; x_wconf 77' lang='grc' dir='ltr'>πᾶσι</span> <span class='ocrx_word' id='word_1_105' title='bbox 1967 1487 2001 1523; x_wconf 63' lang='grc'><strong>’⁸</strong></span> 
     </span>
    </p>
   </div>
   <div class='ocr_carea' id='block_1_17' title="bbox 410 1582 2000 1664">
    <p class='ocr_par' dir='ltr' id='par_1_17' title="bbox 410 1582 2000 1664">
     <span class='ocr_line' id='line_1_17' title="bbox 410 1582 2000 1664; baseline -0.008 -15"><span class='ocrx_word' id='word_1_106' title='bbox 410 1594 554 1649; x_wconf 84' lang='grc' dir='ltr'>ὥστε</span> <span class='ocrx_word' id='word_1_107' title='bbox 605 1593 839 1664; x_wconf 72' lang='grc' dir='ltr'>πέμψαι,</span> <span class='ocrx_word' id='word_1_108' title='bbox 872 1590 965 1644; x_wconf 81' lang='grc' dir='ltr'><strong>καὶ</strong></span> <span class='ocrx_word' id='word_1_109' title='bbox 995 1589 1220 1660; x_wconf 76' lang='grc' dir='ltr'>ἔρευναν</span> <span class='ocrx_word' id='word_1_110' title='bbox 1249 1585 1452 1658; x_wconf 78' lang='grc' dir='ltr'>ἀκριϐῆ</span> <span class='ocrx_word' id='word_1_111' title='bbox 1496 1583 1823 1654; x_wconf 81' lang='grc' dir='ltr'>ποιήσασθαι</span> <span class='ocrx_word' id='word_1_112' title='bbox 1861 1582 2000 1636; x_wconf 85' lang='grc' dir='ltr'><strong>κατά</strong></span> 
     </span>
    </p>
   </div>
   <div class='ocr_carea' id='block_1_18' title="bbox 409 1673 2001 1755">
    <p class='ocr_par' dir='ltr' id='par_1_18' title="bbox 409 1673 2001 1755">
     <span class='ocr_line' id='line_1_18' title="bbox 409 1673 2001 1755; baseline -0.011 -14"><span class='ocrx_word' id='word_1_113' title='bbox 409 1687 506 1741; x_wconf 82' lang='grc' dir='ltr'>τοῦ</span> <span class='ocrx_word' id='word_1_114' title='bbox 533 1686 829 1755; x_wconf 64' lang='grc' dir='ltr'>ζίγνατίου,</span> <span class='ocrx_word' id='word_1_115' title='bbox 861 1683 935 1747; x_wconf 86' lang='grc' dir='ltr'>ὡς</span> <span class='ocrx_word' id='word_1_116' title='bbox 966 1681 1131 1736; x_wconf 76' lang='grc' dir='ltr'>αὐτοῦ</span> <span class='ocrx_word' id='word_1_117' title='bbox 1165 1679 1340 1750; x_wconf 89' lang='grc' dir='ltr'>λάθρα</span> <span class='ocrx_word' id='word_1_118' title='bbox 1379 1678 1699 1749; x_wconf 81' lang='grc' dir='ltr'>τυρεύοντος</span> <span class='ocrx_word' id='word_1_119' title='bbox 1730 1674 1872 1728; x_wconf 87' lang='grc' dir='ltr'><strong>κατά</strong></span> <span class='ocrx_word' id='word_1_120' title='bbox 1900 1673 2001 1743; x_wconf 79' lang='grc' dir='ltr'>τῆς</span> 
     </span>
    </p>
   </div>
   <div class='ocr_carea' id='block_1_19' title="bbox 412 1767 1999 1854">
    <p class='ocr_par' dir='ltr' id='par_1_19' title="bbox 412 1767 1999 1854">
     <span class='ocr_line' id='line_1_19' title="bbox 412 1767 1999 1854; baseline -0.009 -19"><span class='ocrx_word' id='word_1_121' title='bbox 412 1781 708 1854; x_wconf 70' lang='grc' dir='ltr'>βασιλείας.</span> <span class='ocrx_word' id='word_1_122' title='bbox 750 1778 927 1841; x_wconf 73' lang='grc' dir='ltr'>Εὐθὺς</span> <span class='ocrx_word' id='word_1_123' title='bbox 956 1775 1051 1830; x_wconf 78' lang='grc' dir='ltr'><strong>οὖν</strong></span> <span class='ocrx_word' id='word_1_124' title='bbox 1075 1776 1332 1846; x_wconf 77' lang='grc' dir='ltr'>ἄρχοντες</span> <span class='ocrx_word' id='word_1_125' title='bbox 1363 1773 1592 1842; x_wconf 80' lang='grc' dir='ltr'>ἀπηνεῖς</span> <span class='ocrx_word' id='word_1_126' title='bbox 1623 1769 1720 1824; x_wconf 77' lang='grc' dir='ltr'><strong>καὶ</strong></span> <span class='ocrx_word' id='word_1_127' title='bbox 1744 1767 1999 1840; x_wconf 83' lang='grc' dir='ltr'>στρατιῶ-</span> 
     </span>
    </p>
   </div>
   <div class='ocr_carea' id='block_1_20' title="bbox 2107 568 3686 638">
    <p class='ocr_par' dir='ltr' id='par_1_20' title="bbox 2107 568 3686 638">
     <span class='ocr_line' id='line_1_20' title="bbox 2107 568 3686 638; baseline 0.004 -15"><span class='ocrx_word' id='word_1_128' title='bbox 2107 584 2218 623; x_wconf 90' lang='lat' dir='ltr'><strong>non</strong></span> <span class='ocrx_word' id='word_1_129' title='bbox 2253 569 2561 625; x_wconf 85' lang='lat' dir='ltr'><strong>sacerdotio</strong></span> <span class='ocrx_word' id='word_1_130' title='bbox 2606 577 2815 624; x_wconf 86' lang='lat' dir='ltr'><strong>tantum</strong></span> <span class='ocrx_word' id='word_1_131' title='bbox 2849 568 3103 638; x_wconf 88' lang='lat' dir='ltr'><strong>privaret,</strong></span> <span class='ocrx_word' id='word_1_132' title='bbox 3139 569 3234 624; x_wconf 89' lang='lat' dir='ltr'><strong>sed</strong></span> <span class='ocrx_word' id='word_1_133' title='bbox 3264 569 3371 625; x_wconf 87' lang='lat' dir='ltr'><strong>vita</strong></span> <span class='ocrx_word' id='word_1_134' title='bbox 3417 572 3606 636; x_wconf 85' lang='lat' dir='ltr'><strong>etiam,</strong></span> <span class='ocrx_word' id='word_1_135' title='bbox 3637 576 3686 630; x_wconf 99' lang='lat' dir='ltr'><strong>si</strong></span> 
     </span>
    </p>
   </div>
   <div class='ocr_carea' id='block_1_21' title="bbox 2105 660 3687 737">
    <p class='ocr_par' dir='ltr' id='par_1_21' title="bbox 2105 660 3687 737">
     <span class='ocr_line' id='line_1_21' title="bbox 2105 660 3687 737; baseline 0.003 -21"><span class='ocrx_word' id='word_1_136' title='bbox 2105 670 2314 732; x_wconf 86' lang='lat' dir='ltr'><strong>posset,</strong></span> <span class='ocrx_word' id='word_1_137' title='bbox 2347 671 2608 717; x_wconf 79' lang='lat' dir='ltr'><strong>exueret:</strong></span> <span class='ocrx_word' id='word_1_138' title='bbox 2642 661 2766 717; x_wconf 86' lang='lat' dir='ltr'><strong>licet</strong></span> <span class='ocrx_word' id='word_1_139' title='bbox 2786 669 2969 716; x_wconf 89' lang='lat' dir='ltr'><strong>essent</strong></span> <span class='ocrx_word' id='word_1_140' title='bbox 2994 660 3064 715; x_wconf 90' lang='lat' dir='ltr'><strong>ab</strong></span> <span class='ocrx_word' id='word_1_141' title='bbox 3090 674 3157 716; x_wconf 91' lang='lat' dir='ltr'><strong>eo</strong></span> <span class='ocrx_word' id='word_1_142' title='bbox 3196 676 3294 731; x_wconf 86' lang='lat' dir='ltr'><strong>per</strong></span> <span class='ocrx_word' id='word_1_143' title='bbox 3314 663 3687 737; x_wconf 84' lang='lat' dir='ltr'><strong>metropolitas</strong></span> 
     </span>
    </p>
   </div>
   <div class='ocr_carea' id='block_1_22' title="bbox 2107 755 3683 826">
    <p class='ocr_par' dir='ltr' id='par_1_22' title="bbox 2107 755 3683 826">
     <span class='ocr_line' id='line_1_22' title="bbox 2107 755 3683 826; baseline -0.001 -15"><span class='ocrx_word' id='word_1_144' title='bbox 2107 771 2278 821; x_wconf 84' lang='lat' dir='ltr'><strong>suos,</strong></span> <span class='ocrx_word' id='word_1_145' title='bbox 2309 770 2339 809; x_wconf 90' lang='lat' dir='ltr'><strong>a</strong></span> <span class='ocrx_word' id='word_1_146' title='bbox 2380 756 2579 826; x_wconf 82' lang='lat' dir='ltr'><strong>quibus</strong></span> <span class='ocrx_word' id='word_1_147' title='bbox 2608 764 2690 811; x_wconf 89' lang='lat' dir='ltr'><strong>est</strong></span> <span class='ocrx_word' id='word_1_148' title='bbox 2738 764 3008 825; x_wconf 89' lang='lat' dir='ltr'><strong>receptus,</strong></span> <span class='ocrx_word' id='word_1_149' title='bbox 3052 766 3244 810; x_wconf 83' lang='lat' dir='ltr'><strong>exacta</strong></span> <span class='ocrx_word' id='word_1_150' title='bbox 3285 755 3683 826; x_wconf 80' lang='lat' dir='ltr'><strong>chirographa:</strong></span> 
     </span>
    </p>
   </div>
   <div class='ocr_carea' id='block_1_23' title="bbox 2107 848 3689 923">
    <p class='ocr_par' dir='ltr' id='par_1_23' title="bbox 2107 848 3689 923">
     <span class='ocr_line' id='line_1_23' title="bbox 2107 848 3689 923; baseline 0.003 -21"><span class='ocrx_word' id='word_1_151' title='bbox 2107 857 2167 902; x_wconf 79' lang='grc' dir='ltr'>ιη</span> <span class='ocrx_word' id='word_1_152' title='bbox 2195 858 2482 920; x_wconf 88' lang='lat' dir='ltr'><strong>paternum</strong></span> <span class='ocrx_word' id='word_1_153' title='bbox 2514 849 2723 919; x_wconf 86' lang='lat' dir='ltr'><strong>lgnatio</strong></span> <span class='ocrx_word' id='word_1_154' title='bbox 2763 848 3023 905; x_wconf 93' lang='lat' dir='ltr'><strong>honorem</strong></span> <span class='ocrx_word' id='word_1_155' title='bbox 3065 848 3350 916; x_wconf 89' lang='lat' dir='ltr'><strong>tribueret,</strong></span> <span class='ocrx_word' id='word_1_156' title='bbox 3390 850 3689 923; x_wconf 80' lang='lat' dir='ltr'><strong>omniaque</strong></span> 
     </span>
    </p>
   </div>
   <div class='ocr_carea' id='block_1_24' title="bbox 2105 942 3686 1014">
    <p class='ocr_par' dir='ltr' id='par_1_24' title="bbox 2105 942 3686 1014">
     <span class='ocr_line' id='line_1_24' title="bbox 2105 942 3686 1014; baseline 0 -15"><span class='ocrx_word' id='word_1_157' title='bbox 2105 958 2171 999; x_wconf 84' lang='lat' dir='ltr'><strong>ex</strong></span> <span class='ocrx_word' id='word_1_158' title='bbox 2205 943 2326 1014; x_wconf 86' lang='lat' dir='ltr'><strong>ejus</strong></span> <span class='ocrx_word' id='word_1_159' title='bbox 2355 944 2634 998; x_wconf 71' lang='lat' dir='ltr'><strong>voluntate</strong></span> <span class='ocrx_word' id='word_1_160' title='bbox 2675 951 2905 1013; x_wconf 77' lang='lat' dir='ltr'><strong>gereret,</strong></span> <span class='ocrx_word' id='word_1_161' title='bbox 2948 956 3049 998; x_wconf 87' lang='lat' dir='ltr'><strong>nec</strong></span> <span class='ocrx_word' id='word_1_162' title='bbox 3088 942 3197 997; x_wconf 90' lang='lat' dir='ltr'><strong>ulla</strong></span> <span class='ocrx_word' id='word_1_163' title='bbox 3229 942 3284 998; x_wconf 91' lang='lat' dir='ltr'><strong>in</strong></span> <span class='ocrx_word' id='word_1_164' title='bbox 3330 958 3392 999; x_wconf 89' lang='lat' dir='ltr'><strong>re</strong></span> <span class='ocrx_word' id='word_1_165' title='bbox 3423 944 3686 1001; x_wconf 87' lang='lat' dir='ltr'><strong>molestus</strong></span> 
     </span>
    </p>
   </div>
   <div class='ocr_carea' id='block_1_25' title="bbox 2105 1035 3687 1105">
    <p class='ocr_par' dir='ltr' id='par_1_25' title="bbox 2105 1035 3687 1105">
     <span class='ocr_line' id='line_1_25' title="bbox 2105 1035 3687 1105; baseline 0.001 -14"><span class='ocrx_word' id='word_1_166' title='bbox 2105 1045 2296 1093; x_wconf 89' lang='lat' dir='ltr'><strong>esset:</strong></span> <span class='ocrx_word' id='word_1_167' title='bbox 2349 1037 2463 1105; x_wconf 84' lang='lat' dir='ltr'><strong>ipse</strong></span> <span class='ocrx_word' id='word_1_168' title='bbox 2493 1045 2673 1090; x_wconf 88' lang='lat' dir='ltr'><strong>tamen</strong></span> <span class='ocrx_word' id='word_1_169' title='bbox 2726 1035 2816 1090; x_wconf 91' lang='lat' dir='ltr'><strong>vix</strong></span> <span class='ocrx_word' id='word_1_170' title='bbox 2856 1045 2978 1103; x_wconf 83' lang='lat' dir='ltr'><strong>post</strong></span> <span class='ocrx_word' id='word_1_171' title='bbox 3009 1035 3149 1091; x_wconf 86' lang='lat' dir='ltr'><strong>duos</strong></span> <span class='ocrx_word' id='word_1_172' title='bbox 3191 1052 3222 1090; x_wconf 90' lang='lat' dir='ltr'><strong>a</strong></span> <span class='ocrx_word' id='word_1_173' title='bbox 3267 1036 3546 1092; x_wconf 91' lang='lat' dir='ltr'><strong>creatione</strong></span> <span class='ocrx_word' id='word_1_174' title='bbox 3584 1052 3687 1093; x_wconf 87' lang='lat' dir='ltr'><strong>sua</strong></span> 
     </span>
    </p>
   </div>
   <div class='ocr_carea' id='block_1_26' title="bbox 2106 1126 3695 1199">
    <p class='ocr_par' dir='ltr' id='par_1_26' title="bbox 2106 1126 3695 1199">
     <span class='ocr_line' id='line_1_26' title="bbox 2106 1126 3695 1199; baseline 0.001 -17"><span class='ocrx_word' id='word_1_175' title='bbox 2106 1141 2325 1183; x_wconf 84' lang='lat' dir='ltr'><strong>menses</strong></span> <span class='ocrx_word' id='word_1_176' title='bbox 2349 1127 2664 1197; x_wconf 86' lang='lat' dir='ltr'><strong>juramento</strong></span> <span class='ocrx_word' id='word_1_177' title='bbox 2695 1141 2796 1183; x_wconf 90' lang='lat' dir='ltr'><strong>suo</strong></span> <span class='ocrx_word' id='word_1_178' title='bbox 2822 1126 3056 1193; x_wconf 88' lang='lat' dir='ltr'><strong>violato,</strong></span> <span class='ocrx_word' id='word_1_179' title='bbox 3089 1128 3326 1197; x_wconf 86' lang='lat' dir='ltr'><strong>primum</strong></span> <span class='ocrx_word' id='word_1_180' title='bbox 3366 1127 3559 1199; x_wconf 84' lang='lat' dir='ltr'><strong>lgnatii</strong></span> <span class='ocrx_word' id='word_1_181' title='bbox 3600 1127 3695 1184; x_wconf 69' lang='lat' dir='ltr'><strong>fan</strong></span> 
     </span>
    </p>
   </div>
   <div class='ocr_carea' id='block_1_27' title="bbox 2110 1220 3687 1292">
    <p class='ocr_par' dir='ltr' id='par_1_27' title="bbox 2110 1220 3687 1292">
     <span class='ocr_line' id='line_1_27' title="bbox 2110 1220 3687 1292; baseline 0.002 -19"><span class='ocrx_word' id='word_1_182' title='bbox 2110 1221 2348 1277; x_wconf 70' lang='lat' dir='ltr'><strong>niliares</strong></span> <span class='ocrx_word' id='word_1_183' title='bbox 2377 1221 2613 1291; x_wconf 88' lang='lat' dir='ltr'><strong>conjecit</strong></span> <span class='ocrx_word' id='word_1_184' title='bbox 2643 1222 2698 1275; x_wconf 90' lang='lat' dir='ltr'><strong>iu</strong></span> <span class='ocrx_word' id='word_1_185' title='bbox 2732 1220 2970 1284; x_wconf 88' lang='lat' dir='ltr'><strong>vincula,</strong></span> <span class='ocrx_word' id='word_1_186' title='bbox 3004 1220 3248 1291; x_wconf 84' lang='lat' dir='ltr'><strong>dirisque</strong></span> <span class='ocrx_word' id='word_1_187' title='bbox 3281 1221 3462 1291; x_wconf 78' lang='lat' dir='ltr'><strong>ﬂagris</strong></span> <span class='ocrx_word' id='word_1_188' title='bbox 3494 1229 3549 1277; x_wconf 88' lang='lat' dir='ltr'><strong>et</strong></span> <span class='ocrx_word' id='word_1_189' title='bbox 3566 1223 3687 1292; x_wconf 82' lang='lat' dir='ltr'><strong>pla-</strong></span> 
     </span>
    </p>
   </div>
   <div class='ocr_carea' id='block_1_28' title="bbox 2105 1313 3687 1385">
    <p class='ocr_par' dir='ltr' id='par_1_28' title="bbox 2105 1313 3687 1385">
     <span class='ocr_line' id='line_1_28' title="bbox 2105 1313 3687 1385; baseline -0.001 -17"><span class='ocrx_word' id='word_1_190' title='bbox 2105 1314 2188 1385; x_wconf 86' lang='lat' dir='ltr'><strong>gis</strong></span> <span class='ocrx_word' id='word_1_191' title='bbox 2216 1314 2466 1369; x_wconf 83' lang='lat' dir='ltr'><strong>multavit</strong></span> <span class='ocrx_word' id='word_1_192' title='bbox 2498 1330 2513 1367; x_wconf 94' lang='lat'><strong>:</strong></span> <span class='ocrx_word' id='word_1_193' title='bbox 2550 1313 2745 1369; x_wconf 86' lang='lat' dir='ltr'><strong>deinde</strong></span> <span class='ocrx_word' id='word_1_194' title='bbox 2780 1329 2977 1370; x_wconf 81' lang='lat' dir='ltr'><strong>rursus</strong></span> <span class='ocrx_word' id='word_1_195' title='bbox 3014 1313 3312 1378; x_wconf 85' lang='lat' dir='ltr'><strong>blanditus,</strong></span> <span class='ocrx_word' id='word_1_196' title='bbox 3350 1326 3687 1384; x_wconf 82' lang='lat' dir='ltr'><strong>muneraque</strong></span> 
     </span>
    </p>
   </div>
   <div class='ocr_carea' id='block_1_29' title="bbox 2104 1400 3687 1472">
    <p class='ocr_par' dir='ltr' id='par_1_29' title="bbox 2104 1400 3687 1472">
     <span class='ocr_line' id='line_1_29' title="bbox 2104 1400 3687 1472; baseline 0.001 -17"><span class='ocrx_word' id='word_1_197' title='bbox 2104 1409 2161 1455; x_wconf 91' lang='lat' dir='ltr'><strong>et</strong></span> <span class='ocrx_word' id='word_1_198' title='bbox 2189 1401 2424 1455; x_wconf 87' lang='lat' dir='ltr'><strong>honores</strong></span> <span class='ocrx_word' id='word_1_199' title='bbox 2446 1400 2748 1471; x_wconf 87' lang='lat' dir='ltr'><strong>pollicitus,</strong></span> <span class='ocrx_word' id='word_1_200' title='bbox 2766 1400 3127 1472; x_wconf 86' lang='lat' dir='ltr'><strong>chirographa</strong></span> <span class='ocrx_word' id='word_1_201' title='bbox 3152 1401 3328 1472; x_wconf 89' lang='lat' dir='ltr'><strong>petiit,</strong></span> <span class='ocrx_word' id='word_1_202' title='bbox 3353 1408 3408 1457; x_wconf 87' lang='lat' dir='ltr'><strong>et</strong></span> <span class='ocrx_word' id='word_1_203' title='bbox 3431 1402 3687 1457; x_wconf 90' lang='lat' dir='ltr'><strong>omnibus</strong></span> 
     </span>
    </p>
   </div>
   <div class='ocr_carea' id='block_1_30' title="bbox 2105 1491 3688 1563">
    <p class='ocr_par' dir='ltr' id='par_1_30' title="bbox 2105 1491 3688 1563">
     <span class='ocr_line' id='line_1_30' title="bbox 2105 1491 3688 1563; baseline 0.001 -16"><span class='ocrx_word' id='word_1_204' title='bbox 2105 1492 2284 1548; x_wconf 90' lang='lat' dir='ltr'><strong>modis</strong></span> <span class='ocrx_word' id='word_1_205' title='bbox 2315 1492 2527 1548; x_wconf 85' lang='lat' dir='ltr'><strong>studuit</strong></span> <span class='ocrx_word' id='word_1_206' title='bbox 2565 1493 2831 1548; x_wconf 87' lang='lat' dir='ltr'><strong>adversus</strong></span> <span class='ocrx_word' id='word_1_207' title='bbox 2860 1491 3122 1563; x_wconf 84' lang='lat' dir='ltr'><strong>lguatium</strong></span> <span class='ocrx_word' id='word_1_208' title='bbox 3153 1493 3306 1548; x_wconf 86' lang='lat' dir='ltr'><strong>exitii</strong></span> <span class='ocrx_word' id='word_1_209' title='bbox 3342 1508 3560 1549; x_wconf 83' lang='lat' dir='ltr'><strong>causam</strong></span> <span class='ocrx_word' id='word_1_210' title='bbox 3596 1508 3688 1549; x_wconf 83' lang='lat' dir='ltr'><strong>re-</strong></span> 
     </span>
    </p>
   </div>
   <div class='ocr_carea' id='block_1_31' title="bbox 2105 1585 3687 1657">
    <p class='ocr_par' dir='ltr' id='par_1_31' title="bbox 2105 1585 3687 1657">
     <span class='ocr_line' id='line_1_31' title="bbox 2105 1585 3687 1657; baseline 0 -17"><span class='ocrx_word' id='word_1_211' title='bbox 2105 1587 2304 1657; x_wconf 84' lang='lat' dir='ltr'><strong>perire.</strong></span> <span class='ocrx_word' id='word_1_212' title='bbox 2335 1586 2587 1656; x_wconf 87' lang='lat' dir='ltr'><strong>Cumque</strong></span> <span class='ocrx_word' id='word_1_213' title='bbox 2617 1585 2753 1641; x_wconf 85' lang='lat' dir='ltr'><strong>nihil</strong></span> <span class='ocrx_word' id='word_1_214' title='bbox 2787 1585 2985 1641; x_wconf 81' lang='lat' dir='ltr'><strong>horum</strong></span> <span class='ocrx_word' id='word_1_215' title='bbox 3014 1600 3137 1656; x_wconf 70' lang='lat' dir='ltr'><strong>qua:</strong></span> <span class='ocrx_word' id='word_1_216' title='bbox 3163 1587 3280 1655; x_wconf 89' lang='lat' dir='ltr'><strong>ipse</strong></span> <span class='ocrx_word' id='word_1_217' title='bbox 3306 1586 3583 1656; x_wconf 87' lang='lat' dir='ltr'><strong>cupiebat,</strong></span> <span class='ocrx_word' id='word_1_218' title='bbox 3607 1586 3687 1640; x_wconf 81' lang='lat' dir='ltr'><strong>in-</strong></span> 
     </span>
    </p>
   </div>
   <div class='ocr_carea' id='block_1_32' title="bbox 2104 1675 3683 1748">
    <p class='ocr_par' dir='ltr' id='par_1_32' title="bbox 2104 1675 3683 1748">
     <span class='ocr_line' id='line_1_32' title="bbox 2104 1675 3683 1748; baseline -0.001 -15"><span class='ocrx_word' id='word_1_219' title='bbox 2104 1677 2337 1743; x_wconf 86' lang='lat' dir='ltr'><strong>veniret,</strong></span> <span class='ocrx_word' id='word_1_220' title='bbox 2383 1676 2652 1734; x_wconf 89' lang='lat' dir='ltr'><strong>scelerato</strong></span> <span class='ocrx_word' id='word_1_221' title='bbox 2689 1675 2898 1743; x_wconf 70' lang='lat' dir='ltr'><strong>Bardze,</strong></span> <span class='ocrx_word' id='word_1_222' title='bbox 2941 1693 3147 1748; x_wconf 89' lang='lat' dir='ltr'><strong>perque</strong></span> <span class='ocrx_word' id='word_1_223' title='bbox 3175 1676 3405 1734; x_wconf 85' lang='lat' dir='ltr'><strong>Bardam</strong></span> <span class='ocrx_word' id='word_1_224' title='bbox 3440 1678 3683 1738; x_wconf 82' lang='lat' dir='ltr'><strong>Michaeli</strong></span> 
     </span>
    </p>
   </div>
   <div class='ocr_carea' id='block_1_33' title="bbox 2105 1765 3689 1840">
    <p class='ocr_par' dir='ltr' id='par_1_33' title="bbox 2105 1765 3689 1840">
     <span class='ocr_line' id='line_1_33' title="bbox 2105 1765 3689 1840; baseline 0 -15"><span class='ocrx_word' id='word_1_225' title='bbox 2105 1767 2675 1838; x_wconf 68' lang='lat' dir='ltr'><strong>levissimo&#39;suggerit,</strong></span> <span class='ocrx_word' id='word_1_226' title='bbox 2707 1778 2768 1823; x_wconf 91' lang='lat' dir='ltr'><strong>ut</strong></span> <span class='ocrx_word' id='word_1_227' title='bbox 2796 1768 2995 1833; x_wconf 80' lang='lat' dir='ltr'><strong>mittat,</strong></span> <span class='ocrx_word' id='word_1_228' title='bbox 3028 1767 3123 1838; x_wconf 88' lang='lat' dir='ltr'><strong>qui</strong></span> <span class='ocrx_word' id='word_1_229' title='bbox 3154 1768 3207 1823; x_wconf 89' lang='lat' dir='ltr'><strong>in</strong></span> <span class='ocrx_word' id='word_1_230' title='bbox 3245 1765 3511 1840; x_wconf 84' lang='lat' dir='ltr'><strong>lgnatium</strong></span> <span class='ocrx_word' id='word_1_231' title='bbox 3540 1766 3689 1825; x_wconf 79' lang='lat' dir='ltr'><strong>velut</strong></span> 
     </span>
    </p>
   </div>
   <div class='ocr_carea' id='block_1_34' title="bbox 409 1852 2004 1945">
    <p class='ocr_par' dir='ltr' id='par_1_34' title="bbox 409 1852 2001 1945">
     <span class='ocr_line' id='line_1_34' title="bbox 409 1852 2001 1945; baseline -0.01 -15"><span class='ocrx_word' id='word_1_232' title='bbox 409 1852 501 1930; x_wconf 73' lang='grc' dir='ltr'><strong>ται</strong></span> <span class='ocrx_word' id='word_1_233' title='bbox 528 1874 751 1945; x_wconf 82' lang='grc' dir='ltr'>θρασεῖς</span> <span class='ocrx_word' id='word_1_234' title='bbox 778 1872 878 1943; x_wconf 76' lang='grc' dir='ltr'>τὴν</span> <span class='ocrx_word' id='word_1_235' title='bbox 904 1869 1225 1940; x_wconf 74' lang='grc' dir='ltr'>Τερέϐινθον</span> <span class='ocrx_word' id='word_1_236' title='bbox 1250 1863 1672 1927; x_wconf 87' lang='grc' dir='ltr'>καταλαϐόντες,</span> <span class='ocrx_word' id='word_1_237' title='bbox 1702 1863 1799 1917; x_wconf 79' lang='grc' dir='ltr'>καὶ</span> <span class='ocrx_word' id='word_1_238' title='bbox 1821 1864 2001 1915; x_wconf 83' lang='grc' dir='ltr'>πᾶσαν</span> 
     </span>
    </p>
   </div>
   <div class='ocr_carea' id='block_1_35' title="bbox 2106 1852 3686 1945">
    <p class='ocr_par' dir='ltr' id='par_1_35' title="bbox 2106 1859 3686 1932">
     <span class='ocr_line' id='line_1_35' title="bbox 2106 1859 3686 1932; baseline -0.001 -15"><span class='ocrx_word' id='word_1_239' title='bbox 2106 1862 2333 1932; x_wconf 81' lang='lat' dir='ltr'><strong>imperio</strong></span> <span class='ocrx_word' id='word_1_240' title='bbox 2366 1860 2710 1916; x_wconf 85' lang='lat' dir='ltr'><strong>insidiantem</strong></span> <span class='ocrx_word' id='word_1_241' title='bbox 2750 1874 2939 1916; x_wconf 86' lang='lat' dir='ltr'><strong>severe</strong></span> <span class='ocrx_word' id='word_1_242' title='bbox 2972 1859 3270 1929; x_wconf 83' lang='lat' dir='ltr'><strong>inquirant.</strong></span> <span class='ocrx_word' id='word_1_243' title='bbox 3304 1859 3447 1931; x_wconf 81' lang='lat' dir='ltr'><strong>Ergo</strong></span> <span class='ocrx_word' id='word_1_244' title='bbox 3483 1861 3686 1916; x_wconf 79' lang='lat' dir='ltr'><strong>crude-</strong></span> 
     </span>
    </p>
   </div>
   <div class='ocr_carea' id='block_1_36' title="bbox 413 1954 1998 2038">
    <p class='ocr_par' dir='ltr' id='par_1_36' title="bbox 413 1954 1998 2038">
     <span class='ocr_line' id='line_1_36' title="bbox 413 1954 1998 2038; baseline -0.009 -18"><span class='ocrx_word' id='word_1_245' title='bbox 413 1966 744 2038; x_wconf 77' lang='grc' dir='ltr'>ποιήσαντες</span> <span class='ocrx_word' id='word_1_246' title='bbox 788 1962 1057 2027; x_wconf 71' lang='grc' dir='ltr'>ἐξέτασιν,</span> <span class='ocrx_word' id='word_1_247' title='bbox 1092 1958 1188 2013; x_wconf 82' lang='grc' dir='ltr'>καὶ</span> <span class='ocrx_word' id='word_1_248' title='bbox 1240 1959 1424 2011; x_wconf 83' lang='grc' dir='ltr'>πᾶσαν</span> <span class='ocrx_word' id='word_1_249' title='bbox 1465 1955 1720 2027; x_wconf 81' lang='grc' dir='ltr'>βάσανον,</span> <span class='ocrx_word' id='word_1_250' title='bbox 1751 1955 1877 2018; x_wconf 69' lang='grc' dir='ltr'>τοὺς</span> <span class='ocrx_word' id='word_1_251' title='bbox 1905 1954 1998 2007; x_wconf 81' lang='grc' dir='ltr'>ὑπ’</span> 
     </span>
    </p>
   </div>
   <div class='ocr_carea' id='block_1_37' title="bbox 414 2046 2001 2128">
    <p class='ocr_par' dir='ltr' id='par_1_37' title="bbox 414 2046 2001 2128">
     <span class='ocr_line' id='line_1_37' title="bbox 414 2046 2001 2128; baseline -0.008 -16"><span class='ocrx_word' id='word_1_252' title='bbox 414 2060 621 2112; x_wconf 76' lang='grc' dir='ltr'>ἐκεῖνον</span> <span class='ocrx_word' id='word_1_253' title='bbox 668 2055 991 2128; x_wconf 80' lang='grc' dir='ltr'>ἀνθρώπους</span> <span class='ocrx_word' id='word_1_254' title='bbox 1051 2052 1461 2123; x_wconf 81' lang='grc' dir='ltr'>βασανίσαντες,</span> <span class='ocrx_word' id='word_1_255' title='bbox 1520 2047 1709 2117; x_wconf 78' lang='grc' dir='ltr'>ἐπειδὴ</span> <span class='ocrx_word' id='word_1_256' title='bbox 1756 2046 2001 2112; x_wconf 72' lang='grc' dir='ltr'>ἐξέλιπον</span> 
     </span>
    </p>
   </div>
   <div class='ocr_carea' id='block_1_38' title="bbox 419 2136 1999 2218">
    <p class='ocr_par' dir='ltr' id='par_1_38' title="bbox 419 2136 1999 2218">
     <span class='ocr_line' id='line_1_38' title="bbox 419 2136 1999 2218; baseline -0.005 -18"><span class='ocrx_word' id='word_1_257' title='bbox 419 2148 805 2218; x_wconf 63' lang='grc' dir='ltr'>ἐξερευνῶντες</span> <span class='ocrx_word' id='word_1_258' title='bbox 836 2144 1235 2217; x_wconf 78' lang='grc' dir='ltr'>ἐξερευνήσεις,</span> <span class='ocrx_word' id='word_1_259' title='bbox 1288 2142 1382 2195; x_wconf 72' lang='grc' dir='ltr'><strong>καὶ</strong></span> <span class='ocrx_word' id='word_1_260' title='bbox 1414 2140 1786 2194; x_wconf 72' lang='grc' dir='ltr'>λοιπὸνόὖδὲν</span> <span class='ocrx_word' id='word_1_261' title='bbox 1835 2136 1999 2209; x_wconf 73' lang='grc' dir='ltr'>εἶχον,</span> 
     </span>
    </p>
   </div>
   <div class='ocr_carea' id='block_1_39' title="bbox 420 2232 2004 2307">
    <p class='ocr_par' dir='ltr' id='par_1_39' title="bbox 420 2232 2004 2307">
     <span class='ocr_line' id='line_1_39' title="bbox 420 2232 2004 2307; baseline -0.004 -16"><span class='ocrx_word' id='word_1_262' title='bbox 420 2238 564 2292; x_wconf 78' lang='grc' dir='ltr'>ὥστε</span> <span class='ocrx_word' id='word_1_263' title='bbox 620 2236 842 2301; x_wconf 82' lang='grc' dir='ltr'>δικαίως</span> <span class='ocrx_word' id='word_1_264' title='bbox 891 2234 1352 2307; x_wconf 81' lang='grc' dir='ltr'>τιμωρήσασθαι,</span> <span class='ocrx_word' id='word_1_265' title='bbox 1418 2236 1487 2305; x_wconf 74' lang='grc' dir='ltr'>τῇ</span> <span class='ocrx_word' id='word_1_266' title='bbox 1543 2232 1731 2303; x_wconf 77' lang='grc' dir='ltr'>ἀδικίᾳ</span> <span class='ocrx_word' id='word_1_267' title='bbox 1784 2232 2004 2304; x_wconf 77' lang='grc' dir='ltr'>καθαρᾷ</span> 
     </span>
    </p>
   </div>
   <div class='ocr_carea' id='block_1_40' title="bbox 419 2322 2004 2398">
    <p class='ocr_par' dir='ltr' id='par_1_40' title="bbox 419 2322 2004 2398">
     <span class='ocr_line' id='line_1_40' title="bbox 419 2322 2004 2398; baseline 0 -21"><span class='ocrx_word' id='word_1_268' title='bbox 419 2325 682 2398; x_wconf 77' lang='grc' dir='ltr'>χρῶνται.</span> <span class='ocrx_word' id='word_1_269' title='bbox 714 2324 977 2386; x_wconf 83' lang='grc' dir='ltr'>Λαϐόντες</span> <span class='ocrx_word' id='word_1_270' title='bbox 1000 2326 1108 2396; x_wconf 81' lang='grc' dir='ltr'><strong>γὰρ</strong></span> <span class='ocrx_word' id='word_1_271' title='bbox 1134 2324 1224 2377; x_wconf 83' lang='grc' dir='ltr'><strong>τὸν</strong></span> <span class='ocrx_word' id='word_1_272' title='bbox 1250 2323 1394 2395; x_wconf 74' lang='grc' dir='ltr'>ἱερὸν</span> <span class='ocrx_word' id='word_1_273' title='bbox 1416 2323 1584 2394; x_wconf 76' lang='grc' dir='ltr'>ἄνδρα</span> <span class='ocrx_word' id='word_1_274' title='bbox 1609 2323 1748 2393; x_wconf 85' lang='grc' dir='ltr'>μετὰ</span> <span class='ocrx_word' id='word_1_275' title='bbox 1774 2322 1885 2377; x_wconf 80' lang='grc' dir='ltr'><strong>τῶν</strong></span> <span class='ocrx_word' id='word_1_276' title='bbox 1906 2322 2004 2377; x_wconf 73' lang='grc' dir='ltr'><strong>σὺν</strong></span> 
     </span>
    </p>
   </div>
   <div class='ocr_carea' id='block_1_41' title="bbox 422 2413 2001 2487">
    <p class='ocr_par' dir='ltr' id='par_1_41' title="bbox 422 2413 2001 2487">
     <span class='ocr_line' id='line_1_41' title="bbox 422 2413 2001 2487; baseline -0.001 -17"><span class='ocrx_word' id='word_1_277' title='bbox 422 2415 595 2487; x_wconf 72' lang='grc' dir='ltr'>αὐτῷ,</span> <span class='ocrx_word' id='word_1_278' title='bbox 626 2416 872 2486; x_wconf 75' lang='grc' dir='ltr'>καὶπρὸς</span> <span class='ocrx_word' id='word_1_279' title='bbox 910 2414 1007 2486; x_wconf 80' lang='grc' dir='ltr'>τὴν</span> <span class='ocrx_word' id='word_1_280' title='bbox 1029 2415 1332 2486; x_wconf 72' lang='grc' dir='ltr'>λεγομένην</span> <span class='ocrx_word' id='word_1_281' title='bbox 1372 2413 1601 2487; x_wconf 83' lang='grc' dir='ltr'>Ἱέρειαν</span> <span class='ocrx_word' id='word_1_282' title='bbox 1637 2416 2001 2486; x_wconf 73' lang='grc' dir='ltr'>περάσαντες,</span> 
     </span>
    </p>
   </div>
   <div class='ocr_carea' id='block_1_42' title="bbox 420 2505 2004 2579">
    <p class='ocr_par' dir='ltr' id='par_1_42' title="bbox 420 2505 2004 2579">
     <span class='ocr_line' id='line_1_42' title="bbox 420 2505 2004 2579; baseline -0.001 -18"><span class='ocrx_word' id='word_1_283' title='bbox 420 2511 639 2579; x_wconf 75' lang='grc' dir='ltr'>δέσμιον</span> <span class='ocrx_word' id='word_1_284' title='bbox 670 2505 856 2561; x_wconf 77' lang='grc' dir='ltr'>τοῦτον</span> <span class='ocrx_word' id='word_1_285' title='bbox 883 2508 959 2571; x_wconf 88' lang='grc' dir='ltr'><strong>είς</strong></span> <span class='ocrx_word' id='word_1_286' title='bbox 986 2506 1225 2578; x_wconf 78' lang='grc' dir='ltr'>μάνδραν</span> <span class='ocrx_word' id='word_1_287' title='bbox 1248 2506 1420 2575; x_wconf 81' lang='grc' dir='ltr'>αἰγῶν</span> <span class='ocrx_word' id='word_1_288' title='bbox 1439 2506 1792 2561; x_wconf 83' lang='grc' dir='ltr'>κατέκλεισαν</span> <span class='ocrx_word' id='word_1_289' title='bbox 1817 2526 1831 2540; x_wconf 87' lang='grc'>·</span> <span class='ocrx_word' id='word_1_290' title='bbox 1856 2508 2004 2561; x_wconf 75' lang='grc' dir='ltr'>ἐκεῖ·</span> 
     </span>
    </p>
   </div>
   <div class='ocr_carea' id='block_1_43' title="bbox 423 2596 2002 2670">
    <p class='ocr_par' dir='ltr' id='par_1_43' title="bbox 423 2596 2002 2670">
     <span class='ocr_line' id='line_1_43' title="bbox 423 2596 2002 2670; baseline -0.003 -16"><span class='ocrx_word' id='word_1_291' title='bbox 423 2602 515 2655; x_wconf 80' lang='grc' dir='ltr'>θέν</span> <span class='ocrx_word' id='word_1_292' title='bbox 542 2616 599 2653; x_wconf 83' lang='grc' dir='ltr'><strong>τε</strong></span> <span class='ocrx_word' id='word_1_293' title='bbox 623 2599 758 2670; x_wconf 73' lang='grc' dir='ltr'>πρὸς</span> <span class='ocrx_word' id='word_1_294' title='bbox 786 2598 852 2652; x_wconf 77' lang='grc' dir='ltr'>τὰ</span> <span class='ocrx_word' id='word_1_295' title='bbox 883 2598 1173 2670; x_wconf 80' lang='grc' dir='ltr'>Προμήτου</span> <span class='ocrx_word' id='word_1_296' title='bbox 1196 2597 1469 2669; x_wconf 85' lang='grc' dir='ltr'>λεγόμενα</span> <span class='ocrx_word' id='word_1_297' title='bbox 1490 2596 1847 2668; x_wconf 76' lang='grc' dir='ltr'>διαπερῶσιν,</span> <span class='ocrx_word' id='word_1_298' title='bbox 1868 2596 2002 2651; x_wconf 81' lang='grc' dir='ltr'>ὅπου</span> 
     </span>
    </p>
   </div>
   <div class='ocr_carea' id='block_1_44' title="bbox 419 2688 2004 2762">
    <p class='ocr_par' dir='ltr' id='par_1_44' title="bbox 419 2688 2004 2762">
     <span class='ocr_line' id='line_1_44' title="bbox 419 2688 2004 2762; baseline -0.003 -14"><span class='ocrx_word' id='word_1_299' title='bbox 419 2694 484 2762; x_wconf 76' lang='grc' dir='ltr'>δὴ</span> <span class='ocrx_word' id='word_1_300' title='bbox 539 2695 691 2746; x_wconf 81' lang='grc' dir='ltr'>Λέων</span> <span class='ocrx_word' id='word_1_301' title='bbox 741 2693 945 2755; x_wconf 86' lang='grc' dir='ltr'>ἐκεῖνος</span> <span class='ocrx_word' id='word_1_302' title='bbox 975 2694 1003 2745; x_wconf 86' lang='grc' dir='ltr'><strong>ό</strong></span> <span class='ocrx_word' id='word_1_303' title='bbox 1054 2690 1320 2745; x_wconf 82' lang='grc' dir='ltr'>Λαλάκων</span> <span class='ocrx_word' id='word_1_304' title='bbox 1378 2690 1850 2761; x_wconf 75' lang='grc' dir='ltr'>ἐπονομαζόμενος</span> <span class='ocrx_word' id='word_1_305' title='bbox 1893 2688 2004 2744; x_wconf 79' lang='grc' dir='ltr'>τῶν</span> 
     </span>
    </p>
   </div>
   <div class='ocr_carea' id='block_1_45' title="bbox 418 2777 2005 2855">
    <p class='ocr_par' dir='ltr' id='par_1_45' title="bbox 418 2777 2005 2855">
     <span class='ocr_line' id='line_1_45' title="bbox 418 2777 2005 2855; baseline -0.003 -19"><span class='ocrx_word' id='word_1_306' title='bbox 418 2783 721 2852; x_wconf 73' lang='grc' dir='ltr'>Νουμέριον</span> <span class='ocrx_word' id='word_1_307' title='bbox 769 2781 1090 2852; x_wconf 78' lang='grc' dir='ltr'>δομέστικος</span> <span class='ocrx_word' id='word_1_308' title='bbox 1134 2779 1232 2855; x_wconf 75' lang='grc' dir='ltr'>ὢν,</span> <span class='ocrx_word' id='word_1_309' title='bbox 1270 2780 1364 2835; x_wconf 75' lang='grc' dir='ltr'>ἐπὶ</span> <span class='ocrx_word' id='word_1_310' title='bbox 1396 2779 1652 2833; x_wconf 82' lang='grc' dir='ltr'>τοσοῦτον</span> <span class='ocrx_word' id='word_1_311' title='bbox 1680 2777 1846 2833; x_wconf 71' lang='grc' dir='ltr'>αὑτοῦ</span> <span class='ocrx_word' id='word_1_312' title='bbox 1893 2780 2005 2844; x_wconf 84' lang='grc' dir='ltr'>τοῖς</span> 
     </span>
    </p>
   </div>
   <div class='ocr_carea' id='block_1_46' title="bbox 416 2872 2006 2946">
    <p class='ocr_par' dir='ltr' id='par_1_46' title="bbox 416 2872 2006 2946">
     <span class='ocr_line' id='line_1_46' title="bbox 416 2872 2006 2946; baseline -0.003 -18"><span class='ocrx_word' id='word_1_313' title='bbox 416 2874 731 2946; x_wconf 77' lang='grc' dir='ltr'>ραπίσμασι</span> <span class='ocrx_word' id='word_1_314' title='bbox 779 2873 1049 2945; x_wconf 72' lang='grc' dir='ltr'>κατέκοψε</span> <span class='ocrx_word' id='word_1_315' title='bbox 1087 2872 1186 2939; x_wconf 72' lang='grc' dir='ltr'>τὰς</span> <span class='ocrx_word' id='word_1_316' title='bbox 1241 2874 1520 2943; x_wconf 84' lang='grc' dir='ltr'>σιαγόνας,</span> <span class='ocrx_word' id='word_1_317' title='bbox 1583 2872 1661 2937; x_wconf 84' lang='grc' dir='ltr'>ὡς</span> <span class='ocrx_word' id='word_1_318' title='bbox 1708 2872 1801 2925; x_wconf 81' lang='grc' dir='ltr'><strong>δύο</strong></span> <span class='ocrx_word' id='word_1_319' title='bbox 1831 2872 2006 2943; x_wconf 80' lang='grc' dir='ltr'>μύλας</span> 
     </span>
    </p>
   </div>
   <div class='ocr_carea' id='block_1_47' title="bbox 413 2957 2003 3037">
    <p class='ocr_par' dir='ltr' id='par_1_47' title="bbox 413 2957 2003 3037">
     <span class='ocr_line' id='line_1_47' title="bbox 413 2957 2003 3037; baseline -0.004 -15"><span class='ocrx_word' id='word_1_320' title='bbox 413 2969 533 3022; x_wconf 79' lang='grc' dir='ltr'>ἐκεῖ</span> <span class='ocrx_word' id='word_1_321' title='bbox 553 2965 651 3019; x_wconf 83' lang='grc' dir='ltr'>τοῦ</span> <span class='ocrx_word' id='word_1_322' title='bbox 683 2965 978 3037; x_wconf 78' lang='grc' dir='ltr'>ἱερωτάτου</span> <span class='ocrx_word' id='word_1_323' title='bbox 1002 2964 1257 3036; x_wconf 84' lang='grc' dir='ltr'>γέροντος</span> <span class='ocrx_word' id='word_1_324' title='bbox 1284 2967 1538 3018; x_wconf 77' lang='grc' dir='ltr'>ἐκπεσεῖν</span> <span class='ocrx_word' id='word_1_325' title='bbox 1558 2981 1574 2996; x_wconf 79' lang='grc' dir='ltr'><strong><em>ο</em></strong></span> <span class='ocrx_word' id='word_1_326' title='bbox 1612 2957 1731 3019; x_wconf 73' lang='grc' dir='ltr'>εἶτα</span> <span class='ocrx_word' id='word_1_327' title='bbox 1768 2962 1862 3016; x_wconf 84' lang='grc' dir='ltr'>δύο</span> <span class='ocrx_word' id='word_1_328' title='bbox 1903 2978 2003 3032; x_wconf 70' lang='grc' dir='ltr'><strong>μου</strong></span> 
     </span>
    </p>
   </div>
   <div class='ocr_carea' id='block_1_48' title="bbox 416 3056 2006 3134">
    <p class='ocr_par' dir='ltr' id='par_1_48' title="bbox 416 3056 2006 3134">
     <span class='ocr_line' id='line_1_48' title="bbox 416 3056 2006 3134; baseline -0.004 -17"><span class='ocrx_word' id='word_1_329' title='bbox 416 3062 560 3134; x_wconf 80' lang='grc' dir='ltr'>χλοῖς</span> <span class='ocrx_word' id='word_1_330' title='bbox 587 3061 854 3133; x_wconf 78' lang='grc' dir='ltr'>σιδηροῖς,</span> <span class='ocrx_word' id='word_1_331' title='bbox 886 3059 1226 3132; x_wconf 79' lang='grc' dir='ltr'>ἀνδροφόνων</span> <span class='ocrx_word' id='word_1_332' title='bbox 1248 3061 1471 3130; x_wconf 82' lang='grc' dir='ltr'>τρόπον,</span> <span class='ocrx_word' id='word_1_333' title='bbox 1499 3061 1623 3122; x_wconf 71' lang='grc' dir='ltr'>τοὺς</span> <span class='ocrx_word' id='word_1_334' title='bbox 1647 3056 1812 3112; x_wconf 68' lang='grc' dir='ltr'>αὑτοῦ</span> <span class='ocrx_word' id='word_1_335' title='bbox 1840 3057 2006 3122; x_wconf 81' lang='grc' dir='ltr'>πόδας</span> 
     </span>
    </p>
   </div>
   <div class='ocr_carea' id='block_1_49' title="bbox 416 3147 2004 3225">
    <p class='ocr_par' dir='ltr' id='par_1_49' title="bbox 416 3147 2004 3225">
     <span class='ocr_line' id='line_1_49' title="bbox 416 3147 2004 3225; baseline -0.005 -17"><span class='ocrx_word' id='word_1_336' title='bbox 416 3152 982 3225; x_wconf 82' lang='grc' dir='ltr'>κατασφαλισάμενοι,</span> <span class='ocrx_word' id='word_1_337' title='bbox 1008 3152 1102 3205; x_wconf 68' lang='grc' dir='ltr'><strong>καί</strong></span> <span class='ocrx_word' id='word_1_338' title='bbox 1121 3153 1293 3223; x_wconf 75' lang='grc' dir='ltr'>μικρᾷ</span> <span class='ocrx_word' id='word_1_339' title='bbox 1316 3152 1530 3223; x_wconf 79' lang='grc' dir='ltr'>φρουρᾷ</span> <span class='ocrx_word' id='word_1_340' title='bbox 1553 3147 2004 3207; x_wconf 71' lang='grc' dir='ltr'>κατακλείσαντες</span> 
     </span>
    </p>
   </div>
   <div class='ocr_carea' id='block_1_50' title="bbox 415 3235 2000 3317">
    <p class='ocr_par' dir='ltr' id='par_1_50' title="bbox 415 3235 2000 3317">
     <span class='ocr_line' id='line_1_50' title="bbox 415 3235 2000 3317; baseline -0.009 -16"><span class='ocrx_word' id='word_1_341' title='bbox 415 3246 688 3317; x_wconf 74' lang='grc' dir='ltr'>ἀπῄεσαν,</span> <span class='ocrx_word' id='word_1_342' title='bbox 708 3244 803 3298; x_wconf 86' lang='grc' dir='ltr'><strong>δύο</strong></span> <span class='ocrx_word' id='word_1_343' title='bbox 821 3243 1016 3306; x_wconf 80' lang='grc' dir='ltr'>παῖδας</span> <span class='ocrx_word' id='word_1_344' title='bbox 1042 3243 1137 3296; x_wconf 70' lang='grc' dir='ltr'>καὶ</span> <span class='ocrx_word' id='word_1_345' title='bbox 1161 3242 1322 3314; x_wconf 87' lang='grc' dir='ltr'>μόνον</span> <span class='ocrx_word' id='word_1_346' title='bbox 1354 3242 1490 3312; x_wconf 82' lang='grc' dir='ltr'>πρὸς</span> <span class='ocrx_word' id='word_1_347' title='bbox 1518 3239 1822 3311; x_wconf 76' lang='grc' dir='ltr'>ὑπηρεσίαν</span> <span class='ocrx_word' id='word_1_348' title='bbox 1851 3235 2000 3308; x_wconf 85' lang='grc' dir='ltr'><strong>αὑτῷ</strong></span> 
     </span>
    </p>
   </div>
   <div class='ocr_carea' id='block_1_51' title="bbox 416 3329 2003 3405">
    <p class='ocr_par' dir='ltr' id='par_1_51' title="bbox 416 3329 2003 3405">
     <span class='ocr_line' id='line_1_51' title="bbox 416 3329 2003 3405; baseline -0.008 -11"><span class='ocrx_word' id='word_1_349' title='bbox 416 3340 831 3401; x_wconf 76' lang='grc' dir='ltr'>καταλιπόντες.</span> <span class='ocrx_word' id='word_1_350' title='bbox 863 3335 1022 3400; x_wconf 87' lang='grc' dir='ltr'>Ὄλο;</span> <span class='ocrx_word' id='word_1_351' title='bbox 1058 3335 1115 3390; x_wconf 82' lang='grc' dir='ltr'>δὲ</span> <span class='ocrx_word' id='word_1_352' title='bbox 1144 3336 1329 3399; x_wconf 80' lang='grc' dir='ltr'>αὐτοῖς</span> <span class='ocrx_word' id='word_1_353' title='bbox 1364 3338 1394 3390; x_wconf 86' lang='grc' dir='ltr'><strong>ό</strong></span> <span class='ocrx_word' id='word_1_354' title='bbox 1430 3334 1578 3405; x_wconf 84' lang='grc' dir='ltr'>ἀγὼν</span> <span class='ocrx_word' id='word_1_355' title='bbox 1606 3334 1700 3389; x_wconf 79' lang='grc' dir='ltr'>καὶ</span> <span class='ocrx_word' id='word_1_356' title='bbox 1725 3334 1759 3404; x_wconf 74' lang='grc' dir='ltr'>ἡ</span> <span class='ocrx_word' id='word_1_357' title='bbox 1793 3329 2003 3396; x_wconf 75' lang='grc' dir='ltr'>ἔπειξις</span> 
     </span>
    </p>
   </div>
   <div class='ocr_carea' id='block_1_52' title="bbox 419 3429 2005 3505">
    <p class='ocr_par' dir='ltr' id='par_1_52' title="bbox 419 3429 2005 3505">
     <span class='ocr_line' id='line_1_52' title="bbox 419 3429 2005 3505; baseline -0.002 -19"><span class='ocrx_word' id='word_1_358' title='bbox 419 3431 511 3505; x_wconf 73' lang='grc' dir='ltr'>ἦν,</span> <span class='ocrx_word' id='word_1_359' title='bbox 537 3435 677 3488; x_wconf 84' lang='grc' dir='ltr'>ὥστε</span> <span class='ocrx_word' id='word_1_360' title='bbox 699 3433 942 3487; x_wconf 82' lang='grc' dir='ltr'>λίϐελ).ον</span> <span class='ocrx_word' id='word_1_361' title='bbox 973 3432 1155 3498; x_wconf 64' lang='grc' dir='ltr'>αὐτοῖς</span> <span class='ocrx_word' id='word_1_362' title='bbox 1185 3431 1464 3503; x_wconf 80' lang='grc' dir='ltr'>ἀποταγῆς</span> <span class='ocrx_word' id='word_1_363' title='bbox 1493 3430 1698 3496; x_wconf 82' lang='grc' dir='ltr'>δοῦναι,</span> <span class='ocrx_word' id='word_1_364' title='bbox 1728 3429 1823 3484; x_wconf 81' lang='grc' dir='ltr'>καὶ</span> <span class='ocrx_word' id='word_1_365' title='bbox 1849 3429 2005 3483; x_wconf 80' lang='grc' dir='ltr'>ἐκουο</span> 
     </span>
    </p>
   </div>
   <div class='ocr_carea' id='block_1_53' title="bbox 427 3522 2006 3597">
    <p class='ocr_par' dir='ltr' id='par_1_53' title="bbox 427 3522 2006 3597">
     <span class='ocr_line' id='line_1_53' title="bbox 427 3522 2006 3597; baseline -0.001 -19"><span class='ocrx_word' id='word_1_366' title='bbox 427 3528 555 3589; x_wconf 82' lang='grc' dir='ltr'>σίως</span> <span class='ocrx_word' id='word_1_367' title='bbox 584 3524 679 3579; x_wconf 76' lang='grc' dir='ltr'>τοῦ</span> <span class='ocrx_word' id='word_1_368' title='bbox 712 3526 900 3597; x_wconf 82' lang='grc' dir='ltr'>θρόνου</span> <span class='ocrx_word' id='word_1_369' title='bbox 937 3526 1310 3596; x_wconf 81' lang='grc' dir='ltr'>παραχωρεῖν.</span> <span class='ocrx_word' id='word_1_370' title='bbox 1359 3524 1417 3578; x_wconf 89' lang='lat' dir='ltr'><strong>&#39;O</strong></span> <span class='ocrx_word' id='word_1_371' title='bbox 1442 3524 1499 3579; x_wconf 84' lang='grc' dir='ltr'>δὲ</span> <span class='ocrx_word' id='word_1_372' title='bbox 1530 3527 1623 3578; x_wconf 82' lang='grc' dir='ltr'><strong>τὸν</strong></span> <span class='ocrx_word' id='word_1_373' title='bbox 1647 3523 1809 3579; x_wconf 87' lang='grc' dir='ltr'>λύκον</span> <span class='ocrx_word' id='word_1_374' title='bbox 1861 3522 2006 3578; x_wconf 81' lang='grc' dir='ltr'><strong>κατὰ</strong></span> 
     </span>
    </p>
   </div>
   <div class='ocr_carea' id='block_1_54' title="bbox 425 3616 2001 3689">
    <p class='ocr_par' dir='ltr' id='par_1_54' title="bbox 425 3616 2001 3689">
     <span class='ocr_line' id='line_1_54' title="bbox 425 3616 2001 3689; baseline -0.001 -19"><span class='ocrx_word' id='word_1_375' title='bbox 425 3618 525 3689; x_wconf 80' lang='grc' dir='ltr'>τῆς</span> <span class='ocrx_word' id='word_1_376' title='bbox 591 3617 826 3687; x_wconf 83' lang='grc' dir='ltr'>ποίμνης</span> <span class='ocrx_word' id='word_1_377' title='bbox 879 3618 1063 3681; x_wconf 74' lang='grc' dir='ltr'>δεινῶς</span> <span class='ocrx_word' id='word_1_378' title='bbox 1123 3617 1568 3688; x_wconf 82' lang='grc' dir='ltr'>ἐπεισφρήσαντα</span> <span class='ocrx_word' id='word_1_379' title='bbox 1648 3616 2001 3687; x_wconf 86' lang='grc' dir='ltr'>θεασάμενος,</span> 
     </span>
    </p>
   </div>
   <div class='ocr_carea' id='block_1_55' title="bbox 424 3706 2004 3784">
    <p class='ocr_par' dir='ltr' id='par_1_55' title="bbox 424 3706 2004 3784">
     <span class='ocr_line' id='line_1_55' title="bbox 424 3706 2004 3784; baseline -0.003 -17"><span class='ocrx_word' id='word_1_380' title='bbox 424 3712 550 3767; x_wconf 85' lang='grc' dir='ltr'>ὅσον</span> <span class='ocrx_word' id='word_1_381' title='bbox 569 3706 637 3783; x_wconf 80' lang='grc' dir='ltr'>ἦν</span> <span class='ocrx_word' id='word_1_382' title='bbox 658 3713 743 3765; x_wconf 80' lang='grc' dir='ltr'>ἐπ’</span> <span class='ocrx_word' id='word_1_383' title='bbox 776 3711 947 3784; x_wconf 77' lang='grc' dir='ltr'>αὐτῷ,</span> <span class='ocrx_word' id='word_1_384' title='bbox 985 3713 1085 3784; x_wconf 77' lang='grc' dir='ltr'><strong>τὴν</strong></span> <span class='ocrx_word' id='word_1_385' title='bbox 1115 3711 1303 3782; x_wconf 76' lang='grc' dir='ltr'>ἔφοδον</span> <span class='ocrx_word' id='word_1_386' title='bbox 1329 3710 1591 3784; x_wconf 79' lang='grc' dir='ltr'>ἐξεῖργεν.</span> <span class='ocrx_word' id='word_1_387' title='bbox 1656 3710 1909 3783; x_wconf 83' lang='grc' dir='ltr'>Ἦμερῶν</span> <span class='ocrx_word' id='word_1_388' title='bbox 1946 3709 2004 3763; x_wconf 76' lang='grc' dir='ltr'>δὲ</span> 
     </span>
    </p>
   </div>
   <div class='ocr_carea' id='block_1_56' title="bbox 422 3803 2005 3878">
    <p class='ocr_par' dir='ltr' id='par_1_56' title="bbox 422 3803 2005 3878">
     <span class='ocr_line' id='line_1_56' title="bbox 422 3803 2005 3878; baseline -0.003 -17"><span class='ocrx_word' id='word_1_389' title='bbox 422 3805 809 3878; x_wconf 81' lang='grc' dir='ltr'>παρελθουσῶν</span> <span class='ocrx_word' id='word_1_390' title='bbox 834 3806 1052 3873; x_wconf 83' lang='grc' dir='ltr'>ὀλίγων,</span> <span class='ocrx_word' id='word_1_391' title='bbox 1084 3806 1164 3871; x_wconf 85' lang='grc' dir='ltr'><strong>είς</strong></span> <span class='ocrx_word' id='word_1_392' title='bbox 1196 3806 1265 3860; x_wconf 84' lang='grc' dir='ltr'>τὰ</span> <span class='ocrx_word' id='word_1_393' title='bbox 1309 3806 1568 3876; x_wconf 74' lang='grc' dir='ltr'>Νούμερα</span> <span class='ocrx_word' id='word_1_394' title='bbox 1614 3804 1802 3858; x_wconf 84' lang='grc' dir='ltr'>τοῦτον</span> <span class='ocrx_word' id='word_1_395' title='bbox 1829 3803 2005 3875; x_wconf 85' lang='grc' dir='ltr'>περά-</span> 
     </span>
    </p>
   </div>
   <div class='ocr_carea' id='block_1_57' title="bbox 419 3891 2005 3972">
    <p class='ocr_par' dir='ltr' id='par_1_57' title="bbox 419 3891 2005 3972">
     <span class='ocr_line' id='line_1_57' title="bbox 419 3891 2005 3972; baseline -0.005 -15"><span class='ocrx_word' id='word_1_396' title='bbox 419 3918 637 3967; x_wconf 82' lang='grc' dir='ltr'>σαντες,</span> <span class='ocrx_word' id='word_1_397' title='bbox 674 3900 1081 3972; x_wconf 70' lang='grc' dir='ltr'>σιδηροδέσμιον</span> <span class='ocrx_word' id='word_1_398' title='bbox 1122 3898 1495 3968; x_wconf 80' lang='grc' dir='ltr'>ἐγκλείουσιν·</span> <span class='ocrx_word' id='word_1_399' title='bbox 1548 3891 1670 3954; x_wconf 77' lang='grc' dir='ltr'>εἶτα</span> <span class='ocrx_word' id='word_1_400' title='bbox 1694 3895 2005 3966; x_wconf 71' lang='grc' dir='ltr'>Αὔγουστος</span> 
     </span>
    </p>
   </div>
   <div class='ocr_carea' id='block_1_58' title="bbox 417 3988 2006 4063">
    <p class='ocr_par' dir='ltr' id='par_1_58' title="bbox 417 3988 2006 4063">
     <span class='ocr_line' id='line_1_58' title="bbox 417 3988 2006 4063; baseline -0.004 -16"><span class='ocrx_word' id='word_1_401' title='bbox 417 3994 671 4050; x_wconf 78' lang='grc' dir='ltr'>ἐνίστατο</span> <span class='ocrx_word' id='word_1_402' title='bbox 689 3991 818 4063; x_wconf 77' lang='grc' dir='ltr'>μὴν,</span> <span class='ocrx_word' id='word_1_403' title='bbox 843 3990 939 4045; x_wconf 70' lang='grc' dir='ltr'>καὶ</span> <span class='ocrx_word' id='word_1_404' title='bbox 969 3993 1048 4055; x_wconf 85' lang='grc' dir='ltr'><strong>εἰς</strong></span> <span class='ocrx_word' id='word_1_405' title='bbox 1075 3989 1259 4046; x_wconf 81' lang='grc' dir='ltr'>πλοῖον</span> <span class='ocrx_word' id='word_1_406' title='bbox 1298 3989 1461 4045; x_wconf 75' lang='grc' dir='ltr'>αὐτὸν</span> <span class='ocrx_word' id='word_1_407' title='bbox 1506 3988 1833 4060; x_wconf 75' lang='grc' dir='ltr'>ἐμϐαλόντες</span> <span class='ocrx_word' id='word_1_408' title='bbox 1857 4028 1874 4052; x_wconf 88' lang='grc'><strong>,</strong></span> <span class='ocrx_word' id='word_1_409' title='bbox 1925 3988 2006 4052; x_wconf 72' lang='grc' dir='ltr'><strong>είς</strong></span> 
     </span>
    </p>
   </div>
   <div class='ocr_carea' id='block_1_59' title="bbox 418 4081 2008 4157">
    <p class='ocr_par' dir='ltr' id='par_1_59' title="bbox 418 4081 2008 4157">
     <span class='ocr_line' id='line_1_59' title="bbox 418 4081 2008 4157; baseline -0.005 -14"><span class='ocrx_word' id='word_1_410' title='bbox 418 4086 739 4157; x_wconf 79' lang='grc' dir='ltr'>Μιτυλήνην</span> <span class='ocrx_word' id='word_1_411' title='bbox 766 4082 1089 4156; x_wconf 72' lang='grc' dir='ltr'>ἐξορίζουσι.</span> <span class='ocrx_word' id='word_1_412' title='bbox 1116 4084 1330 4149; x_wconf 81' lang='grc' dir='ltr'>Πάντας</span> <span class='ocrx_word' id='word_1_413' title='bbox 1350 4083 1407 4138; x_wconf 67' lang='grc' dir='ltr'>δὲ</span> <span class='ocrx_word' id='word_1_414' title='bbox 1430 4085 1557 4149; x_wconf 80' lang='grc' dir='ltr'>τοὺς</span> <span class='ocrx_word' id='word_1_415' title='bbox 1580 4081 2008 4155; x_wconf 81' lang='grc' dir='ltr'>ὑπονοουμένους</span> 
     </span>
    </p>
   </div>
   <div class='ocr_carea' id='block_1_60' title="bbox 420 4174 2009 4249">
    <p class='ocr_par' dir='ltr' id='par_1_60' title="bbox 420 4174 2009 4249">
     <span class='ocr_line' id='line_1_60' title="bbox 420 4174 2009 4249; baseline -0.004 -14"><span class='ocrx_word' id='word_1_416' title='bbox 420 4179 659 4245; x_wconf 86' lang='grc' dir='ltr'>οἰκείους</span> <span class='ocrx_word' id='word_1_417' title='bbox 716 4174 858 4234; x_wconf 72' lang='grc' dir='ltr'>εἶναι</span> <span class='ocrx_word' id='word_1_418' title='bbox 897 4179 991 4233; x_wconf 82' lang='grc' dir='ltr'><strong>καὶ</strong></span> <span class='ocrx_word' id='word_1_419' title='bbox 1026 4179 1214 4249; x_wconf 86' lang='grc' dir='ltr'>φίλους</span> <span class='ocrx_word' id='word_1_420' title='bbox 1239 4177 1431 4246; x_wconf 73' lang='grc' dir='ltr'>αὑτοῦ,</span> <span class='ocrx_word' id='word_1_421' title='bbox 1486 4176 1581 4244; x_wconf 77' lang='grc' dir='ltr'><strong>οὓς</strong></span> <span class='ocrx_word' id='word_1_422' title='bbox 1634 4177 1734 4247; x_wconf 70' lang='grc' dir='ltr'>μὲν</span> <span class='ocrx_word' id='word_1_423' title='bbox 1782 4176 2009 4249; x_wconf 82' lang='grc' dir='ltr'>δαρμοῑς</span> 
     </span>
    </p>
   </div>
   <div class='ocr_carea' id='block_1_61' title="bbox 423 4266 2010 4346">
    <p class='ocr_par' dir='ltr' id='par_1_61' title="bbox 423 4266 2010 4346">
     <span class='ocr_line' id='line_1_61' title="bbox 423 4266 2010 4346; baseline -0.004 -18"><span class='ocrx_word' id='word_1_424' title='bbox 423 4275 723 4346; x_wconf 81' lang='grc' dir='ltr'>ἀφορήτοις</span> <span class='ocrx_word' id='word_1_425' title='bbox 749 4273 846 4328; x_wconf 75' lang='grc' dir='ltr'><strong>καὶ</strong></span> <span class='ocrx_word' id='word_1_426' title='bbox 868 4272 1265 4345; x_wconf 82' lang='grc' dir='ltr'>θανατηφόροις</span> <span class='ocrx_word' id='word_1_427' title='bbox 1288 4271 1601 4343; x_wconf 83' lang='grc' dir='ltr'>παρεδίδουν</span> <span class='ocrx_word' id='word_1_428' title='bbox 1625 4270 1859 4343; x_wconf 84' lang='grc' dir='ltr'>πληγαῖς</span> <span class='ocrx_word' id='word_1_429' title='bbox 1875 4285 1891 4299; x_wconf 87' lang='grc'><strong>·</strong></span> <span class='ocrx_word' id='word_1_430' title='bbox 1917 4266 2010 4333; x_wconf 82' lang='grc' dir='ltr'><strong>οὒς</strong></span> 
     </span>
    </p>
   </div>
   <div class='ocr_carea' id='block_1_62' title="bbox 427 4361 2007 4436">
    <p class='ocr_par' dir='ltr' id='par_1_62' title="bbox 427 4361 2007 4436">
     <span class='ocr_line' id='line_1_62' title="bbox 427 4361 2007 4436; baseline -0.003 -17"><span class='ocrx_word' id='word_1_431' title='bbox 427 4364 506 4430; x_wconf 80' lang='grc' dir='ltr'><strong>δὲ,</strong></span> <span class='ocrx_word' id='word_1_432' title='bbox 534 4366 596 4419; x_wconf 80' lang='grc' dir='ltr'><strong>τδ</strong></span> <span class='ocrx_word' id='word_1_433' title='bbox 628 4363 1175 4435; x_wconf 82' lang='grc' dir='ltr'>φιλανθρωπότατον,</span> <span class='ocrx_word' id='word_1_434' title='bbox 1234 4361 1575 4436; x_wconf 77' lang='grc' dir='ltr'>ὕπερὼριζον</span> <span class='ocrx_word' id='word_1_435' title='bbox 1623 4362 1723 4435; x_wconf 77' lang='grc' dir='ltr'><strong>τῆς</strong></span> <span class='ocrx_word' id='word_1_436' title='bbox 1778 4361 2007 4424; x_wconf 88' lang='grc' dir='ltr'>πόλεως.</span> 
     </span>
    </p>
   </div>
   <div class='ocr_carea' id='block_1_63' title="bbox 432 4452 2011 4529">
    <p class='ocr_par' dir='ltr' id='par_1_63' title="bbox 432 4452 2011 4529">
     <span class='ocr_line' id='line_1_63' title="bbox 432 4452 2011 4529; baseline -0.003 -20"><span class='ocrx_word' id='word_1_437' title='bbox 432 4454 563 4510; x_wconf 79' lang='grc' dir='ltr'>Ὅτε</span> <span class='ocrx_word' id='word_1_438' title='bbox 586 4456 650 4528; x_wconf 83' lang='grc' dir='ltr'>δὴ</span> <span class='ocrx_word' id='word_1_439' title='bbox 678 4456 772 4512; x_wconf 59' lang='grc' dir='ltr'><strong>καί⁸</strong></span> <span class='ocrx_word' id='word_1_440' title='bbox 798 4456 891 4510; x_wconf 80' lang='grc' dir='ltr'><strong>τὸν</strong></span> <span class='ocrx_word' id='word_1_441' title='bbox 924 4456 1312 4529; x_wconf 79' lang='grc' dir='ltr'>χαρτοφύλακα</span> <span class='ocrx_word' id='word_1_442' title='bbox 1336 4456 1566 4511; x_wconf 82' lang='grc' dir='ltr'>Βλάσιον</span> <span class='ocrx_word' id='word_1_443' title='bbox 1612 4454 1699 4508; x_wconf 79' lang='grc' dir='ltr'>διὰ</span> <span class='ocrx_word' id='word_1_444' title='bbox 1737 4454 1837 4525; x_wconf 80' lang='grc' dir='ltr'>τὴν</span> <span class='ocrx_word' id='word_1_445' title='bbox 1871 4452 2011 4524; x_wconf 73' lang='grc' dir='ltr'>ὑπὲρ</span> 
     </span>
    </p>
   </div>
   <div class='ocr_carea' id='block_1_64' title="bbox 2102 1949 3687 2022">
    <p class='ocr_par' dir='ltr' id='par_1_64' title="bbox 2102 1949 3687 2022">
     <span class='ocr_line' id='line_1_64' title="bbox 2102 1949 3687 2022; baseline 0 -16"><span class='ocrx_word' id='word_1_446' title='bbox 2102 1952 2182 2007; x_wconf 87' lang='lat' dir='ltr'><strong>les</strong></span> <span class='ocrx_word' id='word_1_447' title='bbox 2233 1949 2472 2021; x_wconf 72' lang='lat' dir='ltr'><strong>praefecti</strong></span> <span class='ocrx_word' id='word_1_448' title='bbox 2523 1960 2845 2020; x_wconf 84' lang='lat' dir='ltr'><strong>atrocesque</strong></span> <span class='ocrx_word' id='word_1_449' title='bbox 2890 1950 3152 2007; x_wconf 79' lang='lat' dir='ltr'><strong>satellites</strong></span> <span class='ocrx_word' id='word_1_450' title='bbox 3215 1952 3488 2022; x_wconf 74' lang='lat' dir='ltr'><strong>extemplo</strong></span> <span class='ocrx_word' id='word_1_451' title='bbox 3522 1951 3687 2007; x_wconf 81' lang='lat' dir='ltr'><strong>Terc-</strong></span> 
     </span>
    </p>
   </div>
   <div class='ocr_carea' id='block_1_65' title="bbox 2103 2040 3686 2112">
    <p class='ocr_par' dir='ltr' id='par_1_65' title="bbox 2103 2040 3686 2112">
     <span class='ocr_line' id='line_1_65' title="bbox 2103 2040 3686 2112; baseline 0.002 -15"><span class='ocrx_word' id='word_1_452' title='bbox 2103 2042 2353 2098; x_wconf 88' lang='lat' dir='ltr'><strong>binthum</strong></span> <span class='ocrx_word' id='word_1_453' title='bbox 2388 2050 2598 2112; x_wconf 90' lang='lat' dir='ltr'><strong>petunt,</strong></span> <span class='ocrx_word' id='word_1_454' title='bbox 2650 2040 2944 2109; x_wconf 84' lang='lat' dir='ltr'><strong>omniaque</strong></span> <span class='ocrx_word' id='word_1_455' title='bbox 2985 2055 3182 2111; x_wconf 86' lang='lat' dir='ltr'><strong>genera</strong></span> <span class='ocrx_word' id='word_1_456' title='bbox 3207 2041 3567 2112; x_wconf 69' lang='lat' dir='ltr'><strong>qumstionum</strong></span> <span class='ocrx_word' id='word_1_457' title='bbox 3597 2042 3686 2100; x_wconf 84' lang='lat' dir='ltr'><strong>in-</strong></span> 
     </span>
    </p>
   </div>
   <div class='ocr_carea' id='block_1_66' title="bbox 2103 2128 3686 2201">
    <p class='ocr_par' dir='ltr' id='par_1_66' title="bbox 2103 2128 3686 2201">
     <span class='ocr_line' id='line_1_66' title="bbox 2103 2128 3686 2201; baseline -0.001 -11"><span class='ocrx_word' id='word_1_458' title='bbox 2103 2133 2380 2198; x_wconf 76' lang='lat' dir='ltr'><strong>Stituunt,</strong></span> <span class='ocrx_word' id='word_1_459' title='bbox 2428 2144 2485 2187; x_wconf 90' lang='lat' dir='ltr'><strong>et</strong></span> <span class='ocrx_word' id='word_1_460' title='bbox 2530 2128 2767 2187; x_wconf 78' lang='lat' dir='ltr'><strong>famulos</strong></span> <span class='ocrx_word' id='word_1_461' title='bbox 2828 2129 3018 2201; x_wconf 81' lang='lat' dir='ltr'><strong>lgnatii</strong></span> <span class='ocrx_word' id='word_1_462' title='bbox 3082 2130 3367 2187; x_wconf 89' lang='lat' dir='ltr'><strong>tormentis</strong></span> <span class='ocrx_word' id='word_1_463' title='bbox 3428 2131 3686 2188; x_wconf 86' lang='lat' dir='ltr'><strong>omnibus</strong></span> 
     </span>
    </p>
   </div>
   <div class='ocr_carea' id='block_1_67' title="bbox 2101 2221 3687 2294">
    <p class='ocr_par' dir='ltr' id='par_1_67' title="bbox 2101 2221 3687 2294">
     <span class='ocr_line' id='line_1_67' title="bbox 2101 2221 3687 2294; baseline -0.001 -12"><span class='ocrx_word' id='word_1_464' title='bbox 2101 2226 2442 2282; x_wconf 77' lang='lat' dir='ltr'><strong>excruciant.</strong></span> <span class='ocrx_word' id='word_1_465' title='bbox 2484 2224 2782 2294; x_wconf 69' lang='lat' dir='ltr'><strong>Pomquam</strong></span> <span class='ocrx_word' id='word_1_466' title='bbox 2828 2237 2959 2278; x_wconf 88' lang='lat' dir='ltr'><strong>vero</strong></span> <span class='ocrx_word' id='word_1_467' title='bbox 3008 2221 3325 2279; x_wconf 84' lang='lat' dir='ltr'><strong>defecerunt</strong></span> <span class='ocrx_word' id='word_1_468' title='bbox 3376 2234 3687 2281; x_wconf 86' lang='lat' dir='ltr'><strong>scrutantes</strong></span> 
     </span>
    </p>
   </div>
   <div class='ocr_carea' id='block_1_68' title="bbox 2104 2314 3688 2390">
    <p class='ocr_par' dir='ltr' id='par_1_68' title="bbox 2104 2314 3688 2390">
     <span class='ocr_line' id='line_1_68' title="bbox 2104 2314 3688 2390; baseline -0.004 -13"><span class='ocrx_word' id='word_1_469' title='bbox 2104 2319 2391 2383; x_wconf 86' lang='lat' dir='ltr'><strong>scrutinia,</strong></span> <span class='ocrx_word' id='word_1_470' title='bbox 2439 2333 2540 2375; x_wconf 87' lang='lat' dir='ltr'><strong>nec</strong></span> <span class='ocrx_word' id='word_1_471' title='bbox 2570 2317 2872 2390; x_wconf 85' lang='lat' dir='ltr'><strong>quidquam</strong></span> <span class='ocrx_word' id='word_1_472' title='bbox 2906 2314 3399 2386; x_wconf 86' lang='lat' dir='ltr'><strong>deprehenderunt,</strong></span> <span class='ocrx_word' id='word_1_473' title='bbox 3430 2331 3541 2389; x_wconf 87' lang='lat' dir='ltr'><strong>quo</strong></span> <span class='ocrx_word' id='word_1_474' title='bbox 3563 2317 3688 2386; x_wconf 81' lang='lat' dir='ltr'><strong>jure</strong></span> 
     </span>
    </p>
   </div>
   <div class='ocr_carea' id='block_1_69' title="bbox 2104 2410 3683 2480">
    <p class='ocr_par' dir='ltr' id='par_1_69' title="bbox 2104 2410 3683 2480">
     <span class='ocr_line' id='line_1_69' title="bbox 2104 2410 3683 2480; baseline -0.003 -11"><span class='ocrx_word' id='word_1_475' title='bbox 2104 2415 2159 2469; x_wconf 93' lang='lat' dir='ltr'><strong>in</strong></span> <span class='ocrx_word' id='word_1_476' title='bbox 2216 2413 2366 2469; x_wconf 86' lang='lat' dir='ltr'><strong>illum</strong></span> <span class='ocrx_word' id='word_1_477' title='bbox 2420 2412 2936 2474; x_wconf 84' lang='lat' dir='ltr'><strong>animadverterent,</strong></span> <span class='ocrx_word' id='word_1_478' title='bbox 2989 2418 3177 2480; x_wconf 82' lang='lat' dir='ltr'><strong>aperto</strong></span> <span class='ocrx_word' id='word_1_479' title='bbox 3222 2410 3427 2467; x_wconf 86' lang='lat' dir='ltr'><strong>scelere</strong></span> <span class='ocrx_word' id='word_1_480' title='bbox 3468 2411 3683 2464; x_wconf 85' lang='lat' dir='ltr'><strong>iuequ</strong></span> 
     </span>
    </p>
   </div>
   <div class='ocr_carea' id='block_1_70' title="bbox 2104 2503 3686 2578">
    <p class='ocr_par' dir='ltr' id='par_1_70' title="bbox 2104 2503 3686 2578">
     <span class='ocr_line' id='line_1_70' title="bbox 2104 2503 3686 2578; baseline -0.001 -17"><span class='ocrx_word' id='word_1_481' title='bbox 2104 2516 2448 2578; x_wconf 73' lang='lat' dir='ltr'><strong>grassantur.</strong></span> <span class='ocrx_word' id='word_1_482' title='bbox 2481 2506 2771 2575; x_wconf 83' lang='lat' dir='ltr'><strong>Arreptum</strong></span> <span class='ocrx_word' id='word_1_483' title='bbox 2801 2504 2947 2560; x_wconf 88' lang='lat' dir='ltr'><strong>enim</strong></span> <span class='ocrx_word' id='word_1_484' title='bbox 2978 2503 3157 2559; x_wconf 86' lang='lat' dir='ltr'><strong>virum</strong></span> <span class='ocrx_word' id='word_1_485' title='bbox 3202 2513 3450 2559; x_wconf 86' lang='lat' dir='ltr'><strong>sanctum</strong></span> <span class='ocrx_word' id='word_1_486' title='bbox 3482 2510 3536 2559; x_wconf 82' lang='lat' dir='ltr'><strong>et</strong></span> <span class='ocrx_word' id='word_1_487' title='bbox 3554 2518 3686 2559; x_wconf 88' lang='lat' dir='ltr'><strong>suos</strong></span> 
     </span>
    </p>
   </div>
   <div class='ocr_carea' id='block_1_71' title="bbox 2102 2594 3685 2667">
    <p class='ocr_par' dir='ltr' id='par_1_71' title="bbox 2102 2594 3685 2667">
     <span class='ocr_line' id='line_1_71' title="bbox 2102 2594 3685 2667; baseline -0.001 -15"><span class='ocrx_word' id='word_1_488' title='bbox 2102 2598 2159 2653; x_wconf 84' lang='lat' dir='ltr'><strong>in</strong></span> <span class='ocrx_word' id='word_1_489' title='bbox 2207 2598 2443 2653; x_wconf 85' lang='lat' dir='ltr'><strong>insulam</strong></span> <span class='ocrx_word' id='word_1_490' title='bbox 2498 2595 2736 2652; x_wconf 74' lang='lat' dir='ltr'><strong>llieriam</strong></span> <span class='ocrx_word' id='word_1_491' title='bbox 2774 2594 3158 2663; x_wconf 83' lang='lat' dir='ltr'><strong>traduxerunt,</strong></span> <span class='ocrx_word' id='word_1_492' title='bbox 3212 2603 3375 2664; x_wconf 88' lang='lat' dir='ltr'><strong>atque</strong></span> <span class='ocrx_word' id='word_1_493' title='bbox 3418 2596 3685 2667; x_wconf 81' lang='lat' dir='ltr'><strong>lgnatium</strong></span> 
     </span>
    </p>
   </div>
   <div class='ocr_carea' id='block_1_72' title="bbox 2102 2685 3686 2757">
    <p class='ocr_par' dir='ltr' id='par_1_72' title="bbox 2102 2685 3686 2757">
     <span class='ocr_line' id='line_1_72' title="bbox 2102 2685 3686 2757; baseline -0.002 -11"><span class='ocrx_word' id='word_1_494' title='bbox 2102 2691 2346 2746; x_wconf 87' lang='lat' dir='ltr'><strong>vinetum</strong></span> <span class='ocrx_word' id='word_1_495' title='bbox 2390 2687 2607 2744; x_wconf 87' lang='lat' dir='ltr'><strong>stabulo</strong></span> <span class='ocrx_word' id='word_1_496' title='bbox 2640 2686 2893 2757; x_wconf 86' lang='lat' dir='ltr'><strong>eaprario</strong></span> <span class='ocrx_word' id='word_1_497' title='bbox 2938 2685 3297 2744; x_wconf 90' lang='lat' dir='ltr'><strong>incluserunt.</strong></span> <span class='ocrx_word' id='word_1_498' title='bbox 3346 2686 3479 2744; x_wconf 87' lang='lat' dir='ltr'><strong>lude</strong></span> <span class='ocrx_word' id='word_1_499' title='bbox 3516 2686 3584 2741; x_wconf 89' lang='lat' dir='ltr'><strong>ad</strong></span> <span class='ocrx_word' id='word_1_500' title='bbox 3619 2702 3686 2743; x_wconf 84' lang='lat' dir='ltr'><strong>ea</strong></span> 
     </span>
    </p>
   </div>
   <div class='ocr_carea' id='block_1_73' title="bbox 2104 2777 3687 2851">
    <p class='ocr_par' dir='ltr' id='par_1_73' title="bbox 2104 2777 3687 2851">
     <span class='ocr_line' id='line_1_73' title="bbox 2104 2777 3687 2851; baseline -0.003 -11"><span class='ocrx_word' id='word_1_501' title='bbox 2104 2785 2224 2840; x_wconf 88' lang='lat' dir='ltr'><strong>loca</strong></span> <span class='ocrx_word' id='word_1_502' title='bbox 2256 2780 2614 2846; x_wconf 81' lang='lat' dir='ltr'><strong>transferunt,</strong></span> <span class='ocrx_word' id='word_1_503' title='bbox 2645 2795 2768 2851; x_wconf 59' lang='lat' dir='ltr'><strong>quae</strong></span> <span class='ocrx_word' id='word_1_504' title='bbox 2792 2780 3032 2836; x_wconf 89' lang='lat' dir='ltr'><strong>Prometi</strong></span> <span class='ocrx_word' id='word_1_505' title='bbox 3060 2780 3383 2836; x_wconf 86' lang='lat' dir='ltr'><strong>dicebantur</strong></span> <span class='ocrx_word' id='word_1_506' title='bbox 3414 2796 3429 2846; x_wconf 88' lang='lat'><strong>;</strong></span> <span class='ocrx_word' id='word_1_507' title='bbox 3464 2779 3554 2834; x_wconf 91' lang='lat' dir='ltr'><strong>ubi</strong></span> <span class='ocrx_word' id='word_1_508' title='bbox 3578 2777 3687 2835; x_wconf 87' lang='lat' dir='ltr'><strong>Leo</strong></span> 
     </span>
    </p>
   </div>
   <div class='ocr_carea' id='block_1_74' title="bbox 2105 2874 3685 2950">
    <p class='ocr_par' dir='ltr' id='par_1_74' title="bbox 2105 2874 3685 2950">
     <span class='ocr_line' id='line_1_74' title="bbox 2105 2874 3685 2950; baseline -0.002 -15"><span class='ocrx_word' id='word_1_509' title='bbox 2105 2879 2194 2937; x_wconf 86' lang='lat' dir='ltr'><strong>ille</strong></span> <span class='ocrx_word' id='word_1_510' title='bbox 2246 2886 2609 2950; x_wconf 81' lang='lat' dir='ltr'><strong>cognomento</strong></span> <span class='ocrx_word' id='word_1_511' title='bbox 2660 2875 2880 2942; x_wconf 84' lang='lat' dir='ltr'><strong>Lalaco,</strong></span> <span class='ocrx_word' id='word_1_512' title='bbox 2923 2874 3287 2932; x_wconf 81' lang='lat' dir='ltr'><strong>Numerorum</strong></span> <span class='ocrx_word' id='word_1_513' title='bbox 3329 2875 3685 2939; x_wconf 85' lang='lat' dir='ltr'><strong>domesticus.</strong></span> 
     </span>
    </p>
   </div>
   <div class='ocr_carea' id='block_1_75' title="bbox 2106 2967 3686 3039">
    <p class='ocr_par' dir='ltr' id='par_1_75' title="bbox 2106 2967 3686 3039">
     <span class='ocr_line' id='line_1_75' title="bbox 2106 2967 3686 3039; baseline -0.004 -11"><span class='ocrx_word' id='word_1_514' title='bbox 2106 2984 2216 3029; x_wconf 77' lang='lat' dir='ltr'><strong>tam</strong></span> <span class='ocrx_word' id='word_1_515' title='bbox 2248 2970 2568 3028; x_wconf 89' lang='lat' dir='ltr'><strong>immaniter</strong></span> <span class='ocrx_word' id='word_1_516' title='bbox 2607 2968 2854 3039; x_wconf 87' lang='lat' dir='ltr'><strong>colaphis</strong></span> <span class='ocrx_word' id='word_1_517' title='bbox 2883 2983 3051 3039; x_wconf 89' lang='lat' dir='ltr'><strong>genas</strong></span> <span class='ocrx_word' id='word_1_518' title='bbox 3078 2967 3226 3023; x_wconf 91' lang='lat' dir='ltr'><strong>illius</strong></span> <span class='ocrx_word' id='word_1_519' title='bbox 3253 2967 3467 3032; x_wconf 84' lang='lat' dir='ltr'><strong>cecidit,</strong></span> <span class='ocrx_word' id='word_1_520' title='bbox 3504 2975 3563 3022; x_wconf 91' lang='lat' dir='ltr'><strong>ut</strong></span> <span class='ocrx_word' id='word_1_521' title='bbox 3593 2982 3686 3022; x_wconf 88' lang='lat' dir='ltr'><strong>sa-</strong></span> 
     </span>
    </p>
   </div>
   <div class='ocr_carea' id='block_1_76' title="bbox 2106 3060 3685 3123">
    <p class='ocr_par' dir='ltr' id='par_1_76' title="bbox 2106 3060 3685 3123">
     <span class='ocr_line' id='line_1_76' title="bbox 2106 3060 3685 3123; baseline -0.004 0"><span class='ocrx_word' id='word_1_522' title='bbox 2106 3066 2420 3123; x_wconf 87' lang='lat' dir='ltr'><strong>cratissimo</strong></span> <span class='ocrx_word' id='word_1_523' title='bbox 2478 3065 2598 3121; x_wconf 90' lang='lat' dir='ltr'><strong>seni</strong></span> <span class='ocrx_word' id='word_1_524' title='bbox 2651 3064 2792 3118; x_wconf 89' lang='lat' dir='ltr'><strong>duos</strong></span> <span class='ocrx_word' id='word_1_525' title='bbox 2854 3060 3093 3117; x_wconf 84' lang='lat' dir='ltr'><strong>molares</strong></span> <span class='ocrx_word' id='word_1_526' title='bbox 3139 3068 3419 3116; x_wconf 78' lang='lat' dir='ltr'><strong>excuteret</strong></span> <span class='ocrx_word' id='word_1_527' title='bbox 3472 3061 3685 3117; x_wconf 89' lang='lat' dir='ltr'><strong>dentes.</strong></span> 
     </span>
    </p>
   </div>
   <div class='ocr_carea' id='block_1_77' title="bbox 2110 3150 3688 3224">
    <p class='ocr_par' dir='ltr' id='par_1_77' title="bbox 2110 3150 3688 3224">
     <span class='ocr_line' id='line_1_77' title="bbox 2110 3150 3688 3224; baseline -0.003 -11"><span class='ocrx_word' id='word_1_528' title='bbox 2110 3158 2310 3213; x_wconf 77' lang='lat' dir='ltr'><strong>Deinde</strong></span> <span class='ocrx_word' id='word_1_529' title='bbox 2365 3155 2613 3211; x_wconf 81' lang='lat' dir='ltr'><strong>vectibus</strong></span> <span class='ocrx_word' id='word_1_530' title='bbox 2661 3150 2933 3224; x_wconf 87' lang='lat' dir='ltr'><strong>geminis,</strong></span> <span class='ocrx_word' id='word_1_531' title='bbox 2990 3150 3261 3207; x_wconf 87' lang='lat' dir='ltr'><strong>latronum</strong></span> <span class='ocrx_word' id='word_1_532' title='bbox 3291 3150 3497 3215; x_wconf 84' lang='lat' dir='ltr'><strong>instar,</strong></span> <span class='ocrx_word' id='word_1_533' title='bbox 3522 3151 3688 3221; x_wconf 85' lang='lat' dir='ltr'><strong>pedes</strong></span> 
     </span>
    </p>
   </div>
   <div class='ocr_carea' id='block_1_78' title="bbox 2106 3243 3688 3318">
    <p class='ocr_par' dir='ltr' id='par_1_78' title="bbox 2106 3243 3688 3318">
     <span class='ocr_line' id='line_1_78' title="bbox 2106 3243 3688 3318; baseline -0.008 -10"><span class='ocrx_word' id='word_1_534' title='bbox 2106 3251 2444 3308; x_wconf 87' lang='lat' dir='ltr'><strong>strinxerunt</strong></span> <span class='ocrx_word' id='word_1_535' title='bbox 2471 3253 2851 3318; x_wconf 85' lang='lat' dir='ltr'><strong>;angustoque</strong></span> <span class='ocrx_word' id='word_1_536' title='bbox 2882 3243 3200 3299; x_wconf 82' lang='lat' dir='ltr'><strong>conclusum</strong></span> <span class='ocrx_word' id='word_1_537' title='bbox 3224 3245 3521 3314; x_wconf 83' lang='lat' dir='ltr'><strong>ergastulo,</strong></span> <span class='ocrx_word' id='word_1_538' title='bbox 3550 3245 3688 3298; x_wconf 88' lang='lat' dir='ltr'><strong>duo-</strong></span> 
     </span>
    </p>
   </div>
   <div class='ocr_carea' id='block_1_79' title="bbox 2104 3333 3689 3409">
    <p class='ocr_par' dir='ltr' id='par_1_79' title="bbox 2104 3333 3689 3409">
     <span class='ocr_line' id='line_1_79' title="bbox 2104 3333 3689 3409; baseline -0.008 -9"><span class='ocrx_word' id='word_1_539' title='bbox 2104 3343 2210 3399; x_wconf 85' lang='lat' dir='ltr'><strong>bus</strong></span> <span class='ocrx_word' id='word_1_540' title='bbox 2254 3340 2520 3397; x_wconf 81' lang='lat' dir='ltr'><strong>duntaxat</strong></span> <span class='ocrx_word' id='word_1_541' title='bbox 2567 3337 2751 3409; x_wconf 87' lang='lat' dir='ltr'><strong>pueris</strong></span> <span class='ocrx_word' id='word_1_542' title='bbox 2782 3333 3125 3391; x_wconf 86' lang='lat' dir='ltr'><strong>administris</strong></span> <span class='ocrx_word' id='word_1_543' title='bbox 3158 3333 3234 3389; x_wconf 77' lang='lat' dir='ltr'><strong>illi</strong></span> <span class='ocrx_word' id='word_1_544' title='bbox 3269 3335 3566 3393; x_wconf 85' lang='lat' dir='ltr'><strong>concessis.</strong></span> <span class='ocrx_word' id='word_1_545' title='bbox 3597 3350 3689 3388; x_wconf 84' lang='lat' dir='ltr'><strong>re-</strong></span> 
     </span>
    </p>
   </div>
   <div class='ocr_carea' id='block_1_80' title="bbox 2104 3428 3688 3506">
    <p class='ocr_par' dir='ltr' id='par_1_80' title="bbox 2104 3428 3688 3506">
     <span class='ocr_line' id='line_1_80' title="bbox 2104 3428 3688 3506; baseline -0.014 -14"><span class='ocrx_word' id='word_1_546' title='bbox 2104 3436 2399 3506; x_wconf 81' lang='lat' dir='ltr'><strong>liquerunt.</strong></span> <span class='ocrx_word' id='word_1_547' title='bbox 2422 3430 2559 3487; x_wconf 88' lang='lat' dir='ltr'><strong>Tota</strong></span> <span class='ocrx_word' id='word_1_548' title='bbox 2588 3438 2769 3485; x_wconf 85' lang='lat' dir='ltr'><strong>autem</strong></span> <span class='ocrx_word' id='word_1_549' title='bbox 2793 3429 2874 3484; x_wconf 88' lang='lat' dir='ltr'><strong>vis</strong></span> <span class='ocrx_word' id='word_1_550' title='bbox 2904 3430 3016 3483; x_wconf 69' lang='lat' dir='ltr'><strong>haec</strong></span> <span class='ocrx_word' id='word_1_551' title='bbox 3035 3435 3089 3482; x_wconf 90' lang='lat' dir='ltr'><strong>et</strong></span> <span class='ocrx_word' id='word_1_552' title='bbox 3111 3428 3325 3484; x_wconf 81' lang='lat' dir='ltr'><strong>vexatio</strong></span> <span class='ocrx_word' id='word_1_553' title='bbox 3351 3443 3417 3482; x_wconf 90' lang='lat' dir='ltr'><strong>eo</strong></span> <span class='ocrx_word' id='word_1_554' title='bbox 3447 3429 3688 3497; x_wconf 83' lang='lat' dir='ltr'><strong>pertine.</strong></span> 
     </span>
    </p>
   </div>
   <div class='ocr_carea' id='block_1_81' title="bbox 2104 3518 3691 3596">
    <p class='ocr_par' dir='ltr' id='par_1_81' title="bbox 2104 3518 3691 3596">
     <span class='ocr_line' id='line_1_81' title="bbox 2104 3518 3691 3596; baseline -0.006 -12"><span class='ocrx_word' id='word_1_555' title='bbox 2104 3527 2218 3592; x_wconf 89' lang='lat' dir='ltr'><strong>bat,</strong></span> <span class='ocrx_word' id='word_1_556' title='bbox 2232 3534 2289 3580; x_wconf 89' lang='lat' dir='ltr'><strong>ut</strong></span> <span class='ocrx_word' id='word_1_557' title='bbox 2308 3523 2547 3596; x_wconf 85' lang='lat' dir='ltr'><strong>lgnatius</strong></span> <span class='ocrx_word' id='word_1_558' title='bbox 2559 3520 2914 3578; x_wconf 86' lang='lat' dir='ltr'><strong>abdicationis</strong></span> <span class='ocrx_word' id='word_1_559' title='bbox 2935 3518 3178 3574; x_wconf 87' lang='lat' dir='ltr'><strong>libellum</strong></span> <span class='ocrx_word' id='word_1_560' title='bbox 3208 3519 3356 3576; x_wconf 83' lang='lat' dir='ltr'><strong>scrib</strong></span> <span class='ocrx_word' id='word_1_561' title='bbox 3375 3529 3490 3586; x_wconf 86' lang='lat' dir='ltr'><strong>-ret,</strong></span> <span class='ocrx_word' id='word_1_562' title='bbox 3523 3534 3691 3590; x_wconf 83' lang='lat' dir='ltr'><strong>spon-</strong></span> 
     </span>
    </p>
   </div>
   <div class='ocr_carea' id='block_1_82' title="bbox 2104 3610 3687 3688">
    <p class='ocr_par' dir='ltr' id='par_1_82' title="bbox 2104 3610 3687 3688">
     <span class='ocr_line' id='line_1_82' title="bbox 2104 3610 3687 3688; baseline -0.004 -13"><span class='ocrx_word' id='word_1_563' title='bbox 2104 3628 2269 3688; x_wconf 89' lang='lat' dir='ltr'><strong>teque</strong></span> <span class='ocrx_word' id='word_1_564' title='bbox 2314 3617 2513 3671; x_wconf 89' lang='lat' dir='ltr'><strong>throno</strong></span> <span class='ocrx_word' id='word_1_565' title='bbox 2555 3611 2961 3685; x_wconf 85' lang='lat' dir='ltr'><strong>patriarchatus</strong></span> <span class='ocrx_word' id='word_1_566' title='bbox 3014 3611 3250 3667; x_wconf 87' lang='lat' dir='ltr'><strong>cederet.</strong></span> <span class='ocrx_word' id='word_1_567' title='bbox 3295 3610 3401 3667; x_wconf 88' lang='lat' dir='ltr'><strong>Sed</strong></span> <span class='ocrx_word' id='word_1_568' title='bbox 3424 3612 3687 3683; x_wconf 85' lang='lat' dir='ltr'><strong>lguatlus,</strong></span> 
     </span>
    </p>
   </div>
   <div class='ocr_carea' id='block_1_83' title="bbox 2105 3702 3688 3777">
    <p class='ocr_par' dir='ltr' id='par_1_83' title="bbox 2105 3702 3688 3777">
     <span class='ocr_line' id='line_1_83' title="bbox 2105 3702 3688 3777; baseline -0.003 -13"><span class='ocrx_word' id='word_1_569' title='bbox 2105 3724 2230 3764; x_wconf 89' lang='lat' dir='ltr'><strong>cum</strong></span> <span class='ocrx_word' id='word_1_570' title='bbox 2273 3708 2460 3777; x_wconf 88' lang='lat' dir='ltr'><strong>lupum</strong></span> <span class='ocrx_word' id='word_1_571' title='bbox 2492 3704 2546 3759; x_wconf 90' lang='lat' dir='ltr'><strong>in</strong></span> <span class='ocrx_word' id='word_1_572' title='bbox 2589 3718 2803 3775; x_wconf 83' lang='lat' dir='ltr'><strong>gregem</strong></span> <span class='ocrx_word' id='word_1_573' title='bbox 2837 3702 3092 3759; x_wconf 85' lang='lat' dir='ltr'><strong>atrociter</strong></span> <span class='ocrx_word' id='word_1_574' title='bbox 3131 3703 3371 3773; x_wconf 77' lang='lat' dir='ltr'><strong>grassari</strong></span> <span class='ocrx_word' id='word_1_575' title='bbox 3419 3715 3688 3768; x_wconf 88' lang='lat' dir='ltr'><strong>cerneret,</strong></span> 
     </span>
    </p>
   </div>
   <div class='ocr_carea' id='block_1_84' title="bbox 2106 3792 3690 3871">
    <p class='ocr_par' dir='ltr' id='par_1_84' title="bbox 2106 3792 3690 3871">
     <span class='ocr_line' id='line_1_84' title="bbox 2106 3792 3690 3871; baseline -0.002 -18"><span class='ocrx_word' id='word_1_576' title='bbox 2106 3806 2373 3871; x_wconf 86' lang='lat' dir='ltr'><strong>quantum</strong></span> <span class='ocrx_word' id='word_1_577' title='bbox 2435 3804 2685 3867; x_wconf 82' lang='lat' dir='ltr'><strong>poterat.</strong></span> <span class='ocrx_word' id='word_1_578' title='bbox 2738 3793 3001 3865; x_wconf 89' lang='lat' dir='ltr'><strong>impetum</strong></span> <span class='ocrx_word' id='word_1_579' title='bbox 3062 3794 3411 3863; x_wconf 86' lang='lat' dir='ltr'><strong>reprimebat.</strong></span> <span class='ocrx_word' id='word_1_580' title='bbox 3478 3792 3690 3862; x_wconf 74' lang='lat' dir='ltr'><strong>ElupSiS</strong></span> 
     </span>
    </p>
   </div>
   <div class='ocr_carea' id='block_1_85' title="bbox 2108 3883 3689 3952">
    <p class='ocr_par' dir='ltr' id='par_1_85' title="bbox 2108 3883 3689 3952">
     <span class='ocr_line' id='line_1_85' title="bbox 2108 3883 3689 3952; baseline -0.005 -6"><span class='ocrx_word' id='word_1_581' title='bbox 2108 3897 2292 3946; x_wconf 88' lang='lat' dir='ltr'><strong>autem</strong></span> <span class='ocrx_word' id='word_1_582' title='bbox 2332 3887 2477 3943; x_wconf 84' lang='lat' dir='ltr'><strong>haud</strong></span> <span class='ocrx_word' id='word_1_583' title='bbox 2510 3885 2699 3942; x_wconf 88' lang='lat' dir='ltr'><strong>multis</strong></span> <span class='ocrx_word' id='word_1_584' title='bbox 2731 3885 2857 3943; x_wconf 89' lang='lat' dir='ltr'><strong>inde</strong></span> <span class='ocrx_word' id='word_1_585' title='bbox 2885 3885 3101 3952; x_wconf 84' lang='lat' dir='ltr'><strong>diebus,</strong></span> <span class='ocrx_word' id='word_1_586' title='bbox 3138 3884 3191 3938; x_wconf 92' lang='lat' dir='ltr'><strong>in</strong></span> <span class='ocrx_word' id='word_1_587' title='bbox 3237 3883 3471 3941; x_wconf 73' lang='lat' dir='ltr'><strong>Numera</strong></span> <span class='ocrx_word' id='word_1_588' title='bbox 3515 3884 3689 3939; x_wconf 89' lang='lat' dir='ltr'><strong>dedu-</strong></span> 
     </span>
    </p>
   </div>
   <div class='ocr_carea' id='block_1_86' title="bbox 2107 3977 3690 4050">
    <p class='ocr_par' dir='ltr' id='par_1_86' title="bbox 2107 3977 3690 4050">
     <span class='ocr_line' id='line_1_86' title="bbox 2107 3977 3690 4050; baseline -0.006 -10"><span class='ocrx_word' id='word_1_589' title='bbox 2107 3993 2280 4050; x_wconf 89' lang='lat' dir='ltr'><strong>ctum,</strong></span> <span class='ocrx_word' id='word_1_590' title='bbox 2323 3982 2376 4037; x_wconf 91' lang='lat' dir='ltr'><strong>in</strong></span> <span class='ocrx_word' id='word_1_591' title='bbox 2419 3994 2640 4036; x_wconf 85' lang='lat' dir='ltr'><strong>carcere</strong></span> <span class='ocrx_word' id='word_1_592' title='bbox 2684 3977 2893 4035; x_wconf 87' lang='lat' dir='ltr'><strong>catenis</strong></span> <span class='ocrx_word' id='word_1_593' title='bbox 2937 3985 3213 4033; x_wconf 87' lang='lat' dir='ltr'><strong>onerant:</strong></span> <span class='ocrx_word' id='word_1_594' title='bbox 3263 3978 3386 4032; x_wconf 91' lang='lat' dir='ltr'><strong>dein</strong></span> <span class='ocrx_word' id='word_1_595' title='bbox 3439 3977 3690 4046; x_wconf 83' lang='lat' dir='ltr'><strong>Augusto</strong></span> 
     </span>
    </p>
   </div>
   <div class='ocr_carea' id='block_1_87' title="bbox 2108 4067 3687 4145">
    <p class='ocr_par' dir='ltr' id='par_1_87' title="bbox 2108 4067 3687 4145">
     <span class='ocr_line' id='line_1_87' title="bbox 2108 4067 3687 4145; baseline -0.006 -12"><span class='ocrx_word' id='word_1_596' title='bbox 2108 4090 2297 4133; x_wconf 88' lang='lat' dir='ltr'><strong>mense</strong></span> <span class='ocrx_word' id='word_1_597' title='bbox 2322 4082 2629 4145; x_wconf 86' lang='lat' dir='ltr'><strong>appetente,</strong></span> <span class='ocrx_word' id='word_1_598' title='bbox 2654 4072 2708 4126; x_wconf 92' lang='lat' dir='ltr'><strong>in</strong></span> <span class='ocrx_word' id='word_1_599' title='bbox 2739 4069 3015 4140; x_wconf 86' lang='lat' dir='ltr'><strong>navigium</strong></span> <span class='ocrx_word' id='word_1_600' title='bbox 3044 4068 3349 4140; x_wconf 80' lang='lat' dir='ltr'><strong>conjectum</strong></span> <span class='ocrx_word' id='word_1_601' title='bbox 3376 4067 3687 4140; x_wconf 64' lang='lat' dir='ltr'><strong>Mitylenem</strong></span> 
     </span>
    </p>
   </div>
   <div class='ocr_carea' id='block_1_88' title="bbox 2108 4157 3689 4237">
    <p class='ocr_par' dir='ltr' id='par_1_88' title="bbox 2108 4157 3689 4237">
     <span class='ocr_line' id='line_1_88' title="bbox 2108 4157 3689 4237; baseline -0.008 -14"><span class='ocrx_word' id='word_1_602' title='bbox 2108 4168 2417 4237; x_wconf 88' lang='lat' dir='ltr'><strong>deportant.</strong></span> <span class='ocrx_word' id='word_1_603' title='bbox 2442 4162 2610 4219; x_wconf 85' lang='lat' dir='ltr'><strong>Porro</strong></span> <span class='ocrx_word' id='word_1_604' title='bbox 2627 4176 2724 4217; x_wconf 90' lang='lat' dir='ltr'><strong>eos</strong></span> <span class='ocrx_word' id='word_1_605' title='bbox 2752 4160 2847 4231; x_wconf 89' lang='lat' dir='ltr'><strong>qui</strong></span> <span class='ocrx_word' id='word_1_606' title='bbox 2873 4159 3213 4216; x_wconf 83' lang='lat' dir='ltr'><strong>habebantur</strong></span> <span class='ocrx_word' id='word_1_607' title='bbox 3241 4158 3361 4230; x_wconf 90' lang='lat' dir='ltr'><strong>ejus</strong></span> <span class='ocrx_word' id='word_1_608' title='bbox 3389 4157 3689 4215; x_wconf 74' lang='lat' dir='ltr'><strong>familiares</strong></span> 
     </span>
    </p>
   </div>
   <div class='ocr_carea' id='block_1_89' title="bbox 2108 4246 3690 4323">
    <p class='ocr_par' dir='ltr' id='par_1_89' title="bbox 2108 4246 3690 4323">
     <span class='ocr_line' id='line_1_89' title="bbox 2108 4246 3690 4323; baseline -0.008 -6"><span class='ocrx_word' id='word_1_609' title='bbox 2108 4269 2163 4317; x_wconf 91' lang='lat' dir='ltr'><strong>et</strong></span> <span class='ocrx_word' id='word_1_610' title='bbox 2211 4259 2395 4323; x_wconf 88' lang='lat' dir='ltr'><strong>amici,</strong></span> <span class='ocrx_word' id='word_1_611' title='bbox 2441 4253 2859 4312; x_wconf 75' lang='lat' dir='ltr'><strong>imnianissimis</strong></span> <span class='ocrx_word' id='word_1_612' title='bbox 2940 4252 3331 4308; x_wconf 81' lang='lat' dir='ltr'><strong>cruciamentis</strong></span> <span class='ocrx_word' id='word_1_613' title='bbox 3406 4246 3690 4322; x_wconf 77' lang='lat' dir='ltr'><strong>plagisque</strong></span> 
     </span>
    </p>
   </div>
   <div class='ocr_carea' id='block_1_90' title="bbox 2109 4344 3689 4420">
    <p class='ocr_par' dir='ltr' id='par_1_90' title="bbox 2109 4344 3689 4420">
     <span class='ocr_line' id='line_1_90' title="bbox 2109 4344 3689 4420; baseline -0.005 -12"><span class='ocrx_word' id='word_1_614' title='bbox 2109 4351 2404 4408; x_wconf 83' lang='lat' dir='ltr'><strong>lethalibus</strong></span> <span class='ocrx_word' id='word_1_615' title='bbox 2454 4346 2807 4403; x_wconf 69' lang='lat' dir='ltr'><strong>adiciebant:</strong></span> <span class='ocrx_word' id='word_1_616' title='bbox 2862 4360 2999 4420; x_wconf 88' lang='lat' dir='ltr'><strong>quos</strong></span> <span class='ocrx_word' id='word_1_617' title='bbox 3045 4355 3229 4402; x_wconf 89' lang='lat' dir='ltr'><strong>autem</strong></span> <span class='ocrx_word' id='word_1_618' title='bbox 3293 4344 3689 4401; x_wconf 88' lang='lat' dir='ltr'><strong>humanissime</strong></span> 
     </span>
    </p>
   </div>
   <div class='ocr_carea' id='block_1_91' title="bbox 2112 4461 3689 4534">
    <p class='ocr_par' dir='ltr' id='par_1_91' title="bbox 2112 4461 3689 4534">
     <span class='ocr_line' id='line_1_91' title="bbox 2112 4461 3689 4534; baseline -0.005 -10"><span class='ocrx_word' id='word_1_619' title='bbox 2112 4468 2437 4529; x_wconf 81' lang='lat' dir='ltr'><strong>tractabant,</strong></span> <span class='ocrx_word' id='word_1_620' title='bbox 2456 4464 2654 4523; x_wconf 88' lang='lat' dir='ltr'><strong>exsilio</strong></span> <span class='ocrx_word' id='word_1_621' title='bbox 2678 4462 3009 4530; x_wconf 84' lang='lat' dir='ltr'><strong>multabant;</strong></span> <span class='ocrx_word' id='word_1_622' title='bbox 3040 4461 3331 4533; x_wconf 86' lang='lat' dir='ltr'><strong>Blasioque</strong></span> <span class='ocrx_word' id='word_1_623' title='bbox 3352 4462 3689 4534; x_wconf 56' lang='lat' dir='ltr'><strong>cliartOphyr</strong></span> 
     </span>
    </p>
   </div>
   <div class='ocr_carea' id='block_1_92' title="bbox 431 4547 2004 4625">
    <p class='ocr_par' dir='ltr' id='par_1_92' title="bbox 431 4547 2004 4623">
     <span class='ocr_line' id='line_1_92' title="bbox 431 4547 2004 4623; baseline -0.002 -19"><span class='ocrx_word' id='word_1_624' title='bbox 431 4550 530 4622; x_wconf 84' lang='grc' dir='ltr'>τῆς</span> <span class='ocrx_word' id='word_1_625' title='bbox 547 4548 802 4616; x_wconf 83' lang='grc' dir='ltr'>ἀληθείας</span> <span class='ocrx_word' id='word_1_626' title='bbox 830 4553 1145 4623; x_wconf 77' lang='grc' dir='ltr'>παρρησίαν</span> <span class='ocrx_word' id='word_1_627' title='bbox 1168 4548 1676 4620; x_wconf 85' lang='grc' dir='ltr'>ἐγλωσσοτόμησαν.</span> <span class='ocrx_word' id='word_1_628' title='bbox 1717 4547 1805 4600; x_wconf 87' lang='grc' dir='ltr'>Ἐν</span> <span class='ocrx_word' id='word_1_629' title='bbox 1834 4547 2004 4601; x_wconf 62' lang='lat' dir='ltr'><strong>Miso-</strong></span> 
     </span>
    </p>
   </div>
   <div class='ocr_carea' id='block_1_93' title="bbox 2106 4547 3688 4625">
    <p class='ocr_par' dir='ltr' id='par_1_93' title="bbox 2112 4555 3688 4625">
     <span class='ocr_line' id='line_1_93' title="bbox 2112 4555 3688 4625; baseline -0.004 -9"><span class='ocrx_word' id='word_1_630' title='bbox 2112 4562 2212 4616; x_wconf 84' lang='lat' dir='ltr'><strong>laei</strong></span> <span class='ocrx_word' id='word_1_631' title='bbox 2241 4560 2310 4614; x_wconf 87' lang='lat' dir='ltr'><strong>ob</strong></span> <span class='ocrx_word' id='word_1_632' title='bbox 2335 4558 2493 4613; x_wconf 86' lang='lat' dir='ltr'><strong>iidem</strong></span> <span class='ocrx_word' id='word_1_633' title='bbox 2517 4570 2571 4613; x_wconf 92' lang='lat' dir='ltr'><strong>et</strong></span> <span class='ocrx_word' id='word_1_634' title='bbox 2602 4556 2816 4613; x_wconf 88' lang='lat' dir='ltr'><strong>dicendi</strong></span> <span class='ocrx_word' id='word_1_635' title='bbox 2850 4556 3152 4611; x_wconf 86' lang='lat' dir='ltr'><strong>libertatem</strong></span> <span class='ocrx_word' id='word_1_636' title='bbox 3187 4556 3426 4625; x_wconf 84' lang='lat' dir='ltr'><strong>linguam</strong></span> <span class='ocrx_word' id='word_1_637' title='bbox 3458 4555 3688 4613; x_wconf 84' lang='lat' dir='ltr'><strong>detrun-</strong></span> 
     </span>
    </p>
   </div>
   <div class='ocr_carea' id='block_1_94' title="bbox 430 4639 2009 4716">
    <p class='ocr_par' dir='ltr' id='par_1_94' title="bbox 430 4639 2009 4716">
     <span class='ocr_line' id='line_1_94' title="bbox 430 4639 2009 4716; baseline -0.004 -21"><span class='ocrx_word' id='word_1_638' title='bbox 430 4641 569 4714; x_wconf 75' lang='grc' dir='ltr'><strong>λήγῃ</strong></span> <span class='ocrx_word' id='word_1_639' title='bbox 593 4641 651 4695; x_wconf 77' lang='grc' dir='ltr'>δὲ</span> <span class='ocrx_word' id='word_1_640' title='bbox 675 4642 1108 4716; x_wconf 82' lang='grc' dir='ltr'>διατρίϐοντος,ό</span> <span class='ocrx_word' id='word_1_641' title='bbox 1126 4641 1327 4705; x_wconf 79' lang='grc' dir='ltr'>Φὼτιος</span> <span class='ocrx_word' id='word_1_642' title='bbox 1342 4640 1441 4713; x_wconf 71' lang='grc' dir='ltr'>τὴν</span> <span class='ocrx_word' id='word_1_643' title='bbox 1467 4641 1589 4697; x_wconf 85' lang='grc' dir='ltr'>κατ’</span> <span class='ocrx_word' id='word_1_644' title='bbox 1610 4640 1771 4695; x_wconf 82' lang='grc' dir='ltr'>αὑτὸν</span> <span class='ocrx_word' id='word_1_645' title='bbox 1805 4639 2009 4710; x_wconf 86' lang='grc' dir='ltr'>ἐκκλη-</span> 
     </span>
    </p>
   </div>
   <div class='ocr_carea' id='block_1_95' title="bbox 429 4728 2009 4807">
    <p class='ocr_par' dir='ltr' id='par_1_95' title="bbox 429 4728 2009 4807">
     <span class='ocr_line' id='line_1_95' title="bbox 429 4728 2009 4807; baseline -0.004 -18"><span class='ocrx_word' id='word_1_646' title='bbox 429 4736 553 4789; x_wconf 86' lang='grc' dir='ltr'>σίαν</span> <span class='ocrx_word' id='word_1_647' title='bbox 597 4734 706 4789; x_wconf 88' lang='grc' dir='ltr'><strong>τῶν</strong></span> <span class='ocrx_word' id='word_1_648' title='bbox 734 4736 1186 4807; x_wconf 77' lang='grc' dir='ltr'>πονηρευομὲνων</span> <span class='ocrx_word' id='word_1_649' title='bbox 1235 4733 1575 4804; x_wconf 84' lang='grc' dir='ltr'>συναγαγὼν,</span> <span class='ocrx_word' id='word_1_650' title='bbox 1608 4732 1702 4787; x_wconf 75' lang='grc' dir='ltr'>καὶ</span> <span class='ocrx_word' id='word_1_651' title='bbox 1755 4730 1889 4802; x_wconf 73' lang='grc' dir='ltr'>πρὸς</span> <span class='ocrx_word' id='word_1_652' title='bbox 1931 4728 2009 4802; x_wconf 86' lang='grc' dir='ltr'>τῷ</span> 
     </span>
    </p>
   </div>
   <div class='ocr_carea' id='block_1_96' title="bbox 424 4823 2006 4903">
    <p class='ocr_par' dir='ltr' id='par_1_96' title="bbox 424 4823 2006 4903">
     <span class='ocr_line' id='line_1_96' title="bbox 424 4823 2006 4903; baseline -0.005 -18"><span class='ocrx_word' id='word_1_653' title='bbox 424 4828 559 4903; x_wconf 82' lang='grc' dir='ltr'>ίερῷ</span> <span class='ocrx_word' id='word_1_654' title='bbox 585 4828 807 4900; x_wconf 84' lang='grc' dir='ltr'>τεμένει</span> <span class='ocrx_word' id='word_1_655' title='bbox 834 4828 943 4883; x_wconf 85' lang='grc' dir='ltr'><strong>τῶν</strong></span> <span class='ocrx_word' id='word_1_656' title='bbox 973 4827 1308 4896; x_wconf 80' lang='grc' dir='ltr'>πανενδόξιυν</span> <span class='ocrx_word' id='word_1_657' title='bbox 1338 4826 1674 4881; x_wconf 62' lang='grc' dir='ltr'>’.ἀποστόλων</span> <span class='ocrx_word' id='word_1_658' title='bbox 1694 4823 2006 4894; x_wconf 83' lang='grc' dir='ltr'>γενόμενος,</span> 
     </span>
    </p>
   </div>
   <div class='ocr_carea' id='block_1_97' title="bbox 421 4916 2008 4991">
    <p class='ocr_par' dir='ltr' id='par_1_97' title="bbox 421 4916 2008 4991">
     <span class='ocr_line' id='line_1_97' title="bbox 421 4916 2008 4991; baseline -0.006 -13"><span class='ocrx_word' id='word_1_659' title='bbox 421 4921 748 4991; x_wconf 81' lang='grc' dir='ltr'>καθαίρεσιν</span> <span class='ocrx_word' id='word_1_660' title='bbox 767 4918 1126 4989; x_wconf 81' lang='grc' dir='ltr'>ἀποφαίνεται</span> <span class='ocrx_word' id='word_1_661' title='bbox 1159 4918 1299 4971; x_wconf 85' lang='grc' dir='ltr'><strong>κατά</strong></span> <span class='ocrx_word' id='word_1_662' title='bbox 1325 4916 1421 4971; x_wconf 79' lang='grc' dir='ltr'>τοῦ</span> <span class='ocrx_word' id='word_1_663' title='bbox 1441 4918 1516 4989; x_wconf 76' lang='grc' dir='ltr'>μὴ</span> <span class='ocrx_word' id='word_1_664' title='bbox 1550 4918 1816 4988; x_wconf 85' lang='grc' dir='ltr'>παρόντος</span> <span class='ocrx_word' id='word_1_665' title='bbox 1833 4916 2008 4980; x_wconf 79' lang='grc' dir='ltr'>Ἰγνα-</span> 
     </span>
    </p>
   </div>
   <div class='ocr_carea' id='block_1_98' title="bbox 421 5008 2010 5082">
    <p class='ocr_par' dir='ltr' id='par_1_98' title="bbox 421 5008 2010 5082">
     <span class='ocr_line' id='line_1_98' title="bbox 421 5008 2010 5082; baseline -0.004 -14"><span class='ocrx_word' id='word_1_666' title='bbox 421 5012 572 5068; x_wconf 82' lang='grc' dir='ltr'>τίου·</span> <span class='ocrx_word' id='word_1_667' title='bbox 600 5012 661 5066; x_wconf 85' lang='grc' dir='ltr'><strong>οὐ</strong></span> <span class='ocrx_word' id='word_1_668' title='bbox 701 5011 864 5082; x_wconf 82' lang='grc' dir='ltr'>μόνον</span> <span class='ocrx_word' id='word_1_669' title='bbox 896 5010 976 5076; x_wconf 81' lang='grc' dir='ltr'><strong>δὲ,</strong></span> <span class='ocrx_word' id='word_1_670' title='bbox 1011 5010 1146 5063; x_wconf 73' lang='grc' dir='ltr'>ἀλλὰ</span> <span class='ocrx_word' id='word_1_671' title='bbox 1180 5010 1271 5063; x_wconf 72' lang='grc' dir='ltr'><strong>καὶ</strong></span> <span class='ocrx_word' id='word_1_672' title='bbox 1294 5009 1686 5080; x_wconf 73' lang='grc' dir='ltr'>ἀναθεματίζει</span> <span class='ocrx_word' id='word_1_673' title='bbox 1737 5008 1833 5062; x_wconf 50' lang='grc' dir='ltr'><strong>κοιλ¹</strong></span> <span class='ocrx_word' id='word_1_674' title='bbox 1874 5008 2010 5062; x_wconf 82' lang='grc' dir='ltr'>ἀπο-</span> 
     </span>
    </p>
   </div>
   <div class='ocr_carea' id='block_1_99' title="bbox 422 5100 2005 5175">
    <p class='ocr_par' dir='ltr' id='par_1_99' title="bbox 422 5100 2005 5175">
     <span class='ocr_line' id='line_1_99' title="bbox 422 5100 2005 5175; baseline -0.006 -17"><span class='ocrx_word' id='word_1_675' title='bbox 422 5102 704 5175; x_wconf 80' lang='grc' dir='ltr'>κηρύττει,</span> <span class='ocrx_word' id='word_1_676' title='bbox 760 5101 924 5166; x_wconf 77' lang='grc' dir='ltr'>αὑτὸς</span> <span class='ocrx_word' id='word_1_677' title='bbox 982 5102 1286 5172; x_wconf 75' lang='grc' dir='ltr'>κατήγορος</span> <span class='ocrx_word' id='word_1_678' title='bbox 1337 5102 1634 5170; x_wconf 85' lang='grc' dir='ltr'>γινόμενος·</span> <span class='ocrx_word' id='word_1_679' title='bbox 1669 5100 1763 5154; x_wconf 78' lang='grc' dir='ltr'>καὶ</span> <span class='ocrx_word' id='word_1_680' title='bbox 1791 5100 2005 5169; x_wconf 80' lang='grc' dir='ltr'>κριτής.</span> 
     </span>
    </p>
   </div>
   <div class='ocr_carea' id='block_1_100' title="bbox 425 5191 2009 5268">
    <p class='ocr_par' dir='ltr' id='par_1_100' title="bbox 425 5191 2009 5268">
     <span class='ocr_line' id='line_1_100' title="bbox 425 5191 2009 5268; baseline -0.003 -20"><span class='ocrx_word' id='word_1_681' title='bbox 425 5194 540 5249; x_wconf 72' lang='grc' dir='ltr'><strong>Καὶ</strong></span> <span class='ocrx_word' id='word_1_682' title='bbox 563 5196 719 5257; x_wconf 84' lang='grc' dir='ltr'>δσους</span> <span class='ocrx_word' id='word_1_683' title='bbox 758 5194 859 5268; x_wconf 87' lang='grc' dir='ltr'><strong>μὲν</strong></span> <span class='ocrx_word' id='word_1_684' title='bbox 891 5191 1038 5265; x_wconf 71' lang='grc' dir='ltr'>ἐώρα</span> <span class='ocrx_word' id='word_1_685' title='bbox 1090 5192 1170 5263; x_wconf 79' lang='grc' dir='ltr'><strong>τῷ</strong></span> <span class='ocrx_word' id='word_1_686' title='bbox 1203 5191 1369 5247; x_wconf 78' lang='grc' dir='ltr'>αὐτοῦ</span> <span class='ocrx_word' id='word_1_687' title='bbox 1405 5191 1592 5264; x_wconf 80' lang='grc' dir='ltr'>σκοπῷ</span> <span class='ocrx_word' id='word_1_688' title='bbox 1620 5193 1716 5244; x_wconf 76' lang='grc' dir='ltr'>καὶ</span> <span class='ocrx_word' id='word_1_689' title='bbox 1739 5192 1804 5261; x_wconf 69' lang='grc' dir='ltr'>τῇ</span> <span class='ocrx_word' id='word_1_690' title='bbox 1835 5207 2009 5261; x_wconf 83' lang='grc' dir='ltr'>παρα-</span> 
     </span>
    </p>
   </div>
   <div class='ocr_carea' id='block_1_101' title="bbox 428 5282 2008 5359">
    <p class='ocr_par' dir='ltr' id='par_1_101' title="bbox 428 5282 2008 5359">
     <span class='ocr_line' id='line_1_101' title="bbox 428 5282 2008 5359; baseline -0.001 -23"><span class='ocrx_word' id='word_1_691' title='bbox 428 5282 572 5355; x_wconf 81' lang='grc' dir='ltr'>λόγῳ</span> <span class='ocrx_word' id='word_1_692' title='bbox 591 5284 787 5359; x_wconf 78' lang='grc' dir='ltr'>πράξει</span> <span class='ocrx_word' id='word_1_693' title='bbox 817 5286 993 5358; x_wconf 75' lang='grc' dir='ltr'>ταύτῃ</span> <span class='ocrx_word' id='word_1_694' title='bbox 1020 5285 1365 5357; x_wconf 76' lang='grc' dir='ltr'>συνᾴδοντας,</span> <span class='ocrx_word' id='word_1_695' title='bbox 1394 5285 1488 5340; x_wconf 73' lang='grc' dir='ltr'><strong>καὶ</strong></span> <span class='ocrx_word' id='word_1_696' title='bbox 1513 5286 1623 5348; x_wconf 87' lang='grc' dir='ltr'>τοῖς</span> <span class='ocrx_word' id='word_1_697' title='bbox 1664 5283 2008 5356; x_wconf 78' lang='grc' dir='ltr'>τελουμένοις</span> 
     </span>
    </p>
   </div>
   <div class='ocr_carea' id='block_1_102' title="bbox 437 5376 2009 5455">
    <p class='ocr_par' dir='ltr' id='par_1_102' title="bbox 437 5376 2009 5455">
     <span class='ocr_line' id='line_1_102' title="bbox 437 5376 2009 5455; baseline -0.004 -22"><span class='ocrx_word' id='word_1_698' title='bbox 437 5377 873 5455; x_wconf 77' lang='grc' dir='ltr'>ὑπογράφοντας,</span> <span class='ocrx_word' id='word_1_699' title='bbox 916 5380 975 5433; x_wconf 83' lang='grc' dir='ltr'><strong>ἐν</strong></span> <span class='ocrx_word' id='word_1_700' title='bbox 998 5379 1112 5441; x_wconf 78' lang='grc' dir='ltr'>τοῖς</span> <span class='ocrx_word' id='word_1_701' title='bbox 1156 5376 1393 5447; x_wconf 84' lang='grc' dir='ltr'>πρώτοις</span> <span class='ocrx_word' id='word_1_702' title='bbox 1418 5376 1527 5432; x_wconf 82' lang='grc' dir='ltr'>τῶν</span> <span class='ocrx_word' id='word_1_703' title='bbox 1567 5376 1737 5445; x_wconf 84' lang='grc' dir='ltr'>φίλων</span> <span class='ocrx_word' id='word_1_704' title='bbox 1762 5378 1851 5430; x_wconf 68' lang='grc' dir='ltr'><strong>καί</strong></span> <span class='ocrx_word' id='word_1_705' title='bbox 1879 5391 2009 5447; x_wconf 83' lang='grc' dir='ltr'>γνη-</span> 
     </span>
    </p>
   </div>
   <div class='ocr_carea' id='block_1_103' title="bbox 438 5465 2009 5541">
    <p class='ocr_par' dir='ltr' id='par_1_103' title="bbox 438 5465 2009 5541">
     <span class='ocr_line' id='line_1_103' title="bbox 438 5465 2009 5541; baseline 0.001 -23"><span class='ocrx_word' id='word_1_706' title='bbox 438 5466 713 5521; x_wconf 79' lang='grc' dir='ltr'>σιωτάτων</span> <span class='ocrx_word' id='word_1_707' title='bbox 773 5465 889 5540; x_wconf 74' lang='grc' dir='ltr'>εἷχε</span> <span class='ocrx_word' id='word_1_708' title='bbox 939 5467 1406 5541; x_wconf 82' lang='grc' dir='ltr'>συλλειτουργῶν·</span> <span class='ocrx_word' id='word_1_709' title='bbox 1462 5471 1577 5525; x_wconf 82' lang='grc' dir='ltr'>ὅσοι</span> <span class='ocrx_word' id='word_1_710' title='bbox 1622 5468 1678 5524; x_wconf 83' lang='grc' dir='ltr'>δὲ</span> <span class='ocrx_word' id='word_1_711' title='bbox 1704 5472 1770 5539; x_wconf 69' lang='grc' dir='ltr'>τῇ</span> <span class='ocrx_word' id='word_1_712' title='bbox 1799 5469 2009 5538; x_wconf 83' lang='grc' dir='ltr'>ἀκρίτῳ</span> 
     </span>
    </p>
   </div>
   <div class='ocr_carea' id='block_1_104' title="bbox 435 5555 2010 5636">
    <p class='ocr_par' dir='ltr' id='par_1_104' title="bbox 435 5555 2010 5636">
     <span class='ocr_line' id='line_1_104' title="bbox 435 5555 2010 5636; baseline 0.004 -26"><span class='ocrx_word' id='word_1_713' title='bbox 435 5555 620 5629; x_wconf 79' lang='grc' dir='ltr'>κρίσει</span> <span class='ocrx_word' id='word_1_714' title='bbox 644 5561 1134 5636; x_wconf 79' lang='grc' dir='ltr'>προσοχθήσαντες,</span> <span class='ocrx_word' id='word_1_715' title='bbox 1167 5563 1478 5619; x_wconf 72' lang='grc' dir='ltr'>συναινέσαι</span> <span class='ocrx_word' id='word_1_716' title='bbox 1514 5565 1637 5626; x_wconf 84' lang='grc' dir='ltr'>ταῖς</span> <span class='ocrx_word' id='word_1_717' title='bbox 1674 5561 2010 5631; x_wconf 88' lang='grc' dir='ltr'>ἀλογιστίαις</span> 
     </span>
    </p>
   </div>
   <div class='ocr_carea' id='block_1_105' title="bbox 433 5649 2011 5728">
    <p class='ocr_par' dir='ltr' id='par_1_105' title="bbox 433 5649 2011 5728">
     <span class='ocr_line' id='line_1_105' title="bbox 433 5649 2011 5728; baseline 0.003 -23"><span class='ocrx_word' id='word_1_718' title='bbox 433 5649 664 5715; x_wconf 75' lang='grc' dir='ltr'>ταύταις</span> <span class='ocrx_word' id='word_1_719' title='bbox 710 5652 1131 5723; x_wconf 70' lang='grc' dir='ltr'>οὐκὴϐούλοντυ,</span> <span class='ocrx_word' id='word_1_720' title='bbox 1183 5674 1404 5720; x_wconf 67' lang='grc' dir='ltr'>τοειτους</span> <span class='ocrx_word' id='word_1_721' title='bbox 1442 5656 1521 5727; x_wconf 82' lang='grc' dir='ltr'><strong>τῷ</strong></span> <span class='ocrx_word' id='word_1_722' title='bbox 1552 5656 1869 5728; x_wconf 84' lang='grc' dir='ltr'>πραιτωρίῳ</span> <span class='ocrx_word' id='word_1_723' title='bbox 1916 5656 2011 5709; x_wconf 72' lang='grc' dir='ltr'>καὶ</span> 
     </span>
    </p>
   </div>
   <div class='ocr_carea' id='block_1_106' title="bbox 434 5745 2007 5822">
    <p class='ocr_par' dir='ltr' id='par_1_106' title="bbox 434 5745 2007 5822">
     <span class='ocr_line' id='line_1_106' title="bbox 434 5745 2007 5822; baseline 0.005 -23"><span class='ocrx_word' id='word_1_724' title='bbox 434 5745 705 5816; x_wconf 79' lang='grc' dir='ltr'>φυλακαῖς</span> <span class='ocrx_word' id='word_1_725' title='bbox 738 5746 1095 5822; x_wconf 82' lang='grc' dir='ltr'>πολυτρόποις</span> <span class='ocrx_word' id='word_1_726' title='bbox 1137 5749 1642 5820; x_wconf 74' lang='grc' dir='ltr'>κολασθησομένους</span> <span class='ocrx_word' id='word_1_727' title='bbox 1701 5747 2007 5821; x_wconf 82' lang='grc' dir='ltr'>παρεδίδου.</span> 
     </span>
    </p>
   </div>
   <div class='ocr_carea' id='block_1_107' title="bbox 432 5839 2012 5915">
    <p class='ocr_par' dir='ltr' id='par_1_107' title="bbox 432 5839 2012 5915">
     <span class='ocr_line' id='line_1_107' title="bbox 432 5839 2012 5915; baseline 0.001 -19"><span class='ocrx_word' id='word_1_728' title='bbox 432 5839 653 5897; x_wconf 80' lang='grc' dir='ltr'>Πολλῶν</span> <span class='ocrx_word' id='word_1_729' title='bbox 682 5841 774 5897; x_wconf 74' lang='grc' dir='ltr'><strong>οὖν</strong></span> <span class='ocrx_word' id='word_1_730' title='bbox 809 5842 1289 5915; x_wconf 74' lang='grc' dir='ltr'>διαγογγυζόντων,</span> <span class='ocrx_word' id='word_1_731' title='bbox 1326 5844 1419 5901; x_wconf 70' lang='grc' dir='ltr'><strong>καὶ</strong></span> <span class='ocrx_word' id='word_1_732' title='bbox 1463 5845 1557 5899; x_wconf 70' lang='grc' dir='ltr'>ἐπὶ</span> <span class='ocrx_word' id='word_1_733' title='bbox 1584 5845 1704 5909; x_wconf 85' lang='grc' dir='ltr'>ταῖς</span> <span class='ocrx_word' id='word_1_734' title='bbox 1734 5842 2012 5914; x_wconf 86' lang='grc' dir='ltr'>ἀκρισίαις</span> 
     </span>
    </p>
   </div>
   <div class='ocr_carea' id='block_1_108' title="bbox 2110 4645 3689 4719">
    <p class='ocr_par' dir='ltr' id='par_1_108' title="bbox 2110 4645 3689 4719">
     <span class='ocr_line' id='line_1_108' title="bbox 2110 4645 3689 4719; baseline -0.003 -12"><span class='ocrx_word' id='word_1_735' title='bbox 2110 4660 2324 4707; x_wconf 91' lang='lat' dir='ltr'><strong>carunt.</strong></span> <span class='ocrx_word' id='word_1_736' title='bbox 2382 4649 2593 4719; x_wconf 76' lang='lat' dir='ltr'><strong>lgnatio</strong></span> <span class='ocrx_word' id='word_1_737' title='bbox 2623 4661 2789 4719; x_wconf 81' lang='lat' dir='ltr'><strong>porro</strong></span> <span class='ocrx_word' id='word_1_738' title='bbox 2818 4646 3085 4717; x_wconf 72' lang='lat' dir='ltr'><strong>Mitylenm</strong></span> <span class='ocrx_word' id='word_1_739' title='bbox 3125 4655 3522 4711; x_wconf 85' lang='lat' dir='ltr'><strong>commorante,</strong></span> <span class='ocrx_word' id='word_1_740' title='bbox 3550 4645 3689 4702; x_wconf 73' lang='lat' dir='ltr'><strong>Plio-</strong></span> 
     </span>
    </p>
   </div>
   <div class='ocr_carea' id='block_1_109' title="bbox 2110 4718 3687 4809">
    <p class='ocr_par' dir='ltr' id='par_1_109' title="bbox 2110 4718 3687 4809">
     <span class='ocr_line' id='line_1_109' title="bbox 2110 4718 3687 4809; baseline -0.002 -14"><span class='ocrx_word' id='word_1_741' title='bbox 2110 4739 2219 4795; x_wconf 85' lang='lat' dir='ltr'><strong>tius</strong></span> <span class='ocrx_word' id='word_1_742' title='bbox 2270 4718 2498 4794; x_wconf 78' lang='lat' dir='ltr'><strong>ecclesia</strong></span> <span class='ocrx_word' id='word_1_743' title='bbox 2559 4718 3130 4809; x_wconf 54' lang='lat' dir='ltr'><strong>malignantiumJibi</strong></span> <span class='ocrx_word' id='word_1_744' title='bbox 3186 4736 3426 4791; x_wconf 89' lang='lat' dir='ltr'><strong>allinium</strong></span> <span class='ocrx_word' id='word_1_745' title='bbox 3475 4748 3687 4802; x_wconf 86' lang='lat' dir='ltr'><strong>coacta,</strong></span> 
     </span>
    </p>
   </div>
   <div class='ocr_carea' id='block_1_110' title="bbox 2110 4828 3690 4901">
    <p class='ocr_par' dir='ltr' id='par_1_110' title="bbox 2110 4828 3690 4901">
     <span class='ocr_line' id='line_1_110' title="bbox 2110 4828 3690 4901; baseline -0.001 -15"><span class='ocrx_word' id='word_1_746' title='bbox 2110 4831 2350 4887; x_wconf 88' lang='lat' dir='ltr'><strong>absentis</strong></span> <span class='ocrx_word' id='word_1_747' title='bbox 2396 4829 2610 4899; x_wconf 81' lang='lat' dir='ltr'><strong>lgnatii,</strong></span> <span class='ocrx_word' id='word_1_748' title='bbox 2655 4829 2707 4882; x_wconf 93' lang='lat' dir='ltr'><strong>in</strong></span> <span class='ocrx_word' id='word_1_749' title='bbox 2751 4829 2868 4901; x_wconf 85' lang='lat' dir='ltr'><strong>ipso</strong></span> <span class='ocrx_word' id='word_1_750' title='bbox 2901 4828 3423 4898; x_wconf 82' lang='lat' dir='ltr'><strong>gloriosissimmum</strong></span> <span class='ocrx_word' id='word_1_751' title='bbox 3468 4840 3690 4899; x_wconf 82' lang='lat' dir='ltr'><strong>aposto-</strong></span> 
     </span>
    </p>
   </div>
   <div class='ocr_carea' id='block_1_111' title="bbox 2110 4920 3690 4992">
    <p class='ocr_par' dir='ltr' id='par_1_111' title="bbox 2110 4920 3690 4992">
     <span class='ocr_line' id='line_1_111' title="bbox 2110 4920 3690 4992; baseline -0.001 -13"><span class='ocrx_word' id='word_1_752' title='bbox 2110 4923 2289 4979; x_wconf 86' lang='lat' dir='ltr'><strong>lorum</strong></span> <span class='ocrx_word' id='word_1_753' title='bbox 2342 4922 2563 4992; x_wconf 74' lang='lat' dir='ltr'><strong>templo,</strong></span> <span class='ocrx_word' id='word_1_754' title='bbox 2615 4923 3114 4977; x_wconf 80' lang='lat' dir='ltr'><strong>exauctorationem</strong></span> <span class='ocrx_word' id='word_1_755' title='bbox 3163 4920 3479 4990; x_wconf 88' lang='lat' dir='ltr'><strong>pronuntiat</strong></span> <span class='ocrx_word' id='word_1_756' title='bbox 3525 4938 3539 4975; x_wconf 86' lang='lat'><strong>:</strong></span> <span class='ocrx_word' id='word_1_757' title='bbox 3588 4938 3690 4977; x_wconf 85' lang='lat' dir='ltr'><strong>nec</strong></span> 
     </span>
    </p>
   </div>
   <div class='ocr_carea' id='block_1_112' title="bbox 2109 5010 3689 5088">
    <p class='ocr_par' dir='ltr' id='par_1_112' title="bbox 2109 5010 3689 5088">
     <span class='ocr_line' id='line_1_112' title="bbox 2109 5010 3689 5088; baseline -0.001 -19"><span class='ocrx_word' id='word_1_758' title='bbox 2109 5015 2429 5088; x_wconf 82' lang='lat' dir='ltr'><strong>pronuntiat</strong></span> <span class='ocrx_word' id='word_1_759' title='bbox 2481 5025 2715 5077; x_wconf 56' lang='lat' dir='ltr'><strong>tantum,</strong></span> <span class='ocrx_word' id='word_1_760' title='bbox 2747 5012 2840 5069; x_wconf 87' lang='lat' dir='ltr'><strong>sed</strong></span> <span class='ocrx_word' id='word_1_761' title='bbox 2888 5010 3231 5066; x_wconf 86' lang='lat' dir='ltr'><strong>anathemate</strong></span> <span class='ocrx_word' id='word_1_762' title='bbox 3260 5012 3522 5081; x_wconf 85' lang='lat' dir='ltr'><strong>Ignatium</strong></span> <span class='ocrx_word' id='word_1_763' title='bbox 3564 5011 3689 5067; x_wconf 78' lang='lat' dir='ltr'><strong>ferit</strong></span> 
     </span>
    </p>
   </div>
   <div class='ocr_carea' id='block_1_113' title="bbox 2108 5102 3682 5176">
    <p class='ocr_par' dir='ltr' id='par_1_113' title="bbox 2108 5102 3682 5176">
     <span class='ocr_line' id='line_1_113' title="bbox 2108 5102 3682 5176; baseline -0.003 -13"><span class='ocrx_word' id='word_1_764' title='bbox 2108 5109 2481 5176; x_wconf 85' lang='lat' dir='ltr'><strong>damnatque;</strong></span> <span class='ocrx_word' id='word_1_765' title='bbox 2529 5115 2580 5159; x_wconf 88' lang='lat' dir='ltr'><strong>et</strong></span> <span class='ocrx_word' id='word_1_766' title='bbox 2621 5105 2938 5157; x_wconf 87' lang='lat' dir='ltr'><strong>damnatum</strong></span> <span class='ocrx_word' id='word_1_767' title='bbox 2987 5102 3130 5156; x_wconf 87' lang='lat' dir='ltr'><strong>idem</strong></span> <span class='ocrx_word' id='word_1_768' title='bbox 3179 5112 3484 5167; x_wconf 86' lang='lat' dir='ltr'><strong>accusator,</strong></span> <span class='ocrx_word' id='word_1_769' title='bbox 3540 5102 3682 5158; x_wconf 90' lang='lat' dir='ltr'><strong>idem</strong></span> 
     </span>
    </p>
   </div>
   <div class='ocr_carea' id='block_1_114' title="bbox 2105 5192 3680 5270">
    <p class='ocr_par' dir='ltr' id='par_1_114' title="bbox 2105 5192 3680 5270">
     <span class='ocr_line' id='line_1_114' title="bbox 2105 5192 3680 5270; baseline -0.002 -16"><span class='ocrx_word' id='word_1_770' title='bbox 2105 5200 2270 5270; x_wconf 85' lang='lat' dir='ltr'><strong>judex</strong></span> <span class='ocrx_word' id='word_1_771' title='bbox 2324 5197 2641 5268; x_wconf 83' lang='lat' dir='ltr'><strong>proclamat.</strong></span> <span class='ocrx_word' id='word_1_772' title='bbox 2689 5195 2791 5262; x_wconf 85' lang='lat' dir='ltr'><strong>Qui</strong></span> <span class='ocrx_word' id='word_1_773' title='bbox 2824 5209 2964 5265; x_wconf 88' lang='lat' dir='ltr'><strong>quos</strong></span> <span class='ocrx_word' id='word_1_774' title='bbox 3016 5192 3238 5251; x_wconf 84' lang='lat' dir='ltr'><strong>lactioni</strong></span> <span class='ocrx_word' id='word_1_775' title='bbox 3287 5207 3401 5249; x_wconf 82' lang='lat' dir='ltr'><strong>suae</strong></span> <span class='ocrx_word' id='word_1_776' title='bbox 3440 5195 3680 5261; x_wconf 84' lang='lat' dir='ltr'><strong>studere,</strong></span> 
     </span>
    </p>
   </div>
   <div class='ocr_carea' id='block_1_115' title="bbox 2110 5285 3685 5363">
    <p class='ocr_par' dir='ltr' id='par_1_115' title="bbox 2110 5285 3685 5363">
     <span class='ocr_line' id='line_1_115' title="bbox 2110 5285 3685 5363; baseline -0.004 -16"><span class='ocrx_word' id='word_1_777' title='bbox 2110 5291 2379 5363; x_wconf 83' lang='lat' dir='ltr'><strong>factisque</strong></span> <span class='ocrx_word' id='word_1_778' title='bbox 2420 5289 2629 5344; x_wconf 72' lang='lat' dir='ltr'><strong>insanis</strong></span> <span class='ocrx_word' id='word_1_779' title='bbox 2659 5286 2925 5350; x_wconf 84' lang='lat' dir='ltr'><strong>aceinere,</strong></span> <span class='ocrx_word' id='word_1_780' title='bbox 2960 5301 3023 5340; x_wconf 89' lang='lat' dir='ltr'><strong>ac</strong></span> <span class='ocrx_word' id='word_1_781' title='bbox 3064 5285 3298 5341; x_wconf 85' lang='lat' dir='ltr'><strong>decretis</strong></span> <span class='ocrx_word' id='word_1_782' title='bbox 3343 5286 3685 5350; x_wconf 75' lang='lat' dir='ltr'><strong>subscribere</strong></span> 
     </span>
    </p>
   </div>
   <div class='ocr_carea' id='block_1_116' title="bbox 2109 5377 3687 5448">
    <p class='ocr_par' dir='ltr' id='par_1_116' title="bbox 2109 5377 3687 5448">
     <span class='ocr_line' id='line_1_116' title="bbox 2109 5377 3687 5448; baseline -0.004 -12"><span class='ocrx_word' id='word_1_783' title='bbox 2109 5382 2346 5444; x_wconf 86' lang='lat' dir='ltr'><strong>videbat,</strong></span> <span class='ocrx_word' id='word_1_784' title='bbox 2386 5380 2484 5434; x_wconf 86' lang='lat' dir='ltr'><strong>hos</strong></span> <span class='ocrx_word' id='word_1_785' title='bbox 2516 5393 2642 5434; x_wconf 84' lang='lat' dir='ltr'><strong>vero</strong></span> <span class='ocrx_word' id='word_1_786' title='bbox 2674 5379 2812 5433; x_wconf 87' lang='lat' dir='ltr'><strong>inter</strong></span> <span class='ocrx_word' id='word_1_787' title='bbox 2860 5377 3079 5433; x_wconf 85' lang='lat' dir='ltr'><strong>intimos</strong></span> <span class='ocrx_word' id='word_1_788' title='bbox 3120 5377 3324 5431; x_wconf 69' lang='lat' dir='ltr'><strong>aulicos</strong></span> <span class='ocrx_word' id='word_1_789' title='bbox 3353 5391 3415 5431; x_wconf 90' lang='lat' dir='ltr'><strong>ac</strong></span> <span class='ocrx_word' id='word_1_790' title='bbox 3448 5392 3687 5448; x_wconf 81' lang='lat' dir='ltr'><strong>symmy-</strong></span> 
     </span>
    </p>
   </div>
   <div class='ocr_carea' id='block_1_117' title="bbox 2110 5469 3682 5540">
    <p class='ocr_par' dir='ltr' id='par_1_117' title="bbox 2110 5469 3682 5540">
     <span class='ocr_line' id='line_1_117' title="bbox 2110 5469 3682 5540; baseline -0.004 -9"><span class='ocrx_word' id='word_1_791' title='bbox 2110 5485 2223 5531; x_wconf 86' lang='lat' dir='ltr'><strong>stas</strong></span> <span class='ocrx_word' id='word_1_792' title='bbox 2250 5472 2459 5528; x_wconf 82' lang='lat' dir='ltr'><strong>habuit.</strong></span> <span class='ocrx_word' id='word_1_793' title='bbox 2489 5470 2591 5538; x_wconf 85' lang='lat' dir='ltr'><strong>Qui</strong></span> <span class='ocrx_word' id='word_1_794' title='bbox 2631 5481 2810 5525; x_wconf 83' lang='lat' dir='ltr'><strong>autem</strong></span> <span class='ocrx_word' id='word_1_795' title='bbox 2838 5470 2956 5540; x_wconf 87' lang='lat' dir='ltr'><strong>ejus</strong></span> <span class='ocrx_word' id='word_1_796' title='bbox 2986 5470 3217 5525; x_wconf 80' lang='lat' dir='ltr'><strong>amentia</strong></span> <span class='ocrx_word' id='word_1_797' title='bbox 3249 5469 3682 5531; x_wconf 80' lang='lat' dir='ltr'><strong>oﬂ&#39;endcbantur,</strong></span> 
     </span>
    </p>
   </div>
   <div class='ocr_carea' id='block_1_118' title="bbox 2111 5561 3686 5637">
    <p class='ocr_par' dir='ltr' id='par_1_118' title="bbox 2111 5561 3686 5637">
     <span class='ocr_line' id='line_1_118' title="bbox 2111 5561 3686 5637; baseline -0.004 -13"><span class='ocrx_word' id='word_1_798' title='bbox 2111 5568 2364 5637; x_wconf 81' lang='lat' dir='ltr'><strong>factaque</strong></span> <span class='ocrx_word' id='word_1_799' title='bbox 2399 5569 2481 5633; x_wconf 91' lang='lat' dir='ltr'><strong>(ut</strong></span> <span class='ocrx_word' id='word_1_800' title='bbox 2508 5563 2601 5634; x_wconf 91' lang='lat' dir='ltr'><strong>qui</strong></span> <span class='ocrx_word' id='word_1_801' title='bbox 2632 5564 2849 5619; x_wconf 87' lang='lat' dir='ltr'><strong>sincero</strong></span> <span class='ocrx_word' id='word_1_802' title='bbox 2871 5562 3080 5632; x_wconf 82' lang='lat' dir='ltr'><strong>judicio</strong></span> <span class='ocrx_word' id='word_1_803' title='bbox 3105 5561 3303 5634; x_wconf 78' lang='lat' dir='ltr'><strong>forent)</strong></span> <span class='ocrx_word' id='word_1_804' title='bbox 3334 5578 3439 5617; x_wconf 88' lang='lat' dir='ltr'><strong>non</strong></span> <span class='ocrx_word' id='word_1_805' title='bbox 3488 5562 3686 5631; x_wconf 84' lang='lat' dir='ltr'><strong>proba-</strong></span> 
     </span>
    </p>
   </div>
   <div class='ocr_carea' id='block_1_119' title="bbox 2113 5655 3684 5730">
    <p class='ocr_par' dir='ltr' id='par_1_119' title="bbox 2113 5655 3684 5730">
     <span class='ocr_line' id='line_1_119' title="bbox 2113 5655 3684 5730; baseline -0.003 -14"><span class='ocrx_word' id='word_1_806' title='bbox 2113 5663 2262 5722; x_wconf 89' lang='lat' dir='ltr'><strong>bant,</strong></span> <span class='ocrx_word' id='word_1_807' title='bbox 2287 5658 2541 5730; x_wconf 66' lang='lat' dir='ltr'><strong>praetorio</strong></span> <span class='ocrx_word' id='word_1_808' title='bbox 2558 5657 2855 5713; x_wconf 86' lang='lat' dir='ltr'><strong>etvineulis</strong></span> <span class='ocrx_word' id='word_1_809' title='bbox 2886 5655 3120 5725; x_wconf 67' lang='lat' dir='ltr'><strong>pessime</strong></span> <span class='ocrx_word' id='word_1_810' title='bbox 3140 5664 3388 5725; x_wconf 85' lang='lat' dir='ltr'><strong>acceptos</strong></span> <span class='ocrx_word' id='word_1_811' title='bbox 3417 5655 3684 5712; x_wconf 69' lang='lat' dir='ltr'><strong>tradi-bat.</strong></span> 
     </span>
    </p>
   </div>
   <div class='ocr_carea' id='block_1_120' title="bbox 2111 5744 3681 5824">
    <p class='ocr_par' dir='ltr' id='par_1_120' title="bbox 2111 5744 3681 5824">
     <span class='ocr_line' id='line_1_120' title="bbox 2111 5744 3681 5824; baseline -0.007 -14"><span class='ocrx_word' id='word_1_812' title='bbox 2111 5750 2294 5811; x_wconf 78' lang='lat' dir='ltr'><strong>Multis</strong></span> <span class='ocrx_word' id='word_1_813' title='bbox 2326 5750 2493 5820; x_wconf 79' lang='lat' dir='ltr'><strong>igitur</strong></span> <span class='ocrx_word' id='word_1_814' title='bbox 2515 5746 3331 5824; x_wconf 77' lang='lat' dir='ltr'><strong>mussitantibus,improbaque</strong></span> <span class='ocrx_word' id='word_1_815' title='bbox 3354 5744 3529 5801; x_wconf 76' lang='lat' dir='ltr'><strong>Piiotii</strong></span> <span class='ocrx_word' id='word_1_816' title='bbox 3563 5756 3681 5800; x_wconf 85' lang='lat' dir='ltr'><strong>acta</strong></span> 
     </span>
    </p>
   </div>
   <div class='ocr_carea' id='block_1_121' title="bbox 2113 5835 3687 5911">
    <p class='ocr_par' dir='ltr' id='par_1_121' title="bbox 2113 5835 3687 5911">
     <span class='ocr_line' id='line_1_121' title="bbox 2113 5835 3687 5911; baseline -0.004 -10"><span class='ocrx_word' id='word_1_817' title='bbox 2113 5843 2500 5901; x_wconf 87' lang='lat' dir='ltr'><strong>damnantibus</strong></span> <span class='ocrx_word' id='word_1_818' title='bbox 2533 5857 2549 5911; x_wconf 86' lang='lat'><strong>;</strong></span> <span class='ocrx_word' id='word_1_819' title='bbox 2578 5839 2713 5911; x_wconf 86' lang='lat' dir='ltr'><strong>quin</strong></span> <span class='ocrx_word' id='word_1_820' title='bbox 2739 5847 2794 5896; x_wconf 90' lang='lat' dir='ltr'><strong>et</strong></span> <span class='ocrx_word' id='word_1_821' title='bbox 2818 5838 2936 5911; x_wconf 81' lang='lat' dir='ltr'><strong>ipse</strong></span> <span class='ocrx_word' id='word_1_822' title='bbox 2968 5837 3195 5897; x_wconf 84' lang='lat' dir='ltr'><strong>Photius</strong></span> <span class='ocrx_word' id='word_1_823' title='bbox 3226 5853 3346 5894; x_wconf 89' lang='lat' dir='ltr'><strong>cum</strong></span> <span class='ocrx_word' id='word_1_824' title='bbox 3384 5837 3498 5895; x_wconf 86' lang='lat' dir='ltr'><strong>suis</strong></span> <span class='ocrx_word' id='word_1_825' title='bbox 3519 5835 3687 5894; x_wconf 71' lang='lat' dir='ltr'><strong>factis</strong></span> 
     </span>
    </p>
   </div>
  </div>
