4134 6306
514 381 628 448 519
1712 376 2006 441 NICETJE
2046 376 2577 441 PAPHLAGONIS
3678 375 3792 445 .520

513 515 628 562 eos,
663 497 719 552 in
743 507 968 568 quorum
1001 492 1246 549 manibus
1275 492 1585 564 iniquitates
1619 504 1762 560 sunt,
1795 507 1845 550 et
1877 495 2097 550 dextera

2212 494 2416 567 Ιιρίκιος
2446 494 2568 566 μετ’
2595 491 2782 561 αὑτὸν,
2811 484 2856 562 ᾧ
2881 490 2976 547 καὶ
3004 493 3104 563 τῆς
3146 489 3432 562 ἐπιορκίας
3469 490 3662 562 μισθὸν
3688 495 3787 566 τὴν

512 607 694 646 eorum
713 586 911 657 repleta
937 596 1013 642 es!
1039 586 1340 641 muneribus
1363 588 1386 642 ?
1415 583 1556 653 Quid
1582 595 1776 642 contra
1796 588 2100 658 perjurium

2212 587 2366 654 ἀξίαν
2399 586 2704 657 μαγίττρου
2732 585 3103 656 προετείνατο.
3148 582 3266 653 Ἐφ’
3291 577 3372 648 οἷς
3400 585 3493 638 καὶ
3520 586 3651 648 τοὺς
3679 585 3790 640 λοι-

515 683 623 738 Ιιοο
646 680 1049 737 decreverunt?
1075 679 1436 734 'l‘ricesimum
1465 679 1652 734 subito
1683 694 1950 735 cntionem
1977 680 2105 735 sub-

509 777 731 847 jiciunt,
767 775 862 844 qui
895 773 977 831 sic
1032 773 1193 827 habet
1226 791 1241 830 :
1275 772 1334 826 Si
1365 774 1482 843 quis
1523 773 1795 840 episcopus
1824 771 2104 825 sreculari-

514 869 611 924 bus
641 865 991 939 potestatibus
1037 881 1186 928 usus,
1218 879 1308 932 per
1347 864 1488 932 ipsos
1524 863 1816 917 Ecclesium
1852 863 2103 932 obtineat,

514 964 810 1029 deponatur
834 959 934 1033 (6).
975 957 1132 1026 Quod
1165 967 1346 1013 autem
1405 958 1656 1031 sequitur
1699 957 1753 1010 iu
1785 957 1974 1012 eodem
2011 971 2105 1012 ca-

514 1059 670 1123 pite:
710 1063 766 1109 ut
823 1063 872 1108 et
925 1069 1099 1106 omnes
1163 1052 1610 1106 communicantes
1655 1067 1773 1105 cum
1821 1051 1939 1114 illo,
1996 1059 2101 1106 etc.

514 1148 857 1204 l'rainlulenti
899 1146 1173 1201 malitiose
1215 1153 1525 1199 tacuerunt.
1589 1144 1890 1214 Oportebat
1934 1143 2103 1208 eiiiun,

515 1239 785 1311 siquidem
819 1252 918 1307 pro
971 1236 1256 1291 sanctione
1308 1236 1611 1305 apossolica
1665 1234 2102 1305 propugnabant,

516 1347 630 1388 non
673 1339 908 1404 partem,
941 1328 1038 1385 sed
1080 1338 1254 1383 totum
1284 1342 1550 1383 canonem
1582 1327 1922 1382 observare:
1957 1332 2011 1379 et
2051 1325 2099 1380 si

514 1425 926 1480 accusationem
972 1421 1352 1485 admisissent,
1388 1427 1448 1474 ut
1478 1417 1768 1490 lgnatium,
1800 1418 1872 1474 ita
1914 1417 1984 1472 ab
2009 1416 2105 1472 illo

518 1516 784 1580 initiatos,
819 1522 875 1568 et
901 1529 1027 1570 cum
1059 1511 1153 1567 illo
1187 1511 1660 1567 communicantes
1693 1521 2052 1566 exauctorare
2083 1527 2097 1566 :

517 1606 717 1677 sicque
766 1606 823 1661 in
877 1604 1143 1678 operibus
1193 1618 1454 1661 manuum
1513 1617 1740 1659 suarum
1789 1613 2105 1672 peccatores

517 1695 808 1752 manifeste
834 1692 1162 1764 deprehensi
1195 1702 1402 1747 essent.
1436 1693 1640 1749 Contra
1665 1691 1760 1763 jus
1783 1705 1967 1749 autem
1994 1691 2107 1749 fas-

515 1799 624 1855 que
647 1783 1028 1849 decernentes,
1059 1782 1165 1837 hoc
1210 1783 1641 1852 pronuntiarunt
1671 1791 1907 1850 tantum,
1956 1783 2102 1854 quod

2208 679 2346 743 ποὺς
2393 680 2488 748 ἀφ’
2537 678 2768 732 ἑκάστου
2817 675 3030 748 βαθμοῦ
3080 675 3178 729 καὶ
3226 673 3322 728 τοῦ
3355 676 3792 731 καταδεεστᾶπου

2213 771 2434 825 πάντων
2471 769 2874 840 συλλεξάμενοι,
2925 767 2984 822 οὑ
3035 767 3194 838 μόνον
3227 767 3306 835 δὲ,
3355 766 3492 821 ἀλλὰ
3537 769 3634 822 καὶ
3676 769 3792 824 ἀπὸ

2205 863 2316 916 τῶν
2352 862 2664 931 λεγομένων
2697 859 3090 924 διϐαπτιστῶν,
3145 860 3242 915 καὶ
3295 859 3404 914 ἀπὸ
3438 860 3678 929 παντὸς,
3717 861 3797 925 ὡς

2206 955 2401 1013 εἰπεῖν,
2434 953 2712 1023 τάγματος
2749 953 2876 1014 τοὺς
2905 950 3221 1021 αἰσχίστους
3279 951 3377 1004 καὶ
3413 953 3799 1022 μιαρωτάτους

2206 1047 2314 1101 τῶν
2339 1045 2644 1118 ἀνθρώπων
2685 1043 2891 1116 χρυσοῦ
2922 1061 2979 1098 τε
3029 1044 3124 1098 καὶ⁸
3159 1044 3490 1115 ἀξιωμάτων
3522 1045 3797 1119 ἐξαγορα-

2207 1141 2456 1210 σάμενοι,
2511 1137 2612 1191 ἕνα
2680 1135 2802 1189 καθ’
2851 1137 2950 1190 ἕνα
2996 1136 3298 1207 προσῆγον,
3354 1135 3678 1208 ὀμνύοντας,
3721 1138 3799 1203 ὡς

2215 1234 2277 1287 '0
2293 1231 2600 1302 δωδεκαετῆ
2625 1229 2822 1302 μικροῦ
2845 1229 2955 1284 δεῖν
2971 1231 3160 1302 χρόνον
3181 1226 3614 1301 ἀρχιερατεύσας
3638 1227 3804 1299 Ἰγκά-

2205 1341 2318 1388 τιος
2346 1323 2670 1394 ἀψηφίστως
2702 1322 3122 1393 χειροτονηθεὶς,
3161 1321 3435 1391 ἐκράτησε
3471 1319 3574 1389 τῆς
3604 1319 3801 1393 ἐκκλη-

2208 1414 2350 1479 σίας.
2389 1415 2454 1467 Τί
2487 1409 2580 1467 οὖν
2608 1415 2655 1469 oi
2689 1413 2910 1484 μάταιοι
2937 1411 3045 1465 τῶν
3084 1409 3344 1465 τοιούτων
3370 1409 3578 1482 κριταὶ,
3609 1403 3700 1464 ὧν
3729 1411 3802 1465 ἐν

2205 1506 2422 1578 χερσὶν
2437 1509 2495 1560 αἱ
2516 1507 2780 1576 ἀνομίαι,
2804 1498 2892 1559 ὧν
2910 1503 2949 1571 ἢ
2972 1501 3143 1569 δεξιὰ
3166 1502 3369 1559 αὐτῶν
3386 1503 3670 1573 ἐπλήσθη
3690 1504 3802 1560 δώ-

2197 1617 2362 1674 ρωνς
2397 1600 2450 1654 τί
2479 1591 2625 1654 οὗτοι
2655 1599 2789 1670 πρὸς
2823 1598 2922 1668 τὴν
2954 1595 3283 1668 ψευδορκίαν
3322 1595 3531 1668 ταύτην
3590 1599 3800 1653 ἀνθυπ-

2205 1695 2480 1765 ήνεγκαν;
2514 1691 2618 1746 Τὸν
2636 1691 2959 1762 τριακοστὸν
2983 1689 3142 1752 εὐθὺς
3159 1688 3664 1758 ὑπαναγινώσκουσι
3690 1707 3795 1745 κα-

2205 1785 2372 1852 νόνα,
2407 1785 2478 1842 El
2508 1801 2598 1850 τις
2651 1783 3010 1850 ἐπίσκοπος,
3058 1782 3306 1850 λέγοντα,
3350 1782 3658 1854 κοσμικοῖς
3696 1782 3794 1853 ἄρ·

516 1892 617 1948 pro
656 1876 787 1949 ipsis
809 1875 874 1930 ad
899 1877 1253 1930 cvertendum
1282 1875 1554 1945 lgnatium
1581 1875 1651 1930 ab
1673 1875 1781 1932 illis
1803 1876 1922 1932 sine
1940 1890 2103 1930 causa

2212 1894 2386 1949 χουσι
2399 1878 2804 1950 χρησάμενος,
2827 1876 2902 1931 δι’
2927 1873 3128 1930 αὐτῶν
3142 1875 3440 1945 ἐγκρατὴς
3460 1876 3788 1945 ἐκκλησίας

517 1967 730 2033 laesunt,
770 1967 1028 2024 faciebat.
1069 1966 1226 2035 Quod
1253 1977 1435 2021 autem
1471 1968 1730 2038 sequitur
1781 1967 1835 2022 in
1865 1983 2102 2033 canone,

517 2077 628 2132 quo
659 2060 734 2114 illi
763 2058 864 2132 ipsi
895 2059 1074 2114 cidem
1117 2058 1486 2128 subjiciuntur
1515 2074 1784 2126 censum,
1841 2061 2104 2117 dissimu-

519 2152 706 2207 larunt
732 2170 747 2204 :
782 2152 832 2206 id
874 2149 1022 2221 quod
1051 2151 1160 2206 illis
1192 2153 1502 2208 tacentibus
1532 2162 1842 2224 opportune
1868 2154 2106 2222 patriar~

519 2244 622 2300 cha
647 2245 763 2313 ipse
781 2244 1160 2298 succlamavit.
1191 2244 1232 2297 0
1256 2243 1696 2314 improbitatch
1729 2260 1762 2299 ο
1786 2245 2104 2317 stuporeml

519 2330 656 2399 Quis
681 2333 824 2386 enim
856 2332 1074 2401 ignorat
1120 2333 1387 2402 lgnatium
1441 2333 1824 2406 episcOporunt
1857 2337 2105 2392 omnium

519 2421 749 2478 calculis
783 2435 839 2479 et
890 2425 1058 2478 totius
1091 2424 1277 2493 populi
1311 2425 1580 2495 applausu
1616 2427 1857 2497 legitime
1881 2429 2113 2486 canoni-

521 2529 694 2588 ceque
713 2525 962 2571 creatum
997 2515 1169 2572 fuisse
1205 2536 1220 2572 :
1269 2517 1450 2589 ipsum
1498 2527 1680 2574 autem
1722 2517 1977 2578 Photium
2011 2537 2108 2592 po-

519 2606 630 2662 tius
679 2607 748 2662 ab
775 2617 1061 2663 exsecrato
1099 2607 1294 2676 Bai-da,
1343 2620 1396 2666 et
1437 2611 1794 2668 saecularibus
1837 2623 2109 2670 armatum

520 2697 882 2768 principibus,
903 2709 1093 2757 contra
1119 2701 1285 2772 leges,
1308 2703 1594 2777 magisque
1620 2718 1718 2776 per
1739 2705 2104 2775 tyrannidem,

523 2806 690 2859 quam
746 2792 1178 2851 ecclesiasticum
1243 2795 1431 2864 ritum,
1487 2797 1742 2852 thronum
1795 2798 2110 2856 invasisse?

520 2877 628 2934 Sed
662 2895 769 2937 non
815 2891 1209 2953 cognoverunt,
1264 2901 1442 2955 neque
1492 2885 1904 2955 intellexerunt,
1932 2890 2109 2962 quiin

521 2971 766 3028 avaritiae
792 2983 847 3028 ct
877 2976 1198 3032 ambitionis
1221 2977 1465 3034 tenebris
1495 2979 1802 3046 ambulant,
1827 2997 1888 3039 se
1910 2981 2104 3039 iisdem

519 3064 878 3124 consiliorum
906 3066 1141 3138 laqueis,
1170 3083 1310 3140 quos
1343 3070 1467 3126 aliis
1492 3078 1838 3143 paraverant,
1857 3089 2110 3146 compre-

524 3155 710 3212 hendL

2208 1970 2452 2045 γένηται
2474 2009 2490 2035 ,
2522 1970 2938 2038 καθαιρείσθω.
2969 1968 3042 2021 Τὸ
3082 1966 3211 2038 ἑξῆς
3246 1967 3302 2022 δὲ
3330 1967 3426 2024 τοῦ
3473 1968 3790 2040 κεφαλαίου,

2207 2064 2289 2119 ὅτι
2309 2063 2417 2120 Καὶ
2437 2065 2494 2118 oi
2513 2060 2947 2129 κοινωνοῦντες
2963 2061 3124 2126 αὐτῷ
3138 2060 3384 2130 πάντες,
3405 2062 3731 2135 κακούργως
3745 2065 3798 2117 οἱ

2209 2155 2377 2210 δόλιοι
2405 2154 2868 2227 παρεσιὼπησαν·
2907 2153 3018 2207 ἔδει
3050 2154 3108 2208 δὲ
3151 2155 3368 2220 πάντως
3388 2193 3405 2221 ,
3436 2156 3600 2227 εἴπερ
3659 2157 3798 2210 ἁπο-

2211 2249 2459 2304 στολικὸν
2491 2248 2656 2316 νόμον
2683 2245 3016 2317 ἠγωνίζοντο
3049 2251 3260 2320 τηρεῖν,
3289 2249 3390 2302 οὐκ
3441 2249 3508 2313 ὲκ
3570 2247 3798 2322 μέρους,
3860 2286 3863 2288 »

2210 2340 2350 2396 ἀλλὰ
2379 2341 2600 2408 τελείως
2625 2341 2812 2415 τηρεῖν
2831 2352 2846 2372 "
2878 2340 2975 2395 καὶ
3000 2342 3049 2394 εί
3079 2341 3296 2412 ἀληθῶς
3324 2336 3472 2413 εἶχεν
3499 2342 3532 2413 ἠ
3557 2358 3803 2414 κατηγο-

2215 2433 2327 2506 ρία,
2356 2434 2546 2506 ὥσπερ
2576 2435 2806 2499 ἐκεῖνον,
2834 2431 2979 2488 οὕτω
3003 2434 3098 2488 καὶ
3128 2434 3256 2498 τοὺς
3284 2434 3380 2488 ὑπ’
3423 2433 3634 2490 ἐκείνου
3686 2452 3802 2508 χει·-

2215 2524 2626 2598 ροτονηθέντας,
2654 2523 2750 2579 καὶ
2787 2523 2938 2596 αὐτῷ
2977 2527 3435 2598 κοινωνήσαντας,
3472 2526 3795 2598 καθαιρεῖνο

2213 2615 2310 2672 καὶ
2343 2614 2520 2680 οὕτως
2566 2613 2633 2671 ἂν
2668 2617 2726 2670 ἐν
2760 2617 2875 2678 τοῖς
2902 2613 3088 2688 ἔργοις
3118 2614 3229 2669 τῶν
3282 2616 3484 2687 χειρῶν
3525 2615 3710 2672 αὐτῶν
3747 2617 3799 2671 oi

2212 2708 2533 2780 ἁμαρτωλοὶ
2597 2708 2786 2780 σαφῶς
2833 2707 3324 2779 συνελαμϐάνοντο.
3367 2709 3706 2766 ’Λδικώτατα
3740 2708 3803 2763 δὲ
3898 2724 3901 2727 ·

2212 2800 2606 2872 διανοούμενοι,
2633 2800 2760 2854 ὅσον
2790 2799 2887 2873 μὲν
2915 2800 3096 2864 αὐτοῖς
3128 2797 3263 2871 πρὸς
3300 2797 3506 2870 βλάϐην
3531 2797 3627 2854 τοῦ
3668 2798 3799 2870 παρ’

2214 2892 2396 2946 αὐτῶν
2427 2891 2874 2964 ὲπηρεαζομένου
2906 2890 3202 2958 συνετέλει,
3232 2891 3393 2946 τοῦτο
3421 2892 3791 2964 ἐξεφώνησαν,

2212 2985 2275 3041 τὸ
2307 2984 2431 3057 ἑξῆς
2453 2985 2531 3047 δὲ.
2565 2984 2642 3050 ὡς
2671 2984 2766 3039 καὶ
2797 2982 2996 3046 αὐτοὺς
3028 2985 3098 3054 τῇ
3141 2984 3280 3056 αὐτῇ
3338 2983 3638 3038 ὑποϐάλλον
3675 2983 3794 3036 ἑπι-

2211 3075 2393 3150 τιμίᾳ,
2426 3073 2841 3147 κατεκρύψαντο
2863 3089 2878 3104 ⁸
2909 3072 2940 3126 ὃ
2965 3072 3028 3143 δὴ
3055 3075 3152 3128 καί
3179 3076 3208 3128 ὁ
3236 3074 3586 3148 πατριάρχης
3616 3075 3796 3138 αὐτοῖς

2213 3166 2334 3222 τότε
2383 3167 2884 3238 παρασιωπήσασιν
2932 3164 3202 3235 εὐστόχως
3249 3166 3533 3233 ἑπιφωνεῖ.
3583 3165 3646 3218 Ὠ
3695 3165 3798 3235 τῆς

522 3251 891 3323 κακουργίαςί
921 3252 968 3310 ὣ
997 3254 1099 3327 τῆς
1143 3257 1498 3328 σκαιότητοςί
1555 3255 1653 3326 Τίς
1677 3259 1786 3334 γὰρ
1815 3259 1914 3316 οὐκ
1945 3255 2110 3330 οἶδεν,
2152 3261 2229 3327 ὡς
2271 3261 2529 3330 Ἰγνάτιος
2555 3259 2653 3331 μὲν
2677 3258 2844 3332 ψήφῳ
2866 3260 3086 3315 πάντων
3105 3255 3241 3328 ὁμοῦ
3300 3255 3411 3311 τῶν
3464 3255 3790 3327 ἀρχιερέων,

523 3345 621 3400 καὶ
647 3347 748 3418 τῆς
783 3347 1114 3420 Ἐκκληοίας
1143 3352 1271 3425 ὅλης
1304 3356 1610 3409 συναινέσει
1629 3397 1646 3422 ,
1676 3357 1980 3423 κανονικῶς
2045 3356 2146 3419 καὶ
2184 3356 2466 3428 ἔνθὲσμως
2524 3354 2977 3428 προκεχείρισται
2997 3371 3011 3385 ·
3043 3352 3203 3417 αὐτὸς
3229 3350 3287 3405 δὲ
3307 3352 3338 3406 ό
3359 3349 3559 3414 Φώτιος
3588 3349 3791 3421 μᾶλλον

520 3438 601 3509 τῷ
626 3457 685 3493 τε
709 3439 868 3512 δεινῷ
896 3442 1080 3515 Βάρδᾳ
1109 3445 1206 3498 καὶ
1271 3449 1387 3512 τοῖς
1451 3451 1738 3518 κοσμικοῖς
1804 3450 2035 3522 ἄρχουσι
2112 3452 2463 3522 χρησάμενος
2521 3449 2825 3520 συνεργοῖς,
2893 3444 3259 3509 ἁκανονίστως
3314 3443 3409 3498 καὶ
3451 3441 3795 3514 τυραννικῶς

527 3534 729 3605 μᾶλλον
781 3535 816 3606 ἢ
870 3535 1345 3607 ἐκκλησιαστικῶς
1386 3538 1481 3594 τοῦ
1532 3539 1722 3613 θρόνου
1787 3541 2256 3615 καταδράττεταις
2304 3541 2444 3596 Ἀλλ’
2519 3541 2619 3597 οὐκ
2685 3542 2954 3608 ἔγνωσαν,
3023 3539 3142 3593 οὐδὲ
3195 3537 3434 3608 συνῆκαν
3476 3536 3529 3590 oi
3571 3535 3652 3608 τῷ
3699 3535 3804 3608 τῆς

525 3629 896 3702 φιλαργυρίας
922 3635 1017 3686 καὶ
1044 3631 1366 3704 δοξομανίας
1397 3634 1573 3707 σκότῳ
1596 3635 2071 3710 διαπορευόμενοι,
2109 3636 2187 3706 ὡς
2213 3639 2270 3692 ἐν
2293 3631 2374 3701 οἷς
2405 3635 2732 3702 διαϐουλίοις
2749 3635 2806 3703 ⁸,
2837 3635 3331 3706 συλλαμϐάνονται.

601 3725 734 3783 Post
763 3728 978 3799 longam
1005 3744 1136 3801 ergo
1167 3733 1460 3790 verborum
1493 3733 1928 3801 altercationem,
1961 3735 2107 3792 labo-

2289 3735 2444 3790 Μετὰ
2476 3734 2678 3808 πολλὴν
2708 3733 2800 3790 οῦν
2830 3731 2930 3804 τὴν
2961 3734 3020 3805 ἐν
3051 3733 3167 3797 τοῖς
3211 3729 3393 3800 λόγοις
3437 3728 3672 3800 ἅμιλλαν
3708 3729 3805 3787 καὶ

524 3833 664 3883 rem,
701 3828 757 3874 et
780 3819 1211 3886 cunctationem,
1243 3821 1357 3877 sola
1381 3821 1662 3893 impotenti
1687 3822 1811 3880 lreti
1841 3826 2110 3895 potentia,

524 3909 835 3981 pranerjus
863 3909 1056 3981 fasque
1084 3926 1270 3975 omne,
1293 3912 1594 3982 pontificali
1614 3915 1760 3970 cultu
1791 3929 2036 3986 pannoso
2060 3926 2118 3972 et

525 4003 770 4059 sordenti
820 4005 1000 4074 primo
1050 4003 1219 4078 [μου.
1250 4016 1304 4061 et
1333 4008 1484 4064 sord.
1529 4009 1731 4081 primo,
1766 4019 1880 4066 tum
1915 4011 2112 4084 pontii.

527 4090 720 4165 cultu]
758 4094 1011 4157 induunt,
1047 4109 1353 4165 rursusque
1396 4107 1583 4167 postea
1611 4115 1642 4154 a
1674 4109 1827 4172 tergo
1879 4112 2108 4158 exuunt.

530 4180 666 4237 Erat
699 4196 880 4240 autem
927 4183 1344 4255 hypodiaconus
1396 4187 1617 4258 quidam
1659 4189 1956 4262 Procopius
2009 4206 2113 4248 no-

530 4278 704 4342 mine,
735 4278 804 4334 ab
829 4277 1076 4337 Ecclesia
1105 4279 1352 4349 ejectus;
1385 4281 1586 4352 quippe
1618 4298 1782 4353 quem
1823 4293 2004 4341 mente
2034 4285 2118 4342 in-

530 4385 729 4427 sanum
776 4370 1133 4442 moribusque
1175 4371 1462 4442 profanum
1501 4375 1814 4445 patriarcha
1860 4392 1971 4432 non
2038 4377 2116 4436 ita

529 4465 740 4536 pridem
771 4466 943 4536 gradu
978 4477 1248 4522 moverat.
1283 4466 1385 4524 Hic
1412 4469 1625 4539 primus
1655 4471 1838 4526 ablato
1873 4488 1901 4527 a
1940 4473 2114 4544 patri-

535 4558 704 4614 archa
737 4558 923 4628 pallio,
962 4566 1225 4628 vcstequc
1249 4561 1454 4630 reliqua
1481 4577 1660 4627 sacra,
1695 4562 1840 4619 istud
1876 4565 2121 4622 soienme

529 4650 908 4727 proclamabat
941 4669 954 4706 :
999 4650 1280 4724 Indignus.
1321 4652 1621 4712 Zacharias
1654 4667 1708 4712 et
1735 4655 2111 4726 Rbodoaldus,

531 4743 893 4814 nonnullique
923 4745 1010 4799 alii
1043 4745 1236 4801 nefarii
1264 4746 1515 4804 homines
1551 4748 1692 4810 idem
1727 4749 2115 4816 vociferantes,

2219 3828 2457 3901 σπουδὴν
2485 3829 2580 3883 καὶ
2608 3826 2823 3900 τριϐὴν,
2853 3825 2975 3881 κατ’
3005 3825 3197 3880 οὐδένα
3225 3822 3578 3895 δικαιοσύνης
3611 3822 3794 3894 νόμον,

2220 3924 2359 3996 μόνῃ
2399 3923 2458 3978 δὲ
2507 3925 2576 3994 τῇ
2610 3921 2830 3992 ἐξουσίᾳ
2887 3918 3136 3992 μανικῶς
3190 3917 3488 3991 χρώμενοι,
3550 3915 3795 3972 ἐνδύουσι

2216 4013 2406 4072 τοῦτον
2438 4014 2630 4086 ἱμάτια
2683 4012 3018 4086 διερρωγότα
3069 4012 3166 4067 καὶ
3219 4011 3480 4082 ῥυπῶντα
3503 4050 3521 4076 ,
3565 4010 3657 4063 καὶ
3693 4007 3792 4079 τὴν

2220 4104 2505 4177 ἱερατικὴν
2541 4101 2735 4174 στολὴν
2762 4101 3178 4176 περιϐαλόντες,
3207 4103 3272 4154 ἐκ
3293 4099 3402 4156 τῶν
3427 4099 3653 4156 ὄπισθεν
3689 4101 3801 4154 ἀπ·

2219 4190 2744 4267 αμφιάζουσιν.Ἦν
2791 4194 2851 4249 δέ
2902 4212 2987 4260 τις
3043 4196 3381 4267 ὲκκήρυκτος
3427 4192 3805 4260 ὑποδιάκονος,

2221 4289 2528 4360 Προκόπιος
2565 4286 2826 4367 τοῦνομα,
2854 4286 2946 4342 τὸν
2973 4286 3133 4357 λόγον
3160 4286 3354 4355 ἄλογος
3373 4325 3390 4353 ,
3434 4285 3526 4340 τὸν
3565 4283 3681 4356 βίον
3719 4282 3808 4356 βε-

2221 4381 2404 4454 βηλος,
2433 4382 2491 4438 ὃν
2509 4383 2538 4438 ό
2563 4381 2911 4453 πατριάρχης
2937 4381 3132 4452 πρώην
3162 4380 3253 4435 διὰ
3284 4378 3447 4432 τοῦτο
3479 4376 3674 4452 ἔρριψε
3697 4374 3796 4431 τοῦ

2223 4473 2456 4546 βαθμοῦ.
2489 4465 2660 4540 Οὗτος
2696 4471 2911 4546 πρῶτος
2941 4470 3335 4543 ἀναιρούμενος
3392 4469 3454 4522 τὸ
3493 4468 3808 4542 ὠμοφόριον

2221 4566 2316 4618 καὶ⁸
2345 4563 2442 4638 τὴν
2464 4563 2658 4634 λοιπὴν
2684 4561 2912 4632 ἐσθῆτα,
2945 4559 3076 4614 ἐϐόα
3103 4559 3186 4626 τὸ,
3203 4555 3490 4624 Ἀνὰξιος.
3526 4553 3809 4626 Ζαχαρίας

2221 4675 2279 4712 τε
2332 4659 2424 4713 καὶ
2457 4655 2764 4720 Ῥοδόαλδος
2791 4697 2808 4724 ,
2863 4654 2959 4710 καί
2993 4670 3136 4716 τινες
3183 4651 3336 4706 ἄλλοι
3392 4649 3583 4722 μιαροὶ
3612 4647 3681 4701 τὰ
3717 4647 3809 4700 ῖσα

2223 4746 2632 4818 κραυγάζοντες
2655 4785 2672 4810 ,
2707 4747 2774 4817 τῇ
2824 4744 3017 4816 ἀνοσία
3057 4743 3223 4815 ψήφῳ
3273 4737 3804 4810 συνεπεψηφίζοντοσ

531 4836 704 4904 impio
735 4835 956 4892 decreto
989 4833 1453 4906 suffragabantur.
1513 4837 1663 4905 Quos
1697 4848 1876 4894 tamen
1925 4855 2107 4897 omnes

2224 4840 2318 4905 οὓς
2347 4840 2554 4904 πάντας
2593 4841 2654 4894 οὐ
2690 4839 2828 4911 μετὰ
2859 4838 2995 4892 πολὺ
3026 4835 3294 4908 μετῆλθεν
3341 4835 3375 4907 ἠ
3420 4833 3544 4906 δίκη
3580 4873 3596 4900 ,
3626 4833 3718 4886 καὶ
3747 4829 3804 4884 τὸ

533 4927 689 4982 brevi
725 4926 966 4984 caelestis
1021 4927 1261 4983 vindicta
1317 4937 1617 4984 consecuta
1657 4939 1762 4996 est,
1814 4947 1938 4984 cum
1996 4930 2107 4986 illos

2226 4933 2322 4988 τοῦ
2358 4934 2627 5004 Ζαχαρίου
2659 4933 2754 4986 τοῦ
2783 4931 2930 4985 θείου
2960 4929 3229 5003 δρέπανον
3253 4927 3594 4982 ὲκδικώτατα
3634 4941 3803 4980 κατα-

534 5019 710 5074 sancti
741 5021 879 5074 vatis
914 5017 1196 5074 Zachariae
1227 5018 1339 5074 falx
1373 5019 1461 5074 illa
1487 5020 1614 5090 jure
1645 5023 1853 5093 optimo
1907 5022 2107 5079 demes-

2225 5027 2434 5079 κτεῖναι
2483 5023 2822 5078 συνετέλεσε.
2858 5019 3066 5084 eam;
3099 5018 3198 5090 μὲν
3227 5016 3320 5073 οὖν
3347 5015 3445 5088 τὴν
3479 5012 3813 5087 ὲνδομυχοῦ·

533 5114 668 5169 suit.
704 5112 936 5169 Photius
959 5123 1143 5168 autem
1175 5130 1285 5184 quo
1315 5124 1478 5184 pacto
1524 5130 1688 5170 suum
1738 5116 2003 5173 adversus
2041 5117 2107 5172 int

2231 5137 2332 5175 σαν
2384 5121 2444 5174 ὲν
2493 5117 2644 5190 αὐτῷ
2696 5117 2839 5175 κατά
2872 5114 2966 5168 τοῦ
3013 5109 3349 5182 ἁνεγκλὴτου
3397 5110 3561 5181 μῆνιν
3598 5107 3716 5170 πῶς
3745 5104 3814 5160 ἂν

536 5214 749 5262 sontem
781 5210 1060 5262 occultum
1090 5207 1251 5262 aliter
1281 5207 1467 5264 odium
1495 5209 1751 5263 universo
1779 5207 1898 5262 orbi
1932 5207 2107 5278 prode

2225 5212 2403 5276 ἄλλως
2433 5213 2499 5282 τῇ
2527 5209 2822 5282 οἰκουμένῃ
2851 5207 3000 5281 πάσῃ
3026 5203 3403 5273 κατεστήσατο
3428 5201 3689 5273 φανερὰν,
3709 5197 3814 5253 καὶ

537 5307 656 5363 ret,
726 5299 1082 5368 seipsumque
1153 5300 1472 5367 longissime
1523 5315 1554 5356 a
1613 5300 1840 5371 ι)οοίίίοο
1902 5301 2107 5372 mitique

2228 5302 2346 5368 πῶς
2376 5303 2442 5356 ἂν
2475 5301 2667 5355 ἑαυτὸν
2713 5299 2788 5366 ὡς
2836 5298 3174 5371 πορρωτάτω
3219 5293 3316 5348 τοῦ
3378 5291 3656 5364 εἰρηνικοῦ
3715 5289 3816 5344 καὶ

539 5402 755 5462 pastore
787 5391 914 5448 Jesu
967 5393 1161 5448 abesse
1207 5394 1542 5459 ostenderet,
1586 5411 1750 5466 quam
1798 5410 1887 5450 res
1920 5394 2104 5466 cjusce

2231 5395 2409 5465 πράου
2441 5393 2694 5462 ποιμένος
2723 5392 3003 5463 ἀπέφηνεν
3042 5387 3240 5461 Ἰησοῦ,
3275 5385 3308 5457 ἦ
3339 5384 3569 5440 τοιαῦτα
3596 5383 3816 5453 διανοη-

540 5481 688 5535 modi
750 5482 1143 5548 machinando,
1201 5482 1463 5554 justoque
1509 5485 1626 5541 viro
1664 5485 1892 5557 injurias
1950 5497 2100 5542 tanta

2233 5487 2366 5552 θεὶς,
2394 5486 2490 5540 καὶ
2518 5485 2693 5551 οὓτως
2744 5483 3057 5542 ἀδικώτατα
3105 5482 3188 5556 τῷ
3229 5480 3427 5551 δικαίῳ
3456 5476 3814 5547 ὲπιθέμενοςς

539 5572 836 5642 irrogando
863 5573 888 5626 ί
922 5574 1331 5645 llocjudicinm
1364 5592 1522 5634 nemo
1555 5577 1656 5636 luit
1685 5582 1777 5650 qui
1805 5595 1911 5635 non
1944 5594 2107 5650 repre-

2233 5575 2454 5648 Ταύτην
2487 5577 2589 5648 τὴν
2618 5577 2799 5647 κρίσιν
2827 5576 2928 5630 οὐκ
2957 5569 3025 5646 ἦν
3057 5575 3205 5638 ὅστις
3235 5572 3337 5626 οὐκ
3362 5568 3670 5640 ἐμέμψατο,
3715 5566 3814 5618 καὶ

541 5665 822 5733 uenderet,
853 5677 1016 5739 atque
1051 5669 1436 5743 indignitatem
1489 5671 1591 5741 rei,
1643 5681 1741 5729 aut
1787 5673 1969 5746 potius
2027 5674 2107 5733 im

2230 5670 2330 5743 τῆς
2376 5669 2709 5741 ἀλογιστίας,
2749 5667 2949 5739 μᾶλλον
3007 5666 3064 5722 δὲ
3096 5661 3515 5740 μισανθρωπίας
3547 5657 3608 5714 τὸ
3639 5657 3803 5730 ὑπερ-

617 5844 692 5915 (6)
722 5844 901 5902 Canou
927 5850 1160 5916 aposml.
1189 5849 1281 5919 ‘29,
1319 5851 1455 5908 alias
1481 5853 1575 5908 3i.
