4134 6306
469 392 583 453 59.5

1559 392 1735 454 VITA
1765 392 1824 452 S.
1872 390 2170 452 IGNATII
2202 391 2309 451 ΕΡ.
2354 393 2708 454 ARCHIEP.

3638 401 3744 465 526

537 504 847 569 Αὔγουστος
882 501 1137 558 ἐνίστατο
1162 500 1291 575 μὴν,
1324 503 1419 557 καὶ⁸
1447 505 1690 575 σεισμοῖς
1723 503 1985 568 ἐξαισίοις
2012 503 2045 572 ἡ

2220 501 2502 574 Augustus
2525 501 2769 558 instabat
2793 501 3018 569 mensis,
3045 512 3100 558 et
3124 505 3453 562 tremoribus
3477 507 3750 567 hrrriticis

465 596 832 672 βασιλεύουσα
873 596 1253 651 κατεδονεῐτο’
1295 598 1389 652 καὶ
1433 598 1544 662 πᾶς
1575 595 1722 662 οἶκος
1748 596 2042 666 ὲκλονείτο,

465 691 560 746 καὶ
594 694 741 744 πᾶσα
768 690 966 761 καρδία
1000 689 1078 760 τῷ
1105 690 1258 760 φόϐῳ
1311 689 1626 744 κατεσείετο
1645 706 1658 720 ·
1689 689 1785 745 καὶ
1814 690 1920 753 πᾶς
1953 689 2046 744 dv-

464 783 682 855 θρωπος
709 781 788 854 τῷ
817 782 912 835 τοῦ
947 781 1179 836 θανάτου
1210 781 1324 835 δέει
1359 782 1723 853 συνεχόμενος
1747 781 1900 846 ὲδόα,
1921 782 2049 851 μίαν

463 875 642 928 αἰτίαν
673 869 814 926 εἶναι
837 872 935 926 τοῦ
965 872 1220 943 σεισμοῦ,
1279 873 1409 943 μίαν
1448 874 1546 944 τὴν
1588 875 1668 939 είς
1708 875 1800 927 τὸν
1845 890 2047 944 πατρι-

464 967 641 1037 άρχην
678 965 940 1036 Ἰγνάτιον
979 965 1192 1020 ἀδικίαν
1238 968 1336 1020 καὶ
1377 967 1749 1039 παρανομίαν.
1794 965 2050 1039 Ἐνηήμέ-

465 1075 590 1131 ραις
621 1057 679 1111 δὲ
713 1054 1130 1128 τεσσαράκοντα
1185 1060 1562 1130 μηκυνόμενος
1608 1061 1636 1113 ό
1681 1059 1904 1129 σεισμὸς
1957 1059 2050 1112 ἐπὶ

462 1149 720 1204 τοσοῦτον
750 1149 932 1206 αὐτῶν
979 1148 1080 1222 τὴν
1111 1149 1387 1221 ὠμότητα
1431 1153 1524 1205 καὶ
1573 1151 1876 1221 ἰταμότητα
1919 1168 2051 1205 κατ-

466 1242 746 1313 έκαμψεν,
800 1243 876 1307 ὼς
929 1243 1028 1296 καὶ
1081 1242 1207 1306 τοὺς
1259 1242 1600 1316 κρατοῦντας
1656 1244 1854 1308 αὐτοὺς
1888 1245 2051 1316 ὅρκον

467 1335 750 1406 προθεῖναι
806 1334 1065 1405 δημοσίᾳ,
1107 1335 1232 1405 μήτ’
1276 1334 1442 1394 αὑτὸν
1493 1337 1703 1390 ἐκεῖνον
1753 1335 1844 1390 τὸν
1906 1336 2053 1409 ἱερὸν

467 1430 704 1501 φυγάδα,
729 1431 868 1500 μήτε
901 1431 1034 1498 παρ’
1064 1421 1108 1496 ᾧ
1138 1429 1446 1500 κρύπτεται
1476 1429 1908 1501 φανερούμενον,
1943 1432 2051 1484 ὑπ-

467 1522 693 1577 εύθυνον
729 1522 1062 1577 καθεστάναι
1094 1520 1304 1596 λοιπδμ,
1356 1522 1706 1594 ἀθωοόμενον
1749 1525 1808 1577 δὲ
1839 1527 1919 1588 είς
1953 1525 2053 1595 τὴν

466 1617 675 1674 οἰκείαν
704 1616 1076 1688 ἀνενοχ).ἡτως
1112 1616 1592 1672 ἀποκαθίστασθαι
1622 1620 1815 1691 μονήν.
1858 1620 2054 1673 Τοίνυν

465 1709 639 1774 οὕτως
681 1709 925 1773 ἀκούσας
951 1711 982 1763 ό
1005 1708 1267 1780 ἀθλητὴς,
1301 1709 1599 1782 καταδηλοῐ
1627 1711 1822 1766 ἑαυτὸν
1852 1711 2054 1766 αὐτίκα

464 1801 543 1873 τῷ
571 1802 852 1874 πατρικίῳ
897 1803 1192 1874 Πετρωνᾷ·
1231 1802 1292 1865 ὃς
1343 1801 1438 1856 τοῦ
1475 1805 1878 1879 αὐτοκράτορος
1909 1803 2054 1869 θεῖος

2125 632 2132 636 -
2155 591 2658 664 Constantinopolis
2679 594 3061 666 quatiebatur:
3080 595 3226 652 aedes
3244 598 3512 653 nutabant
3537 615 3754 672 omnes,

2150 687 2446 759 omniaque
2468 687 2783 744 mortalium
2814 697 3034 758 pectora
3058 697 3206 745 metu
3248 690 3607 762 palpitabaat,
3663 711 3758 751 ne-

2153 794 2241 833 mo
2274 794 2380 833 non
2415 777 2612 834 mortis
2639 778 2872 835 horrore
2901 789 3202 849 occupatus
3242 781 3583 847 clamitabat,
3623 784 3748 838 uni-

2152 887 2273 926 cam
2306 871 2469 941 plane
2497 871 2666 940 hujus
2698 873 2930 944 prodigii
2971 886 3067 928 seu
3119 883 3299 929 motus
3349 889 3570 930 causam
3626 893 3751 934 esse

2154 964 2413 1034 injuriam
2446 974 2500 1019 et
2526 965 2878 1035 sacrilegium
2933 965 2987 1019 in
3034 967 3405 1036 patriarcham
3464 967 3737 1038 lgnatium

2155 1055 2537 1113 commissum.
2585 1054 2736 1112 Urbe
2767 1065 2951 1112 autem
3006 1066 3150 1114 totos
3211 1061 3575 1132 quadraginta
3622 1062 3746 1117 dies

2153 1151 2416 1206 continuo
2442 1159 2728 1211 tremente,
2759 1166 2932 1220 usque
2958 1151 3098 1208 adeo
3127 1151 3330 1208 ferocia
3355 1163 3409 1208 ct
3433 1155 3756 1211 immanitas

2155 1244 2370 1300 illorum
2404 1244 2647 1314 mitigata
2677 1252 2780 1307 est,
2810 1254 2870 1300 ut
2893 1244 2994 1315 ipsi
3016 1245 3286 1317 principes
3306 1247 3750 1319 publicejureju-

2163 1338 2335 1394 rando
2364 1347 2827 1404 contestarentur,
2859 1353 3035 1409 neque
3067 1340 3251 1409 fugam
3274 1356 3432 1396 sacro
3451 1342 3524 1396 illi
3547 1343 3750 1398 exsuli.

2155 1443 2256 1482 nec
2269 1427 2469 1498 hospiti
2487 1427 2692 1483 exsulis
2712 1430 2857 1498 apud
2875 1444 3035 1499 quem
3064 1429 3393 1497 delituisset,
3409 1430 3585 1487 fraudi
3607 1430 3724 1488 futu
3739 1462 3756 1473 -

2160 1535 2274 1574 ram
2306 1538 2322 1587 ;
2380 1520 2474 1576 sed
2505 1521 2819 1576 absolutum
2849 1522 3104 1588 crimine,
3138 1524 3600 1595 innocentemque
3635 1540 3759 1596 pro-

2156 1613 2486 1679 nuntiatum,
2522 1612 2640 1669 sine
2663 1613 2991 1686 cujusquam
3023 1615 3272 1671 molestia
3295 1615 3348 1671 in
3373 1631 3475 1671 suo
3506 1616 3756 1674 emnobio

2155 1720 2349 1761 secure
2415 1721 2859 1776 permansurum.
2902 1705 3062 1774 Quod
3106 1723 3232 1764 cum
3275 1708 3493 1764 'Christi
3550 1709 3756 1766 athleta

2155 1795 2482 1866 accepisset,
2518 1797 2765 1852 Petronae
2817 1812 2877 1853 se
2910 1797 3162 1868 patricio,
3188 1809 3440 1854 materno
3466 1799 3760 1870 imperato-

467 1871 606 1966 πρὸς
643 1871 852 1966 μητρὸς
885 1891 1117 1958 ὣν;.κα“ι
1137 1871 1240 1948 *τοῦ
1278 1892 1543 1966 βασιλέως
1577 1871 1718 1967 ἄρας
1739 1871 2054 1964 ὲῆκόλπιον,

2163 1888 2242 1945 ris
2315 1888 2617 1956 avunculo,
2670 1890 2846 1961 aperit
2903 1891 3041 1961 :qui
3096 1892 3393 1963 pretiosum
3447 1901 3757 1964 gestamen,

468 1987 551 2049 εἰς
572 1984 830 2057 ινέχυρον
853 1983 1036 2055 φέρων
1055 1983 1241 2039 δίδωσι
1268 1984 1347 2056 τῷ
1374 1986 1718 2058 πατριάρχῃ.
1734 1984 1792 2039 '0
1821 1984 1878 2040 δὲ
1896 1983 2058 2041 τοῦτο

472 2079 567 2131 τοῦ
606 2075 886 2148 τραχήλου
931 2077 1336 2148 ἀπαιωρησας,
1372 2077 1468 2132 καὶ
1519 2078 1657 2150 πρὸς
1709 2078 1801 2132 τὸν
1846 2077 2060 2152 Βάρδαν

478 2168 756 2239 ἀναχθεὶς,
788 2169 939 2240 εστη.
971 2171 1117 2242 Πρὸς
1143 2169 1202 2224 δν
1233 2173 1464 2236 ἐκεῖνος,
1491 2171 1613 2226 Ἷνα
1645 2170 1718 2237 τί,
1750 2172 1906 2243 φησὶ,
1932 2169 2060 2245 τρό-

483 2278 585 2316 πον
611 2261 888 2333 δραπέτου
918 2262 1300 2336 μιμησάμενος
1325 2305 1342 2331 ,
1375 2264 1543 2336 ἄλλην
1571 2264 1630 2329 ἐξ
1673 2263 1840 2336 ἄλλης
1873 2265 2060 2336 χώραν

477 2355 730 2425 ἀμείϐων
758 2358 1129 2428 περινοστεῐς;
1170 2357 1230 2410 '0
1259 2357 1337 2423 δὲ,
1367 2355 1626 2429 Χριστὸς,
1653 2357 1780 2428 ἔφη,
1808 2359 1836 2412 ὁ
1869 2357 2060 2429 ἡμέτε-

442 2457 445 2460 ·
481 2463 574 2518 ρος
599 2437 854 2517 βασιλεὺς
893 2448 985 2501 καὶ
1035 2449 1216 2521 πατὴρ
1249 2449 1590 2505 ἐνετείλατο·
1638 2449 1777 2504 Ἐὰν
1805 2449 2058 2506 διώκουο

475 2553 583 2594 σιν
614 2537 768 2608 ὑμᾶς
793 2539 861 2594 ἐκ
891 2537 1003 2609 τῆς
1025 2541 1261 2607 πόλεως
1286 2541 1530 2620 ταύτης,
1538 2541 1797 2624 φεύγετε
1835 2543 1924 2607 εις
1948 2542 2064 2610 τὴν

474 2629 694 2700 ἀλλην.
727 2631 1010 2704 Ἦττηθεὶς
1052 2627 1146 2687 οῦν
1174 2633 1274 2705 τῆς
1300 2629 1398 2687 τοῦ
1458 2634 1653 2709 ἀνδρὸς
1680 2634 1887 2706 ἀρετῆς
1920 2637 2065 2690 ὲκεί-

472 2744 584 2793 νος,
640 2723 938 2784 ἀνεύθυνον
987 2723 1178 2778 τοῦτον
1225 2723 1322 2779 καὶ
1375 2725 1568 2781 ἄνετον
1616 2727 1699 2789 είς
1745 2725 1846 2798 τὴν
1893 2725 2061 2780 αὐτοῦ

472 2817 816 2887 καταστῆναι
845 2816 1058 2870 κελεύει
1095 2817 1288 2888 μονήν.
1326 2816 1505 2881 Εὐθὺς
1531 2815 1628 2872 οὖν
1653 2818 1747 2872 καὶ
1777 2818 1806 2872 ό
1840 2817 2064 2887 σεισμὸς

469 2913 626 2983 ιστη.
681 2911 795 2967 Καὶ
817 2909 1124 2981 Βοῦλγαροι
1150 2909 1210 2964 δὲ
1246 2908 1368 2965 τότε
1398 2910 1678 2981 προνοίαις
1708 2911 1870 2979 Θεοῦ,
1905 2911 2064 2982 βιαίῳ

469 3005 879 3069 κατατακέντις
927 3003 1096 3076 λιμῷ,
1149 3004 1268 3076 ἃμα
1308 3000 1368 3058 δὲ
1417 3003 1515 3058 καὶ
1564 3007 1681 3069 τοῖς
1727 3002 1924 3076 δώροις
1967 3002 2064 3057 τοῦ

471 3098 876 3170 αὐτοκράτορος
905 3096 1246 3169 θελχθέντες,
1276 3100 1347 3155 τὰ
1373 3099 1516 3154 ὅπλα
1551 3097 1958 3170 καταθέμενοι,
1985 3097 2066 3170 τῷ

473 3189 616 3259 ἁγίῳ
639 3187 957 3262 προσῄεσαν
987 3189 1352 3261 βαπτίσματι.

2159 1979 2310 2051 quod
2362 1980 2428 2034 ad
2457 1979 2638 2035 sinum
2682 1979 3033 2050 imperatoris
3064 1980 3359 2050 pendebat,
3395 1997 3494 2051 pro
3527 1982 3756 2053 pignore

2161 2069 2388 2126 allatum
2430 2070 2598 2125 tradit
2627 2070 2977 2141 patriarchae,
3010 2085 3121 2140 quo
3172 2071 3262 2126 ille
3320 2071 3389 2128 de
3451 2070 3594 2127 collo
3628 2087 3756 2128 sus-

2163 2176 2332 2232 penso
2389 2162 2458 2218 ad
2511 2163 2746 2218 Bardam
2808 2165 3063 2229 accedit;
3097 2163 3191 2234 qui
3233 2165 3300 2221 ad
3335 2165 3753 2235 patriarcbam:

2161 2253 2329 2321 Quid,
2359 2254 2559 2324 inquit,
2592 2255 2811 2327 fugitivi
2852 2271 3007 2314 more
3058 2273 3125 2313 ex
3158 2258 3280 2314 loco
3328 2259 3384 2314 in
3415 2259 3596 2317 locum
3624 2273 3757 2329 pro-

2164 2346 2328 2418 fugus
2355 2347 2621 2404 oberras?
2650 2349 2739 2404 cui
2767 2347 3013 2420 lgnatius
3055 2349 3374 2415 :Christus,
3409 2351 3607 2421 inquit.
3658 2365 3754 2407 rex

2164 2449 2352 2496 noster
2388 2454 2454 2496 ac
2508 2433 2673 2496 Pater
2719 2443 2980 2514 praecepit
3012 2460 3025 2496 :
3059 2441 3123 2500 Si
3173 2453 3556 2514 persequentur
3580 2459 3670 2500 vos
3701 2445 3758 2498 in

2163 2551 2270 2590 una
2297 2535 2532 2601 civitate,
2562 2535 2730 2606 fugite
2760 2537 2818 2590 in
2847 2537 3016 2616 etiam
3047 2537 3090 2590 ⁸.
3125 2536 3318 2593 Victus
3351 2538 3669 2594 innocentia
3699 2547 3758 2594 et

2165 2627 2370 2683 virtute
2396 2626 2503 2682 viri
2528 2625 2760 2693 Bardas,
2786 2629 3068 2684 innoxium
3095 2629 3440 2701 liberumque
3471 2631 3526 2685 in
3561 2646 3756 2687 mona-

2165 2720 2394 2776 sterium
2432 2720 2640 2776 remitti
2665 2735 2828 2777 suum
2849 2720 3027 2793 jubet.
3051 2722 3360 2794 Statimque
3379 2723 3583 2780 moveri
3612 2732 3756 2778 terra

2166 2813 2350 2877 desiit,
2393 2819 2450 2868 et
2499 2811 2718 2885 Bulgari
2742 2813 3094 2885 providentia
3133 2813 3253 2879 Dei,
3299 2817 3443 2873 fame
3507 2825 3755 2889 urgente,

2169 2906 2603 2976 muneribusque
2627 2905 2698 2962 ab
2726 2907 3060 2977 imperatore
3076 2909 3309 2976 deliniti,
3341 2910 3515 2966 armis
3539 2910 3755 2981 positis,

2167 2998 2410 3056 etelestis
2449 2999 2796 3070 baptismatis
2825 3002 2971 3056 unda
2997 3011 3127 3057 sunt
3159 3001 3399 3058 lustrati.

864 3286 914 3337 οί
937 3241 948 3244 ⁷
1402 3285 1782 3358 τοποτηρηταὶ
1838 3283 2060 3357 Ῥώμης

2239 3262 2425 3334 Legati
2473 3277 2692 3335 quoque
2742 3263 3010 3334 pontificii
3057 3279 3090 3320 a
3123 3264 3321 3322 Photio
3349 3267 3515 3324 donis
3546 3268 3748 3325 blande

433 3431 437 3436 _
479 3375 824 3448 φιλοφρόνως
859 3376 966 3430 ὑπὸ
1013 3375 1222 3432 ⁴Ιθωτίου
1261 3377 1756 3450 δωροδοκηθέντες,
1786 3376 1888 3450 την
1928 3377 2068 3432 Ῥῶ·

482 3484 590 3538 μην
619 3467 1116 3540 παλινοστήσαντες
1151 3469 1474 3528 κατέλαϐον.
1495 3469 1605 3535 Οὓς
1642 3471 1672 3524 ὁ
1700 3471 1894 3535 πάπας
1934 3471 2068 3525 ἁνα-

480 3559 672 3631 κρίνας
731 3560 1042 3627 Νικόλαος,
1098 3563 1198 3616 καὶ
1255 3562 1326 3617 τὰ
1379 3563 1524 3618 κατὰ
1572 3565 1668 3619 τὸν
1715 3565 2065 3638 πατριάρχην

495 3650 753 3720 Ἰγνάτιον
790 3650 1141 3726 ηκριὸωκὼς,
1184 3655 1278 3707 καὶ
1336 3655 1400 3708 ὲκ
1439 3651 1533 3711 τοῦ
1577 3656 1846 3726 στόματος
1884 3657 2064 3717 αὐτῶν

483 3743 1010 3811 ὑποδίκουςοαὺτοὺς
1057 3746 1442 3817 πεφωρακὼς,
1514 3749 1592 3814 ὼς
1657 3751 2065 3815 ἒπισυστάσεως

477 3835 797 3911 λῃστρικῆς,
834 3838 952 3893 ἀλλ’
986 3839 1048 3901 οὐ
1088 3841 1384 3911 κανονικῆς
1410 3843 1628 3897 συνόδου
1665 3845 2064 3913 κατάρξαντας,

473 3930 718 4000 διηνεκεῖ
746 3930 1069 4003 καθαιρέσει
1106 3931 1200 3986 καὶ
1249 3931 1684 4004 ἀναθεματισμῷ
1713 3934 2064 3989 καθυποῧαλ-

473 4019 581 4074 λειο
617 4017 716 4075 καὶ
762 4019 827 4074 οὐ
875 4021 1075 4091 μόνους
1112 4020 1334 4085 αὐτοὺς.
1365 4020 1503 4076 ἀλλὰ
1531 4024 1625 4076 καὶ
1649 4021 1816 4077 αὐτὸν
1837 4021 2065 4088 Φὼτιον,

473 4116 551 4177 ὼς
595 4111 902 4184 ἐπιϐήτορα
941 4114 1042 4167 καὶ
1095 4113 1320 4184 μοιχὸν,
1362 4105 1761 4185 ἀποκηριῆτει,
1810 4115 1907 4170 καὶ
1958 4115 2066 4169 ὑπὸ

476 4204 684 4273 συνόδῳ
713 4205 976 4276 κανονικῇ
1009 4204 1104 4258 καὶ
1157 4204 1328 4276 ψήφῳ
1363 4205 1546 4274 πάσης
1597 4205 1702 4276 τῆς
1753 4206 1848 4260 ὑπ’
1905 4205 2067 4260 αὑτὸν

489 4295 824 4367 Ἐκκλησίας
849 4295 1246 4367 ἀναθεματίζιι
1276 4297 1372 4352 καὶ⁹
1401 4298 1677 4372 καθαιρεῖ·
1717 4296 1871 4352 οὐδὲν
1904 4298 2065 4354 αὑτὸν

481 4385 760 4458 διαφέρειν
799 4387 1055 4459 Μαξίμου
1096 4386 1190 4442 τοῦ
1243 4387 1487 4443 Κυνικοῦ
1517 4431 1533 4454 ,
1569 4388 1664 4444 τοῦ
1708 4389 1788 4461 τῷ
1818 4389 2066 4461 Θεολόγῳ

484 4464 770 4553 Ῠρηγορίῳ
837 4481 1201 4551 ὲπιφυέντος,
1274 4484 1369 4538 καὶ
1423 4483 1521 4555 την
1562 4482 1890 4553 Ἐκκλησίαν
1934 4501 2060 4554 συγ-

2168 3354 2415 3426 corrupti
2439 3353 2669 3411 Romam
2709 3356 3010 3412 redierunt.
3037 3358 3186 3425 Quos
3219 3358 3477 3416 Nlcolaus
3508 3362 3753 3432 pontifex

2170 3448 2237 3502 de
2267 3447 2577 3517 patriarcha
2607 3446 2820 3518 lgnatio
2850 3447 3236 3520 interrogatos,
3268 3462 3322 3507 et
3355 3467 3543 3509 severe
3572 3454 3756 3527 inqui-

2169 3543 2327 3606 sitos,
2368 3557 2494 3597 cum
2529 3541 2648 3598 suis
2677 3542 2798 3598 illos
2830 3542 3009 3598 verbis
3033 3555 3222 3615 captos
3249 3547 3598 3615 convicisset,
3633 3549 3758 3606 illos

2169 3633 2380 3690 sicsi-ise
2438 3633 2620 3703 potius
2687 3630 2988 3698 factionis,
3043 3647 3208 3706 quam
3253 3636 3509 3708 legitima:
3563 3640 3758 3711 synodi

2170 3727 2432 3797 praesides
2465 3724 2662 3797 egisse,
2693 3735 2952 3797 perpetua
2982 3731 3432 3786 o-xauctoratione
3463 3731 3759 3790 damnatos

2169 3821 2520 3876 anathemate
2583 3819 2875 3891 percussit.
2937 3817 3048 3874 Nec
3090 3820 3300 3891 legatos
3363 3830 3601 3889 tantum,
3659 3825 3755 3880 sed

2170 3915 2347 3982 ipsum
2400 3929 2620 3984 quoque
2670 3912 2927 3970 Photium
2990 3923 3286 3987 tyrannum
3326 3924 3381 3971 et
3445 3916 3756 3972 adulterum

2169 4007 2508 4080 pronuntiat,
2541 4018 2593 4063 et
2628 4007 2883 4080 legitimae
2919 4008 3112 4078 synodi
3142 4009 3410 4063 sententia
3444 4008 3612 4065 totius
3653 4008 3757 4065 Ec-

2169 4101 2351 4158 clesiae
2383 4115 2495 4156 suae
2521 4102 2874 4158 anathemate
2913 4101 3038 4156 ferit
3072 4100 3432 4173 deponitque,
3465 4102 3758 4179 ipsumque

2169 4211 2200 4251 a
2225 4193 2464 4252 Maximo
2487 4193 2715 4266 Cynico,
2741 4194 2833 4265 qui
2858 4193 3122 4265 Gregorio
3153 4192 3433 4265 Theologo
3458 4194 3755 4264 insultans,

2173 4290 2471 4346 Ecclesiam
2501 4288 2678 4344 turbis
2709 4287 2966 4343 omnibus
3001 4287 3339 4358 permiscuit,
3367 4290 3504 4344 nihil
3532 4288 3758 4347 diﬂ‘erre

2168 4383 2432 4438 declarat.
2471 4382 2653 4450 Quare
2686 4380 2841 4436 illum
2867 4423 2884 4449 ,
2922 4389 2981 4436 ut
3010 4381 3395 4436 sraudalorum
3445 4392 3752 4446 auctorem,

2169 4489 2222 4533 et
2250 4476 2320 4532 ab
2345 4476 2438 4531 illo
2477 4485 2859 4540 consecratos,
2891 4475 3188 4544 apestoliea
3212 4471 3562 4540 auctoritate,
3584 4477 3753 4533 veluti

483 4572 703 4639 χέαντος
736 4612 751 4637 ,
794 4574 1236 4645 ἀποφηνάμενος.
1291 4577 1455 4631 Ὅθεν
1505 4577 1669 4631 αὐτόν
1707 4594 1790 4643 τε,
1845 4577 1920 4642 ὡς
1953 4577 2060 4630 τῶν

2169 4571 2509 4642 conjuratos,
2538 4568 2714 4624 eidem
2753 4570 3041 4624 sententia:
3076 4569 3320 4640 subjicit.
3355 4568 3467 4624 Nec
3499 4570 3585 4626 bis
3619 4586 3753 4628 ron-

485 4662 796 4718 σκανδαλων
827 4669 1020 4735 αίτιον,
1057 4669 1151 4723 και
1186 4669 1313 4730 τοὺς
1348 4670 1440 4722 ὑπ’
1471 4669 1636 4724 αὑτοῦ
1681 4687 2064 4741 κεχειροτονη-

486 4755 706 4826 μένους,
748 4757 822 4821 ὠς
862 4759 1175 4830 ὁμόφρονας
1209 4762 1381 4834 τούτῳ
1421 4762 1664 4834 δηλονότι
1691 4762 2068 4826 καθεστῶτας,

480 4849 820 4924 ἀποστολικῇ
853 4853 1034 4924 κρίσει
1065 4857 1131 4926 τῇ
1163 4855 1300 4928 αὐτῇ
1332 4856 1626 4916 ὑποδάλλει
1661 4855 1947 4928 καταδίκῃ.
1993 4843 2072 4909 0'5

477 4943 641 4999 τοῦτο
697 4945 755 4998 δὲ
805 4949 950 5000 ποιεί
985 4946 1168 5016 μόνον,
1198 4947 1334 5003 ἀλλά
1365 4950 1460 5004 καὶ
1499 4949 1627 5012 τοὺς
1664 4947 2064 5012 κοινωνοῦντας

478 5038 695 5109 Φωτίῳ,
744 5039 910 5093 αὐτόν
948 5058 1006 5095 τε
1055 5043 1148 5096 τὸν
1195 5042 1424 5114 βασιλέα
1468 5045 1559 5096 καὶ
1605 5041 1704 5110 τὴν
1754 5042 1845 5096 ὑπ’
1905 5042 2069 5097 αὑτὸν

2170 4673 2376 4730 tentus,
2410 4665 2650 4720 asseclas
2686 4664 2856 4730 illius,
2896 4665 3184 4733 ipsumque
3218 4665 3602 4736 imperatorem
3625 4681 3750 4721 cum

2171 4769 2361 4817 senatu
2395 4759 2518 4830 ejus
2565 4760 2714 4813 omni
2759 4773 2858 4829 per
2897 4759 3107 4815 litteras
3139 4777 3166 4813 a
3202 4770 3348 4815 cmtu
3381 4759 3624 4814 lidclium
3657 4774 3753 4816 ex-

2171 4853 2360 4910 cludit.
2392 4852 2524 4921 Qure
2562 4849 2821 4907 Nicolaus
2855 4867 2978 4906 cum
3018 4851 3207 4905 divino
3237 4851 3355 4925 zelo
3379 4850 3755 4912 inﬂammatus

2171 4945 2418 5017 egisset,
2472 4943 2846 5013 aequissimam
2907 4942 3100 5012 judicii
3152 4944 3240 4999 sui
3295 4943 3629 4999 sententiam
3685 4945 3754 5000 ad

2176 5040 2415 5096 Orientis
2450 5037 2789 5109 patriarchas
2814 5036 3141 5090 transmisit.

482 5133 762 5187 πολιτείαν
806 5137 989 5190 πᾶσαν
1031 5137 1100 5191 δι’
1137 5138 1440 5192 ἐπιστολῶν
1483 5138 1760 5208 ἀφορίζει.
1790 5137 1976 5193 Ταῦτα
2007 5139 2065 5193 δὲ
2104 5137 2252 5210 ζήλῳ
2283 5137 2414 5208 θείῳ
2439 5140 2467 5190 6
2493 5133 2758 5198 Νικόλαος
2790 5132 3304 5206 καταπραξάμενος,
3331 5134 3424 5188 καὶ⁸
3488 5138 3602 5198 τοῖς
3657 5134 3757 5206 τῆς

497 5225 794 5296 ’Δνατολῆς
823 5227 1194 5299 πατριάρχαις
1219 5231 1316 5300 τὴν
1357 5229 1621 5300 ἔνθεσμον
1652 5230 1835 5302 κρίσιν
1859 5229 2067 5299 ταύτην
2103 5229 2465 5299 διεπέμψατο.

555 5318 695 5371 Κατ’
721 5318 939 5384 ὲκείνας
970 5321 1028 5375 δὲ
1055 5323 1153 5386 τὰς
1176 5323 1388 5395 ἡμέρας
1422 5323 1518 5378 καὶ
1550 5323 1880 5396 ἐμπρησμὸς
1900 5323 2073 5395 μέγας

2247 5323 2351 5379 Per
2382 5323 2525 5379 idem
2566 5319 2679 5377 fere
2711 5329 2926 5392 tempus
2967 5319 3160 5390 ingens
3205 5320 3258 5374 in
3293 5319 3504 5376 aedibus
3539 5318 3757 5392 Sophia:

491 5411 692 5482 σφόδρα
751 5413 831 5478 εἰς
867 5413 965 5478 τὰς
1022 5417 1224 5487 Σοφίας
1257 5416 1570 5489 γενόμενος,
1621 5418 1906 5490 ἀμύθητον
1939 5418 2060 5486 ὅσην

2175 5417 2492 5473 incendium
2541 5415 2773 5481 exstitit,
2813 5431 2915 5471 nec
2946 5426 3212 5486 quantum
3247 5415 3438 5470 vicinis
3470 5417 3756 5470 calamita-

489 5507 844 5578 καταφθορὰν
878 5508 974 5562 καὶ
1031 5508 1212 5583 λύμην
1244 5513 1359 5576 τοῖς
1399 5512 1787 5582 προσοικοῦσιν
1819 5513 2072 5580 ἐνειργα-

489 5613 642 5654 σατο.
672 5599 837 5653 Οὐδὲν
858 5601 913 5654 δὲ
942 5601 1149 5656 τούτων
1175 5605 1253 5667 εἰς
1287 5603 1594 5676 μεταμελον
1649 5600 1755 5676 ἦγε
1781 5610 1907 5669 τοὺς
1938 5605 2066 5658 ἀνο-

486 5694 612 5765 μεῑν
650 5693 1036 5763 διεγνωκότας
1064 5697 1290 5769 ’μᾶλλον
1328 5699 1426 5770 μὲν
1474 5699 1588 5767 οὖν,
1621 5699 1760 5754 κατὰ
1796 5701 1893 5755 τίην
1931 5700 2068 5753 dum.

580 5881 604 5916 ⁸
629 5880 825 5939 Matth.
870 5899 924 5951 Χ,
955 5881 1049 5939 25.

2175 5521 2308 5576 tem,
2337 5523 2714 5583 quantumque
2759 5509 2986 5564 exitium
3022 5509 3284 5573 attulerit,
3316 5509 3544 5564 dicendo
3582 5514 3758 5582 expli-

2174 5605 2288 5658 cari
2317 5612 2511 5672 potest.
2546 5601 2679 5668 Quae
2711 5609 2895 5655 tamen
2926 5615 3012 5655 res
3046 5615 3140 5655 eos
3177 5601 3268 5670 qui
3310 5616 3562 5673 perverse
3597 5619 3758 5673 agere

2177 5697 2556 5766 decreverant,
2610 5693 2674 5751 ad
2725 5693 3008 5751 meliorem
3047 5705 3285 5752 mentem
3338 5712 3446 5753 non
3495 5697 3755 5763 reduxit;
