4150 6298
394 385 519 461 ’531
898 378 901 382 ⁴
1616 394 1915 457 ΝιοΕτΑι
1955 397 1994 457 Ρ

2099 392 2490 457 HLAGONIS
3588 378 3692 441 532

415 523 476 571 ut
504 515 637 570 nihil
664 513 888 585 propius
941 511 1144 568 factum
1165 512 1255 578 sit,
1283 527 1446 583 quam
1475 521 1531 567 ut
1551 512 1694 569 inter
1719 520 1989 569 tormenta

2099 527 2189 573 τας
2210 505 2593 578 ἐξεῤῥίζωσεν,
2629 497 2773 553 οὕτω
2803 496 2857 552 δέ
2888 496 2984 550 καὶ
3008 494 3101 549 τὸν
3122 492 3301 547 νῶτον
3320 489 3690 566 κατῃκίσατο,

415 610 652 662 animam
686 608 889 662 ederet.
927 606 1003 662 De
1036 621 1147 676 quo
1180 608 1316 665 nihil
1350 607 1614 664 sollicitus
1642 617 1759 664 erat
1788 621 1994 662 merce-

2099 603 2172 662 ὼς
2222 600 2409 666 ὀλίγου
2464 594 2576 649 δεῖν
2628 590 2793 646 αὐτὸν
2846 590 2968 653 ταῖς
3024 587 3281 660 βασάνοις
3315 581 3689 639 ἐναποθανεῖν·

414 700 604 756 uarius
635 698 821 770 epilio,
873 700 1006 769 quin
1047 699 1163 770 ipse
1209 700 1469 770 paulatim
1525 700 1829 771 sacrilegiis
1884 700 1994 755 illis

2099 691 2302 746 τούτων
2336 689 2392 743 δὲ
2438 686 2594 741 οὐδὲν
2628 683 2791 755 ἔμελε
2846 681 2925 753 τῷ
2983 678 3261 753 μισθωτῷ.
3307 676 3525 771 Ἦρέμα
3580 676 3689 747 γὰρ

412 792 615 862 pariter
629 792 1030 857 oblectabatur,
1051 802 1105 847 et
1123 808 1226 847 una
1243 808 1367 848 cum
1386 793 1619 863 impuris
1634 770 1994 848 histrionibus

2099 786 2193 838 καὶ
2240 782 2403 844 αὐτὸς
2435 779 2694 849 συνήδετο
2724 778 2835 840 τοῖς
2877 773 3247 842 τελουμένοις,
3280 771 3375 825 καὶ
3421 770 3537 841 ἅμα
3577 773 3695 836 τοῖς

412 902 691 957 pueroque
723 889 1118 944 consuescebat
1148 896 1202 942 et
1236 890 1649 945 comessabatur
1669 930 1683 954 ,
1711 903 1886 957 neque
1927 888 1994 943 ab

2100 878 2318 949 μιαροῖς
2362 870 2552 945 μίμοις
2597 870 2829 933 ἐκεῖνοις
2879 866 3269 938 συνεχέστερον
3304 863 3379 934 τῷ
3420 864 3694 934 μειρακίῳ

410 995 602 1035 eorum
648 982 1044 1036 consuetudine
1070 992 1123 1037 et
1148 982 1384 1036 ludibrio
1416 982 1603 1051 procul
1644 984 1854 1037 aderat.
1885 979 1993 1036 Ve-

2099 968 2494 1039 συνερχόμενος
2541 964 2633 1018 καὶ
2681 958 3216 1033 συμποὼαζόμενος,
3265 956 3389 1011 οὐδὲ
3438 956 3540 1026 τῆς
3574 955 3694 1051 δια-

412 1084 534 1124 rum
573 1070 692 1138 ejus
735 1085 865 1124 cura
911 1070 1089 1127 omnis
1135 1069 1205 1125 ad
1257 1072 1522 1141 lgnatium
1572 1070 1993 1141 opprimendum

412 1162 727 1218 vertebatur
761 1181 777 1217 :
811 1165 1008 1219 avebat
1072 1166 1217 1220 enim
1272 1164 1480 1234 aliquid
1517 1164 1782 1220 adversus
1838 1164 1992 1218 ilium

412 1252 624 1317 audire,
666 1263 721 1307 et
766 1254 1087 1323 pruriebant
1120 1255 1195 1310 illi
1227 1271 1409 1310 aures.
1440 1253 1542 1310 Ubi
1575 1256 1736 1310 etiam
1775 1271 1904 1311 casu
1940 1255 1993 1310 in

411 1340 863 1397 calumniatorem
914 1342 1063 1398 illius
1088 1342 1403 1406 incidebat,
1436 1343 1532 1414 qui
1563 1343 1643 1398 vel
1680 1353 1896 1398 tenuem
1928 1341 1998 1397 de

324 1420 325 1423 “
410 1433 510 1489 illo
532 1434 816 1490 obviamve
837 1436 1168 1491 calumniam
1198 1448 1500 1508 spargeret,
1525 1438 1672 1493 hunc
1704 1452 1835 1491 vero
1871 1451 1993 1491 mox

411 1526 466 1580 in
500 1526 685 1581 album
734 1528 1038 1582 amicorum
1087 1543 1314 1583 suorum
1344 1527 1653 1593 referebat,
1687 1541 1996 1598 magnaque

410 1632 535 1671 cum
570 1616 846 1687 voluptate
881 1615 1275 1672 obtrectantem
1317 1616 1593 1672 audiebat.
1624 1614 1770 1671 Nihil
1797 1614 1997 1685 quippe

412 1710 482 1764 ita
517 1710 663 1780 capit
692 1708 905 1763 animos
944 1709 1147 1765 invidia
1194 1709 1432 1780 odioque
1465 1717 1763 1778 occupatos
1785 1748 1801 1775 ,
1828 1722 1993 1778 quam

408 1803 628 1859 sinistra
672 1803 740 1859 de
781 1818 847 1859 eo
878 1818 1039 1873 quem
1088 1802 1326 1867 oderint,
1359 1802 1625 1857 narratio.
1658 1801 1846 1871 Itaque
1901 1816 1996 1869 per

410 1895 710 1953 familiares
733 1907 785 1953 et
816 1896 1098 1967 subjectos
1120 1894 1338 1968 lgnatii,
1356 1902 1630 1967 quotquot
1650 1908 1716 1948 ex
1740 1893 1810 1949 iis
1834 1892 1994 1947 donis

408 1999 464 2045 et
480 1990 782 2048 honoribus
802 1998 1015 2062 poterat
1035 1989 1327 2057 eblandiri,
1349 1989 1565 2061 sibique
1581 1987 1847 2044 obnoxios
1871 1987 1997 2042 red-

408 2080 557 2145 dere,
590 2094 807 2151 semper
829 2078 1212 2151 iuvestigabat,
1249 2089 1557 2149 contraque
1585 2078 1719 2148 justi
1751 2077 1993 2132 animam

409 2187 632 2227 causam
667 2172 968 2243 quaerebat.
1008 2168 1086 2226 Ex
1126 2171 1330 2242 quibus
1365 2172 1613 2245 lgnatius
1651 2213 1666 2237 ,
1697 2170 1789 2227 ille
1831 2170 1997 2241 hujus

410 2264 583 2319 sancti
613 2264 806 2333 lgnatii
840 2263 1168 2334 discipulus,
1200 2272 1340 2330 erat,
1368 2264 1485 2334 qui,
1520 2274 1580 2319 ut
1610 2262 1808 2319 Demas
1839 2262 1993 2329 olim,

409 2357 672 2413 saeculum
704 2357 937 2429 diligens
968 2358 1036 2415 ad
1095 2357 1275 2414 Photii
1309 2368 1486 2415 castra
1518 2357 1777 2425 transiit;
1811 2365 1864 2413 et
1892 2356 1998 2412 ali-

408 2450 652 2518 quandiu
676 2448 963 2519 praefectus
982 2450 1362 2505 emnobiorum
1390 2450 1763 2521 Propontidis,
1786 2458 1901 2505 tum
1926 2449 1996 2505 ab

411 2544 504 2597 illo
544 2543 990 2614 archiepiscopus
1026 2542 1329 2614 Hierapolis
1373 2551 1593 2599 creatus
1626 2552 1727 2600 est.
1779 2542 1885 2610 Qui
1937 2554 1997 2600 ut

410 2636 737 2693 beneficium
770 2646 1193 2707 compensaret:
1236 2637 1421 2692 Mirari
1449 2636 1618 2701 subit,
1658 2637 1859 2707 inquit,
1896 2636 1996 2693 do-

409 2728 558 2783 mine
582 2769 597 2793 ,
629 2745 872 2800 quonam
903 2738 1064 2801 pacto
1095 2737 1307 2785 tantum
1339 2729 1532 2801 lgnatii
1565 2728 1826 2784 delictum
1857 2727 1996 2784 faci-

408 2834 625 2889 nusque
658 2819 744 2874 vel
798 2820 1040 2890 ignores,
1072 2821 1158 2875 vel
1187 2822 1419 2877 omnino
1465 2820 1729 2892 negligas.
1762 2817 1898 2875 Nam
1938 2821 1994 2876 in

411 2912 586 2967 media
612 2912 804 2967 insulae
829 2913 1006 2983 platea
1038 2912 1183 2969 mdes
1206 2928 1361 2969 sacra
1401 2912 1759 2984 quadraginta
1792 2921 1996 2984 marty-

407 3004 564 3059 ribus
586 3013 672 3060 est
701 3004 937 3061 excitata
963 3021 979 3071 ;
1002 3004 1257 3076 junctum
1297 3020 1430 3060 vero
1452 3015 1537 3060 est
1567 3006 1644 3061 illi
1676 3005 1767 3061 Dei
1805 3003 1996 3061 Matris
2036 3075 2045 3081 _

406 3096 734 3162 oratorium,
760 3097 921 3170 cujus
952 3113 1105 3154 aram
1136 3098 1337 3156 Rhussi
1368 3115 1567 3170 nuper,
1598 3114 1723 3156 cum
1756 3098 1992 3155 insulam

2021 1865 2070 1924 B

2097 1062 2296 1133 τριϐῆς
2370 1057 2598 1113 ἐκείνων
2647 1054 2742 1109 καὶ
2796 1052 3264 1124 καταφρονήσεως
3325 1048 3548 1120 μακρὰν
3593 1042 3691 1119 ἦν·

2102 1154 2344 1226 μέριμνα
2372 1153 2429 1205 δέ
2468 1149 2620 1221 αὐτῷ
2652 1147 2749 1203 καὶ
2788 1144 2960 1218 πολλὴ
2994 1144 3196 1216 σφόδρα
3221 1142 3351 1212 περὶ
3374 1140 3467 1195 τοῦ
3512 1142 3691 1208 Ἰγνα-

2098 1248 2213 1303 τίου
2263 1230 2506 1300 ἐνέκειτο
2556 1243 2819 1316 φροντὶς,
2872 1239 2967 1293 καὶ
3031 1236 3283 1307 ἐγλίχετο
3338 1234 3463 1289 κατ’
3524 1230 3692 1288 αὐτοῦ

2098 1322 2344 1404 ἀκούειν,
2396 1340 2496 1391 καὶ
2546 1334 2808 1406 ἐκνήθετο
2860 1332 2958 1405 τὴν
2988 1330 3178 1402 ἀκοήν·
3216 1330 3309 1384 καὶ
3336 1327 3392 1382 εί
3420 1344 3543 1380 τινα
3572 1326 3692 1380 δια-

2097 1433 2508 1506 λοιδορούμενον
2541 1428 2663 1500 είκῆ
2708 1428 2876 1498 ἐώρα,
2910 1426 2945 1498 ἡ
2979 1441 3101 1479 τινα
3127 1423 3292 1495 ψιλὴν
3329 1421 3452 1477 κατ’
3478 1420 3693 1474 ἐκείνου

2097 1528 2195 1582 καὶ
2236 1525 2477 1597 ματαίαν
2507 1522 2851 1595 κατηγορίαν
2897 1519 3276 1589 ἐνιστάμενον,
3305 1516 3460 1587 φίλον
3503 1513 3695 1568 τοῦτον

2097 1620 2307 1676 ἐτίθετο
2337 1616 2553 1683 πιστὸν,
2614 1617 2710 1671 καὶ
2768 1616 2968 1687 ἤκουεν
3017 1612 3178 1684 ἡδονῇ
3210 1609 3399 1681 πολλῇ·
3432 1608 3527 1662 καὶ
3584 1607 3696 1679 γὰρ

2097 1716 2251 1771 οὐδὲν
2305 1713 2480 1778 οὕτως
2528 1710 2715 1785 ἡδύνει
2764 1705 2945 1781 ψυχὴν
3205 1706 3352 1776 κακῇ
3400 1703 3496 1756 καὶ
3543 1700 3696 1772 μίσει

2099 1806 2676 1880 προκατειλημμένην,
2711 1802 2786 1867 ὡς
2826 1803 2860 1871 ἡ
2908 1798 3054 1854 κατὰ
3094 1797 3188 1852 τοῦ
3229 1796 3561 1869 μισουμένου
3596 1793 3695 1849 λα-

2096 1898 2204 1955 λιά.
2249 1898 2363 1953 Ἀεὶ
2392 1893 2487 1953 οὖν
2528 1896 2592 1949 ἐκ
2629 1894 2741 1948 τῶν
2787 1891 2886 1946 τοῦ
2940 1890 3285 1963 πατριάρχου
3322 1886 3570 1960 συνήθων
3602 1885 3695 1941 καὶ

2098 1991 2377 2064 ὑπηκόων,
2407 1990 2567 2053 ὅσους
2589 1986 2846 2059 ἠδύνατο,
2883 1982 3082 2055 δώροις
3116 1982 3213 2036 καὶ
3244 1978 3524 2051 ἀξιώμασι
3571 1976 3699 2032 κλέ-

2100 2103 2251 2139 πτων
2297 2085 2390 2138 καὶ
2435 2079 2902 2151 ὑποποιούμενος,
2937 2076 3007 2133 δι’
3040 2074 3224 2131 αὐτῶν
3264 2071 3559 2145 ἐξιχνίαζε,
3598 2071 3699 2127 καὶ

2105 2180 2199 2233 ἐπὶ
2233 2178 2333 2250 τὴν
2369 2175 2464 2230 τοῦ
2520 2173 2731 2229 δικαίου
2808 2171 3039 2243 ἐθήρευε
3094 2167 3294 2240 ψυχήν.
3347 2165 3568 2223 Τούτων
3615 2160 3698 2230 εἷς

2098 2273 2194 2327 καὶ
2236 2269 2497 2338 Ἰγνάτιος
2541 2264 2872 2340 ἧνέκεῖνος
2912 2267 2943 2320 ὁ
2988 2261 3086 2317 τοῦ
3117 2264 3280 2332 ἁγίου
3325 2258 3598 2333 μαθητὴς,
3635 2256 3699 2322 ὃς

2097 2366 2239 2419 κατὰ
2270 2363 2460 2433 Δημᾶν
2490 2356 2698 2415 ἐκεῖνον
2749 2358 2840 2413 τὸν
2886 2357 3076 2425 πάλαι,
3123 2356 3217 2411 τὸν
3264 2354 3360 2410 νῦν
3389 2351 3700 2431 ἠγαπηκὼς

2097 2458 2289 2523 αἰῶνα,
2322 2456 2514 2526 Φωτίῳ
2547 2452 2908 2525 προσφεύγει·
2950 2451 3045 2505 καὶ
3065 2450 3251 2522 ἄρχων
3283 2449 3384 2519 μὲν
3411 2448 3551 2511 τέως
3581 2443 3698 2499 τῶν

2106 2548 2489 2626 μοναστηρίων
2518 2547 2628 2602 τῶν
2669 2545 2813 2601 κατὰ
2846 2545 2945 2617 τὴν
2975 2543 3343 2617 Προποντίδα,
3378 2540 3571 2596 ἔπειτα
3600 2540 3698 2595 καὶ

2100 2641 2509 2716 μητροπολίτης
2557 2639 2650 2694 ὑπ’
2678 2637 2847 2693 αὑτοῦ
2888 2640 2988 2710 τῆς
3022 2635 3383 2708 Ἱεραπόλεως
3426 2634 3697 2701 καθίστα-

2095 2755 2205 2793 ται.
2238 2730 2407 2799 υῦτος
2432 2735 2535 2805 τῆς
2561 2731 2732 2803 τιμῆς
2765 2728 2928 2785 αὐτὸν
2965 2729 3351 2801 ἀμειϐόμενος,
3375 2721 3448 2781 Ὦ
3490 2725 3689 2781 δέσποο

2095 2850 2190 2899 τα,
2220 2831 2350 2902 ἔφη,
2384 2826 2674 2899 θαυμάζω,
2702 2826 2822 2891 πῶς
2849 2822 3187 2900 τηλικοῦτόν
3201 2839 3261 2877 σε
3284 2821 3380 2877 τοῦ
3422 2820 3687 2890 Ἰγνατίου

2096 2924 2345 2980 διέλαθεν
2406 2923 2667 2995 ὰτόπημα
2696 2961 2713 2988 ,
2767 2920 2864 2975 καὶ
2912 2918 3245 2991 ἀδιόρθωτον
3296 2914 3685 2989 παρημελήθη’

2100 3015 2269 3090 μέσον
2306 3015 2420 3087 γὰρ
2463 3015 2728 3079 πλατείας
2777 3013 2878 3085 τῆς
2919 3013 3086 3084 νήσου
3130 3009 3260 3074 ναὺς
3288 3012 3404 3074 τοῖς
3428 3004 3687 3078 τεσσαρά-

2103 3126 2269 3163 κοντα
2296 3108 2537 3180 μάρτυσι
2567 3104 2865 3177 ἐνίδρυται,
2892 3101 3057 3158 αὑτοῦ
3081 3102 3139 3157 δὲ
3176 3102 3414 3173 ἐχόμενα
3439 3099 3536 3170 τῆς
3564 3097 3693 3152 Θεοο

405 3191 894 3261 depopularentur,
924 3201 1261 3261 everterunt,
1294 3208 1457 3264 quam
1490 3192 1817 3249 instauravit
1840 3192 1994 3264 lgna-

2108 3205 2345 3275 μήτορος
2374 3202 2686 3272 εὐκτήριον.
2717 3197 2922 3255 Τούτου
2958 3198 3058 3269 τὴν
3089 3196 3375 3270 τράπεζαν
3414 3190 3609 3265 πρώην
3639 3190 3693 3244 οἱ

408 3284 517 3341 tius
554 3294 609 3340 et
653 3285 917 3357 reposuit.
957 3285 1099 3353 Quid
1132 3286 1223 3342 hic
1254 3284 1523 3342 Photius?
1554 3301 1622 3341 an
1652 3285 1871 3357 culpam
1906 3294 2002 3339 aut

403 3390 626 3446 parvam
656 3387 750 3432 aut
766 3378 970 3433 nullam
999 3385 1151 3435 ratus
1167 3378 1427 3435 subticuit
1441 3376 1464 3433 ἳ
1478 3393 1549 3433 an
1571 3378 1686 3434 leve
1714 3377 1998 3435 turbarum

405 3468 716 3523 incendium
749 3468 892 3525 banc
924 3470 994 3525 ob
1038 3485 1264 3528 causam
1306 3470 1603 3527 excitavit?
1642 3468 1998 3541 Nequaquam

2118 3294 2256 3360 Ῥὼς
2300 3294 2402 3366 τὴν
2448 3294 2614 3365 νῆσον
2658 3288 2991 3365 πορθοῦντες
3019 3287 3457 3373 κατέδαλορίς
3500 3284 3630 3355 γῆν,
3666 3284 3697 3338 δ

2114 3386 2374 3457 Ἰγνάτιος
2398 3385 2456 3441 δὲ
2487 3388 2698 3456 ταύτην
2740 3381 2899 3449 αὖθις
2937 3381 3272 3454 ἀνεθρόνισε.
3306 3372 3376 3433 Τί
3414 3372 3509 3431 οὖν
3548 3377 3696 3430 ἐκεῖ·

2101 3494 2225 3545 νος;
2269 3473 2381 3551 ἆρα
2412 3475 2609 3548 μικρὸν
2639 3473 2821 3541 τοῦτο,
2853 3476 2888 3547 ἢ
2918 3474 3073 3528 οὐδὲν
3099 3472 3298 3527 ἄτοπον
3340 3470 3696 3543 ἡγησάμενος

404 3575 571 3627 vero;
616 3560 709 3616 sed
742 3577 855 3617 rem
889 3563 1033 3633 apud
1066 3563 1476 3633 imperatorem,
1506 3562 1657 3617 velut
1681 3562 1920 3616 immane
1945 3568 1994 3616 el

2103 3564 2563 3639 παρεσιώπησεν,
2607 3564 2641 3635 ἢ
2679 3564 2885 3636 μικρὰν
2922 3565 3064 3634 ὑπὲρ
3084 3561 3278 3617 τούτου
3321 3560 3570 3633 ταραχὴν
3597 3560 3694 3613 ἀν-

406 3651 739 3722 inexpiabile
793 3652 1038 3721 facinus,
1074 3656 1440 3727 exaggerabat
1490 3664 1704 3726 :atque
1764 3657 1999 3713 consilio

406 3759 532 3798 cum
562 3745 797 3801 factione
827 3762 926 3803 sua
951 3748 1384 3815 communicato,
1416 3748 1859 3819 Amphilochium
1889 3749 1997 3817 Cy~

406 3837 532 3904 zici,
562 3847 619 3893 et
645 3837 994 3895 Theodorum
1028 3840 1338 3907 Patrarum,
1363 3841 1829 3913 arehiepiscopos,
1860 3840 1994 3911 quin

402 3942 458 3987 et
485 3929 872 3988 Pantaleonem
903 3942 1209 3989 senatorem
1250 3943 1613 4006 cognomento
1642 3933 1906 3988 Bothrum
1941 3932 1996 3988 in

406 4024 639 4080 insulam
682 4024 890 4095 ablegat
914 4028 939 4091 ,'
972 4026 1065 4095 qui
1114 4024 1398 4095 sacrilegis
1442 4025 1696 4083 manibus
1745 4033 1995 4081 sanctam

403 4116 553 4171 illam
587 4116 796 4171 arulam
820 4118 1153 4174 disturbent.
1185 4116 1470 4172 Mandarat
1494 4117 1720 4188 insuper
1744 4116 1994 4184 Photius,

404 4219 464 4265 ut
484 4226 580 4265 ara
612 4210 679 4264 ad
706 4210 838 4265 litus
870 4211 1034 4264 maris
1060 4211 1345 4281 deportata
1363 4210 1461 4283 (6),
1483 4211 1811 4282 quadragies
1850 4209 1996 4266 unda

405 4304 705 4373 tingeretur
727 4344 742 4369 ,
772 4312 936 4375 atque
965 4304 1040 4358 ita
1078 4304 1296 4358 demum
1340 4304 1560 4360 reducta
1612 4313 1992 4375 reponeretur.

402 4395 545 4461 Quid
576 4406 647 4458 te,
681 4396 755 4449 mi
785 4396 949 4449 homo
975 4436 989 4460 ,
1036 4411 1142 4450 non
1203 4397 1536 4453 demiremur
1587 4396 1753 4467 (nam
1778 4412 1995 4454 summa

404 4504 492 4543 me
541 4488 919 4557 perversitatis
965 4500 1071 4543 tute
1120 4489 1438 4561 indignitas,
1458 4492 1713 4562 quamvis
1756 4490 1991 4547 invitum

2100 3658 2279 3729 ἧψενς
2312 3656 2613 3727 Οὓμενουψ
2652 3657 2788 3711 ἀλλὰ
2842 3657 3081 3721 καὶτοῖς
3131 3652 3432 3726 κρατοῦσιν
3475 3653 3553 3716 ὡς
3600 3651 3695 3723 μέ·

2103 3768 2175 3819 γα
2221 3768 2278 3804 τι
2327 3750 2423 3804 καὶ
2468 3748 2645 3805 δεινὸν
2674 3746 2787 3803 οἷον
2839 3749 3082 3807 ἀνέθετο.
3113 3747 3222 3803 Καὶ
3266 3751 3335 3819 τῇ
3382 3749 3508 3801 κατ’
3529 3746 3691 3799 αὑτὸν

2100 3844 2372 3917 ἐκκλησία
2429 3844 2836 3915 κοινωσάμενος
2866 3883 2880 3907 ,
2928 3840 3282 3913 ’Δμφιλόχιόν
3317 3858 3378 3895 τε
3422 3839 3678 3903 Κυζίκου,

2101 3939 2196 3993 καὶ
2222 3937 2504 4010 Θεόδωρον
2533 3936 2644 3993 τῶν
2672 3937 2929 4010 Πατρῶν,
2965 3934 3392 4008 μητροπολίτας,
3421 3933 3480 3985 οὐ
3516 3929 3675 4000 μόνον

2098 4033 2177 4099 δέ,
2203 4031 2341 4087 ἀλλά
2374 4031 2468 4085 καὶ
2501 4029 2880 4086 Πανταλέοντα
2931 4028 3298 4099 συγκλητικὸν
3342 4026 3431 4081 τὴν
3480 4024 3676 4077 ἐπικα-

2099 4124 2364 4196 λούμενον
2420 4122 2664 4194 Βόθρον,
2714 4122 2794 4187 εἰς
2848 4120 2950 4193 τὴν
3008 4122 3314 4192 εἰρημένην
3361 4114 3684 4179 ἀποστείλας

2100 4217 2287 4288 νῆσον,
2318 4215 2566 4287 βεϐήλων
2591 4214 2749 4286 χερσὶ
2775 4214 2834 4267 τὸ
2859 4213 3006 4285 ἱερὸν
3031 4214 3209 4267 ἐκεῖνο
3232 4210 3529 4282 τραπέζιον
3552 4205 3688 4262 καθ-

2098 4311 2262 4367 εῖλεν.
2302 4307 2638 4362 Ἐνετείλατο
2681 4307 2741 4361 δὲ
2782 4307 2918 4378 πρὸς
2954 4305 3035 4377 τῷ
3067 4304 3305 4377 αἰγιαλῷ
3334 4305 3439 4374 τῇς
3489 4300 3688 4356 θαλάσ-

2100 4421 2203 4475 σης
2226 4402 2570 4470 καταγαγεῖν
2618 4400 2718 4471 (6),
2746 4400 2842 4455 καὶ
2868 4399 3283 4470 τεσσαράκοντα
3312 4395 3540 4459 πλύσεις
3567 4391 3690 4447 δοῦο

2097 4515 2211 4564 ναι,
2259 4495 2355 4551 καὶ
2397 4495 2574 4559 οὕτως
2620 4493 2921 4563 ἀναγαγεῖν
2970 4492 3063 4547 καὶ
3106 4489 3460 4562 καθιδρῦσαι.
3488 4489 3555 4541 Τί
3592 4502 3686 4539 σου

405 4593 457 4636 et
488 4581 747 4649 alienum,
768 4582 913 4652 cogit
941 4592 993 4638 te
1020 4583 1287 4639 conviciis
1303 4584 1719 4654 proscindere)?
1740 4584 1849 4638 imo
1866 4598 1994 4639 vero

2104 4590 2516 4660 θαυμάσωμεν,
2536 4586 2793 4658 ἄνθρωπε
2822 4586 3078 4658 (προάγει
3102 4585 3209 4655 γάρ
3235 4600 3303 4655 με
3326 4577 3689 4652 λοιδορεῖσθαι

401 4673 529 4744 quid
549 4674 805 4743 primum,
831 4676 960 4746 quid
991 4684 1328 4747 postremum
1356 4676 1779 4732 subsannemus‘?
1800 4676 1990 4732 animi—

403 4784 472 4824 ne
503 4770 581 4824 tui
635 4774 913 4841 stuporem
936 4811 952 4838 ,
980 4788 1048 4826 an
1084 4773 1286 4828 mentis
1318 4787 1588 4842 perversae
1621 4772 1993 4843 pravitatem?

400 4862 710 4919 invidentiae
736 4865 1186 4935 magnitudinem,
1211 4879 1278 4923 an
1304 4867 1547 4922 studium
1565 4866 1866 4922 ambitiosae
1890 4868 1991 4921 im-

399 4959 723 5029 probitatis?
779 4958 1029 5018 llaaccine
1067 4968 1119 5016 te
1157 4961 1318 5018 docet
1372 4962 1630 5016 diuturna
1685 4962 1988 5016 litterarum

403 5048 687 5103 meditatio
712 5062 765 5104 et
797 5052 1032 5121 vigilata:
1060 5054 1268 5121 noctes,
1301 5051 1665 5124 codicumque
1696 5068 1865 5123 prope
1905 5053 1990 5107 in-

403 5140 829 5196 numerabilium
870 5144 1068 5214 copia?
1101 5144 1397 5215 legentium
1443 5144 1570 5199 item
1615 5154 1673 5199 et
1705 5144 1990 5215 disputan-

406 5230 542 5285 tium
596 5231 943 5298 vicissitudo,
977 5249 1185 5305 proque
1213 5235 1721 5290 eruditionislaude
1761 5237 1985 5291 assidua

402 5326 779 5380 concertatio?
813 5326 1024 5382 Istosne
1062 5328 1159 5382 tibi
1192 5326 1403 5383 fructus
1440 5343 1503 5383 ex
1539 5329 1735 5383 litteris
1771 5330 1989 5398 capiem-

401 5415 504 5471 dos
528 5418 727 5472 veteris
758 5433 1022 5488 novaeque
1048 5419 1184 5488 legis
1214 5419 1429 5481 tabulae,
1462 5420 1766 5488 sapientum
1798 5421 1981 5490 prela--

402 5524 600 5576 norum
628 5512 796 5578 dicta,
827 5520 1253 5579 sanctorumque
1290 5512 1508 5567 Patrum
1544 5513 1759 5569 decreta
1783 5530 1983 5584 propo-

402 5612 561 5665 nunt,
594 5608 673 5658 uti
691 5607 1035 5673 persequaris
1052 5605 1326 5659 hominem
1348 5608 1565 5675 inopem
1581 5619 1636 5661 et
1652 5608 1981 5673 mendicum,

403 5702 458 5748 et
484 5696 678 5765 spiritu
706 5706 758 5751 et
787 5698 954 5751 corde
981 5705 1373 5767 compunctum
1406 5715 1622 5770 quazras
1646 5701 1711 5754 ad
1741 5715 1986 5756 rnaetan-

2102 4702 2184 4737 σοι
2214 4682 2292 4754 μὴ
2333 4679 2659 4753 βουλόμενον
2686 4678 2718 4749 ἡ
2758 4678 2858 4748 τῆς
2885 4678 3082 4741 κακίας
3110 4674 3405 4747 ὑπερϐολή)
3431 4692 3446 4735 ;
3486 4673 3692 4743 μᾶλλον

2096 4775 2155 4829 δὲ
2191 4774 2244 4828 τί
2274 4789 2368 4828 σου
2406 4770 2645 4843 πρῶτον,
2678 4769 2792 4841 ἣτί
2833 4770 3063 4824 ὕστατον
3095 4766 3640 4839 ἐπιμυκτηρίσαιμεν
3670 4774 3685 4827 ;

2097 4869 2223 4939 τὴν,
2249 4866 2591 4938 ματαιότητα
2620 4862 2729 4917 τῶν
2775 4863 3080 4933 λογισμῶν,
3114 4863 3147 4933 ἦ
3188 4861 3286 4932 τὴν
3314 4861 3413 4931 τῆς
3445 4860 3687 4919 διανοίας

2097 4960 2472 5032 δυστροπίαν;
2521 4958 2621 5030 τὴν
2679 4958 2779 5029 τῆς
2831 4957 3202 5028 μνησικακίας
3255 4952 3591 5026 ὑπερϐολὴν,
3652 4949 3685 5021 ἦ

2096 5057 2197 5127 τῆς
2231 5055 2441 5118 ἀδικίας
2463 5053 2564 5125 τὴν
2590 5053 2935 5123 φιλοτιμίαν;
2968 5050 3210 5121 Ταῦταή
3241 5048 3432 5120 μακρὰ
3460 5047 3685 5118 μελέτη,

2098 5148 2194 5202 καὶ
2226 5148 2421 5210 νύκτες
2444 5146 2663 5212 ἄϋπνοι,
2688 5143 2787 5199 καὶ
2826 5146 2854 5197 ὁ
2890 5143 3297 5215 δυσαρίθμητος
3322 5139 3431 5193 τῶν
3462 5137 3687 5209 βιϐλίων

2095 5240 2285 5311 ἐσμὸς,
2313 5239 2409 5293 καὶ
2441 5238 2551 5293 τῶν
2582 5237 2887 5309 ἀμοιϐαίων
2928 5233 3296 5304 ἀναγνωστῶν
3330 5232 3425 5286 καὶ
3457 5245 3686 5297 συνομι-

2096 5332 2297 5405 λητῶν,
2338 5334 2395 5386 αἱ
2425 5330 2667 5385 ποικίλαι
2696 5330 2825 5402 περὶ
2858 5329 2983 5392 τοὺς
3036 5328 3230 5396 λόγους
3255 5321 3558 5395 φιλοτιμίαι
3589 5323 3684 5375 καὶ

2093 5424 2526 5495 διαπαρατριϐαὶ
2556 5441 2570 5490 ;
2600 5420 2827 5477 τοιαῦτά
2852 5438 2910 5473 σε
2950 5421 3324 5491 καρποφορεῖν
3358 5417 3412 5470 αἱ
3447 5413 3683 5469 Παλαιαὶ

2096 5516 2362 5586 Διαθῆκαι
2390 5516 2480 5569 καὶ
2506 5515 2722 5581 Καιναὶ,
2753 5514 2808 5566 αί
2839 5513 2948 5565 τῶν
2984 5511 3183 5578 ἔξωθεν
3231 5510 3412 5578 σοφῶν
3444 5506 3685 5576 γνῶμαι,

2096 5612 2191 5663 καὶ
2223 5609 2332 5662 τῶν
2366 5608 2536 5677 ἁγίων
2581 5610 2631 5662 οἱ
2680 5606 2837 5676 νόμοι
2884 5607 2978 5659 καὶ
3028 5604 3178 5673 λόγοι
3220 5602 3679 5672 παροτρύνουσιν,

2095 5702 2235 5755 ὥστε
2272 5700 2632 5754 καταδιώκειν
2663 5698 2948 5769 ἄνθρωπον
2980 5698 3188 5768 πένητα
3230 5695 3326 5751 καὶ
3358 5694 3571 5764 πτωχὸν
3604 5694 3685 5762 τῷ

485 5878 561 5947 (li)
584 5876 720 5931 Cod.
758 5876 789 5931 6
816 5874 967 5947 legit,
1005 5876 1097 5933 καὶ
1125 5879 1292 5950 ἄλλην
1316 5880 1663 5951 καθιδρῦσαι,
1700 5879 1994 5947 deportata1

2099 5884 2148 5936 ia
2192 5892 2550 5948 reponerent».
