4150 6298
418 284 525 352 535

1622 294 1671 354 Ν
1679 295 1916 357 ΙΟΕΤίΕ
1954 296 2488 360 PAPHIAGONIS

3585 298 3689 362 536

414 400 592 459 riores
618 409 673 457 et
705 398 992 457 inferiores
1023 401 1077 457 in
1134 403 1396 475 tcmplum
1448 407 1719 478 reSpicere
1756 427 1769 463 :
1799 419 1998 465 etcum

2118 412 2244 466 ιιατὰ
2270 413 2453 475 πάσας
2471 411 2527 466 δὲ
2550 409 2772 480 θυρίδας
2792 411 2892 477 τάς
2926 410 3040 468 ἀνω
3058 408 3157 467 καὶ
3177 410 3277 477 τὰς
3305 409 3455 467 κάτω
3473 411 3690 476 εἰκόνας

415 494 480 548 ad
514 488 803 549 amhonem
851 494 1229 564 venissemus,
1266 500 1495 569 spectati
1533 512 1658 556 sunt
1694 504 1859 557 veluti
1888 504 1997 559 duo

414 598 445 637 a
483 584 772 653 cubiculis,
804 586 979 642 severi
999 602 1063 642 ac
1088 596 1270 645 truces
1304 608 1319 645 :
1353 606 1587 661 quorum
1638 595 1777 650 alter
1817 596 1995 665 ipsum

416 674 799 745 imperatorem
854 677 1100 732 vinctum
1146 680 1388 750 capiens,
1438 682 1505 738 ad
1558 684 1809 739 dextrum
1856 686 2000 741 latus

414 773 673 833 tractum,
734 780 766 823 e
814 767 1130 838 pavimento
1206 771 1462 828 cancellis
1544 775 1796 843 proximo
1853 776 2001 831 velut

366 856 369 859 ’
416 860 643 912 noxium
710 858 1143 932 damnatumque
1185 863 1416 935 pellebat
1454 884 1468 920 :
1514 866 1652 920 alter
1724 882 1854 922 vero
1913 884 2001 926 me

414 950 529 1018 pari
565 949 726 1004 modo
753 950 819 1005 ad
852 952 1132 1006 sinistram
1155 962 1365 1023 partem
1404 954 1727 1011 abducebat.
1773 954 1839 1011 Et
1868 958 1997 1012 dum

414 1053 639 1112 repente
677 1044 1094 1115 circumspicio,
1149 1044 1528 1104 animadverto
1558 1051 1614 1103 in
1666 1052 1867 1106 throno
1902 1066 1994 1122 pa-

416 1135 695 1190 triarchaii
752 1138 804 1191 in
860 1138 1037 1209 adytis
1096 1138 1275 1193 virum
1325 1141 1558 1211 principi
1626 1143 2000 1212 apostolorum

413 1225 572 1281 Petro
602 1226 777 1282 forma
816 1228 1176 1299 simillimum,
1204 1232 1560 1303 geminosque
1586 1234 1662 1288 illi
1684 1235 2004 1291 assistentes

414 1334 547 1375 sane
611 1319 1005 1387 formidabiles,
1060 1323 1153 1391 qui
1204 1324 1625 1393 praepositorum
1684 1324 2002 1393 dignitatem

414 1427 524 1480 prae
556 1430 613 1469 se
632 1412 894 1469 ferebant.
930 1415 1011 1469 Ad
1044 1415 1283 1471 sedentis
1328 1432 1493 1487 porro
1525 1433 1703 1489 genua
1750 1432 2008 1487 procum-

413 1508 631 1562 bentem
673 1522 839 1563 cerno
886 1507 1156 1579 lgnatium
1222 1512 1548 1581 supplicem,
1582 1513 1880 1582 multisque
1918 1512 2004 1569 la-

412 1598 619 1668 crymis
675 1597 1000 1669 perfusum;
1068 1600 1208 1658 adeo
1261 1614 1319 1659 ut
1366 1604 1485 1674 ipse
1546 1620 1767 1675 quoque
1808 1603 2008 1661 Petrus

2102 505 2237 577 ὁρᾷν
2275 504 2494 559 ἐδόκουν
2539 503 2948 575 ἀρχαγγελικάς
2989 502 3125 575 πρὸς
3176 503 3270 558 τδν
3297 506 3424 558 ναὸν
3458 501 3688 575 βλεπούο

2104 612 2239 660 σας”
2271 597 2367 651 καὶ
2399 598 2487 652 ὅτε
2523 596 2755 669 πλησίον
2812 592 2956 668 ἦμεν
2980 596 3077 651 τοῦ
3111 595 3390 668 ἄμϐωνας.
3426 595 3688 667 ὤφθησαν

2102 688 2293 759 ὥσπερ
2322 688 2763 761 κουϐικουλάριοι
2793 687 2886 742 δύο
2917 690 3185 761 άπότομοι
3238 687 3335 743 καὶ
3363 688 3646 761 ἐμϐριθεῖς
3670 708 3686 723 ο

2102 773 2180 835 ὧν
2242 782 2270 834 ὁ
2318 780 2419 851 μὲν
2473 780 2692 851 δέσμιον
2721 783 2817 835 τὸν
2866 780 3093 853 βασιλέα
3129 780 3333 844 λαϐὼν.
3372 782 3466 835 καὶ
3495 781 3589 835 ἐπὶ
3618 780 3687 834 τά

2105 873 2259 939 δεξιά
2289 872 2639 946 κατασύρων,
2685 872 2941 939 ἐξωθεῖτο
2965 874 3066 942 τῆς
3102 875 3313 940 σολέας,
3340 873 3687 945 κατακρίνων

2104 968 2181 1030 ὼς
2208 954 2511 1019 ὑπεύθυνον
2542 980 2557 995 ο
2591 965 2691 1036 ἐμὲ
2738 968 2766 1020 ὁ
2819 966 3008 1038 ἐτερος
3048 966 3425 1039 ὁμοιοτρόπως
3465 965 3555 1019 διὰ
3576 966 3687 1019 τῶν

2106 1056 2419 1130 ἀριστερῶν
2472 1057 2713 1127 ἀπῆγεν.
2738 1059 2929 1128 Ἀφνω
2976 1058 3033 1113 δέ
3068 1057 3558 1130 περιϐλεψάμενος,
3580 1056 3691 1129 όρῶ

2108 1151 2164 1203 ἐν
2186 1148 2264 1221 τῷ
2306 1148 2587 1224 σννθρόνῳ
2616 1150 2711 1204 τοῦ
2744 1150 2943 1206 ἀδύτου
2974 1150 3287 1223 καθήμενον
3322 1151 3493 1223 ἀνδρα
3516 1169 3693 1222 γηρα-

2106 1237 2249 1308 λέον,
2270 1241 2709 1312 ἀπαραλλάκτως
2735 1242 2957 1298 ἐοικότα
2974 1245 3041 1316 τῇ
3068 1242 3236 1297 είκόνι
3258 1242 3355 1297 τοῦ
3389 1241 3691 1313 κορυφαίου

2107 1332 2222 1386 τῶν
2267 1331 2582 1386 ἀποστόλων
2633 1332 2868 1404 Πέτρου,
2917 1335 3011 1387 καὶ
3041 1333 3194 1404 αὐτῷ
3243 1333 3337 1387 δύο
3368 1334 3514 1396 τινές
3551 1350 3696 1404 παρ-

2106 1425 2453 1493 ειστήκεισαν
2469 1424 2711 1495 σοϐαροὶ,
2728 1424 3104 1494 πραιποσίτων
3121 1426 3272 1489 τάξιν
3288 1424 3693 1495 ἐπιφαίνοντες.

2120 1516 2264 1588 Ὀρῶ
2289 1516 2346 1570 δὲ
2379 1516 2514 1587 πρὸς
2535 1519 2647 1579 τοῖς
2691 1515 2885 1584 γόνασι
2926 1517 3021 1571 τοῦ
3050 1518 3364 1587 καθημένου
3386 1517 3478 1571 τὸν
3516 1517 3694 1586 Ἰγνὰ-

2104 1624 2221 1663 τιον
2256 1608 2589 1674 ἱκετεύοντα,
2618 1610 2713 1664 καὶ
2745 1611 2962 1672 πολλοῖς
3000 1609 3231 1683 δάκρυσι
3256 1608 3693 1682 περιρραινόμεο

413 1691 604 1762 Ignatii
643 1694 811 1749 vicem
837 1694 1131 1752 miseratus
1160 1697 1509 1767 ingemuerit.
1555 1697 1728 1754 Porro
1761 1700 2003 1771 lgnatius

2118 1720 2201 1757 νον
2228 1703 2423 1767 οὕτως,
2455 1704 2595 1758 ὥστε
2637 1706 2891 1758 κάκεῖνον
2922 1703 3072 1775 αὐτῷ
3106 1706 3375 1761 συλλυπού
3386 1722 3547 1778 μενον
3574 1723 3692 1760 στεο

414 1786 731 1842 clamitabat
767 1787 1054 1860 :Claviger
1084 1790 1323 1846 caelestis
1359 1790 1534 1861 regni,
1571 1800 1626 1846 et
1658 1802 1810 1861 petra
1842 1806 2010 1862 super

2118 1794 2291 1862 νάξαι.
2349 1798 2460 1850 Καὶ
2505 1796 2667 1859 αὐτὸς
2711 1796 2876 1850 ἐϐόαο
2920 1796 3213 1867 Κλειδοῦχε
3272 1799 3375 1868 τῆς
3422 1797 3692 1869 βασιλείας

415 1892 580 1947 quam
640 1878 895 1935 Christus
932 1880 1074 1937 Deus
1116 1880 1423 1937 Ecclesiam
1458 1897 1614 1936 suam
1666 1882 1925 1946 firmavit,
1966 1873 2013 1937 si

415 1972 637 2042 quidem
667 1972 763 2028 tibi
796 1974 1036 2044 ignotum
1075 1990 1185 2029 non
1223 1989 1327 2041 est,
1368 1991 1533 2045 quam
1575 1974 1763 2045 inique
1794 1987 2012 2029 mecura

416 2076 598 2120 aetum
633 2065 726 2131 sit,
775 2066 956 2122 solare
1008 2066 1424 2124 aﬂlictissimam
1482 2077 1758 2123 senectam
1808 2081 2012 2122 meam.

414 2153 517 2210 Cui
558 2156 753 2211 beatus
807 2154 1003 2211 Petrus
1041 2154 1319 2211 :Ostende
1385 2165 1702 2211 vexatorem
1746 2163 1921 2215 tuum.
1959 2162 2015 2207 et

416 2246 559 2302 Deus
610 2247 774 2303 faciet
830 2263 955 2303 cum
1011 2248 1315 2303 tentatlone
1365 2254 1733 2319 proventum;
1789 2255 1845 2300 et
1883 2260 2014 2301 con-

418 2357 612 2396 versus
656 2340 900 2412 lgnatius
945 2356 1111 2397 manu
1145 2357 1231 2395 me
1284 2341 1605 2406 indicabat;
1642 2348 1737 2395 et:
1773 2337 1893 2401 Hic,
1929 2338 2012 2393 in-

416 2434 560 2502 quit,
600 2434 721 2503 plus
750 2434 1011 2491 omnihns
1053 2449 1137 2489 me
1181 2433 1489 2506 alilixithut
1522 2448 1684 2505 quem
1740 2432 1891 2487 nulla
1930 2446 2018 2487 sa-

422 2526 581 2581 tietas
637 2527 741 2581 mei
799 2525 1082 2583 cruciandi
1120 2527 1343 2597 ceperit.
1392 2525 1529 2581 Tum
1574 2525 1671 2597 qui
1717 2526 1773 2580 in
1813 2525 2013 2579 throno

417 2618 760 2681 considebat,
790 2633 917 2675 cum
950 2619 1237 2675 annuisset
1287 2617 1364 2672 illi
1407 2617 1501 2690 qui
1536 2618 1602 2673 ad
1638 2618 1889 2671 dextram
1921 2629 2015 2670 as-

417 2712 669 2778 sistebat,
697 2712 891 2769 educta
928 2713 1124 2775 sicula,
1157 2714 1338 2783 palam
1369 2712 1627 2768 omnibus
1664 2710 2014 2765 audientibus

418 2810 751 2862 sententiam
820 2808 1218 2877 pronuntiavit.
1287 2806 1464 2874 llunc,
1514 2806 1718 2876 inquit,
1774 2804 2011 2859 invisum

422 2898 531 2954 Deo
589 2898 823 2955 Bardam
855 2899 1150 2968 prehende,
1184 2907 1239 2955 et
1266 2897 1396 2955 foris
1436 2899 1489 2953 in
1543 2897 1684 2953 atrio
1736 2896 2009 2951 frustatim

420 2992 670 3048 concide.
734 2991 1018 3063 Extemplo
1054 3007 1185 3059 ergo
1229 2992 1299 3048 ad
1349 2990 1680 3063 supplicium
1732 2990 2011 3060 abreptus,

421 3086 534 3142 vidi
589 3085 738 3157 quod
798 3094 856 3143 et
897 3086 1217 3158 imperatori
1272 3066 1472 3141 minaci
1534 3100 1700 3140 manu
1755 3084 2008 3140 diceret:

421 3178 709 3251 Exspecta,
753 3180 920 3250 impie
966 3178 1064 3235 fili.
1123 3181 1303 3249 Atque
1340 3178 1416 3234 ita
1462 3176 1594 3234 mihi
1621 3178 1772 3234 visus
1803 3192 1925 3233 sum
1959 3192 2021 3232 re

420 3288 552 3328 vera
584 3273 823 3328 concidi.
856 3270 984 3327 Haec
1020 3270 1224 3327 Caesari
1261 3272 1493 3327 attonito
1519 3277 1573 3326 et
1602 3286 1727 3327 cum
1758 3268 2018 3341 lacrymis

424 3368 694 3435 narranti,
728 3364 1068 3437 Theophilus
1103 3367 1336 3433 :Parce,
1378 3362 1576 3436 inquit,
1606 3365 1848 3430 domine,
1877 3362 2019 3418 infe-

424 3461 696 3516 licissimo
721 3460 861 3527 seni,
901 3467 957 3515 et
994 3459 1061 3515 ad
1114 3459 1207 3515 Dei
1238 3460 1476 3515 tribunal
1518 3459 1842 3528 respiciens,
1892 3472 2017 3511 eum

424 3553 775 3625 nequejure,
804 3568 983 3623 neque
1019 3553 1219 3623 injuria
1247 3553 1434 3608 laedas.
1462 3550 1568 3607 Sed
1600 3550 1805 3606 Bardas
1839 3564 1906 3604 ne
1939 3549 2022 3605 sic

424 3645 645 3715 quidem
691 3646 863 3699 voluit
912 3646 1236 3715 intellegere,
1270 3654 1330 3700 ut
1353 3644 1490 3700 bene
1534 3650 1753 3713 ageret;
1780 3641 1873 3696 sed
1908 3640 2022 3696 for-

424 3737 701 3793 midandis
727 3738 880 3793 hisce
909 3738 1434 3793 comminationibus
1463 3735 1742 3791 oblivione
1768 3733 2018 3804 Sepultis,

432 3829 750 3902 properavit
792 3840 1017 3902 peccata
1075 3846 1173 3887 sua
1224 3832 1547 3901 adimplere,
1601 3830 1887 3900 utjustatn
1925 3826 2020 3881 Dei

424 3922 728 3978 vindictam
786 3923 840 3977 in
905 3937 965 3979 se
1022 3923 1347 3978 concitaret.
1403 3921 1599 3977 Statim
1648 3923 1868 3993 quippe,
1903 3920 2023 3991 ipso

425 4013 689 4070 solemnis
705 4012 900 4084 jejuuii
934 4015 1183 4089 exordio,
1215 4013 1457 4069 Leonem
1489 4014 1639 4069 illum
1657 4023 2023 4085 cognomento

424 4107 767 4172 Ptaolemen,
794 4118 1117 4178 .cognatum
1149 4107 1351 4172 Photii,
1386 4123 1512 4162 cum
1545 4109 1806 4163 satellitio
1848 4109 1901 4163 in
1931 4109 2019 4164 in-

426 4200 602 4255 sulam
628 4200 816 4267 mittit,
845 4201 1092 4270 adeoque
1116 4208 1265 4256 arcte
1294 4200 1560 4256 custodiri
1599 4202 1842 4273 praecipit
1865 4202 2023 4273 lgna-

426 4294 585 4357 tium,
618 4303 676 4347 ut
718 4308 790 4348 ne
836 4293 1010 4348 sacris
1039 4293 1263 4362 quidem
1319 4294 1541 4363 operari
1588 4304 1796 4364 posset,
1848 4310 2023 4365 neque

424 4385 681 4455 cuiquam
735 4386 891 4455 copia
953 4386 1107 4440 fieret
1154 4386 1304 4441 illius
1349 4388 1735 4452 conveniendi,
1788 4404 1890 4444 nec
1941 4390 2019 4444 illi

2113 1888 2222 1943 τῶν
2249 1889 2516 1960 οὐρανῶν,
2567 1890 2662 1942 καὶ
2722 1890 2900 1963 πέτρα
2943 1892 3001 1943 ἐν
3040 1884 3074 1963 ᾖ
3110 1890 3347 1961 Χριστὸς
3376 1894 3403 1945 ὁ
3432 1879 3569 1956 Θείῖς
3599 1889 3697 1962 τὴν

2112 1980 2279 2034 αὑτοῦ
2338 1982 2669 2053 Ἐκκλησίαν
2713 1983 3055 2053 ἐστηρίξατο,
3090 1985 3140 2037 εί
3182 1980 3351 2049 οἶδας,
3392 1985 3473 2038 ὅτι
3504 1984 3697 2053 ἠδική-

2114 2070 2236 2142 θην,
2273 2072 2673 2144 παραμύθησὸν
2704 2090 2804 2143 μου
2834 2073 2896 2125 τὺ
2923 2072 3289 2127 πολύθλιπτον
3330 2074 3531 2144 γῆρας.
3568 2072 3626 2128 Ὀ
3642 2074 3699 2125 δὲ

2113 2160 2251 2232 πρὸς
2279 2161 2466 2225 αὐτὸν,
2517 2161 2726 2230 Δεῖξον,
2756 2162 2886 2234 ἔφη,
2937 2161 3028 2216 τὸν
3070 2162 3407 2234 ἀδικήσαντά
3444 2180 3530 2230 σε,
3557 2164 3650 2218 καὶ
3671 2164 3702 2219 ό

2111 2255 2244 2317 Θεὸς
2277 2256 2375 2309 σὺν
2422 2256 2500 2326 τῷ
2552 2254 2847 2328 πειρασμῷ
2891 2257 3108 2326 ποιήσει
3156 2257 3255 2310 καίΙ
3292 2255 3394 2327 τὴν
3446 2255 3697 2311 ἑκϐασιν.

2112 2348 2223 2401 Καὶ
2254 2347 2519 2419 στραφεὶς
2564 2350 2594 2400 δ
2643 2347 2906 2416 Ἰγνάτιος
2956 2350 3021 2420 τῇ
3059 2347 3209 2420 δεξιᾷ
3236 2348 3383 2420 χειρὶ
3421 2345 3701 2412 ἐπέδειξεν

2112 2442 2234 2513 ἐμὲ,
2273 2440 2447 2511 λέγων
2469 2458 2483 2472 ο
2512 2437 2684 2506 Οὗτος
2714 2443 3101 2515 περισσότερον
3133 2442 3355 2497 πάντων
3387 2441 3701 2513 ἐλυμήνατό

2116 2550 2183 2602 με
2212 2532 2342 2587 ⁸καὶ
2374 2533 2538 2603 κόρον
2595 2534 2695 2603 τῆς
2747 2533 2870 2595 κατ’
2920 2531 3058 2604 ἐμοῦ
3107 2533 3321 2606 ὕϐρεως
3371 2535 3472 2589 οὐκ
3517 2533 3697 2605 ισχεν.

2112 2625 2328 2688 Νεύσας
2369 2621 2463 2679 οὖν
2505 2627 2533 2680 δ
2581 2626 2675 2678 ἐπὶ
2720 2626 2817 2678 τοῦ
2856 2626 3052 2697 θρόνου
3106 2629 3245 2698 πρὸς
3278 2626 3369 2681 τὸν
3414 2626 3479 2681 ἐκ
3507 2625 3699 2695 δεξιῶν

2114 2717 2283 2773 αὑτοῦ
2350 2717 2754 2787 καθεστηκότα,
2821 2719 2917 2772 καὶ
2978 2717 3185 2790 μικρὰν
3222 2719 3365 2773 πάνυ
3425 2717 3698 2791 μάχαιραν

2114 2809 2377 2871 ἐκϐαλὼν,
2414 2812 2493 2872 είς
2518 2811 2755 2879 ἐπήκοον
2783 2810 3003 2863 πάντων
3022 2811 3209 2882 ἀπεφή
3220 2828 3378 2865 νατο’
3410 2811 3514 2866 Τὸν
3544 2809 3698 2881 θεόρ-

2114 2914 2299 2958 γιστον
2354 2898 2569 2967 Βάρδαν
2624 2898 2951 2969 παράλαϐε,
2998 2900 3093 2953 καὶ
3140 2899 3247 2973 πρὸ
3294 2900 3386 2954 τοῦ
3426 2900 3691 2971 νάρθηκος

2115 2988 2222 3057 ἔξω
2280 2991 2592 3061 κατάκοψον
2644 2991 2894 3064 μεληδόν.
2926 2992 3136 3048 Δύτίκα
3168 2992 3370 3059 τοίνυν,
3409 2991 3697 3063 ἑλκόμενος

2118 3082 2280 3153 δῆθεν
2308 3082 2442 3152 πρὸς
2493 3083 2744 3150 θάνατον,
2786 3079 2947 3153 εἶδον,
2981 3086 3064 3140 ὅτι
3106 3086 3204 3139 καὶ⁵
3233 3086 3309 3158 τῷ
3351 3083 3563 3158 βασιλεῖ
3603 3083 3703 3155 τὴν

2122 3180 2282 3249 χεῖρα
2319 3168 2597 3245 ἐπισείων,
2636 3178 2919 3247 Ἔκδεξαι,
2976 3181 3104 3251 ἔφη.
3152 3181 3552 3235 ἀσεϐότεκνονο
3611 3180 3707 3234 καὶ

2120 3268 2293 3332 οὕτως
2338 3271 2574 3340 ἐμαυτὸν
2638 3265 2780 3323 εἶδαν
2849 3271 2925 3332 ὡς
2978 3271 3128 3343 ῦπαρ
3176 3270 3702 3343 καταμελιζόμενον.

2120 3362 2307 3415 Ταῦτα
2348 3362 2449 3431 μὲν
2486 3364 2514 3415 ὸ
2566 3364 2788 3436 Καῖσαρ
2818 3362 3199 3437 θαμϐούμενος
3238 3364 3353 3433 ἃμα
3381 3362 3476 3417 καὶ
3499 3363 3707 3418 κλαίων

2120 3455 2385 3526 ἐξηγεῖτο.
2418 3455 2561 3526 Πρὸς
2616 3456 2676 3509 δν
2714 3458 2939 3521 ἐκεῖνος,
2995 3459 3205 3521 θεῖσαι,
3236 3449 3280 3510 ὦ
3310 3455 3575 3519 δέσποτα,
3602 3455 3707 3510 τοῦ

2122 3548 2421 3603 παναθλίου
2452 3548 2731 3621 γέροντος,
2750 3547 2894 3613 εἷπε,
2932 3552 3030 3605 καὶ
3048 3550 3184 3622 πρὸς
3206 3550 3268 3603 τὸ
3295 3550 3390 3603 τοῦ
3416 3548 3556 3604 Θεοῦ
3580 3567 3707 3622 κρι-

2120 3642 2310 3715 τήριον
2340 3643 2585 3713 ἀφορῶν,
2634 3643 2775 3714 μήτε
2817 3641 3064 3707 δικαίως,
3106 3641 3234 3714 μήτ’
3275 3641 3369 3697 οὖν
3394 3642 3595 3705 ἀδίκως
3625 3644 3705 3697 ἔτι

2123 3732 2423 3802 πονηρεύω
2451 3734 2573 3787 κατ’
2609 3732 2793 3786 αὐτοῦ.
2830 3731 2969 3786 Ἀλλ’
2996 3734 3146 3803 ὅμως
3177 3736 3384 3799 ἐκεῖνος
3412 3733 3701 3796 οὐδὀὖτως

2120 3826 2398 3899 ἠϐουλήθη
2429 3826 2668 3880 συνιέναι
2705 3826 2800 3878 τοῦ
2832 3825 3102 3894 ἁγαθῦναι
3125 3842 3137 3856 ⁸
3169 3828 3470 3898 ἀμνηστείᾳ
3500 3825 3554 3877 δέ
3600 3822 3695 3893 τὴν

2123 3920 2371 3992 φρικώδη
2434 3919 2644 3989 ταύτην
2699 3922 2980 3993 παραδοὺς
3034 3919 3288 3990 ἀπειλὴν,
3326 3916 3548 3972 ἔσπευδε
3598 3914 3694 3978 τὰς

2120 4014 2331 4077 οίκείας
2382 4012 2780 4085 ἀναπληρῶσαι
2832 4014 3133 4084 ἁμαρτίας,
3166 4014 3233 4067 ἶν’
3267 4013 3471 4067 ἔνδικον
3498 4008 3701 4065 ἀνωθεν

2125 4105 2211 4176 ἐφ’
2236 4106 2428 4161 ἑαυτὸν
2451 4107 2828 4179 ἐπισπάσηται
2854 4107 2952 4178 τὴν
2995 4108 3189 4178 ὀργήν.
3229 4105 3405 4170 Εὐθὺς
3434 4103 3545 4175 γὰρ
3571 4100 3707 4175 πρὸς

2122 4199 2315 4261 αὑταῖς
2337 4197 2445 4253 τῶν
2472 4198 2736 4271 νηστειῶν
2764 4201 2887 4262 ταῖς
2932 4198 3235 4262 είσϐἀσεσι,
3262 4198 3472 4252 Λέοντα
3500 4197 3707 4249 ἐκεῖνον

2125 4290 2597 4363 τδνίίταολήμην
2658 4291 3155 4362 ἐπονομαζόμενον,
3210 4290 3451 4359 συγγενῆ
3501 4287 3709 4341 Φωτίου

2126 4384 2487 4453 τυγχάνοντα,
2528 4385 2666 4454 μετά
2718 4384 3072 4456 στρατιωτῶν
3116 4385 3196 4447 είς
3235 4386 3334 4453 τὴν
3378 4381 3543 4451 νῆσον
3572 4381 3711 4433 ἀπο·

425 4478 682 4533 exeundi.
719 4477 856 4533 Cum
882 4481 948 4533 ad
982 4480 1201 4533 tertium
1228 4495 1474 4536 mensem
1511 4479 1587 4536 ita
1620 4482 2013 4539 circumclusus

2130 4474 2359 4540 στέλλει,
2395 4476 2490 4530 καὶ
2518 4477 2891 4548 παραγγέλλει
2924 4475 3069 4530 οὔτω
3101 4473 3389 4546 τηρεῖσθαι
3416 4473 3509 4527 τὸν
3539 4472 3712 4542 Ἰγνά-

424 4572 746 4634 mansisset,
784 4570 1283 4641 somniiprazdictio
1324 4572 1724 4627 maturabatur.
1756 4572 2020 4631 Michaele

426 4677 666 4730 namque
704 4659 1110 4730 expeditionem
1144 4660 1197 4714 in
1243 4661 1462 4714 Cretam
1495 4661 1850 4730 suscipiente,
1884 4658 2018 4715 Bar—

426 4756 526 4812 das
576 4770 701 4808 cum
772 4754 865 4809 illo
910 4752 1025 4824 jam
1079 4753 1147 4809 ad
1179 4751 1474 4808 Hortorum
1527 4754 1706 4809 locum
1741 4754 1834 4824 qui
1874 4752 2016 4809 dici-

427 4859 518 4904 tur
541 4862 905 4919 progressus,
959 4847 1108 4919 quod
1163 4845 1395 4904 insidias
1440 4848 1759 4918 imperatori
1804 4858 2019 4903 struere

428 4943 704 4997 diceretur
723 4941 953 5011 (cceiesti
972 4954 1165 5009 nempe
1181 4941 1416 4996 vindicta
1439 4940 1589 4995 illum
1606 4940 2018 5012 prosequente),

430 5033 651 5087 ultimas
681 5032 790 5087 Deo
818 5047 1009 5103 poenas
1035 5031 1289 5100 exsolvit,
1323 5030 1627 5103 gladiisque
1649 5032 2021 5086 miserandum

430 5128 487 5182 in
558 5128 780 5181 modum
826 5127 1169 5183 membratim
1200 5137 1285 5183 est
1330 5128 1619 5182 dissertus.
1666 5126 1799 5180 Tam
1831 5124 2024 5181 infami

430 5218 580 5275 letho
614 5220 939 5273 exstinctus
964 5227 1070 5281 est,
1104 5229 1162 5272 ut
1196 5219 1369 5287 ipsius
1398 5233 1617 5287 quoque
1656 5216 2024 5273 familiarissi-

432 5324 558 5362 mus
588 5308 641 5361 in
672 5323 795 5362 eum
853 5306 1225 5374 inveheretur,
1281 5311 1533 5378 quamvis
1578 5308 1645 5362 ah
1686 5323 1752 5362 eo
1788 5310 2021 5365 summis

433 5398 713 5455 bcnclieiis
764 5399 1015 5463 allectus,
1045 5401 1451 5469 patriarchatus
1500 5402 1819 5471 dignitatem
1867 5416 2023 5457 acce-

434 5491 627 5561 pisset.
652 5489 754 5544 Sed
784 5492 929 5544 hunc
963 5490 1049 5544 ille
1078 5492 1259 5544 vivum
1286 5491 1502 5560 quidem
1530 5494 1757 5547 mirillce
1785 5494 2019 5561 colebat,

437 5596 711 5650 suumque
731 5582 892 5651 quasi
949 5583 1069 5637 vita:
1121 5583 1407 5652 praesidem
1440 5584 1696 5639 omnibus
1737 5585 2023 5654 praeconiis

438 5673 743 5729 ci'ferehat:
780 5686 1062 5745 perempto
1112 5691 1237 5731 vero
1292 5676 1621 5746 palinodiam
1673 5678 1907 5745 cecinit,
1958 5694 2023 5733 ac

440 5765 589 5821 velut
618 5766 1016 5822 exsecrandum
1040 5769 1313 5831 quoddam
1346 5769 1619 5830 piaculum
1652 5769 1879 5840 dignum
1927 5771 2021 5827 tali

2126 4586 2263 4633 τιον,
2290 4570 2365 4633 ὼς
2392 4567 2467 4639 μὴ
2498 4566 2702 4633 ἐξεῖναι
2730 4569 2879 4640 αὐτῷ
2911 4569 3229 4624 παντάπασι
3262 4568 3361 4639 τὴν
3394 4565 3549 4639 ίεράν
3575 4568 3711 4620 ἀνα-

2128 4662 2317 4735 φέρειν
2381 4651 2749 4733 λειτουργίαν,
2818 4662 2946 4733 μήτ’
3005 4661 3115 4723 οὖν,
3158 4661 3384 4715 εἰσιέναι
3412 4660 3535 4714 τινὰ
3577 4658 3715 4729 πρὸς

2129 4755 2317 4822 αὑτὸν,
2366 4751 2492 4826 μήτ’
2556 4754 2757 4817 ἐξιέναι
2816 4753 3239 4825 συγχωρεῖσθαι.
3307 4753 3431 4807 Ἐπὶ
3470 4754 3621 4825 τρεῖς
3657 4750 3715 4805 δέ

2134 4846 2311 4918 μῆνας
2370 4848 2405 4918 ἡ
2458 4847 2683 4917 τοιαύτη
2728 4847 2857 4919 περὶ
2904 4846 3068 4901 αὐτὸν
3114 4845 3433 4917 ἐστερεοῦτο
3474 4845 3715 4914 φυλακὴ,

2130 4939 2226 4993 καὶ
2256 4938 2427 5003 οὕτως
2457 4940 2488 5009 ή
2523 4938 2617 4991 τοῦ
2652 4939 2928 5010 ὀνείρατος
2945 4938 3179 5007 ἔφθασεν
3201 4937 3497 5007 ἀπόφασις.
3534 4935 3718 4988 Ἐπειο

2131 5032 2348 5105 γομένῳ
2382 5033 2491 5102 γὰρ
2516 5032 2657 5085 κατά
2693 5032 2793 5101 τῆς
2826 5030 3053 5102 Κρήτης
3073 5030 3150 5101 τῷ
3179 5027 3401 5099 Μιχαὴλ
3429 5027 3525 5082 καίΙ
3552 5024 3713 5089 αὐτὸς

2130 5127 2160 5180 ὁ
2186 5125 2397 5196 Βάρδας
2427 5126 2553 5195 ἀχρι
2584 5123 2693 5177 τῶν
2722 5124 3031 5195 λεγομένων
3064 5124 3274 5193 Κήπων
3306 5118 3711 5191 συστρατεύωι,

2131 5219 2251 5270 ἐκεῖ
2284 5216 2350 5286 δὴ
2397 5216 2497 5287 τὴν
2530 5213 2769 5287 ἐσχάτην
2804 5214 2949 5268 ἔτισε
2979 5213 3157 5283 δίκην.
3196 5213 3477 5282 Πρόφασιν
3506 5211 3615 5281 γάρ
3638 5206 3715 5272 ὡς

2132 5308 2559 5362 ἐπιϐουλεύοντα
2605 5307 2683 5378 τῷ
2738 5306 2950 5378 βασιλεῖ
3010 5307 3041 5377 ἡ
3082 5305 3342 5375 θεήλατος
3388 5301 3553 5358 αὐτὸν
3586 5318 3717 5373 μετ-

2130 5401 2293 5471 ῆλθεν
2317 5399 2478 5471 ὀργὴ.
2510 5396 2608 5454 καὶ
2649 5398 2829 5468 ξίφεσι
2864 5397 3099 5469 μεληδὸν
3145 5395 3348 5460 ἀθλίως
3372 5391 3717 5448 κατακοπτὸ-

2132 5512 2317 5563 μενος,
2350 5493 2491 5547 οὕτω
2534 5491 2791 5556 δυσκλεὲς
2844 5492 2997 5555 τέλος
3039 5490 3415 5562 ἀπηνέγκατο,
3443 5487 3585 5541 ὥστε
3619 5485 3713 5540 καὶ

2132 5588 2225 5641 ὑπ’
2277 5587 2443 5640 αὑτοῦ
2508 5585 2921 5656 στηλιτευθῆναι
2955 5586 3047 5637 τοῦ
3091 5582 3371 5652 φιλτάτου.
3414 5582 3474 5635 Ὀ
3507 5573 3617 5653 γάρ
3645 5580 3715 5635 τὶ

2136 5680 2349 5751 μεγάλα
2400 5679 2807 5751 εὐεργετηθεὶς,
2861 5680 2955 5732 καὶ
3000 5677 3100 5749 τὴν
3154 5672 3563 5747 πατριαρχικὴν
3622 5672 3714 5727 ὑπ’

2132 5772 2342 5829 ἐκείνου
2392 5771 2559 5847 τιμὴν
2617 5771 2942 5846 κληρωθεὶς,
2995 5770 3173 5837 ζῶντα
3232 5768 3335 5842 μέν
3382 5768 3714 5839 ὑπερετξμα,
