4150 6298
496 303 605 367 M3
1670 303 1963 366 ΝΙΕΕΤᾸΞ
2001 303 2091 363 ΡΑ

2192 299 2532 362 LLAGONIS
3665 290 3773 358 ειι

501 418 788 474 Clementia
821 414 1014 484 fretus,
1047 419 1408 472 novennalem
1445 434 1508 474 ac
1543 418 1842 490 perfectam
1872 434 1938 473 ex
1963 417 2072 471 vir-

2192 415 2497 485 ;ξωρίζετο·
2546 411 2642 466 καὶ
2674 411 2834 475 αὑτὸς
2866 409 3271 482 ὑπερασπισμῷ
3301 408 3396 465 καὶ
3443 409 3777 482 χρηστότητι

504 513 637 566 tutis
653 512 951 566 certamine
974 511 1212 564 lauream
1234 512 1484 581 adeptus,
1496 512 1741 568 ecclesiae
1756 528 1866 569 sua:
1881 512 2078 567 throno

2192 508 2275 562 τοῦ
2302 507 2437 562 Θεοῦ
2481 507 2551 561 δι’
2585 506 2742 559 ὲννέα
2772 504 2994 558 τελείων
3021 505 3232 576 χρόνων
3284 502 3498 558 τελείαν
3540 501 3774 573 ἄθλησιν

504 601 812 657 restituitur
845 618 859 654 :
892 610 946 655 et
967 602 1178 671 lampas
1199 603 1374 672 magis
1404 619 1662 670 accensa,
1685 604 1885 660 clarior
1912 619 2076 674 quam

500 701 682 756 antea,
730 693 1066 747 candelabro
1126 694 1426 763 imponitur
1469 712 1483 749 :
1541 705 1835 767 pastorque
1887 712 2081 752 rursus

498 799 629 839 oves
681 785 930 856 agnoscit
965 801 1116 850 suas,
1160 793 1210 839 ot
1241 801 1271 840 ιι
1303 787 1419 842 suis
1457 787 1696 842 vicissim
1745 788 1939 844 ovibus
1968 789 2106 842 cla...

501 875 619 932 rius
650 878 990 947 agnoscitur.
1031 878 1173 950 Ergo
1207 889 1317 933 tota
1343 880 1501 950 quasi
1526 882 1659 935 urbe
1683 882 2077 950 triumphante,

503 967 762 1039 illumque
779 971 845 1023 ad
868 969 1132 1040 templum
1161 971 1548 1027 ascendentem
1576 987 1606 1028 a
1641 983 1791 1044 tergo
1821 982 1874 1027 et
1898 972 2081 1028 fronte

505 1070 892 1132 prosequente,
922 1061 1220 1133 laetitiaque
1251 1063 1545 1133 gestiente,
1581 1081 1702 1120 cum
1736 1081 1830 1136 per
1860 1081 2079 1122 sacrum

502 1161 722 1222 puteum
754 1151 824 1206 ad
854 1151 1142 1223 superiora
1175 1153 1363 1223 templi
1383 1155 1696 1221 duceretur,
1720 1156 1906 1211 dextra
1929 1167 2084 1226 parte

505 1243 902 1314 ingredientem
935 1244 1073 1299 ordo
1115 1244 1376 1315 patricius
1403 1262 1703 1304 occursans
1740 1249 2082 1303 venerabun-

503 1336 609 1391 dus
634 1335 850 1407 excepit
889 1353 904 1392 :
942 1352 1030 1391 res
1062 1353 1192 1392 vero
1221 1349 1350 1393 tunc
1371 1339 1553 1394 divina
1587 1339 1772 1395 ﬁebat.
1823 1339 1932 1395 Nec
1981 1357 2083 1411 par

502 1437 608 1494 est,
634 1438 695 1483 ut
725 1444 941 1485 sacrum
970 1445 1156 1497 omen,
1195 1432 1341 1501 quod
1388 1431 1442 1485 in
1475 1432 1724 1502 ingressu
1768 1431 1957 1503 lgnatii
1990 1448 2085 1489 ac-

503 1520 656 1584 cidit,
689 1520 1193 1592 pra'termittamus.
1227 1522 1525 1578 lntrantcm
1551 1539 1788 1595 namque
1807 1523 2080 1596 lgnatium

508 1613 745 1684 populus
773 1613 996 1684 quidem
1025 1613 1250 1684 supplex
1276 1614 1666 1677 venerabatur,
1700 1617 1958 1672 sacerdos
1987 1633 2084 1673 au-

2183 602 2324 674 ὑπὲρ
2358 601 2559 672 ἀρετῆς
2594 600 3027 670 ἐπιδειξάμενος,
3063 599 3500 652 ἀποκαθίσταται
3531 598 3600 668 τῇ
3644 595 3773 654 Ἑκ-

2181 693 2419 766 κλησία·
2459 693 2554 746 καὶ
2582 694 2611 745 6
2640 691 2833 764 λύχνος
2884 691 3266 764 λαμπρότερον
3309 690 3574 759 ὰναφθεὶς
3618 705 3780 760 περι·

2183 786 2518 856 φανέστερον
2567 785 2600 856 ἦ
2650 783 2843 856 πρώην
2874 787 2941 855 τῇ
2992 784 3187 855 λυχνία
3229 784 3560 848 ἐπιτίθεται,
3615 782 3711 835 καὶ
3747 781 3778 835 6

2181 878 2388 948 ποιμὴν
2417 878 2634 946 ἐπέγνω
2669 877 2740 931 τὰ
2786 877 3058 949 πρόϐατα,
3094 880 3189 930 καὶ
3229 875 3395 938 αὑτὸς
3424 878 3535 938 τοῖς
3563 874 3778 946 προδά-

2182 986 2294 1034 τοις
2321 971 2658 1041 σαφέστερον
2688 970 3050 1039 ὲπὲγνωσται.
3092 970 3285 1040 Πάσης
3313 963 3406 1022 οῦν
3449 968 3635 1040 σχεδὸν
3670 967 3779 1038 φάο

2183 1081 2272 1117 ναι
2304 1063 2400 1132 τῆς
2431 1062 2640 1126 πόλεως
2663 1061 3172 1134 ἐπευφραινομένης
3199 1059 3364 1116 αὐτοῦ
3391 1062 3455 1132 τῇ
3487 1060 3774 1122 ἀναϐάσει,

2184 1153 2534 1226 προαγούσης
2579 1173 2638 1207 τε
2670 1155 2765 1208 καὶ
2816 1154 3095 1225 ἑπομένης
3130 1155 3186 1206 ὲν
3225 1154 3582 1222 ἀγαλλιάσει,
3613 1153 3782 1218 αὐτὸς

2187 1247 2286 1317 μὲν
2312 1246 2400 1301 διὰ
2418 1247 2512 1300 τοῦ
2536 1245 2703 1315 ἁγίου
2727 1247 2962 1315 Φρέατος
2992 1246 3253 1314 ἀνάγεται
3270 1263 3284 1278 ο
3318 1248 3454 1316 πρὸς
3483 1249 3596 1310 τοῖς
3619 1248 3783 1319 ὑπερ·

2185 1335 2316 1409 ῴοις
2350 1337 2408 1391 δὲ
2457 1341 2554 1391 τοῦ
2590 1338 2829 1409 μεγάλου
2863 1337 3007 1391 Ναοῦ
3059 1337 3150 1391 διὰ
3204 1338 3304 1410 τῆς
3354 1338 3535 1404 δεξιᾶς
3601 1338 3783 1410 πύλης

2183 1431 2402 1484 εἰσιόντι
2436 1432 2792 1501 προσυπαντᾷ
2843 1428 2993 1501 αὺτῷ
3046 1429 3155 1483 τῶν
3191 1431 3497 1501 πατρικίων
3549 1433 3583 1502 ἠ
3621 1432 3781 1499 τάξις

2185 1523 2569 1594 προσκυνοῦσα
2626 1525 2722 1578 καὶ
2765 1523 3091 1594 δεξιουμένη
3119 1537 3136 1552 ο
3191 1524 3223 1594 ή
3255 1523 3376 1594 ἱερὰ
3415 1523 3471 1577 δὲ
3507 1524 3632 1579 τότε
3665 1525 3781 1578 λιι-

2182 1615 2411 1688 τουργία
2453 1616 2596 1671 κατὰ
2630 1616 2692 1670 τὸ
2721 1615 2842 1681 ἔθος
2897 1617 3157 1673 ἐτελεῖτο.
3211 1617 3398 1681 Ἄξιον
3425 1617 3482 1670 δὲ
3516 1618 3650 1688 μηδὲ
3678 1618 3782 1688 τὴν

507 1715 615 1760 tem
641 1707 692 1760 in
733 1705 911 1776 adytis
955 1706 1288 1762 oblationem
1346 1706 1578 1764 Domino
1622 1707 1828 1764 faciens
1879 1709 2083 1764 clama-

2192 1710 2280 1763 ὲπὶ
2311 1711 2380 1781 τῇ
2415 1709 2606 1779 εἰσόδῳ
2636 1708 3029 1780 συμπεσοῦσαν
3082 1707 3236 1779 ίερὰν
3264 1709 3500 1780 κληδόνα
3547 1710 3777 1779 παραλι-
3812 1741 3818 1746 -

504 1796 640 1853 bat:
673 1767 890 1854 Gratias
917 1813 1146 1871 agamus
1183 1798 1417 1855 Domino
1445 1799 1557 1857 Deo
1587 1809 1784 1858 nostro
1822 1819 1838 1856 :
1867 1811 1922 1858 et
1957 1818 2084 1859 mox

2192 1767 2402 1858 πεῖν-’δ
2434 1803 2535 1871 μὲν
2554 1767 2665 1874 γὰρ
2689 1767 2862 1874 ίσῄει,
2903 1801 2952 1854 οἱ
2983 1801 3040 1855 δὲ
3082 1767 3493 1873 προσεκύνουν*
3537 1804 3562 1856 6
3587 1767 3770 1874 ἱερεὺς

507 1890 747 1960 populus
787 1891 1195 1962 respondebat;
1234 1890 1468 1962 Dignum
1493 1904 1547 1948 et
1577 1895 1791 1964 justum
1855 1907 1969 1953 est.-
2007 1897 2088 1954 ita

2192 1895 2266 1961 Et,
2287 1893 2784 1968 Εὐχαριστήσωμεν
2812 1893 2889 1964 τῷ
2914 1893 3125 1968 Κυρίῳ,
3144 1892 3240 1966 τὴν
3267 1894 3548 1966 ἀναφορὰν
3575 1896 3628 1946 tv
3655 1896 3771 1958 τοῖς

506 1996 665 2037 sacer
705 1982 945 2053 lgnatius
974 1981 1135 2037 bonis
1169 1983 1429 2040 omnibus
1459 1985 1661 2041 throno
1706 2001 1810 2042 suo
1845 1997 2087 2058 recepto,

507 2085 564 2128 et
597 2075 984 2146 gubernaculis
1028 2075 1286 2133 Ecclesia:
1323 2077 1636 2148 resumptis,
1672 2090 1823 2135 arcet
1853 2097 1882 2136 a
1913 2080 2090 2138 sacris

508 2181 620 2221 non
671 2165 934 2223 Photium
985 2176 1223 2241 tantum,
1268 2177 1323 2223 et
1344 2183 1537 2225 omnes
1567 2168 1635 2225 ab
1671 2170 1768 2226 illo
1817 2170 2089 2239 initiatos,

508 2259 606 2315 sed
627 2275 820 2315 omnes
849 2261 1014 2316 etiam
1039 2259 1186 2316 illius
1211 2270 1514 2318 sectatores
1545 2279 1668 2318 cum
1697 2264 1791 2320 illo
1837 2280 2089 2321 commu-

511 2351 803 2408 nicantes:
844 2341 1103 2424 pfecatur
1128 2354 1352 2424 insuper
1381 2354 1789 2425 imperatorem,
1827 2366 1885 2412 ut
1935 2372 2090 2414 mcu-

513 2443 783 2501 menicam
819 2445 1087 2516 synodum
1117 2454 1300 2516 cogat,
1330 2461 1437 2515 qua
1467 2447 1653 2502 omnia
1678 2448 1941 2505 Ecclesia:
1970 2450 2092 2504 vul-

518 2550 650 2591 nera
681 2537 1301 2595 sanari'arbitrabatur.
1335 2540 1620 2612 Extemplo
1650 2542 1817 2612 igitur
1850 2542 2094 2600 Joannes

513 2625 700 2696 Perga
746 2626 1063 2699 episcopus,
1089 2628 1285 2702 lgnatii
1311 2631 1363 2685 in
1395 2645 1588 2688 omnes
1615 2648 1780 2689 casus
1804 2644 1857 2689 et
1893 2651 2095 2690 atrum-

513 2733 617 2774 nas
655 2732 868 2782 comes.
910 2733 966 2777 et
1000 2723 1267 2777 malorum
1293 2725 1565 2792 omnium,
1598 2736 1864 2796 quantum
1885 2728 1948 2784 in
1977 2727 2095 2800 ipso

511 2817 656 2876 erat,
689 2811 874 2888 socius
905 2827 922 2868 :
954 2829 1022 2869 ex
1053 2812 1234 2872 Photii
1266 2831 1394 2872 vero
1432 2817 1674 2874 factione
1715 2821 1910 2876 Petrus
1963 2819 2096 2878 Sar-

498 2902 730 2961 diensis
752 2907 1124 2979 me’tropulita,
1166 2911 1234 2964 ad
1260 2909 1544 2966 Nicolaum
1584 2912 1903 2982 pontiﬁcem
1933 2913 2098 2987 legati

513 2998 847 3067 mittuntur;
879 3000 1084 3072 quibus
1133 3003 1401 3073 allegatur
1446 3003 1686 3060 Basilius
1728 3020 2100 3078 cognomento

2190 1986 2408 2051 ἀδύτοις
2438 1987 2760 2060 ποιούμενος
2782 1987 3090 2061 ἀνέκραγεν
3108 2002 3126 2020 σ
3160 1988 3190 2040 6
3214 1987 3340 2052 λαὸς
3365 1987 3442 2052 δὲ,
3475 1986 3660 2054 ’Δξιον
3682 1987 3779 2040 καὶ
3812 2029 3817 2033 .

2188 2083 2416 2146 δίκαιον,
2457 2081 2815 2151 ἀπεκρίνατο.
2874 2080 3064 2146 Οῦτως
3093 2083 3122 2136 6
3181 2082 3330 2152 ἱερὸς
3380 2081 3646 2151 Ἰγνάτιος
3682 2078 3776 2134 ὑπ’

2191 2171 2417 2242 ἀγαθοῖς
2475 2171 2762 2242 συμϐόλοις
2807 2174 2899 2224 τὸν
2945 2172 3150 2224 οίκεῖον
3197 2169 3388 2240 θρόνον
3433 2165 3788 2239 ἀπειληφὼς,

2193 2266 2286 2319 καὶ
2317 2265 2444 2329 τοὺς
2469 2262 2662 2325 οἴακας
2697 2257 2853 2326 αὖθις
2885 2261 2988 2333 τῆς
3028 2261 3359 2332 Ἐκκλησίας
3395 2259 3788 2334 ἐγχειρισθεὶς,

2193 2357 2370 2427 εἴργει
2399 2356 2496 2427 μὲν
2532 2355 2632 2425 τῆς
2675 2357 2825 2427 ἱερᾶς
2859 2353 3203 2426 λειτουργίας
3239 2354 3299 2407 ού
3352 2354 3559 2409 Φώτιον
3589 2353 3778 2425 μόνον,

2193 2453 2290 2503 καὶ
2320 2448 2446 2512 τοὺς
2470 2445 2954 2520 χειροτονηθέντας
3004 2446 3099 2500 ὑπ’
3129 2446 3319 2509 αὐτοῦ,
3355 2445 3495 2502 ἀλλά
3525 2447 3622 2501 καὶ
3648 2444 3797 2502 πάν-

2193 2558 2294 2604 τας
2322 2542 2450 2606 τοὺς
2508 2541 2976 2612 κεκοινωνηκότας
3030 2540 3210 2612 αὐτῷ’
3249 2539 3541 2611 ὲκλιπαρεῑ
3579 2538 3639 2594 δὴ
3682 2538 3778 2594 τὸν

2197 2633 2422 2706 βασιλέα
2456 2633 2846 2704 οίκουμενικὴν
2893 2632 3111 2686 σύνοδον
3142 2633 3431 2703 κροτῆσαι,
3462 2631 3530 2686 δι’
3564 2624 3635 2705 ἦς
3659 2630 3785 2686 ισσ-

2199 2728 2322 2781 σθαι
2357 2727 2464 2780 τῶν
2497 2725 2808 2780 σκανδάλων
2838 2725 3053 2780 πάντων
3083 2724 3434 2795 ὑπελὰμδανι
3467 2723 3568 2796 τὴν
3613 2724 3784 2780 τασιν.
3819 2768 3823 2773 .

2197 2815 2415 2881 Εὐθέως
2462 2814 2644 2869 τοίνυν
2698 2814 2952 2883 Ἰωάννης
2988 2811 3094 2882 μὲν,
3121 2815 3149 2864 6
3195 2812 3294 2883 τῆς
3329 2813 3572 2884 Πέργης,
3620 2812 3700 2876 ὡς
3723 2814 3790 2876 ιν,

2201 2909 2404 2972 πάσαις
2447 2910 2569 2970 ταῖς
2601 2905 2843 2975 θλίψεσιν
2902 2904 3150 2976 Ἰγνατίῳ
3188 2902 3668 2974 συγκακοπαθῶν,
3716 2905 3783 2960 ιιι

2197 2999 2293 3053 τοῦ
2329 2999 2527 3071 μέρους
2563 2997 2658 3053 τοῦ
2693 2999 2818 3050 κατ’
2845 2997 3030 3060 αὐτὸν,
3061 2997 3130 3050 ὲκ
3155 2994 3249 3050 τοῦ
3285 2995 3430 3053 κατὰ
3457 2993 3552 3050 τὸν
3578 2993 3784 3051 ᾇώτιον

512 3086 771 3160 Pinacas,
800 3093 896 3166 qui
929 3095 1192 3165 spatharii
1221 3096 1538 3167 dignitatem
1562 3100 1840 3156 obtinebat
1868 3118 1883 3157 :
1911 3102 2091 3175 usique

2206 3092 2263 3146 δὲ
2289 3092 2495 3164 Πέτρος
2522 3093 2552 3144 6
2576 3092 2684 3144 τῶν
2712 3091 2986 3161 Σάρδεων,
3011 3092 3152 3164 πρὸς
3182 3090 3275 3144 τδν
3297 3091 3486 3146 πάπαν
3519 3084 3788 3144 Νικόλαον

511 3194 642 3242 sunt
669 3187 888 3256 gemino
909 3187 1199 3257 dromone,
1234 3205 1357 3244 cum
1385 3189 1678 3246 solverent.
1713 3191 1818 3248 Sed
1878 3192 2095 3263 Petrus,

511 3276 607 3347 qui
642 3273 865 3342 Dilzeus,
891 3277 995 3334 hoc
1019 3286 1127 3344 est,
1160 3279 1329 3335 miser
1353 3281 1752 3351 appellabatur,
1787 3285 1841 3339 in
1876 3283 2097 3344 Dalma-

513 3367 625 3423 tico
652 3369 775 3424 sinu
797 3369 1156 3439 periclitatus,
1179 3372 1347 3427 miser
1370 3371 1658 3445 naufragio
1682 3377 1841 3444 periit
1880 3390 1898 3432 :
1922 3376 2096 3433 Joan-

513 3472 613 3514 ues
650 3474 777 3514 vero
814 3473 936 3514 cum
972 3459 1178 3514 Basilio
1218 3459 1521 3516 incolumis
1546 3463 1738 3531 evasit,
1780 3472 1837 3518 et
1863 3464 2096 3520 Nicolao

508 3548 624 3621 jam
657 3551 769 3606 vita
817 3549 1028 3616 functo,
1066 3549 1410 3607 Hadrianum
1460 3568 1654 3623 papam
1708 3554 1938 3610 invenit.
1986 3555 2098 3613 Nec

513 3642 612 3707 diu
638 3642 880 3725 cunctati
910 3643 1191 3713 pontilicis
1211 3643 1404 3698 vicarii
1436 3645 1975 3715 Constantinopolim
2000 3663 2100 3706 ve-

512 3742 712 3789 nerunt
744 3732 1061 3805 Stephanus
1092 3740 1149 3792 et
1186 3735 1432 3793 Donatus
1451 3739 1726 3809 episcopi,
1768 3739 1983 3796 Marino
2027 3757 2097 3798 ex

514 3831 726 3894 septem
757 3825 1006 3882 diaconis
1029 3828 1314 3903 adjuncto,
1341 3828 1420 3884 Ex
1449 3830 1680 3886 orientis
1703 3848 1830 3887 vero
1857 3834 2097 3902 patriar-

511 3916 655 3974 ehiis
685 3916 1056 3989 (imperatore
1084 3919 1388 3991 principem
1435 3921 1607 3992 Syriae
1623 3923 1785 3978 donis
1810 3938 1877 3978 ac
1899 3923 2097 3981 litteris

513 4009 885 4083 propitiante)
915 4009 1191 4082 Josephus
1242 4013 1671 4072 archidiaconus
1712 4025 1768 4071 et
1821 4017 2096 4087 syncellus

511 4116 581 4158 ex
606 4098 870 4173 Egypto,
899 4101 1115 4173 legatus
1145 4101 1428 4158 Michaelis
1477 4104 1805 4173 patriarcha:
1855 4105 2098 4160 Alexan-

511 4195 655 4254 drini
684 4210 702 4262 ;
733 4193 980 4254 Thomas
1008 4197 1357 4266 metrOpolita
1395 4196 1550 4269 Tyri,
1583 4198 1824 4256 vicarius
1851 4197 2097 4256 Michae-

2199 3182 2606 3254 ἀποκρισιάριοι
2653 3179 3137 3253 προεχειρίζοντο·
3189 3179 3291 3235 σὺν
3336 3180 3520 3245 αὐτοῖς
3571 3179 3633 3235 δι
3689 3180 3789 3235 καὶ

2198 3274 2473 3336 Βασίλειος
2521 3273 2549 3324 6
2577 3270 2914 3340 καλούμενος
2944 3270 3190 3333 Πινακᾶς
3233 3269 3425 3342 ἀπῄει,
3481 3268 3788 3341 σπαθᾶριος

2196 3366 2296 3439 τὴν
2323 3365 2479 3430 ἀξίαν
2519 3360 2798 3426 καθεστώς
2825 3376 2842 3393 ⁸
2878 3362 2974 3415 καὶ
3017 3361 3267 3433 ἀπῄεσαν
3296 3364 3354 3417 ἐν
3384 3361 3506 3416 δυσὶ
3533 3361 3781 3434 δρόμωσι

2199 3458 2539 3528 στελλόμενοι
2569 3456 2660 3510 τὸν
2690 3452 2878 3511 πλοῦν.
2923 3453 3085 3510 Ἀλλά
3136 3453 3345 3526 Πέτρος
3374 3455 3474 3526 μὲν
3511 3456 3540 3510 6
3585 3454 3786 3510 καλού-

2201 3568 2363 3622 μενος
2423 3549 2686 3612 Δείλαιος,
2747 3549 2805 3600 ὲν
2846 3547 2928 3618 τῷ
2975 3547 3162 3619 κόλπῳ
3195 3546 3511 3618 Δαλματίας

2199 3641 2532 3712 περιπεσὼν,
2586 3639 2819 3702 δείλαιος
2862 3637 3052 3692 ὤλετο.
3094 3638 3350 3709 Ἰωάννης
3382 3639 3442 3692 δὲ
3490 3641 3588 3694 σὺν
3617 3642 3786 3696 Βασι-

2198 3734 2329 3806 λείῳ
2360 3733 2647 3802 διασωθεὶς
2685 3731 2967 3802 ’Δδριανδν
2987 3725 3114 3801 εὗρε
3144 3731 3349 3800 πάπαν,
3383 3732 3474 3786 τοῦ
3508 3735 3774 3788 Νικολάου

2198 3826 2299 3898 ἤδη
2323 3825 2420 3897 τὴν
2451 3826 2507 3877 ὲν
2548 3823 2760 3896 σώματι
2812 3822 3212 3887 καταλιπόντος
3259 3824 3420 3894 ζωήν.
3448 3825 3544 3876 -Ού
3603 3823 3770 3888 πολὺς

2195 3916 2293 3972 οὖν
2323 3915 2384 3972 ἐν
2416 3915 2495 3987 τῷ
2523 3915 2676 3988 μέσῳ
2704 3916 2917 3986 χρόνος,
2946 3917 3038 3969 καὶ
3082 3917 3334 3988 παρῆσαν
3374 3917 3765 3988 τοποτηρηταὶ,

2198 4007 2471 4076 Στέφανος
2505 4009 2604 4078 μὲν
2633 4007 2729 4062 καὶ
2748 4010 2978 4070 Δονᾶτος
3012 4008 3299 4064 ἐπίσκοποι
3322 4009 3413 4062 τοῦ
3447 4009 3604 4062 πάπα
3640 4009 3776 4064 Ῥώ-

2201 4117 2330 4173 μης,
2359 4101 2457 4155 καὶ
2479 4100 2718 4170 Μαρῖνος
2746 4096 2826 4163 εἷς
2846 4100 2954 4154 τῶν
2977 4101 3118 4154 ἑπτὰ
3147 4103 3409 4158 διακόνων
3438 4104 3534 4156 σὺν
3564 4106 3772 4170 αὐτοῖς.

2211 4195 2308 4248 Ἐκ
2330 4194 2386 4248 δὲ
2415 4195 2526 4248 τῶν
2560 4195 2659 4264 τῆς
2705 4195 2994 4264 Ἀνατολῆς
3036 4197 3458 4267 πατριαρχείων,
3504 4196 3598 4250 τοῦ
3624 4199 3782 4250 αὑτο-

512 4288 580 4344 lis
609 4288 942 4360 patriarchae
967 4289 1296 4345 Antiocheni
1331 4290 1524 4362 Syriae,
1555 4290 1702 4347 Elias
1733 4293 2018 4364 presbyter
2039 4303 2091 4356 el

2198 4285 2464 4358 κράτορος
2497 4286 2692 4356 δώροις
2731 4287 2824 4341 καὶ
2855 4288 3147 4358 γράμμασι
3180 4289 3270 4341 τὸν
3305 4290 3403 4358 τῆς
3441 4290 3638 4362 Συρίας
3679 4290 3780 4362 ἄρ-

511 4378 787 4450 syncellus
815 4379 988 4436 vicem
1019 4378 1313 4436 Theodosii
1335 4382 1661 4451 patriarcha:
1700 4384 2091 4456 Hierosolymi-

2197 4397 2364 4450 χοντα
2391 4379 2898 4451 παρακαλέσαντος,
2940 4380 3138 4452 Ἰωσὴφ
3162 4381 3261 4452 μὲν
3285 4384 3656 4453 ἀρχιδιάκονος
3690 4382 3782 4436 καὶ

511 4471 628 4525 tani
656 4472 936 4542 explebat.
973 4471 1040 4539 lii
1069 4486 1265 4528 omnes
1299 4483 1600 4542 praesentes
1632 4474 1786 4531 l'uere
1813 4491 1938 4532 cum
1965 4491 2091 4532 san-

2202 4468 2527 4542 σύγκελλος,
2546 4473 2929 4543 τοποτηρητὴς
2955 4473 3175 4544 Μιχαὴλ
3213 4470 3345 4543 ἦλθε
3375 4475 3469 4527 τοῦ
3504 4475 3661 4529 πάπα
3684 4475 3786 4546 τῆς

511 4561 767 4620 ctissimo
799 4566 1113 4635 patriarcha
1135 4564 1348 4636 lgnatio
1380 4565 2012 4638 Constantinopolitano,
2043 4577 2091 4623 et

2206 4564 2328 4620 κατ’
2375 4567 2653 4632 Αίγυπτον
2695 4564 3140 4636 Ἀλεξανδρείας·
3169 4566 3375 4639 Θωμᾶς
3419 4567 3476 4621 δὲ
3509 4584 3789 4640 μητροπο-

509 4656 781 4727 episcopis
819 4655 1112 4720 duodenis,
1139 4658 1420 4727 perpetuis
1462 4659 1517 4712 in
1570 4659 1718 4715 omni
1774 4659 1843 4715 ίοι
1862 4671 1994 4714 tuna
2041 4668 2091 4715 et

2203 4657 2357 4729 λίτης
2390 4657 2569 4729 Τύρου
2597 4659 2763 4712 τόπον
2787 4658 3010 4730 Μιχαὴλ
3046 4657 3288 4732 ἐπλήρου
3314 4659 3408 4714 τοῦ
3439 4661 3538 4726 τῆς
3579 4661 3787 4714 Ἀντιοο

512 4747 781 4804 arumnis
818 4750 1022 4817 sociis;
1071 4751 1168 4821 qui
1209 4749 1276 4804 ad
1312 4750 1620 4819 dexteram,
1658 4755 1748 4807 ubi
1807 4753 1961 4808 locus
2005 4768 2091 4808 ca«

2204 4751 2360 4821 χείας
2388 4749 2490 4820 τῆς
2514 4748 2655 4802 κατά
2676 4751 2748 4802 Συ
2759 4749 2878 4818 ρίαν
2906 4749 3270 4821 πατριάρχου,
3315 4749 3506 4815 Ἠλίας
3548 4749 3609 4804 δι
3656 4765 3785 4820 προ-

511 4841 967 4898 techumenorum
994 4851 1102 4906 est,
1133 4843 1319 4912 templi
1363 4843 1508 4912 quod
1536 4859 1567 4898 a
1591 4845 1856 4912 sapientia
1889 4859 2087 4899 nomen

2197 4838 2455 4911 σδύτερος
2472 4839 2563 4892 καί
2592 4837 2886 4906 σύγκελλος
2910 4840 2991 4905 τίς
3020 4839 3185 4893 τόπον
3207 4841 3489 4895 Θεοδοσίου
3519 4841 3784 4914 πατριάρ-

512 4933 733 5003 Βορίιίαι
759 4937 993 5007 accepit,
1020 4935 1298 4992 assidente
1338 4934 1541 4992 Basilio
1560 4936 1912 5006 imperatore,
1943 4949 2089 5006 βιαιο

2201 4949 2300 5002 χου
2337 4930 2444 4984 τῶν
2500 4929 2891 5001 Ἱεροσολύμων
2939 4932 3122 5002 παρῆν
3148 4946 3161 4962 ο
3212 4925 3360 4986 οὗτοι
3411 4931 3616 4998 πάντες
3668 4931 3788 5004 ἀμ

510 5029 794 5082 sederunt.
821 5061 828 5072 -
2215 5021 2462 5094 Ἰγνατίῳ
2485 5022 2565 5092 τῷ
2593 5022 2884 5094 ἁγιωτάτῳ
2920 5024 3235 5099 πατριάρχῃ
3262 5023 3785 5080 Κωνστιιντινουπό⁴

508 5119 668 5183 λεως,
705 5120 798 5173 καὶ
836 5119 951 5184 τοῖς
978 5122 1076 5174 σὺν
1123 5117 1273 5190 αύτῷ
1301 5118 1510 5174 δώδεκα
1549 5119 1643 5173 τὸν
1675 5118 1908 5189 ἀριθμὸν
1944 5115 2266 5180 ἐπισκόποις
2331 5118 2443 5178 τοῖς
2489 5116 2974 5183 συγκεκοπιακόσι,
3043 5117 3158 5171 καὶ¹
3200 5117 3304 5173 ἀπ’
3366 5119 3545 5190 ἀρχῆς
3614 5118 3784 5192 μέχρι

508 5215 698 5278 τέλους
728 5213 1122 5286 συνηθληκόσιν
1173 5215 1344 5286 αὐτῷ,
1398 5217 1458 5269 sv
1490 5218 1607 5276 τοῖς
1659 5215 1856 5280 δεξιοῖς
1894 5215 2089 5288 μέρεσι
2123 5212 2236 5267 τῶν
2279 5212 2759 5283 κατηχουμενιίων
2797 5208 2896 5266 τοῦ
2931 5210 3287 5284 περιωνύμου
3357 5211 3488 5266 ναοῦ
3525 5209 3624 5283 τῆς
3686 5215 3786 5271 τοῦ

507 5305 648 5360 Θεοῦ
705 5298 941 5374 Σοφίας,
994 5310 1133 5379 μετά
1188 5311 1284 5361 τοῦ
1345 5309 1744 5380 αὑτοκράτορος
1797 5310 2079 5364 Βασιλείου
2118 5308 2510 5382 προεκάθισαν.

585 5397 906 5468 Propositis.
929 5415 1062 5470 ergo
1090 5400 1418 5454 venerandis
1451 5401 1678 5455 viviﬁcaa
1697 5399 1878 5458 crucis
1912 5401 2091 5473 lignis1

2276 5399 2397 5453 Τῶν
2419 5399 2618 5470 τιμίων
2653 5398 2709 5453 δὲ
2736 5399 2828 5454 καὶ
2858 5399 3139 5465 ζωοποιῶν
3171 5399 3366 5468 ξύλων,
3397 5398 3507 5454 τῶν
3531 5415 3589 5452 τε
3623 5399 3788 5472 ἱερῶν

511 5490 826 5560 sanctisque
841 5489 1145 5562 Evangeliis
1160 5490 1465 5560 explicatis,
1487 5502 1752 5560 praesente
1764 5494 1926 5546 etiam
1945 5509 2091 5548 sacri

2195 5490 2555 5562 Εὐαγγελίων
2584 5491 2994 5562 προκειμένων,
3016 5495 3415 5564 συμπαρούσης
3463 5491 3520 5545 δὲ
3559 5493 3654 5548 καὶ
3686 5493 3788 5564 τῆς

514 5589 740 5646 senatu,
771 5581 1004 5651 primum
1037 5581 1258 5653 quidem
1301 5581 1482 5637 missa:
1523 5585 1592 5636 ab
1630 5581 2091 5641 Adriano-veteri:

2204 5585 2356 5655 ἱερᾶς
2382 5583 2722 5653 συγκλήτου,
2751 5581 2969 5653 πρῶτον
3013 5583 3114 5654 μὲν
3157 5584 3214 5636 ei
3263 5583 3600 5654 πεμφθείσαι
3637 5585 3787 5656 παρᾶ

521 5673 710 5728 Romae
739 5674 1010 5743 pontiﬁce,
1041 5683 1096 5730 et
1118 5675 1550 5746 patriarcharum
1582 5691 1647 5731 ex
1673 5674 1892 5733 Oriente
1914 5678 2091 5734 littera

2200 5679 2296 5734 τοῦ
2321 5677 2478 5732 πάπα
2499 5677 2602 5749 τῆς
2637 5675 3017 5747 πρεσϐυτέρας
3063 5674 3284 5748 Ῥώμης
3333 5676 3615 5749 ⁹Δδριανοῦ
3661 5681 3786 5731 ἐπι-

514 5781 588 5821 cx
620 5767 811 5824 ordine
839 5766 1010 5836 lectas,
1044 5781 1260 5824 omnem
1278 5782 1436 5826 sacro
1463 5768 1588 5841 jure
1617 5769 1941 5841 requisitum
1959 5771 2091 5828 ordi-

2203 5769 2410 5839 στολαὶ,
2460 5770 2550 5823 καὶ
2595 5769 2654 5823 ai
2700 5767 2854 5839 παρὰ
2887 5768 2996 5822 τῶν
3041 5767 3379 5825 ἀνατολικῶν
3433 5767 3788 5842 πατριαρχῶν
