4150 6298
354 360 463 426 553

1354 349 1535 411 VITA
1563 348 1624 408 S.
1661 346 1960 408 IGNATII
1995 346 2102 409 CP.
2146 348 2503 408 ARCHIEP.

3513 344 3618 408 554

353 470 714 545 δμοδύναμον,
749 463 941 519 τοῦτον
969 462 1094 518 Υίὸν
1117 461 1407 533 ἀνθρώπου
1435 461 1558 513 καθ’
1582 461 1730 531 ἡμᾶς
1762 461 1827 514 ἐκ
1847 459 1938 530 τῆς

2049 461 2350 515 secundum
2374 468 2615 515 nostram
2639 466 2890 513 naturam
2912 472 2976 512 ex
3019 457 3362 513 imm‘aculata
3388 455 3483 512 Dei
3506 457 3620 512 Ma-

360 560 736 635 ὐπεραμώμου
766 556 1057 626 γενόμενον
1082 553 1424 624 Θεομήτορος
1444 552 1663 614 εἰδότες.
1701 551 1809 605 Καὶ
1837 551 1934 605 ἕνα

360 659 472 731 μὲν
491 655 570 725 τῷ
607 649 906 725 προσώπῳ,
937 646 1160 712 διπλοῦν
1189 646 1245 698 δὲ
1279 649 1401 709 ταῖς
1437 645 1630 714 φύσεσι
1655 646 1750 699 καὶ
1778 647 1925 715 ἐνερο

351 748 529 817 γείαις
555 745 648 797 καὶ
679 741 928 811 θελήσεσι
962 739 1329 809 κηρύσσοντες
1351 753 1364 768 ·
1405 739 1498 791 καὶ
1529 738 1704 808 ταύτῃ
1744 738 1935 808 σχολάι

348 824 982 905 ζοντεςὲπιμελέστερον
1011 833 1077 901 τῇ
1118 829 1321 902 θεωρίᾳ
1343 831 1453 884 τῶν
1477 831 1639 886 θείων
1673 832 1768 886 καὶ
1817 832 1936 885 θεο.

348 931 508 1001 λογίᾳ
537 929 632 983 καὶ
658 927 747 982 διὰ
771 927 867 995 τῆς
891 925 1042 993 ἱερᾶς
1061 925 1170 979 τῶν
1197 923 1428 993 Γραφῶν
1463 923 1694 996 μελέτης
1725 926 1934 979 ἀνακα-

350 1023 690 1094 θαιρόμενοι,
739 1019 835 1072 καὶ
870 1017 938 1070 δι’
966 1017 1162 1071 ἀενάου
1215 1016 1527 1088 προσευχῆς
1561 1017 1930 1086 ἁγνιζόμενοι,

349 1114 684 1185 ὐπεροράσει
715 1109 824 1164 τῶν
853 1109 1097 1181 ματαίων
1129 1109 1473 1180 ὐπερίδωμεν
1498 1107 1805 1179 μεριμνῶν,
1838 1109 1933 1162 καὶ

349 1208 469 1269 τοῖς
491 1205 593 1274 τῆς
625 1204 846 1275 ἀτιμίας
879 1202 953 1273 μὴ
982 1202 1387 1272 ὕποκύπτωμεν
1418 1200 1638 1260 πάθεσι.
1672 1201 1770 1254 καὶ
1796 1200 1933 1272 πρὸς

354 1295 650 1365 ἀνονήτους
685 1293 969 1363 φροντίδας
990 1293 1065 1366 μὴ
1092 1291 1550 1361 καταπίπτωμεν.
1574 1292 1685 1344 Καὶ
1715 1294 1824 1355 πᾶς
1848 1293 1935 1345 θυ-

356 1389 458 1456 μδς
479 1386 771 1457 θηριώδης,
791 1388 885 1438 καὶ
917 1387 1066 1438 πᾶσα
1085 1383 1396 1452 παράλογος
1421 1382 1686 1452 ἐπιθυμία
1709 1383 1933 1454 ἀρθήτω

353 1480 450 1548 ἀφ’
487 1478 644 1548 ἡμῶν
663 1494 676 1508 ⁸
719 1479 918 1548 μᾶλλον
949 1478 1020 1545 δὲ⁵
1042 1479 1071 1530 ὁ
1107 1477 1205 1547 μὲν
1236 1476 1402 1545 θυμὸς
1434 1475 1598 1529 ὅπλον
1629 1476 1758 1545 ἡμῖν
1792 1473 1935 1528 κατὰ

349 1573 453 1640 τῆς
483 1570 753 1640 ἁμαρτίας
809 1571 904 1623 καὶ
966 1568 1060 1622 τοῦ
1085 1569 1185 1640 τῆς
1213 1568 1490 1638 ἁμαρτίας
1518 1565 1659 1620 ἔστω
1705 1566 1932 1635 πατρός.

362 1661 430 1717 Ἦ
465 1662 732 1734 ἐπιθυμία
763 1661 821 1715 δὲ
875 1661 1012 1732 πρὸς
1042 1660 1104 1714 τὸ
1137 1659 1342 1732 κυρίως
1373 1661 1468 1712 καὶ
1491 1657 1709 1728 ἀληθῶς
1747 1657 1934 1712 ἐπιθυ-

351 1755 524 1828 μητὸν
557 1752 1076 1824 μετασκευαζομὲνη
1109 1754 1256 1806 πᾶσα
1276 1793 1292 1817 ,
1336 1751 1595 1821 συνεργὸς
1625 1749 1934 1819 ἡμῖν-γινέ-

2041 559 2124 604 tre
2148 560 2361 614 natum,
2383 565 2551 603 unum
2582 548 2798 618 quidem
2818 563 3070 618 persona,
3087 549 3300 619 gemina
3331 562 3498 619 porro
3521 563 3620 603 na-

2038 651 2180 706 tura.
2205 643 2542 712 operatione,
2585 643 2862 697 voluntate
2909 641 3266 710 pradicemus
3297 657 3311 694 :
3342 643 3506 712 atqtie
3533 641 3620 695 his

2037 751 2216 792 rerum
2265 737 2570 792 divinarum
2610 746 2664 792 et
2696 734 3120 806 theologicarum
3171 733 3618 789 meditationibus

2035 827 2251 897 penitus
2283 828 2559 897 occupati,
2615 840 3008 895 sacrarumque
3057 822 3386 881 Litterarum
3420 823 3618 901 studiis

2036 919 2330 988 repurgati.
2353 927 2517 990 atque
2541 919 2759 974 assidua
2775 918 3021 974 oratione
3036 917 3272 987 lustrati,
3287 916 3620 986 contemptis

2037 1012 2293 1065 humanis
2340 1013 2526 1076 rebus,
2577 1028 2740 1068 curas
2780 1013 2974 1068 inanes
3021 1012 3404 1084 negligamus,
3443 1025 3620 1082 neque

2039 1119 2137 1158 nos
2164 1101 2323 1158 foedis
2345 1103 2735 1173 cupiditatibus
2771 1104 3183 1170 submittamus,
3211 1119 3387 1173 neque
3414 1103 3481 1157 ad
3512 1117 3607 1158 co-

2037 1198 2332 1267 gitationes
2378 1196 2575 1251 stultas
2635 1196 3013 1266 prolabamur.
3076 1195 3266 1250 Omnis
3315 1193 3486 1249 ferina
3510 1195 3621 1250 ira-

2035 1288 2255 1353 cundia,
2286 1303 2449 1343 omne
2474 1289 2803 1344 desiderium
2836 1305 2867 1342 a
2894 1288 3104 1343 ratione
3128 1288 3364 1342 alienum
3400 1301 3428 1340 ιι
3460 1286 3619 1341 nobis

2034 1382 2357 1436 excludatur
2391 1397 2405 1434 :
2443 1381 2554 1435 imo
2586 1382 2666 1436 ira
2714 1380 2876 1435 telum
2924 1379 3084 1435 nobis
3107 1380 3178 1436 sit
3219 1379 3274 1434 in
3336 1389 3616 1450 peccatum

2037 1471 2357 1543 peccatique
2385 1480 2688 1527 auctorem.
2710 1471 2993 1541 Cupiditas
3023 1488 3152 1527 vero
3182 1473 3251 1528 ad
3285 1486 3474 1528 verum
3497 1487 3619 1543 ger-

2037 1584 2372 1638 manumque
2401 1568 2605 1623 bonum
2657 1571 2944 1634 translata,
2981 1568 3047 1624 ad
3103 1578 3371 1640 praecepta
3404 1568 3622 1623 Domini

2037 1659 2394 1715 custodienda
2428 1659 2586 1714 nobis
2644 1658 2882 1729 adjutrix
2925 1659 3036 1714 ﬁat.
3085 1658 3211 1714 Haec
3266 1659 3618 1720 documenta,

2038 1751 2242 1815 dilecti,
2273 1753 2505 1820 primum
2537 1751 2758 1821 quidem
2787 1765 2814 1804 a
2850 1750 3153 1822 prophetis.
3191 1749 3388 1806 deinde
3416 1765 3447 1804 a
3483 1765 3622 1818 prze-
3671 1738 3675 1744 ’

349 1849 465 1903 σθω
493 1850 631 1917 πρὸς
664 1849 897 1918 τήρησιν
927 1845 1028 1916 τῆς
1062 1844 1415 1914 Δεσποπικῆς
1461 1842 1704 1912 ἐντολῆς.
1733 1842 1931 1896 Τοιαύ-

2041 1844 2316 1899 stantibus
2364 1842 2572 1898 Christi
2627 1843 2913 1913 discipulis
2973 1850 3028 1897 et
3071 1842 3444 1913 evangelistis,
3503 1851 3618 1894 tum

345 1955 446 2002 τας
473 1935 566 1991 οὖν
595 1938 812 2008 ἔχοντες
841 1935 1241 2007 παραγγελίας,
1268 1935 1569 2002 ἀγαπητοὶ,
1601 1931 1692 1986 διὰ
1722 1949 1935 2004 προφη-

347 2029 458 2084 τῶν
485 2032 586 2098 μὲν
637 2031 874 2100 πρῶτον,
911 2029 1101 2083 ἔπειτα
1151 2026 1242 2081 διὰ
1273 2027 1383 2080 τῶν
1425 2025 1646 2096 ὑψηλῶν
1671 2025 1766 2079 τοῦ
1799 2027 1937 2095 Χρι-

351 2122 480 2176 στοῦ
520 2123 776 2194 μαθητῶν
803 2124 898 2175 καί
930 2119 1359 2189 εύαγγελιστῶν,
1394 2119 1488 2172 καὶ
1511 2117 1600 2171 διὰ
1628 2117 1731 2170 τῶν
1767 2107 1936 2171 Πατέ-

353 2232 466 2286 ρων
492 2215 551 2267 δὲ
587 2215 725 2284 μετά
743 2213 914 2268 ταῦτα
944 2215 1036 2266 καὶ
1080 2213 1241 2286 ιερῶν
1267 2212 1608 2266 διδασκάλων
1640 2209 1936 2280 γινομένας

351 2307 433 2368 είς
457 2305 630 2375 ἡμᾶς,
662 2303 860 2373 μᾶλλον
887 2303 943 2355 δὲ
965 2302 1032 2356 δι’
1067 2302 1186 2366 ἐνὸς
1227 2304 1320 2356 καὶ.
1346 2303 1443 2355 τοῦ
1483 2301 1649 2355 αὑτοῦ
1682 2300 1936 2370 Πνεῦμα-

349 2412 446 2459 τος
474 2393 813 2464 λαλουμένοις
850 2393 961 2458 ἀεὶ,
992 2393 1088 2446 καὶ
1131 2393 1484 2462 πολυτρόπως
1514 2391 1933 2461 κηρυσσομένας

351 2489 413 2540 δν
433 2487 590 2556 ημῖν,
609 2485 683 2554 μὴ
714 2484 1164 2555 καταφρονῶμεν,
1196 2484 1328 2555 μηδὲ
1359 2483 1617 2556 ῥᾳθύμως
1640 2483 1736 2536 καὶ
1764 2483 1934 2552 ἐκμε-

236 2581 239 2583 ’
351 2577 486 2642 λῶς,
517 2576 794 2646 ἐπιμελῶς
819 2576 876 2629 δὲ
907 2576 1006 2647 τὴν
1047 2560 1244 2646 πρᾶξιν
1263 2577 1364 2630 καὶ
1397 2573 1702 2637 σπουδαίως
1733 2571 1932 2644 μετίω-

357 2687 459 2738 μεν
485 2671 582 2740 τῆς
615 2670 841 2740 ἀρετῆς,
877 2668 1273 2741 ὲλεημοσύναις
1312 2668 1414 2738 μὲν
1462 2669 1561 2723 καὶ
1613 2668 1793 2721 πίστει
1832 2665 1936 2718 πά-

355 2774 456 2828 σης
487 2755 761 2826 ἁμαρτίας
808 2753 1338 2824 ἀποκαθαιρόμενοι,
1391 2752 1582 2826 ἀγάπῃ
1647 2753 1706 2806 δὲ
1751 2751 1933 2821 τελείᾳ

354 2853 451 2903 καί
482 2846 958 2920 ταπεινοφροσύνῃ
977 2845 1168 2916 ἀληθεῖ
1200 2832 1404 2910 παντὸς
1433 2844 1707 2916 μολυσμοῦ
1735 2846 1934 2916 σαρκὸς

352 2943 446 2996 καὶ
505 2941 817 3012 πνεύματος
867 2936 1336 3010 ἁποδιυλιζόμενοι
1361 2954 1379 2969 ο
1423 2939 1513 2990 ’ίνα
1557 2937 1702 2991 κατὰ
1734 2936 1842 2990 πᾶν
1875 2935 1937 2988 τὸ

350 3033 566 3106 θέλημα
617 3032 712 3087 τοῦ
769 3031 906 3086 Θεοῦ
943 3032 1462 3103 περιπατήσαντες,
1511 3031 1656 3095 ἄξιοι
1692 3032 1792 3100 τῆς
1839 3027 1934 3083 τοῦ

349 3126 680 3198 ἐπουρανίου
713 3125 928 3197 Πατρδς
959 3123 1237 3195 βασιλείας
1260 3128 1318 3179 ὲν
1341 3123 1564 3196 Χριστῷ
1602 3122 1779 3197 Ἰησοῦ
1807 3122 1939 3177 ἀνα-

352 3219 633 3290 φανῶμεν.
689 3217 1054 3288 Ἀποθώμεθα
1095 3216 1384 3287 τοιγαροῦν
1433 3220 1540 3272 πᾶν
1592 3217 1785 3282 πάθος,
1838 3216 1936 3270 ’καὶ

353 3313 535 3366 πάντα
569 3309 834 3381 πονηρίας
878 3307 1310 3378 ἀποτριψώμεθα
1340 3307 1622 3377 λογισμὸν,
1649 3307 1737 3361 ἵνα
1758 3306 1935 3360 καθα-

360 3403 446 3472 ροὶ
508 3399 589 3470 τῷ
649 3398 1029 3470 καθαρωτάτῳ
1101 3400 1536 3469 προσενεχθῆναι
1594 3398 1932 3469 δυνηθῶμεν.

370 3488 830 3563 Ἀπρῤιψὼμεθα
864 3489 1311 3561 γαστριμαργίας
1345 3490 1516 3552 πάθος
1557 3488 1824 3559 ὀλέθριον,
1862 3489 1939 3554 ὼς

361 3583 545 3651 πάσης
569 3581 843 3652 ἀλλότριον
864 3583 1081 3652 ἀρετῆς,
1097 3582 1194 3635 καὶ
1221 3581 1478 3646 παντοίας
1504 3582 1822 3653 γεννητικὸν
1846 3599 1944 3634 κα·

363 3673 489 3736 κίας
512 3689 524 3704 ’
561 3672 678 3726 ἀντ’
702 3673 866 3743 αὐτῆς
887 3673 944 3727 δὲ
974 3673 1071 3746 τὴν
1101 3673 1483 3744 κοσμιωτάτην
1513 3673 1842 3744 ἐγκράτειαν
1866 3672 1944 3738 ῶς

361 3765 604 3821 διπλοΐδα
630 3765 1004 3837 περιθὼμεθα,
1053 3765 1152 3837 τὴν
1187 3765 1295 3818 τῶν
1321 3765 1571 3835 ἀγγέλων
1621 3764 1940 3835 σύντροφον,

359 3859 461 3930 τὴν
491 3857 603 3912 τῶν
628 3858 803 3927 ἁγίων
836 3857 1130 3928 σύσκηνον,
1159 3857 1258 3927 τὴν
1283 3857 1383 3925 τῆς
1423 3856 1537 3909 ἀνω
1578 3855 1944 3926 τερπνότητος

329 3951 621 4023 ,πρόξενον
647 3952 740 4006 καὶ
781 3951 1013 4022 τρυφῆς.
1053 3950 1285 4022 Πορνεία
1327 3948 1385 4000 δὲ
1418 3947 1554 4020 μηδὲ
1584 3946 1943 4018 ὀνομαζέσθω

354 4045 415 4098 ὲν
447 4045 604 4114 ἡμῖν,
641 4035 707 4095 οὗ
729 4043 890 4112 μόνον
919 4041 1096 4112 quam?
1119 4039 1406 4112 ἐνέργειαν
1436 4038 1533 4094 καὶ
1561 4041 1784 4111 πρᾶξιν,
1807 4037 1944 4094 ἀλλά

361 4133 499 4204 μηδὲ
536 4135 827 4203 πορνικαϊς
878 4131 1205 4200 φαντασίαις
1247 4130 1665 4203 ρυπαινώμεθα.
1699 4130 1858 4204 [Idan
1885 4131 1945 4187 δὲ

362 4228 581 4296 μηχανῇ
604 4227 698 4278 καὶ
715 4225 942 4297 σπουδῇ,
977 4225 1130 4296 πάσῃ
1157 4224 1630 4299 ταπεινοφροσύνῃ
1661 4227 1756 4279 καὶ
1779 4241 1943 4298 προσο

361 4317 496 4386 ευχῇ
556 4314 654 4386 τὴν
726 4315 902 4386 κακὴν
946 4315 1106 4385 ῥίζαν
1157 4314 1529 4388 προθέλυμνον
1583 4317 1939 4389 ἐκτίλλωμεν,

362 4405 463 4476 τὴν
489 4407 712 4478 θολεράν
754 4410 967 4478 πηγὴν,
1011 4409 1073 4462 τὸ
1100 4408 1198 4478 τῆς
1220 4409 1414 4479 ἡδονῆς
1454 4409 1823 4480 ἐμπύρευμα,
1882 4411 1944 4464 τὸ

2036 1949 2167 1989 vero
2205 1952 2236 1989 a
2270 1934 2544 1997 Patribus,
2592 1933 2710 1988 sive
2769 1933 2977 1990 sanctis
3003 1933 3320 1989 doctoribus
3370 1943 3614 2002 accepta,

2036 2028 2148 2082 imo
2174 2043 2269 2097 per
2296 2043 2464 2082 unum
2494 2035 2550 2082 ct
2578 2028 2830 2082 euttidem
2861 2027 3124 2098 Spiritum
3148 2027 3372 2090 dictata,
3410 2027 3608 2080 variis-

2035 2135 2143 2190 que
2172 2120 2349 2173 mndis
2377 2119 2690 2188 praedicata,
2729 2135 2797 2174 ne
2829 2129 3265 2186 contemnamus,
3301 2134 3401 2176 nec
3435 2119 3621 2189 segni-

2037 2220 2117 2267 ter
2147 2212 2416 2282 etignave
2451 2227 2836 2282 exsequamur,
2881 2211 2974 2267 sed
3023 2211 3224 2267 acriter
3267 2220 3324 2266 et
3375 2216 3621 2268 studiose

2034 2305 2254 2360 virtutis
2287 2318 2427 2374 opus
2449 2319 2881 2377 persequamur;
2916 2312 2976 2359 ut
3007 2303 3342 2376 benignitate
3374 2305 3428 2359 in
3456 2320 3621 2374 egen-

2036 2403 2141 2460 tes,
2189 2394 2400 2466 ﬁdeque
2431 2411 2463 2451 a
2498 2398 2735 2468 peccatis
2769 2395 2994 2466 expiati,
3042 2395 3312 2451 charitate
3345 2395 3612 2467 perfecta,

2031 2495 2092 2542 et
2122 2485 2493 2542 submissione
2525 2487 2762 2553 sincera,
2802 2488 2872 2543 ah
2899 2487 3154 2543 omnibus
3195 2488 3367 2542 animi
3411 2498 3467 2543 et
3494 2502 3622 2542 cor-

2034 2577 2189 2649 poris
2217 2578 2646 2649 inquinamentis
2694 2577 2966 2646 del'accati,
3023 2581 3323 2636 secundum
3378 2581 3469 2636 Dei
3526 2595 3624 2634 vo-

2036 2667 2298 2724 luntatem
2349 2671 2734 2734 ambulantes,
2800 2686 2968 2743 regno
3039 2673 3277 2743 supremi
3336 2671 3511 2727 Patris
3565 2671 3623 2726 in

2034 2760 2258 2816 Christo
2285 2761 2414 2816 Jesu
2466 2762 2616 2832 digni
2651 2765 2969 2819 habeamur.
3003 2761 3206 2820 Omnes
3263 2777 3395 2832 ergo
3452 2765 3620 2818 animi

2036 2851 2368 2907 vitiositates
2398 2860 2457 2907 et
2477 2853 2700 2909 malitiae
2733 2854 2900 2910 ﬁbras
2928 2853 3217 2921 clidamus,
3249 2854 3327 2910 uti
3367 2856 3523 2924 puris
3556 2857 3624 2908 ad

2037 2942 2395 3013 purissimum
2452 2945 2616 3001 nobis
2675 2954 2858 3011 pateat
2923 2961 3202 3005 accessus.
3253 2947 3622 3002 Perniciosan.

2039 3037 2253 3093 ventris
2289 3036 2612 3108 ingluviem,
2643 3039 2812 3094 Veluli
2859 3049 3062 3110 pestem
3095 3040 3316 3095 virtutis
3356 3049 3412 3094 et
3442 3040 3625 3096 omni»

2043 3129 2254 3185 fontem
2291 3129 2612 3201 impietatis.
2666 3131 2857 3202 procul
2906 3132 3209 3188 habeamus
3260 3130 3453 3188 :illius
3498 3130 3623 3186 loco

2044 3226 2460 3292 temperantiam
2510 3221 2680 3278 veluti
2727 3222 3022 3293 diploidem
3058 3223 3384 3289 induamus;
3419 3230 3625 3290 tempe-

2043 3317 2301 3380 rantiam,
2336 3314 2584 3387 inquam,
2627 3315 2914 3373 beatarum
2948 3316 3219 3371 mentium
3249 3314 3482 3380 sociam,
3509 3330 3624 3372 cte-

2040 3409 2200 3465 litum
2240 3410 2708 3473 contubernalem,
2738 3409 3154 3478 cmlestiumqne
3204 3408 3524 3463 deliciarum
3558 3424 3625 3462 ac

2046 3501 2388 3569 voluptatum
2440 3501 2872 3556 conciliatricem
2917 3495 2994 3554 'ac
3049 3499 3266 3571 pignus.
3313 3498 3627 3555 Fornicatio

2046 3603 2228 3649 autem
2258 3607 2327 3647 ne
2356 3592 2667 3648 nominetur
2692 3591 2914 3663 quidem
2936 3591 2994 3646 in
3018 3590 3197 3656 nobis,
3225 3600 3284 3646 ut
3309 3607 3416 3646 non
3448 3591 3624 3646 solum

2045 3699 2208 3754 opere
2242 3695 2296 3738 et
2327 3681 2496 3749 laeto,
2536 3681 2632 3738 sed
2667 3698 2736 3738 ne
2768 3681 3160 3754 cogitationum
3193 3680 3415 3750 quidem
3452 3681 3628 3750 impu-

2048 3791 2236 3830 rarum
2266 3774 2528 3831 monstris
2573 3774 2926 3845 inquinemur
2957 3773 3022 3828 ".
3053 3771 3210 3828 Totis
3242 3773 3469 3844 proinde
3495 3774 3627 3825 viri-

2046 3867 2174 3930 bus,
2208 3867 2470 3938 omnique
2501 3866 2766 3931 connixu,
2797 3875 2853 3922 et
2883 3879 3098 3921 summa
3125 3863 3292 3920 animi
3317 3864 3629 3934 depressio-

2047 3975 2138 4022 ne,
2165 3959 2528 4030 precibusque
2541 3959 2808 4015 elementa
2831 3958 3060 4013 luxuria:
3078 3958 3293 4029 penitps
3311 3957 3623 4022 eradamus,

2049 4066 2436 4123 cmuosamque
2460 4051 2788 4123 impuritatis
2811 4052 3225 4122 seaturigiuem,
3255 4061 3311 4106 et
3333 4050 3628 4122 voluptatis

2045 4143 2253 4211 locum,
2291 4145 2727 4216 intemperantiae
2751 4142 3169 4208 suscitabulum,
3204 4142 3408 4199 idolum
3443 4144 3627 4199 cordis

2045 4235 2504 4290 obscenissimnm
2539 4246 2850 4292 evertamus
2871 4245 2968 4291 aut
3012 4236 3342 4291 minuamus.
3367 4235 3460 4290 Sic
3477 4236 3623 4290 enim

2045 4325 2100 4382 in
2144 4327 2303 4384 nobis
2331 4328 2682 4384 continentiae
2709 4330 2879 4385 decus
2907 4328 3232 4396 elliorescet,
3263 4339 3626 4397 sanctumque

2044 4427 2102 4474 et
2138 4419 2382 4474 divinum
2433 4419 2735 4491 spiritalem
2791 4437 3056 4491 sponsum
3107 4423 3176 4476 ad
3225 4437 3327 4477 nos
3369 4422 3458 4491 pie
3495 4437 3624 4476 san-

364 4496 466 4564 τῆς
493 4497 788 4562 ἀκολασίας
817 4498 1091 4571 ζώπυρον,
1126 4501 1187 4552 τὸ
1207 4499 1466 4569 πορνικὸν
1499 4501 1597 4570 τῆς
1620 4499 1846 4570 καρδίας
1866 4498 1938 4552 εῖ-

2051 4523 2250 4581 cteque
2279 4511 2642 4566 attrahemus.
2673 4513 2973 4568 Avaritiam
3019 4521 3074 4568 et
3119 4513 3360 4569 studium
3393 4513 3628 4568 habendi

362 4592 533 4647 δωλον
559 4592 776 4664 πρῶτον
798 4594 1132 4665 ὲξανὲλωμεν
1162 4597 1197 4670 ἢ
1233 4595 1581 4666 μειὼσωμεν.
1625 4594 1785 4650 Οὕτω
1832 4595 1945 4669 γὰρ

357 4686 500 4758 ἡμῖν
528 4684 590 4739 τὸ
630 4685 776 4756 ἱερὸν
824 4687 922 4755 τῆς
967 4687 1324 4760 σωφροσύνης
1373 4688 1675 4760 ὲπανθήσει
1725 4688 1945 4755 κάλλος,

353 4779 504 4833 οὕτω
534 4777 631 4832 καὶ
659 4778 753 4831 τὸν
777 4779 966 4847 νοητὸν
1005 4779 1252 4849 Νυμφίον
1285 4779 1380 4832 καὶ
1409 4781 1564 4850 ἆγιον
1591 4781 1944 4852 ἀγιοπρεπῶς

353 4871 574 4932 ἑαυτοῖς
603 4867 1048 4939 ὲπισπασὸμεθα.
1101 4869 1475 4940 Φιλαργυρίαν
1502 4871 1560 4924 δὲ
1597 4871 1692 4925 καὶ
1751 4871 1944 4926 πλεον-

353 4965 502 5030 εξίαν
533 4965 738 5027 πᾶσαν,
768 4961 846 5026 ὡς
873 4961 1312 5033 είδωλολατρείαν
1343 4963 1946 5034 ἀποφύγωμεν.Ταυτὸν

357 5057 462 5126 γὰρ
492 5059 636 5112 κατά
655 5057 750 5111 τὸν
775 5055 870 5111 τοῦ
905 5056 1230 5110 Ἀποττύλου
1257 5057 1468 5125 πέφυκε
1496 5057 1678 5125 νόμον,
1712 5057 1868 5129 εἴπερ
1893 5057 1944 5109 oi

359 5146 560 5215 ταύτης
591 5148 914 5219 ὀρεγόμενοι
935 5146 1401 5217 ἀπεπλανήθησαν
1431 5147 1538 5201 ἀπὸ
1557 5150 1656 5218 τῆς
1686 5149 1944 5210 πίστεως’

363 5233 424 5284 οὐ
451 5235 607 5303 μόνον
636 5236 716 5302 δὲ,
756 5237 894 5290 ἀλλὰ
947 5237 1043 5290 καὶ
1072 5235 1298 5298 ἑαυτοὺς
1341 5236 1702 5306 περιέπειραν
1729 5234 1946 5298 ὀδύναις

369 5322 609 5386 πολλαῖς.
639 5327 810 5399 Εἴπερ
837 5327 928 5381 οὖν
958 5329 1050 5382 καὶ
1084 5327 1186 5396 τῆς
1220 5327 1489 5398 σωτηρίου
1519 5325 1754 5390 πίστεως
1786 5325 1948 5381 ἀλλο-

367 5417 534 5483 τριοῐ,
589 5418 683 5472 καὶ
729 5420 1070 5475 πολυώδυνον
1120 5423 1251 5492 ἡμῖν
1284 5421 1576 5492 καθίστησι
1623 5421 1724 5492 τὴν
1779 5420 1946 5492 ζωὴν,

2042 4619 2152 4660 non
2197 4618 2357 4658 secus
2402 4613 2566 4674 atque
2612 4605 2976 4660 idololatriam
3022 4604 3360 4677 refugiamus
3388 4605 3454 4658 ⁸³.
3482 4603 3628 4660 Idem
3729 4624 3732 4628 '

2042 4695 2189 4750 enim
2222 4703 2374 4760 sunt,
2405 4704 2464 4748 ut
2487 4695 2570 4750 lex
2605 4696 2854 4766 Apostoli
2879 4696 3060 4760 docet,
3095 4696 3314 4766 quando
3335 4697 3627 4767 pecuniam

2045 4797 2367 4859 appetentes
2409 4805 2439 4844 a
2472 4789 2577 4844 ﬁde
2629 4793 2977 4855 aberrarunt,
3022 4790 3343 4859 seipsosque
3383 4791 3630 4844 inserue-

2043 4889 2173 4934 runt
2197 4879 2479 4937 doloribus
2511 4881 2696 4936 multis
2731 4882 2791 4937 “.
2827 4882 2963 4936 Cum
2995 4897 3125 4951 ergo
3166 4881 3326 4935 nobis
3356 4881 3516 4935 ﬁdem
3546 4896 3633 4936 sa-

2051 4969 2282 5026 lutarem
2314 4971 2487 5037 tollat,
2531 4973 2844 5042 multasque
2884 4974 3008 5027 vitae
3035 4973 3378 5028 calamitates
3416 4973 3627 5042 pariat;

2051 5061 2327 5128 quomodo
2370 5075 2478 5115 non
2508 5062 2657 5116 omni
2680 5077 2783 5132 ope
2807 5063 2910 5117 erit
2941 5063 3218 5132 fugienda,
3251 5073 3306 5115 et
3339 5078 3633 5116 exsecran-

2051 5151 2121 5205 da
2166 5151 2355 5220 ei-qui
2387 5153 2522 5208 nolit
2569 5156 2834 5223 cauponis
2871 5169 3023 5208 ntere
3072 5154 3310 5206 animant
3358 5154 3634 5208 vendere?

2052 5242 2395 5312 Quapropter
2428 5245 2474 5300 si
2526 5245 2876 5301 conversatio
2916 5253 3102 5300 nostra
3155 5246 3209 5299 in
3261 5244 3417 5299 cmlis
3449 5254 3554 5310 est,
3586 5246 3634 5299 si

2049 5336 2247 5390 cmlum
2277 5337 2605 5406 cogitamus,
2638 5348 2801 5409 atque
2839 5337 2906 5392 ad
2943 5337 3110 5391 vitam
3153 5337 3517 5414 immortalem
3567 5351 3634 5392 ac

2051 5425 2285 5481 salutem
2337 5429 2725 5497 sempiternam
2778 5429 3089 5500 aspiramus
3141 5427 3208 5494 ⁸⁵,
3246 5429 3512 5483 habentes
3551 5431 3635 5481 ri-

369 5507 490 5570 πῶς
519 5509 638 5578 οὐχὶ
683 5514 917 5580 φευκτέα
971 5515 1175 5584 μᾶλλον
1235 5514 1492 5568 ἁπάντων
1545 5514 1641 5577 καὶ⁴
1684 5514 1938 5587 βδελυκτὴ

2053 5526 2201 5571 ctum
2241 5527 2296 5572 et
2337 5520 2624 5588 amictum,
2669 5521 2754 5577 his
2788 5521 3030 5576 contenti
3060 5519 3235 5576 simus
3265 5520 3329 5573 ³⁸.
3366 5517 3458 5574 Sic
3483 5521 3629 5574 enim

368 5598 450 5672 τῷ
479 5615 542 5671 γε
595 5600 672 5673 μὴ
710 5605 887 5676 πάντη
917 5604 1206 5679 καπηλικῷ
1230 5607 1330 5678 τὴν
1379 5608 1600 5679 ψυχήνς
1629 5607 1692 5661 Ol
1727 5607 1859 5678 γοῦν
1893 5610 1938 5663 τί

2059 5607 2228 5678 probe
2265 5607 2566 5666 instructos
2613 5609 2862 5678 expedite
2900 5611 3133 5665 arduum
3184 5608 3405 5664 virtutis
3433 5607 3632 5680 clivum

441 5779 484 5816 ⁸⁸
517 5779 720 5855 Ephes.
755 5798 809 5847 ν,
843 5783 898 5838 3.
975 5783 1018 5815 ¹¹
1044 5785 1228 5844 Colos.
1260 5803 1347 5855 ιιι,
1369 5787 1434 5856 5;
1461 5785 1731 5858 Ephes.v,
1753 5787 1808 5845 5.
1857 5789 1900 5825 "
1927 5787 1972 5844 ll
2006 5787 2148 5846 Tizu.
2171 5805 2254 5858 ιιι,
2283 5790 2405 5849 2-8.
2470 5792 2514 5826 ¹⁶
2542 5792 2776 5867 Philipp.
2797 5792 3104 5865 ttt,20,2l.
3181 5791 3227 5824 "
3256 5790 3278 5847 l
3313 5789 3457 5850 Tim.
3477 5809 3552 5863 rt,
3577 5789 3634 5849 8.

733 5877 1011 5941 PATROL.
1037 5881 1152 5942 ϐιι.
1192 5881 1309 5944 CV.
2084 5888 2175 5897 "'"
3208 5886 3281 5947 18
