4150 6298
453 330 564 396 559

531 439 702 494 Tanta
747 454 876 496 vero
920 439 1092 510 pietas
1145 440 1405 510 populum
1463 439 1783 500 ἰιιοιιεειιιιιι,
1847 435 1926 488 uti
1979 446 2034 488 et
2065 444 2106 499 Α

459 532 666 597 tcrelri,
696 531 749 586 in
781 548 892 602 quo
922 533 1156 600 jaz-ehat,
1189 531 1490 603 fragmenta
1527 532 1881 599 reliquiarum
1913 527 2036 580 loro

459 625 781 680 distraxerit
809 665 824 690 ,
856 634 910 679 et
945 627 1123 680 velum
1156 641 1265 693 quo
1317 633 1492 678 tectus
1543 634 1656 678 erat
1681 663 1696 688 ,
1759 622 1813 676 in
1855 629 2036 691 partes

460 716 607 770 mille
631 716 990 786 discerptum,
1033 717 1176 769 sacri
1213 717 1460 785 pignoris
1503 716 1622 768 loco
1657 700 1945 783 inter'pios
1968 711 2038 766 sit

458 809 718 862 divisum.
761 809 898 862 Cum
931 823 1064 878 ergo
1095 823 1297 877 corpus
1329 822 1472 876 aegre
1501 822 1530 860 e
1562 805 1818 859 manibus
1850 801 2036 874 populi

455 882 605 955 esset
631 910 903 970 ereptum,
944 900 1010 954 ad
1061 901 1298 953 nobilem
1341 899 1522 968 magni
1578 895 1838 967 martyris
1871 893 2038 947 Mena:

458 993 629 1048 tedem
666 993 950 1062 pervenit;
982 992 1167 1062 ibique
1236 992 1555 1061 aliquandiu
1586 988 1911 1059 depositum,
1945 1003 2037 1040 sa-

455 1086 570 1140 (‘ris
610 1099 830 1153 quoque
877 1084 1096 1156 hymnis
1129 1084 1452 1144 honorihce,
1496 1090 1554 1134 ut
1606 1095 1703 1149 par
1757 1089 1898 1142 erat,
1953 1086 2038 1132 est

456 1184 764 1246 exceptum.
793 1175 847 1230 lu
879 1191 988 1246 quo
1021 1176 1137 1230 loco
1163 1175 1304 1230 bina:
1350 1174 1565 1228 femina:
1593 1189 1624 1227 a
1677 1171 1837 1226 malis
1875 1185 2041 1226 occu-

457 1281 600 1340 pata:
633 1270 999 1336 daemonibus,
1059 1269 1508 1338 horrendumque
1562 1268 1870 1338 exagitatae,
1922 1265 2040 1320 solo

460 1363 662 1418 tumbae
685 1374 968 1426 contactu,
991 1373 1270 1433 spectante
1292 1361 1552 1417 universo
1581 1371 1748 1425 cmtn,
1775 1359 2037 1423 liberatae,

459 1456 832 1512 certissimam
862 1458 1156 1512 sanitatem
1185 1463 1315 1510 sunt
1337 1465 1648 1510 consecuta:
1673 1470 1688 1519 ;
1721 1467 1843 1522 quae
1868 1460 1922 1506 et
1956 1450 2042 1506 in-

458 1561 648 1620 gentes
679 1547 791 1603 Deo
823 1563 1018 1619 magna
1053 1563 1188 1604 voce
1221 1548 1429 1617 gratias
1458 1546 1860 1618 persolverunt.
1896 1542 2036 1598 llinc

457 1655 590 1695 vero
640 1655 766 1696 cum
815 1640 1119 1696 familiares
1184 1642 1423 1695 nobilem
1485 1640 1631 1694 hunc
1683 1639 2038 1710 reliquiarum

459 1729 783 1785 thesaurum
834 1731 957 1784 navi
1000 1731 1415 1800 imposuissent,
1469 1743 1729 1799 mareque
1755 1728 1867 1797 jam
1913 1739 2041 1782 ante

459 1820 812 1874 vehementer
842 1820 1214 1888 intumuisset,
1248 1833 1306 1876 et
1337 1821 1576 1875 violenta
1629 1818 1752 1874 Noti
1803 1819 2040 1889 procella

458 1911 661 1967 ﬂuetus
719 1911 1055 1968 decuma-tos
1083 1913 1319 1978 tolleret,
1355 1913 1445 1982 qui
1500 1912 1900 1983 navigationem
1939 1913 2043 1966 im-

461 2004 699 2074 pedituri
727 2005 1068 2073 viderentur,
1111 2006 1276 2062 simul
1302 2021 1365 2062 ac
1388 2021 1545 2062 sacra
1580 2021 1708 2061 arca
1737 2021 1929 2060 navem
1957 2015 2042 2060 ate

461 2099 600 2168 tig‘t,
636 2097 822 2152 statim
850 2100 1050 2154 mirum
1086 2099 1219 2170 quid
1251 2109 1336 2154 est
1364 2098 1648 2154 Dominica
1690 2099 1898 2153 virtute
1958 2099 2040 2154 la-

460 2200 607 2244 etum
637 2205 652 2242 :
689 2204 813 2243 nam
846 2204 1047 2260 magno
1076 2190 1169 2244 illo
1193 2189 1437 2243 antistite
1477 2188 1766 2260 procellam
1797 2187 2044 2243 invisibi-

460 2278 586 2333 liter
611 2279 950 2350 increpante,
970 2279 1224 2336 ﬂuctibus
1246 2279 1444 2336 leuiter
1465 2277 1811 2345 cadentibus,
1833 2278 2044 2349 placida

463 2386 610 2426 mare
640 2373 884 2429 constitit
910 2388 1066 2428 aura.
1100 2373 1244 2445 Ergo
1266 2383 1552 2430 curatores
1583 2370 1797 2428 funeris
1823 2386 2046 2428 serena-

462 2477 579 2520 tum
610 2481 762 2522 mare
797 2467 1093 2523 Dominum
1119 2466 1562 2523 concelebrando
1603 2465 1907 2535 trajiciunt,
1962 2473 2046 2520 at-

459 2577 569 2631 que
601 2561 652 2616 in
684 2562 869 2618 nobile
911 2563 1173 2634 templum
1228 2562 1472 2619 caelestis
1523 2561 1734 2616 militiae
1777 2559 2045 2631 principis

460 2663 630 2724 atque
684 2653 1000 2724 archangeli
1054 2653 1443 2710 aediﬁcatorem
1480 2652 1628 2708 illius
1671 2650 1942 2724 lgnatium
1992 2663 2047 2707 et

461 2748 730 2803 cultorem
758 2748 1074 2819 deportant.
1129 2756 1296 2818 atque
1325 2748 1393 2802 ad
1421 2747 1702 2802 dexteram
1739 2743 1875 2800 aedis
1921 2758 2043 2814 par-

463 2850 571 2895 tem
620 2854 816 2912 magna
848 2855 975 2897 cum
1006 2842 1361 2896 veneratione
1399 2852 1713 2895 marmoreo
1763 2835 2044 2893 conditum

461 2931 674 2986 tumulo
704 2941 1002 3002 reponunt,
1029 2933 1342 2988 morborum
1380 2946 1578 3001 nempe
1618 2929 1898 2985 variorum
1931 2943 2046 2983 me—

461 3021 641 3077 dicam
672 3023 830 3094 quasi
860 3023 1154 3090 oﬂicittam,
1198 3026 1287 3081 ubi
1311 3033 1365 3080 et
1417 3025 1646 3096 spiritus
1696 3022 1883 3080 infesti
1934 3023 2048 3094 pel-

1599 319 1896 382 ΝΙΟΕΤίΕ
1935 316 2466 381 PAPHLAGONIS

3610 308 3717 378 560

2219 434 2375 488 Ἐπεὶ
2403 434 2657 488 τοσοῦτον
2688 434 2742 486 δὲ
2763 433 2824 488 τὸ
2846 433 2928 493 είς
2953 432 3118 486 αὐτὸν
3150 429 3312 495 σέϐας
3339 431 3579 502 ἀνῆπται
3601 435 3716 496 τοῖς

2136 527 2307 590 ὶαοῖς,
2334 526 2479 580 ὥστε
2510 527 2604 580 καὶ
2637 527 2703 579 τὰ
2749 527 2842 580 ἐπὶ
2893 525 2987 578 τοῦ
3033 525 3361 596 σκίμποδος.
3397 527 3454 579 ἐν
3486 518 3531 594 ᾧ
3584 543 3719 580 κατ-

2127 619 2317 672 ’ἐκειτο
2339 660 2352 681 ,
2384 619 2555 690 θράνη
2581 620 2700 672 ἀντὶ
2729 619 2996 690 λειψάνων
3027 619 3383 688 διηρπάσθαι,
3412 620 3505 674 καὶ
3530 619 3593 673 τὺ
3631 619 3718 674 ἐπ’

2138 713 2304 766 αὐτοῦ
2328 714 2383 766 δὲ
2416 715 2666 784 κείμενον
2698 713 2905 766 πέπλον
2935 712 3151 785 μυρίοις
3194 712 3721 784 καταδιαιρούμενον

2137 807 2446 876 τμήμασιν,
2481 807 2560 869 είς
2589 806 2867 876 ἁγιασμοῦ
2898 806 3071 877 δῶρον
3104 804 3588 877 καταμεμερίσθαι
3611 808 3722 869 τοῖς

2139 898 2374 958 πιστοίςο
2428 896 2585 966 μόγις
2611 892 2704 950 οὖν
2732 896 2854 951 τότε
2902 895 2963 952 τὸ
3003 895 3167 966 σῶμα
3204 895 3334 960 τοὺς
3385 895 3722 967 κρατοῦντας

2138 988 2425 1058 διαφυγὸν,
2455 988 2550 1043 καὶ
2579 991 2714 1061 πρὸς
2732 989 2810 1059 τῷ
2847 989 3072 1060 μεγάλῳ
3102 987 3216 1060 ναῷ
3238 989 3335 1044 τοῦ
3355 989 3724 1060 Μεγαλομάρι

2141 1098 2302 1151 τυρος
2333 1082 2681 1153 καταντῆσαν
2711 1082 2897 1152 Μηνᾶ,
2932 1082 3050 1136 ἐκεῖ
3080 1081 3147 1154 δὴ
3181 1081 3342 1136 πάλιν
3369 1082 3723 1136 κατατίθεταί

2139 1191 2200 1228 τε
2229 1173 2429 1245 βραχὺ,
2471 1175 2567 1228 καὶ
2593 1178 2691 1245 τῆς
2721 1177 2788 1228 ὲκ
2817 1173 2927 1227 τῶν
2950 1172 3162 1241 ὓμνων,
3194 1173 3271 1237 ὼς
3296 1173 3478 1245 θέμις,
3518 1176 3725 1246 τυγχά-

2140 1283 2221 1320 νει
2257 1265 2582 1330 δεξιώσεως.
2621 1265 2798 1319 Ὅπου
2835 1266 2931 1320 καὶ
2973 1265 3069 1320 δύο
3101 1267 3359 1334 γυναῖκες
3389 1264 3527 1334 ὁμοῦ
3558 1281 3725 1336 now;-

2144 1362 2258 1430 ροῖς
2288 1358 2601 1428 πνεύμασιν
2649 1357 2998 1428 ὀχλούμεναι,
3028 1355 3124 1412 και
3157 1357 3350 1419 δεινῶς
3377 1357 3723 1426 ἀναδρασσῶο

2145 1469 2326 1522 μεναι,
2383 1452 2460 1514 ὡς
2519 1452 2680 1524 μόνον
2743 1451 2986 1521 ἕψαυσαν
3043 1453 3111 1521 τῇ
3168 1449 3261 1503 τοῦ
3317 1449 3474 1518 ἁγίου
3539 1449 3724 1520 σορῷ,

2141 1544 2376 1599 ἐνώπιον
2402 1545 2606 1607 παντὸς
2630 1543 2725 1596 τοῦ
2763 1542 2894 1596 λαοῦ
2945 1543 3292 1612 κατέστησαν
3329 1541 3524 1608 ὑγιεῖς,
3561 1541 3727 1594 ἀναν-

2140 1636 2403 1707 τιρῤήτου
2432 1633 2694 1705 τυχοῦσαι
2745 1635 2844 1705 τῆς
2898 1636 3118 1699 ἰάσεως,
3169 1632 3265 1687 καὶ
3305 1632 3517 1704 μεγάλῃ
3570 1635 3722 1705 φωνῇ

2141 1731 2523 1800 δοξολογοῢσαι
2555 1731 2647 1786 τὸν
2681 1732 2835 1786 θεόν.
2878 1731 3161 1786 Ἐντεῦθεν
3189 1731 3298 1785 τῶν
3325 1731 3454 1803 περὶ
3477 1730 3641 1784 αὑτὸν
3666 1730 3722 1780 ἐν

2144 1825 2315 1896 πλοίῳ
2379 1825 2764 1894 καταθεμὲνων
2814 1824 2906 1877 τὸν
2945 1825 3240 1893 πολύτιμον
3271 1823 3582 1894 θησαυρὸν,
3625 1821 3718 1890 τῆς

2145 1915 2422 1988 θαλάσσης
2451 1917 2550 1985 μὲν
2579 1917 2700 1970 τότε
2731 1917 3170 1989 κορυφουμένης,
3201 1919 3259 1970 ὲν
3280 1917 3467 1987 ἀνέμῳ
3491 1915 3548 1969 δὲ
3568 1915 3722 1986 Νότῳ

2145 2007 2306 2079 βιαίῳ
2345 2009 2452 2062 τῶν
2477 2010 2739 2078 κυμάτων
2774 2012 2850 2073 εἰς
2871 2009 3002 2080 ille;
3035 2012 3339 2082 αἰρομένων
3358 2050 3373 2074 ,
3407 2011 3500 2064 καὶ
3520 2009 3728 2079 ἀπρόσ-

2147 2117 2259 2154 ιτον
2331 2101 2761 2155 ὑποδεικνύντων
2807 2102 2901 2154 τὸν
2954 2101 3142 2168 πλοῦν,
3179 2101 3255 2164 ὡς
3303 2101 3466 2170 μόνον
3523 2105 3557 2173 ἡ
3607 2101 3728 2156 θεία

2145 2193 2303 2265 σορὸς
2338 2195 2520 2265 ἐκείνη
2568 2194 2868 2264 ἐπιϐέϐηκε
2904 2194 3002 2262 τῆς
3038 2195 3187 2268 νηὸς,
3217 2190 3284 2266 ἦν
3315 2196 3447 2267 ὀρᾷν
3472 2195 3728 2267 παραυτά

2143 2286 2437 2358 γινομένην
2453 2287 2792 2357 Δεσποτικὴν
2817 2285 3289 2358 θαυματουργίαν.
3316 2287 3593 2357 Ἀοράτως
3617 2289 3740 2357 γὰρ·

2136 2381 2252 2459 ,ὑπὸ
2279 2377 2375 2434 τοῦ
2413 2379 2651 2451 μεγάλου
2691 2379 2990 2452 ἀρχιερέως
3035 2379 3139 2449 τῆς
3201 2381 3513 2450 καταιγίδος
3552 2381 3732 2434 ἐπιτι-

2147 2473 2434 2546 μωμένης,
2491 2473 2679 2527 ἵστατο
2729 2475 2828 2545 μὲν
2874 2475 2955 2539 εἰς
3001 2469 3236 2546 αὖρανή
3297 2473 3562 2538 θάλασσα,
3618 2473 3731 2527 τῶν

2144 2564 2412 2636 κυμάτων
2457 2565 2538 2619 δὲ.
2570 2565 3111 2637 κατασιγαζομένων,
3154 2568 3206 2619 oi
3229 2565 3324 2620 τοῦ
3354 2567 3515 2631 ἁγίου
3560 2565 3730 2634 θερα-

2145 2660 2345 2713 πευταὶ
2381 2661 2439 2710 ὲν
2475 2657 2686 2731 γαλήνῃ
2731 2657 3214 2728 διαπεραιούμενοι
3253 2658 3351 2712 καὶ
3391 2657 3726 2724 δοξάζοντες,

2144 2751 2240 2807 καὶ
2269 2749 2408 2822 πρὸς
2447 2749 2525 2821 τῷ
2563 2749 2694 2822 ἱερῷ
2729 2749 2824 2804 καὶ
2857 2749 3124 2820 παγκάλῳ
3154 2749 3247 2804 τοῦ
3285 2750 3729 2822 ἀρχιστρατήγου

2143 2842 2261 2915 ναῷ
2305 2842 2397 2895 τὸν
2433 2842 2779 2896 πιστότατον·
2813 2837 3103 2913 οἰκοδόμον
3133 2841 3346 2896 ἐκείνου
3404 2843 3502 2897 καὶ
3537 2842 3729 2914 λάτριν

2143 2930 2472 3006 ἀγαγόντες,
2524 2935 2661 3006 πρὸς
2707 2936 2822 2998 τοῖς
2867 2935 3061 3000 δεξιοῖς
3116 2933 3432 3005 σεδασμίως
3481 2935 3541 2987 ἐν
3589 2951 3729 3006 μαρ-

2148 3030 2354 3103 μαρίνῃ
2400 3028 2759 3084 κατατιθέασι
2811 3026 2977 3100 σορῷ,
3039 3027 3210 3084 νόσων
3253 3041 3313 3082 τε
3365 3029 3729 3084 παντοδαπῶν

463 3116 678 3182 luntur,
705 3117 998 3189 omnisque
1027 3117 1246 3189 generis
1277 3119 1408 3188 a‘gri
1441 3120 1538 3190 (ut
1590 3115 1918 3188 compendio
1957 3116 2043 3172 di-

2150 3123 2271 3187 ίατή
2282 3138 2416 3194 ριον,
2435 3120 2534 3175 καὶ
2549 3120 2877 3187 πνευμάτων
2893 3119 3148 3191 πονηρῶν
3166 3119 3475 3191 ἑλατήριον,
3491 3120 3590 3174 καὶ
3607 3137 3730 3174 συνο

463 3207 623 3276 cam)
658 3215 772 3263 tum
813 3208 1086 3278 corporis,
1119 3219 1233 3264 tum
1291 3209 1460 3264 animi
1512 3208 1741 3273 morbis,
1787 3221 1912 3262 cum
1957 3215 2042 3262 tu-

463 3300 614 3355 mulo
651 3301 1032 3368 admoventur,
1067 3310 1321 3373 patenter
1353 3313 1637 3357 curantur.

538 3395 617 3448 lta
641 3394 724 3447 vir
743 3391 840 3446 Dei
882 3393 935 3446 in
978 3395 1138 3448 terris
1163 3392 1352 3448 multis
1381 3392 1644 3447 aerumnis
1673 3389 2040 3453 conﬂictatus,

461 3495 517 3540 et
537 3495 796 3555 tanquam
818 3500 1010 3539 aurum
1037 3485 1091 3538 in
1116 3484 1336 3538 fornace
1356 3484 1636 3554 probatus,
1661 3491 1820 3552 atque
1848 3482 1920 3536 ita
1958 3481 2043 3536 di-

462 3592 602 3646 gnus
631 3576 740 3630 Deo
773 3576 1069 3643 exhibitus,
1089 3578 1365 3631 ctelestem
1400 3575 1780 3632 beatitudinem
1798 3582 1854 3630 et
1872 3574 2045 3630 hono-

466 3683 580 3726 rem
611 3669 666 3724 in
683 3671 937 3735 excelsis,
966 3685 1076 3740 quo
1099 3669 1356 3724 fruuntur
1381 3669 1918 3731 sancti.consecutus
1938 3677 2043 3724 est.

467 3761 646 3817 Stulte
669 3777 800 3817 vero
825 3770 1055 3830 egerunt
1078 3764 1318 3818 tenebrae
1338 3763 1517 3817 lumen
1550 3770 1842 3832 persecutae
1865 3799 1880 3826 ,
1899 3759 2045 3831 quod

466 3869 744 3926 nunquam
775 3855 1256 3925 apprehenderunt
1298 3856 1450 3908 :imo
1499 3862 1654 3908 tanto
1686 3854 1860 3923 magis
1921 3866 2049 3921 pro-

467 3949 693 4003 fuerunt
728 3946 1129 4018 persequendo,
1158 3956 1365 4017 quanto
1398 3947 1574 4016 magis
1604 3945 1738 4001 illud
1791 3960 1819 3998 ιι
1845 3958 1904 3997 se
1952 3957 2044 3996 ve-

465 4039 585 4094 xari
619 4045 967 4108 putaverunt.
1016 4035 1152 4091 Nam
1193 4038 1324 4090 dum
1373 4043 1831 4105 persequerentur
1859 4031 2044 4086 lumen

468 4130 595 4193 hoc,
626 4139 683 4184 ut
701 4139 922 4200 captum
959 4128 1372 4190 eoneulcarent,
1418 4138 1474 4183 et
1510 4125 1637 4181 inde
1689 4126 1767 4180 illi
1812 4124 2046 4178 insulta-

467 4231 612 4286 rent,
650 4220 826 4274 lueem
853 4217 1075 4289 quidem
1105 4233 1138 4274 a
1169 4225 1424 4289 se‘quam
1457 4215 1780 4285 longissime
1828 4211 2044 4282 repule-

465 4321 619 4376 runt,
640 4310 903 4380 illamque
936 4309 1023 4364 vel
1069 4309 1320 4365 nolentes
1361 4317 1512 4364 tanto
1550 4307 1776 4379 prepius
1829 4318 2046 4361 summo

464 4403 614 4459 bono
641 4403 1029 4468 admoverunt,
1069 4411 1275 4474 quanto
1299 4418 1358 4458 se
1390 4403 1566 4474 magis
1592 4415 1719 4458 cum
1768 4397 1913 4455 malo
1945 4412 2046 4452 ex-

463 4507 646 4552 tremo
675 4496 990 4552 deterrimis
1021 4500 1138 4554 suis
1160 4495 1408 4553 consiliis
1437 4495 1861 4566 conjunxerunt.

534 4586 680 4659 Ergo
703 4587 940 4658 lgnatius
989 4588 1188 4643 iterum
1226 4588 1539 4659 patriarcha
1600 4583 1868 4641 decennio
1909 4597 2049 4652 prat-

463 4682 606 4751 fuit;
639 4684 961 4739 tricenuium
992 4699 1140 4751 vero,
1175 4682 1450 4755 pauloque
1474 4678 1734 4748 amplius,
1792 4677 2045 4730 universe

462 4790 697 4844 magnus
735 4774 966 4829 antistes
993 4773 1195 4829 solium
1248 4771 1423 4830 tenuit
1455 4786 1472 4835 ;
1511 4782 1892 4838 annorumque
1947 4781 2046 4822 oc-

463 4867 669 4937 toginta
714 4867 768 4920 in
813 4881 944 4935 pace
990 4869 1056 4919 ad
1078 4880 1334 4937 magnum
1367 4864 1518 4916 illum
1547 4860 1854 4932 pontiﬁcem
1891 4859 2044 4915 Chri-

463 4967 609 5014 stum
648 4967 735 5013 est
763 4957 1063 5027 prolectus.

531 5050 708 5107 Porro
735 5060 872 5122 quot
901 5065 965 5104 ac
989 5049 1208 5118 quantis
1242 5047 1393 5102 illum
1425 5045 1566 5102 Deus
1600 5045 1771 5116 signis
1795 5059 1863 5099 ac
1910 5059 2041 5114 pro-

462 5141 627 5213 digiis
654 5141 962 5206 celebrarit,
1011 5139 1368 5199 etcelebrare
1394 5152 1607 5206 semper
1662 5137 1715 5190 in
1746 5137 1838 5192 illo
1895 5135 2038 5190 cele-

464 5234 658 5289 bratus
697 5232 958 5287 Dominus
988 5247 1097 5285 non
1134 5229 1369 5294 desinat,
1434 5243 1541 5283 non
1591 5228 1756 5295 hujus
1805 5228 2040 5284 instituti

462 5327 645 5396 operis
665 5333 772 5389 est,
805 5323 900 5378 sed
943 5324 1184 5377 historiae
1235 5330 1289 5375 et
1348 5320 1479 5391 justi
1517 5319 1810 5375 voluminis
1861 5320 2036 5376 labor.

462 5417 577 5488 Ego
616 5417 685 5471 de
710 5415 895 5469 multis
920 5428 1092 5483 pauca
1121 5411 1141 5483 (
1171 5427 1294 5466 nam
1329 5412 1540 5480 singula
1576 5411 1826 5481 persequi
1865 5411 2042 5466 inlini-

463 5517 578 5563 tum
618 5505 734 5574 sit),
765 5521 886 5576 qua:
919 5515 1097 5560 tamen
1149 5504 1240 5564 Dei
1297 5505 1528 5574 gratiam
1586 5515 1641 5558 et
1667 5504 1840 5575 ipsius
1879 5505 2036 5560 ﬁdem

460 5598 807 5656 mediocriter
844 5598 1140 5665 declarent,
1175 5596 1497 5667 compendio
1522 5611 1814 5666 exponam.

530 5779 675 5836 Puer
698 5778 968 5847 octennis,
998 5795 1276 5835 summum
1335 5779 1623 5846 novcnnis,
1666 5779 1856 5836 morbo
1916 5795 2035 5849 pcr-

2073 4508 2124 4568 D

2143 3213 2330 3286 τόμως
2363 3215 2559 3280 εἰπεῖν,
2591 3213 2864 3268 παντοίων
2895 3212 3084 3267 παθῶν
3119 3211 3300 3284 ψυχῆς
3328 3229 3389 3267 τε
3419 3214 3728 3286 καὶσῶμα-

2143 3322 2236 3369 τος
2268 3307 2381 3370 τοῖς
2416 3305 2729 3376 ἐγγίζουσιν
2761 3303 3139 3373 ἀλεξητήριον.

2220 3395 2410 3460 υΰτως
2430 3398 2458 3452 ὁ
2485 3398 2626 3467 ἱερὸς
2650 3395 2744 3450 τοῦ
2774 3393 2910 3448 Θεοῦ
2936 3394 3225 3463 ἄνθρωπος
3253 3391 3344 3447 διὰ
3376 3391 3588 3448 πολλῶν
3615 3391 3732 3447 θλί-

2146 3490 2294 3562 ψεων
2325 3493 2382 3544 ὲν
2429 3493 2498 3562 γῇ
2548 3488 2888 3562 πειρασθεὶς,
2944 3489 3038 3542 καὶ
3070 3487 3145 3550 ὡς
3183 3487 3388 3558 χρυσὸς
3433 3490 3492 3541 ἐν
3526 3503 3730 3558 χωνευ-

2145 3584 2322 3656 τηρίῳ
2358 3582 2732 3654 δοκιμασθεὶς,
2765 3583 2858 3635 καὶ
2892 3580 3042 3645 ἄξιος
3076 3578 3250 3643 οὕτως
3278 3578 3617 3650 ἀποδειχθεὶς
3633 3577 3726 3633 τοῦ

2098 3748 2101 3750 ἓ
2145 3677 2308 3742 Θεοῦ,
2346 3676 2449 3748 τῆς
2482 3673 2735 3748 οὐρανίου
2777 3674 3184 3745 μακαριότητος
3223 3672 3320 3726 καὶ
3363 3672 3461 3744 τῆς
3489 3675 3547 3726 ὲν
3585 3672 3726 3743 ὑψη-

2145 3769 2259 3835 λοῖς
2307 3770 2416 3824 τῶν
2466 3770 2637 3837 ἁγίων
2679 3767 2992 3839 κατηξιώθη
3028 3767 3214 3837 τιμῆς.
3280 3765 3623 3836 Ἐματαιώθη
3661 3764 3721 3816 δὲ

2148 3865 2181 3934 ή
2219 3862 2434 3923 σκοτία,
2469 3859 2709 3928 διώξασα
2744 3859 2842 3930 μὲν
2868 3859 2930 3912 τὸ
2963 3859 3102 3926 φῶς,
3138 3857 3199 3913 οὐ
3234 3855 3610 3911 καταλαῦοῢσα
3635 3853 3713 3907 δέ.

2147 3955 2402 4026 Τοσούτῳ
2445 3953 2502 4008 δὲ
2538 3951 2740 4023 μᾶλλον
2789 3951 3178 4023 εὐηργέτησεν,
3226 3949 3334 4018 ὅσῳ
3364 3947 3520 3999 πλέον
3559 3943 3712 4014 ᾠήθη

2147 4047 2358 4104 λυπεῖν.
2407 4046 2691 4100 Διὼκουσα
2727 4044 2858 4117 γὰρ,
2905 4045 2992 4098 ἵνα
3026 4043 3240 4114 πατήσῃ
3292 4042 3386 4094 καὶ
3435 4055 3717 4092 κατακαυ-

2147 4138 2636 4210 χήσηται,ςὲαυτῆς
2669 4135 2767 4207 μὲν
2801 4137 2863 4190 τὸ
2901 4136 3101 4207 φεῦγον
3129 4134 3438 4205 ὲμὰκρυνε,
3475 4147 3721 4202 προσεγ-

2148 4233 2300 4301 γίσαι
2335 4231 2392 4284 δὲ
2435 4231 2819 4303 παρεσκεύασε
2851 4231 2947 4284 καὶ
2983 4231 3058 4300 μὴ
3089 4227 3386 4299 βουλομένη
3424 4225 3500 4296 τῷ
3533 4222 3726 4295 ἀγαθῷ

2145 4320 2421 4388 τοσοῦτον,
2475 4321 2598 4374 ὅσον
2639 4321 2840 4392 ἑαυτὴν
2879 4320 2958 4391 τῷ
2997 4318 3154 4390 κακῷ
3201 4319 3292 4373 διὰ
3327 4318 3428 4390 τῆς
3476 4316 3729 4387 πολυμη-

2147 4414 2310 4484 χάνου
2341 4413 2707 4484 πραγγαλιᾶς
2729 4411 3210 4485 προσῳκειώσατο.

2219 4595 2362 4652 Δέκα
2423 4596 2525 4668 μὲν
2578 4595 2674 4651 οὖν
2727 4593 2824 4667 ἐτη
2883 4593 2943 4649 τὸ
2980 4594 3265 4665 δεύτερον,
3325 4592 3396 4645 τὰ
3450 4591 3630 4646 πάντα
3669 4588 3726 4643 δὲ

2130 4687 2440 4759 -τριάκοντα
2467 4688 2561 4742 καὶ
2593 4683 2788 4756 μικρόν
2816 4702 2868 4738 τι
2899 4683 3056 4754 πρὸς,
3085 4683 3115 4736 ὁ
3145 4683 3321 4753 μέγας
3364 4678 3720 4751 ἀρχιερατεύ-

2147 4793 2245 4841 σας
2294 4776 2576 4848 Ἰγνάτιος,
2618 4775 2976 4847 ὀγδοηκοστὸν
3004 4773 3060 4828 δὲ
3093 4774 3198 4844 ἢδη
3226 4770 3469 4842 γεγονὼς
3496 4771 3633 4832 ἔτος,
3662 4770 3719 4820 ἑν

2145 4870 2338 4943 εἰρήνῃ
2399 4870 2538 4942 πρὸς
2582 4868 2677 4922 τὸν
2728 4868 3019 4941 Ἀρχιερέα
3073 4866 3167 4922 τὸν
3213 4866 3392 4938 μέγαν
3446 4860 3714 4934 ἀνελήφθη

2144 4963 2188 5018 Χ
2200 4961 2400 5033 ριστόν.

2215 5055 2406 5118 "Dect;
2448 5053 2549 5124 μὲν
2578 5053 2672 5107 οὖν
2703 5054 2801 5107 καὶ
2828 5052 3037 5122 ἡλίκοις
3071 5048 3236 5104 αὑτὸν
3269 5046 3579 5118 τεραστίοις
3607 5045 3635 5098 ὁ
3665 5045 3723 5099 ἐν

2143 5146 2292 5216 αὐτῷ
2321 5145 2678 5216 δοξαζόμενος
2718 5144 2938 5211 ὲδόξασε
2969 5143 3194 5214 Κύριος,
3238 5140 3331 5194 καὶ
3369 5140 3451 5191 ἐτι
3481 5139 3538 5191 δὲ
3565 5136 3721 5202 δοξά-

2143 5233 2252 5300 ζων
2304 5235 2365 5288 οὐ
2418 5235 2798 5305 διαλιμπάνει,
2857 5232 3099 5304 ἱστορίας
3140 5230 3323 5300 ἔργον,
3385 5228 3482 5281 καὶ
3515 5227 3578 5280 οὐ
3625 5224 3721 5280 τοῦ

2143 5327 2408 5394 παρόντος
2449 5324 2516 5379 ἂν
2556 5325 2642 5396 εἴη
2691 5323 2995 5397 διηγεῖσθαι
3043 5319 3262 5392 καιροῦ.
3329 5317 3519 5385 Ὀλίγσ.
3555 5316 3616 5368 δὲ
3656 5316 3723 5367 ἐκ

2142 5418 2375 5482 πολλῶν,
2407 5419 2503 5471 καὶ
2530 5417 2630 5472 ὅσα
2651 5417 2750 5489 τὴν
2773 5414 2939 5470 αὐτοῦ
2975 5414 3077 5483 μὲν
3107 5413 3311 5473 πίστιν,
3342 5408 3442 5479 τὴν
3465 5407 3560 5461 τοῦ
3585 5403 3723 5460 Θεοῦ

2140 5511 2197 5564 δὲ
2233 5514 2290 5565 ἐν
2326 5509 2478 5581 αὐτῷ
2521 5509 2680 5582 χάριν
2724 5509 2963 5581 μετρίως
3005 5504 3408 5566 ὑποδείκνυσιν,
3443 5500 3724 5569 ἐπιτόμως

2143 5601 2579 5673 ὑπομνήσαντες,
2611 5601 2680 5655 τὰ
2715 5600 2860 5656 κατὰ
2889 5599 3056 5671 μέρος
3080 5596 3156 5660 ὡς
3184 5593 3418 5667 ἀριθμὸν
3449 5589 3722 5665 ὑπερϐαί-

2141 5709 2300 5746 νοντα
2330 5693 2678 5763 παρήσομεν.

2213 5783 2348 5847 Παῖς
2380 5783 2489 5855 γὰρ
2514 5784 2590 5846 ὡς
2618 5782 2765 5839 ὀκτὼ
2799 5780 2833 5853 ἢ
2866 5781 2961 5836 καὶ
2987 5778 3148 5836 ἐννέα
3173 5772 3458 5838 καθεστὼς
3485 5769 3718 5844 χρόνων,
