4134 6306
460 376 561 444 561
1529 376 1706 436 VITA
1733 377 1796 438 S.
1853 377 2080 438 IGNAT

2189 379 2297 443 (ΣΡ.
2328 382 2681 444 ARCHIEP.
3629 383 3737 451 562

463 491 736 564 πνεύματι
776 487 1064 551 ἀσθενείας
1118 484 1362 558 πληγεὶς,
1403 487 1496 539 καὶ
1529 486 1742 556 ἀθρόως
1783 485 2080 556 παρεθεὶς⁴

2185 492 2361 558 ulsus,
2399 510 2462 547 ac
2495 503 2642 550 totus
2671 507 2892 565 repente
2939 495 3165 561 fractus,
3201 512 3306 552 non
3336 495 3512 550 solum
3572 515 3732 555 usum

459 589 602 650 ὅλος,
629 585 691 638 οὐ
739 582 904 652 μόνον
939 579 1167 641 ἄναυδος
1198 578 1374 648 πάντη
1411 579 1504 632 καὶ
1533 579 1785 650 ἀνήκοος,
1818 577 1954 633 ἀλλά
1981 576 2047 649 δὴ

2183 586 2349 654 Lingua:
2374 595 2428 640 et
2464 588 2682 642 aurium
2716 589 2996 654 amiserat,
3039 589 3133 644 sed
3172 589 3435 644 membris
3478 590 3736 648 omnibus

459 680 554 734 καὶ
591 677 846 746 ἀκίνητος
881 671 1145 735 ὁλοτελῶς
1180 671 1441 739 γεγονὼς,
1490 671 1584 724 καὶ
1619 671 1726 724 ὑπὸ
1763 670 1871 725 τῶν
1902 671 2048 725 ἰδίων

2187 688 2370 747 aptus,
2394 694 2425 734 a
2460 679 2686 750 suisque
2714 691 2982 751 gcsmtns,
3010 680 3077 736 ad
3117 697 3463 738 communem
3510 685 3738 740 creden-

2157 773 2291 825 tium
2323 811 2340 838 ,
2393 787 2718 844 sacramque
2755 775 3100 828 curationum
3136 774 3432 843 ollicinam,
3460 776 3528 831 ad
3559 776 3738 833 sancti

2153 866 2454 938 (inquam)
2508 868 2683 924 Patris
2733 869 3000 923 tumulum
3061 869 3379 940 projicitur:
3434 880 3743 942 quartoque

2155 960 2244 1016 die
2268 960 2438 1016 sancti
2463 962 2667 1016 auxilio
2690 961 2970 1033 dignatus,
2997 962 3287 1018 confestim
3319 963 3435 1018 suis
3487 964 3744 1020 insistens

2157 1055 2403 1127 wstigiis
2444 1056 2796 1113 consurrexit
2833 1065 3144 1128 ;portaque
3177 1072 3276 1113 sua
3331 1073 3496 1113 manu
3531 1067 3742 1132 aperta,

2158 1163 2329 1202 sanus
2357 1146 2677 1219 integerque
2704 1163 2980 1219 egressus,
3011 1147 3188 1204 obviis
3219 1148 3526 1220 quibusque
3550 1149 3748 1218 loque-

2157 1241 2336 1306 batur,
2369 1249 2424 1296 et
2445 1239 2723 1306 audiebat,
2759 1241 3061 1295 immensas
3088 1240 3197 1296 Deo
3233 1240 3440 1312 gratias
3463 1256 3629 1312 agens
3648 1284 3663 1308 ,
3691 1247 3749 1296 et

2157 1335 2334 1390 sancti
2363 1348 2631 1389 enarrans
2666 1333 2960 1388 miracula.
3788 1324 3793 1330 ’

457 770 623 827 αὐτοῦ
660 766 1091 839 βασταζόμενος,
1120 763 1200 834 τῷ
1229 764 1393 836 κοινῷ
1423 763 1531 818 τῶν
1559 763 1766 820 πιστῶν
1803 765 2046 834 ἰατρείῳ,

456 864 539 935 τῷ
569 861 705 935 ἱερῷ
744 860 838 914 τοῦ
874 858 1141 929 θεοφόρου
1175 857 1386 929 ΙΙατρδς
1433 858 1829 930 προσρίπτεται
1869 857 2046 926 τάφῳ.

461 957 539 1012 Δι’
570 955 795 1028 ἡμερῶν
825 953 884 1008 δὲ
928 951 1214 1022 τεσσάρων
1238 951 1339 1022 τῆς
1366 949 1461 1004 τοῦ
1496 951 1652 1018 ἀγίου
1687 948 2051 1014 καταξιωθεὶς

462 1052 830 1124 ἐπισκέψεως,
877 1047 1139 1117 ἐξαπίνης
1187 1046 1336 1109 ἰδίοις
1369 1043 1632 1116 ἐξανέστη
1665 1047 1816 1107 ποσὶ,
1845 1044 1944 1097 καὶ
1981 1042 2051 1098 δι’

467 1144 666 1202 ἐαυτοῦ
699 1144 798 1215 τὴν
828 1141 919 1196 τοῦ
947 1139 1077 1195 ναοῦ
1112 1137 1287 1210 πύλην
1317 1137 1560 1204 ἀνοίξας,
1625 1138 1718 1191 καὶ
1749 1135 1910 1207 ὑγιὴς
1933 1136 2053 1201 ὅλος

469 1232 701 1300 ἐξελθὼν
735 1230 860 1296 ἔξω,
899 1228 1078 1282 ἐλάλει
1109 1230 1222 1290 τοῖς
1253 1225 1487 1297 παροῦσι
1517 1227 1612 1280 καὶ
1642 1225 1862 1297 ἤκουεν,
1895 1225 2050 1280 εὐλο-

469 1325 581 1394 γῶν
622 1325 712 1378 τὸν
761 1324 915 1384 Θεὸν,
964 1321 1060 1375 καὶ
1111 1321 1180 1375 τὰ
1224 1318 1507 1390 θαυμάσια
1557 1318 1912 1386 ἀναγγέλλων
1957 1317 2055 1372 τοῦ

472 1421 653 1490 ἁγίου.

545 1513 768 1577 Ἄλλος,
823 1510 962 1579 πλὴν
990 1507 1046 1574 ἐξ
1081 1508 1368 1580 ἐπηρείας,
1405 1501 1579 1577 οἶμαι,
1622 1508 1720 1561 καὶ
1767 1505 1928 1560 τοῦτο
1959 1504 2055 1558 τοῦ

2229 1518 2387 1573 Alius
2420 1517 2648 1581 invidia,
2682 1533 2828 1582 reor,
2852 1517 3255 1573 cacodaemonis
3279 1515 3542 1588 epilepsia
3586 1513 3754 1570 velte—

471 1605 730 1678 πονηροῦ,
781 1602 1078 1672 ἐπιληψίας
1113 1599 1372 1664 ἑαλωκὼς
1425 1600 1622 1662 πάθει,
1673 1600 1862 1664 δεινῶς
1904 1601 2060 1666 ἐξαν-

2183 1622 2373 1668 neuter
2405 1623 2710 1683 correptus,
2749 1627 2812 1664 os
2845 1611 2990 1666 finde
3027 1609 3376 1670 distorserat.
3422 1617 3477 1662 et
3509 1606 3751 1662 naturali

471 1701 748 1770 έστραπτο
789 1696 888 1766 μὲν
919 1695 980 1748 τὸ
1017 1693 1223 1784 στόμα,
1269 1691 1559 1764 παρῄρητο
1585 1693 1642 1746 δὲ
1677 1692 1771 1746 καὶ
1799 1691 1894 1746 τοῦ
1915 1689 2060 1746 κατά

2183 1707 2314 1763 νοείε
2369 1709 2551 1761 sonitu
2603 1705 2830 1760 orbatus
2893 1712 3032 1769 erat,
3063 1710 3124 1758 ut
3168 1700 3482 1757 miserabile
3505 1699 3660 1770 juxta
3689 1715 3756 1754 ac

469 1793 634 1861 φύσιν
675 1790 993 1858 φθέγματος
1042 1787 1141 1859 τὴν
1175 1786 1384 1857 φωνὴν,
1425 1785 1502 1851 ὡς
1531 1784 1767 1839 ἐλεεινόν
1811 1801 1870 1838 τε
1899 1785 2061 1840 αὐτὸν

474 1885 557 1904 γης
619 1883 644 1904 9
688 1883 1009 1904 _J,._.--_-___-_
1075 1878 1255 1904 (11-.--
1312 1879 1632 1904 __--..-r-n_.
1714 1873 1882 1904 ni".--
1941 1878 2056 1904 1....-1

2183 1802 2321 1857 .riste
2351 1799 2724 1870 spectaculum
2755 1798 2931 1854 oculis
2954 1805 3376 1868 proponeretur.
3408 1792 3525 1848 llic-
3548 1791 3758 1846 ﬁrmis-

469 1885 566 1940 καὶ
615 1883 1009 1937 δυσέντευκτον
1075 1878 1658 1954 θέαμαῇπροκεῖσθαι.
1714 1873 1882 1942 Οὗτος
1939 1878 2061 1931 ἐπεὶ

2183 1897 2302 1949 siina
2351 1892 2477 1956 l‘ide,
2505 1907 2608 1960 ope
2651 1889 2830 1945 sancti
2897 1889 3212 1958 implorata,
3270 1899 3364 1955 per
3426 1894 3756 1938 nocturnam

472 1979 780 2047 ἀδιστάκτῳ
825 1977 1009 2030 πίστει
1063 1974 1386 2030 ἐπεκαλεῖτο
1451 1973 1543 2027 τδν
1585 1971 1761 2041 ἅγιον,
1822 1973 1925 2043 ὁρᾷ
1962 1971 2062 2042 μὲν

2183 1988 2401 2058 speciem
2431 1987 2579 2040 videt
2617 1982 2884 2056 lgnatinm
2937 1997 3102 2036 manu
3154 1979 3364 2036 clavem
3423 1984 3756 2047 gestantem,

474 2072 638 2126 αὐτὸν
673 2072 808 2143 ὁναρ
846 2070 1038 2141 ῶσπερ
1078 2069 1178 2142 τὴν
1221 2067 1408 2122 κλεῖδα
1439 2067 1742 2138 κατέχοντα
1779 2069 1846 2138 τῇ
1883 2067 2060 2135 χειρὶ,

477 2167 576 2219 καὶ
600 2165 806 2238 ταύτην
832 2163 909 2234 τῷ
961 2163 1192 2235 στόματι
1225 2161 1392 2215 αὐτοῦ
1431 2159 1838 2230 ἐπεμϐαλόντα,
1869 2157 1962 2212 καὶ
1989 2158 2066 2222 ὠς

2163 2087 2219 2130 et
2270 2074 2352 2129 ori
2385 2088 2487 2129 suo
2535 2072 2942 2132 admoventem,
2990 2085 3055 2124 ac
3078 2077 3377 2124 vertentem
3403 2107 3418 2132 ,
3443 2065 3604 2137 quasi
3635 2062 3763 2119 inde

2162 2169 2386 2240 januam
2412 2167 2667 2238 aperiret,
2693 2165 2760 2221 ad
2779 2181 2837 2220 se
2863 2165 3080 2220 dicere:
3108 2159 3312 2218 Nostin‘
3330 2160 3432 2229 qui
3463 2157 3609 2215 sim?
3661 2171 3762 2212 ne-

479 2258 642 2329 ἃῆθεν
672 2257 844 2328 θύραν
875 2258 1190 2325 ἀνοίγοντα,
1221 2254 1542 2326 συστρέψαι,
1593 2253 1686 2306 καὶ
1733 2251 1870 2322 πρὸς
1899 2250 2066 2306 αὐτὸν

2183 2271 2411 2331 gantcnt,
2471 2269 2661 2329 postea
2701 2256 2979 2313 audivisse
3029 2257 3097 2310 ab
3146 2254 3262 2316 illo.
3319 2251 3590 2324 lgnatium
3640 2262 3764 2304 esse

483 2353 696 2406 εἰπεῖν·
732 2352 794 2404 Εἰ
821 2344 991 2413 οἶδας,
1030 2347 1111 2412 τίς
1150 2349 1268 2420 εἰμι
1308 2342 1607 2416 negas»
1650 2345 1708 2398 δὲ
1744 2344 1820 2415 μὴ
1867 2342 2068 2397 εἰδέναι

2183 2354 2558 2424 patriarcham.
2593 2351 2659 2406 Et
2686 2366 2816 2407 ecce
2841 2351 2954 2422 jam
2988 2364 3158 2407 nunc.
3189 2345 3390 2416 inquit,
3418 2359 3479 2400 es
3513 2350 3759 2399 curatus.

485 2446 752 2514 φάμενον,
796 2441 1030 2497 ἀκοῦσαι
1059 2441 1190 2514 πρὸς
1221 2439 1412 2504 αὑτοῦ,
1445 2439 1520 2504 ὡς
1551 2438 1722 2501 αὐτὸς.
1757 2440 1842 2508 ειη
1896 2435 2070 2503 ἰγνάο

2183 2447 2368 2502 Postea
2409 2455 2812 2515 experrectum,
2859 2445 2996 2500 adeo
3048 2442 3261 2497 salvum
3300 2449 3356 2495 et
3430 2437 3764 2493 incolumem

485 2554 600 2604 τιος
629 2538 972 2610 πατριάρχης
991 2553 1007 2568 ⁸
1037 2536 1146 2590 Καὶ
1175 2535 1308 2599 ἰδοὺ,
1327 2535 1514 2606 φησὶν,
1551 2533 1660 2586 ἀπὸ
1688 2530 1783 2586 τοῦ
1813 2533 1909 2584 νῦν
1935 2529 2073 2584 καθ-

2183 2551 2473 2608 repertum,
2529 2539 2604 2592 uti
2656 2551 2728 2594 ne
2783 2534 3071 2606 vestigium
3115 2531 3337 2605 quidem
3386 2529 3440 2586 in
3482 2543 3542 2585 se
3585 2523 3766 2583 morbi

487 2634 728 2705 ἕστηκας
773 2632 963 2702 ὑγιής·
997 2631 1227 2698 εξνπνον
1255 2629 1313 2684 δέ
1353 2626 1547 2682 τοῦτον
1581 2626 1894 2696 γενόμενον,
1941 2623 2072 2693 ὑγιῆ

2183 2631 2633 2702 deprehenderet.

487 2723 763 2789 παντελῶς
797 2724 990 2778 ἑαυτὸν
1015 2723 1221 2794 εὑρεῖν,
1241 2722 1319 2786 ὡς
1347 2719 1618 2793 μηδέποτε
1650 2720 1796 2792 ῖχνος
1814 2713 2075 2788 τοιαύτης

487 2815 776 2889 ἑωρακότα
808 2811 1133 2877 κακώσεως.

562 2907 757 2971 Ἄλλος
790 2906 956 2962 πάλιν
981 2904 1127 2976 νόσῳ
1159 2903 1410 2974 κοιλιακῇ
1443 2896 1784 2970 περιπεσὼν,
1815 2899 1910 2953 καί
1941 2897 2078 2969 πρός

485 3003 611 3066 ταῖς
638 3003 899 3070 ἐσχάταις
919 2995 1169 3070 ὴγγικὼς
1192 2996 1260 3050 δι’
1287 2995 1456 3066 αὐτὴν
1491 2992 1685 3064 ὥραις,
1710 2991 1810 3062 τῆς
1846 2990 1944 3062 μὲν
1969 2987 2080 3043 ἀπὸ

487 3094 598 3148 τῶν
642 3091 843 3163 ἰατρῶν
909 3088 1165 3161 βοηθείας
1216 3087 1404 3142 λοιπὸν
1466 3086 1724 3153 ἀπέγνω,
1779 3082 1873 3136 τὸν
1923 3083 2081 3152 ὄιγιον

488 3185 546 3240 δὲ
575 3182 860 3258 πόρρωθεν
899 3180 958 3249 ἐξ
999 3179 1300 3252 ὁλοκλήρου
1336 3177 1574 3239 πίστεως
1609 3172 2076 3245 ἀνακαλούμενος,

489 3278 592 3350 ὁρᾷ
634 3276 731 3346 μὲν
772 3275 961 3330 τοῦτον
999 3271 1136 3344 ὁναρ
1181 3267 1333 3342 αύτῷ
1381 3267 1734 3340 παρεστῶτα,
1778 3265 1874 3320 καὶ
1917 3265 2081 3318 εὐθυ-

499 3369 621 3438 μεῖν
654 3363 1158 3434 ἐπαγγελλόμενον.
1186 3360 1398 3415 Δύτίκα
1424 3359 1481 3414 δὲ
1513 3361 1611 3428 τῆς
1647 3357 1858 3430 ῥύσεως
1884 3354 2084 3426 ἀναξηο

502 3456 790 3528 ρανθείσης
822 3455 920 3525 τῆς
952 3455 1210 3528 γαστρὸς,
1235 3457 1318 3519 είς
1344 3451 1554 3526 τροφῆς
1584 3451 1771 3521 ἔφεσιν
1797 3452 1826 3504 ό
1856 3449 2090 3520 κάμνων

501 3548 598 3602 καὶ
627 3547 842 3603 τελείαν
871 3549 1061 3616 ὑγείαν
1085 3544 1544 3601 ἀποκαθίσταται.

575 3641 744 3696 Πάλιν
793 3641 930 3712 γυνή
974 3655 1058 3705 τις
1092 3639 1247 3710 ἀνδρὶ
1281 3637 1533 3709 νομίμως
1587 3631 1944 3699 συνοικοῦσα,
1991 3633 2098 3688 καὶ

501 3733 708 3789 παίδων
764 3733 947 3804 μήτηρ
998 3731 1254 3800 γεγονυῖα
1304 3729 1494 3801 τριῶν,
1534 3727 1707 3800 ξηρὰν
1761 3725 1940 3796 πάντη
1991 3723 2088 3779 καὶ

496 3827 728 3898 άνικμον
767 3825 1072 3905 προέϐαλλε
1114 3827 1216 3896 τὴν
1254 3821 1442 3894 θηλὴν,
1487 3821 1627 3876 ὥστε
1659 3822 1728 3876 τά
1775 3817 1868 3873 ὑπ’
1913 3819 2088 3889 αὐτῆς

493 3922 792 3991 τικτόμενα
833 3919 1010 3992 βρέφη
1058 3916 1317 3988 παραυτά
1357 3915 1536 3982 ξέναις
1574 3912 1878 3968 ἐκδίδοσθαι
1928 3909 2088 3981 τιθη-

497 4013 710 4068 νεῖσθαι
738 4014 982 4084 τροφοῖς,
1013 4010 1120 4074 ἓως
1146 4010 1242 4062 ἐπὶ
1263 4006 1387 4062 νοῦν
1415 4003 1548 4080 ἦλθε
1583 4007 1698 4070 τοῖς
1725 4006 1949 4068 οίκείοις
1987 4003 2088 4058 αὐ-

495 4110 595 4181 τῆς
628 4106 708 4179 τῷ
731 4105 877 4178 ἀγίῳ
908 4103 1301 4177 προσδραμεῖν.
1336 4101 1444 4156 Καὶ
1473 4101 1539 4171 δὴ
1576 4099 1689 4153 τῶν
1717 4098 1891 4169 ἁγίων
1921 4095 2091 4152 αὐτοῦ

497 4200 702 4273 τριχῶν
732 4195 1242 4271 ἀπομυρισθεισῶν,
1275 4197 1367 4248 καὶ
1397 4197 1461 4267 τῇ
1506 4194 1780 4266 ἀρτιτόκῳ
1815 4195 1960 4246 πιεῖν
2002 4191 2094 4246 δε·-

500 4291 854 4364 δωρημένων,
884 4291 977 4344 ἐπὶ
1005 4289 1260 4344 τοσοῦτον
1285 4288 1446 4351 εὐθὺς
1479 4287 1746 4357 γαλοῦχος
1775 4285 2094 4358 ἀπεφάνθη,

501 4386 580 4449 ὡς
613 4388 708 4440 καὶ
743 4389 878 4440 πολὺ
923 4384 1089 4439 πλέον
1116 4383 1217 4453 τῆς
1247 4382 1440 4454 χρείας
1483 4381 1544 4435 τὸ
1573 4381 1718 4450 γάλα
1753 4380 1866 4434 τῶν
1900 4381 2092 4452 μαζῶν

508 4481 829 4553 καταρρεῖν.
899 4480 1010 4534 Καὶ
1051 4476 1211 4532 τοῦτο
1273 4477 1375 4531 οὐκ
1431 4477 1512 4540 εἰς
1545 4475 1675 4546 μίαν
1737 4475 1911 4546 μόνην
1957 4473 2094 4542 φασί

2249 2905 2404 2960 Alius
2447 2905 2572 2959 item
2603 2900 2945 2976 dyssenteria
2969 2897 3226 2954 laborans
3250 2896 3363 2968 jam
3395 2893 3450 2950 in
3506 2890 3768 2948 extremis

2181 3014 2319 3068 erat,
2357 3009 2410 3055 et
2461 3013 2489 3052 a
2551 2997 2782 3053 medicis
2841 2994 3264 3058 conclamatus:
3299 2989 3391 3062 qui
3453 2995 3659 3049 tamen,
3709 2992 3772 3039 ut

2184 3095 2360 3152 sancti
2426 3107 2585 3164 opem
2621 3105 2652 3146 e
2702 3088 3002 3161 longinquo
3054 3086 3212 3158 plena
3258 3083 3364 3139 Me
3420 3077 3770 3150 implorabat,

2187 3197 2402 3262 spectat
2459 3191 2606 3242 hunc
2645 3199 2742 3256 per
2802 3196 3056 3238 somnum
3097 3178 3207 3236 sibi
3254 3177 3628 3236 assistentem,
3666 3170 3766 3227 bo-

2189 3298 2429 3353 numque
2473 3281 2716 3336 animum
2772 3276 2975 3333 habere
3029 3272 3336 3346 iubentem,
3373 3278 3428 3326 ct
3477 3268 3624 3324 illico
3662 3264 3773 3321 sie-

2187 3390 2306 3434 cata
2329 3375 2498 3436 alvus
2537 3371 2804 3436 constitit,
2836 3369 3057 3440 cibique
3090 3364 3274 3422 orexis
3306 3375 3547 3430 reversa,
3589 3358 3774 3414 homi-

2188 3489 2312 3529 nem
2349 3468 2602 3542 perlecta:
2622 3465 2861 3523 restituit
2887 3460 3268 3520 incolumitati.

2259 3655 2485 3712 Femina
2517 3666 2740 3724 quoque
2772 3657 2944 3720 nupta
2977 3647 3119 3709 viro,
3160 3644 3438 3712 triumque
3465 3640 3770 3696 liberorum

2191 3766 2414 3823 parens,
2444 3747 2615 3804 aridis
2648 3760 2866 3816 semper
2889 3751 2944 3798 et
2986 3740 3151 3797 siccis
3187 3746 3302 3794 erat
3348 3733 3587 3806 papillis,
3620 3731 3776 3786 itaut

2193 3843 2380 3901 statim
2427 3850 2618 3913 partus
2672 3854 2806 3896 suos
2871 3845 3158 3908 cogeretur
3219 3831 3414 3888 alienis
3462 3827 3776 3886 nutricibus

2196 3937 2424 3994 alendos
2473 3933 2820 3991 committere
2871 3949 2888 4000 ;
2934 3929 3111 3986 donec
3160 3923 3488 4004 propinquis
3531 3920 3686 3978 venit
3720 3919 3782 3975 in

2196 4041 2457 4097 mentem,
2490 4039 2552 4086 ut
2579 4029 2647 4085 ad
2668 4037 2918 4083 sanctum
2955 4030 3354 4097 properarent:
3389 4019 3481 4076 ubi
3527 4018 3780 4074 absterso

2197 4143 2228 4183 e
2255 4125 2428 4183 sancti
2461 4123 2559 4178 viri
2589 4137 2746 4179 coma
2771 4121 3004 4191 liquore,
3039 4125 3094 4173 et
3118 4130 3311 4172 recens
3344 4113 3522 4170 enixae
3542 4111 3611 4168 ad
3659 4125 3781 4166 sor-

2199 4218 2437 4276 bendum
2470 4217 2776 4288 propitiato,
2808 4213 2993 4270 subito
3025 4221 3176 4268 tanta
3197 4208 3354 4266 lactis
3389 4206 3547 4277 cepia
3576 4206 3782 4262 redun-

2199 4313 2331 4370 dare
2373 4311 2491 4368 visa
2517 4320 2624 4373 est,
2655 4319 2714 4365 ut
2738 4309 2864 4380 plus
2910 4321 3077 4378 quam
3104 4304 3266 4360 fuerit
3296 4315 3541 4366 necesse,
3571 4297 3785 4371 papilla:

2200 4406 2359 4462 lactis
2389 4404 2820 4474 suppeditarent.
2851 4401 3030 4470 Atque
3057 4397 3110 4453 id
3142 4414 3248 4453 non
3279 4396 3330 4452 ei
3376 4394 3502 4461 soli,
3553 4391 3650 4450 sed
3703 4390 3785 4447 al-

2203 4500 2304 4557 teri
2335 4511 2552 4570 quoque
2582 4495 2773 4552 eodem
2808 4504 3019 4549 naturae
3047 4491 3316 4548 laboranti
3359 4488 3552 4545 morbo
3590 4500 3787 4542 narra-

508 4574 746 4642 γυναῖκα
785 4570 1105 4642 γεγονέναι,
1139 4568 1282 4624 ἀλλά
1328 4569 1424 4623 καὶ
1457 4571 1540 4632 εἰς
1583 4566 1776 4639 ἑτέραν
1805 4567 1971 4622 πάλιν
2010 4565 2080 4638 rt]

2201 4605 2289 4650 tur
2332 4591 2618 4655 accidisse,
2654 4605 2775 4660 qum
2823 4589 3025 4658 pariter
3064 4602 3129 4640 ex
3182 4584 3374 4640 eodem
3417 4577 3784 4652 capillamenti

501 4666 657 4738 αὐτῷ
682 4664 998 4737 κάμνουσαν
1025 4663 1425 4737 ἀρῤωστήματι
1455 4663 1555 4734 τῆς
1589 4660 1834 4732 φύσεως,
1871 4659 1960 4715 διά
1985 4660 2090 4732 τῆς

494 4758 694 4832 ὁμοίας
727 4758 836 4813 τῶν
868 4756 1043 4828 ἁγίων
1075 4756 1280 4830 τριχῶν
1315 4755 1713 4828 ἀπομυρίσεως
1745 4755 1844 4827 τῆς
1893 4753 2094 4826 ὁμοίας

497 4854 700 4917 ἰάσεως
730 4853 945 4922 τυχεῖν.

571 4947 746 5017 Ἀλλη
779 4946 839 5000 δέ
868 4944 1034 5000 πάλιν
1061 4941 1200 5014 γυνὴ
1224 4943 1332 4998 τῶν
1357 4942 1596 5012 εὐγενῶν
1626 4942 1722 4997 καὶ
1749 4938 2094 5012 περιφανῶν,

499 5041 596 5095 καὶ
631 5039 774 5109 αὑτὴ
822 5037 1072 5110 νομίμως
1119 5035 1276 5106 ἀνδρὶ
1337 5034 1571 5106 ἐπιδόξῳ
1627 5033 1976 5098 συνοικοῦσα,
2037 5036 2096 5088 ἐν

501 5133 650 5187 ἔτεσι
687 5133 900 5187 πλείοσι
935 5126 1126 5203 στεῖρα
1155 5132 1251 5184 καὶ
1279 5129 1450 5192 ἄπαις
1481 5128 1826 5201 ἐγνωρίζετο.
1861 5129 1968 5181 Τοῦ
1999 5128 2096 5182 ἀν-

507 5223 630 5293 δρὸς
655 5224 713 5276 δέ
739 5224 920 5277 πίστει
950 5223 1029 5296 τῷ
1053 5223 1212 5294 τάφῳ
1238 5222 1738 5294 προσπεπτωκότος
1765 5221 1860 5274 τοῦ
1896 5220 2054 5286 ἁγίου
2077 5261 2092 5285 ,

511 5313 609 5364 καὶ
657 5311 831 5365 ἔλαιον
876 5314 1031 5381 ἀγιον
1057 5314 1266 5367 ἐκεῖθεν
1298 5310 1582 5381 εἰληφότος
1611 5314 1679 5384 τῇ
1712 5315 1957 5380 γυναικὶ,
1991 5311 2092 5365 κά-

511 5402 700 5474 κείνης
728 5405 792 5458 ἐκ
817 5406 1052 5470 πίστεως
1079 5406 1471 5477 ἀλειψαμένης,
1497 5406 1590 5459 καὶ
1613 5407 1710 5476 τὴν
1737 5404 1828 5458 τοῦ
1855 5403 2096 5476 μεγάλου

513 5495 818 5568 ἀρχιερέως
859 5499 1024 5570 εὐχὴν
1067 5499 1545 5570 ἐπικαλεσαμένης
1570 5540 1584 5564 ,
1638 5499 1953 5567 παραυτίκα
1989 5497 2098 5551 τῶν

511 5587 614 5659 τῆς
638 5588 976 5660 στειρὼσεως
1000 5592 1244 5663 ἀπελύθη
1272 5593 1506 5662 δεσμῶν,
1552 5593 1644 5645 καὶ
1669 5591 1855 5645 λοιπὸν
1886 5591 2098 5645 τέκνων

512 5679 780 5735 πλειόνων
811 5681 1187 5739 ἀναδείκνυται
1214 5687 1420 5757 μήτηρ.

614 5769 741 5825 Alit’
769 5771 830 5826 ού
876 5772 1039 5842 μόνον
1066 5775 1179 5836 τοῖς
1221 5774 1301 5846 τῷ
1337 5773 1470 5847 ἱερῷ
1495 5774 1652 5846 τάφῳ
1682 5773 2009 5840 πελάζουσιν
2039 5772 2097 5827 αί

513 5863 958 5940 θαυματουργίαι
997 5864 1092 5920 τοῦ
1125 5865 1380 5940 ίεράρχου
1424 5867 1800 5941 πηγάζουσιν·
1845 5865 1962 5924 ἀλλ’
1994 5866 2096 5940 ἢδη

2201 4686 2350 4743 illius
2375 4685 2667 4754 desumpta
2703 4682 2916 4753 liquore
2944 4679 3239 4737 sanitatem
3279 4674 3641 4746 recuperarit.

2271 4951 2390 5006 Alia
2427 4948 2625 5005 nobilis
2647 4948 2776 5002 item
2805 4956 2859 5002 et
2886 4944 3112 5001 illustris
3158 4950 3429 5002 matrona,
3458 4954 3582 5010 quae
3611 4936 3781 4993 nobili

2201 5043 2400 5098 viroin
2456 5040 2867 5096 matrimonium
2934 5036 3249 5100 collocata,
3309 5033 3558 5104 pluribus
3617 5031 3781 5087 annis

2201 5130 2496 5188 infecunda
2537 5130 2845 5196 sterilisque
2899 5133 3051 5191 erat,
3077 5123 3257 5179 mariti
3295 5123 3397 5177 llde
3449 5121 3518 5176 ad
3565 5119 3781 5175 eineres

2201 5225 2303 5279 viri
2361 5223 2538 5278 sancti
2600 5217 3008 5291 procumbentis
3047 5256 3062 5281 ,
3113 5216 3343 5286 oleoque
3400 5223 3592 5269 sancto
3654 5212 3783 5266 inde

2203 5319 2358 5374 uxori
2390 5320 2575 5380 allato,
2609 5325 2771 5385 atque
2800 5329 2864 5366 cx
2890 5311 2991 5366 ﬁde
3022 5309 3195 5373 allito,
3250 5309 3341 5364 illa
3367 5323 3565 5376 magno
3597 5305 3784 5376 ponti-

2203 5413 2304 5468 tice
2343 5412 2656 5482 suppliciter
2707 5409 2994 5471 invocato,
3041 5403 3276 5462 fecunda
3331 5401 3514 5459 subito
3544 5400 3784 5471 reddita,

2199 5505 2405 5577 prolem
2439 5505 2616 5561 edidit
2632 5514 3003 5556 numerosam.

2274 5768 2566 5824 Enimvero
2592 5781 2702 5822 non
2726 5765 2760 5821 ii
2792 5765 3081 5829 duntaxat,
3115 5760 3209 5832 qui
3251 5773 3476 5817 sacram
3511 5753 3798 5826 complexi.

2203 5863 2472 5931 tumbam,
2521 5861 2636 5917 haec
2686 5858 2965 5914 miracula.
3007 5863 3137 5914 sunt
3188 5852 3396 5926 experti
3427 5846 3797 5922 rpeicgriuis
