4134 6306
454 405 561 470 56⁸1

1630 389 1924 451 ΝΙΟΕΤᾹΞ
1960 386 2411 450 PAPHLAGON
2424 388 2492 447 IS

3612 377 3717 442 563

452 524 561 582 cia,
599 513 801 586 quibus
824 509 1128 566 auditorem
1159 505 1282 577 capi
1320 503 1676 573 intelligeliat,
1707 503 1763 556 in
1829 501 2029 557 librum

2141 494 2199 570 ἦν
2227 515 2243 527 ο
2270 496 2333 551 τὸ
2359 498 2417 550 δὲ
2461 496 2635 566 ὄνομα
2674 491 2813 547 εἶναι
2842 491 3051 555 Βεκλᾶς
3078 507 3092 520 ·
3126 489 3185 543 ὃν
3215 490 3585 559 εὐτυχέστατα
3624 494 3721 543 καὶ

450 625 613 667 suum
666 606 1067 667 concenturiat,
1093 610 1149 655 et
1183 600 1383 655 litteris
1410 595 1795 653 Alexandrinis
1831 594 1887 648 in
1945 608 2035 649 ve-

451 700 755 757 tustissima
804 698 991 752 charta
1043 694 1111 748 ad
1166 692 1344 763 ipsam
1396 687 1745 759 antiquitatis
1784 686 2024 755 speciem

449 790 726 861 expressis
776 786 1101 843 conscribit.
1145 794 1312 855 atque
1373 782 1556 842 theca,
1585 796 1683 835 seu
1717 783 2032 849 tegumento

449 897 517 937 ex
556 880 946 950 antiquissimo
992 877 1182 933 codice
1227 876 1472 939 detracto
1513 872 1692 937 vestit,
1764 880 1929 938 atque
1978 869 2030 922 in

451 974 543 1030 illa
604 972 772 1028 nobili
837 970 1188 1043 palatinaque
1246 965 1571 1022 bibliotheca
1611 962 1747 1019 clam
1800 961 2031 1029 reponit.

2139 585 2615 658 πολυχρονιώτατα
2659 584 2769 637 τῶν
2796 583 2856 647 ἐξ
2887 582 3081 646 αἰῶνος
3118 580 3587 653 βεϐασιλευκότων
3617 581 3721 653 βαι

2139 679 2455 733 σιλεύσοντα
2518 675 2869 747 προφητεύει.
2933 674 3167 744 Μυρίοις
3210 673 3268 728 δὲ
3310 672 3586 743 ψεύδεσιν,
3640 667 3723 736 οἷς

2139 772 2253 844 ᾔδει
2300 768 2601 838 γάννυσθαι
2662 766 2852 821 τοῦτον
2897 765 3165 820 ἀκούοντα
3201 798 3219 831 ,
3266 764 3331 819 ca
3380 765 3726 836 σύγγραμμα

2139 866 2630 938 καταρασάμενος,
2662 866 2754 918 ἐπὶ
2777 863 3155 917 παλαιοτάτων
3179 861 3277 934 μὲν
3296 861 3455 916 τοῦτο
3482 861 3725 933 χαρτίων

2140 961 2465 1033 γράμμασιν
2498 959 2945 1032 Ἀλεξανδρινοίς,
2968 961 3064 1031 τὴν
3087 960 3358 1032 ἀρχαϊκὴν
3379 959 3463 1012 ὅτι
3486 959 3727 1030 μάλιστα

449 1063 793 1135 χειροθεσίαν
842 1061 1260 1133 μιμησάμενος,
1297 1056 1537 1128 γράψει’
1583 1052 1911 1125 ἀμφιέννυσι
1973 1052 2030 1105 δὲ
2069 1053 2164 1106 καὶ
2216 1051 2451 1123 πτύχαις
2500 1051 2913 1116 παλαιοτάταις,
2964 1056 3029 1106 ἐκ
3083 1052 3447 1106 παλαιοτάτου
3516 1052 3723 1123 βιϐλίου

451 1158 880 1230 ἀφαιρούμενος,
928 1152 1222 1208 κάντεῦθεν
1264 1153 1330 1222 τῇ
1365 1149 1579 1223 μεγάλῃ
1609 1148 1767 1201 τοῦτο
1792 1147 1888 1201 τοῦ
1926 1146 2191 1202 παλατίου
2223 1146 2540 1200 ἀποτίθεται
2575 1145 2913 1219 βιϐλιοθήκῃ.

526 1251 866 1305 Adminisler
890 1257 946 1301 et
1006 1245 1149 1301 lidus
1189 1245 1263 1300 illi
1296 1246 1350 1299 in
1397 1246 1499 1299 hac
1528 1258 1691 1298 scena
1735 1249 1789 1296 et
1852 1238 2039 1295 fabula

453 1344 816 1413 TheOphanes
840 1347 979 1402 erat,
1024 1339 1298 1408 palatinus
1314 1353 1376 1391 ea
1413 1345 1735 1405 tempestate
1777 1334 2037 1396 clericus,

457 1438 780 1505 habensque
845 1434 987 1504 apud
1026 1434 1414 1501 imperatorem
1462 1428 1793 1483 eruditionis
1822 1426 2039 1497 opinio-

453 1544 603 1591 nem,
640 1541 704 1581 ac
761 1534 948 1595 postea
979 1523 1033 1576 in
1086 1521 1349 1591 improba:
1378 1534 1557 1588 operte
1618 1517 1898 1583 praemium
1926 1515 2042 1585 epi-

456 1631 660 1687 scopus
692 1614 957 1671 Caesareae
972 1610 1331 1683 Cappadocia:
1365 1607 1725 1665 creatus.Hic
1751 1620 2038 1662 commen-

452 1710 633 1765 titium
676 1707 1091 1763 hunclibcllum
1125 1705 1177 1759 iu
1210 1702 1563 1763 bibliotheca,
1604 1710 1664 1756 ut
1690 1701 1898 1758 dictum
1932 1708 2039 1763 est,

455 1810 759 1871 repostum,
808 1807 1119 1869 opportuno
1148 1804 1395 1865 tempore
1430 1790 1695 1857 extrahit,
1739 1790 2040 1859 imperato-

2224 1239 2285 1293 Ὀ
2318 1238 2460 1294 κατὰ
2481 1239 2655 1294 ταῦτα
2676 1239 2733 1292 δὲ
2762 1238 2970 1302 πιστῶς
3001 1239 3278 1310 ὑπηρετοὺ
3287 1255 3470 1308 μενος,
3502 1238 3599 1291 καὶ
3623 1238 3725 1309 τὴν

2142 1332 2362 1402 ἀπάτην
2409 1333 2559 1402 αὐτῷ
2611 1332 2705 1385 τοῦ
2759 1332 3035 1402 δράματος
3077 1330 3728 1401 συγκατασκευαζὸμενος

2140 1424 2422 1494 θεοφάνης
2445 1426 2663 1486 ἐκεῖνος
2687 1419 2775 1495 ἦν,
2807 1424 3071 1493 κληρικὸς
3121 1422 3222 1495 μὲν
3250 1424 3370 1478 τότε
3419 1422 3724 1494 βασιλικὸς,

2141 1515 2238 1568 καὶ
2265 1514 2423 1578 δόξαν
2455 1514 2647 1582 σοφίας
2678 1514 2878 1577 ἱκανῶς
2925 1514 3070 1581 ἔχειν
3103 1513 3253 1586 παρά
3280 1511 3358 1583 τῷ
3390 1512 3603 1587 βασιλεῖ
3634 1530 3714 1567 νο·

2150 1607 2476 1679 μιξάμενος,
2535 1606 2762 1678 ὕστερον
2810 1606 2867 1659 δὲ
2920 1608 3255 1678 Καισαρείας
3324 1605 3728 1671 Καππαδοκίας

2147 1700 2447 1764 ἐπίσκοπος
2493 1699 2770 1768 γεγονὼς,
2825 1695 2990 1754 ἆθλον
3039 1699 3241 1771 δηλαδὴ
3291 1698 3453 1753 τοῦτο
3493 1700 3593 1769 τῆς
3618 1716 3724 1753 κα-

2149 1793 2435 1864 κοτεχνίας
2490 1792 2698 1862 ταύτης
2746 1790 2950 1848 λαϐὼν.
2988 1792 3184 1846 Λαϐὼν
3235 1790 3346 1862 γάρ
3374 1791 3432 1845 τὸ
3472 1792 3720 1861 πλασμα-

453 1895 610 1964 rique
631 1892 850 1957 librum,
882 1890 1024 1945 velut
1056 1890 1272 1945 caeteris
1295 1886 1555 1943 omnibus
1580 1882 2036 1941 admirabiliorem

2146 1887 2314 1949 τῶδες
2367 1887 2545 1938 ἐκεῖνο
2597 1885 2842 1956 βιϐλίον,
2884 1884 2980 1939 καὶ
3025 1886 3088 1955 τῇ
3137 1882 3490 1954 βιϐλιοθήκῃ,
3538 1882 3722 1946 καθὼς

450 1992 507 2039 et
533 1982 749 2039 arcanis
782 1979 1144 2046 refertiorem,
1173 1978 1396 2036 exhibet
1436 1994 1452 2033 :
1500 1975 1832 2045 simulatque
1872 1985 2051 2041 neque

452 2093 534 2143 se,
562 2093 739 2149 neque
767 2074 1077 2131 mortalium
1103 2087 1433 2145 quemquam
1462 2071 1583 2139 ejus
1608 2068 1886 2142 mysteria,
1912 2080 2049 2137 prse-

453 2181 536 2227 ter
559 2185 725 2224 unum
757 2168 1035 2232 Pbotium,
1055 2166 1273 2237 assequi
1298 2180 1475 2237 posse.
1494 2163 1637 2235 Ergo
1679 2160 1953 2230 extemplo
1979 2157 2046 2213 ad

455 2259 711 2314 Photium
737 2257 990 2312 mittitur.
1013 2255 1273 2309 Praetexit
1297 2254 1408 2319 ille,
1435 2252 1567 2309 nulli
1593 2266 1750 2323 posse
1781 2264 2044 2306 arcanum

456 2349 612 2412 illud,
662 2347 765 2402 nisi
800 2346 901 2403 soli
933 2344 1254 2415 imperatori
1294 2342 1588 2407 committi,
1646 2341 1713 2395 de
1748 2355 1857 2410 quo
1911 2339 2045 2395 illud

456 2439 638 2510 ipstuu
664 2436 1034 2509 perscriptum
1063 2444 1231 2491 esset.
1266 2433 1407 2500 Quid
1438 2433 1639 2505 igitur?
1679 2431 1889 2502 capitur
1936 2430 2043 2484 im-

457 2531 730 2599 peratoris
803 2530 1050 2585 salicitas
1087 2528 1194 2584 hac
1236 2527 1442 2591 fabula,
1476 2536 1528 2581 et
1575 2540 1700 2580 cum
1755 2523 1954 2579 Photio
1988 2523 2045 2577 in

458 2624 690 2695 gratiam
729 2622 891 2678 redit.
928 2620 1118 2677 Solent
1149 2622 1296 2676 enim
1330 2619 1545 2683 fausti».
1575 2617 1829 2689 quamvis
1861 2616 2044 2671 vanis-

456 2717 608 2771 simas
671 2716 1086 2786 prtedicationes
1121 2714 1396 2771 excelsam
1446 2722 1501 2769 et
1544 2711 1731 2785 gloriae
1768 2718 2045 2781 appeten-

454 2809 651 2864 tiorcm
689 2807 922 2863 indolem
953 2807 1177 2862 eludere
1200 2817 1255 2862 et
1281 2820 1545 2861 enervare
1572 2843 1588 2870 ,
1624 2802 1949 2872 penitusque
1986 2801 2040 2855 in

456 2914 612 2955 suam
650 2909 976 2970 potestatem
1027 2899 1297 2968 redigere.
1353 2896 1481 2952 [hcc
1511 2896 1650 2951 inter
1686 2895 1949 2951 Basilium
1986 2901 2042 2948 et

454 2991 712 3047 Plautium
742 2992 895 3062 origo
935 2990 1341 3046 familiaritatis.
1397 2991 1540 3045 Hinc
1595 2987 1850 3044 Ecclesia:
1886 2998 2039 3043 tran-

455 3086 660 3150 quillus
686 3092 863 3140 status
898 3083 1148 3139 funditus
1201 3098 1452 3140 eversus.
1491 3081 1619 3138 Haec
1645 3084 1835 3153 prima:
1863 3082 2039 3137 turbae

457 3192 506 3233 et
528 3179 891 3235 dissensionis
915 3179 1315 3249 redintegratio.
1336 3178 1476 3236 Hinc
1494 3178 1747 3234 assiduus
1763 3178 1816 3233 in
1836 3176 2039 3246 palatio

457 3268 690 3326 letius
718 3270 1154 3328 benevolentiam
1179 3272 1533 3342 imperatoris
1595 3270 1783 3327 furtim
1808 3271 2036 3341 collige-

455 3365 570 3429 bat,
604 3374 657 3421 et
695 3363 917 3421 demum
960 3367 1078 3421 suis
1109 3366 1406 3435 praestigiis
1434 3374 1489 3420 et
1516 3380 1732 3417 morum
1763 3352 2038 3418 illecebris

457 3466 631 3511 totum
674 3456 777 3511 sibi
837 3458 1014 3512 virum
1066 3456 1386 3512 vindicavit.
1436 3454 1660 3510 Exstitit
1689 3471 1814 3509 mox
1844 3463 1898 3509 et
1933 3453 2039 3508 alia

455 3549 880 3605 nece~situdinis
910 3550 1152 3614 occasio,
1171 3549 1498 3605 Theodorus
1523 3549 1614 3603 ille
1645 3548 1836 3601 habitu
1863 3554 2040 3601 veste-

451 3657 559 3711 que
614 3641 668 3695 in
738 3642 977 3712 speciem
1028 3641 1356 3707 monachus,
1414 3641 1660 3696 omnium
1705 3648 1888 3694 autem
1940 3638 2042 3692 im-

455 3733 755 3801 proborum
839 3734 1315 3805 improbissimus,
1371 3742 1428 3787 et
1507 3742 1854 3788 versutorum
1917 3746 2041 3786 ver-

453 3829 808 3892 sutissimus,
908 3829 1361 3887 Santaharenus.
1431 3828 1694 3899 inquam,
1758 3828 1826 3883 de
1892 3842 2039 3897 quo,

454 3919 671 3997 opinor,
714 3919 1002 3975 audivistis
1038 3934 1251 3975 omnes.
1302 3917 1460 3974 Hunc
1518 3920 1707 3980 nescio
1762 3919 2040 3989 quomodo

451 4020 728 4080 repertum
761 4013 926 4081 (nam
990 4027 1172 4082 pares,
1210 4021 1272 4067 ut
1307 4010 1531 4071 dicitur,
1555 4024 1680 4064 cum
1708 4009 1932 4080 paribus
1958 4009 2039 4062 fa-

452 4106 557 4161 cile
598 4110 1155 4177 congregantur),.ut
1194 4106 1374 4159 virum
1417 4103 1680 4175 singulari
1729 4102 2038 4166 sanctitate,

451 4198 818 4268 prtescientia,
842 4215 1137 4265 rerumque
1161 4198 1470 4254 futurarum
1494 4197 1807 4269 cognitione
1833 4197 2040 4268 pollen-

450 4292 725 4347 tissimum
746 4309 760 4345 :
783 4292 982 4361 quibus
1012 4274 1509 4348 tamen'virtutibus
1531 4308 1637 4348 non
1663 4292 1839 4349 solum
1864 4293 2039 4348 caruit

451 4384 746 4449 omnibus,
776 4384 869 4439 sed
900 4394 1113 4451 contra,
1149 4393 1205 4440 ut
1236 4386 1428 4450 aiunt,
1460 4386 1688 4456 magicis
1718 4387 2033 4458 prazstigiis,

450 4483 505 4527 ct
554 4473 863 4539 ariolamli,
914 4475 1283 4551 coniectandi,
1327 4477 1671 4539 incantandi;
1715 4478 2038 4548 animasque

2152 1977 2326 2044 εἷπον,
2356 1979 2717 2050 ἀποθέμενος,
2754 1974 2873 2031 εἶτα
2920 1976 3071 2049 ὥρας
3105 1977 3327 2031 εὐθέτου
3356 1974 3721 2047 δραξάμενος,

2150 2072 2485 2127 ἐπιδείκνυσι
2512 2072 2590 2144 τῷ
2617 2070 2847 2142 βασιλεῖ,
2873 2071 2949 2135 ὡς
2972 2071 3187 2124 πάντων
3217 2071 3309 2123 καὶ
3338 2068 3556 2140 βιϐλίων
3597 2067 3729 2121 θαυ-

2153 2167 2497 2237 μασιώτατον
2543 2165 2640 2218 καὶ
2681 2163 3092 2235 μυστικώτατον
3121 2162 3203 2219 ὃν.
3240 2163 3554 2233 Σκήπτεται
3589 2162 3732 2214 ἁπο-

2151 2261 2265 2330 ρεῖν
2285 2299 2300 2323 ,
2358 2258 2458 2312 οὐκ
2490 2258 2650 2320 αὐτὸς
2684 2260 2843 2327 μόνος
2864 2246 2890 2315 ,’
2914 2255 3028 2308 ἀλλ’
3057 2255 3165 2308 οὐδ’
3195 2254 3354 2318 ἄλλος
3393 2271 3497 2317 τις,
3534 2253 3727 2323 φησὶν,

2148 2352 2477 2424 ἀνθρώπων,
2509 2353 2539 2424 ἢ
2577 2350 2808 2413 Φώτιος,
2860 2350 3020 2403 τοῦτο
3067 2347 3362 2416 διαγνῶναι
3407 2344 3611 2401 δύναιτ’
3637 2343 3725 2399 ἀν.

2148 2446 2337 2498 Τοίνυν
2356 2444 2516 2507 εὐθὺς
2543 2442 2931 2498 ἀποστέλλεται
2954 2441 3088 2511 πρδς
3110 2439 3293 2495 αὐτόν.
3321 2434 3730 2511 Σχηματίζεται

2146 2541 2372 2604 ἐκεῖνος,
2423 2539 2499 2611 μὴ
2535 2538 2797 2594 δύνασθαι
2835 2538 2973 2609 πρὸς
3009 2538 3169 2593 ἄλλον
3213 2538 3389 2591 εἰπεῖν
3421 2535 3482 2589 τὸ
3515 2535 3731 2605 μυστή-

2149 2649 2285 2702 ριον,
2336 2631 2369 2702 ἢ
2412 2631 2550 2703 πρὸς
2598 2631 2759 2685 αὑτὸν
2817 2630 2959 2700 ὑπὲρ
3008 2623 3069 2684 οὗ
3117 2628 3214 2681 καὶ
3264 2628 3579 2697 γέγραπται
3628 2623 3726 2681 τοῦ

2155 2724 2436 2795 βασιλέως.
2468 2723 2533 2777 Τί
2564 2720 2655 2776 οὖν
2685 2740 2701 2790 ;
2728 2725 2960 2793 ἡττᾶται
2992 2721 3182 2776 λοιπὸν
3224 2721 3323 2791 τῆς
3372 2719 3727 2792 ῥᾳδιουργίας

2148 2816 2353 2884 ταύτης
2384 2818 2412 2869 ὁ
2440 2815 2737 2877 Βασίλειος,
2769 2814 3088 2868 ἀποτίθεται
3117 2813 3216 2884 τὴν
3244 2813 3591 2883 δυσμένειαν,
3624 2810 3725 2865 καὶ

2142 2908 2223 2972 είς
2256 2906 2605 2974 καταλλαγὰς
2658 2906 2910 2961 ἐντεῦθεν
2958 2908 3146 2977 χωρεῖ.
3184 2900 3306 2959 Οἵδε
3344 2905 3451 2973 γὰρ
3483 2906 3518 2974 η
3545 2901 3721 2973 ἀγαθὴ

2142 3002 2469 3073 πρόρρησις,
2503 2999 2609 3054 κᾶν
2634 2999 2717 3053 ὅτι
2752 2999 2988 3070 μάλιστα
3033 2996 3233 3068 ψευδὴς
3257 2991 3315 3067 ᾖ,
3349 2993 3719 3065 καταχαυνοῦν

2152 3095 2248 3149 καὶ
2298 3093 2511 3149 ἐκλύειν
2544 3093 2638 3147 καὶ
2672 3092 2799 3163 ὃλην
2847 3091 3047 3161 ἑαυτῆς
3100 3089 3372 3143 ποιεῖσθαι
3421 3087 3521 3157 τὴν
3551 3102 3721 3158 μεγαο

2144 3188 2384 3260 λόφρονα
2457 3190 2552 3242 καὶ
2625 3185 3037 3256 φιλοδοξοτάτην
3122 3182 3321 3254 ψυχήν.
3370 3181 3544 3235 Τοῦτο
3582 3177 3723 3249 πρὸς

2142 3282 2423 3336 Βασίλειον
2468 3281 2567 3351 τῆς
2595 3279 2691 3335 τοῦ
2725 3279 2934 3333 Φωτίου
2984 3276 3169 3348 φιλίας
3200 3277 3375 3348 ἀρχή⁹
3424 3273 3587 3328 τοῦτο
3620 3272 3726 3343 τῆς

2141 3374 2605 3445 ἑκκλησιαστικῆς
2631 3373 2858 3444 εἰρήνης
2891 3371 3157 3427 κατάλυσι
3175 3389 3211 3435 ·,
3246 3370 3342 3423 καὶ
3369 3367 3470 3439 τῆς
3497 3364 3728 3439 πρώτης

2142 3467 2554 3531 ἀκαταστασίας
2608 3466 2928 3531 ἀνανέωσις.
2995 3462 3277 3519 Ἐντεῦθεν
3325 3460 3565 3531 συνεχῶς
3607 3462 3727 3526 τοῖς

2145 3558 2438 3632 βασιλείοις
2469 3559 2497 3611 ὁ
2528 3557 2917 3627 πολυμήχανος
2947 3553 3311 3625 ὲπεχωρίαζε,
3343 3552 3593 3606 κλέπτων
3623 3552 3738 3624 at»

2141 3652 2242 3722 τὴν
2277 3649 2492 3705 εὔνοιαν
2519 3649 2612 3703 τοῦ
2645 3648 2995 3720 κρατοῦντος,
3019 3647 3141 3701 ὅλον
3164 3646 3220 3700 δὲ
3248 3646 3384 3716 πρὸς
3416 3645 3611 3699 ἑαυτζν
3633 3645 3726 3697 τὸν

2143 3744 2314 3816 ἄνδρα
2362 3744 2483 3807 ταῖς
2525 3741 2802 3813 γοητείαις
2836 3740 2942 3794 τῶν
2970 3739 3145 3809 λόγων
3176 3739 3268 3793 καὶ
3305 3736 3588 3808 αἱμυλίαις
3614 3736 3724 3790 τῶν

2142 3835 2361 3907 τρόπων
2386 3830 2950 3901 κατασκευαζόμενος.
2996 3826 3321 3895 Ἐπεγένετο
3349 3827 3407 3881 δὲ
3438 3825 3535 3881 καὶ
3582 3823 3718 3895 άλλη

2142 3945 2229 3991 τις
2260 3927 2421 3992 εὐθὺς
2458 3924 2790 3988 οἱκειώσεως
2838 3921 3085 3995 ἀφορμή.
3113 3919 3390 3990 Θεόδωρον
3418 3918 3549 3990 ’γὰρ
3578 3919 3719 3971 ὲκεί-

2142 4037 2233 4073 νον
2262 4018 2391 4089 ἄχρι
2419 4016 2824 4092 τοῦσχήματος
2853 4015 2962 4069 τῶν
2996 4012 3231 4084 ἱματίων
3256 4010 3455 4073 ἀϐϐᾶν,
3490 4010 3717 4065 πάντων

2143 4111 2199 4165 δὲ
2238 4109 2428 4163 δεινῶν
2477 4109 2605 4163 ὅντα
2634 4108 2958 4174 δεινότατον,
2992 4107 3086 4161 καὶ
3109 4102 3430 4174 πανούργων
3470 4118 3719 4172 πανουρο

2143 4206 2389 4274 γότατον,
2424 4202 2514 4256 τδν
2544 4200 2962 4273 Σανταϐαρηνὸν
2993 4196 3089 4253 οἷδ’
3116 4200 3199 4254 ὅτι
3231 4196 3424 4261 πάντες
3447 4193 3677 4249 ἀκούετε
3697 4209 3714 4225 ⁸

2142 4296 2330 4351 τοῦτον
2368 4297 2469 4351 οὐκ
2506 4293 2601 4349 οἷδ’
2643 4297 2790 4358 ὅπως
2837 4296 2866 4348 ὁ
2904 4293 3107 4357 Φώτιος
3137 4288 3389 4363 εὑρηκὼς
3442 4287 3574 4357 (καὶ
3611 4286 3723 4358 γὰρ

2142 4390 2221 4460 τῷ
2249 4390 2420 4462 ὁμοίῳ
2445 4388 2635 4455 αὐτοῦ,
2669 4390 2812 4443 κατὰ
2832 4389 2933 4461 τὴν
2968 4388 3290 4459 παροιμίαν,
3308 4382 3722 4457 προσκολληθή·

2145 4502 2295 4538 σεται
2324 4483 2507 4555 ἀνὴρ),
2540 4483 2617 4547 ὡς
2655 4482 2823 4553 ἀνδρα
2869 4482 3044 4549 ἅγιον,
3083 4482 3178 4535 καὶ
3238 4477 3720 4551 διορατικώτατον,

449 4567 714 4621 evocandi
748 4569 960 4623 artibus
999 4569 1228 4639 insignis
1266 4571 1572 4626 habebatur
1605 4586 1617 4625 :
1679 4573 1823 4628 hunc
1863 4572 2035 4641 impe-

2143 4576 2236 4628 καὶ
2291 4574 2795 4645 προφητικώτατον,
2819 4573 2994 4627 ταῦτα
3036 4572 3135 4642 μὲν
3187 4573 3292 4626 οὐκ
3337 4570 3490 4636 ὄντα,
3522 4570 3718 4636 πόθεν;

453 4659 620 4712 ratori
675 4661 857 4728 sistit,
925 4663 1315 4735 immensisque
1374 4665 1709 4721 celebratum
1776 4667 2029 4722 laudibus

452 4754 822 4840 commendat.
856 4753 1105 4825 Cumque
1135 4755 1248 4825 jam
1283 4758 1611 4825 imperatore
1640 4757 1835 4812 intimo
1875 4756 2034 4812 fatui-

448 4842 856 4916 liarissimoque
882 4856 1146 4917 uteretur,
1177 4849 1404 4906 Photius
1431 4867 1525 4920 per
1560 4867 1682 4907 eum
1708 4851 2034 4922 patriarchae

446 4937 659 5005 lgnatio
686 4938 991 5008 insidiatur,
1011 4940 1304 5013 sedemque
1340 4945 1598 5000 amissam
1630 4945 1843 5011 occulte
1876 4960 2032 4998 recu-

448 5045 643 5100 perare
676 5043 942 5099 conatur,
995 5035 1212 5105 sibique
1257 5037 1438 5091 denuo
1481 5038 1717 5093 reditum
1767 5039 2032 5107 sacrilege

447 5131 747 5192 comparat.
776 5123 932 5191 Quod
954 5136 1133 5181 tamen
1158 5128 1245 5182 ubi
1274 5128 1390 5183 fore
1412 5129 1626 5183 didicile
1651 5132 1843 5194 sensit,
1872 5146 2031 5201 aper-

449 5222 521 5275 te.
571 5223 632 5270 ut
676 5216 728 5268 in
773 5219 1137 5274 sacerdotium
1180 5222 1578 5285 restitueretur,
1613 5238 1641 5277 a
1685 5223 1800 5278 viro
1836 5235 2030 5278 sancto

438 5303 594 5357 omni
630 5320 734 5374 ope
770 5309 1077 5363 contendit.
1123 5308 1229 5364 Sed
1258 5312 1567 5381 patriarcha
1605 5329 1877 5369 canonum
1940 5316 2029 5369 di-

443 5397 722 5464 vinorum,
758 5397 1047 5471 legumque
1077 5380 1573 5461 ecclesiastiitarum
1614 5408 2030 5465 observantissi-

448 5503 591 5554 mus,
628 5492 848 5547 tametsi
878 5493 1229 5550 vehementer
1266 5498 1617 5564 sollicitatus,
1663 5499 1812 5554 illum
1846 5510 2024 5558 tamen

448 5578 593 5634 haud
625 5582 868 5648 admisit,
902 5600 1001 5641 nec
1026 5589 1293 5657 grassanti
1329 5590 1455 5661 lupo
1483 5591 1718 5646 reditum
1737 5591 1803 5647 ad
1824 5591 2024 5648 Christi

445 5669 661 5725 caulam
686 5662 933 5741 indulsil,
956 5692 1021 5731 ne
1039 5692 1221 5735 secum
1241 5681 1356 5751 ipse
1377 5691 1663 5752 pugnaret,
1680 5698 1918 5755 suasque
1938 5700 2028 5754 op-

447 5777 711 5834 pugnaret
754 5770 1199 5840 subscriptiones.
1229 5776 1533 5847 mcritoque
1566 5774 1759 5834 deinde
1775 5777 2022 5850 degradu

441 5857 721 5927 dignitatis
734 5863 1133 5924 deturbaretur.
1150 5867 1282 5925 Nam
1304 5885 1334 5927 ε
1362 5872 1569 5942 synodo
1581 5871 1682 5929 rite
1698 5885 2024 5930 exauctora-

2138 4666 2400 4736 πολλοῦγε
2451 4670 2545 4722 καὶ
2569 4668 2679 4719 δεί”
2721 4668 2985 4737 μαντικῆς
3014 4665 3091 4732 δὲ,
3129 4664 3330 4736 μᾶλλον
3360 4663 3419 4718 δὲ
3450 4662 3716 4734 μαγικῆς,

2136 4760 2290 4829 φασὶ,
2323 4760 2420 4813 καὶ
2448 4761 2905 4832 ὀνειφκριτικῆς,
2939 4762 3060 4832 ἢτοι
3093 4758 3484 4829 δαιμονιὼδους
3528 4755 3714 4825 σοφίας

2134 4852 2229 4905 καὶ
2251 4852 2489 4924 ψυχικῆς
2522 4853 2898 4923 μετεσχηκότα
2922 4853 2999 4924 τῷ
3028 4852 3395 4925 αὐτοκράτορι
3424 4851 3706 4925 προσάγεις

2135 4946 2227 4999 καὶ
2283 4945 2499 5017 μυρίοις
2567 4946 2810 5008 ἐπαίνοις
2844 4947 3178 5023 προσοικειοῖ
3208 4963 3224 4978 ο
3278 4946 3373 4999 καὶ
3430 4944 3712 5014 ὲγκόλπιον

2135 5038 2283 5109 αὑτῷ
2331 5038 2721 5110 ποιησάμενος,
2752 5038 2829 5110 τῷ
2868 5039 3183 5111 πατριάρχῃ
3218 5056 3316 5110 μεν
3358 5038 3716 5097 ἐπεϐούλευε,

2136 5132 2229 5185 καὶ
2264 5132 2363 5202 τὴν
2396 5132 2504 5186 ἀπὸ
2548 5132 2641 5185 τοῦ
2688 5133 3085 5204 πατριαρχείου
3144 5132 3291 5203 ρίψιν
3317 5132 3387 5187 δι’
3421 5133 3586 5187 αὐτοῦ
3623 5131 3723 5203 βα-

2134 5224 2272 5287 θέως
2297 5224 2522 5290 ἐπάγειν
2553 5225 2833 5293 ἐπειρᾶτο,
2863 5224 3042 5297 ἑαυτῷ
3081 5226 3137 5280 δὲ
3164 5222 3324 5289 αὖθις
3363 5224 3581 5295 ἀνόμως
3616 5223 3714 5295 τὴν

2131 5316 2396 5371 ἀνάϐασιν
2433 5318 2653 5387 ἐμνᾶτο.
2724 5319 2875 5372 Ἐπεὶ
2905 5319 2963 5372 δὲ
3012 5317 3171 5373 τοῦτο
3225 5317 3435 5373 συνεῖδε
3478 5312 3716 5390 σκληρὸν

2131 5409 2211 5473 ὃν,
2245 5410 2493 5481 φανερῶς
2523 5413 2600 5474 είς
2638 5412 2939 5483 ίερωσύνην
2971 5412 3123 5484 παρά
3166 5412 3260 5468 τοῦ
3315 5414 3476 5483 ἀγίου
3514 5412 3706 5484 δεχθῆ-

2132 5523 2238 5569 ναι,
2264 5507 2442 5559 πᾶσαν
2469 5507 2779 5578 ἐμηχανᾶτο
2815 5510 3083 5579 μηχανήν.
3122 5508 3268 5563 Ἀλλ’
3300 5512 3331 5564 ὁ
3361 5509 3714 5581 πατριάρχης

2130 5598 2317 5652 κανόσι
2376 5598 2511 5653 Θεοῦ
2586 5603 2678 5653 καὶ
2726 5600 2947 5671 θεσμοῖς
3031 5602 3513 5675 ὲκκλησιαστικοῖς
3578 5604 3716 5658 ἀκο-

2128 5690 2359 5756 λουθῶν,
2384 5691 2561 5746 καίτοι
2603 5710 2665 5763 γε
2701 5694 2873 5749 πολλὰ
2917 5695 3365 5768 παρενοχληθεὶς,
3393 5696 3455 5750 οὐ
3490 5693 3718 5749 κατεδέ-

2128 5783 2276 5850 ξατο,
2300 5782 2420 5837 οῦδὲ
2449 5782 2526 5863 τῷ
2584 5785 2751 5856 φονίῳ
2784 5784 2934 5859 λύκῳ
2977 5787 3120 5843 κατά
3152 5787 3246 5842 τοῦ
3284 5784 3537 5856 ποιμνίου
3568 5784 3714 5854 πάρ-

2127 5878 2245 5931 οδον
2279 5875 2573 5948 παρέσχεν,
2606 5878 2694 5936 ἵνα
2724 5877 2800 5951 μὴ
2832 5880 2995 5946 αὐτὸς
3038 5880 3217 5952 ἑαυτῷ
3243 5877 3580 5953 περιπεσὼν,
3616 5877 3714 5937 καὶ
