4150 6298
498 394 607 461 569

1563 380 1751 460 VITA‘
1783 396 1844 458 s.
1866 394 2167 458 IGNATII
2204 396 2319 458 cr.
2348 397 2709 460 ARCHIEP.

3642 395 3750 461 5'70

483 513 604 574 ταῖς
631 508 790 573 ἰδίαις
833 506 1179 571 ἔναντιωοεὶς
1202 506 1540 578 ὁμολογίαις,
1569 509 1794 572 ἐνδίκως
1828 509 2065 561 ἀποστε-

2176 517 2304 572 lum,
2340 526 2447 564 non
2481 512 2644 566 modo
2668 508 3013 582 provinciali,
3042 511 3138 568 sed
3165 510 3330 567 etiam
3356 509 3619 583 generali,
3650 511 3765 571 imo

412 590 413 593 η
489 603 626 674 ρηοῇ
657 603 760 672 τῆς
797 601 991 672 τιμῆς.
1042 599 1148 654 Τὸν
1195 600 1305 672 γὰρ
1352 600 1458 654 ὑπὸ
1504 602 1725 671 συνόδου
1764 599 2069 665 κανονικῶς

486 690 891 764 καθῃρημένον,
918 691 977 744 οὐ
1000 692 1234 761 μερικῑκ
1260 693 1444 762 μόνον,
1478 693 1614 749 ἀλλὰ
1669 696 1765 747 καὶ
1807 694 2066 763 οίκουμε-

484 790 665 854 νικῆς,
723 784 928 855 μᾶλλον
972 783 1029 836 δὲ
1066 783 1142 847 ὡς
1195 783 1330 855 μηδὲ
1376 785 1479 857 τὴν
1545 788 1721 858 ἀρχὴν
1791 784 2069 853 ὲνοέσμως

482 881 583 951 τῆς
615 879 903 950 ίεραρχίας
933 877 1215 947 ἁψάμενον
1279 877 1442 933 πλέον
1481 879 1646 932 αὑτὸν
1677 879 2068 947 ἀποκεκηρυγ-

386 1032 389 1033 ν
492 976 677 1044 μόνον,
708 973 993 1043 ἀμήχανον
1024 965 1167 1024 εἶναι
1195 970 1490 1025 διετείνετο
1517 971 1647 1025 ἄνευ
1702 970 1923 1023 συνόδου
1952 968 2075 1040 μεί-

489 1068 643 1132 ζονος
709 1067 802 1118 καὶ
860 1065 1203 1136 κυριωτέρας
1274 1063 1606 1118 ἀθωοῢσθαι.
1667 1063 1807 1116 Ἀλλ’
1862 1062 2067 1124 ἱκεῖνος

489 1159 703 1221 οὐδενὸς
737 1157 894 1225 λόγον
929 1158 1149 1219 κανόνος
1187 1155 1220 1227 ἢ
1268 1156 1438 1225 νόμου
1494 1154 1819 1225 ποιούμενος
1848 1194 1861 1216 ,
1892 1150 2073 1222 ἐαυτῷ

490 1253 561 1306 τὰ
609 1252 707 1317 τῆς
759 1250 1060 1322 ἱερωσύνης
1117 1251 1387 1321 ἐπέτρεψε
1422 1267 1437 1281 ·
1472 1249 1564 1302 καὶ
1616 1248 1717 1319 ἤδη
1761 1247 1898 1319 πρὸς
1960 1248 2073 1310 τοῖς

477 1344 787 1416 -βασιλείοις
818 1342 912 1397 ἐπὶ
935 1346 1000 1413 τῇ
1022 1342 1186 1411 καλου
1198 1343 1337 1417 μένῃ
1362 1341 1674 1413 Μαγναύρᾳ
1723 1339 2069 1412 καταμένων,

495 1438 761 1509 ἐξάρχους
802 1454 863 1490 τε
902 1435 1290 1506 προεϐάλλετο,
1340 1435 1782 1507 καὶχειροτονίας
1800 1433 2071 1498 ἐπετέλει,

493 1531 587 1583 καὶ
619 1529 719 1583 ὅσα
753 1528 885 1601 πρὸς
931 1527 1090 1598 ὕϐριν
1124 1527 1224 1613 μὲν
1260 1531 1358 1600 τῆς
1402 1526 1729 1597 Ἐκκλησίας
1772 1526 1866 1579 τοῦ
1888 1521 2071 1596 θεοῦ,

493 1616 672 1688 θλίψιν
716 1616 773 1670 δὲ
830 1617 927 1670 τοῦ
982 1616 1346 1688 πατριάρχου,
1382 1614 1663 1670 ἀπώλειαν
1699 1613 1757 1667 δὲ
1790 1613 1890 1683 τῆς
1934 1613 2075 1677 ιδίας

488 1698 689 1777 ψυχῆς,
717 1705 949 1767 ἀνοσίως
973 1706 1001 1757 ὁ
1028 1704 1396 1767 ἀνοσιώτατος
1440 1703 1752 1772 εἰργάζετο.
1781 1700 1941 1755 Οὕτω
1973 1700 2076 1769 τῆς

489 1798 778 1872 βασιλικῆς
802 1794 1019 1859 εὐθείας
1055 1796 1401 1865 κατεφρόνει,
1435 1792 1637 1866 μᾶλλον
1665 1792 1722 1848 δὲ
1749 1793 1849 1864 τῆς
1875 1791 2076 1863 ἀνοχῆς

2174 602 2267 671 qui
2316 619 2413 657 nec
2447 604 2515 658 ab
2559 604 2715 659 initio
2759 603 2977 673 quidem
3011 619 3249 675 unquam
3295 602 3539 673 legitime.
3576 606 3762 661 sedem

2175 711 2386 750 sacram
2414 707 2759 764 occupasset,
2780 706 2945 766 atque
2977 698 3203 767 insuper
3232 696 3445 767 publice
3471 695 3767 754 damnatus

2173 793 2467 855 esset,uisi
2516 792 2705 863 majori
2753 802 2807 848 et
2864 790 3147 862 amplioris
3173 790 3520 846 auctoritatis
3556 791 3766 863 synodo

2176 895 2286 936 non
2330 897 2488 951 posse
2530 881 2740 937 absolvi
2776 880 3163 936 contendebat.
3211 879 3282 936 At
3327 879 3417 937 ille
3457 879 3766 936 canonibtts

2176 972 2496 1044 legibusque
2521 975 2869 1045 contemptis.
2895 973 3147 1042 ultroque.
3176 974 3278 1029 sibi
3322 975 3632 1030 sacerdotio
3658 973 3756 1028 de-

2175 1080 2286 1120 nuo
2333 1075 2609 1136 arrogato,
2667 1065 2891 1121 sedebat
2933 1066 2988 1120 in
3041 1065 3185 1133 regia
3243 1063 3540 1137 Magnaura
3595 1065 3765 1128 dicta,

2175 1158 2517 1215 constituens
2544 1159 2833 1222 exarchos,
2870 1167 2925 1212 et
2968 1172 3156 1213 sacros
3185 1158 3408 1211 ordines
3452 1156 3766 1213 conferens.

2176 1245 2312 1302 Nam
2351 1247 2618 1318 quidquid
2666 1248 2732 1302 ad
2789 1247 3046 1303 Ecclesiae
3093 1247 3506 1313 contumeliam,
3555 1246 3770 1316 virique

2176 1339 2351 1394 sancti
2382 1338 2750 1401 aﬂlictionem,
2782 1354 3051 1408 suumque
3079 1337 3253 1408 ipsius
3296 1337 3522 1393 exitium
3553 1347 3768 1406 specta-

2177 1430 2287 1497 bat,
2320 1431 2582 1503 sacrilege
2616 1431 3035 1503 profanissimus
3065 1431 3319 1486 audebat:
3359 1430 3498 1484 adeo
3526 1430 3768 1499 impera-

2178 1526 2315 1580 toris
2341 1525 2710 1595 simplicitate.
2741 1525 2853 1579 imo
2888 1524 3049 1594 longa
3090 1523 3182 1578 Dei
3211 1522 3466 1594 patientia
3504 1533 3559 1577 et
3593 1522 3768 1592 paeni-

2176 1617 2359 1672 tentia:
2421 1618 2825 1688 exspectatione
2910 1617 3117 1672 abusus
3194 1619 3359 1672 homo
3441 1615 3768 1671 ambitiosus

2178 1710 2515 1780 pessimique
2574 1710 2853 1781 exempli,
2915 1719 2970 1765 et
3021 1710 3278 1781 palatinis
3334 1710 3594 1765 omnibus
3659 1708 3765 1764 sibi

2181 1802 2512 1866 conciliatis,
2534 1819 2774 1873 suasque
2799 1805 2852 1858 in
2875 1802 3061 1874 partes
3080 1803 3364 1864 traductis.
3397 1803 3597 1858 latente
3622 1801 3770 1856 intus

485 1888 581 1943 τοῦ
624 1886 760 1941 Θεοῦ
789 1887 883 1940 καὶ
920 1886 1306 1957 μακροθυμίας
1333 1887 1362 1939 ὁ
1396 1884 1695 1955 ὃοξοχαρὴς
1736 1884 1941 1946 ἐκεῖνος
1978 1884 2071 1937 καὶ

2179 1896 2388 1950 scelere
2415 1896 2606 1949 'multo
2640 1911 2802 1967 quam
2839 1905 3000 1951 antea
3040 1899 3213 1964 magis
3249 1897 3603 1967 apertiusque
3638 1911 3767 1967 pro-

490 1980 909 2042 σκανδαλοποιδς
923 1978 1019 2033 ἄνθ
1029 1988 1204 2051 ρωπος
1230 1978 1613 2050 ὑπερφρονῶν,
1633 1978 1727 2031 καὶ
1746 1978 1854 2030 πᾶν
1867 1976 1927 2030 τὸ
1949 1994 2015 2029 πε
2025 1976 2079 2046 pi

490 2074 581 2126 τὸν
602 2073 826 2143 βασιλέα
842 2071 902 2125 θε
913 2089 1116 2144 ραπευτ
1128 2073 1241 2126 ικδν
1266 2073 1359 2127 καὶ
1381 2072 1606 2125 οἰκίδιον
1621 2070 1649 2123 ὑ
1660 2068 1883 2123 ποποιού
1892 2086 2076 2150 μενος,

495 2166 590 2219 καῖ
611 2166 711 2238 τὴν
726 2165 1126 2236 ὲνδομυχοῦσαν
1147 2164 1293 2235 αύτῷ
1310 2165 1509 2218 κακίαν
1540 2163 1635 2217 καὶ
1660 2162 1927 2233 πονηρίαν
1943 2161 2079 2217 πολὺ

499 2259 699 2330 μᾶλλον
733 2260 767 2333 ἢ
791 2259 982 2331 πρώην
1003 2260 1259 2313 ἐντονωτὲ
1268 2276 1365 2328 ραν
1383 2257 1657 2312 ὲπιδεικνύ
1668 2274 1848 2327 μενος,
1864 2256 1958 2309 καὶ
1979 2256 2080 2325 τὴν

493 2354 605 2406 ἀπο
623 2353 720 2421 τῆς
743 2354 1017 2422 κοσμικῆς
1029 2353 1355 2418 δυναστείας
1401 2352 1580 2421 πολλῷ
1602 2352 1763 2405 πλέον
1793 2350 2079 2421 προσλαμ-

491 2445 789 2518 Gai/698w;
812 2446 1010 2516 ῥοπήν*
1034 2444 1187 2500 οὔπω
1200 2446 1356 2518 τρίτη
1377 2446 1515 2517 μετὰ
1526 2448 1624 2517 τὴν
1638 2444 1730 2500 τοῦ
1759 2445 1915 2513 ἁγίου
1938 2461 2083 2515 παρ’

494 2536 625 2604 ἦλθε
654 2536 984 2608 μετάστασιν
1015 2536 1221 2609 ἡμέρα,
1253 2538 1452 2591 καὶτὸν
1468 2536 2079 2609 πατριαρχικδνὲπικα-

497 2628 833 2700 ταλαμεάνει
851 2629 1059 2701 Θρόνον,
1073 2630 1167 2684 καὶ
1180 2630 1280 2701 τὴν
1295 2629 1460 2685 πάλαι
1478 2628 1781 2704 λῃστρικὴν
1797 2628 1963 2683 αὐτοῦ
1982 2629 2078 2684 καὶ

494 2723 828 2793 τυραννικὴν
851 2719 1100 2793 γνώμην,
1125 2721 1218 2776 καί¹
1246 2721 1345 2793 τὴν
1382 2721 1525 2775 κατὰ
1561 2720 1658 2776 τοῦ
1696 2720 1854 2790 ἁγίου
1878 2718 2081 2776 λύτταν

491 2813 906 2883 ἀνανεούμενος,
925 2817 1133 2879 πάντας
1152 2816 1249 2887 μὶν
1278 2814 1406 2878 τοὺς
1425 2814 1664 2879 οἰκείους
1686 2812 1895 2869 ἐκείνου
1913 2812 2077 2885 θεραο

490 2909 696 2973 πεντὰς
717 2908 985 2978 φυλακαῖς
1015 2911 1110 2963 καὶ
1130 2910 1367 2981 πληγαῖς
1396 2908 1491 2962 καὶ
1512 2907 1750 2979 ἔξορίαις
1773 2907 1866 2961 καὶ
1890 2906 2075 2980 θλίψε-

489 3022 576 3058 σιν
592 3008 911 3074 ἀνηκέστοις
928 3005 1251 3076 περιέϐαλεν
1269 3019 1286 3034 ⁸
1315 3004 1525 3066 πάντας
1545 3001 1601 3055 δι
1625 3002 1750 3064 τοὺς
1769 3000 2078 3070 ἀντιλέγονε

488 3114 587 3159 τας
616 3094 782 3149 αὑτοῦ
815 3097 879 3167 τῇ
911 3096 1103 3167 ἀνόδῳ,
1139 3096 1215 3159 ὡς
1235 3094 1296 3148 ού
1328 3090 1652 3155 κανονικῶς,
1684 3090 1801 3145 ἀλλ’
1821 3092 2076 3164 άθὲσμως

490 3185 586 3239 καὶΙ
629 3186 964 3257 παρανόμως
999 3186 1294 3260 γενομένῃ,
1359 3185 1581 3257 μυρίαις
1626 3185 1896 3247 ἐπινοίαις
1941 3200 2077 3238 κατ-

2183 1989 2324 2052 dito,
2375 1990 2660 2059 multoque
2711 1988 2920 2060 majore
2964 2004 3129 2060 quam
3178 1997 3336 2043 antea
3383 1987 3432 2042 vi
3486 1987 3769 2043 saecularis

2181 2082 2468 2152 potestatis
2493 2090 2829 2151 comparata,
2856 2097 2963 2135 non
2993 2089 3127 2148 toto,
3155 2096 3319 2149 quam
3340 2079 3581 2152 lguatius
3612 2078 3769 2134 obiec

2181 2183 2289 2240 rat,
2340 2173 2523 2229 triduo
2565 2172 2775 2242 elapso,
2828 2173 3065 2229 tribunal
3102 2172 3485 2243 patriarchale,
3515 2180 3768 2228 revocata

2180 2264 2409 2336 pristina
2450 2276 2500 2319 et
2532 2265 2834 2335 patricidali
2866 2258 3261 2337 tyrannicaque
3294 2276 3496 2331 mente,
3531 2280 3770 2336 occupa-

2179 2356 2293 2415 vit:
2322 2364 2377 2409 et
2421 2355 2609 2408 lurore
2636 2354 2902 2411 adversus
2941 2364 3191 2410 sanctum
3224 2365 3508 2423 renovato,
3542 2365 3770 2410 cunctos

2181 2445 2330 2500 illius
2375 2444 2713 2500 domesticos
2742 2459 2808 2499 ac
2849 2458 3040 2499 servos
3077 2444 3345 2500 custodiis
3368 2484 3384 2507 ,
3421 2439 3763 2509 verberibus,

2178 2534 2412 2602 exsiliis,
2441 2533 2676 2603 aliisque
2706 2534 3061 2590 intolerandis
3084 2536 3243 2591 malis
3283 2546 3334 2591 et
3371 2536 3638 2591 :erumnis
3667 2551 3767 2605 op-

2178 2625 2398 2698 pressit.
2451 2623 2795 2680 Provectioni
2850 2639 3019 2696 porro
3080 2625 3228 2681 illius
3280 2633 3473 2680 contra
3521 2625 3667 2697 leges
3712 2633 3770 2680 et

2180 2716 2493 2773 sanctiones
2526 2716 2928 2774 ecclesiasticas
2963 2716 3120 2775 facta:
3148 2718 3463 2788 quicunque
3495 2731 3769 2789 repugna-

2180 2811 2334 2879 bant,
2389 2811 2507 2875 lios
2535 2809 2683 2866 mille
2716 2811 2928 2868 artibus
2975 2811 3330 2881 expugnavit.
3387 2810 3537 2865 Alios
3566 2810 3769 2880 quippe

2180 2906 2502 2961 muneribus
2523 2914 2579 2960 ct
2622 2903 2931 2960 honoribus
2966 2904 3382 2975 permulcendo,
3422 2903 3505 2959 vel
3554 2904 3770 2960 sedium

2179 2994 2570 3065 episcopalium
2629 2995 3169 3064 permutatiouibus,
3219 2994 3287 3049 ad
3334 2995 3654 3051 societatem
3714 3002 3773 3050 et

2178 3087 2624 3143 communionem
2668 3087 2914 3142 attraxit.
2946 3087 3100 3143 Alios
3134 3088 3374 3158 primum
3411 3087 3767 3143 criminatio-

2181 3180 2344 3235 nibus
2388 3178 2761 3249 inauditisque
2790 3180 3082 3236 calumniis
3114 3178 3473 3246 traducendo,
3502 3181 3770 3251 graviter-

492 3245 823 3351 εστρατίιγει
850 3245 872 3312 1·
900 3245 993 3342 aii;
1011 3245 1467 3352 'pkv‘ﬁbpotcuxa‘t
1501 3282 1799 3354 ἀξιώμασι,
1833 3245 1929 3333 καὶ
1952 3275 2071 3348 θρό-

2184 3287 2301 3343 que
2329 3272 2660 3326 lancinando
2693 3289 2708 3339 ;
2745 3288 2885 3342 quos
2931 3280 3110 3349 tamen
3150 3272 3375 3327 eosdem
3418 3288 3545 3327 mox
3570 3314 3587 3339 ,
3621 3274 3667 3327 si
3710 3287 3770 3327 se

492 3391 599 3425 νων
630 3372 954 3444 μεταθέσεσι
1001 3373 1138 3443 πρὸς
1163 3373 1261 3444 τὴν
1296 3374 1415 3444 μετ’
1458 3373 1624 3429 αὐτοῦ
1658 3372 1942 3427 κοινωνίαν
1978 3373 2078 3425 ἐπ-

496 3467 760 3533 αγόμενος
782 3483 796 3497 ο
822 3465 915 3531 οὓς
944 3465 1001 3519 δὲ
1034 3466 1409 3537 συκοφαντῶν,
1430 3467 1523 3521 καὶ
1554 3464 2076 3538 ὲπάίσχρουργίαις

496 3559 755 3628 ἀρρήτοις
786 3558 1054 3627 διασύρων
1094 3559 1154 3612 τὸ
1190 3559 1434 3630 πρῶτον,
1462 3560 1559 3613 καὶ
1582 3559 1795 3629 πικρῶς
1816 3556 2077 3612 διαλοιδοο

503 3646 859 3719 ρούμενος,εἶ
886 3667 965 3713 τις
1006 3649 1188 3705 αὐτῶν
1234 3651 1385 3721 αύτῷ
1441 3652 1584 3722 μετὰ
1641 3651 1820 3706 ταῦτα
1885 3668 2076 3706 κοινω.

497 3738 609 3791 νεῖν
639 3737 1082 3810 ἀνωμολόγησεν,
1115 3740 1314 3815 αὔραις
1362 3742 1550 3815 φέρειν
1579 3741 1842 3813 ἐξαπίνης
1889 3744 2073 3796 ἐκεῖνα

492 3828 671 3884 πάντα
701 3831 1037 3903 παρεχώρει.
1071 3833 1181 3887 Καὶ
1207 3833 1620 3909 συλλειτουργδς
1659 3834 1808 3905 αὐτῷ
1832 3836 2074 3907 σήμερον

487 3926 818 3997 δ’ίερόσυλος
840 3926 1004 3997 χθές⁸
1037 3928 1141 3983 καὶ
1170 3929 1496 4003 ἱεροφάντης
1534 3931 1713 4002 μέγας
1754 3931 1851 3985 καὶ
1893 3930 2073 4001 τίμιος

485 4019 515 4070 ό
544 4018 787 4089 κλέπτης
831 4022 927 4074 καὶ
957 4022 1154 4089 πόρνος
1186 4024 1282 4076 καὶ
1309 4022 1536 4093 βέϐηλος
1558 4023 1752 4095 πρώην
1777 4022 1869 4077 ὑπ’
1903 4021 2070 4078 αὐτοῦ

491 4111 609 4183 μεθ’
649 4113 828 4182 ὅρκων
862 4114 1347 4185 ἀποδεικνύμενος.
1374 4115 1483 4181 Οὓς
1508 4116 1564 4169 δὲ
1597 4117 1736 4188 πρὸς
1765 4118 1865 4187 τὴν
1894 4115 2067 4171 αὑτοῦ

487 4203 774 4256 κοινωνίαν
806 4201 958 4275 ἑώρα
985 4204 1231 4276 στερρῶς
1273 4206 1705 4278 ἀνθισταμένους
1766 4208 2071 4279 (ἐνίσταντο

487 4292 544 4346 δὲ
588 4294 810 4359 πάντες,
850 4295 965 4349 ὅσοι
1010 4296 1228 4367 ἀληθῶς
1270 4300 1370 4368 τῆς
1404 4299 1796 4373 Χριστιανικῆς
1833 4300 2071 4366 πίστεως

490 4384 816 4455 ἀντείχοντο,
848 4386 924 4457 τῷ
953 4388 1058 4441 ὑπὸ
1075 4390 1239 4459 ἁγίας
1270 4391 1366 4445 καὶ
1398 4392 1791 4463 οἱκουμενικῆς
1849 4395 2070 4447 συνόδου

493 4475 787 4541 κανονικῶς
799 4478 1349 4555 άνατεθεματισμένῳ
1366 4485 1459 4538 καὶ
1474 4483 1689 4559 καθῃρη
1697 4486 1842 4557 μένῳ
1860 4487 2066 4539 ἐπικιν-

2187 3370 2253 3425 ad
2281 3368 2401 3440 ejus
2434 3378 2616 3439 partes
2649 3368 3053 3438 adiunxissent,
3087 3384 3255 3424 causa
3282 3379 3390 3424 tota
3419 3368 3598 3425 ventis
3618 3383 3771 3426 com-

2184 3462 2377 3529 missa,
2413 3462 2672 3518 absolvit.
2722 3460 2799 3517 lta
2839 3463 2933 3533 qui
2969 3464 3131 3517 modo
3162 3463 3241 3518 illi
3281 3463 3587 3534 sacrilegus
3626 3471 3768 3529 erat,

2183 3559 2232 3614 is
2258 3558 2433 3613 eidem
2465 3572 2587 3612 mox
2620 3566 2918 3630 symmysta
2954 3565 3010 3611 et
3040 3556 3419 3612 comminister
3448 3556 3632 3613 ﬁebat.
3661 3555 3773 3623 Qui

2181 3655 2338 3725 prius
2367 3653 2477 3717 l’ur,
2506 3652 2740 3718 adulter,
2784 3664 2838 3707 et
2877 3653 3141 3722 profanus
3170 3650 3239 3705 ab
3281 3651 3376 3707 illo
3421 3652 3769 3722 juratissimo

2182 3745 2534 3815 probabatur,
2568 3744 2659 3799 ille
2701 3727 2826 3799 mox
2868 3744 3045 3799 eidem
3080 3759 3312 3814 magnus
3338 3752 3394 3799 et
3422 3744 3769 3801 venerandus

2182 3851 2464 3892 sacrorum
2498 3833 2730 3891 antistes
2773 3834 3095 3890 habebatur.
3143 3833 3294 3902 Quos
3333 3843 3514 3889 autem
3556 3834 3610 3889 iu
3638 3850 3769 3889 sen-

2182 3928 2349 3984 tentia
2376 3928 2562 3983 lirmos
2604 3942 2759 3983 suam
2787 3925 3234 3981 communionem
3269 3926 3483 3995 penitus
3512 3927 3757 3981 aversari

2178 4022 2401 4077 videbat
2425 4038 2441 4078 :
2468 4020 2862 4075 aversabantur
2884 4031 3067 4075 autem
3101 4034 3297 4075 omnes
3328 4018 3423 4089 qui
3449 4033 3577 4074 vere
3606 4018 3737 4075 Chri

2178 4114 2344 4172 stiani
2392 4121 2572 4176 erant,
2603 4114 2810 4182 quique
2848 4126 3171 4183 persuasum
3196 4111 3503 4186 habebant.
3546 4126 3605 4167 se
3642 4126 3769 4167 cum

2176 4221 2244 4262 eo
2267 4205 2360 4276 qui
2391 4220 2419 4260 a
2442 4213 2631 4258 sancta
2652 4215 2705 4259 et
2727 4204 3068 4259 meumenica
3100 4204 3314 4276 synodo
3346 4206 3447 4259 rite
3470 4212 3771 4273 sancteque

2177 4298 2468 4353 damnatus
2517 4304 2665 4350 esset
2710 4304 2764 4350 et
2806 4295 3124 4365 depositus,
3160 4296 3283 4350 sine
3312 4309 3528 4350 summo
3573 4294 3771 4349 salutis

2176 4390 2419 4461 periculo
2459 4397 2512 4444 et
2553 4388 2722 4442 exitio
2760 4387 3173 4443 communicare
3200 4402 3308 4442 non
3345 4402 3534 4456 posse,
3592 4402 3770 4455 neque

2175 4498 2302 4537 cum
2353 4482 2447 4537 illo
2490 4481 2543 4535 in
2591 4497 2760 4535 unum
2806 4480 3008 4535 Christi
3049 4494 3251 4549 corpus
3296 4480 3636 4545 coalescere,
3672 4476 3769 4549 qui

487 4568 779 4624 δυνότατον
826 4571 1168 4645 λογιζόμενοι
1218 4578 1312 4630 καὶ
1359 4577 1603 4649 ὀλέθριον
1644 4580 1943 4642 κοινωνεῖν,
1972 4581 2069 4633 κα)⁸

2179 4575 2378 4629 millies
2402 4573 2770 4629 venerandam
2796 4573 3000 4627 Christi
3034 4587 3251 4627 crucem
3283 4572 3512 4642 pedibus
3536 4570 3763 4627 concul.

487 4663 570 4726 είς
606 4660 664 4716 ἓν
699 4663 858 4735 σῶμα
886 4666 1061 4737 τούτῳ
1102 4670 1537 4742 συγκεκρᾶσθαι,
1566 4672 1645 4742 τῷ
1682 4673 1944 4742 μυριάκις
1975 4674 2069 4725 τὸν

2176 4675 2377 4729 casset,
2406 4666 2655 4735 aliusque
2701 4682 2894 4719 omnes
2939 4681 3034 4735 per
3062 4665 3424 4735 chirographa
3467 4664 3516 4718 vi
3552 4672 3766 4718 extorta

484 4756 667 4824 τίμιον
716 4754 811 4809 τοῦ
855 4757 1093 4824 Χριστοῦ
1151 4763 1643 4835 καταπεπατηκότι
1693 4764 1949 4835 σταυρὸν,
1979 4766 2074 4819 καὶ

479 4844 695 4910 πάντας
755 4848 1095 4903 καταπατεῖν
1176 4848 1268 4903 διὰ
1346 4849 1446 4919 τῆς
1496 4852 1607 4905 τῶν
1675 4851 2066 4922 χειρογράφων

478 4939 838 5011 ἀπαιτήσεως
865 4939 1371 5014 καταϐιαζομὲνῳ),
1404 4942 1614 4998 τούτων
1651 4941 1744 4999 οὖν
1773 4946 1931 5008 ὅσους
1969 4963 2073 5016 φυ-

477 5029 669 5093 λακαῖς
732 5034 828 5085 καὶ
875 5033 1101 5103 μάστιξι
1140 5035 1367 5089 ’πείθειν
1391 5037 1492 5089 οὐκ
1523 5032 1659 5109 εἶχε,
1684 5038 1763 5109 τῷ
1791 5039 2064 5108 ὠμοτάτῳ

479 5122 700 5177 πάντων
774 5124 1084 5197 ἀνθρώπων
1139 5128 1235 5182 καὶ
1312 5129 1677 5202 ἀπηνεστάτῳ
1731 5133 2065 5204 παρέπεμπε

480 5217 719 5285 γαμϐρῷ
741 5229 755 5245 °
775 5217 927 5271 Λέων
952 5219 1008 5273 δὲ
1044 5214 1198 5285 οὗτος
1225 5215 1292 5291 ἦν
1316 5222 1343 5275 ὁ
1364 5222 1696 5293 καλούμενος
1718 5225 2063 5291 Κατάκαλος,

483 5307 581 5374 τῆς
618 5308 803 5377 βίγλας
826 5312 1191 5385 δρουγγάριος
1221 5314 1313 5367 ὑπ’
1346 5314 1514 5369 αὑτοῦ
1545 5316 1933 5387 προϐιϐασθείς
1958 5334 1971 5347 °
2007 5318 2066 5383 ὃς

485 5398 585 5465 τῆς
629 5402 797 5471 τιμῆς
852 5406 1015 5460 αὐτὸν
1066 5408 1457 5479 ἀμειϐόμενος,
1497 5410 1706 5475 πάντας
1754 5410 1882 5477 τοὺς
1928 5413 2065 5484 πρὸς

486 5484 647 5539 αὐτὸν
677 5493 1081 5562 πεμπομένους,
1137 5496 1227 5551 ἴνα
1250 5496 1433 5568 μικρῷ
1461 5497 1605 5571 λόγῳ
1620 5500 1716 5571 τὴν
1747 5499 2065 5570 μιαιφονίαν

486 5578 849 5648 παραστήσω,
906 5583 997 5637 ίσα
1035 5587 1265 5660 Λικινίῳ
1315 5588 1395 5660 τῷ
1441 5590 1609 5644 πάλαι
1661 5593 1727 5662 τῇ
1760 5593 1902 5646 κατὰ
1954 5593 2064 5647 τῶν

480 5668 658 5735 άῖίων
694 5669 938 5743 ὠμότητι
992 5679 1212 5750 ἐχρῆτο.
1253 5684 1364 5736 Καὶ
1412 5685 1643 5748 πολλοὺς
1697 5684 1797 5755 μὲν
1850 5687 2064 5739 ἀνεῖλεν

480 5764 613 5835 ἄχρι
641 5763 833 5832 τέλους
865 5766 962 5840 τὴν
1012 5771 1150 5846 ὑπὲρ
1177 5775 1275 5845 τῆς
1306 5776 1566 5848 ἀληθείας
1598 5777 1849 5833 ἔνστασιν
1895 5781 2062 5834 ἐνδει-

481 5854 756 5931 ξαμένους
794 5877 809 5893 ⁸
838 5861 1059 5930 πλείους
1079 5866 1135 5923 δὲ
1165 5868 1648 5943 τῶνιάνυποίστων
1677 5871 1931 5946 βασάνων
1966 5874 2059 5949 ητ-

2182 4760 2512 4816 conculcare
2557 4757 2876 4829 coegisset:
2933 4757 3052 4816 bos.
3081 4756 3326 4825 inquam,
3371 4771 3563 4811 onmes
3604 4765 3768 4825 quot-

2179 4864 2315 4925 quot
2344 4852 2583 4908 vinculis
2614 4850 2909 4921 ﬂagrisque
2938 4849 3187 4919 frangere
3215 4865 3321 4903 non
3347 4851 3581 4919 poterat,
3617 4846 3766 4902 afﬁni

2174 4964 2277 5003 suo
2302 4944 2473 5001 Leoni
2506 4952 2871 5015 cognomento
2899 4942 3174 5007 Catacalo,
3214 4942 3370 5010 biglre
3426 4956 3522 4997 seu
3554 4940 3768 5012 vigilia-

2170 5058 2292 5098 rum
2329 5039 2607 5111 praefecto,
2639 5053 2802 5109 quem
2836 5039 2951 5107 ipse
2980 5036 3046 5092 ad
3074 5052 3194 5091 eam
3228 5036 3545 5107 dignitatem
3573 5050 3765 5104 prove-

2169 5144 2343 5198 xerat,
2366 5132 2569 5187 homini
2600 5131 2906 5186 suavissimo
2929 5130 3443 5198 immanissimoque
3476 5128 3724 5183 tradebat
3747 5146 3761 5184 :

2166 5227 2260 5297 qui
2289 5235 2345 5279 nt
2389 5240 2448 5279 se
2485 5228 2549 5278 de
2584 5222 2847 5279 beneﬁcio
2878 5214 3090 5294 gratum
3130 5220 3437 5287 exhiberet,
3461 5222 3662 5277 missos
3692 5221 3760 5275 ad

2164 5334 2224 5373 se
2252 5329 2481 5373 cunctos
2517 5319 2599 5388 (ut
2626 5316 2776 5371 brevi
2804 5313 3179 5371 carniﬁcinam
3222 5314 3371 5369 illam
3398 5312 3761 5383 comprehen-

2164 5413 2331 5481 dam,
2376 5408 2658 5466 Liciniana
2708 5410 2948 5480 quadam
2993 5408 3330 5464 immanitate
3382 5406 3758 5463 excruciabat.

2165 5504 2243 5561 Ex
2277 5504 2478 5573 quibus
2508 5503 2711 5558 multos
2744 5518 2842 5573 pro
2866 5502 3093 5558 veritate
3116 5503 3183 5557 ad
3215 5517 3400 5557 necem
3428 5515 3601 5571 usque
3627 5516 3758 5568 pro-

2164 5605 2469 5669 pugnantes
2490 5598 2713 5653 sustulit
2737 5615 2751 5652 :
2780 5598 2965 5667 plures
2985 5608 3165 5653 tamen
3190 5594 3548 5651 intolerandis
3582 5593 3761 5650 victos

2168 5689 2475 5757 tormentis,
2518 5689 2762 5761 praeclari
2795 5690 3040 5745 muneris
3074 5689 3218 5755 loco,
3249 5688 3483 5744 mittenti
3507 5686 3753 5741 remitte-

2168 5785 2280 5840 bat.
2315 5782 2472 5851 Quis,
2509 5800 2605 5854 per
2650 5783 2819 5840 Deum
2854 5784 3243 5849 immortalem,
3290 5781 3550 5852 temporis
3588 5778 3756 5849 hujus

2164 5888 2642 5952 tempestatemet
2700 5878 3072 5951 iniquitatem,
3164 5879 3275 5935 imo
3329 5878 3454 5951 quis
3516 5872 3757 5932 tortuosi
