4134 6306
471 391 578 458 575

1669 385 1966 448 ΝΙΟΕΤίΕ
2010 383 2544 450 PAPHLAGONIS

3636 386 3752 454 576

491 530 3720 573 Μ

1409 722 1890 815 ΝΙΟΕΤίΕ
1964 717 2807 812 PAPHLAGONIS

1913 953 2027 1023 QUI
2074 954 2165 1011 ET
2221 953 2432 1010 DAVlD

1107 1138 1636 1201 EXPOSITIONIS
1671 1137 1752 1199 IN
1795 1133 2299 1198 EVANGELIUM
2337 1133 2550 1193 LUCAE
2602 1130 3073 1192 FRAGMENTA

1479 1333 1618 1396 ωλι,
1647 1329 1830 1397 Script.
1859 1332 1976 1384 νει.
2001 1338 2119 1382 tom.
2140 1329 2225 1390 IX,
2248 1344 2297 1394 p.
2323 1329 2436 1391 668,
2459 1327 2574 1390 670,
2603 1327 2740 1388 702.)

2051 1508 2125 1524 ﬂ

535 1638 668 1708 Cap.
701 1637 788 1704 Vl,
813 1649 952 1691 vers.
975 1635 1066 1690 32.
1111 1638 1178 1690 Et
1218 1635 1266 1690 si
1293 1633 1520 1706 diligitis
1539 1650 1624 1690 eos
1649 1634 1741 1706 qui
1772 1650 1860 1689 vos
1908 1634 2038 1689 dili-

2219 1635 2362 1704 Κεφ.
2396 1632 2486 1702 (τ,
2519 1633 2658 1705 στίχ.
2680 1634 2780 1705 λβ’.
2822 1634 2928 1689 Kal
2957 1635 3011 1688 si
3061 1632 3334 1704 ἀγαπᾶτε
3378 1634 3520 1704 τοὺς
3578 1636 3750 1706 ἄτιμ’

500 1744 616 1796 unt,
637 1741 745 1787 etc.
1118 1790 1123 1795 ,

500 1748 616 1796 um,
637 1748 745 1787 etc.
1118 1790 1123 1795 ,

461 1748 496 1804 9
536 1823 764 1890 Nicetis,
789 1822 882 1894 qui
909 1831 958 1875 et
982 1822 1177 1878 David.
1213 1819 1287 1877 Ex
1315 1821 1493 1876 tribus
1525 1829 1747 1878 constat
1775 1818 2042 1882 amicitia,

460 1915 791 1970 testantibus
841 1914 1227 1985 philosophis;
1278 1928 1344 1968 ex
1387 1915 1666 1983 voluptate
1719 1913 1954 1974 scilicet.
1987 1928 2054 1969 ex

463 2009 812 2073 necessitate,
852 2017 906 2064 ct
928 2008 1169 2076 virtute;
1216 2024 1453 2079 quarum
1485 2009 1608 2063 dua:
1639 2008 1853 2078 priores
1881 2007 2055 2062 insta-

461 2100 603 2157 biles
636 2106 788 2164 sunt',
827 2109 880 2157 et
934 2100 1160 2155 minime
1219 2111 1555 2164 constantes,
1606 2101 1807 2172 quippe
1843 2116 1965 2170 quae
1995 2100 2049 2156 in

460 2193 591 2249 ﬁliis
642 2193 927 2248 hominum
989 2191 1409 2247 fundamentum
1442 2208 1604 2249 suum
1651 2208 1760 2247 non
1790 2193 2048 2247 habeant.

461 2284 567 2342 Ubi
599 2288 743 2340 enim
778 2285 1016 2356 primum
1051 2286 1302 2355 voluptas
1335 2286 1610 2352 valedixit,
1654 2303 1718 2343 ac
1747 2287 2050 2343 necessitas

459 2381 714 2444 cessavit,
747 2379 1008 2451 philtrum
1045 2395 1266 2450 quoque
1296 2381 1637 2437 transvolat:
1685 2395 1858 2450 quare
1883 2380 2046 2437 etiam

460 2471 724 2542 temporis
749 2481 805 2528 et
831 2471 990 2542 spatii
1017 2472 1277 2528 distantia
1301 2473 1612 2529 amantibus
1640 2482 1823 2541 nocet,
1854 2475 2049 2529 amici-

459 2565 592 2620 tiam
621 2565 901 2621 oblivione
933 2582 1033 2622 ceu
1069 2567 1236 2623 densa
1262 2568 1499 2638 caligine
1527 2569 1856 2626 obvelando.
1875 2571 2050 2626 Econ-

459 2664 543 2712 tva
586 2674 709 2728 quae
746 2659 948 2714 virtute
978 2659 1172 2715 nititur
1221 2675 1327 2715 non
1359 2661 1476 2731 pari
1524 2660 1685 2717 modo
1723 2661 2044 2732 offuscetur,

460 2747 574 2802 imo
599 2764 694 2818 per
723 2763 886 2805 omne
920 2760 1136 2820 tempus
1157 2765 1224 2807 ac
1242 2752 1476 2823 spatium
1500 2752 1662 2807 durat
1693 2753 2044 2818 inconcussa,

457 2850 514 2895 et
534 2841 624 2896 ubi
651 2843 703 2897 in
734 2845 1080 2900 obstaculum
1103 2845 1327 2914 aliquod
1351 2845 1563 2912 incidit,
1590 2845 1641 2902 vi
1673 2857 1732 2902 et
1753 2847 2045 2917 splendore

459 2935 726 3004 augescit.
765 2934 903 2991 Hinc
926 2937 1040 3005 jam
1074 2952 1183 2991 non
1215 2938 1480 3005 amicitia,
1517 2938 1612 2994 sed
1651 2939 1896 2994 charitas
1929 2937 2043 3010 plc-

2154 1726 2398 1793 πῶντας
2445 1725 2617 1794 ὑμᾶς,
2659 1743 2715 1781 κ.
2749 1743 2802 1782 τ.
2831 1726 2883 1785 λ.

2220 1819 2486 1887 Νικήτου
2541 1820 2650 1875 τοῦ
2700 1819 2800 1875 καὶ
2851 1822 3048 1876 Δαϐίδ.
3093 1821 3206 1896 Τὴν
3241 1823 3426 1895 φιλίαν
3475 1825 3541 1879 ὲκ
3570 1824 3742 1898 τριῶν

2155 1914 2476 1970 συνεστάναι
2519 1913 2747 1980 τούτων,
2796 1914 3010 1984 ἡδονῆς,
3045 1917 3210 1988 φημὶ,
3269 1917 3365 1971 καὶ
3399 1917 3614 1988 χρείας,
3642 1917 3737 1972 καὶ

2150 2007 2374 2079 ἀρετῆς,
2426 2007 2614 2071 παῖδες
2665 2005 2845 2076 σοφῶν
2882 2009 3235 2077 ἀπεφήναντο
3261 2025 3276 2040 ·
3333 2009 3474 2063 ἀλλὰ
3505 2009 3606 2074 τὰς
3641 2009 3746 2080 μὲν

2151 2097 2376 2170 πρώτας
2402 2098 2496 2153 δύο
2551 2098 2755 2166 αἰτίας,
2793 2101 3110 2169 εὐκινήτους
3141 2096 3304 2164 εἶναι,
3362 2102 3424 2154 οὐ
3461 2101 3747 2171 μονίμους,

2113 2263 2120 2270 ι
2149 2191 2273 2246 οὐδὲ
2308 2191 2370 2244 τὸ
2398 2190 2618 2260 βέϐαιον
2664 2193 2726 2246 ἐν
2774 2193 2910 2256 υἱοῖς
2937 2191 3240 2264 ἀνθρώπιον
3276 2192 3528 2262 ἐχούσας.
3574 2191 3744 2262 Ὁμοῦ

2149 2283 2260 2356 γὰρ
2291 2281 2352 2337 τὸ
2388 2283 2582 2355 ἡδῦνον
2611 2283 2912 2344 πέπαυται,
2965 2285 3059 2337 καὶ
3102 2286 3135 2356 ὴ
3186 2283 3345 2355 χρεία
3373 2282 3743 2356 παρελήλυθε,

2150 2377 2245 2431 καὶ
2275 2375 2484 2441 τούτοις
2512 2374 2982 2446 συγκπαλέλυται
3032 2377 3093 2430 τὸ
3137 2377 3380 2448 φίλτρον.
3426 2377 3596 2431 Ὅθεν
3649 2377 3748 2432 καὶ

2148 2469 2340 2540 χρόνον
2379 2469 2475 2524 καὶ
2511 2469 2680 2522 τόπου
2735 2467 3018 2533 διάστασις
3041 2471 3153 2532 τοῖς
3185 2467 3329 2522 οὕτω
3374 2467 3590 2538 φιλοῦσι
3617 2467 3743 2522 ἑπι-

2149 2559 2426 2614 6ουλεύειν
2450 2556 2583 2623 οἶδε,
2617 2561 2719 2632 τήν
2755 2560 2938 2629 φιλίαν
2962 2562 3152 2633 ὥσπερ
3175 2560 3376 2635 ὁμίχλῃ
3409 2564 3615 2634 παχείᾳ
3643 2561 3743 2616 καὶ

2150 2648 2321 2722 ζόφῳ,
2351 2655 2418 2724 τῇ
2457 2651 2596 2724 λήθῃ
2626 2650 3107 2720 συγκαλύπτουσα.
3137 2652 3212 2706 Οὐ
3249 2651 3358 2723 μὴν
3408 2654 3503 2706 καὶ
3533 2654 3568 2724 ή
3602 2654 3748 2711 κατὰ

2147 2743 2349 2815 ἀρετὴν
2381 2743 2696 2798 συνεστῶσα
2724 2743 2815 2797 τὸν
2839 2745 2954 2798 ἴσον
2975 2743 3174 2819 τρόπον
3200 2743 3572 2816 ἀμαυροῦται,
3588 2746 3745 2802 ἀδιά-

2147 2851 2358 2898 πτωτος
2386 2835 2443 2889 δὲ
2475 2835 2567 2889 καὶ
2585 2835 3002 2908 ἀνεπηρέαστοςξ
3021 2835 3186 2888 παντὶ
3214 2833 3407 2907 χρόνου
3433 2836 3530 2890 καὶ
3555 2837 3727 2892 τόπου

2147 2923 2300 2994 μένει
2329 2923 2693 2994 διαστήματι,
2749 2926 2844 2978 καὶ
2876 2922 2988 2979 οὐδ’
3021 2924 3265 2994 ήτινιοῦν
3299 2925 3576 2997 προφάσει
3617 2926 3743 2982 δια-

455 3039 690 3094 rmnque
707 3041 1072 3097 nuncupatur,
1087 3044 1228 3098 quae,
1242 3029 1542 3085 secundum
1557 3035 1594 3084 A
1606 3031 1872 3100 postolum
1884 3073 1898 3096 ,
1910 3047 2039 3086 nun-

2151 3015 2365 3082 πίπτει,
2397 3016 2600 3085 μᾶλλον
2633 3017 2732 3088 μὲν
2760 3011 2853 3071 οὖν
2888 3016 2983 3071 καὶ
3009 3017 3333 3089 ἰσχυροτέρα
3362 3020 3457 3072 καὶ
3486 3017 3741 3091 λαμπρο-

447 3131 623 3188 ,ηιιοιη
675 3120 879 3176 deﬁcit.
916 3120 1300 3178 Benevolentia
1331 3123 1475 3178 enim
1509 3123 1768 3180 amicitiae
1827 3124 2044 3180 initium

455 3217 561 3274 est,
605 3209 749 3264 sicut
802 3210 936 3266 visio
992 3212 1492 3282 concupiscentiam
1553 3213 1720 3285 parit.
1782 3212 2040 3270 Amicitia

457 3311 622 3370 porro
650 3301 936 3357 cbaritatis
969 3303 1295 3374 principium
1325 3317 1378 3359 et
1401 3304 1563 3373 I'ous;
1596 3305 1838 3364 charitas
1860 3315 2042 3362 autem

455 3403 620 3465 caput
647 3403 734 3450 est
785 3395 919 3467 legis
947 3407 1001 3452 et
1034 3398 1451 3468 prophetarum.
1498 3399 1556 3454 Id
1591 3400 1814 3472 quidem
1861 3401 2045 3456 multis

455 3501 781 3558 persuasum
832 3500 938 3559 est,
992 3494 1290 3549 amicitiam
1344 3495 1602 3553 inanibus
1662 3513 1807 3568 saepe
1869 3498 2046 3554 verbis

458 3590 771 3638 contentam
822 3599 966 3652 esse,
991 3587 1316 3643 charitatem
1347 3597 1530 3645 autem
1554 3605 1614 3644 re
1646 3605 1770 3646 vera
1799 3591 2039 3661 probari.

455 3670 726 3740 Quocirca
753 3677 918 3733 etiam
951 3694 1094 3736 verm.
1121 3681 1411 3738 charitatis
1456 3683 1762 3753 discipulus
1790 3701 1892 3741 nos
1917 3699 2042 3740 mo.

455 3775 550 3820 net
575 3777 633 3821 ut
658 3783 718 3823 re
753 3768 870 3838 ipsa
897 3786 964 3825 ac
984 3773 1272 3841 veraciter,
1292 3789 1394 3831 nec
1419 3774 1708 3833 verborum
1739 3776 2037 3846 illecebris,

452 3873 558 3915 nos
586 3860 930 3920 adatuetlus.

521 4119 656 4192 Cap.
682 4121 818 4192 Vill,
840 4141 985 4182 vers.
1007 4127 1063 4183 5.
1084 4126 1233 4183 Exiit
1257 4131 1349 4201 qui
1380 4132 1604 4186 seminat
1633 4135 1914 4198 seminare,
1929 4144 2036 4192 ctc.

524 4295 732 4358 Niseia:
768 4298 1148 4374 Paphlagonis.
1177 4303 1312 4362 Vide
1347 4323 1418 4363 ue
1443 4323 1627 4364 semen
1658 4309 1904 4366 divinum
1939 4327 2037 4382 per

448 4388 691 4447 volatilia
725 4394 872 4461 caeli,
903 4395 953 4450 id
979 4406 1060 4453 est
1087 4413 1183 4468 per
1209 4399 1435 4470 spiritus
1461 4401 1744 4471 mthereos,
1781 4404 2035 4460 dissemi-

449 4493 630 4546 netur.
651 4501 786 4542 neve
802 4487 986 4545 cordis
1004 4491 1079 4546 tui
1107 4491 1281 4550 fomes
1306 4493 1710 4567 exstinguatur.
1737 4497 1791 4553 Id
1815 4514 2035 4570 quoque

449 4591 583 4633 cura
613 4595 678 4635 ne
707 4581 935 4652 spiritus
970 4585 1151 4641 vitalis
1189 4588 1280 4658 qui
1313 4587 1368 4642 in
1398 4596 1448 4644 te
1496 4601 1580 4646 est
1606 4590 1906 4648 affectuum
1937 4603 2034 4649 aut

447 4671 766 4740 passionum
807 4672 1111 4744 ﬂagrantia,
1169 4694 1267 4737 ceu
1317 4679 1441 4751 igne
1469 4682 1659 4746 solari,
1701 4684 2031 4752 exsiccetur,

446 4775 629 4834 neque
649 4767 963 4824 committas
981 4778 1040 4824 ut
1060 4785 1246 4826 semen
1272 4771 1542 4842 divinum,
1565 4775 1754 4842 timor,
1780 4777 2028 4848 inquam,

449 4851 699 4928 Domini},
767 4862 1013 4928 corporis
1090 4862 1165 4916 tui
1229 4864 1466 4920 miseriis
1553 4877 1609 4921 et
1671 4868 1822 4924 euris
1891 4873 2033 4924 sicut

447 4947 669 5005 carduis
699 4959 755 5005 et
803 4953 1027 5009 zizauiis
1065 4955 1368 5014 delitescat.
1425 4957 1516 5015 Sic
1575 4960 1723 5015 enim
1757 4961 1890 5019 tides
1916 4973 2029 5030 tua,

446 5039 590 5096 sicut
615 5058 844 5114 campus
869 5047 1095 5115 sterilis,
1127 5065 1348 5120 pessqu
1383 5052 1503 5108 ibit.

519 5216 747 5282 Nicena,
798 5223 892 5291 qui
938 5233 986 5277 et
1036 5223 1225 5279 David.
1283 5226 1592 5285 Caveamus
1640 5229 1810 5301 igitur
1833 5248 1901 5288 ne
1929 5249 2030 5290 nos

446 5325 669 5380 quoque
714 5311 1028 5382 hujusinodi
1085 5317 1344 5383 periculis
1410 5320 1864 5389 succumbamus,
1919 5325 2031 5378 imo

450 5404 652 5459 mentis
710 5420 902 5474 agrum
963 5407 1115 5460 omni
1159 5424 1300 5463 noxa
1357 5426 1676 5480 purgemus.
1739 5413 1832 5472 Sic
1885 5419 2030 5474 enim

451 5496 725 5551 mentibus
742 5498 947 5554 nostris
971 5499 1245 5555 culturam
1273 5502 1417 5558 sicut
1442 5504 1682 5574 pluviam
1703 5510 2030 5566 matutinam

452 5604 517 5644 ac
545 5590 843 5647 scrotinam
877 5591 1267 5666 iufundemus;
1297 5598 1380 5653 sic
1430 5599 1670 5657 calorem
1720 5603 1816 5675 qui
1841 5619 1873 5660 e
1917 5604 2031 5662 sole

444 5676 677 5748 iustitiae
709 5681 844 5747 ﬂuit,
888 5683 1146 5757 lacrymis
1192 5689 1396 5745 nostris
1439 5691 1831 5762 mitigabimus.
1864 5698 2025 5764 Hinc,

449 5770 593 5824 sicut
636 5787 766 5842 ager
809 5775 1094 5842 fecundus,
1162 5778 1251 5834 Dei
1306 5783 1702 5842 benedictionis
1727 5791 2029 5860 1compotes

452 5861 968 5941 erimus,‘virtutu:u
997 5879 1311 5930 nostrarum
1340 5872 1602 5948 fructum,
1633 5878 1678 5936 si
1703 5872 1810 5938 non
1839 5890 2028 5940 centu-

2144 3103 2280 3175 τέρα
2304 3105 2513 3173 γίνεται
2548 3105 2928 3176 πολεμουμένη
2956 3120 2971 3136 ·
3001 3106 3078 3170 ὼς
3109 3106 3309 3178 μηκέτι
3343 3107 3530 3178 φιλίαν
3571 3109 3738 3181 μόνον

2146 3194 2480 3266 αὐτὴν,ἁλλὰ
2506 3198 2598 3250 καὶ
2625 3197 2848 3268 ἀγάπην
2877 3197 3212 3271 κυριώτερον
3240 3200 3605 3271 ὀνομάζεσθαι
3625 3221 3641 3237 ⁸
3673 3205 3746 3278 ῆ-

2146 3305 2232 3352 τις
2261 3290 2401 3344 κατὰ
2424 3288 2515 3343 τὸν
2559 3290 2904 3353 Ἀπόστολον,
2936 3291 3195 3347 οὐδέποτε
3222 3295 3501 3350 ἐκπίπτει.
3544 3296 3747 3354 Εὗνοια

2146 3381 2248 3453 μὶν
2271 3384 2400 3454 γὰρ,
2430 3383 2610 3454 φιλίας
2639 3385 2903 3458 ἀρχήοὼς
2931 3385 3076 3456 ὄψις,
3110 3387 3410 3459 ἐπιθυμίας
3431 3408 3445 3423 ·
3485 3390 3634 3461 φιλία
3663 3393 3746 3462 δὲ,

2145 3476 2368 3547 ἀγάπης
2391 3477 2537 3549 ἀρχὴ
2565 3485 2660 3532 καὶ
2689 3478 2841 3550 πηγή
2863 3492 2877 3508 ’
2905 3479 3098 3551 ἀγάπη
3124 3479 3202 3546 δὲ,
3231 3481 3294 3535 τὸ
3332 3483 3628 3554 κεφάλαιον
3657 3485 3744 3540 νό-

2145 3585 2250 3640 μου
2273 3569 2370 3624 καὶ
2409 3569 2724 3641 προφητῶν.
2759 3569 2852 3625 Διὸ
2883 3570 2982 3643 τήν
3018 3573 3139 3644 μὲν,
3192 3574 3287 3628 καὶ
3327 3573 3458 3647 ἄχρι
3503 3575 3737 3647 χειλέων

2144 3663 2328 3734 μόνον,
2365 3662 2460 3716 καὶ
2506 3662 2686 3732 ψιλοῖς
2745 3663 3102 3720 συνίστασθαι
3128 3664 3314 3735 λόγοις
3343 3669 3396 3721 0i
3429 3668 3618 3723 πολλοὶ
3653 3687 3745 3724 νο-

2143 3755 2417 3826 μίζουσιν,
2446 3757 2670 3830 ἀγάπην
2707 3757 2766 3826 δὲ
2795 3756 2874 3828 τῷ
2903 3757 3018 3813 ὄντι
3080 3758 3156 3830 μὴ
3207 3754 3369 3825 εῐναι,
3402 3760 3453 3814 εί
3483 3760 3559 3834 μή
3593 3760 3740 3834 ἔργῳ

2127 3848 2234 3925 ,καί
2262 3847 2493 3920 ἀληθείᾳ
2521 3851 2848 3922 μαρτυροϊτο
2865 3867 2882 3882 θ
2911 3849 3093 3915 καθὼς
3118 3852 3147 3906 ὁ
3175 3849 3278 3922 τῆς
3302 3851 3567 3925 ἀληθινῆς
3597 3854 3730 3923 ἀγά-

2141 3959 2252 4013 πης
2274 3942 2563 4013 παρεγγυᾷ
2594 3940 2864 4014 μαθητής.
2897 3942 2973 4014 μὴ
3007 3944 3233 4016 ἀγαπᾷν
3266 3943 3412 4016 λόγῳ
3441 3944 3537 3999 καὶ
3559 3944 3744 4015 γλώσο

2140 4049 2212 4108 σῃ
2243 4033 2662 4104 παραγγέλλων,
2695 4033 2812 4088 ἀλλ’
2836 4033 2986 4106 ἔργῳ
3014 4037 3110 4090 καὶ
3131 4035 3382 4108 ἀληθείᾳ.

2211 4127 2351 4196 Κεφ.
2381 4123 2462 4194 H',
2496 4125 2619 4198 στίχ
2668 4123 2732 4180 ε’.
2769 4125 3063 4196 Ἐξῆλθεν
3093 4129 3128 4182 ό
3150 4128 3412 4197 σπείρων
3431 4125 3541 4182 τοῦ
3571 4125 3744 4180 σ’πεῖ-

2131 4234 2257 4288 ραι,
2289 4235 2346 4274 κ.
2389 4235 2442 4272 τ.
2468 4217 2521 4274 λ.

2209 4311 2480 4378 Νικήτου
2516 4311 2947 4383 Παφλαγόνων.
2993 4311 3137 4387 Ὀρα
3177 4312 3373 4384 μήπως
3424 4308 3458 4383 ή
3489 4311 3603 4372 τοῖς
3632 4324 3739 4363 πε-

2137 4404 2332 4466 τεινοῖς
2363 4402 2457 4456 τοῦ
2483 4403 2738 4476 οὐρανοῦ,
2772 4405 2886 4468 τοῖς
2915 4403 3009 4458 τοῦ
3035 4404 3219 4476 ἀέρος,
3245 4402 3410 4474 φημὶ,
3437 4399 3738 4472 πνεύμασι,

2137 4493 2199 4548 τὸ
2223 4493 2362 4548 θεῖον
2393 4495 2615 4567 σπέρμα
2652 4495 2955 4569 διαρπαγῇ,
3006 4496 3188 4551 εἵτουν
3228 4495 3608 4568 ὲναποσόεσθῇ
3644 4513 3740 4550 σου

2134 4584 2237 4656 τῆς
2280 4585 2508 4656 καρδίας
2549 4587 2584 4657 ή
2614 4585 2950 4659 θρυαλλίςιή
2991 4585 3207 4658 ήλιακῷ
3237 4589 3500 4649 καύσωνι,
3561 4586 3742 4640 είτουν

2134 4677 2428 4748 ἐμπορίοις
2464 4677 2661 4732 πάθεσι
2711 4678 2806 4732 καὶ
2843 4678 3202 4750 ὲνδομυχοῦσι
3247 4681 3526 4750 πιεσμοῖς,
3563 4681 3597 4750 ή
3627 4678 3739 4741 ζω-

2135 4771 2261 4840 τικὴ
2286 4770 2700 4842 ὲναποξηρανθῇ
2733 4788 2816 4824 σοι
2845 4771 3016 4840 ἰκμάς
3047 4787 3062 4802 ·
3093 4771 3126 4844 ἦ
3169 4772 3372 4843 μήπως
3403 4771 3479 4836 ὡς
3507 4769 3733 4842 ράμνοις

2132 4862 2247 4914 τισὶ
2299 4862 2395 4914 καὶ
2447 4863 2712 4926 ἀκάνθαις
2755 4863 2876 4926 ταῖς
2931 4862 3208 4926 ποικίλαις
3273 4862 3567 4934 μερίμναις
3618 4856 3718 4911 καὶ

2133 4954 2383 5025 φροντίσι
2417 4954 2512 5008 τοῦ
2555 4953 2811 5026 σώματος
2853 4954 2913 5008 τὸ
2965 4955 3109 5009 θεῖόν
3161 4972 3243 5008 σοι
3297 4955 3460 5009 τοῦτο
3505 4950 3732 5022 σπέρμα

2131 5044 2225 5096 τοῦ
2281 5043 2447 5114 φόϐου
2488 5044 2694 5116 Κυρίου
2749 5047 2842 5098 καὶ
2884 5044 2986 5115 τῆς
3039 5045 3278 5107 πίστεως
3334 5039 3734 5110 ἐναποπνιγδν,

2131 5138 2380 5206 ἄκαρπον
2407 5135 2502 5190 καὶ
2521 5137 2778 5208 ἀδόκιμον
2809 5136 3084 5209 ἁπελέγξῃ
3113 5137 3193 5209 τῷ
3227 5135 3486 5208 γεωργῷ.

2201 5231 2488 5299 Νικήτου,
2512 5230 2620 5286 τοῦ
2641 5231 2740 5284 καὶ
2772 5231 2971 5286 Δαϐίδ.
2987 5229 3396 5300 Φυλαττὼμεθα
3420 5229 3604 5284 τοίνυν
3631 5229 3730 5284 καὶ

2133 5325 2296 5393 ἡμεῖς
2329 5323 2570 5395 μηδεμιᾷ
2597 5323 2803 5377 τούτων
2822 5322 3169 5378 κινδυνεῦσαι
3195 5321 3305 5377 τῶν
3324 5319 3726 5386 ἀποπτώσεων,

2131 5415 2246 5470 ἀλλ’
2277 5415 2741 5487 ἀνακαθαίρωμεν
2780 5418 2961 5488 πάσης
2992 5415 3263 5488 ἐπηρείας
3295 5415 3558 5486 τοιαύτης
3582 5454 3598 5480 ,
3630 5416 3737 5486 τῆς

2129 5507 2369 5571 διανοίας
2397 5507 2493 5580 τὴν
2521 5509 2760 5580 ἄρουραν
2783 5525 2797 5539 ο
2826 5511 2922 5565 καὶ
2949 5511 3105 5565 ὑετὸν
3133 5509 3384 5582 πρώῖμον
3407 5510 3503 5584 και
3527 5508 3734 5580 6ψιμον

2131 5601 2230 5672 τὴν
2251 5601 2506 5670 ποικίλην
2535 5601 2631 5656 τοῦ
2687 5602 3002 5673 πνεύματος
3033 5603 3260 5676 διδαχὴν
3306 5605 3432 5665 ταῖς
3467 5601 3736 5671 μελέταις

2137 5691 2535 5764 ἐπισπώμενοι,
2561 5695 2657 5749 καὶ
2683 5694 2782 5765 τὴν
2808 5694 2918 5751 ἀπὸ
2947 5694 3044 5748 τοῦ
3074 5695 3225 5767 ήλίου
3257 5693 3356 5766 τῆς
3379 5691 3738 5762 δικαιοσύνης

2137 5787 2453 5860 σύμμετρον
2485 5789 2695 5862 θέρμην
2718 5788 3152 5862 ἀνακαλούμενοι
3167 5779 3560 5862 δάκρυσιν,οἷα
3589 5783 3737 5857 καλὴ

2137 5880 2232 5937 καὶ
2262 5881 2443 5956 ἀγαθὴ
2462 5883 2558 5954 γῆ,
2586 5882 2685 5956 τῆς
2719 5882 2830 5940 ἀπὸ
2854 5882 2950 5939 τοῦ
2974 5881 3114 5940 Θεοῦ
3145 5881 3398 5952 εὐλογίας
3425 5874 3729 5950 ἐπιτυγχά-
