4150 6298
414 368 517 439 591

1679 365 1727 425 Ν
1737 365 1973 426 ΙΟΕΤίΕ
2006 365 2408 426 BYZANTINI

3575 369 3682 434 592

405 500 591 543 amore
619 497 758 539 verae
786 483 904 538 ﬁdei
930 479 1202 550 professio
1231 494 1338 533 una
1358 487 1463 534 est.
1499 477 1565 532 At
1587 494 1840 549 quaenam
1863 482 1978 534 lucc

2084 481 2350 552 ἐνέφηνας
2372 480 2471 553 τὴν
2499 480 2728 533 σεαυτοῦ
2749 479 2907 544 δόξαν
2933 480 3347 552 ἀποσεμνύνων,
3375 482 3468 536 καὶ
3500 500 3683 552 μακα-

402 581 570 638 fuerit
603 575 886 634 verissima
927 572 1218 646 professio,
1269 586 1432 642 quam
1461 571 1694 642 apostoli
1743 573 1984 627 tradide-

403 681 552 739 runt,
593 679 650 726 et
681 680 794 725 tres
819 677 1021 724 sanctae
1067 666 1260 737 synodi
1300 664 1810 730 constabilivernnt,
1858 665 1986 721 licet

403 764 572 833 aliqui
604 779 671 818 ex
718 763 820 818 hac
867 770 1014 815 recta
1048 760 1151 813 lide
1190 758 1527 822 rebellarint,
1564 758 1789 813 omnino
1835 757 1984 814 dices

403 864 574 915 tuam,
601 868 725 922 quae
752 851 914 906 unius
942 859 1153 904 naturae.
1183 863 1352 903 unum
1387 848 1668 903 Christum
1713 860 1769 901 et
1798 846 1982 913 {Deum

404 955 651 1003 nostrum
683 961 748 1001 ex
800 944 1032 999 diversis
1067 943 1278 998 naturis
1327 951 1449 1012 post
1479 941 1739 995 unionem
1774 939 1982 994 factum

405 1039 705 1109 proﬁtetur,
735 1047 789 1093 ct
819 1055 881 1092 ex
909 1023 1124 1092 duabus
1164 1037 1376 1091 naturis
1403 1043 1457 1090 et
1480 1036 1617 1090 duas
1643 1045 1868 1088 naturas
1889 1034 1985 1088 ha-

371 1141 374 1144 ’
403 1133 530 1189 bere
557 1134 611 1188 in
645 1150 751 1188 una
781 1131 1056 1204 hypnstasi
1086 1139 1364 1201 pcrncgat.
1394 1131 1553 1185 Hunc
1584 1129 1728 1183 enim
1755 1143 1982 1196 compo-

404 1226 622 1282 sitionis
653 1227 876 1280 modum
915 1225 966 1280 in
1015 1224 1184 1279 divini
1217 1223 1380 1279 Verbi
1415 1223 1618 1278 unione
1647 1238 1772 1276 cum
1818 1236 1984 1277 carne

404 1319 608 1373 factum
664 1318 834 1373 fuisse
873 1319 1048 1388 palam
1083 1316 1222 1372 inira
1255 1316 1552 1372 declamas.
1586 1313 1701 1369 Heu
1733 1330 1844 1370 rem
1881 1315 1984 1368 mi-

375 1401 518 1466 ram
543 1413 554 1464 l
584 1410 829 1476 Quanam
857 1421 912 1464 tu
947 1408 1154 1464 ratione
1183 1417 1351 1464 testes
1385 1408 1634 1464 oculatos
1688 1416 1744 1460 et
1767 1406 1982 1460 divinos

403 1504 647 1558 veritatis
669 1517 968 1572 praecones,
993 1516 1206 1558 necnon
1245 1509 1466 1555 sanctos
1482 1514 1546 1555 ac
1572 1497 1808 1554 deil‘eros
1837 1499 1982 1552 viros

401 1595 522 1650 aliis
563 1603 729 1664 atque
771 1595 896 1650 aliis
930 1594 1269 1664 temporibus
1311 1592 1377 1648 ad
1410 1591 1650 1664 synodos
1689 1605 1986 1658 congrega-

405 1699 490 1744 tos
541 1687 758 1742 tandem
819 1687 1010 1756 culpas
1058 1695 1114 1740 et
1167 1683 1499 1742 contumelia
1552 1681 1798 1736 oneras?
1847 1679 1982 1745 Quis

397 1781 547 1837 enim
572 1797 637 1836 ex
664 1781 755 1843 iis,
790 1780 884 1849 qui
910 1794 996 1834 res
1018 1777 1354 1848 dijudicaudi
1386 1775 1578 1845 peritia
1609 1774 1832 1845 pollent,
1868 1781 1981 1827 tra-

2097 577 2312 647 ριστοὺς
2343 570 2483 628 εἶναι
2513 574 2780 644 οἰόμενος,
2815 569 2896 639 οἷς
2938 575 3006 629 ἃν
3041 577 3182 646 μετά
3204 577 3301 647 τῆς
3327 577 3515 631 ἐνθέου
3542 580 3684 648 ἀγά-

2092 683 2202 737 πης
2239 668 2331 719 καὶ
2360 669 2392 734 ἡ
2424 666 2522 735 τῆς
2559 666 2796 738 ἀληθοῦς
2827 667 3064 731 πίστεως
3113 669 3375 739 ὁμολογία
3409 670 3508 740 μία
3535 671 3677 740 πάρ-

2092 774 2231 812 εστι.
2288 759 2384 822 Τίς
2437 759 2495 814 δὲ
2546 758 2687 830 αὕτη
2722 761 2756 830 ἡ
2813 760 3154 833 ἀληθεστάτη
3209 761 3490 832 ὁμολογία,
3533 763 3602 833 ἢν
3632 763 3685 814 οὶ

2090 851 2378 905 ἀπόστολοι
2425 852 2773 924 παρέδωκαν,
2802 852 2897 907 καὶ
2939 854 2997 906 αἱ
3051 853 3206 921 ἅγιαι
3271 856 3419 926 τρεῖς
3475 854 3686 909 σύνοδοι

2091 943 2484 1016 κατώρθωσαν,
2538 946 2586 998 εί
2617 947 2709 999 καί
2735 962 2881 1008 τινες
2927 945 2990 999 ὲκ
3018 945 3226 1015 ταύτης
3255 947 3355 1014 τῆς
3389 946 3556 1018 ὀρθῆς
3591 949 3687 1001 πί-

2091 1053 2264 1101 στεως
2318 1037 2805 1109 ἀπεδυσπέτησαν;
2841 1038 3062 1101 Πάντως
3110 1039 3252 1109 ἐρεῖς
3297 1041 3398 1107 τὴν
3429 1038 3682 1102 σεαυτοῦ,

2089 1129 2211 1200 ἥτις
2243 1130 2372 1199 μιᾶς
2403 1128 2618 1199 φύσεως
2641 1129 2732 1182 τὸν
2758 1129 2854 1183 ἕνα
2877 1128 3112 1202 Χριστὸν
3144 1129 3236 1182 καὶ
3273 1129 3407 1182 Θεὸν
3435 1130 3596 1201 ἡμῶν
3618 1131 3683 1184 ἐκ

2088 1219 2365 1290 διαφόρων
2415 1218 2631 1288 φύσεων
2696 1219 2834 1290 μετὰ
2866 1218 2968 1290 τὴν
3008 1219 3208 1273 ἕνωσιν
3241 1218 3685 1274 ἀποτελεσθέντα

2089 1311 2362 1381 ὁμολογεῖ,
2390 1313 2481 1364 καὶ
2510 1314 2574 1364 ἐκ
2602 1310 2697 1364 δύο
2721 1311 2959 1379 φύσεων,
2997 1312 3092 1365 καὶ
3118 1310 3214 1364 δύο
3248 1312 3444 1379 φύσεις
3488 1311 3685 1382 ἔχοντα

2090 1403 2148 1454 ἐν
2177 1403 2278 1472 μιᾷ
2334 1401 2632 1454 ὑποστάσει
2682 1401 2808 1456 ὄντα
2851 1402 3117 1472 ἀρνεῖται.
3179 1401 3385 1456 Τοῦτον
3422 1403 3530 1473 γὰρ
3591 1407 3686 1458 τὸν

2087 1495 2293 1565 τρόπον
2319 1494 2419 1564 τῆς
2473 1493 2777 1558 συνθέσεως
2822 1493 3184 1566 παρακατιὼν
3222 1497 3279 1548 ἐν
3301 1497 3368 1566 τῇ
3401 1494 3497 1549 τοῦ
3534 1496 3680 1550 θείου

2088 1586 2265 1654 Λόγου
2299 1586 2430 1656 πρὸς
2467 1586 2646 1656 σάρκα
2679 1584 2872 1639 ὲνώσει
2905 1586 3237 1656 γεγενῆσθαι
3289 1587 3476 1656 σαφῶς
3497 1587 3686 1653 διαγοο

2092 1677 2291 1748 ρεύεις.
2320 1676 2496 1731 Βαϐαῖ
2516 1677 2611 1730 τοῦ
2637 1676 2944 1746 θαύματοςί
2975 1678 3096 1742 Πῶς
3123 1680 3205 1741 εἰς
3235 1679 3363 1742 τοὺς
3403 1679 3680 1745 αὐτόπτας

2092 1770 2182 1823 καὶ
2205 1769 2383 1834 θείους
2413 1771 2660 1839 κήρυκας
2682 1773 2779 1841 τῆς
2808 1770 3088 1841 ἀληθείας,
3121 1770 3257 1823 ἀλλά
3298 1771 3406 1841 μὴν
3435 1772 3524 1824 καὶ
3551 1772 3674 1834 τοὺς

400 1875 567 1928 ditam
601 1888 744 1935 esse,
782 1883 877 1926 aut
905 1871 1289 1926 conﬁrmatam
1321 1870 1465 1925 dicet
1496 1869 1639 1940 apud
1676 1867 1836 1924 Verbi
1880 1870 1980 1922 mi~

2086 1863 2228 1917 κατὰ
2258 1863 2552 1933 διαφόρους
2611 1863 2840 1933 χρόνους
2875 1862 3174 1926 συνοδικῶς
3233 1863 3668 1933 συνειλεγμένους

398 1966 626 2029 nis-tros,
659 1975 753 2019 aut
777 1963 964 2019 Patres
1001 1964 1240 2028 divinos,
1278 1979 1444 2034 quam
1470 1973 1529 2017 tu
1556 1961 1829 2031 proﬁteris
1860 1976 1985 2015 son-

399 2059 646 2124 tentiam,
683 2072 805 2128 qua:
839 2065 1066 2121 asserat,
1110 2055 1389 2112 Christum
1423 2056 1584 2111 unius
1631 2064 1836 2109 natura)
1862 2061 1987 2124 post

401 2151 660 2206 unionem
687 2165 832 2216 esse,
861 2158 917 2206 et
942 2165 1011 2206 ex
1032 2149 1242 2205 duabus
1272 2148 1532 2204 unionem
1567 2147 1897 2207 confectam,
1928 2146 1983 2202 in

398 2242 612 2299 duabus
644 2257 794 2309 vero,
833 2241 1089 2298 autduas
1120 2257 1242 2298 esse
1280 2250 1510 2296 naturas
1551 2249 1674 2312 post
1723 2240 1982 2295 unionem

399 2332 718 2388 inﬁcietur?
746 2331 1037 2401 Propterea
1073 2331 1297 2388 accedat
1323 2332 1578 2403 princeps
1608 2330 1981 2399 apostolorum

398 2422 595 2479 Petrus
618 2437 716 2492 per
736 2439 892 2477 suam
925 2422 1353 2487 confessionem,
1380 2431 1431 2477 te
1447 2437 1572 2494 qua!
1591 2421 1775 2476 dixisti
1791 2434 1982 2474 emen-

398 2517 560 2572 titum
587 2529 708 2572 esse
734 2514 1025 2571 manifesto
1047 2515 1304 2572 evincens
1319 2526 1392 2582 et,
1419 2530 1516 2585 per
1536 2530 1660 2570 eum
1692 2513 1982 2570 universus

399 2608 776 2678 apostolorum
823 2617 1023 2664 etet-us.
1075 2606 1286 2661 Etenim
1314 2607 1566 2662 Christus
1611 2605 1877 2660 Deminus
1923 2613 1980 2660 et

400 2701 544 2758 Deus
571 2710 755 2756 noster
782 2701 920 2756 dixit
959 2701 1336 2771 apostolorum
1369 2699 1606 2770 principi
1656 2698 1816 2753 Petro
1848 2713 1864 2751 :
1901 2695 1982 2751 Tu

397 2813 452 2851 es
483 2795 697 2862 Petrus,
729 2807 779 2852 et
802 2813 962 2865 super
987 2798 1121 2851 lianc
1149 2804 1354 2864 petram
1378 2793 1656 2864 aediﬁcabo
1683 2791 1979 2847 Ecclesium

399 2905 590 2954 meam,
642 2897 693 2942 et
730 2896 897 2958 porta:
947 2887 1105 2957 inferi
1164 2901 1267 2940 non
1316 2884 1675 2956 praevalebunt
1725 2884 1978 2939 adversus

397 2997 514 3036 eam
547 2981 587 3034 ί.
619 2979 742 3036 llam
769 2994 933 3049 porro
965 2977 1227 3034 Dominus
1259 2977 1420 3034 Petro
1447 2977 1680 3044 dixerat,
1709 2991 1836 3032 cum
1868 2973 1979 3030 Do-

401 3074 549 3128 mino
582 3069 584 3073 ’
619 3073 976 3142 semetipsum
1041 3071 1318 3127 hominem
1379 3069 1724 3141 nuncupanti
1779 3069 1979 3126 Petrus

399 3170 756 3227 enuntiasset,
807 3160 885 3214 Tu
919 3178 973 3215 es
1014 3160 1257 3216 Christus
1294 3159 1471 3216 Filius
1500 3159 1600 3214 Dei
1627 3160 1729 3216 viai
1757 3161 1802 3214 ².
1835 3159 1973 3216 Tum

2089 1955 2278 2022 ἁγίους
2305 1955 2399 2008 καὶ
2447 1954 2741 2025 θεοφόρους
2793 1957 2992 2021 ἄνδρας
3038 1954 3294 2010 τοσοῦτον
3323 1957 3558 2025 ἐπιχέεις
3577 1957 3671 2008 te»:

2089 2046 2320 2118 μῶμονς
2352 2047 2445 2110 Τίς
2478 2050 2588 2120 γὰρ
2614 2047 2720 2102 τῶν
2751 2047 2920 2116 ὑγιῶς
2973 2050 3181 2119 κρίνειν
3220 2047 3462 2114 εἰδότων,
3493 2063 3674 2118 παρα-

2083 2126 2353 2203 δεδόσθαι,
2383 2140 2417 2210 ἢ
2441 2137 2793 2209 βεϐαιοῦσθαι
2824 2141 3020 2212 φήσειε
3051 2141 3203 2210 παρὰ
3227 2142 3338 2204 τοῖς
3371 2139 3678 2210 ὑπηρέταις

2082 2231 2180 2286 τοῦ
2226 2230 2408 2301 λόγου,
2444 2233 2477 2303 ἢ
2528 2234 2642 2297 τοῖς
2677 2232 2842 2297 θείοις
2875 2232 3123 2302 Πατράσι
3157 2232 3258 2304 τὴν
3296 2233 3496 2286 οὑτωσὶ
3527 2231 3679 2304 παρὰ

2087 2324 2184 2378 σοῦ
2214 2325 2661 2397 πρεσϐευομένην
2677 2325 2857 2393 δόξαν,
2873 2329 2974 2396 τὴν
2993 2328 3307 2395 φάσκουσαν
3330 2327 3421 2379 τὸν
3442 2325 3680 2396 Χριστὸν

2087 2419 2218 2490 μιᾶς
2246 2417 2462 2489 φύσεως
2489 2418 2628 2489 μετὰ
2657 2418 2758 2490 τὴν
2781 2419 2978 2472 ἕνωσιν
3007 2414 3171 2483 εἶναι,
3213 2422 3306 2473 κού⁸
3355 2421 3419 2472 ἐκ
3457 2418 3552 2472 δύο
3577 2419 3678 2488 μὲν

2082 2509 2538 2564 ἀποτελεσθεῖσαν
2563 2510 2664 2581 τὴν
2690 2510 2907 2576 ἕνωσιν,
2944 2511 3004 2563 ὲν
3033 2511 3126 2564 δύο
3152 2511 3230 2577 δὲ,
3263 2509 3296 2580 ἢ
3322 2510 3415 2564 δύο
3445 2505 3586 2564 εἶναι
3615 2510 3678 2563 τδ

2082 2602 2243 2672 φύσει
2263 2603 2402 2670 μετά
2425 2603 2523 2674 τὴν
2544 2602 2739 2656 ἕνωσιν
2753 2602 3232 2674 ἀπαγορεύουσαν;
3258 2602 3349 2656 Διὸ
3365 2602 3679 2673 εἰσαχθήτω

2079 2701 2108 2752 ό
2137 2700 2430 2767 κορυφαῖος
2473 2696 2584 2750 τῶν
2623 2695 2937 2751 ἀποστόλων
2984 2695 3212 2766 Πέτρος,
3236 2695 3325 2750 διὰ
3351 2693 3450 2765 τῆς
3478 2692 3677 2748 ἑαυτοῦ

2079 2789 2371 2860 ὁμολογίας
2413 2788 2856 2861 ψευδηγοροῦντά
2881 2805 2941 2842 σε
2958 2788 3240 2853 δεικνύων,
3265 2787 3358 2841 καὶ
3374 2787 3442 2842 δι’
3465 2787 3676 2841 ἐκείνου

2078 2880 2224 2945 ἅπας
2253 2883 2282 2936 ό
2303 2881 2412 2934 τῶν
2437 2881 2756 2936 ἀποστόλων
2789 2881 3071 2951 σύλλογος.
3105 2880 3218 2934 Καὶ
3240 2880 3348 2951 γὰρ
3379 2878 3617 2950 Χριστὸς
3644 2881 3674 2932 ό

2079 2973 2284 3045 Κύριος
2306 2974 2398 3026 καὶ
2433 2973 2566 3038 Θεὸς
2595 2973 2754 3046 ἡμῶν
2773 2973 2853 3044 τῷ
2884 2973 2997 3027 τῶν
3020 2972 3340 3028 ἀποστόλων
3368 2973 3471 3042 ἔφη
3506 2987 3670 3043 κορυσ

2079 3059 2226 3133 φαίῳ
2257 3061 2489 3132 Πέτρῳ’
2544 3063 2630 3118 Σὺ
2683 3063 2743 3116 εἴ
2801 3060 3046 3132 Πέτρος,
3107 3061 3208 3118 καὶ
3245 3063 3344 3115 ἐπὶ
3385 3063 3573 3131 ταύτῃ
3598 3058 3676 3130 τῇ

2079 3154 2265 3223 πέτρᾳ
2282 3154 2660 3224 οἰκοδομήσω
2671 3173 2790 3227 μου
2814 3157 2929 3224 τὴν
2955 3155 3348 3222 Ἐκκλησίαν,
3369 3154 3464 3208 καὶ
3485 3155 3674 3209 πύλαι

399 3268 530 3309 vero
557 3257 612 3308 in
636 3253 857 3308 Christo
884 3253 1120 3308 Domino
1141 3262 1191 3309 el
1221 3253 1332 3309 Deo
1353 3260 1544 3309 nostro
1567 3251 1682 3308 haec
1704 3252 1812 3309 duo
1834 3252 1979 3308 dieta

2084 3247 2232 3314 ᾅδου
2254 3249 2327 3302 οὐ
2343 3249 2835 3318 κατισχύσουσιν
2858 3246 3070 3316 αὐτῆς.
3102 3247 3304 3300 Τοῦτον
3321 3247 3377 3299 δὲ
3397 3245 3489 3300 τὸν
3514 3245 3674 3314 λόγον

399 3345 653 3416 copulata
688 3355 837 3408 sunt,
872 3343 1371 3416 contlrmatumque
1399 3353 1505 3409 est,
1540 3352 1596 3401 et
1625 3343 1796 3400 Deum
1833 3358 1979 3411 esse,

400 3446 454 3493 et
486 3437 784 3492 hominem.
813 3435 871 3492 Si
901 3436 1086 3506 itaque
1121 3435 1296 3491 amba:
1325 3437 1408 3492 ha:
1443 3434 1666 3491 deitatis
1705 3444 1762 3490 et
1787 3434 1980 3490 Imma-

401 3526 592 3584 nitatis
647 3526 915 3591 rationes,
964 3541 1086 3583 cum
1145 3526 1401 3583 Christus
1443 3525 1711 3582 Dominus
1740 3533 1795 3582 et
1839 3523 1983 3583 Deus

399 3625 591 3675 noster
623 3631 769 3672 unus
799 3617 1048 3682 exsistat,
1083 3631 1207 3687 pOSt
1235 3616 1409 3688 ipsius
1439 3616 1699 3672 unionem
1728 3614 1797 3671 de
1814 3631 1880 3671 eo
1895 3616 1983 3670 di-

400 3719 624 3776 cuntur,
655 3719 710 3766 et
735 3725 878 3765 unus
909 3719 962 3764 et
987 3709 1127 3765 idem
1150 3718 1235 3765 est
1265 3709 1630 3780 sempiternus
1659 3707 1828 3765 Filius
1856 3717 1983 3764 ante

398 3805 586 3860 omnia
615 3803 813 3860 szeeula
863 3818 894 3859 a
935 3802 1096 3859 Patre
1136 3803 1252 3859 sine
1294 3813 1538 3874 tempore
1577 3815 1633 3860 et
1679 3805 1982 3862 mutatione

400 3906 724 3970 prognatus,
748 3899 841 3968 qui
884 3905 969 3953 est
1016 3913 1124 3953 una
1171 3895 1534 3953 sanctissimas
1559 3895 1844 3955 Trinitatis
1882 3897 1982 3969 hy-

403 3991 660 4062 postasis,
678 3989 824 4046 Deus
844 3987 993 4043 Patri
1016 3989 1316 4045 secundum
1340 3990 1703 4044 aeternitatem
1725 3989 1976 4059 aequalis,

399 4093 686 4155 paternam
709 4082 1003 4138 essentiam
1033 4090 1089 4137 et
1113 4091 1363 4138 naturam
1406 4081 1464 4137 in
1499 4097 1558 4138 se
1585 4083 1850 4152 perpetuo
1877 4083 1979 4138 ha-

399 4176 671 4240 bens,sed
692 4175 1059 4246 quiextremis
1082 4175 1416 4244 temporibus
1458 4190 1522 4230 ex
1547 4174 1753 4246 Spiritu
1787 4183 1979 4231 sancto

398 4269 636 4326 etMaria
661 4267 880 4340 Virgine
899 4283 1121 4323 carnem
1143 4278 1198 4323 et
1241 4267 1632 4323 humanitatem
1653 4268 1976 4338 assumpsit,

400 4362 491 4418 hic
521 4371 757 4417 aeternus
791 4358 963 4416 Filius
1006 4360 1125 4416 sine
1155 4359 1264 4414 ulla
1295 4360 1598 4416 mutatione
1629 4358 1820 4429 iactus
1860 4371 1980 4415 tan-

399 4469 562 4527 qnam
595 4469 737 4508 unus
773 4469 840 4508 ex
872 4453 1209 4520 hominibus,
1239 4469 1334 4524 per
1364 4453 1545 4509 ciuilia
1579 4467 1690 4523 pra:
1717 4468 1826 4507 uno
1861 4468 1981 4523 pec-

2082 3339 2110 3392 ό
2145 3338 2348 3408 Κύριος
2392 3339 2497 3409 ἔφη
2547 3339 2628 3411 τῷ
2685 3339 2898 3410 Πέτρῳ,
2956 3339 3121 3408 ἡνίκα
3152 3339 3290 3407 πρὸς
3312 3339 3403 3393 τὸν
3445 3340 3671 3412 Κύριον,

2082 3429 2272 3484 ἑαυτὸν
2299 3429 2429 3484 Υίὸν
2484 3429 2777 3503 ἀνθρώπου
2829 3431 3160 3503 κεκληκότα,
3196 3433 3406 3504 Πέτρος
3441 3433 3631 3504 εἴρηκε
3653 3447 3670 3464 ο

2083 3521 2167 3576 Σὺ
2195 3516 2310 3576 εἷό
2352 3524 2612 3593 Χριστὸς
2665 3527 2700 3578 ό
2753 3524 2888 3591 Υἱὸς
2947 3525 3055 3579 τοῦ
3095 3525 3248 3579 Θεοῦ
3280 3525 3389 3580 τοῦ
3426 3524 3663 3592 ζῶντος.

2082 3615 2194 3667 Καὶ
2221 3615 2566 3686 συνήχθησαν
2622 3618 2715 3671 ἐπὶ
2746 3616 2985 3690 Χριστοῦ
3017 3617 3110 3673 τοῦ
3158 3619 3366 3690 Κυρίου
3395 3620 3492 3673 καὶ
3534 3617 3670 3675 Θεοῦ

2081 3710 2238 3782 ἡμῶν
2288 3712 2586 3783 ἀμφότεροι
2612 3712 2662 3766 οί
2695 3711 2866 3781 λόγοι,
2902 3713 2996 3772 καὶ
3029 3714 3400 3781 πεπίστωται,
3454 3715 3536 3769 ὅτι
3572 3715 3666 3768 καὶ

2079 3803 2214 3868 Θεὸς
2237 3805 2334 3858 καὶ
2356 3805 2643 3878 ἄνθρωπός
2675 3809 2844 3864 ἔστιν.
2875 3808 2939 3861 ΕΞ
2968 3807 3062 3862 οὖν
3085 3784 3387 3882 ἀιίφότεροι
3408 3810 3458 3863 oi
3489 3807 3657 3874 λόγοι,

2080 3896 2180 3968 τῆς
2201 3898 2478 3968 θεότητος,
2511 3899 2679 3970 φημὶ,
2708 3900 2804 3954 καὶ
2847 3899 2947 3972 τῆς
2971 3899 3386 3973 ἀνθρωπότητος
3409 3900 3500 3953 τοῦ
3533 3899 3654 3958 ἑνὸς

2081 3989 2233 4055 ὄντος
2269 3991 2507 4062 Χριστοῦ
2532 3991 2628 4045 καὶ
2658 3992 2866 4062 Κυρίου
2901 3994 2996 4047 καὶ
3021 3991 3154 4046 Θεοῦ
3185 3992 3355 4062 ἡμῶν,
3395 3989 3531 4060 μετά
3555 3987 3653 4060 τὴν

2081 4084 2275 4138 ἕνωσιν
2326 4083 2492 4137 αὑτοῦ
2533 4083 2992 4156 κατηγοροῦνται,
3052 4084 3144 4138 καὶ
3170 4077 3250 4146 εἷς
3293 4084 3389 4137 καὶ
3438 4081 3468 4134 ὁ
3493 4081 3656 4145 αὐτός

2079 4175 2228 4228 ἐστιν
2281 4176 2310 4228 ό
2338 4174 2506 4238 ἀΐδιος
2541 4174 2690 4239 Υίὸς,
2723 4175 2753 4229 ό
2808 4175 2913 4248 πρὸ
2963 4177 3178 4231 πάντων
3201 4174 3310 4228 τῶν
3342 4173 3554 4229 αἰώνων
3595 4174 3662 4228 ἐκ

2078 4264 2174 4318 τοῦ
2204 4267 2420 4336 Πατρὸς
2463 4267 2708 4338 ἀχρόνους
2740 4269 2836 4322 καὶ
2881 4269 3111 4332 ἀπαθῶς
3157 4269 3576 4341 γεγεννημένος,
3605 4267 3666 4330 ὃς

2080 4357 2228 4410 ἐστιν
2256 4357 2556 4420 ὑπόστασις
2604 4358 2705 4428 μία
2755 4358 2854 4429 τῆς
2885 4358 3047 4429 ἁγίας
3071 4358 3325 4428 Τριάδος,
3361 4359 3495 4422 Θεὸς
3553 4357 3668 4421 ἴσος

2079 4446 2158 4518 τῷ
2196 4449 2369 4518 llatth
2399 4449 2540 4504 κατὰ
2563 4449 2663 4519 τὴν
2690 4451 2985 4520 ἀῖδιότητα,
3031 4451 3128 4521 τὴν
3157 4451 3435 4523 πατρικὴν
3482 4449 3666 4503 οὐσίαν

401 4556 548 4614 cato,
599 4557 811 4614 nostra,
853 4561 1019 4617 quam
1063 4547 1178 4617 ipse
1221 4561 1328 4602 non
1366 4546 1620 4612 habebat,
1651 4557 1844 4602 natura
1885 4562 1978 4602 ac-

2084 4541 2180 4594 καὶ
2204 4538 2366 4609 φύσιν
2391 4540 2577 4604 ἀϊδίως
2609 4542 2667 4594 ὲν
2694 4541 2874 4610 ἐαυτῷ
2901 4544 3060 4612 ἔχων,
3093 4543 3183 4595 ἐπ’
3213 4543 3461 4613 ἐσχάτων
3482 4541 3538 4593 δὲ
3561 4540 3668 4594 τῶν

399 4612 581 4712 cepta.
635 4643 689 4693 in
744 4612 811 4694 eo
837 4612 1044 4706 divina,
1071 4612 1232 4711 quam
1281 4638 1350 4696 ab
1391 4648 1594 4696 aeterno
1641 4641 1973 4711 possidebat,

2084 4629 2308 4702 ἡμερῶν
2345 4632 2411 4685 ὲκ
2439 4631 2754 4703 Πνεύματος
2783 4634 2940 4700 ἁγίου
2963 4633 3058 4686 καὶ
3087 4612 3311 4704 Μαρίας
3337 4632 3436 4703 τῆς
3467 4629 3669 4699 Παρθέ-

402 4741 774 4804 permanente,
810 4732 1162 4789 manifestum
1192 4741 1294 4798 est,
1328 4731 1384 4787 in
1417 4732 1627 4788 duabus
1655 4733 1887 4797 naturis,
1921 4742 1976 4787 et

401 4827 538 4880 duas
564 4836 788 4881 naturas
811 4825 1112 4897 possidere,
1131 4826 1220 4896 qui
1249 4841 1389 4880 unus
1416 4833 1498 4881 est
1519 4824 1796 4895 hypostasi
1817 4823 1976 4880 Chri-

403 4923 523 4972 stus
552 4925 677 4985 post
704 4915 983 4981 unionem,
1019 4918 1067 4972 si
1091 4917 1251 4971 modo
1284 4916 1730 4987 compellationes
1765 4913 1901 4968 Dens
1923 4924 1980 4969 et

402 5019 557 5068 homo
587 5021 813 5067 naturas
844 5011 1107 5076 indicant,
1151 5017 1410 5079 tanquam
1448 5024 1568 5079 qum
1596 5008 1663 5064 de
1681 5007 1867 5062 multis
1893 5006 1978 5062 di-

401 5117 624 5162 cuntur.
698 5103 1073 5160 Confessionis
1136 5103 1319 5175 itaque
1377 5102 1446 5158 de
1495 5101 1713 5156 Christo
1783 5115 1977 5156 verum

404 5195 668 5266 doguaain
697 5194 1040 5249 Chalcedone
1059 5192 1342 5248 celebratae
1381 5190 1579 5245 divina:
1605 5189 1798 5260 synodi
1849 5203 1981 5243 san-

402 5301 612 5343 ctorum
634 5285 856 5342 Patrum
887 5285 1133 5340 definitio
1157 5291 1299 5339 recte
1319 5280 1868 5346 decernit,Christum
1888 5279 1983 5333 de-

403 5380 724 5444 tcrminans,
765 5393 932 5434 unam
987 5392 1105 5433 esse
1148 5391 1212 5428 cx
1257 5384 1445 5429 sancta
1495 5371 1762 5427 Trinitate
1814 5371 1975 5441 hypo-

401 5473 594 5531 stasim
623 5473 760 5527 duas
808 5480 1035 5526 naturas
1067 5468 1382 5534 habentem,
1427 5473 1676 5522 naturam
1735 5463 1977 5520 divinam

399 5580 454 5624 et
485 5577 734 5634 naturam
763 5567 1081 5620 humanam.

2083 4741 2174 4777 νου
2225 4726 2554 4794 σαρκωθεὶς,
2615 4727 2709 4780 καὶ
2742 4724 3191 4797 ἐνανθρωπησας,
3243 4717 3402 4788 οὗτος
3438 4727 3469 4780 ὁ
3498 4725 3692 4801 ἀΐδιοςῆ

2085 4816 2211 4880 Υἱὸς
2235 4818 2521 4887 ἀτρέπτως
2553 4821 2644 4873 καὶ
2671 4818 3066 4885 ἀναλλοιὼτως,
3102 4820 3196 4873 καὶ
3217 4815 3458 4887 γεγονὼς
3491 4819 3566 4881 ὠς
3588 4811 3667 4879 εἷς

2083 4908 2193 4963 τῶν
2222 4909 2528 4979 ἀνθρώπων
2561 4913 2701 4965 κατὰ
2729 4911 2926 4977 πάντα,
2967 4913 3141 4984 χωρὶς
3171 4910 3470 4984 ἁμαρτίας,
3495 4926 3665 4979 προσ-

2081 5000 2320 5072 ειληφὼς
2340 5001 2438 5070 τὴν
2464 5003 2760 5073 ἡμετέραν,
2794 5003 2864 5076 ἢν
2897 5005 2996 5059 οὐκ
3024 4999 3160 5076 εἶχε,
3204 5005 3391 5073 φύσιν,
3429 5017 3667 5073 μεμενη-

2081 5093 2241 5157 κυίας
2292 5094 2441 5162 αὖτῷ
2496 5097 2594 5165 τῆς
2623 5097 2792 5164 θείας,
2825 5098 2893 5169 ἣν
2931 5097 3120 5161 ἀϊδίως
3151 5098 3394 5168 προεῖχε,
3427 5095 3664 5164 φύσεωςσ

2081 5185 2336 5256 φανερὸν,
2368 5187 2449 5240 ότι
2479 5189 2537 5239 ὲν
2563 5186 2654 5240 δύο
2681 5188 2876 5257 φύσεσι
2904 5190 2996 5243 καὶ
3018 5189 3115 5243 δύο
3137 5186 3329 5258 φύσεις
3361 5186 3501 5256 ἔχων
3521 5185 3671 5237 ἐστὶν

2086 5281 2114 5332 ό
2142 5275 2223 5341 είς
2247 5281 2313 5352 τῇ
2344 5280 2638 5334 ὑποστάσει
2665 5282 2902 5351 Χριστὸς
2925 5283 3067 5353 μετὰ
3099 5283 3199 5352 τὴν
3247 5281 3444 5334 ἕνωσιν
3462 5297 3474 5310 ο
3511 5279 3671 5349 εἴπερ

2086 5372 2146 5424 τὸ
2178 5375 2322 5438 Θεεὲς
2348 5372 2517 5444 ὄνομα
2540 5373 2635 5429 καὶ
2659 5374 2972 5440 ἅνθρωπος
2999 5373 3218 5443 φύσεών
3239 5375 3346 5426 εἰσι
3372 5370 3666 5439 δηλωτικὰ.

2085 5465 2158 5528 ὡς
2189 5465 2329 5518 κατὰ
2348 5465 2558 5518 πολλῶν
2577 5466 2874 5537 φερόμενα.
2893 5466 3100 5521 Οὐκοῦν
3119 5466 3182 5518 τὸ
3210 5466 3309 5536 τῆς
3335 5465 3414 5529 είς
3437 5463 3670 5535 Χριστὸν

2086 5557 2377 5629 ὁμολογίας
2406 5558 2500 5612 τοῦ
2545 5557 2872 5612 ’Λποστόλου
2928 5559 3182 5631 ἀληθινὸν
3207 5557 3387 5627 δόγμα
3431 5558 3460 5610 ό
3480 5556 3579 5624 τῆς
3611 5555 3669 5608 ὲν

401 5658 704 5730 Χαλκηδόνι
731 5656 1244 5729 συγκεκροτημένης
1266 5654 1414 5716 θείας
1434 5654 1650 5710 συνόδου
1671 5653 1779 5707 τῶν
1808 5653 1980 5721 ἁγίων
2017 5652 2278 5721 Πατέρων
2324 5651 2449 5722 ὅρος
2502 5651 2809 5724 όρθοτομεῖ,
2869 5652 2960 5706 τῖον
3007 5652 3244 5722 Χριστὸν
3296 5649 3495 5719 ὁρίζων
3539 5646 3671 5718 μίαν

403 5752 701 5807 ὑπόστασιν
752 5752 816 5803 ἐκ
862 5751 960 5822 τῆς
997 5751 1157 5820 ἁγίας
1214 5749 1438 5818 Τριάὸοέ
1467 5745 1627 5820 εἶναι,
1660 5749 1753 5804 δύο
1787 5748 1978 5817 φύσεις
2007 5747 2217 5818 ἔχοντα,
2261 5749 2421 5817 φύσιν
2443 5749 2594 5801 θείαν
2626 5748 2718 5800 καὶ
2740 5747 2904 5817 φύσιν
2934 5746 3308 5821 ἀνθρωπίνην.

475 5865 490 5894 ¹
519 5861 710 5920 Matth.
754 5879 866 5931 xw,
899 5863 987 5918 18.
1062 5865 1081 5894 ³
1111 5864 1246 5920 Ibid.
1273 5863 1358 5917 16.
