4084 6282
311 404 428 473 625

1174 403 1621 470 REFUTATIO
1658 395 2044 471 EPISTOLIE
2091 406 2328 471 REGIS
2368 407 2765 471 ARMENI/E.

3501 413 3607 476 626

318 524 611 596 πρόχειρον
642 516 787 591 ἔχων
830 518 933 591 τὴν
968 516 1409 590 ιπιτηδειότητα,
1455 517 1489 591 ἢ
1528 517 1623 574 καί
1656 536 1771 574 τισι
1801 520 1912 574 τῶν
1940 572 1941 578 η

2030 519 2136 576 diis
2164 520 2437 589 opposita.
2464 519 2826 576 sentientibus
2862 518 3173 587 decertans,
3207 518 3346 576 alias
3377 533 3609 594 quoque

317 612 637 682 ἑτεροδόξων
654 611 1203 679 ἀντικαθιστάμενος,
1218 613 1313 666 καὶ
1335 611 1454 667 κατ’
1470 612 1637 678 ἄλλας
1656 612 1715 669 δὲ’
1731 631 1914 685 παρα-

316 708 508 775 φάσεις
560 708 658 778 τῆς
701 703 811 759 τῶν
861 704 1143 776 ὀνομάτων
1188 704 1478 775 ἀκριϐείας
1512 704 1589 778 μὴ
1612 706 1912 777 φροντίσοι,

315 800 381 854 ού
408 799 493 854 δεῖ
541 802 608 853 ὲκ
669 798 929 852 τοιούτων
982 798 1209 871 χρήσεις
1262 799 1646 868 ἀναλέγεσθαι,
1687 800 1801 857 ἀλλ’
1838 802 1916 865 ὡς

313 890 516 945 ἀνόπιν
546 890 779 961 ἔφαμεν.
798 887 971 944 τοῦτο
997 889 1054 945 δὲ
1082 891 1177 945 καὶ
1202 890 1267 945 σὺ
1294 891 1484 960 ποιῶν,
1515 892 1615 947 οὐκ
1633 890 1699 947 ἂν
1731 892 1915 963 εὕροις

310 986 673 1057 παραστῆσαι
689 984 914 1056 χρήσεις
933 982 1272 1049 συνιστὼσας
1292 984 1355 1039 τὸ
1384 986 1513 1057 περὶ
1542 986 1674 1057 μιᾶς
1697 986 1915 1057 φύσεως

310 1078 410 1132 τοῦ
440 1075 683 1140 Χριστοῦ
714 1074 865 1146 παρὰ
910 1076 1007 1130 σοῦ
1037 1075 1523 1147 δογματιζόμενον.

393 1167 482 1236 ιγ’.
508 1165 874 1239 Παρακατιὼν
895 1166 953 1219 δὲ
976 1168 1033 1221 ιν
1050 1166 1129 1235 τῷ
1154 1166 1447 1239 γράμματι
1481 1184 1599 1237 σου,
1627 1169 1726 1224 καὶ
1747 1170 1913 1226 οίονεὶ

320 1258 625 1329 ἀχθόμενος
661 1260 798 1331 πρὸς
832 1256 1003 1328 ἡμᾶς,
1035 1256 1174 1310 διότι
1203 1257 1587 1329 γεγράφαμεν,
1622 1260 1707 1315 ὅτι
1734 1262 1785 1315 οἱ
1823 1261 1912 1315 λέ-

322 1365 514 1418 γοντες
549 1347 680 1417 μίαν
710 1346 875 1418 φύσιν
926 1346 1009 1411 είς
1054 1346 1294 1416 Χριστὸν
1325 1347 1749 1419 Εύτυχιανισταί
1778 1352 1908 1417 είσι,

323 1442 423 1496 καὶ
455 1439 530 1509 τῷ
561 1440 710 1510 αύτῷ
736 1440 1041 1511 άναθὲματι
1073 1441 1163 1493 καὶ
1199 1442 1431 1510 κρίματι
1467 1442 1911 1497 καθυποσάλλον-

323 1551 436 1599 ται,
463 1533 642 1587 τοιάδε
687 1533 955 1603 γράφεις
1004 1532 1117 1585 Καὶ
1157 1532 1436 1602 λέγομεν,
1472 1532 1760 1601 δέσποτα,
1800 1539 1912 1591 οὐκ

322 1625 597 1693 ἐποιήσω
622 1624 692 1679 ἐν
720 1627 912 1693 τούτῳ
948 1623 1179 1679 εὐθεῖαν
1214 1626 1441 1694 κρίσιν,
1481 1626 1562 1679 διὸ
1595 1628 1685 1680 καὶ
1718 1630 1913 1698 πειρᾶ-

320 1734 418 1772 σαι
447 1714 546 1769 τοῦ
582 1714 859 1785 Εὐτυχοῦς
887 1714 985 1786 τὴν
1008 1714 1167 1779 δόξαν
1204 1715 1537 1777 ἐκτίθεσθαι,
1585 1716 1910 1789 διασαφηνί-

315 1807 436 1873 ζειν
466 1824 552 1873 τε,
574 1807 659 1860 ὅτι
705 1806 972 1877 ἀνάχυσιν
1000 1806 1096 1861 καὶ
1123 1807 1427 1876 ἀνάκρασιν
1460 1807 1673 1873 δοξάζει
1701 1810 1795 1862 ἐπὶ
1814 1812 1911 1879 τῆς

2018 611 2091 667 ob
2116 627 2314 667 causas
2344 612 2627 667 nominum
2672 621 2987 668 accuratam
3015 612 3473 684 significationem
3507 630 3612 670 ne-

2018 705 2209 777 glexit.
2266 705 2348 761 Ex
2411 705 2684 762 similibus
2733 706 3059 763 testimonia
3100 711 3446 779 congerenda
3497 724 3609 763 non

2017 809 2168 863 sunt,
2201 797 2323 863 sed,
2354 806 2413 852 ut
2443 813 2611 869 supra
2644 797 2907 853 diximus.
2935 798 2991 853 ld
3022 810 3077 855 tu
3096 815 3317 871 quoque
3348 800 3440 857 ubi
3468 800 3611 856 fecea-

2017 889 2116 953 ris,
2154 889 2301 946 nulla
2337 892 2648 960 comperies
2694 891 3004 947 testimonia
3032 893 3290 959 Patrum,
3325 908 3450 965 quae
3478 907 3609 948 seuh

2014 983 2242 1038 tentiam
2274 992 2424 1039 tuam
2470 984 2539 1039 de
2586 999 2695 1039 una
2743 984 2953 1039 Christi
2985 996 3181 1041 natura
3214 986 3600 1057 comprobent;

2087 1163 2175 1220 15.
2206 1163 2281 1221 1ο·
2308 1164 2547 1236 epistola
2594 1182 2729 1222 vero
2774 1174 2869 1222 tua
2924 1183 3278 1237 progressus,
3311 1169 3484 1224 velini
3526 1169 3609 1223 in-

2014 1254 2274 1327 dignatus
2319 1256 2660 1328 molesteque
2720 1258 2925 1321 ferens,
2963 1262 3117 1330 quod
3165 1274 3267 1316 nos
3318 1261 3610 1330 scripseri“

2016 1362 2161 1416 mus,
2191 1344 2502 1405 asserentes
2562 1364 2726 1405 unam
2778 1349 2831 1404 in
2864 1350 3088 1407 Christo
3136 1348 3395 1407 naturam
3448 1352 3615 1423 Euty-

2014 1439 2245 1495 chianos
2265 1454 2409 1502 esse,
2433 1439 2739 1511 eodemque
2764 1442 3113 1499 anathemate
3152 1458 3218 1501 ac
3233 1443 3444 1514 judicio
3471 1445 3605 1499 sub-

2010 1529 2128 1600 jici,
2188 1532 2299 1587 haec
2320 1532 2521 1587 scribis
2570 1533 2689 1587 :Et
2748 1535 2998 1602 dicimus,
3047 1535 3279 1603 domine,
3322 1538 3375 1591 in
3428 1538 3524 1591 hoc
3565 1546 3613 1589 te

2015 1640 2123 1679 non
2189 1634 2327 1680 recte
2374 1625 2647 1695 judicium
2715 1627 2946 1693 tulisse;
2996 1628 3229 1699 ideoque
3290 1629 3615 1701 Eutychetis

2015 1718 2328 1787 opinionem
2379 1733 2658 1789 exponere
2742 1719 2985 1784 conaris,
3046 1720 3438 1790 declararcque
3484 1734 3613 1774 cum

2018 1808 2407 1864 confusionem
2442 1811 3041 1880 commutationemque
3084 1811 3141 1865 in
3170 1809 3479 1866 trconomia
3512 1826 3613 1879 po-

315 1900 660 1971 οίκονομίας,
700 1898 797 1954 καὶ
828 1902 894 1953 ὲκ
939 1898 1051 1953 τῶν
1089 1898 1261 1968 ἁγίων
1308 1899 1401 1953 καὶ
1435 1900 1724 1971 ἀχράντων
1756 1901 1918 1969 αίμάυ

2030 1915 2175 1966 nere,
2209 1899 2453 1969 nihilque
2483 1916 2547 1955 ex
2595 1901 2962 1957 immaculatis
3026 1900 3349 1969 sanctisque
3386 1901 3614 1970 sanguis

320 2010 433 2045 των
469 1992 634 2061 μηδὲν
663 1991 753 2045 τὸν
779 1992 913 2045 Θεὸν
941 1990 1116 2060 Λόγον
1144 1991 1551 2061 προσλασέσθαι
1582 1993 1753 2062 λέγει,
1788 1994 1916 2048 ἑαυ-

326 2085 421 2138 τὸν
444 2086 502 2137 δὲ
535 2087 884 2157 παραστῆσαι
910 2084 986 2156 μὴ
1010 2082 1151 2140 εἶναι
1183 2088 1533 2156 συγχυτικὺν,
1560 2090 1653 2141 καὶ
1682 2088 1917 2159 ἑτέρωσε

328 2176 621 2241 δοξάζοντα
677 2176 808 2247 μίαν
852 2178 1014 2248 φύσιν
1063 2178 1157 2232 ἐπὶ
1200 2177 1461 2248 Χριστοῦ,
1491 2178 1715 2234 διἀύτδ
1736 2179 1915 2245 τοῦτο,

330 2268 471 2339 μηδὲ
493 2266 569 2338 τῷ
592 2269 743 2339 αύτῷ
771 2268 1068 2340 ἀναθέματι
1129 2270 1355 2335 emam,-
1384 2270 1914 2328 καθυποόάλλεσθαι.

341 2361 489 2414 Ἀλλ’
547 2362 597 2414 εί
638 2360 737 2431 μὲν
767 2363 797 2414 6
840 2361 995 2429 λόγος
1025 2363 1053 2416 6
1079 2363 1170 2427 σὸς
1215 2362 1277 2418 τὸ
1307 2363 1566 2435 διάφορον
1606 2364 1702 2435 τῆς
1735 2364 1916 2434 δόξης,

325 2454 477 2524 φημὶ
503 2453 569 2525 δὴ
597 2453 690 2508 τοῦ
713 2454 983 2525 Εὑτυχοῦς
1008 2456 1097 2509 καὶ
1122 2456 1222 2527 τῆς
1251 2457 1349 2527 σῆς
1374 2456 1693 2527 ὁμολογίας,
1726 2456 1918 2527 βούλε-

325 2565 424 2604 ται
455 2549 750 2621 παριστᾷν,
775 2549 849 2613 ὡς
878 2549 1128 2603 ἐντεῦθεν
1157 2550 1296 2621 μηδὲ
1322 2550 1403 2622 τῷ
1432 2552 1584 2621 αύτῷ
1614 2552 1920 2620 ἁναθέματι

333 2641 764 2710 συναπάγεσθαι,
787 2644 816 2696 6
839 2641 970 2711 γοῦν
1004 2642 1274 2715 ἡμέτερος
1302 2644 1459 2712 λόγος
1472 2645 1569 2715 τῆς
1591 2644 1919 2711 ἀποδείξεως

333 2731 484 2786 οὕτω
514 2733 739 2802 λέγοντά
769 2751 827 2787 σε
884 2735 1015 2804 μίαν
1067 2736 1229 2805 φύσιν
1260 2739 1353 2791 ἐπὶ
1378 2739 1476 2808 τῆς
1505 2737 1752 2802 ὲνώσεως
1782 2742 1921 2812 Χρι-

337 2826 487 2894 στοῦ,
537 2828 639 2880 κᾶν
670 2827 745 2898 μὴ
798 2830 863 2881 ὲκ
916 2828 1143 2899 πρώτης
1199 2829 1374 2895 οὕτως
1427 2830 1919 2903 εὖροιδοξάξοντα,

332 2918 451 2973 ἀλλ’
498 2920 555 2986 ἐξ
623 2915 700 2973 ὦν
758 2920 965 2989 λέγεις,
1015 2922 1313 2987 ὲξάπαντος
1355 2926 1435 2987 είς
1464 2926 1558 2977 τὸν
1592 2925 1691 2995 τῆς
1720 2926 1921 2996 ἀναχύ-

332 3027 471 3074 σεως
495 3012 698 3084 τρόπον
725 3014 1001 3085 περιάξει,
1045 3017 1137 3069 καὶ
1163 3015 1324 3070 τοῦτό
1360 3034 1442 3070 σοι
1463 3017 1621 3087 δῆλον
1646 3018 1919 3075 ἐντεῦθεν.

326 3103 493 3172 Τρεῖς
547 3104 733 3159 τοίνυν
773 3108 828 3159 αἱ
880 3106 1146 3161 ἀνωτάτω
1180 3108 1330 3172 δόξαι
1377 3110 1509 3181 περὶ
1548 3111 1647 3181 τῆς
1672 3111 1921 3177 ὲνὼσεως

327 3192 438 3247 τῶν
471 3195 532 3248 ἐν
561 3194 787 3266 Χριστῷ
838 3196 1058 3266 φύσεων
1104 3198 1542 3269 κατεόλήθησαν,
1593 3202 1921 3275 διαιρετικὴ,

2029 1990 2193 2046 nibus
2246 1988 2414 2046 Deum
2463 1992 2702 2047 Verbum
2747 1992 3135 2060 assumpsisse,
3168 2002 3220 2048 te
3249 1993 3427 2063 ipsum
3466 2007 3604 2046 vero

2026 2086 2260 2156 probare
2330 2100 2439 2139 non
2487 2083 2835 2139 introducere
2879 2082 3285 2148 confusionem,
3327 2093 3382 2138 et
3433 2082 3606 2143 alibi;

2029 2192 2192 2231 unam
2218 2184 2469 2231 naturam
2494 2176 2851 2231 afﬁrmantem
2880 2176 2935 2229 in
2962 2174 3205 2242 Christo,
3227 2190 3336 2231 non
3358 2186 3615 2246 propter»

2025 2281 2089 2322 ea
2130 2268 2465 2325 anathemati
2507 2267 2701 2323 merito
2746 2265 2969 2337 subjici.
3028 2264 3095 2321 Et
3122 2266 3250 2321 licet
3278 2281 3461 2322 sermo
3489 2273 3618 2318 tuus

2026 2361 2306 2431 opinionis
2346 2361 2701 2434 Eutychianac
2756 2370 2972 2431 tua-quo
3007 2358 3378 2416 confessionis
3419 2357 3620 2413 discria-

2028 2472 2151 2510 men
2211 2455 2484 2511 extricare
2535 2454 2775 2521 nitatur,
2832 2462 2894 2509 ut
2964 2453 3092 2509 inde
3144 2450 3215 2509 ab
3267 2452 3622 2508 anathemate

2030 2557 2223 2604 contra
2264 2547 2565 2620 Entyehem
2612 2546 2727 2601 lato
2758 2546 3021 2601 immunis
3068 2560 3197 2603 esse
3227 2544 3487 2609 videaris,
3518 2562 3621 2599 no-

2030 2655 2158 2697 stra:
2194 2654 2379 2697 tamen
2405 2641 2902 2697 demonstrationis
2934 2639 3075 2696 ratio
3099 2648 3151 2695 te
3170 2653 3334 2694 unam
3360 2646 3618 2694 naturam

2029 2736 2083 2790 in
2108 2720 2536 2789 unionéChristi
2564 2732 3038 2797 asserentem,etsi
3066 2731 3188 2802 ipso
3200 2730 3379 2801 primo
3396 2740 3623 2801 aspectu

2029 2835 2082 2883 te
2110 2827 2184 2883 ita
2214 2826 2465 2882 confiteri
2492 2818 2623 2883 non
2657 2824 3276 2897 compererit,-omnino
3316 2822 3369 2877 in
3418 2823 3617 2880 confu—

2028 2921 2203 2977 sionis
2230 2920 2754 2976 modum-adducet:
2780 2918 2927 2988 quod
2959 2917 3057 2972 tibi
3085 2916 3235 2972 hisce
3253 2914 3614 2972 manifestum

2029 3012 2213 3068 fuerit.
2267 3012 2401 3068 Tres
2442 3028 2575 3083 ergo
2630 3026 2901 3081 supremae
2950 3011 3242 3081 opiniones
3299 3010 3367 3065 de
3420 3011 3625 3065 unione

2030 3114 2354 3160 naturarum
2386 3104 2439 3159 in
2475 3104 2694 3161 Christo
2724 3111 3005 3173 concepta:
3034 3110 3186 3163 sunt.
3216 3100 3471 3167 divisiva,
3490 3116 3625 3157 con-

2031 3198 2231 3265 fusiva,
2283 3209 2340 3255 et
2378 3215 2500 3269 qua:
2529 3198 2745 3269 proprie
2775 3196 3084 3267 appellatur
3105 3194 3315 3250 imitiva
3345 3210 3359 3247 :
3384 3210 3621 3267 quarum

332 3286 659 3357 συγχυτικὴ,
702 3286 799 3340 καὶ
828 3290 862 3359 ἡ
909 3288 1114 3361 κυρίως
1136 3290 1371 3363 ἑνωτικὴ
1400 3290 1693 3363 λεγομένη.
1727 3294 1795 3347 Δί
1820 3295 1921 3366 μὲν

2030 3291 2147 3347 duae
2202 3290 2273 3346 ab
2327 3290 2598 3345 haereticis
2657 3288 2819 3362 quasi
2868 3288 2981 3359 joci
3066 3286 3285 3343 ridiculi
3330 3286 3625 3343 divendita:

335 3371 435 3431 οὖν
476 3376 573 3431 δύο
601 3380 794 3433 παισὶν
838 3380 1132 3452 αίρετικῶν
1180 3382 1541 3453 ἐπαίχθησαν,
1602 3386 1695 3439 καὶ
1738 3386 1929 3452 παιζὲο

337 3468 581 3525 σθωσαν.
612 3470 812 3536 Καλῶς
846 3474 957 3545 γάρ
991 3474 1283 3544 προλαϐὼν
1309 3477 1509 3541 αὐτοὺς
1540 3477 1570 3530 6
1601 3477 1742 3543 θεῖος
1776 3479 1931 3552 Γρηο-

337 3561 524 3634 γόριος
569 3563 970 3636 ιστηλίτευσιν.
995 3567 1071 3621 Ἥ
1104 3585 1163 3622 τε
1208 3568 1318 3641 γὰρ
1350 3570 1657 3643 διαιρετικὴ
1706 3572 1933 3645 σχετική

340 3669 430 3717 τις
450 3650 606 3722 οὖσα,
623 3656 719 3710 καὶ
742 3657 877 3728 μηδὲ
900 3657 1003 3729 τὴν
1027 3658 1200 3731 ἀρχὴν
1222 3661 1316 3725 τὰς
1338 3660 1532 3731 φύσεις
1557 3661 1933 3731 συνάπτουσα,

346 3747 728 3818 κεχωρισμένα
754 3749 889 3819 πρὸς
920 3748 1124 3821 ἄλληλα
1154 3752 1479 3806 καταλείπει
1511 3754 1579 3806 τὰ
1607 3754 1934 3825 πράγματα,

344 3838 479 3910 μηδὲ
501 3838 599 3895 ὅσα
627 3841 734 3895 ἴδια
762 3843 975 3907 τούτοις
998 3842 1235 3908 διδοῦσα.
1269 3845 1302 3917 ἢ
1328 3846 1691 3901 ἀντιδιδοῦσα.
1724 3848 1810 3910 Ὠς
1842 3851 1931 3901 tvo

333 3932 532 3987 τεῦθεν
543 3932 639 3988 δύο
656 3934 847 4004 φύσεις
873 3937 1051 4009 πάντη
1074 3937 1349 4009 χωριστὰς
1374 3937 1619 4009 ἀλλήλων
1633 3940 1936 4011 ὁρίζεσθαι,

341 4026 486 4096 πλὴν
507 4028 633 4081 ὅσον
668 4026 817 4099 ἀξία,
844 4029 939 4082 καὶ
962 4029 1177 4101 γνώμῃ,
1207 4032 1302 4084 καὶ
1330 4031 1692 4103 ταυτοὸουλίᾳ.
1714 4032 1805 4086 τὸν
1830 4034 1937 4087 τῶν

338 4120 561 4189 φύσεων
582 4122 867 4193 χωρισμὸν
892 4124 1175 4191 φενακίζει
1200 4122 1325 4184 τοὺς
1344 4122 1607 4194 ἄφρονας.
1633 4118 1871 4197 Τοιαύτη
1903 4128 1935 4197 ἡ

332 4210 435 4265 τοῦ
456 4212 859 4284 ματαιόφρονος
876 4212 1174 4282 ΝεστορΞω
1193 4213 1343 4279 δόξα,
1364 4217 1396 4284 ἡ
1420 4215 1473 4268 δὲ
1493 4216 1631 4268 κατὰ
1647 4216 1937 4287 διάμετρον

343 4302 557 4373 ταύτης
590 4308 686 4361 καλ⁵
716 4290 1020 4377 συγχυτικὴ
1055 4307 1281 4360 πλεῖστα
1306 4309 1660 4377 ἀφανίζουσα,
1686 4310 1779 4364 καὶ
1808 4329 1937 4380 συγ-

341 4394 570 4465 χέουσα,
585 4395 646 4449 ἓν
666 4413 718 4451 τι
733 4399 966 4469 πρᾶγμα
993 4398 1146 4451 νόθον
1164 4399 1496 4453 ἀναπλάττει
1530 4418 1589 4453 τε
1614 4404 1707 4454 καὶ
1729 4404 1935 4472 φαντά-

347 4484 535 4548 ζεται,
555 4486 611 4538 ὲν
631 4488 736 4539 οὐδ’
753 4492 997 4561 ὁποτέρῳ
1018 4491 1127 4544 τῶν
1148 4493 1439 4561 ἡνωμένων
1454 4492 1713 4564 καθαρῶς
1732 4496 1788 4547 τὶ
1803 4495 1936 4549 ἴδιον

2036 3390 2166 3437 sunt
2196 3392 2251 3437 et
2279 3380 2677 3437 divenduntur.
2722 3380 2903 3436 Probe
2934 3379 3080 3434 enim
3108 3392 3207 3434 eos
3236 3392 3627 3449 praeoccupans

2036 3475 2259 3531 divinus
2318 3474 2616 3545 Gregorius
2674 3473 2957 3528 infamavit
3004 3486 3297 3541 :namquc
3343 3471 3624 3534 divisira,

2036 3581 2163 3622 clm
2205 3567 2431 3623 relativa
2472 3566 2579 3633 sit,
2626 3576 2679 3622 et
2729 3581 2905 3636 neque
2953 3565 3005 3619 in
3051 3565 3169 3634 ipso
3200 3563 3361 3617 initio
3397 3573 3627 3619 naturas

2038 3660 2362 3731 coniungat,
2398 3668 2681 3729 separatas
2730 3659 2871 3713 inter
2915 3671 2973 3713 se
3006 3672 3093 3711 res
3140 3655 3423 3725 relinquit,
3446 3670 3626 3724 neque

2037 3750 2149 3806 illis
2212 3752 2568 3817 communia,
2619 3736 2797 3821 neque
2858 3749 3154 3819 peculiaria
3215 3747 3475 3814 exhibet,
3530 3757 3629 3802 ant

2041 3841 2237 3905 reddit,
2268 3850 2329 3895 ut
2366 3841 2491 3896 inde
2513 3842 2635 3896 duae
2666 3852 2872 3895 natura!
2910 3839 3135 3893 omnino
3195 3855 3238 3893 a-
3273 3837 3475 3907 seipsis
3516 3837 3628 3892 dis-

2038 3936 2252 4007 pertita:
2308 3937 2737 3999 constituantur,
2762 3942 2815 3989 et
2868 3934 2985 3988 hare
3029 3932 3409 3987 tantummodo
3446 3931 3627 3999 digni-

2041 4038 2171 4094 tate,
2207 4042 2261 4083 ct
2295 4030 2589 4097 opinione,
2622 4038 2676 4084 ct
2728 4028 2963 4083 consilio
2992 4037 3219 4081 naturas
3261 4024 3508 4079 dividens
3538 4022 3625 4079 fu-

2039 4138 2163 4177 cum
2216 4122 2602 4193 insipientibus
2647 4123 2795 4185 facit,
2870 4133 3064 4189 cstque
3122 4118 3309 4174 stolidi
3367 4115 3625 4173 Nestorii.

2040 4215 2174 4281 Quae
2199 4230 2329 4270 vero
2368 4214 2442 4269 illi
2471 4231 2535 4270 ex
2557 4215 2827 4271 diametro
2854 4214 3167 4282 apponitur,
3189 4212 3339 4281 plura
3362 4210 3629 4266 dirimens

2037 4317 2091 4363 et
2120 4305 2483 4373 confundens,
2521 4310 2773 4377 spurium
2823 4306 3010 4363 nescio
3059 4303 3191 4375 quid
3236 4302 3338 4359 sibi
3375 4303 3551 4373 fingit,
3574 4312 3630 4358 et

2038 4402 2432 4472 imaginatione
2486 4402 2909 4472 complectitur,
2975 4400 3030 4454 in
3092 4408 3283 4454 neutra
3342 4398 3626 4452 unitorum

2038 4507 2193 4567 parte
2230 4512 2363 4564 pure
2390 4496 2671 4566 proprium
2702 4509 3066 4560 conservans,
3094 4491 3188 4547 sed
3220 4492 3324 4547 hoc
3355 4490 3488 4545 illud
3521 4499 3626 4554 est,

350 4574 733 4642 ἁποσὼζουσα,
769 4579 903 4632 ἀλλὰ
950 4582 1108 4635 τοῦτο
1163 4582 1358 4645 ἐκεῖνο,
1391 4585 1611 4636 κάκεῖνο
1634 4584 1809 4646 τοῦτο,
1842 4585 1936 4638 καὶ

2041 4597 2095 4643 et
2124 4587 2255 4643 illud
2286 4588 2391 4643 hoc
2421 4604 2436 4642 :
2468 4587 2700 4657 ideoque
2729 4601 2907 4655 neque
2950 4586 3075 4649 hoc,
3113 4600 3289 4654 neque
3325 4582 3453 4638 illud
3490 4598 3627 4637 con-

350 4665 444 4721 διά
464 4666 623 4721 τοῦτο
646 4669 768 4723 οὐδὲ
800 4670 977 4738 τοῦτο,
1001 4675 1117 4728 οὐδὲ
1146 4677 1320 4729 ἐκεῖνο
1346 4677 1725 4748 συγχωροῦσα.
1758 4678 1931 4731 Νόθον

352 4759 464 4832 γὰρ
494 4759 641 4815 ἅπαν
682 4762 741 4815 τὸ
785 4764 849 4818 ἐκ
886 4766 984 4835 τῆς
1025 4767 1343 4837 συγχύσεως
1370 4768 1747 4837 ἀναφαίνεται,
1780 4769 1931 4822 οὐδὲν

346 4851 474 4925 εχον
509 4855 771 4927 καθαρὸν,
809 4860 932 4913 οὐδὲ
967 4862 1025 4912 ἐν
1054 4863 1121 4933 τῇ
1156 4861 1367 4933 μονίμῳ
1422 4862 1706 4933 ἱδρυμένον
1738 4864 1932 4917 ἑαυτοῦ

348 4948 599 5019 ἰδιότητι.
634 4950 695 5003 Ἦ
721 4953 775 5005 δὲ
804 4952 1012 5006 τούτων
1047 4954 1190 5023 μέση
1224 4954 1528 5024 ἀσύγχυτός
1555 4972 1612 5005 τε
1642 4956 1733 5006 καὶ
1763 4953 1935 5007 ἀδιαί-

345 5056 502 5113 ρετος
525 5040 721 5106 ἓνωσις
754 5038 863 5096 οἶδε
902 5042 1002 5115 μὲν
1027 5044 1097 5097 τὰ
1120 5044 1389 5115 ὁραθέντα
1415 5044 1718 5107 maxime;
1746 5044 1935 5114 ἔχοντα

345 5133 486 5190 κατὰ
517 5135 617 5206 τὴν
672 5137 853 5190 αὐτῶν
908 5138 1151 5209 ἰδιότητα
1183 5138 1273 5192 διὰ
1316 5139 1380 5192 τδ
1413 5138 1707 5210 ἄτρεπτον,
1740 5139 1935 5201 κοινῶς

345 5227 403 5280 δὲ
451 5230 625 5283 ταῦτα
682 5231 780 5284 καὶ
809 5232 926 5293 ἐνὸς
952 5227 1093 5286 εἶναι
1131 5234 1277 5287 ποιεῖ
1304 5232 1370 5287 δι’
1410 5234 1584 5304 αὐτήν
1624 5250 1689 5297 γε
1718 5232 1817 5303 τὴν
1847 5232 1936 5285 οὐ·

348 5320 515 5393 σιώδη
546 5323 764 5387 ἕνωσιν,
792 5325 866 5389 ὼς
892 5327 940 5379 ει
978 5328 1074 5381 καὶ
1102 5326 1172 5381 τὰ
1199 5330 1297 5398 μὲν
1326 5329 1531 5399 κυρίως
1554 5327 1662 5380 ἴδια
1684 5325 1935 5397 θατέρου,

351 5416 511 5471 κοινὰ
545 5416 641 5471 τοῦ
672 5417 821 5484 ὅλου,
880 5421 948 5473 τὰ
979 5420 1036 5473 δὲ
1088 5422 1184 5474 τοῦ
1216 5422 1337 5475 ὅλου
1369 5420 1544 5485 κοινὰ,
1580 5410 1808 5492 θατέρου
1833 5421 1939 5475 ἴδια

348 5511 440 5568 διὰ
464 5515 564 5586 τὴν
597 5516 656 5569 ἐν
682 5514 901 5587 θατέρῳ
961 5516 1057 5571 τοῦ
1100 5516 1268 5572 αὐτοῦ
1318 5517 1628 5587 ἁσύγχυτον
1677 5514 1937 5587 ἰδιότητα.

350 5607 428 5660 ού
450 5607 561 5679 γὰρ
596 5607 663 5662 ἂν
694 5608 964 5674 ἀντίδοσις
991 5611 1101 5665 τῶν
1158 5612 1467 5682 ἰδιωμάτων
1516 5610 1755 5679 ἐγένετο,
1782 5611 1831 5661 εί
1864 5609 1940 5679 μὴ

348 5699 411 5752 ὲν
444 5698 693 5771 ἑκατέρῳ
716 5701 934 5774 ἔμεινεν
966 5705 1025 5758 ὲν
1050 5706 1116 5776 τῇ
1154 5704 1398 5775 ὲνώσειή
1432 5702 1629 5773 ἰδιότης
1661 5701 1939 5773 ἀκίνητος.

355 5791 549 5848 Ἔστιν
598 5791 695 5850 οὖν
741 5797 777 5869 ἡ
822 5797 1052 5871 τοιαύτη
1087 5799 1283 5862 ἕνωσις
1312 5798 1421 5852 τῶν
1471 5798 1573 5869 μὲν
1608 5797 1783 5868 πάντη
1804 5798 1944 5851 διαι-

356 5886 533 5960 ρετῶν
558 5887 884 5965 ἑνικωτέρα,
936 5891 1046 5949 τῶν
1086 5893 1149 5949 δὲ
1197 5892 1377 5966 πάντη
1414 5890 1757 5962 συγχυτικῶν
1787 5889 1943 5945 πλου-

2034 4680 2236 4737 cedens
2266 4699 2281 4735 :
2315 4680 2462 4750 quod
2499 4680 2646 4734 enim
2688 4696 2756 4733 ex
2795 4675 3125 4733 confusione
3151 4678 3345 4738 oritur,
3377 4674 3626 4743 Spurium

2033 4783 2141 4840 est,
2175 4772 2310 4828 nihil
2345 4788 2544 4843 purum
2575 4772 2890 4834 continens,
2934 4769 2989 4823 in
3022 4768 3143 4838 ipsa
3188 4768 3273 4823 sui
3299 4768 3479 4821 stabili
3506 4781 3629 4833 pro-

2036 4864 2264 4934 prietate
2312 4864 2541 4919 minime
2589 4862 2827 4917 firmum.
2866 4862 3072 4915 Harum
3109 4859 3287 4913 media
3318 4857 3627 4913 inconfusa

2035 4966 2089 5010 et
2122 4956 2359 5011 indivisa
2398 4954 2533 5011 unio
2563 4953 2815 5025 agnoscit
2856 4951 3109 5020 equidem
3137 4956 3432 5017 conspecta
3484 4947 3628 5001 inte-

2037 5064 2130 5118 gra
2159 5064 2283 5103 esse
2315 5057 2535 5119 propter
2565 5062 2694 5101 suas
2734 5044 3119 5116 proprietates,
3169 5057 3295 5113 quae
3326 5042 3629 5095 immutatae

2039 5159 2145 5198 non
2188 5149 2338 5197 sunt.
2388 5140 2769 5197 Communiter
2812 5119 2996 5191 autem
3047 5136 3182 5199 haec,
3211 5144 3265 5189 et
3303 5134 3465 5188 unius
3509 5148 3632 5186 esse

2037 5236 2243 5291 fatetur
2308 5246 2532 5305 propter
2584 5231 2936 5287 essentialem
2998 5230 3279 5291 unionem,
3329 5237 3383 5280 et
3412 5228 3629 5296 propria

2041 5327 2229 5391 unius,
2255 5328 2429 5383 totius
2455 5326 2800 5382 communia:
2833 5342 2957 5395 qua:
2992 5340 3125 5378 vero
3158 5324 3333 5376 totius
3379 5335 3629 5375 conmm-

2041 5421 2402 5485 nia,alt:erius
2420 5436 2644 5491 quoque
2675 5420 2907 5489 propria
2932 5427 3158 5489 propter
3193 5416 3342 5471 illius
3392 5413 3446 5466 in
3482 5420 3627 5466 uno

2041 5532 2149 5585 que
2188 5515 2545 5571 inconfusam‘
2604 5516 3013 5586 proprietatem.
3046 5510 3235 5582 Neque
3288 5508 3434 5562 enim
3501 5521 3632 5575 pro-

2044 5608 2336 5680 ιηῑθιείιιιιη
2415 5596 2615 5664 ἲιυιιυα
2679 5610 3055 5679 Compensatio
3120 5604 3319 5665 fieret,
3384 5598 3490 5654 nisi
3578 5595 3631 5649 in

2044 5713 2279 5773 utroque
2316 5711 2649 5769 remaneret,
2684 5704 2739 5757 in
2764 5702 2971 5756 unione
3022 5695 3328 5768 proprietas
3382 5692 3629 5745 immota.

2047 5795 2144 5851 Est
2177 5798 2363 5868 itaque
2415 5796 2613 5853 similis
2667 5796 2799 5851 unio
2832 5808 3049 5857 eorum,
3082 5805 3206 5863 qua:
3246 5788 3464 5860 penitus
3494 5782 3635 5838 divi-

2045 5886 2277 5958 duntur,
2312 5874 2490 5961 magis
2534 5887 2766 5955 unitiva,
2798 5898 3014 5954 eorum,
3046 5897 3171 5955 qua:
3215 5891 3447 5953 prorsus
3496 5888 3649 5931 cer-
