4098 6316
459 350 558 417 631
1712 339 2006 401 ΝΙΟΕΤΈ¹
2046 337 2453 398 ΒΥΖΑΝΤΙΝΙ
3607 340 3715 406 632

457 480 538 530 re,
569 479 689 534 qua:
737 461 804 516 de
860 460 1107 532 pluribus
1148 458 1370 520 dicitur.
1420 472 1518 528 per
1568 471 1706 524 quas
1735 453 2015 509 sanctissi-

2132 467 2208 520 μα
2258 449 2711 520 ἐκκλησιαστικὸν
2760 450 3178 520 ἀπεσφάλησαν.
3223 453 3500 525 Μενοῦνγε
3533 445 3721 512 οὑσὶαν

457 573 606 613 nium
637 555 839 624 ubique
869 553 1053 607 ﬁdeles
1078 551 1386 622 symbolum
1415 548 1699 619 possident
1741 554 1797 601 et
1821 544 2015 607 fovent,

2131 543 2226 596 καὶ
2255 542 2417 612 φύσιν
2453 544 2650 598 ταυτὸν
2674 545 2804 615 ἡμῖν
2832 543 3029 614 δηλοῦν
3060 548 3341 620 πανταχοῦ
3372 551 3467 605 καὶ
3509 552 3543 619 ή
3584 553 3715 620 ἁγία

454 647 600 720 quod
631 645 788 700 nobis
821 659 982 698 unam
1019 652 1296 707 naturam,
1355 649 1410 696 et
1463 641 1760 696 essentiam
1790 638 2015 692 sanetis-

2127 632 2344 704 Γραφὴ,
2370 632 2461 685 καί
2486 634 2524 701 ή
2564 633 2705 686 κατὰ
2747 632 2981 687 Νίκαιαν
3017 632 3153 704 ἁγία
3191 636 3430 705 σύνοδος,
3463 640 3557 694 καὶ
3597 642 3720 712 μετ’

451 738 607 793 sima:
636 734 867 798 Triadis,
892 744 946 788 et
984 743 1092 788 tres
1123 747 1403 802 personas,
1434 742 1486 786 et
1522 731 1843 802 hypostases
1873 745 2015 784 com-

2129 727 2303 797 αὐτὴν
2335 729 2369 798 ἡ
2393 729 2452 780 ὲν
2475 728 3074 800 Κωνσταντινουπόλει,
3100 732 3196 788 καί
3227 735 3259 805 ἠ
3301 735 3494 808 πρώτη
3523 736 3634 790 τῶν
3658 738 3718 790 ἐν

449 828 617 884 misit.
641 827 705 880 Et
724 826 777 880 hi
797 825 1012 896 quidem
1036 837 1287 879 naturam
1307 832 1359 878 et
1378 823 1669 879 essentiam
1688 836 1788 892 pro
1811 823 2023 887 eodem,

447 933 738 989 personam
790 932 984 973 rursus
1023 925 1077 972 et
1113 914 1448 988 hypostasim
1485 929 1582 984 pro
1613 915 1827 977 eodem,
1852 913 1919 969 de
1943 914 2029 966 in-

447 1012 666 1068 dividua
733 1024 928 1081 nempe
992 1018 1048 1066 et
1116 1008 1381 1077 singulari
1442 1022 1503 1063 re
1569 1008 2022 1076 comprobarunt.

446 1105 660 1162 Formae
694 1103 855 1159 etiam
914 1117 1111 1157 nomen
1159 1102 1410 1157 similiter
1457 1100 1525 1156 de
1557 1099 1794 1155 essentia
1848 1107 1904 1154 et
1932 1113 2027 1154 na-

447 1207 568 1255 tura
591 1198 778 1252 Patres
809 1201 1152 1264 acceperunt.
1197 1192 1602 1262 Proptereaque
1665 1208 1895 1261 magnus
1921 1190 2025 1246 Ba-

443 1288 600 1347 silius
626 1288 758 1343 illud
787 1305 800 1340 :
836 1285 902 1341 In
920 1286 1094 1355 [arma
1115 1284 1214 1339 Dei
1236 1301 1353 1339 cum
1375 1294 1538 1347 esset,
1557 1299 1856 1354 exponens,
1885 1283 2025 1338 idem

443 1380 694 1447 innuere,
732 1396 797 1436 ac
824 1381 879 1435 iu
907 1378 1146 1436 essentia
1176 1378 1268 1435 Dei
1296 1393 1418 1434 esse
1443 1375 1677 1442 dicebat,
1711 1386 1765 1433 et
1790 1374 2025 1432 formam

439 1474 807 1545 assumpsisse
829 1471 973 1530 servi
1002 1471 1057 1527 in
1082 1472 1324 1528 essentia
1348 1471 1702 1528 humanitatis
1733 1462 2027 1525 Dominum'

2139 815 2352 888 Ἐφέσῳ
2391 818 2740 889 παρέδωκαν,
2785 819 2879 873 ἐπὶ
2917 820 3100 874 κοινοῦ
3153 823 3249 878 καὶ
3277 823 3587 890 καθολικοῦ,
3618 825 3716 880 καὶ

2128 908 2271 964 κατά
2302 908 2514 962 πολλῶν
2539 910 2842 981 φερομένου
2869 912 3220 982 πράγματος.
3280 916 3351 970 δι’
3381 909 3458 972 ὧν
3489 917 3553 971 τὸ
3581 934 3716 971 πανο

2130 999 2289 1070 ἅγιον
2341 1001 2393 1053 οί
2426 1002 2704 1072 πανταχοῦ
2760 1004 2944 1058 πιστοὶ
2989 1005 3257 1076 σύμϐολον
3299 1006 3483 1080 ἔχουσί
3525 1026 3587 1064 τε
3620 1011 3717 1065 καὶ

2127 1090 2503 1160 περιέπουσιν,
2541 1092 2679 1164 ὅπερ
2712 1093 2842 1163 μίαν
2867 1093 3034 1165 φύσιν
3083 1097 3174 1152 καὶ
3205 1099 3396 1155 οὐσίαν
3432 1101 3535 1172 τῆς
3572 1120 3715 1156 παν·

2126 1183 2292 1254 αγίας
2338 1185 2589 1256 Τριάδος,
2629 1187 2725 1240 καὶ¹
2759 1186 2889 1258 τρία
2945 1189 3214 1258 πρόσωπα
3265 1193 3359 1246 καὶ
3384 1193 3710 1258 ὑποστάσεις

2125 1277 2259 1347 ἡμῖν
2292 1277 2598 1346 παρέδωκε.
2624 1277 2792 1332 illum:
2835 1279 2934 1350 μὲν
2951 1283 3049 1335 καὶ
3072 1282 3261 1338 οὐσίαν
3293 1285 3512 1352 ταυτὸν,
3539 1287 3712 1357 πρόσ-

2125 1384 2276 1422 ωπον
2301 1368 2347 1422 δ’
2370 1366 2440 1424 αὖ
2487 1369 2651 1424 πάλιν
2705 1371 2801 1424 καί¹
2827 1370 3130 1427 ὑπόστασιν
3156 1375 3376 1442 ταυτὸν,
3393 1375 3472 1440 ὡς
3490 1377 3584 1431 ἐπὶ
3609 1377 3713 1432 ἰδι-

2127 1459 2225 1513 κοῦ
2255 1477 2314 1513 τε
2367 1460 2462 1513 καὶ
2485 1461 2802 1517 καθέκαστα
2833 1462 3159 1534 πράγματος
3192 1465 3625 1536 ὲκδιδάσκουσαι,
3653 1471 3716 1523 τὸ

2125 1551 2182 1604 δὲ
2214 1551 2278 1620 δὴ
2309 1553 2408 1624 τῆς
2440 1552 2657 1624 μορφῆς
2680 1551 2853 1623 ὄνομα
2885 1555 3150 1620 ὡσαύτως
3195 1558 3291 1611 καὶ
3326 1558 3460 1613 αὐτὸ
3489 1560 3580 1614 ἰπὶ
3620 1561 3713 1614 οὑ-

2128 1646 2248 1707 σίας
2280 1647 2374 1700 καὶ
2423 1644 2637 1714 φύσεως
2675 1645 2727 1699 οἱ
2774 1646 3016 1719 Πατέρες
3051 1647 3446 1721 παρειλήφασι.
3494 1651 3595 1707 Διά
3624 1667 3710 1706 τοι

439 1573 690 1620 nostrum
736 1578 858 1622 esse
913 1571 1086 1620 notat.
1137 1562 1548 1636 Hypostaticum
1593 1576 1723 1620 vero
1749 1563 2023 1618 diversum

438 1653 571 1726 quid
622 1653 690 1706 ab
749 1652 1030 1724 hypostasi
1091 1660 1344 1722 ponunt:
1380 1653 1702 1708 deﬁnientes
1743 1653 1890 1706 enim
1923 1652 2023 1723 hy-

438 1741 701 1812 postasim
728 1741 1021 1797 dixerunt:
1049 1741 1368 1812 Hypostasis
1394 1752 1477 1798 est
1511 1758 1636 1798 cum
1676 1743 2015 1813 proprietate,

2127 1733 2283 1790 τοῦτο
2307 1739 2334 1790 ό
2365 1738 2537 1808 μέγας
2560 1738 2838 1803 Βασίλειος
2862 1740 2943 1806 τὸ,
2990 1739 3090 1795 Ἐν
3117 1738 3320 1811 μορφῇ
3348 1741 3496 1798 Θεοῦ
3515 1741 3710 1810 map-

436 1799 554 1891 sive
585 1833 1008 1904 proprietatibus
1037 1850 1133 1906 per
1154 1851 1213 1891 se
1251 1836 1579 1903 subsistens,
1611 1847 1664 1892 et
1694 1845 1864 1892 totum
1893 1836 2015 1906 quid

2131 1846 2275 1899 κων,
2307 1799 2648 1901 ἑρμηνεύων,
2681 1827 2795 1886 ἴσον
2818 1799 3095 1888 ⁷δύνασθαι
3117 1799 3253 1905 ’τιξιξ
3287 1799 3358 1888 ’ὲν
3384 1833 3542 1906 οὑσίᾳ
3569 1799 3708 1888 Θεοῦ

436 1925 739 1980 secundum
771 1941 828 1981 se
850 1928 1122 1983 exsistens
1161 1944 1175 1982 :
1210 1927 1614 2002 bypostaticum
1665 1945 1792 1985 vero
1820 1938 1903 1984 est
1939 1944 2015 1984 es-

2132 1922 2422 1993 ὁπάρχειν,
2455 1924 2630 1994 ἔλεγε.
2664 1926 2774 1979 Καὶ
2804 1925 2865 1979 τὸ
2896 1924 3108 1997 μορφὴν
3139 1925 3488 1998 ἀνειληφέναι
3517 1925 3710 1980 δούλου

437 2015 633 2082 sentia,
699 2032 823 2072 cum
879 2017 1161 2084 idiomate,
1221 2019 1336 2074 sive
1401 2019 1755 2076 idiomatibus
1798 2035 1906 2073 non
1937 2027 2015 2088 pel

2131 2013 2188 2066 ὲν
2211 2018 2275 2085 τῇ
2316 2015 2473 2087 οὑσίᾳ
2506 2017 2602 2086 τῆς
2635 2017 3056 2088 ἀνθρωπότητος
3082 2017 3173 2070 τὸν
3199 2018 3406 2090 Κύριον
3435 2018 3596 2089 ἡμῶν
3635 2013 3715 2072 εἰ·

435 2124 497 2166 se
546 2111 874 2178 subsistens,
928 2123 984 2167 et
1037 2111 1336 2167 secundum
1375 2128 1436 2168 se
1489 2120 1748 2186 tauquam
1807 2112 2015 2186 aliquod

2130 2121 2218 2158 ναι
2253 2107 2529 2177 σημαίνει.
2564 2109 2636 2161 Τό
2665 2126 2724 2176 γε
2766 2108 2871 2180 μὴν
2897 2108 3257 2164 ύποστατικδν
3276 2109 3532 2180 διάφορον
3560 2109 3713 2182 παρᾶ

436 2211 607 2259 totum
631 2202 921 2268 exsistens,
972 2205 1066 2259 sed
1100 2205 1266 2259 totius
1316 2204 1552 2260 universi
1598 2220 1746 2275 pars.
1774 2205 1876 2273 Qui
1902 2219 2015 2260 verc

2130 2196 2229 2266 τὴν
2273 2199 2570 2252 ὑπόστασιν
2622 2199 2884 2254 τιθέασιν.
2934 2199 3272 2273 Ὀριζόμενοι
3311 2199 3420 2271 γὰρ
3453 2199 3552 2273 τὴν
3579 2201 3714 2257 ὑπό-

435 2303 588 2350 extra
612 2294 905 2351 Ecclesium
960 2305 1109 2363 sunt,
1167 2306 1380 2353 natura!
1428 2313 1626 2353 nomen
1655 2314 1808 2369 aeque
1835 2313 1901 2354 ac
1932 2298 2015 2353 Ec-

2131 2308 2316 2344 στασιν
2349 2291 2554 2360 ἔφασαν
2577 2305 2593 2322 °
2627 2292 2956 2357 ’Υπόστασίς
2997 2296 3113 2347 ἐστι
3147 2293 3284 2365 μετὰ
3331 2292 3640 2366 ἰδιώματος,
3673 2295 3709 2366 ἢ

433 2389 598 2445 clesia
632 2389 699 2445 de
725 2390 1018 2445 universali
1047 2405 1102 2445 re
1129 2391 1415 2454 deﬁniunt.
1445 2391 1592 2446 aliud
1619 2407 1740 2448 esse
1774 2401 2015 2447 naturam

2128 2385 2222 2438 καὶ
2263 2383 2569 2454 ἰδιωμάτων
2617 2385 3004 2449 ἰδιοσυστάτως
3055 2385 3428 2459 θεωρουμένη,
3459 2388 3556 2442 καὶ
3587 2388 3709 2442 ὅλον

433 2482 697 2550 dicentes,
732 2483 878 2539 aliud
910 2493 1162 2538 naturam
1197 2485 1439 2540 habere:
1467 2497 1521 2539 et
1570 2484 1769 2540 habere
1805 2485 2015 2557 quidem

2125 2493 2178 2528 τι
2206 2475 2328 2529 καθ’
2359 2477 2560 2548 ἑαυτὴν
2590 2472 2745 2544 οὖσα,
2775 2479 3136 2534 ὑποστατικὸν
3163 2479 3210 2532 δ’
3253 2473 3320 2534 αὖ
3353 2480 3514 2535 πάλιν
3549 2481 3707 2538 οὑσία

433 2586 686 2635 naturam
715 2577 1014 2645 singularia
1053 2578 1266 2642 dicunt,
1291 2591 1413 2647 qua:
1441 2592 1473 2632 a
1504 2577 1662 2632 nobis
1719 2578 2015 2648 hypostasis

2128 2570 2265 2639 μετὰ
2298 2569 2608 2638 ἰδιώματος,
2653 2571 2685 2640 ἢ
2720 2571 2813 2624 καὶ
2850 2571 3178 2642 ἰδιωμάτων,
3214 2574 3288 2644 μὴ
3327 2575 3711 2639 ἰδιοσυστάτως

431 2676 487 2724 et
527 2682 758 2736 persona
786 2676 1192 2738 nuncupantur,
1229 2671 1330 2723 hoc
1370 2684 1501 2725 vero
1542 2669 1687 2739 quod
1729 2685 1828 2724 nos
1853 2672 2024 2741 hypo-

431 2761 624 2818 stasim
659 2761 763 2830 ipsi
799 2763 1108 2832 subjectum
1139 2771 1356 2824 vocant,
1389 2771 1445 2816 et
1484 2763 1555 2817 ob
1594 2763 1697 2817 hoc
1724 2765 1886 2817 etiam
1921 2763 2021 2834 by—

431 2854 675 2925 postasis
697 2855 1037 2921 nominatur,
1072 2869 1182 2909 non
1215 2863 1274 2909 ut
1303 2855 1526 2924 quidam
1570 2855 1833 2924 suspicati
1871 2865 2020 2921 sunt,

428 2946 575 3016 quod
618 2946 940 3016 simpliciter
993 2947 1356 3016 supponitur,
1413 2963 1612 3017 nempe
1669 2947 2021 3005 exsistit.sed

430 3039 612 3108 potius
660 3039 807 3108 quod
869 3038 971 3093 sub
1017 3039 1126 3094 alio
1172 3048 1317 3101 stet,
1372 3040 1476 3094 sub
1533 3049 1729 3093 natura
1786 3038 2019 3106 scilicet,

2126 2663 2221 2718 καὶ
2283 2663 2408 2717 καθ’
2439 2664 2600 2717 ἑαυτὸ
2620 2663 2694 2728 ὡς
2717 2664 2836 2718 ὅλον
2876 2682 2930 2719 τι
2963 2665 3230 2738 ὑπάρχον,
3264 2666 3380 2721 ἀλλ’
3409 2667 3532 2721 ὅλου
3560 2668 3710 2732 τινδς

2122 2751 2260 2809 εῖναι
2297 2755 2483 2826 μέρος.
2518 2758 2578 2810 Οί
2602 2755 2659 2808 δὲ
2708 2757 2814 2822 ἔξω
2838 2756 2934 2811 τοῦ
2978 2757 3102 2811 καθ’
3128 2761 3278 2829 ἡμᾶς
3326 2760 3487 2829 λόγου
3519 2761 3581 2814 τὸ
3610 2761 3710 2832 μὲν

2118 2848 2219 2918 τῆς
2252 2848 2468 2918 φύσεως
2493 2847 2683 2921 ὄνομα,
2709 2851 2912 2921 ὁμοίως
2939 2853 3005 2922 τῇ
3043 2850 3338 2923 Ἐκκλησία
3367 2852 3462 2905 ἐπὶ
3492 2851 3711 2907 καθολι-

2119 2940 2218 2994 κοῦ
2247 2958 2390 3006 τινος
2415 2941 2741 3013 πράγματος
2766 2942 3058 3013 ὁρίζονται,
3082 2942 3212 2998 ἄλλο
3246 2945 3346 3015 μὲν
3371 2941 3512 3000 εἶναι
3545 2945 3706 3016 φύσιν

2119 3031 2396 3100 λέγοντες,
2432 3037 2526 3087 καὶ
2555 3033 2684 3090 ἄλλο
2705 3034 2768 3088 τὸ
2806 3035 2954 3105 ἔχειν
3005 3034 3188 3106 φύσιν,
3224 3038 3320 3092 καὶ
3349 3038 3411 3091 τὺ
3441 3039 3540 3110 μὲν
3561 3039 3707 3111 ἔχειν

428 3141 690 3201 tanquam
723 3131 1053 3201 subjectum,
1103 3138 1158 3185 et
1210 3140 1462 3185 naturam
1517 3129 1884 3200 superjacere,
1915 3129 2015 3185 hoc

2122 3123 2286 3194 φύσιν
2313 3127 2374 3179 τὸ
2411 3125 2725 3182 καθέκαστα
2767 3127 3041 3196 λέγουσιν,
3093 3130 3232 3201 ὅπερ
3261 3132 3394 3203 παρ’
3415 3133 3548 3204 ἡμῖν
3575 3132 3708 3186 ὑπό-

428 3236 512 3285 cst
568 3226 1076 3297 superhypostasim
1125 3226 1338 3290 dicunt,
1383 3241 1548 3293 quam
1588 3233 1642 3278 et
1697 3221 2014 3278 deﬁniunt:

428 3313 633 3369 Natura
660 3323 745 3368 est
781 3314 1108 3384 principium
1157 3322 1364 3378 motus,
1425 3323 1480 3366 et
1509 3310 1710 3380 quietis
1753 3310 2015 3380 primum,

426 3415 482 3464 et
513 3408 810 3463 secundum
861 3407 1119 3476 seipsam.
1175 3405 1440 3461 Essentiae
1490 3414 1671 3459 autem
1723 3417 1920 3458 nomen
1949 3402 2017 3459 de

429 3495 708 3552 communi
742 3502 794 3548 et
825 3494 1113 3565 singulari,
1152 3493 1220 3548 de
1277 3491 1573 3548 universali
1611 3505 1804 3560 nempe
1841 3503 1897 3545 et
1930 3491 2015 3544 in-

426 3585 652 3644 dividuo
709 3586 1005 3655 accipiunt,
1053 3601 1194 3655 quos
1245 3592 1468 3640 secutus
1533 3581 1774 3638 Joannes
1817 3597 2019 3654 cogno—

429 3688 612 3738 mento
634 3677 968 3748 Philopouus
1005 3677 1270 3732 Tritin-ita
1307 3692 1428 3731 esse
1459 3675 1744 3730 evincitur.
1781 3673 2016 3729 Severus

425 3788 558 3827 vero
589 3773 838 3828 essentire
865 3787 1061 3826 nomen
1091 3770 1301 3836 eodem,
1330 3784 1395 3826 ae
1433 3769 1676 3824 Ecclesia
1708 3768 2013 3839 signiﬁcatu

427 3861 648 3931 accipit,
675 3862 741 3915 de
770 3875 828 3915 re
887 3860 1187 3926 communi,
1243 3859 1336 3914 sed
1384 3870 1614 3923 naturae,
1642 3855 1916 3926 propriam
1957 3855 2014 3909 lu

425 3968 493 4009 eo
539 3963 763 4008 secutus
815 3952 1150 4020 Opinionem,
1209 3960 1263 4006 et
1315 3951 1382 4004 ab
1438 3951 1552 4020 ipsa
1620 3949 2014 4004 consuetudine

426 4056 777 4110 exterarum,
834 4044 1201 4114 Ecclesiaeque
1271 4041 1664 4115 intelligentia,
1735 4050 1788 4095 et
1844 4055 2010 4101 sensu

426 4137 748 4206 longissime
790 4135 1113 4198 abhorrens.
1159 4132 1436 4189 contrario
1482 4132 1720 4204 quodam
1756 4131 1919 4186 modo
1951 4130 2014 4184 de

426 4231 708 4291 communi
769 4240 824 4286 et
877 4229 1156 4284 individua
1204 4245 1294 4291 re,
1354 4224 1648 4281 universali
1699 4225 1902 4279 scilicet
1957 4225 2011 4277 in

427 4332 580 4393 parte
609 4322 836 4391 accepit,
865 4329 919 4374 et
942 4335 1288 4376 communem
1313 4327 1366 4372 et
1385 4317 1719 4374 individuam
1759 4325 2010 4370 naturam

425 4416 718 4472 enuntians
750 4414 939 4469 multis
971 4428 1090 4470 sese
1121 4412 1374 4468 absurdis
1415 4411 1704 4480 implicuit,
1742 4425 1863 4480 quae
1886 4423 2012 4479 pro-

2119 3234 2309 3282 στασις
2340 3220 2433 3272 καὶ
2465 3219 2756 3290 πρόσωπον
2778 3222 3024 3292 εἴρηται·
3057 3223 3223 3277 ταυτὸ
3250 3224 3306 3278 δὲ
3334 3225 3504 3286 τουτὶ,
3535 3225 3707 3299 ἤγουν

2117 3309 2214 3380 τὴν
2241 3310 2556 3372 ὑπόστασιν,
2577 3311 2938 3381 ὑποκείμενον
2961 3309 3100 3369 εἷναί
3147 3330 3300 3386 φασι.
3327 3316 3428 3371 Διά
3449 3334 3529 3370 τοι
3549 3317 3709 3372 τοῦτο

2116 3401 2214 3456 καὶ
2243 3403 2538 3467 ὑπόστασις
2570 3402 2788 3471 λέγεται
2843 3406 2964 3475 οὑχ,
3003 3404 3079 3468 ὥς
3116 3424 3262 3472 τινες
3299 3408 3588 3476 ὑπέλαϐον,
3618 3411 3708 3466 διὰ

2115 3494 2177 3546 τὸ
2198 3495 2381 3557 ἁπλῶς
2415 3495 2735 3563 ὑφεστᾶναι,
2784 3497 2953 3568 ἤγουν
2985 3498 3272 3570 ὑπάρχειν,
3331 3499 3468 3555 ἀλλὰ
3504 3503 3708 3573 μᾶλλον

2119 3587 2224 3640 ὑπό
2249 3605 2301 3640 τι
2331 3587 2575 3654 έστᾶναι,
2615 3590 2894 3642 τουτέστιν
2924 3591 3029 3644 ὑπὸ
3062 3592 3163 3662 τὴν
3195 3592 3357 3664 ούσιν
3379 3594 3456 3659 ὡς
3485 3597 3706 3652 ὑποκεί-

2120 3697 2301 3750 μενον,
2334 3681 2432 3750 τὴν
2460 3681 2516 3734 δὲ
2547 3680 2708 3750 φύσιν
2731 3684 3141 3750 ὲνυποκεῖσοαι,
3175 3687 3425 3741 τουτέστι
3450 3689 3594 3743 κατὰ
3621 3708 3702 3742 τι-

2116 3787 2203 3833 νος
2234 3770 2582 3834 ὑποστάσεως
2616 3771 2894 3840 λέγεσθαι,
2947 3774 3014 3846 ἢν
3043 3777 3140 3830 καὶ
3171 3776 3478 3849 ὁριζόμενοι
3527 3794 3698 3848 φασι·

2114 3862 2279 3926 Φύσις
2305 3864 2455 3916 ἐστὶν
2479 3865 2621 3935 ἀρχὴ
2646 3866 2938 3936 κινήσεως,
2965 3869 3059 3922 καὶ
3090 3869 3324 3941 ἠρεμίας
3352 3870 3580 3940 πρώτως
3601 3871 3696 3923 καὶ

2117 3954 2240 4009 καθ’
2263 3956 2444 4010 ἑαυτό.
2468 3957 2543 4010 Τὸ
2569 3956 2627 4011 δὲ
2651 3956 2715 4028 δὴ
2735 3959 2834 4028 τῆς
2863 3959 3053 4027 οὐσίας
3085 3962 3176 4014 ὲπί
3203 3979 3262 4016 τι
3285 3959 3461 4014 κοινοῦ
3479 3960 3571 4014 καὶ
3600 3960 3697 4014 ίδι-

2119 4049 2239 4113 κοῦ,
2283 4049 2451 4120 ἤγουν
2501 4050 2733 4105 καθόλου
2762 4051 2857 4107 καὶ
2892 4054 2984 4106 ἐπὶ
3013 4052 3231 4124 μέρους,
3261 4046 3342 4115 οἷς
3381 4051 3634 4123 Ἰωάννης
3666 4055 3696 4108 ὁ

2115 4140 2344 4212 ἐπίκλην
2376 4141 2666 4207 Φιλόπονος
2693 4145 3186 4215 κατακολουθήσας,
3240 4144 3521 4217 τριθεῖτης
3560 4148 3694 4202 αναο

2117 4231 2408 4288 δέδεικται.
2426 4234 2485 4288 '0
2511 4233 2568 4288 δὲ
2597 4235 2661 4310 δὴ
2687 4237 2927 4310 Σεὸἧρος
2949 4237 3010 4292 τὸ
3051 4237 3149 4309 μὲν
3180 4241 3279 4309 τῆς
3307 4238 3496 4303 οὐσίας
3525 4239 3699 4310 ὄνομα

2113 4324 2496 4395 ταυτοτρόπως
2549 4329 2616 4398 τῇ
2691 4329 2985 4402 Ἐκκλησία
3033 4329 3293 4401 ὀνομάζει
3352 4331 3448 4384 ἐπὶ
3503 4333 3690 4387 κοινοῦ

2116 4417 2440 4488 πράγματος
2470 4414 2631 4488 εἶναι,
2665 4421 2726 4475 τὸ
2767 4422 2825 4476 δὲ
2864 4422 2966 4495 τῆς
3007 4423 3225 4494 φύσεως
3261 4424 3609 4497 ίδιόρῤυθμος
3638 4428 3699 4482 ἐν

423 4507 625 4567 cedens
653 4505 828 4563 oratio
865 4522 969 4561 non
993 4507 1111 4562 sine
1142 4504 1699 4560 demonstrationibus
1730 4517 2012 4559 commou-

2118 4507 2291 4578 τούτῳ
2340 4509 2651 4580 γενόμενος,
2683 4509 2806 4565 οὕτε
2845 4515 2911 4585 τῇ
2965 4512 3245 4585 συνηθείᾳ,
3273 4496 3398 4567 οὔτε
3425 4517 3537 4578 τοῖς
3567 4515 3694 4582 ἔξω,

424 4601 639 4662 strabit.

2108 4597 2237 4663 ¹οὗτε
2271 4601 2378 4672 μὴν
2403 4605 2469 4672 τῇ
2497 4603 2797 4675 Ἐκκλησία
2815 4605 3257 4672 κατακολουθῶν,
3289 4605 3404 4660 ἀλλ’
3436 4608 3696 4671 ἐναντίως

425 4695 518 4749 ἐπί
551 4713 610 4749 τε
639 4693 818 4749 κοινοῦ
859 4695 954 4753 καὶ
986 4693 1152 4747 ἰδικοῦ
1186 4691 1528 4763 πράγματος,
1567 4691 1734 4762 ἤγουν
1764 4689 1993 4744 καθόλου
2033 4691 2125 4744 ἐπὶ
2163 4692 2362 4764 μέρους
2382 4693 2600 4759 ὲδόξασε
2630 4710 2644 4723 ·
2681 4695 2774 4750 καὶ
2802 4697 2989 4766 κοινὴν
3017 4697 3110 4750 καὶ
3148 4697 3322 4772 ἰδικὴν
3388 4696 3552 4770 φύσιν
3613 4699 3694 4753 εί-

425 4789 567 4852 πὼν,
626 4787 838 4850 πολλοῖς
893 4789 1114 4851 ἀτόποις
1173 4787 1616 4857 περιπέπτωκεν,
1659 4784 1753 4849 οὓς
1781 4786 1809 4838 ό
1839 4785 1995 4853 λόγος
2036 4785 2392 4859 παρακατιὼν
2423 4787 2542 4857 μετ’
2570 4790 2894 4855 ἀποδείξεως
2930 4773 3325 4862 παραστήσειέ.

495 4884 586 4938 15.
631 4881 726 4936 liis
758 4899 786 4938 a
831 4880 988 4936 nobis
1029 4881 1128 4934 hac
1160 4882 1368 4935 ratione
1399 4879 1666 4949 expositis
1711 4894 1775 4933 ac
1806 4878 2003 4947 dijudi-

425 4974 582 5036 catis,
609 4983 818 5042 tempus
841 4972 952 5040 jam
979 4979 1081 5035 est,
1110 4985 1172 5024 ea
1214 4986 1333 5041 quze
1360 4981 1413 5024 tu
1447 4971 1766 5042 scripseras.
1795 4968 2001 5021 exarui-

423 5064 615 5126 uandi.
646 5064 720 5118 Ea
745 5075 874 5120 stitit
912 5083 924 5116 ι
973 5064 1035 5116 Et
1078 5065 1134 5118 in
1167 5063 1458 5132 exemplum
1498 5062 1650 5114 homo
1693 5061 1997 5127 adducitur,

424 5155 866 5229 quemadmodum
896 5153 1080 5208 Patres
1130 5155 1293 5207 locuti
1339 5162 1482 5216 sunt,
1527 5166 1997 5220 exposueruntque,

423 5244 550 5318 quid
581 5245 835 5313 corporis,
861 5253 909 5298 et
939 5243 1066 5313 quid
1091 5244 1310 5307 auimw;
1342 5255 1696 5295 verumtamen
1735 5245 2004 5295 [tuumnon

424 5337 626 5397 dicitur
658 5335 792 5389 duas
825 5345 1043 5390 natura:
1075 5335 1298 5401 habere;
1329 5336 1376 5389 si
1404 5336 1520 5404 quis
1563 5351 1682 5389 vero
1727 5345 1909 5390 contra
1954 5350 2005 5387 se

424 5437 674 5496 opponat,
733 5427 1020 5498 prodalque
1059 5428 1193 5482 duas
1231 5439 1451 5481 naturas
1491 5428 1544 5481 in
1573 5428 1800 5491 homine,
1828 5443 2005 5497 seque-

424 5531 572 5582 retur
605 5520 874 5575 Christum
916 5532 1020 5575 tres
1073 5532 1296 5575 naturas
1342 5518 1546 5583 habere,
1588 5520 1720 5573 duas
1760 5520 2006 5573 humani-

425 5613 549 5666 tatis
603 5622 652 5665 εἰ
687 5628 848 5666 uuam
884 5613 1122 5676 deitatis,
1167 5623 1221 5667 et
1273 5621 1488 5667 caetera.
1539 5611 1616 5666 En
1666 5612 2010 5682 apertissime

425 5705 588 5760 unius
614 5706 929 5774 compositu!
982 5717 1191 5762 natura:
1222 5705 1500 5760 Christum
1558 5721 1678 5760 esse
1733 5715 2006 5771 astruens,

430 5798 589 5858 iduuc
617 5800 848 5864 probare
879 5804 1208 5857 contendens
1235 5799 1537 5872 exemplum
1571 5798 1808 5855 hominis
1849 5814 2008 5854 osur-

2184 4886 2266 4932 ιε’.
2298 4879 2515 4933 Τούτων
2559 4878 2816 4951 ’1)μίνῶδὲ
2857 4902 2934 4949 πη
2987 4884 3544 4954 διασαφηνισθέντων,
3597 4884 3690 4938 καὶ¹

2108 4968 2612 5041 διευκρινηθέντων,
2674 4973 2862 5043 καιρὸς
2890 4973 2958 5027 τὰ
2984 4973 3136 5045 παρὰ
3168 4973 3263 5026 σοῦ
3291 4977 3572 5047 γραφέντα
3598 4974 3694 5030 καὶ

2107 5051 2204 5111 ὧδε
2242 5061 2662 5131 ἐπισκέψασθαι.
2706 5066 2857 5135 Ἔχει
2887 5066 2943 5119 δὲ
2982 5067 3185 5130 οὕτως·
3244 5067 3349 5121 Καὶ
3401 5070 3628 5140 γίνεται
3659 5071 3696 5124 ό

2109 5150 2418 5219 ἅνθρωπος
2469 5154 2872 5225 παράδειγμα,
2928 5158 3125 5223 καθὼς
3174 5160 3270 5212 καί
3325 5164 3380 5213 οἱ
3434 5161 3693 5230 Πατέρες

2107 5246 2424 5312 ἐλάλησαν
2444 5250 2536 5301 καὶ
2566 5247 2936 5318 ὃιήγγειλαν,
2973 5251 3030 5303 τι
3075 5250 3209 5304 ἐστι
3236 5251 3344 5305 τοῦ
3391 5251 3691 5321 σώματος,

2108 5337 2206 5390 καὶ
2241 5338 2294 5390 τί
2317 5337 2447 5391 ἐστι
2478 5337 2591 5405 τῆς
2627 5338 2856 5408 ψυχῆς·
2892 5339 3033 5394 ἀλλ’
3077 5339 3109 5392 ό
3142 5338 3453 5408 ἅνθρωπος
3481 5345 3554 5397 οὐ
3588 5344 3694 5398 ,ἰέ-

2108 5444 2270 5497 τεται
2291 5429 2401 5483 δύο
2422 5430 2638 5498 φύσεις
2678 5430 2861 5500 ἔχειν.
2905 5433 2976 5485 Εἰ
3000 5428 3070 5484 δὲ
3098 5433 3196 5484 καί
3223 5433 3579 5490 ἀνθίσταται
3605 5454 3697 5504 τις

2118 5523 2216 5575 καί
2236 5521 2396 5592 λέγει
2422 5522 2533 5577 δύο
2561 5521 2775 5591 φύσεις
2804 5523 2902 5576 ἐπὶ
2924 5523 3261 5592 ἀνθρώπου,
3291 5525 3512 5579 λοιπὸν
3531 5528 3629 5581 καί
3661 5532 3699 5584 ὁ

2115 5613 2368 5689 Χριστὸς
2393 5614 2548 5682 τρεῖς
2598 5614 2749 5682 ἔχει,
2781 5613 2890 5669 δύο
2927 5614 3037 5684 τῆς
3085 5615 3544 5684 ἁνθρωπότητος
3593 5619 3698 5674 καί

2110 5705 2259 5775 μίαν
2289 5705 2400 5774 τῆς
2443 5707 2742 5775 θεότητος,
2782 5706 2876 5762 καὶ
2901 5707 2970 5762 τὰ
3009 5707 3156 5778 ἑξῆς.
3210 5708 3341 5761 Ἰδοὺ
3377 5709 3698 5778 σαφέστατα

2123 5799 2253 5868 μιᾶς
2287 5799 2541 5854 συνθέτου
2578 5797 2790 5872 φύσεως
2843 5799 2933 5855 τὸν
2966 5799 3199 5873 Χριστὸν
3249 5794 3389 5856 εἶναι
3437 5802 3698 5871 δογματέ,
