4098 6316
344 353 458 420 633

1239 357 1675 426 REFUTA’I‘IO
1696 366 2082 433 EPISTOLE
2121 375 2351 438 REGIS
2379 376 2774 438 ARMENLE.

3535 380 3646 449 634

345 474 479 538 ζων,
524 469 620 525 καὶ
650 467 978 542 βουλόμενος
1009 468 1170 525 τοῦτο
1197 477 1494 547 παριστᾷν,
1533 479 1626 534 τὸν
1654 481 1926 552 ἄνθρωποι

2045 490 2206 556 pasti.
2236 491 2706 557 Quemadmodum
2730 494 2878 549 enim
2899 494 3063 551 homo
3085 511 3150 552 ex
3175 495 3404 554 diversis
3427 502 3641 560 naturis

342 565 427 628 είς
457 561 814 634 παράδειγμα
841 562 1165 636 ἀπεχρήσιιν
1207 564 1397 641 ὥσπερ
1423 571 1532 642 γὰρ
1572 575 1602 626 ὁ
1651 575 1938 646 ἄνθρωπος

341 657 411 712 ἐκ
434 653 712 726 διαφόρων
734 653 955 725 φύσεων
983 655 1367 730 συγκείμενος,
1400 664 1531 733 μιᾶς
1566 666 1684 719 ἐστι
1720 667 1937 735 φύσεως

341 747 609 802 συνθέτου
640 748 784 819 μετὰ
814 747 916 821 τὴν
943 747 1160 807 ἕνωσιν.
1191 753 1359 808 Τουτὶ
1382 755 1492 826 γὰρ
1520 758 1839 830 διήγγειλαν
1871 764 1936 819 τὸ

338 838 704 910 παραδειγμα
728 839 934 910 ὁμοίως
964 839 1114 912 ἐχειν
1134 843 1228 898 ἰπὶ
1251 843 1350 913 τῆς
1397 847 1646 915 ἐνώσεως
1678 853 1773 907 τοῦ
1802 855 1939 927 Χρι-

342 930 475 988 στοῦ
505 934 555 986 οἱ
581 932 848 1004 Πατὲρις,
877 933 955 998 ὡς
980 936 1048 991 σὺ
1071 936 1201 1009 φής.
1225 939 1337 994 Καὶ
1353 938 1543 1013 ὥσπερ
1580 948 1847 1002 συνιστῶν
1874 951 1938 1005 τὸ

341 1025 724 1096 παράδειγμα,
752 1026 838 1082 ὅτι
869 1028 1000 1100 μιᾶς
1023 1030 1145 1084 ἐστι
1187 1032 1406 1100 φύσεως
1445 1036 1473 1087 ό
1493 1036 1781 1107 ἄνθρωπος
1833 1044 1936 1096 ἑπ-

345 1118 523 1186 ἀγεις.
558 1118 701 1173 Ἀλλ’
725 1120 754 1173 ὁ
779 1119 1068 1192 ἄνθρωπος
1093 1122 1159 1178 ού
1187 1123 1407 1193 λέγεται
1429 1127 1523 1182 δύο
1550 1130 1741 1200 φύσεις
1768 1133 1934 1206 ἔχειν.

349 1211 412 1266 Εἰ
446 1212 502 1265 δὲ
527 1213 624 1268 καὶ
652 1213 973 1291 ἀνθίσταταί
1001 1234 1106 1281 τις,
1128 1219 1213 1273 ότι
1236 1218 1374 1291 ἔχει,
1407 1224 1720 1294 συνάγεται,
1741 1229 1823 1283 ὅτι
1841 1233 1938 1286 καὶ

343 1308 372 1399 ό
404 1307 643 1399 Χριστος
695 1311 847 1399 τρεῖς
871 1309 1014 1399 Ῠέχει.
1050 1312 1143 1366 Διὸ
1162 1311 1340 1378 δοκεῖς
1361 1315 1511 1387 ἡμᾶς
1558 1323 1686 1386 τοὺς
1745 1324 1839 1378 ἐπὶ
1867 1327 1935 1399 τῇ

342 1395 541 1448 ὲνὼσει
573 1395 813 1467 Χριστοῦ
861 1398 1206 1469 δοξάζοντας,
1235 1401 1331 1457 δύο
1383 1401 1526 1460 εἶναι
1585 1409 1802 1479 φύσεις,
1854 1395 1938 1480 είς

341 1489 548 1544 ἄτοπον
582 1489 868 1562 προάγειν.
895 1493 1068 1570 Ὀὐδὲν
1095 1493 1267 1560 ξένον,
1305 1489 1352 1551 ὦ
1373 1498 1545 1567 φίλος,
1575 1502 1695 1568 ἑνὸς
1731 1506 1935 1562 ἀτόπου

343 1581 616 1646 δοθέντος,
647 1581 816 1654 μυρία
840 1581 1090 1655 ἕψεσθαι.
1120 1586 1185 1640 Ei
1216 1586 1318 1659 μὲν
1365 1591 1474 1663 γὰρ
1504 1596 1655 1650 πᾶσα
1687 1598 1936 1665 σύνθεσις

345 1671 424 1744 μὴ
456 1676 522 1726 ὲκ
547 1672 656 1728 τῶν
687 1673 975 1750 προσεχιῖκ
1005 1677 1371 1736 συντιθέντων
1397 1685 1768 1744 συντεθεῖσθαι
1815 1693 1935 1746 ἑλέ-

342 1782 494 1835 γετο,
545 1765 664 1820 ἀλλ’
698 1769 765 1822 ὲκ
805 1766 916 1823 τῶν
943 1769 1153 1842 πόρρω,
1199 1773 1343 1842 τάχα
1383 1774 1451 1829 ἂν
1495 1772 1611 1848 εἶχε
1641 1778 1828 1852 χώραν
1874 1784 1935 1838 ch

2041 585 2310 640 conllatus
2326 586 2491 642 unius
2511 597 2598 643 est
2622 597 2835 644 natura:
2849 592 3168 664 composita:
3200 603 3322 662 post
3355 593 3640 667 unionem,

2044 677 2152 732 hoc
2189 694 2321 735 vero
2348 680 2660 750 exemplum
2700 680 3011 738 docuerunt
3049 685 3306 741 similiter
3339 703 3399 743 se
3442 688 3646 746 habere

2038 769 2094 825 in
2127 772 2332 828 unione
2358 771 2562 829 Christi
2605 771 2818 841 Patres,
2857 784 2920 832 ut
2958 777 3075 846 ipse
3145 779 3335 835 tradis.
3395 780 3459 836 Et
3487 786 3645 852 quasi

2039 862 2407 933 comprobans
2431 867 2744 937 exemplum
2775 870 2938 926 unius
2963 886 3087 928 esse
3125 881 3337 929 natura:
3361 873 3643 932 hominem

2038 957 2338 1013 concludis.
2402 956 2791 1018 Verumtamen
2849 963 3014 1019 homo
3082 982 3191 1021 non
3245 967 3449 1025 dicitur
3495 970 3638 1028 dua:

2039 1059 2269 1107 naturas
2299 1051 2538 1115 habere;
2562 1054 2710 1125 quod
2741 1054 2786 1110 si
2810 1056 2937 1126 quis
2967 1067 3154 1113 contra
3197 1059 3486 1116 contendet
3512 1075 3642 1117 eum

2041 1141 2264 1210 habere,
2292 1147 2554 1216 consequi
2605 1157 2659 1202 et
2688 1145 2970 1205 Christum
3027 1159 3137 1207 tres
3188 1152 3410 1215 habere,
3434 1153 3640 1211 videri!

2045 1251 2147 1292 nos
2173 1236 2227 1292 in
2253 1236 2458 1293 unione
2474 1239 2680 1294 Christi
2718 1240 2859 1298 duas
2886 1256 3008 1298 esse
3033 1253 3260 1299 naturas
3284 1243 3640 1306 aliirmantes.

2040 1327 2094 1383 in
2149 1329 2389 1386 absurda
2455 1331 2749 1403 ineptaque
2799 1349 3015 1405 rapere.
3069 1335 3156 1391 Nil
3217 1335 3418 1391 mirum
3459 1349 3562 1401 est,
3605 1351 3640 1395 τ

2039 1420 2238 1487 amice,
2279 1437 2388 1476 uno
2426 1421 2834 1481 inconvenienti
2901 1426 3067 1492 dato,
3122 1427 3411 1483 innumera
3444 1429 3642 1485 subsc-

2038 1512 2152 1583 qui.
2205 1511 2418 1568 Etenim
2454 1513 2502 1569 si
2558 1516 2740 1572 omnis
2785 1519 3112 1587 compositio
3149 1535 3256 1574 non
3295 1535 3361 1574 ex
3392 1520 3480 1585 iis,
3516 1536 3631 1591 que

2039 1604 2385 1658 continenter
2409 1615 2851 1674 componuntur,
2905 1607 3159 1676 componi
3210 1608 3504 1671 diceretur,
3541 1613 3638 1664 sed.

2037 1709 2103 1749 cx
2129 1694 2487 1762 distantibus,
2513 1695 2654 1752 forte
2677 1697 2826 1769 quod
2849 1709 3038 1753 contra
3070 1714 3172 1755 nos
3214 1700 3414 1757 scribis
3455 1701 3631 1757 locum

2040 1783 2286 1842 haberet.
2315 1782 2472 1854 Quod
2506 1788 2551 1844 si
2583 1802 2765 1854 nemo,
2798 1789 2892 1860 qui
2947 1789 3028 1845 sal
3079 1790 3277 1845 habeat
3297 1789 3351 1846 in
3392 1801 3636 1862 pectore,

347 1858 500 1930 παρὰ
532 1857 628 1913 σοῦ
662 1859 784 1914 καθ’
812 1860 972 1933 ἡμῶν
991 1863 1363 1935 γραφόμενον.
1381 1867 1441 1920 El
1460 1868 1507 1922 δ’
1534 1870 1712 1936 οὐδεὶς
1738 1873 1848 1927 τῶν
1879 1875 1926 1928 εἰ

2042 1881 2210 1948 dicet,
2234 1898 2300 1939 ex
2332 1884 2704 1946 distantibus.
2736 1857 2833 1941 sed
2886 1901 2953 1940 cx
3005 1885 3304 1950 continuis,
3348 1857 3407 1941 et
3440 1888 3639 1941 imme-

352 1951 687 2026 φρονούντων
740 1955 986 2026 φήσειεν,
1047 1956 1118 2012 ὲκ
1152 1957 1265 2014 τῶν
1295 1959 1509 2034 πόρρω,
1572 1964 1688 2018 ἀλλ’
1718 1968 1784 2022 ἐκ
1828 1968 1939 2022 τῶν

353 2043 637 2116 προσεχῶς
663 2045 759 2100 καὶ
783 2046 1032 2117 ἀμέσως,
1059 2047 1155 2104 καὶ
1170 2051 1337 2106 οἱονεὶ
1367 2053 1575 2124 μερῶν,
1604 2055 1940 2129 ἧστοιχείων

339 2136 495 2203 τάξιν
531 2139 590 2191 ὲν
615 2135 695 2209 τῷ
729 2138 838 2210 ὅλῳ
889 2139 1126 2211 ἐχόντων
1154 2144 1532 2202 συντεθεῖσθαι
1561 2150 1623 2202 τὸ
1656 2151 1936 2206 συντεθει-

341 2230 508 2304 μένον
536 2231 783 2304 λέγεται,
815 2235 1110 2308 ἁνίσχυρον
1149 2237 1248 2292 καὶ
1283 2239 1516 2310 μάταιον
1543 2242 1603 2297 τὺ
1652 2246 1806 2317 παρὰ
1841 2247 1937 2302 σοῦ

336 2326 712 2398 γραφόμενον.
755 2327 912 2382 Ἐπεὶ
961 2330 1177 2403 ἀνάγκη
1227 2333 1372 2387 κατὰ
1402 2334 1462 2388 σὲ
1508 2335 1599 2390 τὸν
1648 2337 1939 2410 ἄνθρωπον

336 2413 525 2483 λέγειν
585 2416 651 2467 ἐκ
697 2416 864 2470 πέντε
912 2417 1260 2490 τούλάχιστον
1311 2427 1635 2494 συγκεῖσθαι
1693 2430 1936 2499 φύσεων,

337 2507 408 2564 εκ
437 2523 499 2562 τε
525 2507 962 2595 τῶνᾼτεσσάρων
1012 2516 1290 2585 στοιχείων
1346 2521 1445 2574 καὶ
1497 2522 1698 2595 ψυχῆς.
1747 2525 1938 2580 Ὡσαύ-

334 2611 455 2657 τως
483 2596 580 2648 καὶ
613 2593 706 2649 τδν
728 2597 1017 2671 ἤλεκτρον,
1054 2601 1128 2676 μὴ
1158 2605 1223 2659 ὲκ
1253 2607 1370 2676 δύο,
1397 2593 1804 2685 ἧγουννχρυσοῦ
1842 2617 1936 2672 καὶ

340 2685 614 2779 ἀργύρου,
645 2688 762 2743 ἀλλ’
786 2693 852 2745 ἐκ
876 2693 1083 2750 πολλῶν
1102 2695 1384 2768 πλειόνων,
1400 2704 1625 2774 χρυσοῦ,
1651 2708 1820 2779 φημὶ,
1842 2711 1936 2765 καὶ

345 2777 612 2875 αργύρου,
639 2784 1044 2875 καὶγτεσσάρων
1085 2793 1388 2864 στοιχείων,
1423 2797 1520 2852 καὶ
1545 2798 1655 2852 τῶν
1684 2777 1769 2855 ἑτι
1802 2805 1939 2875 πορτ

347 2871 590 2944 ρωτέρω,
619 2875 721 2948 τῆς
747 2874 881 2950 ὕλης
917 2879 1065 2951 λέγω
1106 2885 1203 2938 καὶ
1249 2885 1348 2940 τοῦ
1378 2886 1577 2955 εωους.
1613 2891 1689 2945 Οὐ
1721 2891 1834 2964 γὰρ
1862 2871 1930 2950 τὰ

340 2965 485 3036 μέρη
518 2966 626 3022 τιῖιν
657 2970 846 3042 μερῶν
876 2974 936 3027 ὲν
972 2975 1053 3045 τῷ
1091 2975 1278 3046 λέγειν
1310 2980 1376 3034 hc
1424 2980 1609 3037 πόσων
1643 2983 1932 3055 σύγκειται

332 3057 452 3151 τόδε
478 3060 808 3151 σκοποῦμεν,
827 3064 966 3120 ἀλλὰ
993 3067 1064 3123 τὰ
1093 3071 1383 3142 προσεχῶς
1413 3075 1508 3129 καὶ
1539 3078 1764 3148 ἀμέσως
1786 3079 1931 3151 μέρη

333 3149 526 3218 αὖτοῦ,
555 3155 992 3226 χρηματίζοντα.
1019 3160 1232 3216 υύκοῦν
1261 3163 1368 3218 κᾶν
1416 3167 1508 3222 τὸν
1539 3168 1829 3244 ἄνθρωπον
1856 3149 1932 3228 si;

2040 1976 2206 2031 diatis
2274 1976 2442 2034 veluti
2515 1977 2805 2046 partibus,
2883 1986 2978 2032 aut
3057 1977 3343 2034 elementis
3406 1978 3464 2032 in
3517 1984 3635 2034 tot:

2038 2070 2280 2140 positum
2373 2071 2812 2141 occupantibus,
2892 2072 3148 2141 componi
3218 2070 3634 2140 compositum,

2045 2159 2202 2215 l‘utile
2231 2169 2317 2215 est
2350 2160 2642 2232 lnancque,
2667 2161 2814 2232 quod
2835 2175 2865 2214 ο
2895 2169 2947 2215 te
2984 2159 3190 2231 scripto
3220 2161 3476 2224 traditur,
3508 2176 3634 2217 eun;

2038 2269 2144 2324 per
2178 2262 2233 2309 te
2267 2267 2492 2310 necesse
2537 2264 2686 2311 esset
2718 2252 2901 2310 dicere
2943 2254 3220 2309 hominem
3254 2255 3322 2309 ad
3356 2255 3539 2309 minus
3563 2270 3634 2309 et

2041 2346 2289 2418 quinque
2344 2347 2558 2403 naturis
2593 2349 2865 2413 construi,
2899 2363 2965 2402 ex
2999 2357 3238 2419 quatuor
3265 2347 3549 2404 elementis
3579 2360 3636 2405 e:

2036 2441 2242 2496 anima.
2269 2439 2531 2497 Similiter
2556 2449 2610 2497 et
2630 2441 2890 2497 electrum
2921 2457 3030 2496 non
3053 2457 3119 2498 ex
3142 2441 3378 2508 duobus,
3408 2456 3546 2497 auro
3578 2457 3633 2499 es

2037 2541 2263 2603 argento
2284 2573 2299 2598 ,
2332 2532 2428 2588 sed
2462 2533 2633 2587 multo
2660 2532 2931 2603 pluribus,
2963 2549 3104 2589 auro
3145 2549 3361 2604 nempe,
3380 2543 3630 2603 argento,

2036 2635 2092 2682 et
2125 2637 2364 2698 quatuor
2388 2613 2697 2694 elementis,
2729 2625 2964 2697 aliisque
2991 2628 3165 2682 multo
3185 2627 3632 2694 distentioribus,

2038 2719 2266 2775 materia
2300 2727 2357 2774 et
2411 2716 2612 2774 forma.
2643 2718 2764 2797 Non
2796 2719 2943 2777 enim
2983 2727 3169 2790 partes
3213 2719 3473 2789 partium.
3503 2736 3630 2776 cum

2035 2809 2402 2881 inquirimus,
2441 2824 2511 2865 ex
2543 2809 2748 2881 quibus
2793 2809 2918 2874 hoc,
2959 2809 3043 2865 vel
3082 2809 3212 2864 illud
3258 2809 3630 2878 componitur,

2035 2904 2473 2968 consideramus,
2509 2903 2603 2959 sed
2636 2902 2916 2974 proximas
2950 2901 3098 2958 illius
3139 2912 3304 2974 atque
3346 2902 3633 2957 immedia-

2033 3005 2139 3052 tas.
2164 2996 2347 3064 Quare
2371 2994 2498 3050 licet
2526 2995 2808 3050 hominem
2838 2994 3142 3051 dixerimus
3175 2994 3390 3050 duabus
3417 2994 3632 3050 naturis

2031 3098 2310 3155 constare,
2374 3093 2431 3141 et
2480 3086 2740 3141 deitatem
2801 3100 2968 3140 unam
3020 3099 3165 3152 esse,
3203 3100 3311 3140 non
3343 3084 3629 3141 concludi-

2033 3191 2122 3234 tur
2141 3178 2288 3248 quod
2317 3175 2652 3247 praetenditis
2679 3173 2970 3231 adversum
2999 3189 3102 3230 nos
3127 3193 3141 3228 :
3171 3190 3346 3246 neque
3370 3176 3514 3230 enim
3539 3174 3630 3231 hic

334 3258 530 3316 πίωμεν
563 3246 661 3301 δύο
697 3247 892 3319 φύσεις
943 3250 1115 3324 ῐχιιν,
1166 3255 1263 3310 καὶ
1291 3255 1390 3330 τὴν
1423 3258 1656 3333 θεότητα
1685 3264 1816 3333 μίαν
1849 3260 1925 3318 εἷο

2033 3269 2084 3324 in
2116 3246 2349 3322 Domino
2366 3278 2572 3333 nostro,
2607 3264 2738 3322 Jesu
2765 3265 2989 3322 Christo
3017 3266 3251 3333 scilicet,
3283 3275 3466 3338 partes
3493 3281 3620 3338 par-

331 3354 444 3402 ναι,
463 3338 525 3393 οὐ
556 3340 852 3411 συνάγεται
873 3344 1011 3418 ὅπερ
1037 3344 1293 3417 βούλεσθε
1326 3350 1451 3404 καθ’
1482 3353 1663 3424 ἡμῶν.
1709 3357 1785 3411 Οὐ
1815 3357 1926 3429 γὰρ

332 3431 592 3501 δηαῦθα,
640 3435 810 3504 ἧγουν
841 3437 936 3491 hri.
971 3439 1066 3493 τοῦ
1111 3441 1318 3513 Κυρίου
1351 3444 1512 3514 ἡμῶν
1561 3447 1738 3518 Ἰησοῦ
1785 3451 1926 3522 Χρι-

332 3523 462 3581 στοῦ
489 3525 561 3581 τὰ
607 3527 748 3601 μέρη
791 3530 902 3585 τῶν
933 3532 1117 3604 μερῶν
1143 3534 1226 3588 δεῖ
1269 3541 1513 3605 σκοπεῖν,
1549 3539 1668 3611 ἦτοι
1704 3542 1804 3612 τῆς
1828 3543 1924 3598 ἁν-

338 3618 695 3691 θρωπότητος
725 3624 787 3675 τὸ
815 3625 976 3695 σῶμα
1017 3627 1112 3680 καὶ
1145 3627 1244 3698 τὴν
1261 3629 1462 3700 ψυχὴν,
1494 3629 1632 3686 ἀλλὰ
1662 3634 1730 3689 τὰ
1750 3653 1925 3708 προσ-

331 3713 477 3786 εχῶς
537 3713 631 3768 καὶ⁵
661 3714 884 3786 ἀμόσως
928 3720 1281 3787 συντεθέντα,
1337 3723 1572 3796 θεότητά
1627 3743 1772 3797 φημι
1831 3729 1924 3783 καὶ

331 3804 749 3877 ἀνθρωπότητα.
779 3807 844 3861 Ei
872 3809 981 3890 γὰρ
1030 3812 1128 3865 καὶ
1172 3810 1268 3866 δύο
1302 3813 1497 3883 φύσεις
1528 3814 1677 3887 ἔχειν
1707 3820 1798 3874 τδν
1825 3819 1923 3875 ἇν-

331 3897 550 3975 θρωττον
574 3902 736 3969 ἡμεῖς
771 3899 1046 3969 λέγοντες,
1083 3903 1206 3956 καθ’
1235 3903 1402 3975 ὑμᾶς,
1429 3909 1581 3977 τρεῖς
1616 3909 1808 3977 φύσεις
1828 3906 1922 3967 ὲπὶ

329 3992 567 4063 Χριστοῦ
591 3993 772 4064 λέγειν
804 3995 1364 4067 ἀναγκασθησόμεθα,
1401 4000 1496 4053 καὶ
1523 4000 1681 4072 ὑμεῖς
1716 4004 1827 4075 ἄρα
1856 4006 1921 4060 ἐκ

327 4088 419 4143 δύο
441 4090 656 4159 φύσεων
689 4089 782 4144 τὸν
804 4090 1092 4160 ἄνθρωπον
1119 4089 1393 4160 λέγοντες,
1424 4095 1472 4149 εί
1501 4097 1594 4150 καὶ
1625 4097 1701 4167 μὴ
1732 4098 1847 4161 δύο,
1882 4097 1916 4170 ἢ

329 4183 386 4234 ἐν
415 4180 529 4245 δύο,
565 4181 702 4236 ἀλλὰ
734 4181 864 4252 μίαν
893 4181 1057 4249 φύσιν
1080 4177 1223 4236 εἶναι
1261 4181 1534 4252 λέγοντες,
1563 4187 1681 4242 ἀλλ’
1713 4186 1807 4242 οὖν
1854 4189 1921 4243 ἐκ

327 4271 496 4348 τριῶν
528 4271 744 4343 φύσεων
776 4274 868 4329 τὸν
899 4275 1134 4344 Χριστὸν
1164 4277 1568 4347 δογματίσοιτε.
1603 4281 1716 4335 Καὶ
1745 4281 1920 4347 οὕτως

329 4367 808 4437 περιτραπήσεσθε
838 4368 904 4422 ὲκ
927 4367 1020 4422 τοῦ
1051 4369 1203 4440 ὑμῶν
1231 4369 1415 4440 λόγου.
1452 4371 1614 4428 una
1637 4373 1797 4428 τοῦτο
1817 4375 1920 4430 οὐκ

331 4455 503 4510 εστιν.
535 4458 646 4512 Οὐκ
675 4461 781 4529 ἄρα
805 4461 898 4515 δύο
923 4460 1119 4531 φύσεις
1143 4462 1291 4536 ἔχειν
1325 4466 1491 4535 ἡμεῖς
1535 4466 1789 4535 λέγοντες
1824 4468 1918 4525 τὸν

335 4549 590 4618 Χριστόν,
629 4551 732 4606 κᾶν
757 4554 851 4608 δύο
893 4555 1085 4624 φύσεις
1118 4555 1266 4628 ἔχειν
1294 4559 1389 4613 τὸν
1414 4557 1706 4631 ἄνθρωπον
1739 4560 1914 4632 λέγωο

337 4657 460 4714 μεν,
497 4641 556 4695 τὸ
599 4645 748 4713 τρεῖς
773 4644 892 4698 καθ’
916 4645 1073 4718 ἡμῶν
1097 4649 1412 4721 συναχθείη.
1449 4651 1562 4705 Καὶ
1605 4652 1784 4716 ἄλλως
1833 4654 1916 4718 είς

328 4731 392 4788 τὸ
419 4732 571 4787 abus-
615 4734 674 4789 '0
702 4735 986 4806 ἄνθρωπος
1046 4739 1079 4812 ἢ
1127 4740 1363 4795 καθόλου
1398 4741 1570 4808 ἐστὶν,
1615 4743 1650 4814 ἢ
1686 4746 1779 4796 ἐπὶ
1814 4744 1914 4816 μέ-

329 4840 474 4893 ρους,
507 4824 676 4898 ἦγουν
704 4829 734 4882 ό
762 4829 1101 4897 καθέκαστα,
1129 4832 1246 4886 ἀλλ’
1275 4833 1359 4886 ὅτι
1411 4833 1509 4904 μὲν
1533 4835 1562 4887 ό
1598 4835 1917 4890 καθέκαστα·

321 4917 386 4970 ὲκ
401 4915 494 4970 δύο
514 4917 728 4987 φύσεων
747 4921 1057 4988 σύγκειται,
1076 4923 1331 4992 σώματός
1357 4941 1437 4989 τε,
1467 4925 1632 4996 φημὶ,
1659 4927 1755 4979 καὶ
1775 4927 1913 4980 ἀσω-

323 5008 519 5080 μάτου,
549 5009 727 5076 οὐδεὶς
755 5011 869 5066 τῶν
901 5009 962 5066 εὖ
981 5013 1203 5068 εἰδότων
1231 5015 1442 5086 κρίνειν
1497 5017 1717 5088 ἀντερεῖ
1742 5033 1754 5048 ⁸
1787 5019 1910 5073 οὐδὲ

319 5101 428 5173 γὰρ
459 5103 518 5156 τὸ
548 5103 710 5176 σῶμα
735 5105 1027 5174 ἀθάνατον,
1080 5108 1220 5163 ἀλλὰ
1250 5111 1512 5182 φθαρτὸν,
1549 5111 1669 5164 οὐδὲ
1699 5113 1732 5182 ἡ
1759 5113 1907 5185 ψυχὴ

319 5192 505 5268 θνητὴ,
529 5196 648 5251 ἀλλ’
674 5198 965 5264 ἀθάνατος,
991 5201 1116 5255 οὐδὲ
1143 5202 1205 5255 τὸ
1240 5203 1400 5274 σῶμα
1435 5203 1690 5275 ἀόρατον»
1721 5205 1843 5258 οὐδὲ
1873 5209 1906 5278 ἡ

316 5288 462 5359 ψυχὴ
503 5297 838 5362 σωματικιῖς
869 5295 1173 5367 ὀφθαλμοῖς
1205 5298 1542 5369 καθορᾶται·
1578 5299 1697 5353 ἀλλ’
1742 5301 1775 5371 ἡ
1808 5301 1906 5371 μὲν

316 5381 510 5452 λογικὴ
543 5385 636 5438 καὶ
679 5386 867 5456 νοερὰ,
921 5390 1017 5442 καὶ
1067 5389 1382 5460 ἀσώματος,
1430 5391 1491 5445 τὸ
1537 5391 1594 5447 δὲ
1628 5394 1776 5463 ποιχῦ
1810 5393 1907 5448 καὶ

314 5471 531 5540 ὁρατὸν,
573 5475 672 5529 καὶ
703 5477 898 5546 ἁπτὸν,
930 5480 993 5534 οὐ
1020 5483 1160 5553 ,μιᾶς
1190 5482 1248 5537 δὲ
1277 5483 1497 5553 φύσεως
1541 5484 1610 5538 τὰ
1640 5486 1904 5539 ἁντιδιαι-

317 5564 583 5635 ρούμενα·
624 5569 686 5621 οὐ
718 5572 850 5640 μιᾶς
892 5572 1003 5645 ἄρα
1029 5575 1224 5640 οὐσίας
1250 5575 1398 5647 ψυχὴ
1432 5576 1524 5629 καὶ
1561 5577 1738 5647 σῶμα.
1793 5577 1905 5631 Καὶ

314 5654 488 5722 αὖθις·
517 5660 580 5714 Et
607 5653 684 5715 ὧν
713 5666 765 5716 oi.
809 5666 924 5737 ὅροι
952 5669 1222 5740 διάφοροι,
1259 5670 1465 5726 τούτων
1489 5671 1588 5727 καὶ
1623 5672 1680 5726 αἱ
1708 5670 1902 5742 φύσεις

314 5749 584 5820 διάφοροι,
629 5752 887 5828 διάφορος
920 5759 978 5812 δὲ
1015 5761 1109 5815 τοῦ
1173 5761 1425 5836 σώματος
1463 5767 1491 5820 ὁ
1546 5766 1704 5839 λόγος
1750 5769 1902 5836 παρὰ
1936 5799 1941 5804 -

315 5839 408 5892 τὸν
441 5841 538 5911 τῆς
568 5841 770 5918 ψυχῆς,
801 5848 1059 5922 διάφορος
1094 5851 1201 5926 ἄρα
1236 5856 1331 5910 καὶ
1355 5858 1388 5927 ἡ
1412 5856 1575 5927 φύσις
1606 5858 1901 5930 τῆς”ίνυχῆἶ

2028 3363 2165 3418 tium
2210 3361 2556 3418 attendendze
2617 3370 2767 3426 sunt,
2816 3360 2897 3416 vel
2933 3361 3289 3417 humanitatis
3332 3376 3533 3432 corpus
3571 3370 3627 3416 et

2025 3455 2232 3520 animo,
2274 3454 2370 3510 sed
2411 3470 2537 3524 qua:
2571 3453 2819 3524 proxime
2860 3453 3286 3524 immediateque
3332 3454 3622 3518 uniuntur,

2024 3547 2286 3604 divinitas
2323 3557 2488 3618 atque
2536 3547 2874 3604 humanitas.
2906 3548 2974 3604 Et
3005 3549 3052 3605 si
3083 3548 3221 3603 duas
3257 3555 3483 3603 naturas
3523 3547 3624 3602 ha-

2025 3639 2154 3694 bere
2198 3637 2474 3694 hominem
2518 3653 2618 3694 nos
2656 3647 2990 3706 asserentes,
3027 3649 3087 3695 ut
3122 3654 3219 3694 vos
3254 3640 3622 3704 contenditis,

2023 3740 2137 3789 tres
2186 3741 2414 3787 naturas
2455 3730 2511 3786 in
2549 3730 2770 3790 Christo
2804 3732 2986 3788 dicere
3032 3747 3372 3802 cogeremur,
3427 3739 3482 3786 et
3523 3745 3622 3787 vos

2025 3824 2190 3894 igitur
2221 3838 2291 3879 ex
2321 3823 2539 3879 duabus
2564 3825 2779 3880 naturis
2810 3823 3082 3879 hominem
3110 3823 3464 3889 aliirutantcs,
3495 3823 3624 3878 licet

2024 3931 2135 3972 non
2188 3916 2350 3981 duas,
2407 3931 2585 3985 neque
2635 3918 2688 3971 in
2738 3917 2974 3983 duabus,
3011 3915 3104 3971 sed
3150 3931 3314 3970 unam
3367 3924 3619 3970 naturam

2021 4024 2143 4064 esse
2190 4009 2456 4074 dicentes,
2496 4007 2858 4066 nihilominus
2900 4025 2963 4065 ex
3015 4009 3189 4065 tribus
3223 4008 3434 4064 naturis
3464 4007 3622 4063 Chri-

2020 4115 2168 4160 stum
2213 4119 2337 4160 csse
2377 4103 2652 4160 statuetis.
2700 4103 2902 4176 Sicque
2942 4119 3039 4174 per
3076 4103 3244 4160 verba
3280 4103 3385 4174 ipsi
3436 4113 3619 4159 vestra

2020 4197 2363 4253 refellemini.
2392 4195 2496 4252 Sed
2523 4197 2626 4253 hoc
2653 4213 2762 4253 non
2781 4208 2865 4256 cst
2894 4217 2908 4265 ;
2938 4213 3046 4252 non
3078 4213 3210 4269 ergo
3235 4198 3373 4253 duas
3396 4205 3620 4252 naturas

2020 4288 2225 4344 habere
2254 4302 2356 4344 nos
2384 4285 2666 4344 Christum
2697 4290 3034 4352 asserentes,
3066 4287 3194 4342 licet
3221 4286 3355 4342 duas
3391 4295 3620 4341 naturas

2021 4379 2298 4434 hominem
2332 4379 2535 4434 habere
2570 4378 2820 4436 dicamus
2844 4420 2860 4446 ,
2909 4388 3023 4434 tres
3062 4379 3326 4434 adversus
3369 4393 3468 4432 nos
3509 4377 3621 4432 col-

2021 4470 2278 4542 ligentur.
2318 4469 2438 4524 Alia
2477 4483 2701 4541 quoque
2739 4469 2953 4525 ratione
2990 4469 3093 4524 hoc
3126 4469 3302 4535 ipsum
3329 4469 3619 4538 probatur:

2020 4561 2197 4618 Homo
2232 4569 2328 4618 aut
2354 4563 2409 4617 in
2442 4561 2738 4616 universali
2771 4571 2876 4626 est,
2911 4572 3006 4616 aut
3035 4563 3088 4615 in
3120 4570 3295 4630 parte,
3327 4560 3380 4613 in
3417 4557 3617 4613 indivi-

2023 4656 2132 4710 duo
2170 4670 2385 4724 nempe,
2415 4655 2509 4710 sed
2541 4653 2844 4721 hominem,
2876 4654 2970 4724 qui
3007 4654 3062 4708 in
3100 4653 3384 4721 individuo
3411 4661 3517 4718 est,
3546 4667 3611 4706 ex
3647 4719 3649 4722 ς

2021 4749 2236 4804 duabus
2264 4747 2480 4802 naturis
2512 4746 2769 4802 constitui
2803 4747 3051 4816 corporis
3101 4754 3153 4799 et
3180 4746 3395 4808 animae,
3431 4757 3612 4806 nemo,

2021 4840 2114 4912 qui
2145 4839 2312 4910 probe
2345 4839 2411 4892 de
2442 4838 2607 4893 rebus
2637 4837 2906 4906 judicium
2942 4836 3088 4902 ferre
3123 4835 3295 4896 novit,
3331 4831 3613 4888 contradi-

2019 4943 2103 4988 cet
2132 4950 2146 5001 ;
2186 4947 2361 5004 neque
2403 4931 2548 4986 enim
2578 4945 2780 4998 corpus
2809 4929 3122 4983 immortale
3153 4935 3258 4994 est,
3290 4927 3382 4981 sed
3421 4940 3613 4979 corru-

2020 5026 2190 5095 ptioni
2213 5023 2531 5086 obnoxium,
2562 5037 2746 5092 neque
2775 5019 2956 5074 anima
2983 5018 3248 5083 mortalis,
3270 5017 3361 5072 sed
3384 5017 3614 5071 immorc

2019 5118 2165 5181 talis,
2201 5131 2381 5186 neque
2412 5129 2614 5183 corpus
2658 5111 2956 5177 invisibile,
2995 5126 3171 5180 neque
3203 5109 3382 5163 anima
3415 5124 3612 5177 corpo—

2017 5213 2127 5266 reis
2170 5210 2346 5265 oculis
2394 5206 2754 5277 conspicitur,
2814 5204 2908 5259 sed
2956 5204 3069 5258 hate
3112 5203 3334 5271 quidem
3384 5200 3610 5256 rationis

2015 5319 2240 5374 compos
2282 5312 2386 5367 est,
2422 5311 2470 5357 et
2521 5299 2922 5361 intellectualis,
2965 5306 3019 5352 et
3053 5297 3372 5364 incorporea
3417 5309 3432 5357 ;
3473 5293 3606 5346 illud

2014 5414 2283 5465 crassum,
2309 5396 2542 5463 visibile,
2577 5393 2836 5465 taugibile
2863 5409 2878 5460 ;
2912 5407 3018 5446 non
3055 5389 3217 5445 unius
3236 5403 3367 5443 vero
3397 5396 3608 5440 naturae

2013 5501 2139 5544 sunt
2190 5487 2311 5559 quaé
2351 5500 2543 5544 contra
2588 5501 2710 5544 sese
2755 5485 2989 5540 invicem
3038 5489 3444 5554 opponuntur:
3495 5493 3606 5532 non

2014 5583 2176 5636 unius
2235 5595 2365 5651 ergo
2411 5578 2663 5636 essentia:
2691 5593 2915 5647 corpus,
2971 5585 3025 5632 et
3067 5574 3272 5630 anima.
3330 5571 3461 5628 Item
3495 5590 3510 5628 :
3547 5569 3606 5624 Si

2011 5691 2242 5744 quorum
2293 5674 2635 5729 deﬁnitiones
2683 5671 2913 5727 diversas
2969 5678 3118 5731 sunt,
3174 5683 3362 5724 eorum
3439 5665 3604 5718 etiam

2012 5777 2220 5822 naturzc
2259 5767 2508 5833 diversae,
2551 5766 2766 5822 diversa
2802 5779 2930 5819 vero
2961 5772 3045 5818 est
3081 5761 3330 5833 corporis
3367 5761 3506 5814 ratio
3534 5756 3606 5813 ab

2009 5876 2095 5928 ca,
2142 5876 2268 5931 quae
2313 5859 2510 5916 anima:
2547 5866 2651 5926 est,
2698 5857 2914 5914 diversa
2958 5854 3125 5929 igitur
3165 5853 3269 5911 erit
3317 5859 3368 5907 et
3411 5855 3608 5906 natura
