4084 6282
460 378 574 450 639

1731 371 2030 435 ΝῙΟΕΤΑΞ
2069 369 2486 432 BYZAN'I‘INI

3644 358 3752 431 640

462 483 976 561 comprehensibilis
994 482 1664 555 etincomprehensibilisi
1681 484 1772 539 sed
1799 483 2047 538 Christus

2155 481 2217 534 ΕΞ
2242 479 2467 551 οὐδεμία
2494 479 2657 547 φύσις
2688 477 2786 548 μία
2814 477 2970 539 οὖσα,
3027 476 3138 531 τῶν
3176 476 3439 535 ἐναντίων
3474 476 3753 544 οὒσιωδῶν

461 580 517 637 id
540 581 702 636 habet
721 598 736 634 :
752 579 1007 637 Christus
1025 578 1367 648 igiturunius
1390 586 1599 633 naturae
1613 585 1716 643 est,
1741 576 1865 632 licet
1887 577 2048 631 homo

464 686 631 727 unius
658 680 866 726 natura
883 670 973 726 sit.
993 669 1221 735 9.ltem,
1238 669 1297 724 Si
1322 666 1485 723 unius
1513 676 1723 723 natura!
1740 666 2045 723 secundum

463 777 564 819 vos
585 762 839 819 Christus
869 770 994 832 post
1012 761 1270 816 unionem
1284 759 1621 825 est,omnino
1642 758 1933 814 dicendum
1965 767 2050 813 est

463 854 609 911 hanc
641 869 804 909 unam
840 832 1091 909 naturam
1119 868 1241 910 esse
1272 861 1368 908 aut
1403 851 1643 908 divinam
1680 850 2047 914 solummodo,

463 955 562 1004 aut
600 947 895 1001 humanam
939 955 1177 1012 tantum,
1235 954 1330 1000 aut
1365 946 1605 1000 divinam
1647 952 1703 1000 et
1753 944 2047 999 humanam

463 1039 657 1105 simul,
685 1048 782 1094 aut
814 1054 992 1110 neque
1020 1038 1287 1103 divinam,
1314 1054 1491 1109 neque
1530 1038 1846 1105 humanam,
1878 1038 1971 1093 sed
2002 1037 2047 1092 si

464 1140 552 1185 est
583 1146 690 1185 una
722 1132 837 1186 haec
872 1140 1093 1197 natura,
1125 1140 1335 1187 tantum
1370 1130 1576 1194 divina,
1604 1128 1858 1185 Christus
1884 1128 2050 1201 igitur

465 1220 612 1277 Deus
651 1220 778 1286 erit,
806 1229 861 1275 et
899 1236 1011 1277 non
1045 1221 1212 1276 homo
1244 1238 1257 1274 :
1302 1220 1347 1275 si
1395 1229 1481 1273 est
1523 1236 1631 1274 una
1682 1219 1800 1290 ipsa
1853 1228 2047 1273 natura

465 1312 652 1368 divina
709 1320 765 1368 et
818 1313 1057 1367 humana
1108 1313 1306 1377 simul,
1378 1328 1558 1383 neque
1619 1311 1830 1376 Patris,
1873 1326 2050 1382 neque

467 1403 707 1473 Spiritus
779 1405 977 1469 sancti,
1026 1419 1202 1474 neque
1247 1405 1531 1459 hominum
1586 1414 1781 1459 natura
1826 1415 1947 1467 est,
1995 1410 2049 1458 ει

467 1494 726 1565 utrinque
770 1496 1121 1566 blasphemiae
1168 1495 1394 1564 crimen,
1423 1497 1517 1567 qui
1558 1497 1632 1552 ita
1680 1496 1841 1552 sentit
1864 1495 2050 1550 incur-

463 1595 570 1653 ret,
608 1596 664 1642 et
704 1587 927 1643 robusta
978 1586 1047 1644 de
1091 1595 1272 1645 mente
1308 1590 1488 1647 cadet.
1544 1590 1601 1645 Si
1638 1603 1770 1645 vero
1812 1595 1897 1643 est
1940 1603 2048 1643 una

465 1677 583 1731 hanc
621 1688 817 1733 natura
858 1692 1035 1748 neque
1062 1678 1273 1746 divina,
1307 1694 1486 1751 neque
1508 1680 1773 1746 humana,
1796 1678 2049 1735 Christus

464 1769 635 1837 igitur
692 1785 872 1839 neque
919 1769 1060 1827 Deus
1110 1781 1217 1837 est,
1260 1786 1437 1843 neque
1486 1773 1685 1841 homo;
1717 1788 2048 1844 quocunque

2153 571 2429 643 διαφορῶν
2457 569 2685 641 δεκτικὴ
2711 571 2957 640 γίνεται·
2985 570 3104 633 πῶς
3126 570 3493 640 γάρδυνατὸν
3523 572 3623 641 τὴν
3652 571 3753 625 αὐ-

2155 664 2253 736 τὴν
2280 663 2443 735 φύσιν
2484 664 2626 718 κατά
2654 662 2847 717 ταυτδν
2874 661 3102 737 κτιστὴν
3152 657 3293 718 εἶναι
3344 664 3441 718 καὶ
3468 664 3746 727 ἄκτιστον,

2155 755 2355 827 θνητὴν
2380 756 2475 810 καὶ
2508 755 2797 820 ἀθάνατον,
2822 755 3182 828 καταληπτὴν
3201 755 3300 811 καὶ
3326 756 3746 827 ἀκατάληπτον;

2158 848 2188 901 ό
2233 847 2290 902 δὲ
2322 850 2559 921 Χριστὸς
2610 849 2767 903 τοῦτο
2799 848 2947 921 ἔχει’
2979 851 3009 904 ό
3038 850 3277 921 Χριστὸς
3315 850 3426 924 ἀρα
3472 850 3604 920 μἰἆς
3641 850 3748 921 φύ-

2157 957 2299 1005 σεως
2348 925 2449 996 οὐκ
2494 941 2663 1008 ἐστιν,
2700 943 2750 996 εί
2799 942 2897 996 καὶ
2948 944 2979 996 ό
3021 941 3314 1015 ἄνθρωπος
3351 943 3485 1013 μιᾶς
3529 942 3750 1011 φύσεώς

2156 1032 2327 1089 ἔστιν.
2356 1031 2423 1088 θ’.
2458 1031 2604 1086 Ἐτιο
2642 1033 2704 1087 El
2742 1032 2872 1104 μιᾶς
2893 1029 3114 1103 φύσεως
3142 1032 3272 1087 καθ’
3294 1032 3439 1103 ὑμᾶς
3465 1034 3749 1105 ὁΧριστὺς

2158 1120 2300 1192 μετά
2330 1119 2431 1191 τὴν
2453 1119 2651 1176 ἕνωσίν
2687 1122 2858 1186 ἐστιν,
2909 1122 3132 1188 πάντως
3180 1121 3373 1192 ἕψεται
3407 1122 3617 1194 ταῦτην
3646 1123 3747 1195 τήν

2160 1209 2289 1283 μίαν
2312 1211 2486 1265 εἰπεῖν
2519 1210 2703 1281 φύσιν,
2733 1209 2767 1283 ἢ
2799 1210 2952 1267 θείαν
2986 1212 3168 1283 μόνον,
3204 1213 3239 1285 η
3275 1212 3625 1287 ἀνθρωπίνην
3648 1219 3751 1285 μό-

2154 1322 2266 1370 νον,
2319 1306 2355 1378 ἢ
2401 1305 2554 1362 θείαν
2600 1308 2698 1362 καὶ
2746 1307 3099 1379 ἀνθρωπίνην
3136 1307 3279 1380 ἃμα,
3323 1311 3359 1384 ἢ
3401 1311 3542 1383 μήτε
3570 1311 3746 1379 θείαν,

2158 1401 2296 1470 μήτε
2325 1398 2697 1471 ἀνθρωπίνην.
2756 1399 2901 1453 Ἀλλ’
2939 1402 2988 1456 εί
3023 1400 3125 1473 μέν
3166 1403 3317 1457 ἔστιν
3359 1404 3396 1475 ἡ
3440 1404 3541 1474 μία
3583 1403 3750 1473 φύσις

2154 1488 2294 1562 αὕτη
2325 1490 2447 1546 θεία
2480 1491 2662 1562 μόνον,
2695 1494 2724 1547 ό
2748 1493 2985 1564 Χριστὸς
3014 1492 3124 1566 ἀρα
3148 1494 3279 1558 Θεὸς
3308 1495 3484 1557 ἔσται,
3518 1496 3615 1551 καὶ
3642 1498 3752 1552 οὐκ

2153 1582 2455 1655 ἄνθρωπος.
2491 1583 2554 1639 Ei
2581 1583 2639 1639 δι
2668 1585 2816 1640 ἐστιν
2843 1586 2876 1658 ἡ
2910 1586 3011 1655 μία
3044 1585 3205 1657 φύσις
3234 1584 3378 1658 αὕτη
3419 1587 3541 1643 θεία
3565 1605 3625 1643 τε
3649 1590 3744 1645 καὶ

2153 1673 2471 1747 ἀνθρωπίνη
2513 1675 2653 1747 ἅμα,
2700 1674 2827 1731 οὔτε
2879 1676 2975 1731 τοῦ
3016 1677 3238 1751 Πατρός
3278 1676 3404 1733 οὔτε
3447 1678 3541 1734 τοῦ
3580 1681 3736 1748 ἁγίου

2154 1764 2490 1836 Πνεύματος,
2517 1764 2641 1821 οὔτε
2671 1766 2778 1839 μὴν
2806 1766 2917 1823 τῶν
2949 1767 3254 1839 ἀνθρώπων
3280 1770 3387 1842 ἄρα
3409 1770 3565 1841 φύσις
3595 1773 3729 1840 ἐστι,

466 1859 629 1930 igitur
654 1872 933 1917 vertamus
970 1861 1299 1926 orationem,
1337 1878 1599 1933 cogemur
1666 1861 1823 1919 fateri
1889 1862 2047 1920 Chri-

2156 1855 2249 1907 καί.
2279 1855 2667 1927 ἀμφοτέρωθεν
2694 1856 3044 1928 βλασφημίας
3067 1856 3322 1930 ἔγκλημα
3349 1859 3425 1929 τῷ
3441 1861 3590 1915 τουτὶ
3610 1874 3739 1935 φρο-

464 1958 613 2007 smm
648 1967 814 2006 unam
846 1964 1050 2008 sanctae
1079 1952 1362 2010 Trinitatis
1392 1955 1727 2026 hypostasim
1757 1971 1880 2012 esse
1911 1958 2053 2013 duas

465 2034 695 2097 naturas
733 2042 1050 2107 habentem,
1083 2045 1322 2100 divinam
1365 2047 1573 2101 scilicet
1624 2056 1678 2101 et
1730 2047 2050 2115 humanam,

466 2129 699 2201 ideoque
731 2128 784 2184 in
814 2132 991 2210 ipsum
1024 2132 1146 2186 duas
1167 2132 1405 2188 rationes
1427 2148 1752 2199 convenere,
1772 2134 1961 2190 eodem
1984 2135 2053 2192 de

464 2230 525 2277 σε
541 2230 819 2278 asserente
850 2239 867 2277 :
900 2223 1165 2288 Quemme
1210 2226 1391 2281 dicunt
1414 2242 1523 2281 esse
1566 2225 1767 2281 Filium
1785 2228 2054 2284 hominis?

464 2321 523 2370 et
559 2312 722 2371 Petro
771 2316 1135 2390 reSpnndente
1172 2317 1295 2374 :Tu
1322 2336 1376 2375 es
1423 2319 1667 2377 Christus
1732 2320 1903 2377 Filius
1957 2324 2051 2377 Dei

466 2405 592 2461 nivi.
642 2406 733 2462 10.
769 2407 927 2473 Item,
964 2407 1023 2464 Si
1066 2412 1233 2471 unius
1267 2422 1350 2467 est
1383 2423 1595 2468 natura:
1633 2414 1886 2472 Christus
1929 2424 2053 2485 post

466 2499 748 2564 unionem,
792 2518 1015 2558 necesse
1062 2513 1149 2559 est
1197 2515 1476 2575 naturam,
1536 2509 1836 2563 secundum
1885 2526 2047 2579 quam

465 2590 724 2647 Christus
773 2602 856 2649 est
903 2597 1067 2651 unius
1107 2607 1344 2663 naturas,
1386 2606 1481 2652 aut
1519 2614 1863 2654 communem
1904 2617 2047 2665 esse,

464 2685 563 2733 aut
605 2680 975 2750 singularem;
1008 2684 1053 2738 si
1102 2700 1451 2741 communem
1487 2704 1608 2744 esse
1645 2691 2048 2757 concesseritis,

461 2767 574 2837 jam
600 2770 713 2837 ipsa
740 2772 807 2827 de
840 2773 1087 2841 pluribus
1110 2764 1347 2841 dicetur,
1377 2778 1469 2833 sed
1516 2778 1655 2834 alios
1684 2779 1932 2837 Christus
1966 2799 2050 2836 re-

467 2860 672 2930 perire,
696 2872 790 2917 aut
829 2862 1018 2933 fuisse,
1050 2867 1118 2922 de
1150 2868 1349 2938 quibus
1376 2870 1490 2925 haec
1519 2873 1829 2927 communis
1858 2883 2050 2932 natura

466 2950 873 3022 praedicabitur,
907 2958 1021 3013 ﬁeri
1051 2960 1277 3016 omnino
1303 2963 1511 3032 nequit.
1543 2964 1599 3019 Si
1621 2966 1915 3035 singularis
1943 2976 2047 3035 est,

465 3042 609 3101 idem
640 3047 748 3102 erit
776 3064 901 3106 cum
940 3050 1219 3122 hypostasi
1250 3071 1264 3109 :
1300 3062 1355 3109 et
1383 3055 1429 3112 si
1461 3056 1514 3111 id
1541 3066 1645 3125 est,
1681 3067 1906 3115 necesse
1929 3074 2050 3115 om-

466 3137 597 3194 nino
627 3138 791 3196 l'ucrit
836 3144 1137 3199 secundum
1170 3160 1290 3213 vos,
1342 3145 1562 3203 Patrem
1589 3189 1603 3216 ,
1644 3158 1699 3205 et
1728 3149 1924 3209 Filium
1947 3192 1961 3216 ,
1992 3159 2047 3206 et

468 3230 735 3301 Spiritum
772 3245 1022 3291 sanctum
1071 3247 1180 3294 tres
1225 3241 1531 3311 peculiares
1570 3244 1845 3298 numerari
1890 3251 2049 3300 natu.

467 3339 577 3387 ras,
608 3333 664 3378 et
708 3336 821 3383 tres
861 3328 993 3384 deos
1047 3329 1175 3398 dici,
1203 3339 1258 3387 et
1300 3343 1410 3389 tres
1456 3333 1706 3402 deitates,
1738 3338 1883 3405 quod
1934 3336 2053 3393 bla—

358 3419 365 3425 '
467 3414 750 3485 Jphemias
785 3432 976 3476 omnes
1006 3432 1297 3493 exsuperat
1324 3443 1339 3479 :
1364 3426 1472 3479 imo
1501 3435 1555 3481 et
1588 3428 1756 3484 totius
1778 3428 2052 3485 Christia—

465 3505 629 3561 nismi
659 3508 893 3577 ejuratio
925 3522 1026 3577 est,
1062 3528 1238 3585 neque
1275 3517 1420 3570 enim
1451 3533 1746 3588 possumus
1773 3521 1954 3577 dicere
1996 3522 2049 3578 in

464 3594 788 3649 universum
839 3609 1092 3655 naturam
1142 3599 1505 3673 h'ypostasim,
1561 3616 1657 3661 aut
1710 3608 2047 3679 hypostasim

464 3694 717 3740 naturam
744 3728 761 3755 ,
809 3704 876 3744 ne
904 3705 1098 3747 omnes
1136 3694 1437 3751 Christiani
1481 3712 1728 3753 asserere
1787 3710 2052 3770 cogantur

465 3772 706 3839 Patrem,
742 3788 796 3834 et
840 3779 1063 3847 Filium,
1092 3790 1147 3838 et
1175 3782 1438 3851 Spiritum
1474 3796 1727 3844 sanctum
1757 3800 1864 3847 tres
1892 3801 2052 3846 natu-

464 3883 577 3936 ras,
618 3870 763 3941 quod
807 3882 889 3929 est
924 3882 1035 3931 tres
1075 3875 1430 3947 hypostases;
1478 3881 1596 3936 sive
1623 3898 1787 3939 unam
1825 3887 2047 3943 eosdem

464 3958 666 4016 habere
702 3963 1071 4035 hyposIaSim,
1098 3983 1163 4024 ea
1201 3970 1447 4037 ratione,
1481 3988 1589 4043 qua
1636 3991 1800 4032 unam
1849 3979 2049 4035 habent

464 4063 739 4120 naturam,
770 4072 893 4126 quae
922 4058 1085 4116 ambo
1113 4076 1143 4116 a
1184 4062 1287 4117 ﬁde
1309 4063 1623 4122 Christiana
1668 4068 1844 4124 aliena
1893 4082 2047 4129 sunt.

465 4142 553 4196 Η.
587 4143 738 4212 item,
771 4145 827 4201 Si
858 4148 1022 4204 unius
1054 4158 1265 4207 naturas
1303 4154 1601 4221 hominem,
1640 4158 1892 4231 illiusque
1922 4179 2049 4233 par-

464 4244 549 4288 tes
570 4237 756 4305 simul,
791 4256 913 4311 qua:
946 4242 1099 4312 prius
1142 4260 1252 4302 non
1304 4258 1481 4317 erant,
1505 4252 1762 4321 produxit
1798 4253 1865 4311 ad
1900 4271 2050 4311 com-

464 4327 797 4397 plementum
835 4333 1098 4403 universi,
1132 4337 1357 4409 ﬁerique
1400 4350 1602 4413 potest,
1630 4352 1690 4401 ut
1722 4359 1859 4418 quae
1899 4350 2047 4421 ejus-

462 4420 585 4473 dem
613 4431 741 4477 sunt
813 4429 1073 4496 temporis
1134 4445 1300 4486 unam
1356 4445 1606 4491 naturam
1682 4420 2045 4510 compositam

2157 1942 2337 2000 νοῦντι
2380 1947 2871 2019 προστρισήσεται,
2916 1951 3144 2020 καὶτῆς
3182 1951 3505 2023 ἐρρωμένης
3548 1954 3743 2025 φρενὸς

2156 2036 2500 2109 ἐπιστήσεται.
2533 2039 2595 2093 El
2625 2038 2682 2093 δέ
2712 2040 2863 2094 ἐστιν
2892 2041 2927 2111 ή
2957 2039 3053 2113 μία
3082 2041 3245 2110 φύσις
3281 2042 3421 2113 αὕτη
3449 2042 3575 2099 οὔτε
3601 2046 3745 2113 θεία,

2156 2129 2278 2185 οὔτε
2324 2129 2661 2203 ἀνθρωπίνη,
2715 2132 3007 2204 όΧριστδς
3060 2134 3171 2207 ἄρα
3226 2133 3349 2190 οὔτε
3388 2136 3523 2202 Θεός
3571 2142 3745 2205 ἐστιν,

2156 2220 2281 2276 οὔτε
2305 2222 2611 2295 ἅνθρωπος.
2643 2224 2817 2279 Ὅπου
2844 2226 3136 2296 τοιγαροῦν
3168 2228 3296 2294 τοὺς
3356 2228 3551 2300 λόγους
3580 2251 3746 2304 περι-

2159 2314 2483 2385 στρέψομεν,
2512 2317 2594 2381 είς
2626 2314 2686 2370 τδ
2711 2316 2892 2385 λέγειν
2928 2316 3279 2390 ἀπαγόμεθα,
3312 2320 3397 2376 ὅτι
3443 2321 3473 2373 ὁ
3507 2322 3745 2395 Χριστὸς

2161 2404 2258 2474 μία
2291 2405 2591 2470 ὑπόστασις
2624 2406 2728 2474 τῆς
2761 2406 2927 2477 ἁγίας
2954 2408 3186 2479 Τριάδος
3222 2411 3378 2477 ἐστὶ,
3409 2412 3505 2467 δύο
3550 2413 3747 2484 φύσεις

2157 2498 2315 2567 ἔχων,
2370 2497 2531 2567 φύσιν
2565 2515 2625 2551 τε
2658 2499 2831 2565 θείαν,
2869 2502 2964 2554 καὶ
3008 2501 3171 2571 φύσιν
3211 2503 3588 2575 ἀνθρωπίνην.
3633 2507 3746 2562 Καὶ

2156 2589 2347 2643 τούτου
2376 2590 2534 2662 χάριν
2567 2589 2657 2644 ἐπ’
2684 2591 2835 2662 αὐτῷ
2868 2590 3132 2664 συνῆλθον
3157 2594 3460 2667 ἀμφότεροι
3508 2599 3557 2651 oi
3592 2598 3743 2667 λόγοι

2157 2681 2321 2734 αὑτοῦ
2347 2698 2407 2735 τε
2442 2684 2570 2753 περὶ
2603 2683 2801 2737 ἑαυτοῦ
2837 2684 3146 2757 εἰρηκότος,
3179 2688 3317 2743 Τίνα
3339 2706 3427 2757 με
3447 2688 3745 2757 λέγουσιν

2156 2769 2307 2827 εἶναι
2340 2773 2445 2829 τὸν
2498 2774 2638 2830 Υιὸν
2675 2769 2786 2831 τοῦ
2837 2777 3202 2845 ἁνθρώπου;
3252 2781 3349 2835 καὶ
3403 2782 3500 2837 τοῦ
3532 2784 3742 2854 Πέτρου

2156 2866 2617 2938 ἀποκριναμένου,
2643 2868 2727 2924 Σὺ
2752 2865 2809 2924 εί
2834 2872 2868 2924 ό
2899 2871 3178 2939 Χριστὸς,
3221 2875 3258 2927 ό
3297 2874 3430 2941 Υἱὸς
3452 2874 3560 2930 τοῦ
3592 2876 3741 2933 Θεοῦ

2155 2959 2261 3013 τοῦ
2288 2957 2521 3026 ζῶντος.
2561 2959 2615 3017 ι’.
2652 2962 2795 3017 Ἐτν
2829 2963 2889 3016 Ei
2923 2948 3055 3031 μιᾶς
3102 2961 3320 3031 φύσεώς
3361 2967 3512 3020 ἐστιν
3543 2970 3572 3022 ό
3600 2971 3741 3040 Χρι-

2156 3049 2282 3114 στδς
2336 3051 2473 3121 μετά
2520 3051 2621 3121 τὴν
2652 3053 2875 3116 ἕνωσιν,
2906 3052 3121 3121 ἀνάγκη
3150 3053 3245 3122 τὴν
3277 3053 3462 3120 φύσιν,
3522 3058 3646 3110 καθ’
3668 3060 3738 3130 ῆν

2154 3143 2304 3196 ἐστιν
2331 3144 2359 3195 ὁ
2386 3143 2618 3213 Χριστὸς
2649 3146 2779 3216 μιᾶς
2802 3144 3035 3214 φύσεως,
3065 3143 3099 3213 ἢ
3154 3134 3341 3215 κοινὴν
3372 3140 3533 3209 εἶναι,
3570 3147 3603 3218 ἦ
3630 3150 3733 3201 ivst-

2155 3233 2278 3303 κήν.
2306 3232 2417 3287 Καὶ
2447 3234 2497 3285 εί
2532 3233 2629 3304 μὲν
2680 3234 2866 3305 κοινὴν
2911 3232 3155 3299 εἰπόντες
3206 3232 3408 3304 δοίητε,
3443 3236 3731 3305 συμϐαίνει

2155 3325 2327 3397 αὐτὴν
2356 3328 2491 3379 κατὰ
2540 3325 2801 3381 πλειόνων
2850 3325 3135 3397 φέρεσθαι.
3181 3326 3375 3397 Εὑρεῖν
3430 3326 3488 3380 δὲ
3540 3328 3730 3391 ἄλλους

2155 3418 2441 3487 Χριστοὶις,
2478 3417 2510 3488 ἢ
2541 3416 2814 3486 γενέσθαι,
2851 3417 2974 3470 καθ’
3010 3411 3086 3472 ὧν
3123 3416 3263 3486 αὕτη
3296 3418 3328 3488 ή
3383 3419 3538 3488 κοινὴ
3574 3417 3733 3486 φύσις

2155 3508 2687 3578 κατηγορηθήσεται,
2734 3506 2846 3561 τῶν
2874 3507 3159 3561 ἀδυνάτων
3202 3507 3374 3563 ἐστίν.
3406 3498 3472 3563 Ei
3503 3509 3561 3562 δὲ
3595 3509 3738 3580 ιδικὴ

2154 3601 2292 3666 ἐστι,
2322 3599 2518 3653 ταυτὸν
2547 3598 2699 3653 ἔσται
2732 3602 2795 3672 τῇ
2816 3602 3133 3655 ὑποστάσει.
3164 3602 3224 3656 El
3253 3600 3310 3655 δὲ
3327 3600 3505 3668 τοῦτο,
3525 3601 3739 3674 ἀνάγκη

2154 3694 2302 3745 πᾶσα
2333 3692 2452 3745 καθ’
2485 3692 2652 3761 ὑμᾶς,
2696 3691 2787 3746 τὸν
2816 3692 3056 3763 Πατέρα,
3093 3693 3187 3747 καὶ
3240 3693 3333 3747 τὸν
3363 3691 3515 3761 Υίὺν,
3554 3693 3647 3748 καί⁵
3678 3693 3741 3747 τὸ

2154 3782 2377 3852 Πνεῦμα
2403 3783 2464 3836 τὸ
2492 3784 2668 3850 ἅγιον,
2701 3786 2850 3853 τρεῖς
2884 3782 3118 3854 μερικὰς
3150 3771 3500 3855 ἀριθμεῖσθαι
3527 3783 3739 3853 φύσεις,

2153 3876 2248 3926 καὶ
2278 3876 2425 3946 τρεῖς
2457 3874 2830 3945 ὁμολογεῖσθαι
2856 3874 3036 3939 θεοὺς,
3074 3876 3170 3927 καί
3215 3877 3364 3945 τρεῖς
3403 3874 3684 3946 θεότητας,
3710 3874 3741 3929 ὃ

2153 3968 2217 4038 δὴ
2247 3965 2606 4038 βλασφημιῶν
2628 3969 2775 4020 ἐστιν
2801 3966 3028 4021 ἀπασῶν
3057 3966 3361 4038 ἀκροτάτη,
3388 3967 3591 4037 μᾶλλον
3641 3967 3740 4021 καὶ

2153 4060 2245 4113 τοῦ
2281 4058 2708 4130 Χριστιανισμοῦ
2746 4058 2949 4123 παντὸς
2976 4058 3227 4130 ἄρνησις.
3256 4059 3331 4112 Οὐ
3354 4057 3463 4128 γὰρ
3493 4058 3643 4112 ἔστιν
3664 4060 3740 4112 εί·
3791 4131 3795 4133 _

2153 4153 2275 4205 πεῖν
2309 4150 2537 4205 καθόλου
2570 4150 2669 4222 τὴν
2685 4149 2847 4219 φύσιν
2881 4150 3199 4216 ὑπόστασιν,
3241 4152 3274 4221 ἢ
3309 4149 3410 4220 τὴν
3436 4150 3740 4204 ὑπόστασιν

2153 4242 2335 4314 φύσιν,
2368 4244 2454 4297 ἵνα
2483 4243 2558 4315 μὴ
2581 4244 2715 4297 πᾶσι
2742 4244 2855 4306 τοῖς
2893 4243 3247 4314 Χριστιανοίς
3279 4242 3621 4312 συμϐήσεται
3647 4243 3739 4296 λέ-

2152 4353 2270 4407 γειν
2295 4334 2387 4389 τὸν
2419 4335 2662 4404 Πατέρα,
2710 4336 2806 4390 καὶ
2839 4336 2931 4390 τὸν
2964 4335 3123 4399 Υίὸν,
3168 4334 3264 4388 καὶ
3301 4334 3361 4388 τὸ
3404 4333 3634 4405 Πνεῦμα
3676 4335 3741 4389 τὸ

2151 4429 2307 4499 ἆγιον
2336 4423 2485 4501 τρεῖς
2511 4426 2724 4497 φύσεις,
2773 4428 2912 4499 ὅπερ
2962 4428 3078 4481 ἐστὶ
3113 4428 3259 4499 τρεῖς
3295 4424 3646 4493 ὑποστάσεις,
3702 4427 3737 4499 ἢ

461 4511 728 4580 alliciant,
791 4518 897 4573 tale
955 4520 1232 4578 decretum
1299 4536 1353 4581 et
1407 4527 1579 4599 legem
1656 4536 1960 4592 naturalem
2011 4552 2039 4593 a

2153 4521 2283 4588 μίαν
2312 4519 2510 4583 αὐτοὺς
2542 4519 2688 4589 ἔχειν
2712 4519 3030 4583 ὑπόστασιν,
3060 4519 3118 4573 όν
3160 4518 3364 4591 τρόπον
3400 4520 3529 4590 μίαν
3558 4519 3739 4591 ἔχουσι

461 4604 721 4663 Creatore
751 4610 1092 4680 accipientia,
1128 4626 1183 4669 ut
1211 4631 1275 4671 ex
1318 4618 1433 4689 lege
1480 4630 1692 4678 naturae
1742 4626 1938 4682 similia
1979 4645 2043 4684 ex

461 4698 732 4769 similibus
773 4704 1077 4759 secundum
1128 4711 1532 4775 successionem
1582 4728 1962 4784 procreentur,
1990 4720 2045 4777 in

462 4791 697 4848 Domino
767 4811 897 4851 vero
943 4797 1223 4855 unitarnm
1270 4812 1619 4873 naturarum,
1655 4809 1771 4864 hate
1822 4812 2042 4879 quidem

461 4884 582 4937 sine
628 4885 897 4957 principio
960 4897 1044 4944 est
1090 4898 1145 4944 et
1186 4901 1315 4947 ante
1373 4909 1537 4952 omne
1589 4907 1831 4970 tempus,
1875 4904 2045 4959 altera

459 4970 787 5043 principium
835 4976 1014 5043 habet,
1072 4986 1127 5032 et
1176 4980 1279 5034 sub
1312 4990 1556 5052 tempore
1590 4995 1702 5052 est;
1747 5002 1921 5057 neque
1964 4988 2045 5045 fa-

459 5074 560 5120 cta:
597 5078 727 5121 sunt
754 5068 969 5138 species
1018 5071 1089 5127 ad
1128 5074 1581 5141 complementum
1617 5081 1891 5150 universi,
1920 5101 2043 5138 cum

461 5159 757 5213 cessaverit
799 5160 944 5216 Dens
977 5165 1044 5218 ab
1064 5166 1323 5234 operibus
1355 5169 1471 5222 suis
1519 5170 1607 5224 die
1650 5176 1915 5242 septimo;
1948 5191 2045 5231 ne-

459 5266 568 5318 que
623 5252 946 5305 naturaliter
991 5254 1321 5323 ﬂoruerunt,
1360 5268 1454 5313 aut
1496 5271 1705 5316 natura:
1757 5264 1856 5335 legi
1916 5267 2046 5321 sub-

459 5340 690 5407 duntur,
724 5352 837 5397 uta
867 5344 1087 5401 Christo
1138 5358 1487 5419 generentur,
1518 5364 1573 5406 et
1623 5357 1860 5424 speciem
1909 5372 2043 5413 eun-

458 5433 691 5489 stituant
728 5433 1099 5507 Christorum,
1133 5441 1431 5497 multarum
1474 5446 1846 5515 hypostaseon
1879 5465 2042 5520 capa-

458 5542 601 5592 cem,
637 5529 730 5584 sed
767 5547 931 5586 unam
971 5534 1305 5605 hypostasim
1335 5531 1695 5609 compositam
1730 5555 1792 5594 ex
1831 5541 2042 5598 duabus

466 5621 701 5687 naturis,
762 5631 816 5679 et
864 5623 917 5678 in
969 5626 1183 5683 duabus
1239 5630 1472 5694 naturis,
1524 5640 1579 5687 et
1630 5632 1767 5687 duas
1818 5642 2044 5691 naturas

462 5714 774 5781 habentem,
806 5732 1135 5789 quacunque
1184 5729 1377 5776 natura
1425 5734 1546 5792 post
1578 5723 1833 5780 unionem
1857 5766 1873 5789 ,
1912 5742 2041 5797 pro-

461 5806 635 5875 priam
667 5807 1063 5880 deﬁnitionem,
1101 5822 1154 5870 et
1192 5814 1385 5886 legem.
1416 5826 1469 5871 et
1509 5826 1752 5873 mutuam
1783 5818 2035 5876 iliﬂeren‘

2150 4610 2343 4680 φύσιν·
2381 4610 2670 4681 ἀμφότερα
2708 4610 2766 4664 δὲ
2821 4609 2922 4681 τῆς
2955 4609 3064 4663 τῶν
3116 4610 3464 4681 Χριστιανῶν
3499 4611 3739 4673 πίστεως

2147 4704 2421 4775 ἀλλότρια.
2456 4702 2545 4758 ια’.
2580 4702 2727 4757 Ἔτι·
2765 4705 2828 4757 Εἰ
2886 4704 3016 4773 μιᾶς
3048 4702 3265 4770 φύσεως
3311 4703 3404 4757 τὸν
3446 4702 3733 4775 ἄνθρωπον

2146 4796 2275 4850 ὄντα
2289 4796 2358 4851 τὰ
2392 4795 2532 4867 μέρη
2564 4796 2681 4866 ἅμα
2708 4796 2772 4847 ὲκ
2797 4795 2894 4849 τοῦ
2931 4794 3007 4866 μὴ
3038 4794 3192 4859 ὄντος
3212 4796 3295 4859 είς
3326 4794 3388 4848 τὸ
3419 4790 3558 4849 εἶναι
3591 4810 3729 4861 παρ-

2146 4888 2371 4957 αγαγὼν
2422 4887 2623 4960 ἔσχηκε
2659 4888 2796 4959 πρὸς
2828 4888 3226 4957 συμπλήρωσιν
3257 4886 3350 4939 τοῦ
3391 4887 3611 4953 παντὸς,
3636 4885 3730 4939 καὶ

2145 4980 2368 5034 δυνατὸν
2394 4980 2462 5034 τὰ
2488 4979 2768 5051 όμόχρονα
2793 4979 2923 5049 μίαν
2954 4976 3116 5048 φύσιν
3140 4978 3425 5032 ἀποτελεῖν
3459 4979 3735 5043 σύνθετον,

2144 5073 2386 5129 τοιοῦτον
2410 5073 2535 5147 ὅρον
2563 5076 2659 5129 καὶ
2681 5072 2911 5145 φυσικὸν
2926 5074 3093 5145 νόμον
3116 5074 3266 5144 παρά
3282 5072 3375 5126 τοῦ
3390 5070 3739 5150 Δημιουργοῦ

2147 5168 2434 5239 δεχόμενα,
2493 5167 2636 5221 ὥστε
2664 5167 2882 5236 φύσεως
2932 5166 3084 5237 νόμῳ
3119 5165 3260 5219 κατὰ
3291 5165 3546 5235 διαδοχὴν
3572 5165 3738 5235 ὅμοια

2147 5258 2207 5322 ἐξ
2226 5259 2425 5329 ὁμοίων
2455 5257 2705 5327 γενέσθαι
2730 5276 2744 5289 ·
2777 5260 2869 5310 ἐπὶ
2899 5257 2957 5311 δὲ
2989 5257 3084 5310 τοῦ
3114 5257 3319 5325 Κυρίου
3377 5257 3488 5310 τῶν
3517 5255 3739 5311 ἐνωθεις

2148 5351 2255 5405 σῶν
2278 5350 2494 5418 φύσεων
2547 5353 2580 5420 ἠ
2632 5351 2731 5421 μὲν
2779 5350 3015 5421 ἄναρχός
3045 5350 3161 5402 ἐστι
3200 5349 3293 5401 καὶ
3328 5347 3577 5419 ἄχρονος,
3609 5351 3641 5418 ἡ
3678 5349 3739 5403 δὲ

2145 5443 2397 5515 ἠργμένη
2424 5443 2519 5497 καὶ
2548 5444 2651 5495 ὑπὸ
2672 5443 2886 5514 χρόνον,
2905 5445 3000 5495 καὶ
3028 5445 3090 5495 οὐ
3118 5441 3409 5511 γεγόνασιν
3430 5437 3569 5505 εἶδος
3598 5442 3740 5513 πρὸς

2146 5535 2541 5607 συμπλήρωσιν
2610 5535 2705 5589 τοῦ
2759 5534 3002 5599 παντός·
3039 5536 3166 5589 ἐπεὶ
3212 5533 3275 5587 οὐ
3330 5534 3742 5589 κατέπαυσενό

2144 5628 2279 5694 Θεὸς
2328 5629 2436 5682 ἀπὸ
2466 5628 2578 5683 τῶν
2629 5628 2807 5699 ἔργων
2856 5626 3027 5701 αιδτοῦ
3068 5630 3134 5699 τῇ
3172 5625 3354 5698 ἡμέρᾳ
3386 5628 3450 5697 τῇ
3505 5624 3734 5697 ὲὸδὸμῃ,

2144 5722 2269 5777 οὔτε
2297 5722 2541 5793 φυσικῶς
2571 5722 2833 5794 ἤνθησαν,
2863 5722 2902 5794 ἦ
2926 5722 3030 5777 ὑπὸ
3056 5720 3274 5791 φύσεως
3309 5721 3435 5792 ὅρον
3463 5718 3733 5781 τελοῦσιν,

2146 5814 2286 5897 dine
2316 5815 2430 5871 ἀπὸ
2456 5814 2691 5885 Χριστοῦ
2720 5814 3035 5895 γεννᾶσθαι,
3059 5814 3153 5870 καὶ
3184 5807 3322 5877 εἶδος
3354 5807 3734 5868 ἀποτελεῖσθαι
