4098 6316
397 424 508 493 64⁸1

1657 419 1970 482 NICETIE.
1985 417 2396 479 BYZANTINI

3573 422 3684 488 648

398 537 692 606 mistionem
709 533 930 589 dicimus
960 534 1014 588 in
1044 533 1245 590 Christi
1276 534 1505 598 naturis,
1537 532 1986 604 quemadmodum

2106 531 2232 601 asta
2270 529 2512 602 βραχέα⁶
2570 528 2714 584 Ἐὰν
2743 526 2852 600 γὰρ
2892 529 3066 600 ἡμεῖς
3097 533 3490 603 πεφυρμένην
3525 539 3693 605 μίξιν

397 645 539 698 aqua
586 635 637 682 et
669 629 850 682 vinum
887 627 1145 697 permista
1193 627 1409 682 omnino
1462 625 1687 695 confusa
1732 631 1888 690 sunt;
1916 621 1995 678 vel

399 730 453 774 ut
505 721 559 775 in
611 721 923 791 conﬂatorio
980 719 1114 790 ignis
1165 736 1379 783 aurum,
1442 728 1492 773 et
1543 725 1819 788 argentum
1871 716 1994 785 fusa

397 813 603 881 penitus
641 810 1068 879 confunduntur,
1100 826 1201 864 non
1232 809 1511 864 dissideret
1541 807 1754 861 omnino
1790 808 1854 860 ab
1886 806 1991 870 his,

397 915 516 970 qua:
556 901 804 954 dicimus.
849 898 911 954 Si
965 915 1082 953 vero
1148 900 1211 953 ab
1266 899 1349 952 his
1403 897 1824 968 disjunctissima
1877 905 1988 960 est,

393 1010 557 1064 quam
589 1009 683 1046 nos
713 1008 960 1045 vocamus
991 992 1286 1046 mixtionem
1322 989 1474 1044 Verbi
1497 989 1592 1043 Dei
1623 987 1755 1042 cum
1777 989 1992 1058 proprio

395 1102 634 1156 corpore,
668 1085 1112 1158 quemadmodum
1143 1085 1318 1138 lumen
1339 1097 1469 1136 'cum
1501 1082 1676 1145 radio,
1708 1082 1814 1136 sive
1852 1079 1992 1151 ignis

395 1195 515 1232 cum
572 1194 726 1244 auro,
769 1178 877 1232 sive
910 1177 1130 1247 spiritus
1190 1191 1310 1229 cum
1363 1189 1580 1242 corpore
1630 1173 1771 1227 citra
1823 1171 1991 1223 ullam

396 1269 818 1324 immutationem
873 1277 923 1322 et
986 1268 1412 1338 reparationem,
1476 1265 1740 1319 immerito
1821 1263 1989 1334 igitur

399 1364 550 1417 nobis
585 1364 818 1418 convitia
859 1363 1123 1432 ingeritis,
1147 1361 1426 1431 justitiam
1461 1351 1848 1424 conculca'nlcs,
1883 1365 1989 1411 etc.

401 1456 466 1509 Et
496 1454 563 1508 ad
618 1453 760 1511 hanc
795 1463 1114 1510 naturarum
1153 1454 1414 1509 unionem
1469 1449 1819 1506 inconfusam
1861 1464 1994 1502 con-

399 1545 806 1612 stabiliendum,
841 1545 1164 1615 Gregorium
1192 1545 1233 1599 Τ
1242 1545 1531 1615 beologum
1593 1550 1647 1597 et
1678 1551 1989 1597 consortem

401 1639 571 1703 illius,
602 1638 1046 1710 concordemque
1072 1639 1237 1693 alium
1273 1637 1748 1703 Thaumaturqum
1787 1634 1994 1704 Grego-

400 1731 544 1786 rium
591 1731 644 1787 id
702 1731 850 1786 idem
894 1742 1234 1787 asserentem
1284 1730 1528 1785 adducis.
1565 1727 1631 1783 Et
1671 1742 1770 1783 nos
1803 1728 1857 1782 in
1891 1727 1993 1782 hoc

402 1824 521 1880 solo
575 1825 955 1880 convenimus.
993 1822 1086 1879 Sic
1125 1822 1325 1879 videris
1375 1822 1595 1894 quidem
1654 1820 1994 1876 criminatio-

2100 625 2369 696 λέγωμεν
2389 627 2478 691 εἰς
2515 624 2621 690 τὰς
2649 623 2758 678 τοῦ
2805 623 3064 694 Χριστοῦ
3106 626 3325 695 φύσεις
3345 668 3360 691 ,
3390 626 3596 699 ὥσπερ
3623 634 3690 686 τὸ

2101 719 2260 788 ὕδωρ
2293 718 2442 790 μετὰ
2469 718 2576 772 τοῦ
2604 718 2776 772 οτνου
2797 718 3047 788 μιγέντα
3077 718 3310 784 πάντως
3339 719 3428 775 ὅτι
3462 740 3694 793 πεφυρ-

2097 798 2272 880 μέναι
2320 809 2512 874 εἰσὶν,
2570 808 2607 877 ἢ
2646 808 2850 879 ὥσπερ
2893 808 2992 862 ἐπὶ
3042 813 3448 879 χωνευτηρίου
3503 814 3695 880 πατρὸς

2100 902 2334 972 χρυσὸς
2381 901 2536 970 λέγω
2587 902 2685 954 καὶ
2721 901 2960 969 ἄσημος
2998 903 3402 971 χωνευόμενοι
3452 908 3694 973 πάντως

2098 990 2200 1043 καὶ
2242 991 2558 1059 φύρονται,
2597 986 2764 1058 εἶχεν
2793 989 2870 1042 ἂν
2917 990 3237 1059 ὁμοιότητα
3283 985 3372 1044 ὧν
3413 993 3691 1062 λέγομεν.

2099 1086 2170 1138 Et
2189 1083 2258 1136 δὲ
2283 1084 2507 1150 ἔξωθεν
2531 1084 2757 1137 τούτων
2774 1082 2965 1148 ἐστὶν,
2998 1080 3077 1150 ἢν
3098 1082 3368 1155 λέγωμεν
3386 1086 3558 1154 μίξιν
3585 1088 3693 1142 τοῦ

2099 1177 2295 1246 Λόγου
2327 1175 2434 1229 τοῦ
2471 1175 2621 1230 Θεοῦ
2656 1175 2808 1246 μετὰ
2834 1174 2941 1230 τοῦ
2967 1175 3125 1230 ίὸίου
3157 1176 3457 1247 σώματος,
3487 1178 3694 1251 ὥσπερ

2098 1266 2226 1338 φῶς
2255 1267 2414 1339 μετὰ
2450 1268 2563 1337 τῆς
2596 1267 2864 1334 ἀκτῖνος,
2927 1268 3047 1322 εἴτε
3077 1268 3199 1337 πῦρ
3222 1273 3375 1340 μετὰ
3413 1273 3520 1326 τοῦ
3549 1291 3695 1342 χρυο

2096 1364 2253 1430 σοῦ,
2289 1363 2327 1432 ἣ
2369 1364 2607 1432 πνεῦμα
2667 1363 2819 1432 μετὰ
2863 1363 2970 1416 τοῦ
3016 1362 3290 1433 σώματος
3339 1366 3695 1435 ἀπαραλλὰ-

2099 1473 2255 1522 κτως
2269 1456 2366 1510 καὶ
2390 1455 2739 1525 ἀχωρίστως
2762 1493 2777 1518 ,
2813 1453 3032 1510 λοιπὸν
3053 1454 3274 1523 ἀδίκως
3299 1455 3457 1525 ἡμᾶς
3486 1458 3691 1512 λοιδο-

2091 1548 2273 1616 pairs,
2321 1547 2811 1612 καταπατοῦντες
2857 1545 2974 1615 τὴν
3013 1545 3434 1614 δικαιοσύνην,
3488 1550 3578 1600 καὶ
3622 1550 3692 1602 τὰ

2098 1638 2246 1710 ἑξῆς.
2299 1639 2408 1692 Kal
2455 1637 2785 1692 ὲπιϐεῢαιῶν
2814 1637 2912 1709 τὴν
2955 1637 3259 1709 ἀσύγχυτον
3305 1639 3413 1692 τῶν
3469 1639 3689 1709 φύσεων

2099 1731 2315 1794 ἕνωσιν,
2346 1731 2757 1802 προκεκόμικας
2792 1728 3090 1800 Γρηγόριον
3130 1729 3219 1782 τὸν
3245 1728 3502 1797 Θεολόγον
3526 1729 3687 1785 τοῦτο

2101 1822 2236 1876 αὐτὸ
2284 1823 2564 1891 φάσκοντα
2589 1862 2603 1889 ,
2638 1823 2732 1876 καὶ
2770 1822 2863 1877 τὸν
2895 1823 3143 1894 ὁμοταγῆ
3190 1822 3354 1877 αὑτοῦ
3407 1826 3501 1877 καὶ
3547 1823 3682 1894 ί,μὸ-

403 1931 526 1970 nem
586 1915 848 1986 eﬂ’ugere,
879 1916 1025 1986 quod
1055 1916 1338 1972 existimes
1379 1916 1548 1972 unius
1591 1926 1803 1972 natura;
1829 1916 1989 1971 unio-

2106 1931 2271 1982 φρονα
2335 1915 2636 1987 Γρηγόριον
2699 1914 2792 1968 τὸν
2844 1913 3296 1986 Θαυματουργόν.
3351 1916 3530 1987 Ὀπερ
3574 1915 3688 1976 ,καὶ

403 2025 526 2062 nem
572 2010 625 2063 in
667 2008 888 2064 Christo
919 2009 1128 2080 absque
1153 2008 1480 2065 confusione
1547 2008 1719 2064 fuisse
1767 2008 1988 2073 factam,

401 2116 567 2170 «manu
615 2111 667 2156 et
702 2101 995 2172 proﬁteris.
1024 2101 1130 2156 Per
1160 2117 1223 2158 ea
1261 2104 1444 2174 itaque
1477 2119 1598 2174 quae
1631 2103 1747 2173 ipse
1768 2105 1994 2158 conﬁte—

403 2195 480 2249 iis
514 2204 567 2250 et
615 2195 833 2262 scribis,
879 2203 1087 2250 tantum
1114 2196 1289 2261 abest,
1341 2204 1400 2251 ut
1428 2196 1671 2252 maculas
1705 2209 1994 2266 natasque

403 2287 627 2353 evadas,
718 2296 780 2342 ut
867 2288 1049 2357 potius
1131 2291 1240 2344 tuis
1342 2288 1456 2360 ipse
1534 2289 1637 2344 alis
1736 2289 1992 2359 capiaris.

404 2379 562 2444 Quod
627 2394 693 2434 ex
757 2379 844 2435 bis
925 2389 1175 2451 apertum
1259 2379 1722 2450 manifestumque
1809 2380 1992 2436 fuerit.

407 2472 585 2526 Omne
614 2473 984 2543 compositum
1011 2488 1176 2528 unam
1208 2480 1460 2528 naturam
1491 2471 1731 2528 efﬁciens
1749 2487 1814 2528 ex
1843 2487 1998 2527 com-

408 2565 677 2633 positione
701 2606 715 2630 ,
778 2574 875 2620 aut
931 2566 1271 2621 immistione
1294 2605 1311 2633 ,
1367 2575 1462 2622 aut
1513 2565 1840 2621 confusione
1864 2606 1878 2629 ,
1902 2575 1999 2620 aut

407 2658 610 2713 unione
659 2657 950 2714 inconfusa
1001 2657 1138 2714 elﬁci
1197 2651 1434 2714 dicimus
1482 2701 1493 2714 .
1543 2660 1909 2726 immistione,
1940 2668 2000 2715 ut

407 2758 655 2800 nosnum
689 2762 913 2817 corpus,
939 2756 992 2803 et
1022 2748 1127 2803 alia
1155 2764 1377 2819 quoque
1424 2751 1659 2818 ratione,
1688 2751 1780 2806 sed
1815 2750 1999 2819 'potis-

401 2839 631 2902 simum,
681 2838 829 2908 quod
879 2854 939 2893 ex
978 2851 1214 2909 quatuor
1260 2841 1548 2897 elementis
1608 2857 1778 2897 unum
1832 2843 1997 2914 quid,

407 2931 682 3002 uniusque
723 2943 932 2987 natura
973 2932 1250 3000 effectum,
1284 2941 1338 2989 et
1408 2935 1816 3006 corruptionem
1869 2950 1997 3006 par-

409 3024 576 3089 tibus,
604 3036 728 3093 quae
757 3037 1136 3080 convenerunt
1161 3027 1217 3080 in
1253 3027 1466 3082 unione
1481 3027 1659 3097 passis
1691 3028 1793 3082 hoc
1826 3036 1998 3082 totum

407 3117 768 3170 constitutum
829 3125 948 3183 est;
1007 3132 1129 3188 quae
1183 3133 1358 3188 neque
1423 3119 1650 3174 onmino
1704 3134 1734 3173 a
1780 3120 2000 3190 propria

407 3216 640 3274 natura,
695 3222 821 3262 cum
878 3209 1254 3277 conveniunt,
1302 3212 1566 3267 recedunt
1621 3231 1637 3266 :
1699 3222 1812 3267 tum
1852 3212 1999 3267 enim

2097 2007 2257 2077 ἡμεῖς
2290 2008 2346 2060 ὲν
2376 2007 2550 2079 τούτῳ
2609 2006 3013 2078 συμφωνοῦμεν
3053 2006 3235 2077 μόνον.
3263 2007 3356 2060 Διὸ
3381 2007 3560 2072 δοκεῖς
3591 2008 3693 2077 μὲν

2095 2096 2376 2169 διαδρᾶναι
2398 2101 2526 2163 τοὺς
2553 2099 2841 2169 ἐλέγχους,
2867 2097 2932 2152 δι’
2957 2091 3034 2152 ὧν
3062 2099 3164 2153 οίει
3184 2098 3283 2168 τῆς
3313 2099 3445 2170 μιᾶς
3475 2100 3694 2170 φύσεως

2095 2191 2196 2262 τὴν
2227 2191 2423 2243 ἕνωσιν
2461 2192 2561 2262 τὴν
2594 2193 2688 2245 ἐπὶ
2722 2190 2960 2261 Χριστοῦ
3005 2189 3138 2244 ἄνευ
3179 2190 3497 2262 συγχύσεως
3524 2208 3690 2261 γεγε-

2098 2282 2311 2354 νῆσθαι,
2348 2283 2414 2353 ἣν
2447 2284 2540 2336 καὶ
2568 2284 2875 2355 ὁμολογεῖς,
2908 2283 3006 2355 οὐχ
3039 2283 3243 2353 ἥκιστα
3272 2283 3328 2337 δὲ
3361 2283 3428 2337 δι’
3455 2278 3530 2337 ὧν
3555 2285 3695 2354 γρά-

2098 2395 2220 2450 φεις
2248 2378 2375 2440 τοὺς
2401 2378 2662 2448 ἐλέγχους
2703 2377 2948 2449 ἑκφεύγῃ
2973 2419 2988 2444 ,
3024 2375 3226 2447 μᾶλλον
3252 2375 3310 2431 δὲ
3340 2379 3455 2442 τοῖς
3485 2377 3688 2432 ἑαυτοῦ

2099 2473 2327 2542 πτεροῖς
2375 2471 2680 2544 φωραθήσῃ
2731 2469 3113 2542 ἁλισκόμενος.
3155 2469 3268 2524 Καὶ
3325 2469 3485 2524 τοῦτο
3533 2471 3695 2542 δῆλον

2099 2562 2371 2618 ἐντεῦθεν·
2413 2563 2530 2616 Πᾶν
2560 2562 2621 2615 τὸ
2648 2561 3032 2631 συντιθέμενον
3057 2559 3189 2632 μίαν
3211 2560 3372 2630 φύσιν
3397 2562 3697 2618 ἀποτελοῦν
3758 2592 3760 2595 τ

2101 2657 2166 2710 ἐκ
2191 2658 2290 2729 τῆς
2319 2656 2626 2736 συνθέσεως
2647 2696 2662 2723 ,
2692 2657 2725 2729 ἧ
2751 2656 2892 2711 κατὰ
2918 2657 3138 2728 κρᾶσιν.
3170 2655 3287 2728 ἢτοι
3318 2659 3460 2711 κατὰ
3485 2656 3694 2728 σύγχυ-

2102 2765 2187 2802 σιν
2211 2748 2369 2802 τοῦτο
2405 2748 2659 2818 φαίνεται
2702 2749 3012 2818 γινόμενον,
3042 2751 3076 2822 ἢ
3127 2749 3248 2804 καθ’
3280 2753 3476 2806 ἕνωσιν
3518 2751 3694 2821 ἀσύγ-

2100 2857 2281 2912 χυτον.
2327 2842 2437 2895 Καὶ
2478 2841 2620 2894 κατὰ
2653 2841 2850 2912 κρᾶσιν
2892 2843 3016 2913 μὲν,
3047 2839 3162 2901 οἷον
3201 2845 3271 2900 τὰ
3315 2847 3562 2916 ἡμέτερα
3590 2844 3697 2898 σὼ·

2105 2950 2273 3006 ματα.
2304 2934 2416 2988 Καὶ
2443 2933 2571 2987 ἄλλο
2599 2936 2681 2988 ὅτι
2707 2934 2804 2989 καὶ
2849 2936 3102 2991 πλεῖστον
3132 2941 3197 2993 ὲκ
3231 2938 3518 3009 τεσσάρων
3549 2955 3691 2992 στοι-

2103 3025 2266 3098 χείων
2296 3025 2356 3080 ἓν
2401 3043 2456 3079 τι
2499 3026 2592 3080 καὶ
2626 3027 2755 3096 μιᾶς
2784 3027 3001 3096 φύσεως
3045 3028 3504 3099 ἀποτελούμενον,
3553 3030 3691 3099 σύμ-

2104 3119 2341 3191 φθαρσιν
2380 3119 2489 3174 τῶν
2528 3120 2895 3175 συνελθόντων
2935 3120 3119 3194 μερῶν
3162 3122 3222 3176 ἐν
3264 3124 3332 3194 τῇ
3375 3121 3569 3176 ὲνὼσει
3596 3139 3700 3174 πε-

2104 3210 2400 3274 πονθότων,
2456 3211 2517 3264 τὸ
2558 3211 2678 3266 ὅλον
2725 3211 3079 3283 συνέστηκεν,
3125 3213 3162 3269 ἃ
3202 3211 3328 3267 οὔτε
3375 3215 3553 3284 πάντη
3598 3215 3701 3285 τῆς

409 3299 764 3370 compositio,
824 3315 949 3370 qua:
987 3313 1384 3371 convenerunt,
1439 3304 1675 3374 partium
1723 3306 1888 3370 unio,
1953 3305 2001 3360 si

2106 3304 2310 3369 οἰκείας
2353 3302 2570 3372 φῠσεως
2611 3307 2668 3360 ὲν
2707 3304 2784 3375 τῷ
2832 3274 3110 3362 συνελθείν
3158 3305 3275 3378 ἅμα
3307 3274 3619 3379 ἐξέστηκεν·

407 3393 627 3460 penitus
673 3406 1124 3463 corrumpantur,
1155 3396 1353 3450 merito
1400 3412 1507 3451 non
1551 3399 1858 3463 vocabitur,
1910 3399 2006 3454 sed

408 3481 462 3535 in
501 3484 689 3551 aliquo
728 3485 1029 3555 corrumpi,
1070 3485 1122 3541 in
1157 3487 1342 3558 aliquo
1385 3492 1698 3545 conservari
1733 3491 2005 3546 videbun-

408 3586 516 3630 tur.
553 3575 710 3640 Quod
738 3592 870 3632 vero
907 3592 976 3632 ex
1007 3579 1158 3635 bisce
1191 3588 1363 3636 totum
1405 3582 1464 3638 lit
1503 3598 1565 3639 ex
1640 3594 1719 3639 tot
1757 3586 2004 3655 quidem.

409 3682 533 3737 quae
581 3677 978 3736 convenerunt,
1024 3671 1248 3738 dicitur,
1284 3674 1340 3728 in
1388 3675 1498 3732 illis
1566 3693 1697 3732 vero
1733 3679 2010 3749 tantisque

410 3773 535 3827 quae
569 3767 694 3812 actu
742 3759 891 3813 nulla
924 3772 1077 3828 sunt,
1112 3767 1330 3835 proprie
1370 3782 1478 3821 non
1522 3767 1796 3834 dicentur,
1822 3769 1924 3824 nisi
1959 3768 2009 3824 id

409 3851 616 3921 aliquis
675 3853 880 3909 virtute
927 3855 1093 3911 dicat.
1128 3855 1193 3912 Et
1225 3869 1475 3916 nostrum
1505 3876 1728 3930 corpus,
1760 3870 1818 3917 ut
1847 3873 2008 3917 antea

409 3945 674 4007 diximus,
704 3959 770 3999 ex
803 3957 1048 4015 quatuor
1073 3948 1361 4006 elementis
1383 3952 1887 4021 pcrimmistionem
1917 3960 2011 4008 aut

408 4036 792 4092 confusionem
828 4038 1054 4105 factum,
1098 4055 1165 4095 ex
1199 4054 1440 4111 quatuor
1468 4044 1688 4115 quidem
1727 4060 1848 4101 esse
1875 4045 2012 4101 dici-

418 4138 529 4195 tur,
565 4131 619 4183 in
667 4141 910 4202 quatuor
961 4143 1168 4200 autem,
1198 4145 1292 4190 aut
1349 4145 1590 4206 quatuor
1636 4139 1836 4193 virtute
1867 4153 2008 4204 esse,

413 4236 701 4288 nunquam
734 4237 866 4280 vero
909 4233 1036 4280 Ictu
1087 4225 1322 4282 dicetur.
1367 4227 1472 4284 Sed
1537 4245 1738 4301 corpus
1795 4245 2013 4302 quoque

412 4315 540 4370 licet
565 4325 840 4371 asseratur
860 4317 1060 4374 habere
1088 4329 1322 4390 quatuor
1346 4322 1636 4390 elementa,
1672 4325 1820 4379 nullo
1851 4325 2012 4380 modo

413 4404 594 4472 ipsum
645 4406 892 4475 ejusdem
947 4417 1160 4463 natura:
1212 4419 1266 4464 et
1316 4411 1572 4467 essentia:
1636 4427 1762 4467 cum
1818 4413 1906 4479 iis,
1943 4429 2007 4468 ex

413 4497 616 4565 quibus
640 4501 1007 4569 compositum
1039 4509 1146 4566 est,
1179 4501 1393 4573 dicetur
1425 4519 1443 4560 :
1474 4504 1623 4576 quod
1662 4504 1813 4559 nullo
1842 4507 2008 4561 modo

2107 3395 2214 3469 γὰρ
2255 3397 2322 3450 ἂν
2351 3396 2471 3450 οὐδὲ
2496 3395 2746 3462 σύνθεσις
2776 3399 2811 3467 ἡ
2840 3396 3037 3461 ἓνωσις
3063 3399 3172 3452 τῶν
3202 3398 3567 3454 συνελθόντων
3597 3417 3698 3471 με·

2109 3489 2219 3559 ρῶν
2267 3489 2443 3562 πάντη
2496 3488 2872 3562 φθειρομένων
2912 3491 3138 3558 δικαίως
3187 3490 3255 3547 ἄν
3301 3493 3395 3545 καὶ
3436 3492 3704 3564 κληθείη,

2107 3580 2222 3634 ἀλλ’
2261 3580 2352 3634 ὲπί
2381 3598 2435 3634 τι
2467 3582 2566 3652 μὲν
2593 3580 2738 3649 δόξει
2792 3580 3132 3654 φθείρεσθαι,
3157 3583 3249 3636 tut
3273 3600 3327 3637 τι
3352 3583 3410 3638 δὲ
3439 3583 3706 3655 φυλάττε-

2110 3673 2256 3727 σθαι.
2288 3675 2360 3726 Τὸ
2391 3673 2447 3727 δὲ
2494 3675 2558 3726 ὲκ
2590 3674 2761 3730 τῶνδε
2807 3675 2930 3730 ὅλον
2953 3666 3243 3748 γινόμενον
3285 3678 3353 3731 ὲκ
3396 3679 3571 3733 τόσων
3601 3679 3703 3750 μὲν

2107 3766 2215 3822 τῶν
2243 3765 2605 3821 συνελθόντων
2627 3767 2870 3839 λέγεται,
2896 3768 2955 3823 ὲν
2978 3769 3212 3834 ἐκείνοις
3240 3769 3318 3834 δὲ,
3344 3770 3378 3842 ἢ
3401 3771 3582 3834 τόσοις
3609 3771 3699 3824 οὗ-

2107 3857 2296 3930 δαμῶς
2341 3859 2594 3930 ἐνεργείᾳ
2632 3859 2753 3915 οὖσι
2785 3861 2994 3933 κυρίως
3036 3860 3369 3934 ῥηθήσεται,
3410 3862 3461 3914 εἰ
3505 3861 3580 3931 μή
3613 3876 3697 3924 τις

2109 3950 2271 4005 τοῦτο
2315 3951 2543 4022 δυνάμει
2591 3950 2759 4007 εἴποι.
2809 3955 2920 4008 Kal
2965 3952 3028 4007 τὸ
3065 3954 3333 4026 ἡμέτερον
3381 3951 3576 4021 σῶμα,
3617 3949 3693 4014 ὡς

2111 4043 2454 4114 προέφημεν,
2507 4043 2572 4097 ὲκ
2613 4045 2899 4118 τεσσάρων
2949 4045 3228 4118 στοιχείων
3279 4042 3422 4098 κατὰ
3474 4045 3696 4115 κρᾶσιν,

2110 4134 2231 4206 ἤτοι
2276 4135 2420 4190 κατὰ
2468 4136 2731 4206 σύγχυσιν
2780 4136 3096 4207 γενόμενον,
3148 4137 3214 4192 ἐκ
3261 4135 3546 4208 τεσσάρων
3599 4133 3700 4206 μὲν

2109 4223 2252 4282 εἶναι
2279 4227 2498 4299 λέγεται
2518 4267 2536 4293 ,
2562 4230 2621 4284 ἒν
2663 4229 2890 4300 τέτρασι
2923 4229 2981 4284 δὲ
2999 4270 3015 4297 ,
3046 4229 3080 4303 ἢ
3108 4229 3351 4300 τέσσαρα
3373 4226 3514 4287 εἶναι
3542 4228 3703 4283 δυνά-

2116 4339 2206 4392 μει
2234 4321 2594 4394 λεχθήσεται,
2625 4321 2878 4394 ἐνεργείᾳ
2906 4322 2962 4375 δὲ
2987 4324 3088 4377 οὐκ
3112 4323 3180 4377 ἂν
3212 4321 3429 4395 ῥηθείη,
3461 4323 3558 4376 καὶ
3578 4321 3703 4375 οὔτε

2112 4414 2174 4468 τὸ
2196 4413 2376 4483 σῶμα,
2410 4415 2459 4468 εί
2489 4415 2584 4468 καὶ
2607 4413 2827 4483 λέγεται
2853 4415 2998 4486 ἒχειν
3023 4415 3265 4488 τέσσαρα
3300 4418 3562 4486 στοιχεῖα·
3588 4414 3705 4468 ἀλλ’

2113 4505 2365 4580 οὐδαμῶς
2394 4506 2518 4561 οὔτε
2547 4507 2682 4562 αὐτὸ
2723 4508 2967 4581 δμοφυὲς
3005 4509 3100 4562 καὶ
3139 4507 3427 4579 ὁμοούσιον
3474 4508 3610 4578 πρὸς
3637 4506 3709 4562 τὰ

419 4591 603 4642 totum'
627 4592 1071 4648 convenientium
1105 4595 1343 4664 partium
1371 4595 1426 4650 in
1458 4599 1879 4670 compositione.
1914 4614 2001 4655 ne-

2113 4603 2173 4670 ὲξ
2198 4596 2273 4658 ὧν
2312 4603 2570 4675 συνετέθη
2605 4603 2942 4675 ῥηθήσεται,
2977 4604 3067 4658 διὰ
3113 4604 3174 4657 τὸ
3199 4602 3466 4675 μηδαμῶς
3496 4601 3557 4655 τὸ
3587 4601 3706 4655 ὅλον

416 4695 524 4748 que
576 4681 834 4748 nomina,
888 4698 1068 4756 neque
1110 4701 1297 4740 earum
1346 4687 1693 4743 deﬁnitiones
1743 4689 2006 4746 obtineat.

417 4773 676 4842 Quinimo
729 4790 905 4846 neque
959 4779 1260 4848 singularia
1289 4779 1656 4837 humanorum
1692 4797 2008 4853 corporum,

417 4883 541 4939 quae
565 4869 670 4924 sub
699 4871 1029 4927 universalia
1059 4873 1330 4928 elementa
1363 4874 1727 4938 reducuntur,
1765 4875 2008 4946 ejusdem

418 4965 676 5018 essentia:
737 4973 833 5019 aut
882 4976 1090 5022 naturae
1116 4967 1391 5023 dicentur.
1431 4966 1588 5036 Quod
1627 4970 1672 5024 si
1720 4985 1816 5041 per
1849 4971 2010 5025 unio-

421 5069 546 5110 nem
610 5057 955 5114 inconfusam
1014 5078 1206 5118 rursus
1244 5065 1609 5134 compositum
1663 5080 1770 5119 una
1815 5075 2010 5119 natura

423 5148 502 5215 fit,
534 5158 593 5204 ut
649 5150 812 5206 homo
841 5170 856 5206 :
889 5154 998 5208 duo
1030 5155 1230 5210 etenim
1276 5158 1668 5213 concurrentia
1697 5158 1845 5213 citra
1873 5173 2010 5213 con-

421 5241 693 5297 fusionem
736 5259 966 5314 corpus,
1026 5254 1081 5300 et
1133 5248 1314 5302 anima
1362 5255 1537 5303 totum
1586 5251 2010 5306 constituerunt.

422 5333 528 5390 Sed
574 5337 676 5393 hoc
707 5339 928 5408 quidem
970 5340 1244 5395 diversam
1285 5342 1544 5398 unionem
1572 5343 1798 5408 habens,
1831 5343 2013 5397 diver-

418 5438 544 5477 sum
577 5439 796 5496 quoque
824 5427 1044 5482 unionis
1078 5431 1297 5485 modum
1322 5429 1580 5498 possidet.
1619 5431 1695 5486 Ex
1727 5440 1804 5486 tot
1839 5431 2011 5498 enim,

421 5530 651 5587 corpore
685 5533 880 5589 nempe
913 5528 966 5574 et
1003 5521 1206 5587 anima,
1233 5531 1286 5577 et
1321 5522 1374 5576 iu
1408 5531 1484 5578 tot
1525 5538 1648 5579 esse
1671 5523 1793 5594 jure
1821 5524 2014 5579 merito

421 5609 656 5677 dicetur,
700 5625 827 5666 cum
862 5620 918 5666 et
948 5626 1046 5677 ea,
1085 5627 1208 5682 quze
1259 5626 1632 5669 convenerunt
1684 5615 1738 5667 in
1788 5613 2011 5682 unione,

425 5693 632 5764 integra
679 5709 1108 5766 conserventur,
1138 5717 1262 5754 cum
1305 5712 1427 5757 actu
1464 5705 1593 5758 sint.
1628 5702 1693 5759 Et
1715 5715 1795 5760 tot
1814 5705 2016 5761 habere

423 5795 607 5856 partes
631 5790 796 5843 homo
835 5791 1050 5846 dicetur
1080 5794 1149 5846 ab
1169 5793 1257 5856 iis,
1290 5796 1382 5864 qui
1408 5810 1495 5850 rcs
1522 5811 1657 5852 sane
1681 5798 2010 5869 diiudicant,

424 5887 511 5935 tot
569 5895 700 5939 vero
767 5899 917 5953 esse,
957 5901 1152 5959 nempe
1205 5889 1342 5945 duas
1394 5897 1620 5947 naturas
1664 5892 1829 5948 homo
1862 5891 2015 5948 nullo

2116 4692 2227 4746 τῶν
2271 4692 2637 4748 συνελθόντων
2666 4692 2853 4765 μερῶν
2883 4695 2965 4756 εἰς
3005 4691 3106 4764 τὴν
3143 4691 3395 4746 σύνθεσιν
3427 4691 3566 4762 μήτε
3609 4692 3709 4752 τὰς

2076 4796 2081 4801 ·
2117 4782 2444 4858 ὀνομασίας,
2476 4787 2613 4858 μήτε
2655 4789 2763 4859 μὴν
2787 4789 2910 4851 τοὺς
2937 4788 3199 4859 ὁρισμοὺς
3239 4785 3422 4841 αὐτῶν
3461 4785 3703 4856 ἐπιδέχε-

2120 4877 2264 4933 σθαι.
2303 4877 2466 4933 una
2501 4879 2628 4950 μὴν,
2663 4879 2784 4933 οὐδὲ
2828 4879 2900 4934 τὰ
2933 4879 3252 4936 καθέκαστα
3280 4879 3388 4932 τῶν
3427 4877 3707 4948 ἀνθρωπίσ-

2116 4988 2224 5025 νων
2250 4973 2520 5042 σωμάτων
2547 4972 2682 5042 πρὸς
2709 4972 2777 5026 τὰ
2837 4972 2940 5027 ὑπὸ
2974 4973 3042 5027 τὰ
3075 4973 3308 5028 καθόλου
3351 4973 3589 5038 στοιχεῖα
3619 4972 3714 5022 ἀν.

2118 5067 2361 5134 αγόμενα
2400 5066 2613 5136 ὁμοπρυῆ
2636 5104 2650 5129 ,
2681 5065 2714 5136 ἢ
2749 5066 3010 5134 ὁμοούσια
3044 5067 3263 5139 ρηθεῖεν
3288 5064 3372 5118 ἄν.
3405 5064 3466 5117 Et
3499 5061 3556 5116 st
3587 5056 3712 5114 καθ’

2119 5155 2320 5210 ἕνωσιν
2347 5157 2654 5226 ἁσύγχυτον
2685 5158 2869 5223 πάλιν,
2897 5159 2958 5211 τὸ
2989 5158 3374 5228 συντιθέμενον
3409 5155 3505 5228 μία
3549 5153 3713 5222 φύσις

2120 5249 2362 5318 γίνεται,
2413 5244 2525 5303 οἷον
2568 5251 2656 5304 ἐπ’
2703 5250 3029 5321 ἀνθρώπου·
3079 5251 3177 5305 δύο
3228 5250 3339 5320 γὰρ
3385 5247 3709 5302 συνελθόντα

2118 5344 2465 5414 ἀσυγχύτως,
2490 5344 2672 5414 σῶμα,
2697 5345 2863 5413 λέγω,
2899 5329 3186 5416 καὶψυχὴ,
3218 5343 3278 5396 τὸ
3307 5342 3426 5396 ὅλον
3457 5339 3713 5395 ἀπετέλε-

2122 5451 2244 5492 σαν.
2283 5436 2444 5489 ’Δλλὰ
2471 5436 2631 5490 τοῦτο
2659 5436 2759 5507 μὲν
2782 5437 3041 5508 διάφορον
3067 5437 3164 5509 τὴν
3190 5437 3387 5491 ἕνωσιν
3411 5434 3556 5505 ἕχον,
3589 5432 3710 5487 διὰ-

2120 5542 2289 5595 φορον
2314 5527 2409 5580 καὶ
2435 5525 2526 5580 τὸν
2545 5527 2750 5598 τρόπον
2772 5526 2871 5598 τῆς
2895 5526 3142 5590 ὲνώσεως
3168 5525 3454 5596 κέκτηται.
3479 5522 3575 5576 Ἐκ
3611 5521 3712 5590 μὲν

2120 5618 2230 5690 γάρ
2266 5618 2458 5684 τόσων.
2509 5621 2679 5691 ἤγουν
2721 5621 2899 5691 ψυχῆς
2937 5637 2997 5675 τε
3045 5621 3141 5675 καὶ
3187 5619 3478 5690 σώματος,
3527 5618 3624 5669 καὶ
3652 5615 3714 5667 ὲν

2120 5712 2301 5774 τόσοις
2339 5705 2481 5766 εἶναι
2516 5713 2708 5784 ῥηθείη
2738 5713 2804 5767 ἂν
2831 5713 3074 5777 δικαίως.
3118 5713 3272 5767 Ἐπεὶ
3298 5712 3391 5766 καὶ
3420 5711 3486 5764 τὰ
3520 5708 3712 5762 συνελ-

2122 5803 2284 5858 θόντα
2315 5806 2373 5857 ὲν
2412 5807 2478 5876 τῇ
2514 5803 2703 5858 ὲνώσει
2739 5805 2988 5876 ἀμείωτα
3029 5806 3428 5872 διασώζονται,
3460 5799 3713 5872 ἐνεργείᾳ

2121 5896 2273 5966 ὄντα,
2321 5898 2416 5954 καὶ
2454 5900 2588 5954 τόσα
2636 5899 2780 5970 ἔχειν
2825 5901 2854 5954 ὁ
2897 5900 3185 5973 ἄνθρωπος
3236 5899 3378 5972 μέρη
3421 5894 3611 5968 ῥηθείη
3643 5893 3712 5945 ἂν
