4098 6316
322 386 430 453 649

1181 388 1621 450 REFUTATIO
1662 389 2049 452 EPISTULE
2080 391 2311 453 REGIS
2346 390 2738 452 ARMENIAE.

3501 390 3613 455 650

322 499 479 575 παρὰ
504 499 617 565 τοῖς
639 497 817 568 ὀρθῶς
848 495 1096 569 κρίνουσι
1122 512 1135 527 ’
1179 496 1315 553 τόσα
1339 500 1396 555 δὲ
1431 494 1570 555 εἶναι
1588 541 1603 562 ,
1638 502 1806 574 ἤγουν
1826 501 1920 556 δύο

2029 502 2187 558 modo
2226 502 2570 572 praedicatur.
2612 500 2752 557 Cum
2807 499 3175 573 compositum
3227 499 3374 556 aliud
3408 500 3615 558 factum

318 597 518 669 φύσεις
546 592 687 649 εἶναι
721 594 750 648 6
800 591 1089 663 ἄνθρωπος
1132 591 1383 663 οὐδαμῶς
1419 591 1658 664 λέγεται,
1693 588 1837 669 ᾗπερ
1862 598 1917 650 αί

320 689 517 762 φύσεις
538 687 634 742 τοῦ
655 687 780 742 ὅλου
810 685 1067 758 οὐδαμῶς
1097 686 1555 759 κατηγοροῦνται.
1603 689 1822 762 Ἐπειδὴ
1859 690 1920 743 τὸ

320 782 713 855 συντιθέμενον
753 781 945 853 ἕτερον
982 782 1177 852 γέγονε
1206 781 1360 854 παρὰ
1387 781 1457 835 τὰ
1499 781 1560 849 ὲξ
1586 776 1684 849 ὧν,
1731 784 1825 837 καὶ
1855 782 1917 836 οὐ

317 879 392 934 τὰ
419 878 593 943 αὐτὰ,
623 876 719 930 καὶ
743 875 870 929 οὕτε
916 874 1052 930 αὐτὸ
1078 876 1140 930 τὸ
1181 874 1324 942 ὅλον,
1353 875 1523 947 ηγουν
1562 877 1592 930 ὁ
1632 876 1921 944 ἄνθρωπος

321 969 464 1043 πρὸς
487 967 558 1024 τὰ
580 966 644 1034 ἐξ
670 960 746 1023 ὧν
776 966 1065 1040 συνετέθη,
1099 967 1237 1039 πρός
1274 984 1335 1020 τε
1374 968 1476 1037 τὴν
1514 965 1696 1038 ψυχὴν
1726 967 1821 1023 καὶ
1859 967 1921 1021 τὸ

323 1061 487 1133 σῶμά
517 1077 684 1132 φημι,
723 1058 975 1131 ὁμοφυὴς
1015 1057 1051 1132 ἢ
1085 1058 1372 1130 ὁμοούσιος
1406 1058 1601 1131 ῥηθείη
1640 1058 1708 1114 άν
1752 1075 1919 1114 ποτε*

321 1155 448 1211 ἐπεὶ
492 1153 632 1226 μηδὲ
672 1151 881 1224 κυρίως
913 1150 1013 1214 τὰς
1052 1150 1357 1223 ὀνομασίας
1391 1149 1595 1217 αὐτῶν,
1630 1152 1770 1224 μήτε
1811 1153 1924 1224 μὴν

322 1247 451 1318 τοὺς
469 1245 665 1315 λόγους
686 1242 866 1300 αὐτῶν
887 1241 1220 1313 ἔπιδέχεται,
1246 1242 1371 1298 οὗτε
1397 1242 1505 1315 μὴν
1529 1244 1580 1295 oi
1602 1243 1921 1299 καθέκαστα

325 1338 634 1413 ἄνθρωποι,
666 1330 804 1405 οἷον,
839 1335 1005 1407 φημὶ,
1043 1333 1288 1401 Παῦλος,
1339 1335 1376 1410 ἢ
1418 1335 1627 1409 Πέτρος
1674 1336 1813 1411 πρὸς
1853 1336 1924 1393 τά

322 1431 645 1488 καθέκαστα
671 1428 782 1483 τῶν
817 1426 1123 1498 ἀνθρώπων
1152 1424 1335 1497 ψυχὰς
1355 1465 1373 1492 ,
1407 1427 1442 1496 ἢ
1475 1426 1547 1481 τὰ
1602 1425 1923 1495 ἀνθρώπινα

324 1522 561 1596 σώματα
587 1522 888 1593 ὁμοφυεῖς,
922 1518 955 1591 ἢ
1000 1517 1279 1586 ὁμοούσιοι
1324 1518 1569 1591 λεχθεεεν
1595 1520 1685 1587 ἀν,
1725 1520 1813 1575 διὰ
1859 1521 1925 1575 τὸ

325 1615 469 1690 μηδὲ
522 1613 592 1670 τὰ
637 1613 869 1671 καθόλου
921 1612 1142 1684 ὁμοειδῆ
1175 1607 1337 1670 εἶναι.
1385 1611 1598 1669 Οὐκοῦν
1626 1613 1682 1669 sl
1715 1632 1801 1680 τις
1831 1615 1925 1669 τὸν

323 1706 616 1783 ἄνθρωπον
652 1706 718 1761 ἔκ
746 1704 1020 1776 διαφόρων
1051 1704 1269 1775 φύσεων
1297 1705 1623 1779 ἀσυγχύτως
1654 1706 1925 1763 ἑνωθὲντα

327 1802 558 1875 φήσειεν
589 1797 809 1872 ὁμοφυῆ
842 1797 940 1853 καὶ
971 1795 1260 1869 ὀμοούσιον
1294 1798 1393 1869 τῆς
1436 1797 1789 1871 ἀνθρωπίνης
1820 1797 1926 1869 ψυ-

2022 595 2094 650 sit
2118 596 2185 649 ab
2212 595 2301 663 iis,
2319 610 2387 650 ex
2426 595 2631 666 quibus
2657 602 2894 662 constat,
2921 608 3022 651 nec
3051 593 3141 649 illa
3166 594 3355 649 eadem
3384 595 3477 651 sit.
3504 594 3617 653 Nec

2020 687 2185 743 etiam
2205 688 2380 759 ipsum
2404 698 2602 755 totum,
2626 686 2792 741 homo
2815 684 3045 753 scilicet,
3077 699 3204 741 cum
3227 684 3316 752 iis,
3332 701 3399 741 ex
3416 686 3619 756 quibus

2021 778 2292 837 conﬂatus
2321 786 2427 845 est,
2461 778 2646 834 anima
2695 778 2921 850 inquam
2965 787 3021 834 et
3075 792 3328 849 corpore.
3363 779 3614 849 ejusdem

2022 882 2235 929 natura:
2262 880 2313 928 et
2336 872 2590 929 essentia:
2624 871 2838 927 dicetur
2856 885 3123 942 unquam,
3144 885 3269 927 cum
3302 887 3480 943 neque
3515 887 3616 943 ap-

2031 966 2393 1037 pellationum
2410 980 2604 1021 eorum
2632 979 2815 1035 neque
2867 962 3248 1019 deﬁnitionum
3276 964 3506 1020 omnino
3526 980 3619 1020 ca-

2023 1074 2129 1131 pax
2147 1058 2237 1115 sit.
2269 1057 2460 1129 Neque
2477 1056 2782 1128 singulares
2804 1055 3077 1122 homines,
3110 1063 3171 1111 ut
3188 1053 3383 1113 Petrus
3410 1054 3624 1112 etPau-

2024 1151 2135 1218 lus,
2154 1166 2279 1207 cum
2309 1149 2683 1223 singularibus
2702 1148 2987 1205 hominum
3008 1147 3232 1211 animis,
3252 1158 3343 1204 aut
3360 1147 3622 1204 humanis

2022 1242 2350 1315 corporibus
2368 1242 2617 1315 ejusdem
2647 1252 2860 1296 naturae
2884 1247 2981 1295 aut
3010 1237 3267 1296 essentia
3296 1238 3623 1295 essedicen-

2021 1334 2283 1406 tur,quod
2307 1348 2409 1390 nec
2437 1332 2770 1390 universalia
2792 1330 3039 1403 ejusdem
3066 1330 3271 1404 speciei
3288 1332 3418 1387 sint.
3437 1330 3625 1402 itaque

2024 1430 2071 1485 si
2090 1430 2213 1502 quis
2238 1426 2516 1484 hominem
2530 1442 2595 1481 ex
2616 1424 2853 1482 diversis
2869 1424 3087 1481 naturis
3103 1420 3296 1478 inconl‘
3296 1437 3392 1478 use
3407 1422 3621 1478 unitum

2025 1534 2303 1579 assereret
2343 1520 2594 1593 ejusdem
2640 1528 2853 1575 natura:
2902 1526 2961 1574 et
2994 1517 3249 1574 essentia:
3277 1532 3403 1572 cum
3437 1517 3632 1573 animo.

2027 1617 2295 1683 humana,
2349 1613 2663 1671 necessario
2712 1613 2839 1671 inde
2872 1620 3223 1684 sequeretur,
3251 1618 3347 1665 aut
3379 1611 3622 1666 animam

2024 1726 2094 1766 ex
2111 1725 2171 1767 se
2187 1720 2242 1767 et
2258 1724 2492 1781 corpore
2512 1708 2875 1780 compositam
2897 1722 3045 1774 esse,
3063 1716 3158 1762 aut
3177 1704 3225 1761 si
3244 1705 3296 1760 id
3316 1720 3424 1760 non
3437 1705 3621 1771 datur,

2026 1812 2251 1874 propter
2273 1812 2468 1873 patens
2491 1799 2815 1865 absurdum,
2834 1798 3074 1854 animam
3100 1811 3209 1852 non
3229 1811 3353 1852 esse
3372 1795 3622 1866 ejusdem

330 1894 456 1967 χῆς,
487 1892 761 1966 συμβαίνῃ
789 1888 857 1945 ἂν
883 1888 1186 1956 ἐξάπαντος
1206 1930 1224 1957 ,
1261 1890 1294 1960 ἠ
1327 1888 1428 1962 τὴν
1448 1888 1627 1963 ψυχὴν
1662 1888 1916 1945 σύνθετον

2029 1892 2276 1947 essentia;
2295 1901 2351 1947 et
2374 1899 2585 1947 naturae
2604 1906 2729 1947 eum
2753 1906 2862 1946 una
2894 1888 3219 1959 composita,
3250 1887 3493 1942 hominis
3519 1902 3624 1940 na-

338 1980 476 2039 εῐναι
502 1984 562 2039 ὲκ
592 1983 689 2041 τοῦ
730 1981 904 2055 αὐτῆς
938 1984 1032 2037 καὶ
1064 1979 1160 2037 τοῦ
1190 1982 1462 2053 σώματος·
1497 1982 1530 2056 ἦ
1569 1982 1618 2036 εί
1656 1983 1732 2057 μὴ
1766 1982 1925 2038 τοῦτο

331 2074 421 2131 διὰ
447 2078 509 2131 τὸ
544 2075 776 2149 ἐναργὲς
812 2073 1038 2139 ἄτοπον,
1077 2074 1178 2147 τὴν
1215 2073 1396 2148 ψυχὴν
1429 2075 1507 2146 μὴ
1545 2068 1688 2130 εἶναι
1725 2075 1923 2148 ὀμοού-

327 2188 443 2227 σιον
468 2171 565 2227 καὶ
592 2171 808 2241 ὁμοφυῆ
839 2171 939 2240 τῆς
972 2170 1107 2242 μιᾶς
1141 2162 1399 2224 συνθέτου
1441 2168 1656 2239 φύσεως
1697 2169 1793 2223 τοῦ
1832 2171 1927 2224 άν-

324 2265 574 2338 θρώπου.
618 2263 873 2318 Τοιοῦτόν
912 2279 963 2316 τι
1013 2263 1109 2317 καὶ
1140 2262 1305 2334 ἡμεῖς
1351 2262 1721 2334 πεπράχαμεν
1763 2263 1823 2316 ὲν
1855 2265 1922 2335 τῇ

333 2358 632 2430 Ἐπιστολῇ
677 2357 836 2430 ήμῶν
875 2355 1129 2427 λέγοντες
1153 2367 1170 2387 ⁶
1226 2356 1293 2411 El
1344 2357 1475 2429 μίαν
1507 2356 1671 2429 φύσιν
1711 2356 1923 2428 λέγοιτε

322 2453 424 2508 ἐπὶ
449 2451 552 2521 τῆς
586 2447 827 2520 Χριστοῦ
871 2447 1126 2503 συνθέτου
1175 2446 1458 2516 ὲνὼσεως,
1488 2448 1708 2524 ἀνάγκη
1740 2451 1922 2517 πᾶσα,

324 2546 364 2614 ἢ
393 2543 551 2597 θείαν
592 2542 764 2608 αὑτὴν
801 2540 1004 2594 είποιτε
1046 2536 1227 2610 εἶναι,
1270 2541 1309 2616 ἢ
1348 2541 1705 2617 ἀνθρωπίνην
1740 2544 1924 2615 μόνον,

325 2635 367 2708 ἢ
406 2632 854 2706 μετατετράφθαι
904 2633 1070 2707 ἄμφω
1113 2635 1253 2709 πρὸς
1280 2634 1553 2708 ἀλλήλας·
1586 2636 1621 2710 ἢ
1666 2636 1923 2691 συνθέτου

335 2726 469 2799 μιᾶς
498 2723 667 2798 οὔσης
703 2725 800 2797 τῆς
836 2726 1081 2798 Χριστοῦ
1126 2727 1384 2798 φύσεως,
1416 2728 1637 2801 ἀνάγκη
1685 2730 1857 2798 πᾶσα,
1887 2729 1923 2803 ἢ

335 2817 589 2874 σύνθετον
633 2817 984 2891 εὑρίσκεσθαι
1030 2820 1128 2875 τοῦ
1177 2819 1393 2895 Πατρὸς
1442 2820 1546 2896 τὴν
1592 2819 1781 2893 φύσιν,
1834 2822 1924 2877 ἵνα

329 2912 391 2971 τὸ
418 2911 658 2984 ὀμοφυὲς
681 2910 821 2985 μετὰ
843 2910 942 2986 τὴν
962 2912 1163 2970 ῑνωσιν
1191 2913 1290 2969 τοῦ
1313 2913 1559 2987 Χριστοῦ
1585 2915 1727 2988 πρὸς
1757 2914 1926 2970 αὐτὸν

323 3003 684 3070 διασώζοιτο·
724 3003 759 3079 ἢ
798 3008 849 3061 si
894 3005 973 3080 μη
1008 3004 1173 3063 τοῦτο
1212 3006 1304 3064 διά
1337 3004 1401 3064 τὸ
1435 3007 1784 3081 βλάσφημον,
1824 3008 1926 3063 οὒκ

323 3095 480 3151 ἔσται
508 3095 588 3168 τῷ
613 3096 793 3171 [lupi
812 3097 842 3152 ὀ
868 3094 999 3161 Tib;
1019 3095 1330 3170 ὁμοούσιος,
1356 3097 1496 3171 ὅπερ
1523 3098 1643 3153 lari.
1671 3099 1769 3155 καὶ
1792 3098 1927 3155 αὐτὸ

2028 1994 2169 2040 tura.
2199 1983 2317 2040 Non
2340 1983 2609 2041 dissimile
2626 1999 2727 2040 nos
2753 1996 2973 2055 quoque
2997 1980 3051 2036 in
3079 1980 3312 2050 epistola
3337 1986 3528 2035 nostra
3542 1989 3626 2032 at-

2029 2078 2360 2134 tcntavimus
2394 2076 2741 2133 indueentes.
2776 2074 2834 2130 Si
2865 2089 3033 2130 unam
3069 2082 3322 2128 naturam
3346 2071 3528 2127 dicitis
3566 2071 3630 2129 in.

2026 2170 2231 2226 Christi
2260 2170 2564 2241 composita
2584 2169 2809 2235 unione,
2842 2182 3068 2224 necesse
3084 2175 3191 2234 est,
3219 2174 3313 2220 aut
3336 2163 3509 2235 ipsam
3540 2166 3631 2217 ui-

2027 2265 2207 2321 vittam
2233 2279 2499 2330 asserere,
2530 2274 2627 2319 aut
2649 2264 2944 2327 humanam
2970 2271 3206 2326 tantum,
3234 2270 3329 2314 aut
3360 2268 3632 2329 utrasque

2027 2358 2172 2414 inter
2197 2374 2318 2415 sese
2348 2358 2673 2414 itmnutatas
2694 2356 2886 2424 fuisse,
2904 2365 2999 2412 aut
3016 2356 3325 2429 composita
3350 2371 3457 2411 una
3474 2357 3632 2411 exsi—

1976 2515 1979 2517 .
2026 2460 2205 2509 stente
2228 2451 2431 2509 Christi
2452 2463 2685 2519 natura,
2720 2451 3095 2508 necessarium
3133 2450 3360 2507 omnino
3389 2450 3515 2514 erit,
3540 2450 3624 2505 vel

2028 2546 2394 2617 compositam
2421 2544 2651 2618 reperiri
2689 2546 2869 2601 Patris
2906 2552 3186 2611 naturam,
3221 2555 3281 2599 ut
3311 2545 3367 2600 in
3422 2554 3622 2600 natura

2026 2639 2239 2709 aequale
2261 2640 2424 2695 ctiam
2452 2647 2577 2710 post
2606 2639 2867 2695 unionem
2899 2637 3109 2694 Christi
3148 2652 3273 2693 cum
3303 2652 3369 2694 eo
3389 2652 3623 2694 conscr-

2026 2741 2185 2787 vetur
2221 2749 2234 2786 :
2269 2731 2351 2789 vel
2372 2731 2418 2787 si
2443 2731 2495 2786 id
2519 2746 2629 2787 non
2665 2739 2769 2798 est,
2804 2740 3028 2801 propter
3049 2729 3474 2801 blasphemiam,
3510 2746 3620 2785 non

2026 2824 2133 2880 erit
2163 2824 2325 2881 Pater
2364 2824 2611 2894 ejusdem
2652 2834 2864 2880 natura:
2914 2838 3042 2879 cum
3072 2822 3233 2889 Filio,
3261 2822 3409 2895 quod
3451 2822 3617 2878 etiam

2026 2916 2427 2988 blasphemiam
2469 2932 2689 2973 omnem
2709 2926 3026 2987 exsuperat.
3070 2916 3151 2973 Tu
3183 2915 3370 2989 igitur,
3420 2924 3479 2971 ut
3522 2916 3619 2970 tibi

2027 3009 2234 3065 videris
2291 3019 2739 3081 argumentorum
2811 3006 2922 3064 vim
2968 3007 3171 3076 vitans,
3239 3006 3617 3062 diversitatem

2029 3100 2259 3158 Inionis
2286 3099 2591 3159 secundum
2616 3098 3030 3165 confusionem,
3053 3107 3110 3155 et
3150 3112 3260 3154 non
3311 3095 3620 3154 secundum

324 3190 511 3263 πάσης
558 3187 913 3263 βλασφημίας
958 3188 1257 3246 ἀνώτατον.
1306 3189 1380 3246 Σὺ
1429 3186 1525 3247 οὖν
1575 3190 1753 3249 δοκῶν
1798 3191 1926 3256 τοὺς

2030 3190 2420 3249 confusionem
2498 3192 2555 3248 in
2623 3191 2867 3247 medium
2932 3190 3206 3257 attulisti,
3268 3192 3425 3261 quasi
3493 3190 3623 3247 inde

323 3252 587 3354 ιλέγγεους
629 3252 945 3354 ἑκξοεύγειν,
992 3282 1057 3338 εδ
1099 3280 1362 3355 διάφορον
1394 3284 1493 3355 της
1542 3281 1793 3349 ἒνώσεως
1826 3252 1922 3339 τοῦ

2031 3300 2253 3357 quoque
2284 3294 2339 3343 te
2379 3285 2658 3341 immerito
2688 3283 3187 3342 calumniaremur.
3221 3282 3480 3340 Scribere
3514 3285 3620 3340 ita-

325 3380 472 3432 κατά
506 3374 774 3448 σύγχυσιν
817 3376 912 3431 καὶ
953 3375 1031 3449 μὴ
1069 3374 1315 3431 τοιούτου
1367 3376 1806 3449 προκεκόμικας,
1846 3375 1924 3444 ὡς

324 3466 581 3525 ὶντιῦθεν
610 3469 748 3540 μηδὲ
776 3468 1004 3535 δικαίως
1034 3467 1167 3541 παρ’
1193 3467 1353 3542 ἡμῶν
1385 3467 1918 3543 συκοφαντούμενος.

326 3561 403 3619 To
435 3560 539 3635 μὶν
566 3558 662 3618 οὖν
682 3561 748 3635 δὴ
775 3562 1013 3633 γράφειν
1034 3563 1185 3636 ἡμᾶς
1213 3562 1660 3635 μετατετράφθαι
1691 3561 1927 3634 θατέραν

330 3655 495 3727 φύσιν
534 3656 631 3711 ἐπὶ
664 3655 903 3727 θατέραν
932 3657 1026 3712 ἐπὶ
1058 3654 1170 3710 τῶν
1203 3655 1327 3711 κατ’
1357 3656 1623 3727 ἀνάχυσιν
1668 3654 1768 3728 τὴν
1803 3654 1926 3727 ίσην

334 3747 473 3817 ἔχει.
520 3747 597 3803 Τὸ
637 3746 697 3804 δὶ
745 3746 1068 3821 συμϐαίνειν
1114 3746 1149 3821 ἢ
1207 3744 1466 3803 σύνθετον
1510 3745 1606 3839 τοῦ
1654 3745 1791 3801 Θεοῦ
1833 3746 1927 3800 καὶ

333 3840 547 3916 Harpe;
581 3839 939 3915 εὑρίσκεσθαι
972 3837 1075 3913 τὴν
1100 3838 1265 3912 φύσιν
1290 3839 1385 3893 διὰ
1406 3838 1468 3891 τὸ
1499 3835 1639 3911 μετὰ
1667 3835 1765 3910 τὴν
1795 3837 1928 3893 tvm-

333 3951 421 3988 σιν
451 3933 546 3988 τδν
573 3933 812 4006 Χριστὸν
856 3930 1074 4005 ὁμοφυῆ
1103 3931 1198 3986 καὶ
1228 3927 1516 4001 ὁμοούσιον
1547 3926 1644 3983 τοῦ
1670 3926 1807 3983 Θεοῦ
1835 3928 1929 3983 καὶ

330 4026 546 4100 Πατρδς
563 4023 705 4081 εἷναί
732 4042 791 4080 τε
821 4027 917 4081 καὶ
944 4022 1321 4080 πιστεύεσθαι·
1346 4021 1384 4096 ἦ
1406 4022 1457 4075 εί
1487 4019 1564 4094 μὴ
1582 4017 1742 4075 τοῦτο
1764 4020 1851 4075 διὰ
1866 4019 1932 4076 τὸ

330 4119 677 4194 βλάσφημον,
702 4119 796 4174 τὸν
826 4118 1046 4191 Πατέρα
1072 4119 1149 4192 μὴ
1178 4114 1319 4172 εἶναι
1353 4113 1642 4187 δμοούσιον
1667 4114 1763 4171 τοῦ
1794 4113 1928 4169 Υίοῦ

336 4212 477 4284 μετά
504 4210 604 4281 τὴν
634 4210 852 4275 ἕνωσιν,
880 4210 1017 4282 ὅπερ
1046 4210 1163 4264 ἐστὶ
1185 4208 1279 4264 καὶ
1305 4206 1438 4263 αὐτὸ
1470 4206 1651 4277 πάσης
1681 4204 1933 4277 βλασφη-

336 4304 471 4378 μίας
514 4303 609 4357 καὶ
652 4304 882 4366 ἀτοπίας
918 4302 1197 4357 ἐπέκεινα.
1241 4300 1408 4355 Τουτὶ
1452 4297 1522 4372 δη
1562 4298 1655 4355 κατ
1686 4299 1777 4352 ἐπὶ
1828 4301 1931 4371 τῆς

332 4398 461 4452 καθ’
488 4395 683 4449 ἕνωσιν
704 4393 1030 4465 ἀσυγχύτως
1062 4395 1160 4450 καὶ
1183 4393 1470 4466 ἀτρέπτως
1500 4391 1787 4466 ὴνωμένης
1806 4434 1823 4459 ,
1852 4392 1930 4456 ὡς

334 4491 367 4541 ὀ
393 4487 550 4555 λόγος
573 4485 664 4538 διά
686 4490 786 4557 τῆς
809 4485 901 4539 τοῦ
928 4485 1218 4558 ἀνθρώπου
1242 4484 1568 4552 ύποδείξεως
1587 4488 1923 4556 παρέστησε,

2028 3395 2138 3451 que
2158 3395 2258 3436 nos
2288 3393 2459 3435 unam
2501 3378 2556 3435 in
2587 3378 2753 3435 aliam
2788 3388 3046 3436 naturam
3073 3376 3420 3433 immutatam
3446 3377 3620 3434 fuisse

2027 3473 2097 3529 ab
2124 3472 2214 3540 iis,
2233 3471 2330 3545 qui
2363 3487 2483 3529 eam
2515 3471 2824 3529 secundum
2868 3469 3208 3528 infusionem
3240 3469 3442 3526 factam
3489 3484 3617 3527 esse

2029 3562 2275 3629 tradunt,
2299 3576 2410 3618 non
2456 3561 2738 3620 abhorret.
2768 3560 2970 3617 Verum
2999 3560 3290 3633 consequi,
3326 3570 3421 3616 aut
3459 3574 3617 3616 com-

2031 3655 2261 3728 positam
2290 3654 2386 3712 Dei
2416 3664 2470 3711 et
2496 3655 2675 3712 Patris
2736 3663 2992 3711 naturam
3025 3654 3276 3727 reperiri,
3304 3655 3452 3726 quod
3493 3662 3620 3724 post

2032 3750 2289 3805 unionem
2315 3746 2574 3805 Christus
2610 3746 2859 3817 ejusdem
2902 3755 3114 3804 naturae
3145 3755 3203 3803 et
3249 3747 3503 3803 essentia:
3537 3754 3635 3802 est.

2030 3848 2085 3898 et
2120 3840 2367 3898 creditur
2403 3855 2530 3897 cum
2580 3839 2691 3897 Deo
2734 3850 2786 3896 et
2840 3838 3021 3907 Patre,
3068 3826 3124 3898 at
3179 3839 3228 3898 si
3280 3839 3334 3895 id
3399 3850 3625 3913 propter

2032 3934 2433 4007 blasphemiam
2474 3949 2588 3990 non
2615 3934 2975 4000 concedatur,
3004 3932 3292 3993 Christum
3335 3948 3449 3989 non
3500 3950 3624 3991 esse

2030 4028 2280 4102 ejusdem
2312 4028 2568 4086 essentia
2592 4044 2719 4084 cum
2761 4027 2872 4085 Deo
2899 4038 3025 4100 post
3075 4027 3363 4096 unionem,
3392 4030 3539 4098 quod
3570 4038 3638 4085 et

2032 4124 2214 4197 ipsum
2274 4132 2332 4181 et
2376 4123 2733 4195 blasphemiae
2770 4132 2826 4178 et
2876 4119 3095 4195 ineptiae
3123 4119 3392 4179 universa:
3420 4120 3623 4177 limites

2032 4216 2271 4274 excedit.
2297 4215 2438 4273 Cum
2460 4225 2645 4273 autem
2682 4225 2737 4271 et
2766 4216 2819 4271 in
2845 4224 3044 4271 natura
3086 4222 3212 4287 post
3237 4214 3501 4270 unionem
3545 4213 3626 4269 itt-

2031 4310 2261 4367 coiil'use
2300 4318 2358 4367 et
2421 4310 2839 4367 itnmutabiliter
2902 4310 3079 4375 unita,
3155 4307 3624 4380 quemadmodum

2033 4403 2210 4459 oratio
2237 4402 2711 4461 demonstratione
2723 4417 2789 4458 ex
2808 4401 3031 4459 homine
3053 4398 3339 4473 desumpta
3361 4402 3625 4469 ostendit,

2036 4496 2181 4552 idem
2213 4495 2516 4552 absurdum
2570 4494 3071 4567 hlasphemumque
3132 4492 3423 4561 inferatur,
3474 4493 3626 4548 nulla

341 4578 403 4631 τὺ
446 4578 646 4631 ἄτοπον
692 4578 787 4633 καὶ
831 4578 1149 4652 βλάσφημον
1185 4580 1538 4651 συνάγοντος,
1573 4577 1826 4651 οὐδαμῶς
1860 4580 1927 4633 ἂν

2040 4590 2156 4659 ipse
2185 4588 2398 4644 ratione
2424 4587 2885 4659 reprehensiones
2907 4595 3129 4643 nostras
3164 4584 3413 4656 eﬁ‘ngies,
3458 4586 3627 4642 unius

341 4669 470 4733 τοὺς
517 4668 646 4741 παρ’
695 4668 855 4742 ἡμῶν
901 4668 1154 4741 ἐλέγχους
1186 4673 1482 4742 ικφύγοις,
1532 4674 1662 4746 μιᾶς
1714 4673 1931 4742 φύσεως

338 4762 432 4817 τὸν
464 4762 702 4835 Χριστὸν
732 4761 1104 4834 δογματίζων,
1135 4764 1232 4817 καὶ
1265 4763 1573 4834 ἅσύγχυτον
1602 4764 1701 4836 τὴν
1740 4766 1933 4818 ἕνωσιν

336 4854 642 4924 δοξάσειας.
687 4857 746 4910 '0
777 4856 937 4927 λόγος
977 4856 1087 4929 γὰρ
1128 4855 1469 4928 ἑκατέρωθεν
1501 4857 1749 4923 ἀπέδειξε
1798 4858 1934 4929 πρὸς

336 4948 400 5003 τδ
438 4948 642 5005 ἄτοπον
672 4950 770 5006 καὶ
806 4949 1136 5023 βλάσφημον
1168 4950 1521 5017 συνάγεσθαι.
1566 4951 1840 5016 Ὡσαύτως
1875 4951 1933 5005 δὲ

334 5036 457 5091 οὐδὲ
492 5038 526 5109 ὴ
558 5040 667 5095 τῶν
700 5041 1171 5113 παραδειγμάτων
1204 5041 1543 5112 προσαγωγη
1583 5041 1719 5113 πρὸς
1754 5043 1935 5109 παρὰ·

336 5147 527 5187 στασιν
549 5133 646 5207 τῆς
675 5137 824 5207 παρὰ
856 5136 952 5191 σοῦ
982 5135 1349 5209 δοξαζομένης
1378 5136 1508 5205 μιᾶς
1540 5135 1775 5205 φύσεως,
1808 5135 1930 5188 καθ’

330 5224 529 5282 ὶνωσιν
565 5228 875 5301 ἀσύγχυτον
900 5230 1308 5303 γεγενημένης,
1344 5229 1521 5300 ὀρθῶς
1569 5228 1800 5299 ἐλήφθη.
1851 5228 1933 5282 Τέι

336 5322 437 5393 μὲν
470 5320 579 5392 γὰρ
611 5322 704 5375 ἐπὶ
737 5324 1057 5397 καθαιρέσει
1082 5328 1183 5398 τῆς
1209 5325 1341 5397 μιᾶς
1381 5324 1641 5378 συνθέτου
1684 5324 1930 5390 φύσεως,

336 5415 432 5467 καὶ
476 5415 571 5468 τοῦ
607 5415 701 5469 σοῦ
741 5417 1019 5487 δόγματος
1050 5417 1285 5489 ,ἔνεισιη
1315 5410 1430 5469 οἷον
1474 5419 1502 5471 ὁ
1544 5417 1750 5488 χρυσὸς
1795 5416 1932 5487 μετὰ

338 5506 516 5577 πυρὸς
548 5510 921 5579 μεμιγμένοςο
952 5511 1172 5576 πάντως
1196 5511 1281 5565 ὅτι
1311 5510 1369 5563 ὲν
1397 5512 1466 5582 τῇ
1500 5509 1607 5580 tota
1633 5510 1932 5563 ὑποστάσει

334 5605 365 5656 ὁ
392 5600 593 5673 χρυσὸς
617 5602 679 5655 τὸ
700 5600 812 5673 πῦρ
833 5602 1144 5676 δεχόμενος,
1158 5606 1319 5659 ςποιεῖ
1340 5604 1595 5660 σύνθετον
1612 5605 1929 5669 ὑπόστασιν,

336 5692 435 5748 δύο
466 5692 662 5765 φύσεις
698 5692 948 5765 ἔχουσαν,
981 5699 1082 5768 τήν
1118 5713 1177 5751 τε
1203 5696 1297 5752 τοῦ
1332 5697 1536 5771 χρυςοὗ
1574 5698 1667 5752 mi.
1704 5700 1796 5753 τοῦ
1829 5717 1929 5752 πυ-

338 5788 459 5859 ρὸς,
485 5787 515 5841 δ
544 5787 641 5844 καὶ
668 5791 910 5844 πλεῖστοι
933 5794 1257 5862 περιφανεῖς
1287 5793 1381 5847 καὶ
1412 5790 1664 5867 θεοφόροι
1689 5792 1932 5863 Πατέρες

334 5883 421 5948 εἰς
450 5882 796 5958 παράστασιν
825 5884 934 5939 τῶν
966 5884 1062 5938 δύο
1091 5885 1312 5954 φύσεων
1338 5885 1446 5943 τῶν
1488 5889 1546 5943 ἐν
1571 5888 1649 5961 τῷ
1680 5889 1759 5946 ἑνὶ
1795 5889 1837 5942 Χ
1849 5905 1930 5963 ρι-

661 5985 934 6048 ΡΔτιιοῑ..
972 5982 1094 6047 Gn.
1144 5984 1269 6049 CV.

2040 4692 2251 4736 natura:
2279 4680 2564 4737 Christum
2595 4688 2880 4747 astruens,
2910 4676 3042 4735 licet
3084 4677 3434 4735 inconfusam
3468 4677 3629 4733 unio-

2043 4788 2170 4829 nem
2209 4772 2535 4830 asset‘ueris.
2578 4770 2768 4827 Oratio
2816 4771 3019 4844 etenim
3047 4770 3307 4840 utrinque.
3349 4771 3621 4826 absonum

2042 4865 2542 4937 blasphemumque
2594 4862 2778 4935 colligi
2834 4864 3258 4922 demonstravit.
3318 4862 3412 4918 Sic
3459 4863 3625 4919 ctiaut

2036 4961 2286 5031 exempla
2331 4976 2363 5015 a
2410 4969 2461 5015 te
2515 4957 2749 5013 adducta
2801 4957 2871 5013 ad
2926 4956 3393 5026 comprehendam
3458 4972 3627 5014 unam

2038 5062 2319 5121 naturam,
2353 5067 2516 5124 quam
2543 5050 2660 5121 ipse
2684 5049 2880 5107 statuis
2918 5060 3043 5121 post
3069 5051 3330 5106 unionem
3369 5048 3624 5107 iuconlu.

2036 5162 2153 5201 sam
2200 5145 2424 5213 iactatu,
2477 5144 2621 5199 haud
2672 5154 2826 5200 recte
2868 5144 3117 5201 instituta
3164 5153 3294 5201 sunt
3326 5162 3340 5199 :
3370 5142 3622 5215 quaedam

2036 5239 2185 5294 enim
2221 5253 2386 5294 unam
2410 5239 2778 5309 ccinpositam
2807 5247 3063 5293 naturam
3114 5246 3378 5307 tuumque
3422 5235 3623 5307 dogma

2037 5332 2414 5401 proscribunt,
2440 5340 2498 5386 ut
2528 5330 2859 5401 aurumjgni
2882 5329 3184 5385 immistum
3208 5349 3220 5384 :
3247 5344 3371 5384 cum
3401 5328 3629 5384 omnino

2037 5441 2234 5483 aurum
2252 5425 2305 5481 in
2327 5424 2547 5497 propria
2567 5422 2846 5497 ltypostasi
2865 5422 3046 5493 ignem
3068 5421 3341 5492 accipiens
3356 5422 3627 5491 composi-

2038 5523 2148 5573 tam
2163 5519 2499 5591 ltypostasim
2527 5516 2741 5579 efﬁciat,
2761 5514 2900 5570 duas
2931 5522 3156 5568 naturas
3174 5510 3485 5576 habentem,
3506 5512 3623 5566 auri

2037 5618 2091 5665 ct
2116 5609 2279 5681 ignis,
2315 5608 2458 5679 quod
2486 5606 2731 5677 plerique
2755 5605 2922 5661 etiam
2955 5602 3317 5676 eijatrihus,
3343 5601 3513 5657 divini
3546 5601 3623 5657 illi

2037 5717 2170 5759 sane
2246 5715 2311 5757 ac
2393 5700 2777 5773 percelebres,
2837 5699 2906 5754 ad
2972 5695 3417 5769 comprobandas
3483 5695 3624 5750 duas

2039 5807 2263 5852 naturas
2328 5795 2382 5852 in
2465 5810 2577 5850 uno
2650 5794 2905 5861 Christo,
2988 5806 3095 5847 una
3176 5790 3386 5847 scilicet
3450 5788 3626 5863 hypo-

2037 5890 2202 5959 stasi,
2234 5888 2473 5963 propriis
2505 5886 2918 5944 commentariis
2960 5894 3341 5958 usurparunt:
3392 5882 3501 5941 alia
3528 5882 3627 5939 ab-

3191 5980 3269 6042 21
