4084 6282
474 343 578 407 667
1742 344 2040 408 NICETES
2071 347 2444 412 BYZANTIN
2453 347 2482 410 ι
3654 340 3763 406 668

477 458 613 530 imp.
654 455 851 514 missas
889 455 1079 513 titulus
1113 455 1278 525 dicit,
1311 475 1421 514 non
1451 469 1636 518 autem
1664 461 1872 522 diserte
1905 467 2052 539 quod
2078 466 2305 526 Nicetes
2342 471 2589 540 ipsarum
2623 464 3015 525 refutationem
3049 461 3117 519 ad
3157 462 3481 520 Iliieltaclem
3511 462 3764 532 scripse-

479 547 570 602 rit.
605 545 880 602 Decennio
908 554 1033 616 post
1065 545 1421 620 Sylburgium
1449 550 1579 606 Ant.
1611 550 1950 612 Possevinus
1981 557 2033 612 in
2084 559 2396 629 Apparatus
2427 557 2678 628 principe
2729 555 2970 612 editione
3028 552 3236 610 Veneta
3265 562 3307 609 ἱ.
3344 552 3411 621 ll,
3454 569 3510 625 p.
3549 553 3677 620 ιη,
3707 567 3772 611 et

477 645 518 691 ι.
551 634 643 702 ill,
677 634 728 690 in
758 636 991 708 catalog.
1019 653 1072 707 p.
1108 637 1196 703 l6,
1225 639 1528 708 pleniorem
1561 649 1616 697 et
1661 646 2067 702 accuratiorem
2105 649 2292 719 operis
2339 647 2612 704 Nicetiani
2667 645 2885 702 titulum
2938 645 3215 710 recitavit,
3261 653 3493 700 eatenus
3544 653 3766 700 tantum

475 723 762 789 mettdose,
794 737 1072 796 quatenus
1103 743 1201 796 pro
1237 726 1510 799 Theophili
1538 740 1772 800 utroque
1805 733 1863 790 in
1895 735 2018 790 loco
2061 738 2286 809 scripsit
2335 737 2735 812 Theophylacti.
2776 735 3062 808 Reliquos,
3092 736 3184 805 qui
3216 751 3282 792 ex
3310 733 3593 801 praedictis
3617 735 3769 791 han-

475 828 618 878 κει-θ,
651 817 1011 883 prtetcrmitto
1037 815 1475 889 bibIEOgrapbos,
1509 833 1738 894 excepto
1766 831 1952 881 tamen
1997 826 2180 884 Leone
2216 829 2439 896 Allatio,
2476 829 2569 899 qni
2610 829 2665 883 in
2696 827 2846 883 calce
2883 827 3086 899 prioris
3119 827 3252 882 tomi
3277 824 3530 905 (ἶνίεσὶίι
3562 827 3762 880 ortho-

474 901 632 957 doxa:
662 903 867 960 diserte
903 906 1188 963 contendit
1215 906 1461 965 Nicetam
1492 911 1640 967 hunc
1671 911 2032 985 Byzantinum
2073 918 2328 974 eumdem
2362 932 2505 980 esse,
2541 917 2634 983 qui
2675 927 2730 972 et
2788 915 3012 971 Nicctas
3058 915 3252 980 David,
3281 925 3334 971 et
3365 901 3670 987 Paphlago,
3705 925 3768 972 et

479 990 854 1062 Dadybrorum
891 993 1058 1048 etiam
1085 994 1401 1068 cpiscopus,
1429 998 1759 1070 appellatur.
1797 1021 1816 1055 ς
1857 1001 2313 1078 Flornit,inquit,
2345 1007 2652 1073 Michaelis,
2681 1005 2864 1061 Basilii
2900 1014 2954 1060 et
2984 1004 3228 1070 Leonis,‘
3256 1007 3426 1075 impp.
3477 1015 3663 1070 actate,
3705 1014 3768 1060 ut

475 1081 752 1152 colligitur
785 1098 847 1138 ex
901 1086 1174 1154 prooemio
1235 1084 1362 1142 vita:
1417 1085 1481 1142 Β,
1534 1086 1729 1160 ignatii
1768 1094 2116 1163 patriarchas,
2157 1109 2323 1164 quam
2381 1093 2472 1148 ille
2531 1107 2711 1164 neque
2759 1092 2976 1146 indocte
3015 1107 3191 1161 neque
3246 1090 3585 1161 ineleganter
3625 1105 3762 1146 con-

473 1171 741 1236 cinnavit,
766 1180 819 1228 et
848 1174 974 1230 aliis
1014 1174 1263 1244 ejusdem
1299 1173 1522 1247 scriptis
1551 1192 1568 1233 :
1608 1199 1628 1231 ι
1664 1195 1776 1248 quo
1799 1191 2084 1251 postremo
2104 1183 2252 1238 dicto
2277 1182 2382 1256 (de
2399 1182 2623 1252 scriptis
2648 1188 2862 1236 aetatem
2890 1178 3096 1236 Niceten
3116 1180 3578 1251 designantibus)
3607 1180 3765 1236 intel-

473 1260 568 1330 ligi
606 1260 676 1315 ab
708 1260 907 1316 Allatio
937 1274 1070 1333 puto
1105 1263 1491 1320 refutationem
1518 1269 1818 1332 prasertim
1847 1285 2013 1339 quam
2039 1268 2170 1324 fecit
2194 1267 2412 1322 Niretas
2432 1276 2620 1321 noster
2641 1266 3000 1337 epistularum
3026 1265 3094 1319 ab
3119 1265 3387 1335 Agarenis
3419 1265 3486 1319 ad
3518 1264 3764 1320 Michae-

478 1349 584 1404 lem
621 1350 758 1420 imp.
792 1353 1110 1407 missarum.
1137 1351 1318 1422 Pergit
1355 1355 1430 1409 ibi
1465 1355 1699 1410 Allatitts
1735 1356 1940 1412 Nicette
1989 1360 2192 1427 scripta
2247 1372 2559 1422 recensere,
2627 1371 2864 1424 quorum
2917 1369 3088 1425 prope
3134 1363 3376 1410 extrema
3425 1355 3584 1424 ponit
3646 1357 3766 1412 hate

474 1436 738 1494 adversus
767 1438 1142 1495 Moltamcdem
1178 1452 1230 1498 et
1259 1444 1543 1513 Agarenos
1574 1444 1818 1513 dictata;
1863 1461 2042 1515 neque
2078 1454 2261 1501 tamen
2301 1444 2547 1500 codicem
2595 1443 2938 1505 Vaticanum,
2974 1441 3068 1512 qui
3097 1456 3159 1497 ea
3208 1441 3473 1505 continet,
3509 1443 3764 1499 nominat

474 1537 566 1581 aut
594 1543 654 1583 se
689 1531 909 1586 novisse
937 1533 1298 1589 demonstrat.
1335 1535 1540 1590 Habuit
1568 1552 1703 1592 sane
1753 1536 1990 1592 Allatius
2032 1534 2178 1590 aliud
2211 1532 2414 1590 Nicetre
2446 1534 2726 1603 egregium
2760 1528 3088 1602 opusculum
3122 1545 3222 1601 pro
3253 1530 3492 1585 concilio
3528 1529 3760 1586 Chalce-

473 1615 704 1672 donensi
734 1619 801 1672 ad
833 1617 1103 1677 Armeniae
1139 1621 1444 1694 principem
1475 1641 1492 1692 ;
1534 1625 1700 1695 idque
1736 1624 1790 1679 in
1823 1625 2144 1697 praedictum
2175 1621 2398 1678 Gracia:
2435 1621 2575 1676 ortlt.
2611 1629 2826 1675 tomum
2854 1618 3112 1684 inseruit,
3167 1619 3549 1676 indubitanter
3602 1621 3752 1675 atiir-

473 1718 632 1760 tnans
663 1706 828 1762 unius
858 1708 1218 1781 ejusdemque
1257 1711 1547 1783 Byzantini
1597 1713 1803 1770 Nicette
1833 1714 2002 1770 fetum
2035 1727 2192 1778 esse;
2249 1712 2302 1767 id
2344 1711 2491 1782 quod
2554 1724 2656 1781 ego
2705 1707 3058 1764 verissimum
3104 1707 3292 1778 judico
3319 1749 3334 1774 ,
3373 1709 3500 1778 quia
3549 1720 3743 1779 pra-ter

473 1802 728 1848 creteram
758 1796 883 1867 styli
915 1799 1356 1863 similitudinem,
1396 1801 1645 1858 clausula
1696 1811 1848 1860 certe
1894 1802 2138 1874 praedicti
2171 1799 2421 1869 cpusculi
2467 1799 2659 1854 eadem
2692 1798 2918 1853 omnino
2967 1804 3072 1862 est,
3108 1811 3230 1868 quae
3277 1796 3332 1851 in
3392 1797 3620 1852 duarum
3673 1797 3740 1853 ad

470 1878 792 1940 illicitaeicm
824 1884 959 1956 imp.
979 1887 1338 1957 epistularum
1380 1890 1714 1947 refutatione
1747 1892 2105 1963 conspicitur.
2144 1891 2219 1945 Dc
2245 1890 2348 1946 ltoc
2365 1889 2585 1944 demum
2619 1886 2809 1943 Niceta
2833 1887 3066 1958 ejusque
3097 1886 3320 1958 scriptis
3360 1887 3589 1942 uberius
3610 1885 3750 1942 dixit

469 1971 706 2026 Allatius
741 1973 798 2028 in
828 1974 1031 2031 inedita
1068 1976 1249 2034 adhuc
1279 1978 1669 2037 dissertatione
1697 1997 1796 2037 sua
1822 1984 1889 2038 de
1922 1980 2110 2053 viginti
2142 1977 2371 2044 Nicetis,
2400 1977 2560 2046 cuius
2587 1992 2689 2046 ego
2713 1975 3045 2046 particulam
3071 1976 3140 2030 de
3185 1983 3379 2031 nostro
3428 1976 3750 2045 loquentem

467 2059 688 2129 vulgari
718 2060 773 2117 in
799 2063 952 2134 praef.
987 2065 1057 2119 ad
1094 2075 1131 2120 t.
1164 2065 1235 2121 lX
1276 2065 1614 2139 Scriptorum
1647 2080 1876 2125 veterum
1897 2087 1918 2137 ;
1966 2084 2146 2142 neque
2181 2077 2363 2123 tamen
2398 2068 2540 2121 hanc
2568 2067 2748 2136 ipsam
2798 2064 3211 2121 dissertationis
3259 2063 3590 2136 particuiam
3625 2066 3755 2123 dedi

469 2148 760 2222 integram,
791 2153 922 2222 quia
957 2153 1009 2209 id
1043 2163 1177 2210 tunc
1209 2167 1408 2226 praeter
1432 2161 1744 2231 argumenti
1769 2159 1876 2214 mei
1899 2159 2241 2232 propositum
2275 2163 2420 2213 erat.
2455 2154 2530 2211 De
2561 2162 2746 2209 vetere
2775 2155 2960 2224 operis
2989 2152 3260 2210 Nicetiani
3309 2154 3506 2210 notitia
3559 2154 3755 2210 ltactc.

469 2253 597 2294 nus.
625 2238 739 2295 Cur
767 2254 952 2299 autem
983 2243 1346 2316 Byzantinum
1379 2247 1526 2304 hunc
1551 2245 1796 2303 Nicetam
1835 2247 2086 2304 nonnulli
2114 2243 2484 2316 bibliograpbi
2509 2244 2566 2299 in
2590 2259 2667 2299 nt
2699 2242 2904 2298 saeculo
2926 2242 3216 2312 collucent,
3243 2243 3500 2316 equidem
3533 2246 3750 2313 nescio,

475 2342 657 2398 neque
681 2331 802 2400 ejus
825 2332 901 2386 rei
931 2331 1264 2391 documenta
1301 2334 1409 2389 ulla
1442 2333 1625 2390 aﬂerri
1671 2335 1875 2402 video;
1930 2335 2039 2390 nisi
2066 2333 2211 2391 forte
2255 2342 2338 2390 tot
2386 2330 2705 2389 Nicetarnm
2737 2331 2897 2402 capia
2953 2331 3443 2403 perturbationem,
3481 2341 3544 2389 ut
3576 2337 3656 2398 ﬁt,
3695 2335 3753 2392 in

469 2416 714 2486 ipsorum
747 2420 1033 2477 historiam
1072 2423 1305 2479 invexit.
1341 2423 1448 2479 Sed
1510 2432 1569 2480 ut
1590 2425 1706 2494 jam
1760 2425 1988 2494 propius
2040 2425 2109 2480 ad
2167 2439 2287 2481 rem
2343 2422 2624 2489 accedam,
2689 2434 2796 2494 ego
2847 2420 3068 2492 quidem
3135 2437 3452 2492 quanquam
3501 2423 3752 2481 nondum

468 2504 818 2575 inspexeram
851 2507 1152 2582 Sylburgii,
1190 2512 1470 2570 Possevini
1506 2527 1563 2569 et
1596 2512 1776 2569 Allatii
1807 2513 2148 2577 testimonia.
2191 2512 2556 2569 nihilominus
2579 2511 2633 2566 in
2673 2509 2814 2566 meis
2844 2518 2974 2566 ante
2995 2511 3312 2582 complures
3340 2526 3515 2568 annos
3544 2509 3752 2568 biblio-

470 2594 641 2650 thecae
675 2595 949 2654 Vaticana
989 2602 1073 2655 cui
1105 2616 1370 2671 praeerant
1405 2601 1949 2672 perlustrationibus,
1981 2603 2128 2658 hunc
2158 2602 2405 2658 codicem
2429 2599 2857 2656 observaveram
2888 2598 2996 2655 sub
3025 2614 3267 2656 numero
3290 2599 3419 2664 68!,
3449 2597 3748 2671 pulchrum

481 2698 639 2749 sane,
673 2688 982 2755 antiquum,
1014 2690 1455 2756 membraneum,
1498 2691 1935 2761 integerrimum.
1970 2692 2223 2748 Attamen
2248 2690 2371 2746 aliis
2403 2687 2740 2745 editionibus
2771 2697 3095 2760 occupatus,
3130 2688 3373 2745 Nicetam
3413 2690 3536 2759 plus
3566 2690 3745 2746 nimio

470 2773 662 2829 distuli
715 2794 729 2829 :
779 2777 873 2831 sed
921 2794 1071 2834 nunc
1118 2779 1339 2835 demum
1372 2782 1435 2835 de
1467 2781 1700 2844 codicis,
1734 2791 1794 2838 ut
1831 2796 1977 2848 reor,
2023 2781 2171 2836 unici
2232 2778 2456 2834 incertis
2495 2776 2623 2832 fatis
2655 2778 2930 2846 cegitans,
2995 2778 3090 2848 qni
3148 2793 3279 2833 casu
3325 2776 3510 2846 aliqua
3547 2779 3738 2847 pet-ire

468 2861 767 2931 aliquando
826 2877 1048 2934 posset;
1114 2879 1231 2922 tum
1295 2869 1462 2923 etiam
1516 2869 1592 2924 rei
1641 2870 1760 2925 sine
1818 2868 1986 2924 dubio
2039 2869 2198 2925 bona:
2253 2865 2546 2923 dulcedine
2594 2873 2648 2919 et
2691 2864 2927 2920 utilitate
2985 2865 3242 2928 illectus,
3292 2864 3723 2920 exscribendnm

468 2967 633 3006 manu
668 2955 912 3025 propria,
950 2953 1205 3012 Latinum
1236 2971 1461 3028 quoque
1490 2957 1680 3014 labore
1696 2973 1822 3014 meo
1847 2965 1907 3014 ut
1932 2967 2129 3014 czctera
2156 2957 2343 3012 omnia
2367 2952 2706 3022 faciendum,
2743 2962 2799 3010 et
2827 2953 2968 3026 typis
2995 2965 3149 3008 mora
3183 2952 3333 3008 omni
3360 2952 3590 3024 abrupta
3618 2961 3732 3007 tra-

466 3040 708 3099 dendum
745 3043 1014 3113 iudicavi.

542 3159 704 3216 Nunc
725 3160 793 3216 de
820 3160 942 3231 ipso
968 3176 1135 3233 opere
1176 3162 1420 3221 breviter
1467 3163 1811 3236 pra-landum
1854 3173 1965 3222 est.
2011 3160 2327 3220 Ludovicus
2370 3156 2702 3222 Maraccius,
2755 3157 2850 3230 qui
2876 3157 3188 3230 pbilarabes
3225 3162 3459 3215 cunctos
3511 3155 3746 3213 refutati

467 3248 727 3306 Alcorani
759 3250 922 3308 laude
955 3253 1261 3323 superavit,
1291 3253 1547 3325 queritur
1579 3253 1633 3310 in
1669 3251 1990 3326 praefatione
2018 3253 2086 3308 ad
2123 3249 2483 3322 prodromum
2515 3247 2585 3304 de
2613 3248 2836 3305 illorum
2876 3248 3081 3319 exiguo
3107 3260 3361 3314 numero,
3412 3245 3606 3302 saltem
3650 3260 3745 3302 ve-

470 3347 674 3404 terum,
702 3339 797 3412 qui
835 3348 1030 3397 contra
1061 3340 1444 3398 Mohamedem
1499 3341 1735 3413 ejusque
1783 3340 1984 3396 librum
2016 3341 2292 3396 calamum
2321 3339 2692 3404 strinxerunt,
2725 3347 2780 3394 et
2831 3351 3008 3408 pauca
3037 3345 3190 3394 certe
3242 3335 3469 3393 nomina
3523 3337 3747 3404 recitat,

465 3422 627 3484 Joan.
664 3442 862 3500 nempe
895 3431 1318 3498 Damasccnnm,
1345 3428 1509 3487 Joan.
1534 3429 2011 3494 Cantacuzenum,
2064 3429 2286 3485 Petrum
2312 3427 2758 3491 Cluniacensem,
2794 3434 2850 3482 et
2887 3425 3178 3482 Cbaidaos
3204 3424 3367 3482 duos.
3394 3423 3558 3496 Atqui
3600 3424 3746 3480 dila-

468 3526 585 3572 tare
615 3532 910 3574 numerum
938 3534 1233 3589 parumper
1258 3526 1491 3590 poterat,
1521 3515 1696 3574 citato
1716 3513 2018 3589 Euthymio
2040 3517 2331 3590 Zygabeno
2362 3530 2486 3571 cum
2525 3514 2655 3571 aliis
2681 3514 2942 3571 brevibus
2974 3513 3248 3584 ejusmodi
3277 3513 3519 3584 scriptis.
3548 3513 3748 3569 edente

469 3604 799 3677 Sylburgio;
833 3605 1125 3662 Theodoro
1149 3607 1419 3669 Abueara.
1453 3604 1650 3662 edente
1672 3604 1957 3669 Gretsero,
1988 3621 2305 3679 quanquam
2338 3605 2432 3662 hic
2459 3621 2573 3677 prae
2603 3603 2896 3679 Zygabeno
2922 3605 3081 3662 valde
3105 3603 3288 3662 tenuis
3317 3613 3421 3661 est.
3457 3604 3563 3659 Sed
3589 3605 3741 3660 enim

468 3695 524 3746 in
560 3691 828 3750 Romanis
851 3693 948 3750 Gr.
983 3695 1270 3752 codicibus
1299 3703 1460 3751 erant
1485 3709 1500 3749 :
1531 3695 1584 3751 ί.
1607 3691 1868 3766 Ejusdem
1898 3692 2173 3766 Zygabeni
2194 3695 2446 3768 dialogus
2473 3694 2742 3751 adversus
2777 3693 3178 3760 Mobamedem,
3209 3709 3375 3764 quem
3403 3708 3509 3750 nos
3535 3695 3730 3763 vulga-

469 3780 672 3838 bimus.
707 3782 763 3839 ἓ.
806 3779 1008 3840 Nicette
1034 3783 1320 3840 Cltoniatae
1359 3780 1664 3853 capitulum
1691 3782 1745 3839 in
1781 3781 2068 3854 Paiwplia,
2113 3784 2260 3854 quod
2294 3798 2395 3839 nos
2426 3784 2480 3838 in
2525 3783 2840 3839 Romanum
2880 3782 2995 3854 jam
3034 3780 3394 3853 Spicilcgium
3426 3781 3732 3837 intulimus.

471 3868 576 3924 Sed
603 3871 748 3940 quod
779 3887 999 3927 omnem
1032 3873 1249 3942 cupiam
1281 3881 1530 3942 superat,
1558 3879 1724 3928 erant
1750 3872 1974 3928 Arabici
2028 3871 2248 3929 codices
2297 3871 2571 3936 Vaticani,
2602 3888 2841 3944 quorum
2871 3872 3180 3942 catalogum
3209 3887 3240 3927 a
3271 3871 3435 3928 nobis
3465 3886 3532 3927 ex
3573 3871 3735 3924 Asse-

470 3959 616 4013 mani
644 3960 865 4015 scliedis
883 3959 1088 4014 editum
1113 3959 1208 4029 qui
1244 3957 1460 4032 legerit,
1499 3975 1856 4017 numerosam
1885 3961 2156 4016 adversus
2188 3961 2523 4016 Alcoranum
2554 3958 3000 4016 Christianorum
3035 3960 3369 4029 scriptorum
3408 3960 3727 4014 instructam

469 4049 644 4102 aciein
668 4048 1007 4115 conspiciet;
1052 4048 1308 4104 videlicet
1338 4048 1392 4107 in
1425 4048 1713 4106 codicibus
1756 4047 2008 4106 Arabicis
2041 4050 2135 4117 99,
2173 4050 2296 4118 ΗΞ,
2335 4052 2461 4119 H3,
2500 4051 2629 4114 ili,
2675 4050 2798 4118 H8,
2830 4049 2956 4115 “9,
2987 4049 3111 4114 127,
3149 4050 3278 4112 128,
3300 4047 3427 4113 155,
3458 4048 3583 4113 Mi,
3613 4046 3739 4109 145,

472 4134 597 4200 180,
622 4135 746 4199 504.
780 4136 907 4202 545,
939 4136 1063 4202 550,
1083 4136 1214 4200 645,
1237 4146 1294 4193 et
1326 4135 1563 4195 fortasse
1587 4136 1735 4194 aliis.
1764 4136 1970 4210 Utique
1996 4154 2234 4211 magnus
2268 4136 2576 4196 Maraccius
2607 4140 2664 4194 in
2693 4138 2956 4209 praedicta
2980 4136 3302 4210 praefatione
3329 4152 3382 4207 p.
3411 4135 3444 4190 7
3473 4134 3738 4206 globatim

470 4232 741 4278 memorat
771 4223 1035 4282 Arabicos
1066 4223 1287 4281 codices
1315 4226 1661 4282 diversarum
1686 4225 1952 4283 liomanae
1973 4228 2129 4285 urbis
2164 4230 2644 4295 bibliothecarum,
2672 4228 2766 4301 qui
2806 4226 2859 4285 ei
2908 4226 3228 4299 adiumento
3273 4226 3518 4287 fuerunt.
3586 4234 3652 4279 ut
3689 4222 3743 4281 in

470 4313 696 4368 neboliis
726 4322 780 4370 et
817 4315 872 4370 in
897 4313 1187 4383 polemicis
1217 4315 1691 4388 disputationibus
1724 4325 1915 4386 postea
1966 4317 2395 4385 demonstravit,
2448 4320 2540 4375 ubi
2590 4319 2770 4375 lautas
2800 4316 3051 4374 Arabum
3089 4315 3160 4372 de
3202 4316 3309 4373 hac
3361 4313 3746 4371 controversia

470 4393 798 4471 scriptorum
821 4417 952 4472 opes
987 4403 1280 4474 exposuit;
1319 4406 1525 4461 rectius
1558 4413 1740 4460 tamen
1773 4403 2014 4474 iecisset,
2041 4408 2129 4465 vel
2154 4418 2303 4465 certe
2331 4408 2616 4466 hodiernae
2648 4405 2914 4463 methodo
2940 4403 3438 4470 accommodatius,
3465 4401 3512 4459 si
3543 4402 3744 4474 singuo

468 4491 646 4545 lorum
675 4492 873 4561 quibus
903 4504 1038 4548 usits
1067 4503 1152 4549 est
1182 4494 1439 4550 codicum
1477 4495 1800 4550 nominatim
1832 4495 2142 4569 catalogum
2179 4497 2262 4552 vel
2309 4496 2563 4553 notitiam
2598 4493 3040 4567 perscripsisset.

537 4579 655 4635 Jam
696 4597 820 4637 vero
845 4581 1059 4639 fructus
1087 4583 1252 4651 hujus
1281 4593 1484 4640 nostrae
1510 4583 1713 4642 Nicetae
1745 4583 2006 4643 editionis
2040 4586 2348 4658 multipiex,
2372 4595 2432 4644 ut
2450 4601 2634 4659 spero,
2658 4585 2886 4642 futurus
2919 4593 3028 4641 est.
3058 4582 3114 4637 i.
3139 4579 3472 4638 Cbrisﬁana!
3517 4577 3742 4649 religio-

466 4670 556 4725 nis
589 4687 725 4725 nova
762 4671 1103 4739 deiensio,et
1137 4671 1552 4729 Mobamedanae
1584 4674 2000 4744 superstitionis
2053 4672 2375 4747 fraudisque
2428 4675 2718 4732 accusatio
2742 4682 2912 4744 atque
2959 4671 3275 4728 subversio.
3304 4670 3362 4726 2.
3427 4667 3739 4740 Theologiae

467 4759 612 4829 apud
634 4759 855 4816 Graecos
881 4761 1229 4816 scholastica:
1250 4777 1350 4816 seu
1384 4761 1738 4831 speculativte
1770 4763 2066 4835 imaginem
2096 4765 2391 4835 genuinam
2422 4763 2515 4820 hic
2551 4763 2882 4835 aspicimus,
2918 4768 2976 4816 et
2998 4777 3110 4831 qua
3138 4757 3425 4824 methodo,
3461 4773 3572 4830 quo
3602 4772 3733 4810 aeuo

468 4850 636 4913 tuine.
673 4850 875 4920 quibus
912 4851 1212 4906 dialecticae
1235 4859 1289 4906 et
1323 4848 1703 4906 communium
1734 4851 2042 4914 notionum.
2071 4851 2189 4910 sive
2219 4867 2441 4916 sensus,
2477 4853 2716 4916 viribus,
2747 4849 3043 4907 Trinitatis
3077 4848 3382 4920 prmsertitn
3420 4841 3727 4916 perdifﬁcile

468 4941 974 5012 perobscnrumqne
1005 4942 1324 5011 mysterium
1357 4939 1502 5010 apud
1558 4939 1813 4997 ethnicos
1859 4937 2404 5011 Mobamedanosque
2455 4939 2758 4998 Christiani
2805 4938 3179 5009 approbarent
3213 4935 3308 4992 :in
3344 4949 3452 5006 qua
3490 4930 3736 5005 profecto

467 5023 859 5094 disputationis
886 5033 1044 5094 parte
1069 5023 1290 5081 Nicetas
1312 5034 1500 5078 uoster
1533 5024 1804 5081 mirabiiis
1831 5035 1952 5091 est;
1983 5024 2271 5101 Graecique
2305 5030 2509 5102 ingenii
2544 5037 2596 5084 et
2620 5029 2794 5084 doct-ae
2825 5023 3130 5095 solidaeque
3163 5022 3488 5079 subtilitatis
3521 5021 3740 5089 insigne

467 5115 777 5184 eactnplum
810 5115 1142 5185 suppeditat.
1168 5116 1221 5170 3.
1259 5115 1319 5171 in
1350 5113 1697 5186 singulorum
1721 5116 1954 5172 satanici
1985 5116 2109 5171 libri
2141 5119 2382 5188 capitum
2417 5115 2922 5181 cettlutationibus,
2950 5114 3217 5170 recitatur
3240 5110 3432 5167 (ἰπνοῦ
3464 5107 3745 5163 Μοιιπηθ-

466 5202 552 5256 dis
584 5212 786 5267 textus,
816 5205 898 5259 vel
933 5205 1052 5273 ipso
1082 5203 1264 5258 Nico-ta
1299 5203 1619 5273 interprete,
1656 5204 1739 5259 vel
1772 5221 1839 5260 ea
1874 5204 2120 5274 cujusvis
2147 5204 2322 5262 Graeci
2366 5206 2610 5262 hominis
2645 5204 3030 5265 translatione,
3066 5215 3234 5272 quam
3285 5215 3435 5255 nunc
3466 5211 3650 5268 neque
3689 5196 3745 5250 in

469 5290 626 5344 libris
657 5291 842 5359 editis,
873 5307 1049 5361 neque
1081 5291 1134 5345 in
1177 5291 1313 5360 ipsis
1345 5300 1402 5345 ut
1429 5291 1665 5347 arbitror
1699 5293 2094 5364 manuscriptis
2129 5295 2415 5350 codicibus
2448 5294 2633 5349 videre
2661 5302 2765 5350 est.
2803 5292 2968 5348 Certe
2989 5290 3213 5346 Gmcos
3241 5287 3583 5344 Alcorauum
3616 5299 3728 5340 non

467 5379 639 5433 semel
674 5381 1073 5444 tantummodo,
1116 5381 1210 5434 sed
1244 5379 1477 5435 {ortasse
1504 5380 1733 5450 plurius,
1761 5382 1828 5436 ad
1866 5383 2116 5454 linguam
2148 5401 2306 5440 suam
2337 5383 2708 5447 transtulisse,
2735 5379 2978 5436 dubitari
3009 5378 3240 5448 nequit;
3278 5391 3406 5432 cum
3438 5375 3746 5428 immanem

465 5477 673 5524 sectam
703 5469 759 5521 in
787 5476 1102 5538 prospectu,
1145 5469 1258 5522 imo
1288 5477 1344 5523 et
1369 5469 1422 5525 in
1455 5470 1668 5539 imperii
1700 5471 2001 5529 visceribus
2031 5483 2307 5542 receptam
2341 5473 2629 5536 haberent,
2667 5481 2876 5527 etcum
2909 5469 3036 5541 ejus
3072 5466 3399 5522 doctoribus
3425 5460 3746 5518 necessario

464 5556 904 5620 contenderent;
942 5557 994 5611 id
1025 5558 1168 5626 quod
1203 5555 1391 5613 Graeca
1426 5569 1783 5614 monumenta
1819 5561 2180 5631 superstitum
2211 5559 2654 5632 disputationum
2700 5568 2996 5615 testantur.
3052 5556 3212 5612 Nunc
3251 5555 3439 5624 itaque
3481 5549 3748 5606 festivum

463 5652 549 5700 est
581 5645 793 5709 videro,
816 5656 1157 5716 quantcpere
1196 5646 1471 5703 interdum
1504 5647 1730 5703 Gra‘cus
1759 5649 2016 5705 Aicorani
2047 5657 2230 5705 textus
2251 5649 2393 5721 apud
2428 5647 2677 5706 Nic-ctam
2715 5649 2789 5704 ab
2827 5647 3087 5711 Arabico,
3111 5659 3275 5716 quem
3299 5639 3744 5714 vulgolegimus.

462 5731 685 5790 differat
717 5753 730 5790 :
766 5751 932 5806 quam
967 5752 1103 5800 rem,
1142 5734 1339 5800 partim
1368 5751 1432 5791 ex
1471 5736 1787 5808 interpretis
1821 5738 2003 5795 Graeci
2034 5738 2330 5811 imperitia,
2363 5736 2564 5809 partim
2595 5740 2666 5794 ob
2700 5739 2982 5811 poiysetna
3034 5735 3284 5791 Arabicae
3333 5733 3536 5802 lingua:
3567 5740 3736 5782 voca-

467 5825 617 5892 oula,
649 5825 849 5896 partim
879 5824 1117 5895 denique
1151 5834 1373 5898 propter
1427 5825 1600 5899 ipsius
1655 5827 1920 5885 Alcoraui
1975 5829 2288 5888 editionum
2354 5829 2704 5894 varietatem,
2763 5828 3066 5899 contigisse
3099 5817 3435 5882 credendum
3461 5826 3570 5877 est.
3601 5812 3740 5873 Nam
