4098 6316
275 451 278 454 ,
381 376 488 442 679

1656 357 1960 424 NICET/E
1997 353 2412 418 BYZANTINI

3558 342 3674 411 680

383 485 618 556 accepit.
648 480 801 550 Quod
849 477 894 535 si
931 477 1008 533 ita
1031 486 1135 543 est,
1165 475 1254 530 vel
1285 487 1314 530 a
1347 486 1406 529 se
1442 471 1564 543 ipso
1595 484 1717 525 eam
1752 471 1967 540 accepit
1995 522 1998 531 ,

2103 467 2315 537 ῐληφεν,
2363 465 2396 536 ἢ
2430 462 2562 533 παρ’
2613 460 2839 532 ἑτέρου·
2887 457 3002 514 ἀλλ’
3029 457 3080 513 ei
3113 456 3214 529 μὲν
3257 456 3399 530 παρ’
3450 456 3675 526 ἑαυτοῦ,

383 581 471 635 vel
502 550 571 634 ab
598 576 726 631 alio.
754 571 876 629 Jam
918 569 969 626 si
1013 585 1043 624 a
1076 582 1137 624 se
1163 567 1286 638 ipso
1320 563 1554 634 accepit,
1588 561 1674 616 vel
1706 570 1969 628 tauquam

2103 560 2199 629 iret
2241 557 2320 622 ὡς
2366 556 2508 627 ἔχων
2555 553 2786 624 δύναμιν
2844 551 3054 624 ταύτην
3101 551 3327 623 εἴληφεν
3353 593 3369 618 ,
3409 550 3545 626 ἢὼς
3597 551 3675 622 μὴ

381 671 494 744 jam
528 668 735 724 habens
773 679 893 721 eam
939 661 1168 731 accepit,
1209 659 1296 713 vel
1334 671 1518 713 secus.
1563 652 1670 710 Sed
1701 651 1973 744 siquidem

2103 665 2250 723 κων·
2315 649 2433 706 ἀλλ’
2481 649 2530 703 el
2588 647 2688 718 μὲν
2749 646 2827 710 ὡς
2871 647 2948 718 μὴ
3001 643 3187 717 ἔχων,
3244 645 3501 700 οὐδέποτε
3539 645 3680 699 ταύ-

385 736 648 831 tauqnam
682 771 789 811 non
813 755 1041 817 ha‘bens,
1078 764 1362 819 nunquam
1389 749 1532 802 hanc
1559 745 1811 816 accipiet.
1834 739 1972 797 Nam

2103 761 2180 815 την
2227 741 2490 815 λήψεται·
2540 743 2638 796 καὶ
2673 739 2784 812 γὰρ
2820 738 2882 793 τὸ
2929 737 3223 803 ’ἀδυνάτως
3271 739 3397 810 [Iov
3443 739 3582 810 πρὸς
3614 736 3678 793 τὸ

385 853 484 924 qui
518 863 602 907 est
640 854 858 920 ineptus
893 840 960 901 ad
1014 843 1323 900 faciendum
1378 839 1611 912 aliquid,
1650 839 1755 894 hoc
1793 837 1978 908 ipsum

389 945 600 1003 scilicet
635 942 818 997 facere
844 954 952 994 non
977 944 1174 1008 potest.
1207 933 1365 1001 Quod
1397 933 1444 988 si
1477 944 1739 1002 tanquam
1771 929 1980 984 habens

388 1034 635 1105 accepit},
681 1033 859 1104 primo
899 1030 1122 1102 quidem
1175 1027 1305 1097 quid
1355 1025 1586 1090 obstat,
1617 1030 1676 1078 ut
1717 1021 1981 1093 quoniam

391 1127 763 1200 sempiternus
788 1133 932 1186 erat,
976 1119 1219 1192 potentia
1253 1132 1477 1190 quoque
1504 1115 1767 1187 praeditus
1793 1111 1983 1169 esset?

393 1221 600 1278 Deinde
628 1217 759 1274 hinc
782 1215 1072 1273 exsisteret
1097 1210 1344 1283 potentia
1369 1207 1625 1280 potentia
1646 1247 1662 1274 ,
1690 1205 1986 1276 multaeque

393 1313 450 1367 in
484 1309 596 1365 Deo
629 1306 889 1380 potentiae
923 1304 1150 1369 ﬂerent;
1197 1300 1342 1372 quod
1372 1313 1528 1367 atque
1569 1294 1861 1352 manifeste
1888 1309 1986 1348 nec

393 1397 638 1471 gaudum
669 1403 771 1451 est.
805 1392 926 1449 1am
973 1393 1019 1449 si
1049 1408 1079 1446 a
1108 1407 1168 1447 se
1203 1391 1324 1460 ipso
1365 1389 1506 1443 hanc
1533 1387 1836 1456 p0tentiatn
1867 1399 1978 1439 non

397 1490 632 1561 accepit,
662 1495 914 1560 superest
944 1495 1003 1540 ut
1037 1484 1106 1539 ab
1155 1483 1285 1537 alio.
1320 1481 1425 1536 Sed
1453 1479 1500 1536 si
1539 1479 1609 1533 ab
1636 1478 1768 1543 alio,
1800 1476 1989 1547 utique

400 1584 487 1638 rel
532 1583 603 1638 ab
656 1581 855 1652 aequali
906 1578 988 1633 vel
1029 1592 1061 1632 a
1101 1576 1316 1630 minore
1343 1572 1426 1629 vel
1461 1587 1492 1627 a
1543 1570 1791 1626 meliore.
1829 1567 1986 1637 Quod

400 1677 623 1747 quidem
653 1688 683 1728 a
710 1673 928 1728 nemine
957 1669 1252 1739 acceperit,
1282 1665 1414 1721 inde
1430 1671 1667 1730 constat,
1697 1662 1824 1734 quia
1841 1661 1991 1734 quod

399 1770 702 1842 perﬁcitur,
737 1782 767 1821 a
793 1765 1023 1822 meliore
1057 1761 1338 1834 perﬁcitur
1373 1775 1388 1815 :
1424 1757 1570 1829 quod
1598 1768 1781 1813 autem
1809 1756 1992 1811 minus

2080 836 2257 891 ποιεῖν
2277 852 2353 900 τι,
2379 833 2642 888 ἀδύνατόν
2672 834 2792 886 ἐστι
2822 828 2982 885 τοῦτο
3008 832 3219 884 ποιεῖν’
3256 831 3304 884 ei
3333 831 3390 886 δὲ
3415 829 3491 896 ὡς
3512 829 3676 902 ἔχων,

2082 926 2300 999 πρῶτον
2332 927 2431 997 μὲν
2455 925 2507 980 τι
2529 925 2591 980 τὸ
2617 923 2827 980 κωλύον
2858 923 3007 990 ἐξότε
3036 918 3107 995 ἦν
3138 922 3333 989 ἀΐδιος,
3375 923 3452 996 μὴ
3484 925 3579 978 καὶ
3607 923 3672 977 τὸ

2081 1018 2344 1075 δύνασθαι
2394 1018 2574 1090 ἔχεινς
2608 1018 2802 1072 ἔπειτα
2839 1017 2937 1072 καὶ
2985 1015 3348 1088 εὑρεθήσεται
3379 1017 3478 1088 τῆς
3510 1016 3675 1072 δυνά-

2086 1129 2236 1181 μεως
2266 1111 2520 1182 δύναμις,
2561 1113 2654 1166 καὶ
2681 1109 2876 1165 πολλαὶ
2917 1110 3181 1182 δυνάμεις
3214 1110 3306 1165 ἐπὶ
3343 1109 3504 1173 Θεοῦ,
3539 1110 3680 1182 ὅπερ

2084 1207 2183 1262 καὶ
2228 1205 2389 1260 τοῦτο
2419 1204 2608 1276 σαφῶς
2657 1204 3017 1278 ὲλήλεγκταιο
3051 1205 3154 1260 οὐκ
3178 1203 3288 1278 ἄρα
3319 1205 3452 1275 παρ’
3485 1204 3680 1260 ἑαυτοῦ
3755 1239 3758 1241 λ

2085 1296 2291 1368 ταύτην
2338 1296 2582 1368 εἴληφεν,
2627 1294 2878 1353 λείπεται
2911 1295 3044 1370 παρ’
3076 1296 3300 1371 ἑτέρου·
3349 1297 3466 1352 ἀλλ’
3493 1298 3541 1350 εἰ
3583 1298 3686 1371 μὲν

2087 1390 2221 1464 παρ’
2253 1391 2464 1462 ἑτέρου,
2516 1390 2636 1464 ἦτοι
2684 1390 2794 1444 ἀπὸ
2819 1390 2938 1446 ῐσου
2969 1388 3003 1462 ἢ
3035 1389 3131 1444 ἀπ’
3170 1387 3476 1455 ἐλάττονος,
3511 1390 3544 1462 ἢ
3574 1391 3684 1444 ἀπὸ

2089 1483 2431 1557 κρείττονος·
2465 1482 2580 1538 ἀλλ’
2606 1482 2691 1538 ὅτι
2727 1481 2828 1554 μὲν
2850 1483 2953 1538 οὐκ
2987 1482 3082 1538 ἀπ’
3107 1481 3325 1549 οὐδενὸς
3353 1482 3516 1538 τοῦτο
3537 1483 3686 1538 ἑνδέ-

2088 1591 2269 1648 χςται,
2325 1574 2581 1630 ιντεῦθεν
2628 1573 2826 1644 δῆλον⁸
2855 1572 2919 1628 τὸ
2964 1573 3065 1645 μὲν
3111 1573 3222 1646 γὰρ
3277 1571 3678 1644 τελειούμενον,

2091 1667 2202 1724 ἀπὸ
2239 1667 2552 1738 κρείττονος
2600 1664 2942 1722 τελειοῦταιο
2984 1665 3049 1720 τὸ
3087 1665 3146 1720 δὲ
3183 1665 3440 1728 ἔλαττον,
3493 1655 3681 1737 χεῖρόν

2093 1761 2212 1816 ἔστι
2235 1776 2252 1794 ο
2285 1761 2380 1816 καὶ
2417 1760 2478 1815 τὸ
2523 1759 2638 1814 ἴσον
2682 1759 2912 1830 δμοιονο
2960 1755 3227 1830 κρείττων
3251 1756 3309 1812 δὲ
3347 1755 3509 1812 πάλιν
3536 1752 3676 1810 Θεοῦ

399 1873 504 1929 est,
539 1862 781 1917 deterius
821 1868 947 1927 est;
981 1867 1038 1913 et
1066 1855 1297 1925 aequale,
1331 1853 1607 1908 similiter.
1631 1850 1797 1922 Atqui
1827 1864 1991 1906 nemo

2103 1853 2196 1905 :n‘m
2243 1849 2428 1905 ἐστιν·
2476 1852 2526 1904 εἰ
2571 1848 2681 1920 γὰρ
2707 1849 2866 1904 τοῦτο
2915 1847 3033 1921 δοίη
3079 1865 3186 1912 τις,
3217 1848 3370 1903 ἔσται
3414 1846 3509 1902 τοῦ
3539 1844 3677 1901 Θεοῦ

402 1955 512 2011 Ι)εο
564 1953 757 2008 melior
785 1961 908 2018 est;
944 1966 1069 2006 nam
1102 1949 1148 2004 si
1182 1948 1289 2002 hoc
1333 1945 1627 2016 quisquam
1664 1943 1779 1999 ﬁeri
1829 1957 1992 2014 posse

398 2045 686 2109 concedat,
716 2045 821 2098 erit
850 2041 944 2097 Dei
977 2040 1143 2104 Deus,
1178 2039 1420 2108 itemque
1448 2036 1589 2090 alius
1620 2035 1766 2091 Deus
1788 2053 1802 2102 ;
1827 2035 1992 2106 idque

400 2139 459 2194 in
489 2137 764 2192 inﬁnitum
809 2137 1088 2206 procedet.
1134 2134 1302 2204 Igitur
1360 2145 1711 2201 nequaquam
1758 2129 1902 2186 Deus
1924 2129 1992 2184 ab

398 2229 510 2286 alio
545 2229 844 2301 potentiam
881 2244 1037 2285 suam
1078 2228 1305 2298 recepit.

471 2321 527 2379 8.
561 2321 835 2390 Quoniam
891 2321 1077 2391 itaque
1104 2320 1248 2376 Deus
1279 2338 1456 2393 neque
1493 2337 1521 2378 a
1565 2337 1625 2379 se
1665 2321 1805 2392 ipso,
1849 2319 1991 2374 mul-

403 2423 568 2487 toque
592 2415 777 2470 minus
800 2413 872 2468 ab
907 2414 1018 2468 alio
1059 2416 1356 2484 potentiam
1400 2431 1554 2472 suam
1588 2414 1806 2485 recipit,
1842 2419 1994 2484 patet

403 2506 587 2576 ipsum
637 2505 842 2559 habere
888 2504 1035 2558 illam
1068 2503 1441 2575 congcnitam.
1505 2503 1603 2560 Est
1657 2514 1840 2558 autem
1875 2505 1996 2576 ipse

404 2611 624 2669 semper
651 2613 666 2664 ;
697 2611 828 2668 ergo
874 2604 928 2652 et
958 2595 1129 2664 ipsius
1157 2597 1449 2666 sapientia,
1479 2611 1587 2668 qua
1632 2605 1827 2667 potens
1884 2603 1990 2662 est,

402 2699 590 2759 etqua
616 2699 896 2758 operatur,
959 2702 1180 2758 semper
1207 2697 1314 2743 est.
1368 2687 1524 2755 Quod
1554 2688 1601 2744 si
1641 2697 1871 2754 aeterna,
1911 2693 1996 2741 est

404 2779 570 2834 etiam
597 2788 857 2849 perpetua
894 2785 950 2834 et
985 2777 1388 2849 intemporalis.
1421 2779 1542 2835 Jam
1599 2779 1746 2852 quod
1777 2792 1997 2848 semper

404 2880 510 2935 est,
539 2868 591 2922 id
627 2876 891 2923 aeternum
923 2877 1009 2924 est
1036 2877 1092 2924 et
1120 2879 1447 2940 perpetuum
1482 2880 1537 2926 et
1565 2869 1928 2942 intemporale
1945 2877 2001 2924 et

407 2947 712 3016 increatum
743 2965 799 3014 et
828 2973 936 3014 non
952 2956 1182 3015 factum.
1201 2958 1494 3032 Colligitur
1521 2977 1675 3034 ergo,
1701 2961 1999 3034 potentiam

407 3049 530 3117 Dei,
559 3064 668 3121 qua
699 3059 896 3121 potens
925 3058 1032 3117 est,
1063 3061 1119 3107 et
1164 3067 1274 3124 qua
1313 3053 1452 3126 agit,
1483 3062 1541 3110 et
1573 3055 1695 3111 sine
1726 3067 1833 3126 qua
1860 3053 2002 3110 nihil

407 3143 546 3214 agit,
579 3140 840 3199 infectam
864 3157 989 3199 esse
1012 3153 1178 3215 atque
1223 3146 1553 3204 increatam.
1581 3146 1696 3204 lam
1723 3163 1855 3204 vero
1890 3163 1998 3204 non

2099 1943 2256 2008 Θεὸς,
2287 1942 2384 1997 καὶ
2413 1941 2574 1997 πάλιν
2609 1941 2771 2006 ἄλλος
2799 1941 2954 2006 Θεὸς,
3000 1941 3100 1996 καὶ
3131 1937 3279 1994 τοῦτ’
3304 1939 3383 2004 εἰς
3417 1937 3642 2010 ἄπειρον
3661 1955 3680 1974 ο

2099 2038 2201 2092 οὐκ
2250 2037 2360 2108 ἄρα
2406 2037 2436 2090 ὁ
2477 2035 2611 2100 Θεὸς
2660 2034 2792 2106 παρ’
2844 2035 3034 2108 ἑτέρου
3084 2033 3184 2107 τὴν
3232 2032 3398 2088 αὑτοῦ
3452 2031 3686 2104 δύναμιν

2099 2131 2342 2204 εἴληφεν.

2177 2315 2248 2382 η’.
2287 2307 2444 2366 Ἐπεὶ
2469 2303 2606 2362 οὖνὸ
2628 2306 2908 2374 Θεὸςόὓτε
2943 2309 3074 2378 παρ’
3105 2305 3327 2369 ἑαυτοῦ,
3356 2305 3483 2360 οὔτε
3507 2299 3690 2373 πολλῷ

2107 2405 2311 2479 μᾶλλον
2341 2405 2472 2475 παρ’
2513 2403 2702 2474 ἐτέρου
2735 2402 2836 2474 τὴν
2863 2401 3030 2456 αὑτοῦ
3079 2400 3312 2471 δύναμιν
3357 2397 3684 2468 εἰσδέχεται,

2102 2499 2262 2572 δῆλον
2299 2499 2384 2554 ὅτι
2417 2497 2697 2569 σύμφυτον
2748 2495 2918 2568 αὐτὴν
2962 2495 3112 2567 ἔχει·
3153 2492 3351 2549 ἔστιδὲ
3381 2492 3542 2556 αὐτὸς
3575 2492 3686 2556 ἀεὶ,

2106 2592 2204 2647 καὶ
2235 2591 2271 2662 ἡ
2301 2588 2467 2645 αὐτοῦ
2512 2589 2764 2659 δύναμις,
2793 2588 2917 2643 καθ’
2945 2588 3014 2659 ἣν
3043 2588 3160 2642 ἔστι
3202 2585 3453 2652 δυνατὸς,
3496 2587 3592 2640 καὶ
3616 2585 3688 2638 δι’

2104 2678 2174 2756 ἧς
2201 2684 2366 2750 ποιεῖ,
2390 2682 2644 2738 ἀείὲστιν
2663 2699 2680 2713 ο
2707 2683 2758 2735 ει
2779 2677 2872 2734 οὖν
2898 2680 2984 2734 ἀει
3011 2681 3150 2743 ἐστι,
3169 2681 3265 2734 καὶ
3294 2678 3512 2744 αἰώνιός
3537 2679 3688 2733 ἐστι’

2105 2779 2157 2832 si
2183 2775 2240 2832 δὲ
2260 2774 2501 2842 αἰώνιος,
2535 2776 2630 2830 καὶ
2661 2773 2834 2840 ἀΐδιος
2862 2774 2956 2828 καὶ
2987 2773 3217 2846 ἇχρονος
3240 2789 3258 2807 ο
3293 2775 3404 2827 πᾶν
3431 2774 3490 2827 δὲ
3515 2773 3577 2828 τὸ
3602 2774 3693 2828 ἀεὶ

2105 2870 2189 2938 ὸν,
2220 2871 2317 2927 καὶ
2343 2869 2563 2926 αἰώνιον
2588 2870 2686 2925 καὶ
2716 2867 2888 2923 ἀΐδιον
2916 2867 3012 2923 καὶ
3031 2868 3262 2940 ἄχρονον
3293 2867 3390 2921 καὶ
3433 2866 3690 2922 ἄκτιστον

2108 2963 2203 3018 καὶ
2231 2961 2496 3033 ἀγένητόν
2522 2963 2670 3016 ἔστι·
2712 2961 3007 3031 συνάγεται
3035 2961 3144 3031 ἄρα
3176 2959 3260 3013 ὅτι
3283 2960 3316 3031 ἡ
3344 2959 3574 3031 δύναμις
3592 2959 3688 3013 τοῦ
3805 2994 3808 2995 ν

2107 3055 2247 3112 Θεοῦ
2291 3055 2416 3112 καθ’
2444 3056 2516 3130 ἡν
2543 3057 2662 3111 ἔστι
2690 3053 2938 3121 δυνατὸς,
2983 3054 3078 3109 καὶ
3104 3052 3173 3108 δι’
3210 3048 3279 3127 ἦς
3305 3054 3472 3121 ποιεῖ,
3503 3053 3596 3108 καὶ
3618 3047 3693 3126 ἧς

2111 3151 2284 3224 χωρὶς
2329 3149 2486 3206 οὐδὲν
2529 3150 2695 3215 ποιεῖ,
2749 3148 3017 3219 ἀγένητος
3063 3148 3156 3202 καὶ
3195 3147 3453 3210 ἄκτιστός
3505 3149 3689 3202 ἔστιν’

406 3235 614 3291 factum
639 3251 672 3291 a
725 3250 837 3291 non
869 3234 1040 3304 facto,
1068 3247 1343 3308 quatenus
1385 3255 1497 3296 non
1541 3247 1628 3298 est
1667 3240 1904 3306 factum,
1947 3249 1998 3298 et

2107 3243 2375 3320 ἀγένητον
2397 3241 2458 3298 δὲ
2484 3243 2754 3314 ἀγενήτῳ,
2786 3241 2912 3296 καθ’
2941 3240 2970 3295 δ
3008 3240 3072 3296 οὐ
3118 3240 3378 3312 γέγονεν’
3411 3241 3507 3295 καὶ
3530 3240 3690 3295 ἄκτι-

409 3327 719 3384 increatum
752 3328 822 3382 a‘b
853 3327 1129 3395 iucreato,
1167 3339 1444 3401 quatenus
1467 3347 1580 3387 non
1612 3341 1700 3389 est
1729 3340 2000 3400 creatum,

411 3429 613 3478 natura
643 3420 782 3477 nihil
826 3422 971 3476 inter
1006 3437 1067 3480 se
1093 3422 1387 3492 diﬂ‘erent;
1420 3426 1567 3496 quod
1607 3426 1655 3482 si
1696 3441 1808 3481 non
1842 3425 2003 3482 dill‘e-

410 3521 566 3581 runt,
593 3515 737 3570 idem
783 3523 911 3570 sunt
934 3533 949 3582 ;
975 3525 1029 3572 et
1067 3517 1114 3572 si
1146 3516 1311 3586 idem,
1344 3518 1590 3589 ejusdem
1626 3534 1844 3590 quoque
1900 3534 2001 3576 na-

413 3618 554 3663 tura:
632 3616 782 3675 sunt,
848 3609 1355 3676 consubstantialia,
1410 3620 1466 3667 et
1540 3612 1801 3684 quidquid
1859 3613 2009 3686 ejus-

413 3700 561 3756 modi
618 3709 724 3760 est.
774 3701 938 3774 Atqui
1008 3689 1153 3758 Deus
1204 3712 1289 3759 est
1339 3703 1575 3760 infectus
1603 3712 1660 3760 et
1688 3705 2004 3774 increatus;

412 3807 546 3863 ergo
573 3808 729 3865 aque
750 3794 996 3865 potentia
1033 3795 1175 3866 ejus.
1204 3795 1378 3852 Porro
1411 3811 1581 3851 unum
1607 3803 1694 3854 est
1740 3796 2004 3853 inlectum

415 3895 613 3942 natura
644 3896 698 3942 et
724 3886 1057 3953 increatum,
1086 3889 1234 3945 sicut
1287 3904 1613 3946 communes
1637 3890 1892 3947 notiones
1917 3906 2008 3948 ac-

416 3989 610 4036 curate
665 3988 857 4036 tenent
898 3999 912 4034 :
951 3982 1230 4055 colligitur
1251 3997 1405 4054 ergo,
1461 3992 1525 4039 ut
1577 3983 1671 4039 Dei
1742 3986 2007 4056 potentia,

420 4087 529 4142 qua
560 4071 765 4127 dicitur
815 4083 1030 4144 petens,
1083 4086 1140 4130 et
1184 4090 1293 4146 qua
1321 4076 1455 4146 agit,
1487 4086 1541 4130 ct
1570 4076 1690 4132 sine
1735 4093 1842 4147 qua
1873 4077 2008 4133 nihil

426 4164 561 4234 agit,
594 4166 1084 4222 consubstantialis
1114 4177 1169 4221 et
1195 4167 1441 4238 ejusdem
1481 4178 1691 4224 natura:
1732 4183 1856 4224 cum
1902 4169 2011 4226 Deo

423 4259 515 4314 sit.
548 4257 682 4325 Quae
734 4259 782 4314 si
817 4260 896 4314 lta
943 4276 1004 4318 se
1055 4261 1282 4325 habent,
1323 4263 1439 4332 ipsa
1497 4279 1720 4334 quoque
1767 4265 2008 4336 potentia

420 4347 569 4403 Deus
608 4356 712 4404 est.
752 4350 868 4421 Age
893 4365 1023 4406 vero
1054 4352 1199 4422 quod
1239 4367 1305 4408 ex
1331 4353 1417 4410 his
1457 4355 1599 4410 haud
1628 4360 1739 4412 duo
1777 4356 1854 4412 dii
1875 4373 2012 4412 con-

416 4452 672 4510 surgant,
701 4451 762 4497 ut
785 4443 1021 4513 Agareni
1048 4445 1214 4501 stulte
1254 4446 1413 4502 nobis
1443 4447 1763 4513 inclamant,
1816 4451 2011 4506 subse-

417 4548 597 4606 quens
639 4543 830 4591 nostra
900 4535 1079 4592 oratio
1153 4537 1584 4608 demonstrabit;
1655 4558 1782 4598 cum
1830 4545 2006 4613 ipsum

417 4641 636 4699 quoque
667 4626 954 4697 Spiritum,
989 4629 1080 4700 qui
1112 4630 1163 4683 in
1197 4629 1304 4686 Deo
1334 4640 1438 4697 est,
1467 4641 1726 4705 tanquam
1759 4635 2004 4704 ejusdem

419 4727 631 4772 naturae
666 4725 722 4772 et
746 4719 1276 4775 consubstantialem
1309 4721 1420 4777 Deo
1447 4723 1679 4795 ejusque
1730 4726 2004 4795 potentiae,

418 4825 544 4881 quae
573 4818 628 4865 et
663 4808 944 4880 Sapientia
971 4819 1026 4867 et
1049 4810 1289 4869 Verbum
1323 4812 1422 4870 Dei
1453 4817 1724 4886 potentia,
1765 4833 1869 4886 qua
1928 4819 2012 4874 di-

418 4903 568 4960 citur
613 4913 832 4976 potens,
899 4913 948 4960 et
982 4922 1088 4976 qua
1133 4909 1266 4978 agit,
1319 4921 1375 4963 et
1410 4910 1530 4965 sine
1563 4926 1672 4980 qua
1708 4910 1844 4966 nihil
1876 4911 2008 4983 agit,

419 5011 652 5067 quaeque
716 5005 772 5052 et
835 4995 1070 5053 Verbum
1131 4998 1224 5055 Dei
1256 5011 1313 5056 et
1354 5001 1623 5072 sapientia
1683 5003 1908 5072 dicitur,
1950 5010 2013 5061 ut

418 5099 604 5145 vestra
651 5105 872 5161 quoque
913 5091 1186 5162 scriptura
1249 5103 1519 5161 testatur;
1579 5096 1724 5163 quod
1756 5098 1891 5161 haec,
1921 5096 2007 5152 in-

419 5197 610 5254 quam,
666 5185 936 5254 potentia,
998 5201 1106 5242 non
1159 5187 1231 5241 sit
1293 5188 1486 5243 alienae
1539 5188 1880 5256 substantiae,
1941 5205 2006 5245 ac

419 5273 591 5329 veluti
625 5276 905 5343 accidens,
938 5287 998 5334 ut
1019 5293 1117 5334 vos
1142 5279 1344 5344 dicitis,
1399 5279 1493 5336 sed
1546 5279 1793 5347 ejusdem
1824 5281 2005 5350 potius

421 5379 636 5422 natura:
683 5374 740 5423 et
783 5370 1276 5427 consubstantiatis
1317 5369 1452 5437 Deo,
1499 5379 1687 5441 utpote
1715 5386 1826 5426 non
1862 5370 2003 5427 facta

421 5469 479 5516 et
510 5460 778 5524 iucreata.
808 5461 862 5518 id
895 5461 999 5518 hac
1031 5462 1246 5520 ratione
1286 5464 1345 5518 ﬁt
1375 5463 1621 5518 evidens.

492 5553 546 5609 9.
580 5551 726 5610 Deus
756 5555 1204 5627 simplicissimus
1231 5566 1338 5623 est,
1378 5565 1433 5611 et
1477 5555 1700 5611 cuilibet
1734 5557 2003 5626 composi-

422 5643 558 5700 tioni
616 5647 1004 5717 compositaeve
1057 5649 1567 5720 notionisuperior,
1601 5658 1661 5706 ut
1697 5649 2006 5709 communis

488 5830 569 5904 (tt
593 5831 722 5888 ειη.
758 5830 851 5901 ιν,
896 5834 1014 5892 169.

2108 3355 2237 3393 στον
2258 3337 2524 3409 ἀκτιστῳ,
2547 3335 2671 3390 καθ’
2700 3335 2731 3392 δ
2759 3336 2858 3389 οὐκ
2875 3332 3145 3400 ἔκτισται,
3174 3334 3316 3390 κατὰ
3347 3335 3515 3409 φύσιν
3539 3335 3692 3389 οὐδὲν

2103 3431 2324 3487 διοίσειν
2351 3433 2401 3485 εἰ
2430 3433 2486 3486 δὲ
2517 3430 2671 3486 οὐδὸν
2699 3430 2910 3494 διοίσει,
2949 3429 3147 3484 σεαυτόν
3183 3430 3334 3485 ιστιν
3355 3448 3370 3463 ·
3403 3430 3453 3484 εἰ
3481 3428 3538 3484 δὲ
3564 3445 3694 3484 ταυ-

2105 3524 2200 3579 τὸν
2224 3563 2243 3592 ,
2293 3525 2387 3579 καὶ
2439 3522 2682 3596 ὀμοφυὲς
2724 3524 2820 3576 καὶ
2864 3523 3152 3594 ὁμοούσιον
3198 3523 3298 3578 καὶ
3340 3523 3443 3580 ὅσα
3484 3523 3698 3588 τούτοις

2107 3615 2271 3687 ὅμοια
2293 3631 2305 3646 ο
2340 3613 2459 3670 ἔστι
2502 3615 2561 3670 δὲ
2605 3615 2702 3669 καὶ
2736 3615 2764 3668 δ
2792 3613 2926 3678 Θεὸς
2954 3613 3219 3686 ἀγένητος
3269 3613 3367 3670 καὶ
3414 3614 3696 3680 ἄκτιστος,

2109 3706 2226 3761 ἔστι
2253 3705 2312 3760 δὲ
2345 3706 2441 3760 καὶ
2471 3708 2506 3778 ὴ
2541 3705 2706 3762 αὐτοῦ
2735 3704 2972 3777 δύναμις
2993 3720 3008 3737 ο
3038 3705 3095 3760 ἓν
3117 3705 3175 3762 δὲ
3203 3705 3266 3761 τὸ
3295 3704 3563 3776 ἀγένητον
3593 3705 3695 3761 καὶ

2109 3801 2366 3856 ἄκτιστον
2415 3803 2481 3872 τῇ
2527 3802 2710 3870 φύσει,
2763 3801 2840 3864 ὡς
2873 3799 2932 3853 αἱ
2959 3801 3141 3855 κοιναὶ
3191 3799 3392 3854 ἔννοιαι
3442 3797 3693 3868 ἀκριϐῶς

2110 3894 2328 3966 ἔχουσι·
2363 3895 2656 3964 συνάγεται
2684 3895 2793 3966 ἄρα
2825 3895 2907 3948 ὃτι
2941 3896 2976 3966 ἠ
3002 3893 3232 3964 δύναμις
3274 3891 3368 3946 τοῦ
3406 3889 3543 3944 Θεοῦ
3566 3879 3690 3945 καθ’

2111 3989 2180 4060 ἣν
2214 3987 2433 4057 λέγεται
2470 3987 2720 4055 δυνατὸς,
2759 3989 2854 4041 καὶ
2893 3988 2962 4042 δι’
2984 3982 3054 4060 ἦς
3081 3986 3244 4053 ποιεῖ,
3284 3986 3379 4038 καὶ
3403 3979 3473 4058 ἧς
3513 3983 3692 4055 χωρὶς

2111 4078 2266 4137 οὐδὲν
2294 4081 2460 4146 ποιεῖ,
2501 4079 2786 4150 ὁμοούσιός
2811 4081 2928 4135 ἐστι
2956 4079 3048 4134 καὶ
3076 4077 3322 4151 ὁμοφυὴς
3351 4076 3430 4148 τῷ
3456 4075 3578 4148 Θεῷ
3598 4091 3613 4110 ο
3643 4076 3694 4133 ει

2110 4169 2170 4223 δὲ
2197 4169 2378 4238 τοῦτο,
2406 4173 2502 4225 καὶ
2531 4172 2670 4244 αὕτη
2695 4172 2830 4236 Θεός
2853 4188 2869 4205 ·
2901 4171 2998 4226 καὶ
3029 4171 3112 4226 ὄτι
3137 4171 3251 4225 κάκ
3281 4171 3489 4226 τούτων
3513 4170 3576 4225 οὐ
3602 4169 3700 4227 δύο

2113 4264 2246 4330 οεοὶ,
2281 4266 2358 4330 ὡς
2385 4266 2538 4321 αὐτοὶ
2563 4267 2775 4335 ἀλόγως
2814 4269 2964 4340 ἡμᾶς
2989 4266 3407 4338 ἐπιφημίζουσι,
3439 4283 3700 4337 παρακαι-

2110 4358 2244 4410 τιὼν
2279 4355 2308 4407 ὁ
2337 4355 2496 4426 λόγος
2524 4354 2712 4425 δείξει,
2748 4357 2830 4410 ὅτι
2861 4358 2955 4411 καὶ
2988 4356 3049 4412 τὸ
3089 4355 3316 4428 Πνεῦμα
3350 4357 3443 4411 καὶ
3474 4356 3608 4410 αὐτὸ
3642 4357 3700 4410 ὲν

2113 4449 2191 4520 τῷ
2221 4448 2339 4521 Θεῷ
2371 4448 2446 4513 ὡς
2471 4449 2715 4520 ὁμοφυὲς
2761 4450 2857 4504 καὶ
2903 4449 3194 4523 ὁμοούσιον
3226 4450 3306 4522 τῷ
3337 4468 3396 4504 τε
3432 4449 3554 4520 Θεῷ
3604 4452 3702 4504 καὶ

2113 4543 2178 4612 τῇ
2203 4542 2368 4596 αὑτοῦ
2401 4543 2650 4614 δυνάμει,
2679 4543 2712 4615 ἢ
2742 4544 2836 4597 καὶ
2863 4542 3032 4613 Σοφία
3061 4544 3154 4597 καὶ
3179 4546 3351 4612 Λόγος
3375 4542 3512 4598 Θεοῦ
3547 4543 3703 4612 λέγε-

2112 4653 2224 4702 ται,
2253 4635 2466 4706 τρανῶς
2501 4636 2944 4710 διαγορεύσειεν·
2965 4637 3082 4692 ἀλλ’
3111 4638 3196 4692 ὅτι
3227 4639 3326 4709 μὸν
3357 4637 3454 4692 καὶ
3479 4639 3513 4710 ἡ
3539 4637 3700 4692 δύνα-

2115 4745 2206 4800 μις
2233 4727 2327 4782 τοῦ
2351 4729 2488 4784 Θεοῦ
2511 4731 2630 4784 καθ’
2648 4731 2713 4802 ἢν
2734 4730 2954 4799 λέγεται
2976 4730 3226 4798 δυνατὸς,
3249 4734 3340 4786 xa‘t
3357 4732 3426 4785 δι’
3443 4728 3508 4802 ἦς
3531 4733 3696 4796 ποιεῖ,

2112 4821 2206 4874 καὶ
2233 4815 2302 4893 ἧς
2329 4823 2502 4894 χωρὶς
2544 4823 2701 4878 οὐδὲν
2741 4827 2906 4891 ποιεῖ,
2941 4826 2975 4898 ῆ
3006 4825 3103 4880 καὶ
3146 4827 3319 4895 Λόγος
3348 4825 3564 4897 λέγεται
3599 4825 3694 4879 τοῦ

2111 4911 2248 4966 Θεοῦ
2299 4916 2395 4968 καὶ
2466 4915 2676 4987 Σοφία,
2721 4917 2796 4982 ὼς
2841 4917 2940 4971 καὶ
2981 4917 3044 4973 τὸ
3093 4919 3358 4992 ὑμέτερον
3430 4917 3698 4991 μαρτυρεῖ

2112 5009 2354 5078 γράμμα
2398 5008 2499 5079 (4),
2531 5011 2630 5081 οὐχ
2677 5011 3146 5083 ὲτεροῦπόστατός
3191 5015 3342 5068 ἐστιν
3370 5013 3447 5079 ὡς
3494 5011 3700 5085 συμϐε-

2114 5097 2303 5168 ϐηκὸς,
2325 5099 2400 5163 ὡς
2423 5100 2583 5170 ὑμεῖς
2626 5118 2785 5171 φατε,
2840 5103 2957 5158 ἀλλ’
2999 5106 3248 5177 ὁμοφυής
3287 5123 3348 5158 τε
3375 5105 3471 5160 καὶ
3501 5105 3702 5178 ὸμοού-

2115 5203 2230 5251 σιος
2261 5189 2337 5260 τῷ
2357 5189 2479 5260 Θεῷ
2512 5189 2588 5253 ὡς
2618 5192 2882 5265 ἀγένητος
2911 5195 3006 5249 καὶ
3033 5196 3308 5263 ἄκτιστος,
3337 5189 3558 5252 atati-61
3585 5199 3705 5252 ἐστι

2113 5279 2292 5352 δῆλον.

2186 5461 2253 5518 θ’.
2298 5463 2358 5518 '0
2391 5464 2524 5529 Θεὸς
2573 5467 2950 5537 ἁπλούστατός
2990 5474 3128 5538 ἐστι,
3173 5473 3270 5527 καὶ
3301 5472 3484 5546 πάσης
3508 5470 3703 5527 συνθιο

2116 5571 2255 5620 σεως
2307 5560 2401 5611 καὶ
2452 5558 2774 5632 συνθετικῆς
2811 5563 3022 5631 ἑννοίας
3070 5565 3352 5630 ἐπέκεινα,
3401 5566 3479 5630 ὡς
3515 5567 3612 5622 καὶ
3647 5565 3703 5622 al

2113 5651 2295 5707 κοιναὶ
2320 5651 2521 5712 ἔννοιαι
2557 5657 2690 5728 ἡμῖν
2727 5656 3105 5731 διαγορεύουσι
3126 5674 3140 5689 ο
3174 5660 3284 5715 πᾶν
3310 5657 3369 5714 δὲ
3398 5655 3466 5732 δὴ
3496 5656 3706 5729 copti:-
