4098 6316
336 428 445 493 687

1609 426 1904 487 NICETES
1943 426 2352 490 BYZANTINI

342 537 646 598 secundum
695 536 1080 608 proprietates.
1113 535 1167 592 id
1205 545 1311 600 est,
1365 549 1630 607 personas
1681 539 1928 592 unicam-

2038 537 2195 606 ἁγίας
2223 536 2454 611 Τριὰδος
2479 537 2619 592 κατᾶ
2643 537 2742 601 τὰς
2769 537 3035 616 ἰδιότητας
3064 541 3228 612 ητουν
3263 543 3593 610 ὑποστάσεις

332 647 452 705 que
478 631 820 686 divinitatem
879 646 950 686 ac
991 629 1422 686 dominationem
1478 641 1532 684 et
1594 640 1922 700 potestatem

341 733 510 792 atque
536 724 940 788 mouarchiam,
974 732 1122 778 sarta
1149 733 1401 794 tectaque
1431 725 1524 790 sit,
1561 737 1616 780 et
1649 739 1680 778 a
1707 726 1928 777 nemine

339 817 571 874 alterius
629 816 752 872 tidei
813 817 1039 872 homine
1090 817 1406 888 repellatur.
1457 816 1731 884 Quoniam
1799 815 1926 870 tldci

339 907 612 962 et'identis
656 908 814 964 nobis
847 908 1022 963 instar
1055 921 1140 964 est
1199 907 1581 963 communium
1633 908 1922 961 notionnm

345 1013 512 1065 usus;
543 1011 736 1069 praeter
760 999 910 1054 hunc
948 1008 1159 1063 autem,
1189 998 1581 1069 prophetarum
1638 997 1928 1067 iuspiratto

341 1108 380 1146 a
411 1092 600 1146 divino
673 1091 881 1162 Spiritu
922 1091 1347 1163 suppeditatur,
1413 1104 1588 1160 caque
1639 1087 1930 1146 manifeste

344 1186 516 1244 ιιοιιίε
545 1196 767 1240 enarrat
825 1184 993 1240 Βυυιιι
1018 1200 1185 1239 omne
1211 1194 1456 1240 creatum
1488 1197 1825 1238 conservare
1864 1197 1930 1238 ac

347 1284 557 1345 fovere,
587 1279 886 1344 viviticare,
913 1288 968 1332 et
992 1278 1211 1333 divinos
1264 1277 1578 1340 instinctus.
1626 1276 1931 1333 charisma-

347 1387 462 1429 tum
493 1371 673 1426 varias
715 1373 958 1426 rationes
991 1379 1047 1425 et
1068 1369 1535 1426 sanetilicationes
1587 1369 1769 1439 dignis
1793 1383 1929 1440 pra:-

349 1468 501 1530 bere,
533 1465 676 1521 sicut
707 1475 887 1518 vt-stra
917 1477 1140 1533 quoque
1164 1463 1438 1532 scriptura
1471 1469 1778 1526 consonat;
1831 1475 1929 1515 ex-

352 1557 631 1628 ploratum
659 1565 747 1612 est
792 1555 962 1610 Deum
991 1555 1167 1610 multo
1189 1555 1346 1626 prius
1372 1561 1426 1608 et
1489 1563 1738 1608 sanctum
1782 1567 1930 1619 esse,

342 1661 400 1705 et
430 1666 498 1705 ex
533 1649 717 1705 divina
767 1646 1170 1704 consuetudine
1223 1645 1490 1702 mundum
1555 1645 1836 1702 custodire
1865 1659 1934 1702 ac

339 1741 552 1805 fovere,
586 1750 640 1796 et
661 1740 726 1794 ad
756 1739 1046 1795 meliorum
1099 1752 1314 1792 morum
1353 1737 1724 1793 conditionem
1758 1736 1932 1792 dedu-

342 1848 490 1888 cere.
515 1829 652 1886 Nam
673 1831 718 1886 si
743 1827 883 1886 forte
901 1829 1007 1884 hoc
1028 1829 1229 1900 aliquis
1249 1842 1489 1884 vesanus
1515 1843 1622 1882 non
1645 1829 1926 1892 concedat,

2029 632 2127 683 καὶ
2161 631 2262 702 τὴν
2304 628 2434 702 μίαν
2477 629 2711 697 θεότητα
2751 631 2848 685 καὶ
2894 632 3196 703 κυριότητα
3228 635 3324 690 καὶ
3367 635 3622 701 ἐξουσίαν

2029 724 2124 777 καὶ
2157 722 2463 795 μοναρχίαν
2489 725 2838 788 πιστευτικὸς
2861 723 3040 794 λόγος,
3073 726 3288 798 βέϐαιος
3320 729 3416 782 καὶ
3436 731 3620 802 ἁσφα-

2029 813 2127 886 λὴς
2157 816 2268 887 εἴη,
2301 817 2398 872 καὶ
2433 815 2590 887 παρὰ
2622 815 2851 887 μηδενὸς
2883 818 3237 891 ἕτεροπίστου
3274 826 3621 894 παρακρουό-

2030 923 2194 980 μενος
2215 924 2232 940 ⁸
2264 907 2551 980 ἀρξόμεθα
2583 907 2644 962 ει
2672 908 2771 964 καὶ
2799 909 2931 981 περὶ
2963 909 3160 965 τούτου
3191 903 3298 966 ὦδε
3321 930 3336 944 ·
3400 914 3621 988 Ἐπειδὴ

2029 1002 2215 1066 πίστις
2243 1002 2378 1074 ημῖν
2421 1000 2663 1073 ἐναργὴς
2711 1001 2746 1070 ἡ
2782 1002 2894 1056 ⁴τῶν
2922 1003 3120 1057 κοινῶν
3163 1004 3387 1059 ἐννοιῶν
3417 1005 3619 1062 ὑποτέ-

2029 1091 2208 1147 θειται
2259 1091 2478 1164 χρῆσις,
2531 1092 2678 1164 ὑπὲρ
2711 1091 2770 1145 δὲ
2806 1092 3013 1163 ταύτης
3068 1095 3105 1166 η
3149 1097 3261 1148 τῶν
3318 1099 3619 1170 προφητῶν

2031 1182 2332 1256 ἔμπνευσις
2383 1182 2474 1238 διὰ
2525 1181 2622 1239 τοῦ
2679 1183 2829 1239 θείου
2883 1185 3207 1258 Πνεῦματος
3249 1189 3618 1257 καθίσταται,

2029 1276 2170 1350 αῦτη
2208 1277 2268 1332 δὲ
2293 1274 2485 1348 σαφῶς
2509 1280 2643 1352 ημῖν
2675 1279 3009 1349 διαγορεύει,
3039 1280 3123 1336 δτι
3151 1281 3182 1335 6
3229 1282 3365 1350 Θεὸς
3392 1285 3493 1356 τὴν
3524 1285 3619 1359 δη-

2031 1369 2325 1441 μιουργίαν
2377 1370 2599 1427 ἃπασαν
2654 1373 2977 1442 φρουρεῖται
3025 1392 3087 1429 τε
3139 1376 3238 1430 καὶ
3287 1378 3618 1445 επιθὰλπει,

2029 1460 2291 1530 ζωογονεί
2328 1479 2390 1518 τε
2435 1463 2532 1519 καὶ
2583 1463 2917 1531 ιμπνεύσεις
2957 1467 3112 1530 θείας
3141 1469 3238 1523 καὶ
3265 1471 3622 1544 χαρισμάτων

2025 1553 2265 1625 τρόπους
2315 1555 2415 1610 καὶ
2441 1557 2752 1628 ἁγιασμοὺς
2778 1561 2892 1622 τοῖς
2919 1557 3092 1626 ἀξίοις
3131 1561 3388 1634 παρέχει,
3418 1562 3544 1619 καθ’
3580 1565 3617 1619 ἁ

2030 1645 2129 1700 καὶ
2153 1646 2216 1700 τὸ
2238 1644 2509 1721 ὑμίτερον
2539 1649 2778 1722 γράμμα
2808 1653 3020 1721 συνῳδὰ
3053 1651 3265 1718 τούτοις
3293 1653 3612 1726 φθέγγεται.

2031 1736 2268 1810 φανερὸν
2291 1739 2375 1795 δτι
2417 1742 2448 1795 6
2472 1739 2608 1807 Θεὸς
2645 1742 2828 1815 πολλῷ
2876 1745 3145 1818 πρότερον
3170 1744 3324 1815 ἁγιός
3371 1746 3488 1803 δστι
3517 1749 3614 1803 καὶ

2031 1831 2091 1884 ὲν
2123 1829 2406 1906 ἁγιωσύνῃ
2461 1831 2584 1906 θείᾳ
2613 1833 2706 1889 τὸν
2739 1834 2950 1906 κόσμον
2996 1841 3228 1909 φρουρεῖ
3251 1855 3308 1893 τε
3348 1840 3444 1895 καὶ
3488 1842 3612 1897 ἑπι-

348 1929 396 1981 is
436 1922 606 1978 Deum
636 1922 786 1977 omni
816 1929 1091 1976 carentem
1121 1895 1451 1977 'sanctitate
1498 1921 1726 1976 diceret.
1771 1919 1923 1987 Quo-

2038 1895 2231 1979 θάλπει
2259 1924 2356 1980 καὶ
2376 1895 2527 1998 ’πρὸς
2559 1895 2665 1999 ἰτὴν
2692 1895 2983 2004 κρείττονα
3007 1895 3308 2002 ’διαγωγὴν
3335 1895 3575 2004 διεξάγενι
3594 1947 3614 1970 ο

343 2017 512 2073 modo
540 2025 724 2071 autem
759 2014 850 2070 ille
875 2013 1182 2070 volentibus
1233 2013 1492 2069 omnibus
1541 2012 1742 2069 divina-
1801 2028 1927 2085 gra-

347 2113 440 2167 tiae
470 2109 693 2165 divitias
720 2108 793 2165 ad
828 2107 1195 2164 hauriendum
1233 2106 1354 2163 sine
1383 2106 1492 2161 ulla
1551 2107 1638 2162 sui
1663 2105 1928 2163 imminu-

339 2203 493 2260 tione
522 2201 817 2273 proponit?
849 2216 975 2256 nam
1003 2201 1050 2256 si
1076 2201 1193 2271 ipse
1236 2201 1527 2256 sanctitate
1557 2210 1728 2265 caret,
1779 2209 1929 2256 certe

347 2309 418 2352 ne
439 2293 803 2350 sauetiﬁeabit
830 2291 1084 2364 quidem;
1111 2306 1275 2346 nemo
1310 2291 1457 2348 enim
1491 2290 1639 2363 quod
1674 2307 1784 2347 non
1832 2292 1929 2348 ba-

347 2389 441 2442 bet
469 2387 567 2441 dat
610 2384 904 2457 cuiquam:
960 2383 1041 2440 vel
1087 2382 1250 2455 cujus
1306 2381 1424 2454 ipse
1469 2383 1546 2438 rei
1608 2391 1930 2454 paupertate

341 2479 586 2544 laborat,
623 2479 814 2534 eadem
844 2476 988 2534 alios
1006 2474 1226 2533 ditabit.
1281 2473 1342 2531 Si
1385 2475 1528 2532 Deus
1575 2475 1766 2546 itaque
1821 2491 1930 2532 non

347 2580 434 2628 cst
463 2567 773 2627 sanctitatis
815 2567 1116 2639 particeps,
1154 2567 1277 2622 sine
1299 2566 1468 2622 dubio
1511 2574 1768 2622 creatura
1810 2567 1931 2622 uni-

349 2679 510 2719 versa
548 2661 723 2718 multo
749 2660 924 2732 magis
971 2659 1349 2717 desertissima
1384 2660 1490 2714 erit
1517 2675 1547 2714 a
1599 2659 1772 2730 gratia
1807 2667 1866 2714 et
1897 2673 1930 2712 a

348 2757 542 2812 divino
578 2770 830 2812 munere.
869 2754 1036 2824 Atqui
1075 2760 1330 2810 creatura
1385 2753 1527 2808 haud
1576 2752 1802 2808 omnino
1839 2753 1933 2808 de-

347 2848 602 2906 stituitur
621 2847 794 2920 gratia
823 2859 878 2903 et
903 2847 1193 2903 sanctitate
1227 2862 1294 2902 ac
1314 2846 1607 2919 pra-sidit);
1655 2847 1933 2918 quomodo

345 2945 499 2997 cnim
565 2957 728 2998 secus
774 2941 1146 2998 subsisteret?
1203 2940 1389 3012 itaque
1455 2941 1810 2996 manifestum
1850 2951 1937 2997 est

351 3036 531 3100 illum,
565 3034 660 3103 qui
697 3032 812 3089 haec
841 3033 1054 3099 tribuit,
1095 3033 1149 3087 id
1197 3042 1285 3091 est
1311 3032 1506 3093 Deum.
1557 3033 1936 3090 substantialis

352 3127 663 3185 sanctitatis
694 3126 870 3182 multo
894 3141 1016 3182 esse
1041 3127 1365 3197 pleniorem,
1395 3137 1451 3181 et
1479 3143 1604 3182 eum
1644 3129 1938 3184 sanctitate

353 3221 622 3276 mundum
655 3219 982 3290 gubernare.
1013 3218 1068 3274 Si
1093 3234 1226 3291 ergo
1258 3221 1401 3276 Deus
1425 3221 1479 3276 in
1497 3222 1790 3276 sanctitate
1813 3237 1936 3275 ver-
1963 3247 2008 3305 ο

357 3327 492 3367 satis
525 3313 791 3367 mundum
827 3311 1137 3368 sanctiﬁcat
1177 3323 1233 3367 et
1271 3314 1476 3384 dirigit,
1526 3330 1764 3383 eumque
1787 3314 1936 3369 exsi-

352 3414 589 3461 stentem
618 3407 823 3462 divinis
861 3406 1319 3476 inspirationibus
1358 3419 1416 3464 et
1448 3410 1718 3464 doctrinis
1769 3418 1938 3479 atque

351 3497 780 3553 cbarismatibus
815 3500 1022 3567 implet,
1082 3507 1231 3568 patet
1287 3515 1413 3554 eum
1460 3501 1580 3555 sine
1645 3503 1939 3556 sanctitate

339 3603 464 3654 ,uon
486 3604 625 3644 esse.
658 3590 828 3644 l’orro
855 3603 1019 3644 oume
1044 3592 1187 3658 quod
1222 3592 1572 3645 sanctitatem
1603 3591 1789 3658 habet,
1813 3607 1935 3647 eam

356 3682 438 3736 vel
473 3681 786 3750 adoptivam
820 3680 983 3735 habet
1008 3680 1090 3734 vel
1117 3682 1441 3736 naturalem.
1478 3682 1598 3736 Jam
1644 3682 1690 3737 si
1721 3682 1937 3751 adopti-

349 3788 481 3828 vam
514 3772 693 3834 habet,
746 3772 828 3828 vel
888 3787 996 3827 uno
1052 3773 1366 3844 syllogismo
1416 3775 1491 3828 rei
1543 3774 1936 3829 absurditatem

352 3881 694 3933 cognoscere
727 3865 873 3921 licet.
917 3867 1060 3920 Deus
1116 3868 1423 3936 adoptivam
1475 3867 1636 3922 habet
1678 3868 1939 3923 sanctita-

359 3969 466 4014 tem
497 3975 652 4013 suam
682 3966 849 4028 atque
881 3958 1298 4028 inspirationem
1335 3957 1517 4028 :atqui
1582 3974 1748 4014 omne
1790 3958 1938 4029 quod

356 4052 431 4106 ita
459 4051 641 4116 habet,
675 4050 1006 4120 proliciendo
1030 4050 1347 4120 perﬁcitur:
1376 4051 1722 4106 concluditur
1755 4049 1940 4121 itaque

358 4153 419 4199 ut
459 4143 603 4198 Deus
641 4143 978 4214 proticieudo
1000 4142 1340 4214 perﬁciatur.
1381 4143 1539 4210 Quod
1563 4145 1630 4199 de
1657 4142 1769 4199 Deo
1820 4144 1939 4199 sine

357 4238 700 4307 blasphemia
724 4236 831 4292 dici
856 4236 1068 4307 nequit.

434 4514 523 4568 1-ί.
554 4513 684 4566 ltcm
707 4513 888 4568 aliter.
925 4511 982 4567 Si
1049 4512 1191 4568 Deus
1239 4514 1550 4582 adoptivum
1609 4513 1771 4570 habet
1809 4530 1936 4571 san-

2027 2017 2078 2070 e’l
2103 2017 2212 2088 γὰρ
2241 2017 2336 2071 καί
2364 2033 2450 2080 τις
2481 2017 2642 2073 τοῦτο
2670 2020 2954 2091 ἀφραίνων
2977 2023 3040 2078 οὐ
3067 2022 3209 2094 δοεη,
3231 2026 3324 2078 τὸν
3351 2026 3487 2080 Θεὸν
3510 2028 3615 2099 φη.

2029 2123 2143 2165 σειε
2182 2109 2464 2176 παντελῶς
2494 2111 2826 2185 ιστερῆσθαι
2874 2114 3228 2186 ἁγιωσύνηςο
3263 2119 3362 2173 καὶ
3398 2117 3524 2184 πῶς
3549 2120 3618 2175 ἁν

2028 2203 2062 2256 6
2089 2202 2256 2269 αὐτὸς
2281 2205 2395 2269 τοῖς
2419 2201 2671 2260 θίλουσιν
2713 2206 2889 2262 lauat
2932 2207 3032 2262 τὸν
3060 2207 3294 2264 πλοῦτον
3318 2209 3422 2282 τῆς
3465 2209 3619 2276 θείας

2029 2295 2254 2369 χάριτος
2292 2295 2561 2369 ἀρύεσθαι
2605 2298 2985 2370 ἁπροσπαθῶς
3037 2301 3338 2374 ιντίθησιν,
3386 2302 3545 2376 εἴπερ
3588 2305 3622 2358 6

2032 2388 2198 2454 αὐτὸς
2220 2388 2449 2462 ἁμοιρός
2471 2392 2619 2445 ἐστιν
2643 2390 2933 2464 ἁγιότητος
2951 2409 2969 2459 ;
2989 2395 3053 2450 El
3075 2388 3172 2450 οὖν
3202 2396 3366 2462 αὐτὸς
3389 2395 3618 2470 ἄμοιρός

2032 2480 2185 2536 εστιν
2208 2481 2520 2552 ἁγιότητος.
2546 2482 2670 2538 ούδδ
2697 2484 2917 2553 ἁγιὰσει
2940 2502 2957 2518 ο
2985 2488 3139 2542 οὐδὸν
3162 2489 3273 2561 γὰρ
3289 2488 3404 2543 τῶν
3424 2489 3618 2552 δντων.

2032 2570 2171 2645 ὅπερ
2195 2570 2258 2626 ού
2291 2571 2559 2644 κὲκτηται
2585 2575 2845 2648 παράσχῃ
2877 2577 3008 2645 τινὶ,
3044 2580 3142 2633 καὶ
3169 2571 3233 2634 οὗ
3276 2580 3502 2634 πίνεται
3530 2579 3621 2635 ἁλ-

2033 2661 2160 2729 λους
2196 2663 2646 2722 καταπλουτίσει.
2677 2668 2742 2722 El
2791 2665 2886 2724 οὖν
2916 2672 2944 2724 6
2993 2670 3130 2736 Θεὸς
3180 2673 3417 2744 ἄμοιρός
3471 2675 3628 2728 ἔστιν

2035 2752 2340 2825 ἁγιότητος,
2390 2755 2550 2828 δῆλον
2599 2757 2684 2811 ὅτι
2735 2760 2828 2812 καὶ
2881 2762 2915 2831 ἡ
2969 2762 3148 2826 κτίσις
3201 2763 3390 2818 ἁπασα
3439 2764 3623 2837 πολλῷ

2039 2843 2243 2918 μᾶλλον
2277 2846 2462 2917 ἐρήμη
2499 2847 2567 2904 ἂν
2598 2849 2684 2921 εἴη
2716 2853 3056 2924 χαρίσματος
3095 2871 3155 2907 τε
3188 2857 3284 2909 καὶ
3322 2857 3467 2910 θείου
3493 2859 3622 2930 τρό-

2035 2952 2143 2993 που
2165 2949 2183 2970 ⁶
2231 2935 2373 2992 ἁλλὰ
2408 2936 2515 3011 μὴν
2545 2938 2582 3010 η
2613 2939 2794 3004 κτίσις
2822 2941 2882 2994 ού
2930 2943 3210 3010 παντελῶς
3253 2945 3441 3019 ἐρήμη
3475 2948 3621 3004 θείου

2036 3027 2380 3101 χαρίσματος
2411 3033 2507 3085 καὶ
2541 3031 2860 3104 ἁγιωσύνης
2903 3035 3001 3091 καὶ
3032 3037 3332 3109 ἀσφαλείας
3363 3042 3624 3099 καθίστα-

2035 3136 2168 3175 ταιο
2215 3123 2335 3187 πῶς
2384 3123 2498 3196 γὰρ
2547 3123 2616 3179 ἂν
2663 3127 2758 3181 καὶ
2791 3128 3115 3202 συνείχετος
3147 3132 3307 3205 δῆλον
3345 3135 3428 3189 δτι
3457 3136 3554 3192 καὶ
3596 3139 3627 3191 6

2037 3215 2244 3286 ταύτης
2274 3216 2629 3287 μεταδοτικὸς
2649 3259 2666 3286 ,
2694 3219 2836 3292 ὅπερ
2873 3223 2992 3277 ἐστὶ
3021 3222 3157 3289 Θεὸς
3177 3264 3195 3290 ,
3227 3224 3410 3299 πολλῷ
3457 3229 3619 3282 πλέον

2037 3306 2337 3373 οῦσιὼδους
2369 3309 2660 3377 ἁνὰπλεὼς
2707 3315 2856 3368 εστιν
2880 3314 3172 3389 ἁγιότητος
3197 3358 3215 3383 ,
3246 3322 3344 3375 καὶ
3372 3321 3434 3374 ιν
3465 3320 3624 3390 ἁγιαο

2040 3401 2164 3472 σμῷ
2191 3402 2284 3456 τὸν
2323 3402 2531 3474 κόσμον
2563 3402 2905 3468 διευθετίζει.
2949 3409 3014 3463 El
3038 3404 3181 3465 οὗνδ
3207 3411 3340 3477 Θεὸς
3372 3414 3431 3468 ιν
3455 3414 3623 3483 ἁγιω-

2040 3491 2177 3564 σύνῃ
2207 3492 2362 3562 ἅγιος
2399 3492 2498 3558 ῶν,
2533 3495 2626 3549 τὸν
2658 3496 2865 3567 κόσμον
2901 3498 3127 3567 ἁγιάζει
3156 3503 3254 3558 καὶ
3282 3502 3626 3572 διευθετίζει,

2040 3585 2137 3640 καὶ
2165 3586 2326 3646 θείων
2353 3587 2707 3658 ἔμπνεύσεων
2735 3591 2832 3646 καὶ
2867 3594 3124 3664 μυήσεων
3151 3597 3245 3650 καὶ
3267 3598 3629 3669 χαρισμάτων

2039 3677 2172 3733 δντα
2216 3681 2595 3752 εμπίμπλησι,
2629 3686 2865 3755 φανερὸν
2907 3688 2989 3741 ὅτι
3031 3688 3298 3762 ἁγιότητσ.
3330 3690 3445 3761 εχει
3467 3706 3482 3722 ⁸
3517 3697 3626 3747 πᾶν

2039 3770 2097 3825 δὲ
2125 3772 2188 3826 τὸ
2229 3773 2355 3843 ἔχον
2381 3773 2672 3845 ἁγιότητα,
2703 3776 2735 3848 ἢ
2770 3779 2942 3844 θετῶς
2971 3781 3178 3852 ταύτην
3210 3782 3321 3851 εχει
3353 3783 3383 3851 ἢ
3417 3784 3580 3851 φύσει
3607 3802 3621 3816 ·

2041 3863 2157 3917 ἀλλ’
2179 3866 2228 3918 εί
2259 3865 2360 3936 μὲν
2389 3866 2560 3932 θετῶς
2587 3867 2724 3939 ἔχει,
2757 3874 2981 3925 σκοπεῖν
3009 3871 3125 3926 ἐστι
3150 3873 3237 3926 διὰ
3261 3871 3620 3943 συλλογισμοῦ

2041 3954 2100 4007 τὸ
2127 3955 2330 4010 ἄτοπον
2353 3971 2370 3986 °
2399 3956 2428 4009 6
2449 3956 2584 4020 Θεὸς
2612 3958 2773 4030 θετὴν
2803 3959 2915 4030 εχει
2943 3960 3042 4032 τὴν
3069 3960 3235 4014 αύτοῦ
3265 3960 3532 4029 ἁγιότητὰ
3559 3977 3617 4014 τε

2041 4046 2136 4101 καὶ
2165 4045 2470 4118 ἔμπνευσιν
2493 4063 2508 4080 °
2539 4050 2650 4104 πᾶν
2677 4049 2736 4103 δὲ
2762 4051 2824 4102 τὸ
2845 4049 3018 4114 οῦτως
3064 4051 3210 4120 ἕχον,
3239 4053 3304 4105 ἐκ
3333 4051 3622 4122 προκοπῆς

2038 4138 2344 4194 τελειοῦται
2368 4155 2386 4173 ·
2411 4141 2713 4212 συνάγεται
2750 4142 2860 4211 ἄρα
2886 4142 2969 4196 ὅτι
2996 4143 3026 4197 ό
3073 4142 3208 4208 Θεὸς
3241 4143 3386 4198 κατὰ
3418 4159 3622 4216 aposto-

2040 4231 2149 4302 πὴν
2183 4232 2486 4288 τελειοῦται
2510 4250 2530 4268 ο
2577 4234 2717 4306 ὅπερ
2759 4234 2906 4289 ἐστὶν
2952 4234 3046 4288 ἐπὶ
3073 4234 3211 4290 Θεοῦ
3235 4233 3421 4306 λέγειν
3457 4235 3629 4308 βλάσ-

2042 4339 2246 4393 (anew-

2116 4506 2199 4564 ιδ’.
2242 4508 2355 4563 Καὶ
2380 4509 2555 4572 ἄλλως
2577 4525 2590 4540 ·
2622 4510 2686 4564 Ei
2716 4512 2744 4562 6
2771 4510 2904 4574 Θεὸς
2953 4510 3118 4583 θετὴν
3166 4511 3280 4582 ἔχει
3324 4510 3423 4586 τὴν
3461 4509 3629 4567 αὑτοῦ

357 4609 604 4660 ctitatem
675 4621 830 4660 suam
890 4615 1055 4676 atque
1125 4605 1564 4676 inspiratiom-ut,
1619 4614 1765 4675 patet
1815 4621 1937 4660 eum

2047 4602 2315 4674 ἁγιότητά
2338 4619 2397 4656 τε
2430 4603 2525 4656 καὶ
2558 4602 2879 4675 ἕμπνευσιν,
2897 4604 3058 4673 δῆλον
3079 4605 3163 4658 ὅτι
3193 4603 3432 4674 θύραθεν
3457 4603 3632 4674 αὐτὴν

359 4699 704 4752 extrinsecus
728 4697 876 4750 illam
901 4697 1177 4765 accepisse
1205 4715 1218 4750 :
1247 4697 1398 4766 atqui
1429 4697 1611 4750 omnis
1633 4695 1726 4765 qui
1748 4696 1822 4751 ila
1847 4711 1944 4752 aco

361 4791 589 4860 ceperit,
627 4789 820 4842 ahalio
848 4789 1274 4858 auct-pitznulla
1330 4787 1474 4842 cnim
1530 4805 1617 4842 res
1669 4789 1943 4843 exsistens

362 4883 480 4952 ipsa
507 4898 602 4951 per
643 4898 701 4935 se
724 4889 778 4934 et
800 4881 899 4935 sibi
936 4880 1105 4934 datet
1130 4881 1310 4943 datur,
1367 4880 1676 4934 sanctiﬁcat
1715 4891 1768 4934 et
1815 4874 1944 4934 sau-

362 4976 664 5039 ctiliCatnr,
717 4976 990 5030 illuminat
1040 4986 1094 5030 et
1148 4975 1532 5040 illutniualur;
1593 4977 1736 5028 sicut
1801 4973 1941 5027 idem

363 5070 524 5121 homo
544 5085 649 5122 non
667 5071 824 5124 docet
846 5077 899 5122 et
915 5068 1161 5123 docetur.
1196 5067 1254 5122 Si
1277 5083 1405 5130 ergo
1433 5065 1574 5120 Deus
1599 5067 1942 5120 sanctitatem

362 5161 430 5214 ab
460 5161 567 5213 alio
592 5163 822 5229 accepit,
856 5161 940 5214 vel
969 5178 998 5214 a
1027 5162 1145 5230 pari
1172 5161 1408 5229 accepit.
1434 5161 1516 5213 vel
1541 5175 1570 5213 a
1605 5161 1835 5222 minore,
1858 5156 1945 5211 vel

361 5253 599 5320 denique
625 5269 652 5302 τι
687 5251 916 5321 majore.
943 5252 1047 5305 Sed
1089 5255 1234 5304 enim
1264 5250 1410 5321 quod
1474 5251 1543 5304 ab
1601 5251 1795 5303 horum
1849 5265 1946 5302 ne-

365 5346 510 5397 mine
531 5347 826 5411 acceperit,
870 5343 999 5396 hinc
1025 5351 1244 5397 constat
1287 5359 1302 5396 :
1355 5358 1479 5395 nam
1535 5341 1626 5410 qui
1685 5340 1949 5394 sanctita-

365 5447 471 5489 tetn
505 5437 575 5490 ab
607 5436 794 5504 aliquo
825 5434 1046 5504 accipit,
1081 5445 1137 5489 ut
1164 5433 1532 5488 sam-tilleelur
1586 5432 1817 5499 accipit:
1851 5431 1944 5499 qui

360 5539 545 5584 autem
574 5529 894 5598 accipiendo
931 5527 1328 5590 sauctilicatur,
1363 5543 1390 5579 a
1427 5526 1635 5596 majore
1673 5523 1872 5596 accipit
1895 5534 1950 5578 et

364 5621 760 5674 sanctilicatur.
793 5617 964 5671 Porro
1015 5618 1208 5671 horum
1251 5620 1387 5671 alter
1411 5627 1497 5670 est
1524 5617 1786 5680 deterior,
1811 5621 1950 5672 alter

360 5713 620 5783 aequalis;
657 5728 780 5766 nam
810 5713 1088 5767 meliorem
1143 5709 1250 5764 Deo
1312 5711 1582 5764 nemiuem
1620 5726 1742 5764 esse
1791 5726 1946 5766 com-

366 5800 748 5856 munisnobis
779 5818 976 5857 sensus
1029 5804 1244 5856 suadet.
1293 5802 1462 5870 Igitur
1521 5799 1664 5854 Deus
1713 5801 1782 5854 ab
1840 5800 1947 5855 alio

348 5889 710 5947 sanctitatem
743 5907 898 5948 suam
926 5907 1034 5948 non
1065 5893 1293 5964 accepit.
1323 5893 1477 5958 Quod
1511 5893 1555 5948 si
1595 5907 1942 5964 nequaquam

2047 4694 2291 4764 εἴληφεν·
2319 4697 2426 4749 πᾶν
2449 4695 2505 4748 δὲ
2528 4696 2589 4748 τὸ
2618 4694 2791 4758 οὕτως
2817 4695 3076 4766 ἐσχηκὸς.
3100 4694 3236 4766 παρ’
3263 4696 3458 4768 δτίρου
3487 4697 3630 4757 τινὸς

2048 4785 2252 4857 ταύτην
2275 4787 2464 4858 είληφε
2484 4803 2497 4817 ·
2518 4789 2612 4842 καὶ
2636 4787 2744 4858 γὰρ
2769 4786 2922 4840 οὐδὲν
2946 4786 3054 4840 τῶν
3088 4787 3259 4842 ὅντων
3287 4787 3421 4842 αὐτὸ
3447 4785 3628 4855 ἑαυτῷ

2048 4880 2282 4949 παρέχει
2328 4881 2423 4932 καὶ
2458 4880 2777 4951 παρέχεται,
2826 4879 3043 4947 ἁγιάζει
3076 4898 3134 4934 τε
3180 4880 3277 4934 καὶ
3307 4878 3624 4949 ἁγιάζεται⁶

2047 4969 2236 5041 ὥσπερ
2277 4971 2397 5024 οὐδὲ
2431 4971 2494 5024 τὸ
2533 4973 2666 5026 αὐτὸ
2698 4973 2942 5027 διδάσκει
2972 4990 3032 5025 τε
3073 4975 3165 5027 καὶ
3203 4972 3532 5027 διδάσκεται.
3563 4967 3628 5024 El

2048 5059 2143 5118 οὖν
2181 5066 2210 5117 ό
2261 5065 2391 5126 Θεὸς
2421 5065 2550 5136 παρ’
2586 5065 2776 5136 ἑτέρου
2821 5064 3028 5136 ταύτην
3075 5067 3318 5136 εἴληφεν,
3355 5064 3475 5132 ἦτοι
3521 5059 3631 5116 ἀπὸ

2052 5157 2191 5220 ἴσου,
2226 5158 2258 5227 ἢ
2297 5156 2405 5212 ἀπὸ
2433 5158 2718 5222 ἐλάττονος
2740 5199 2758 5223 ,
2789 5161 2822 5229 ἢ
2858 5159 2968 5213 ἀπὸ
3010 5159 3348 5232 κρείττονος⁶
3386 5152 3510 5209 ἀλλ’
3539 5155 3626 5209 δτι

2058 5250 2157 5318 μὲν
2191 5250 2292 5302 οὐκ
2315 5251 2410 5304 ἀπ’
2438 5249 2654 5314 οὐδενὸς
2681 5251 2890 5305 τούτων
2914 5250 3213 5321 ἐνδέχεται,
3245 5246 3496 5305 ιντεῦθεν
3536 5247 3631 5316 δῆ-

2051 5341 2174 5392 λονο
2210 5341 2270 5394 τὸ
2300 5341 2402 5410 μὲν
2429 5339 2538 5411 γὰρ
2566 5343 2835 5413 ἁγιότητὰ
2867 5359 2986 5405 πως
3017 5342 3080 5395 εκ
3110 5358 3256 5406 τινος
3286 5340 3645 5412 μεταλαμσάο·

2054 5449 2162 5497 νον,
2200 5432 2566 5504 ἁγιαζόμενόν
2597 5450 2714 5496 πως
2752 5432 3163 5503 μεταλαμϐάνει
3184 5449 3197 5462 ο
3231 5431 3293 5485 τὸ
3323 5432 3380 5488 δὲ
3417 5433 3642 5502 ἁγιαςζο

2056 5539 2216 5592 μενον
2245 5525 2303 5578 ἐν
2327 5522 2404 5595 τῷ
2431 5523 2752 5594 λαμϐάνειν.
2803 5524 2913 5578 ἀπὸ
2943 5526 3253 5594 κρείττονος
3284 5522 3634 5593 μεταλαμῦάο

2052 5633 2134 5668 νει
2174 5617 2270 5670 καὶ
2315 5613 2630 5684 ἁγιάζεται·
2671 5615 2879 5670 τούτων
2911 5615 2968 5668 δὲ
2998 5615 3058 5666 τὸ
3095 5615 3194 5685 μὲν
3232 5617 3438 5684 χεῖρον,
3478 5614 3542 5668 τὸ
3583 5614 3640 5664 δὲ

2055 5694 2208 5762 ίσονῖ
2241 5710 2488 5781 κρεῖττον
2511 5707 2569 5762 δὲ
2597 5707 2734 5761 Θεοῦ
2761 5708 2859 5763 οὐκ
2891 5708 3060 5769 ἔστιν.
3094 5707 3170 5770 ὡς
3207 5709 3240 5776 ἡ
3273 5705 3430 5776 κοινὴ
3463 5706 3642 5757 ἔννοια

2051 5800 2166 5869 εχει
2185 5817 2199 5831 ’
2225 5801 2326 5854 οὐκ
2352 5798 2462 5870 ἄρα
2479 5799 2510 5852 6
2531 5798 2662 5863 Θεὸς
2686 5799 2813 5870 παρ’
2839 5800 3030 5868 ἐτέρου
3051 5802 3150 5869 τὴν
3174 5799 3342 5855 αὑτοῦ
3373 5799 3640 5865 ἁγιότητι

2052 5892 2306 5964 εἴληφεν·
2339 5895 2386 5947 εξ
2422 5892 2476 5946 δὲ
2511 5894 2590 5965 μὴ
2635 5893 2766 5964 παρ’
2796 5893 3011 5964 ἐτέρου,
3042 5894 3201 5965 δῆλον
3244 5893 3329 5948 ὅτι
3363 5891 3478 5945 οὐδ’
3507 5888 3642 5952 Litu-
