4084 6282
267 379 368 448 691
1538 375 1837 439 NICET/E
1875 372 2285 435 BYZANTINI
3452 363 3560 428 ϐξὶὲ

270 501 544 559 quatenus
577 504 686 545 non
719 487 824 544 fuit
870 487 1074 547 factum
1101 527 1116 553 _.
1170 497 1224 542 et
1260 487 1564 542 iucreatum
1603 503 1729 541 cum
1772 487 1858 541 in-

1986 500 2120 554 ιητον
2168 480 2225 536 δὲ
2266 481 2519 551 ἀγενήτῳ
2567 478 2693 532 καθ’
2744 477 2771 530 ὃ
2815 476 2876 529 οὒ
2913 475 3126 544 γέγονε,
3159 478 3254 530 καὶ
3299 477 3560 534 ἄκτιστον

269 594 481 652 creato,
522 593 796 655 quatenus
849 596 959 638 nou
1027 579 1132 636 fuit
1166 590 1414 636 creatum
1444 621 1457 644 ,
1495 580 1636 636 idem
1677 590 1762 634 est
1806 588 1862 632 et.

1986 577 2206 645 ικτίστῳ
2235 574 2358 627 καθ’
2384 573 2415 628 ὃ
2443 573 2542 626 οὐκ
2580 571 2848 636 ἔκτισται,
2874 574 2939 640 τῇ
2966 569 3126 638 φύσει
3155 573 3354 624 ταυτόν
3384 574 3558 627 ἔστιν·

273 677 671 747 bomogeneum
704 684 869 746 atque
902 673 1390 729 consubstantiale.
1423 674 1574 728 Patet
1616 671 1861 740 profecto

1986 669 2014 720 τί
2043 669 2101 721 δὲ
2126 668 2341 729 ταυτὸν,
2393 667 2488 719 καὶ
2541 663 2782 732 όμοφυὲς
2827 665 2921 717 καὶ
2966 663 3290 733 ὀμοούσιονο
3320 666 3558 736 φανερὸν

275 771 749 841 enlnypostaticam
801 784 924 822 esse
958 769 1304 823 sanctitatem
1339 767 1454 828 Dei.
1515 783 1638 836 quae
1694 766 1860 821 etiam

1986 762 2071 826 ἱρα
2119 761 2201 812 ὅτι
2253 760 2286 828 ἡ
2335 757 2702 819 ὲνυπόστατος
2752 754 2978 826 ἁγιότης
3029 754 3124 807 τοῦ
3171 754 3332 820 Θεοῦ,
3367 757 3402 828 ἦ
3457 759 3555 813 καὶ

281 863 520 934 Spiritus
560 878 590 916 a
623 863 827 917 divinis
866 863 1166 932 Scripturis
1192 862 1396 917 diserte
1425 861 1645 926 dicitur,
1673 876 1864 915 verus-

1986 852 2193 922 ἶνεῦμα
2225 852 2379 923 παρὰ
2422 851 2531 906 τῶν
2577 850 2738 904 θείων
2784 849 3020 920 Γραφῶν
3052 849 3266 919 τρανῶς
3311 850 3553 919 λέγεται,

275 968 384 1022 que
411 951 556 1005 Deus
578 962 683 1018 est,
705 961 761 1008 et
800 952 1260 1007 consubtantialis
1288 950 1399 1006 Deo
1447 951 1592 1005 Patri
1619 949 1864 1019 Filioque

1986 946 2103 1008 926g
2129 946 2190 999 τέ
2212 947 2363 1000 ἐστιν
2392 944 2665 1015 ἀληθινὸς,
2695 941 2983 1015 όμοούσιος
3011 939 3091 1012 τῷ
3123 941 3242 1015 Θεῷ
3299 945 3395 998 καὶ
3445 947 3558 998 Πα-

277 1061 422 1117 ejus.

349 1137 438 1193 17.
467 1135 525 1190 Si
556 1149 686 1206 ergo
721 1134 865 1190 Deus
901 1134 1080 1196 Pater.
1115 1145 1173 1188 ut
1220 1135 1370 1189 omni
1428 1135 1708 1188 communi
1739 1150 1863 1188 sen-

278 1223 366 1280 sui
395 1235 827 1281 consentaneum
860 1231 966 1284 est,
998 1223 1444 1293 enhypostatlcus
1489 1230 1592 1286 est,
1620 1237 1867 1292 semper-

277 1331 388 1386 que
426 1317 566 1371 etin
619 1331 678 1370 se
709 1315 830 1385 ipso
878 1313 1256 1371 exsistentiam
1289 1313 1480 1369 habet:
1519 1315 1868 1369 demonstra-

281 1417 399 1465 tum
439 1417 540 1476 est,
571 1409 866 1480 potentiam
899 1424 1116 1478 quoque
1148 1407 1264 1472 Dei,
1305 1423 1412 1476 qua
1449 1414 1642 1477 potens
1678 1417 1782 1471 est,
1816 1418 1871 1462 et

280 1518 391 1574 qua
421 1504 554 1572 agit,
577 1512 631 1557 et
660 1503 777 1557 sine
810 1518 919 1571 qua
955 1503 1091 1558 nihil
1123 1502 1255 1572 agit,
1290 1517 1412 1571 quae
1444 1500 1681 1557 Verbum
1724 1517 1868 1572 quo-

281 1612 392 1668 que
419 1606 473 1651 et
498 1596 777 1666 Sapientia
811 1596 903 1650 Dei
963 1605 1048 1652 est
1085 1611 1148 1650 ac
1189 1595 1412 1658 dicitur,
1445 1605 1500 1651 et
1554 1606 1869 1666 perpetuam

279 1702 405 1741 esse
441 1693 496 1740 et
521 1686 1014 1756 enbypostaticam.
1038 1685 1300 1742 Similiter
1324 1693 1507 1740 autem
1541 1687 1705 1740 etiam
1738 1700 1873 1740 sau-

282 1775 467 1843 ctitas,
522 1791 646 1846 quae
682 1786 736 1832 et
777 1774 1016 1847 Spiritus
1047 1775 1140 1831 Dei
1183 1777 1403 1841 dicitur,
1455 1777 1872 1849 enbypostatica

281 1875 368 1923 est
391 1876 448 1924 et
475 1879 762 1940 perpetua,
793 1882 846 1927 et
874 1871 926 1925 in
974 1887 1033 1927 se
1090 1872 1206 1942 ipsa
1239 1872 1654 1929 subsistentiam
1683 1873 1867 1928 habet.

281 1955 439 2021 Quod
472 1967 654 2016 autem
677 1975 1000 2031 perpetuum
1034 1971 1138 2028 est,
1171 1979 1296 2018 cum
1333 1973 1599 2034 perpetuo
1656 1973 1711 2019 et
1743 1979 1870 2035 per—

285 2061 491 2122 pcttto;
535 2061 593 2107 et
644 2053 1147 2126 enbypostaticum,
1189 2071 1313 2109 cum
1366 2055 1782 2127 ertbypostatico
1816 2064 1873 2109 et

284 2143 724 2216 enhypostatico,
770 2154 880 2201 tres
941 2160 1066 2202 esse
1123 2146 1441 2217 bypostases
1494 2147 1867 2216 homogeneas

285 2233 895 2304 consubstantialesque
955 2239 1291 2305 comperies.
1353 2235 1530 2306 Atque
1591 2236 1680 2292 bic
1710 2236 1870 2291 nobis

285 2337 372 2383 est
428 2325 573 2382 Detts
622 2325 785 2383 Pater
812 2335 868 2383 et
914 2325 1089 2383 Filius
1116 2337 1171 2382 et
1208 2328 1446 2398 Spiritus
1502 2339 1746 2386 sanctus.
1779 2327 1873 2383 Ille

287 2415 510 2486 quidem
545 2416 757 2487 genitor
809 2426 864 2472 et
921 2418 1241 2489 productor,
1298 2419 1732 2488 impassibiliter,
1782 2419 1871 2474 in-

289 2525 480 2577 quam,
518 2509 1012 2578 intemporabiliter
1042 2521 1097 2567 et
1161 2512 1608 2583 incorporaliter.
1651 2511 1870 2583 Reliqui

290 2610 496 2664 autem,
527 2602 662 2656 alter
693 2603 966 2672 genitura,
989 2605 1126 2660 alter
1144 2606 1446 2675 processio.
1480 2603 1616 2659 Nam
1645 2605 1698 2660 si
1711 2604 1874 2662 Pater

288 2702 378 2750 est
403 2710 566 2752 verus
589 2693 756 2763 Deus,
785 2693 959 2753 Filius
1009 2699 1222 2768 pariter
1250 2713 1315 2754 ac
1346 2698 1587 2768 Spiritus
1618 2710 1868 2766 sanctus,

291 2796 551 2860 tanquam
585 2789 776 2844 eadem
811 2789 883 2846 'et
920 2806 1028 2846 una
1061 2791 1258 2857 deitas,
1308 2792 1574 2860 indivise,
1613 2802 1871 2864 tanquam

292 2881 349 2936 in
387 2881 600 2948 divisis,
635 2890 697 2938 ut
717 2882 791 2937 ita
826 2883 1031 2949 dicam,
1073 2893 1336 2956 spectata.
1371 2886 1440 2941 Et
1483 2895 1668 2942 tamen
1729 2886 1872 2942 haud

294 2983 406 3028 tres
448 2974 545 3028 dii.
576 2970 845 3044 Quodque
872 2973 979 3031 hoc
1005 2990 1196 3030 verum
1223 2976 1317 3039 sit.
1376 2984 1437 3031 ut
1470 2976 1724 3045 superius
1747 2990 1877 3047 pro-

293 3065 446 3129 misi,
475 3067 718 3122 conabor
751 3067 1062 3124 ostendere.
1083 3067 1279 3125 Omnis
1312 3084 1576 3126 numerus
1605 3078 1877 3140 estquau-

293 3158 464 3215 titatis
519 3159 891 3230 subiectarum
952 3175 1138 3216 rerum
1195 3161 1690 3228 demonstrativus,
1763 3175 1874 3218 non
1907 3200 1950 3260 ε

293 3261 479 3308 autem
546 3262 754 3309 natura:
793 3269 1012 3320 rerum;
1057 3255 1220 3325 idque
1245 3270 1350 3310 non
1379 3264 1650 3323 quatenus
1675 3254 1877 3309 eaedem

301 3352 453 3408 sunt,
488 3341 581 3398 sed
615 3355 891 3414 quatenus
916 3345 1168 3401 diversae.
1201 3343 1468 3400 Similiter
1500 3344 1666 3399 etiam
1697 3344 1878 3401 omnis

293 3437 736 3496 connumeratio.
765 3438 817 3492 id
838 3446 941 3502 est,
973 3438 1026 3492 in
1052 3453 1218 3492 unum
1233 3453 1521 3493 numerum
1547 3436 1877 3508 complexio,

294 3524 708 3592 diversitatum,
754 3536 1028 3593 quatenus
1058 3525 1163 3580 alia
1212 3536 1318 3588 est,
1356 3525 1690 3596 compositio
1725 3540 1882 3582 com-

295 3614 584 3686 plexioque
614 3625 720 3671 est.
769 3615 938 3686 quue
967 3615 1057 3670 ﬁet
1097 3616 1470 3677 manifestum.
1539 3617 1584 3672 si
1627 3616 1751 3685 quis
1778 3631 1878 3671 au-

299 3723 451 3762 reum
500 3724 786 3764 nummum
821 3720 1023 3774 sumat,
1056 3725 1293 3779 eumque
1338 3711 1391 3763 iu
1451 3711 1695 3780 quinque
1726 3725 1883 3766 com-

296 3803 510 3857 minuat
537 3803 785 3873 signatos
808 3803 1148 3867 nummulos,
1195 3802 1308 3873 jam
1349 3817 1455 3856 non
1508 3802 1753 3873 quinque
1781 3819 1882 3856 au-

296 3906 422 3947 reos
446 3891 607 3955 dicet,
646 3901 702 3947 ut
730 3893 806 3947 rei
827 3892 946 3962 ejus
978 3901 1230 3946 naturam
1263 3892 1508 3958 denotet,
1527 3893 1620 3948 sed
1637 3893 1879 3962 quinque

296 3997 494 4039 aureos
517 3983 759 4055 signatos
791 3985 1022 4050 solidos,
1062 3993 1118 4036 ut
1173 3983 1251 4038 rei
1285 3982 1545 4050 subjecta:
1604 3983 1879 4053 quantita-

300 4084 408 4131 tem
442 4076 739 4148 signitlcet,
783 4084 839 4131 et
881 4077 982 4131 hos
1011 4075 1228 4148 quidem
1261 4090 1371 4131 non
1409 4083 1672 4145 tauquam
1708 4090 1877 4129 unum

298 4169 454 4241 quid,
486 4170 582 4224 sed
628 4169 898 4226 diversos.
928 4169 1054 4225 Pari
1103 4168 1269 4225 modo
1312 4167 1368 4222 bi
1423 4182 1615 4222 rursus
1664 4182 1880 4221 connu-

299 4263 519 4331 merati.
547 4263 602 4321 id
640 4275 720 4321 est
759 4264 1006 4334 quinque
1048 4263 1103 4318 in
1135 4278 1305 4318 unum
1344 4275 1634 4318 numerum
1679 4261 1883 4314 madu-

301 4359 435 4426 nati,
463 4359 810 4416 diversorum
864 4368 1140 4429 quatenus
1186 4356 1280 4412 alii
1343 4365 1473 4412 sunt
1521 4355 1878 4426 compositio-

1968 1043 2061 1112 τρῖ⁹
2099 1041 2198 1094 καὶ
2233 1040 2310 1110 τῷ
2334 1041 2449 1111 Υίῷ
2476 1039 2667 1095 αὐτοῦ.

2042 1133 2132 1198 ιζ’.
2174 1134 2235 1186 El
2261 1133 2354 1187 οῦν
2383 1135 2412 1188 ὁ
2443 1133 2576 1195 Θεὸς
2597 1131 2695 1187 καὶ
2719 1131 2932 1201 Πατὴρ,
2985 1129 3062 1193 ὼς
3115 1131 3322 1195 πάσαις
3352 1136 3563 1198 κοιναῖς

1969 1225 2201 1288 ἐννοίαις
2233 1225 2519 1295 ἑπόμενον,
2543 1222 2913 1286 ὲνυπόστατός
2935 1223 2995 1275 τέ
3032 1225 3173 1290 ἐστι,
3217 1227 3312 1278 καὶ
3341 1227 3428 1279 ἀεὶ
3470 1227 3565 1280 καὶ

1969 1319 2094 1373 καθ’
2118 1318 2281 1372 ἑαυτὸ
2311 1317 2373 1371 τὸ
2406 1314 2545 1372 εἴναι
2580 1316 2721 1387 ἔχει·
2752 1315 3022 1370 δέδεικται
3056 1315 3112 1370 δὲ
3160 1317 3243 1371 ὅτι
3274 1325 3368 1371 καὶ
3401 1321 3433 1389 ἡ
3469 1319 3564 1372 δύο

1969 1427 2137 1480 ναμις
2167 1409 2262 1464 τοῦ
2295 1409 2456 1472 Θεοῦ,
2505 1411 2628 1464 καθ’
2660 1409 2730 1480 ἦν
2781 1411 2900 1462 ἐστι
2951 1409 3197 1471 δυνατὸς,
3249 1411 3343 1464 καὶ
3391 1412 3460 1464 δι’
3496 1407 3567 1486 ἧς

1973 1504 2137 1567 ποιεῖ,
2171 1503 2263 1555 καὶ
2296 1497 2366 1575 ἦς
2394 1504 2564 1572 χωρὶς
2613 1501 2765 1555 οὐδὲν
2807 1503 2988 1564 ποιεί,
3035 1501 3070 1573 ἥ
3123 1504 3217 1554 καὶ
3256 1504 3426 1571 Λόγος
3469 1504 3564 1558 καὶ

1974 1596 2145 1664 Σοφία
2197 1594 2334 1649 Θεοῦ
2388 1595 2504 1649 ἐστι
2555 1613 2615 1648 τε
2648 1596 2745 1649 καὶ
2791 1595 3034 1664 λέγεται,
3069 1597 3156 1648 ἀεί
3203 1597 3260 1650 τέ
3318 1596 3562 1650 ἐστικαὶ

1975 1687 2375 1748 ὲνυπόστατος’
2426 1687 2692 1749 ὡσαύτως
2738 1686 2796 1740 δὲ
2848 1687 2946 1740 καὶ
2993 1689 3025 1758 ἡ
3075 1687 3336 1756 ἁγιότης.
3383 1688 3416 1760 ἢ
3465 1693 3560 1741 καὶ

1977 1777 2203 1848 Πνεῦμα
2230 1777 2367 1830 Θεοῦ
2396 1778 2635 1846 λέγεται,
2672 1778 3038 1842 ὲνυπόστατός
3068 1780 3126 1832 τέ
3154 1781 3291 1842 ἐστι,
3323 1781 3418 1834 καὶ
3441 1781 3553 1843 ἀεὶ,

1978 1869 2069 1921 καὶ
2092 1868 2216 1921 καθ’
2247 1868 2408 1921 ἑαυτὸ
2435 1871 2496 1922 τδ
2525 1865 2667 1922 εἶναι
2699 1869 2847 1940 ἔχει·
2897 1871 2959 1924 τὸ
2997 1871 3055 1925 δὲ
3097 1871 3186 1926 ἀεὶ
3217 1875 3314 1925 καὶ
3345 1873 3430 1927 ἀεὶ
3467 1874 3565 1929 καὶ

1976 1958 2065 2013 ἀεί
2085 1977 2098 1989 ·
2130 1961 2225 2013 καὶ
2249 1961 2615 2015 ὲνυπόστατον
2645 1960 2790 2034 food.
2825 1963 3180 2035 ὲνυποστὰτῳ
3215 1961 3334 2035 καὶ]
3367 1962 3445 2032 τῷ
3469 1966 3562 2017 ἔνο

1979 2054 2266 2125 υποστάτῳ
2300 2055 2394 2108 καὶ
2424 2056 2775 2126 ὲνυποστάτῳ
2808 2059 3069 2125 ὁμοφυεῖς
3115 2057 3213 2110 καὶ
3245 2058 3570 2128 ὁμοουσίους

1979 2147 2302 2219 εὑρήσειας·
2329 2147 2425 2202 καὶ
2447 2148 2605 2202 τοῦτό
2638 2151 2785 2202 ἐστιν
2817 2149 2845 2202 ὁ
2873 2149 3006 2213 Θεὸς
3037 2151 3172 2220 ἡμῖν
3201 2152 3228 2204 ὁ
3262 2151 3451 2223 Πατὴρ
3474 2150 3573 2204 καὶ

1980 2239 2112 2303 Υἱὸς
2143 2239 2240 2292 καὶ
2283 2240 2344 2293 τὺ
2375 2240 2598 2309 Πνεῦμα
2625 2241 2687 2294 τὸ
2724 2241 2883 2311 ἅγιον
2903 2257 2917 2275 ο
2949 2243 2977 2295 ὁ
3001 2244 3123 2312 μὲν,
3163 2244 3446 2315 γεννήτωρ
3475 2243 3571 2298 καὶ

1980 2331 2303 2402 προϐολεὺς,
2332 2333 2476 2401 λέγω
2519 2333 2583 2405 δὴ
2623 2335 2853 2401 ἀπαθῶς
2882 2335 2978 2389 καὶ
3006 2337 3254 2407 ἀχρόνως
3297 2338 3394 2391 καὶ
3425 2338 3568 2390 ἀσωο

1983 2425 2172 2495 μάτως
2191 2442 2207 2456 ο
2243 2427 2351 2478 τῶν
2374 2427 2430 2479 δὲ
2455 2427 2513 2479 τὸ
2544 2429 2664 2495 μὲν,
2697 2428 2944 2499 γέννημα
2967 2445 2981 2458 ·
3013 2429 3076 2482 τὸ
3115 2429 3174 2482 δὲ
3196 2470 3212 2494 ,
3239 2431 3566 2501 πρόϐλημαο

1981 2514 2032 2566 εί
2062 2514 2172 2587 γὰρ
2210 2516 2304 2569 καὶ
2329 2518 2358 2569 ό
2392 2517 2580 2589 Πατὴρ
2627 2518 2758 2582 Θεός
2792 2518 2853 2573 τέ
2905 2521 3055 2573 ἐστιν
3086 2519 3362 2590 ἀληθινὸς,
3410 2524 3506 2576 καὶ
3542 2526 3572 2578 ό

1981 2607 2109 2671 Υἱὸς
2131 2609 2229 2663 καὶ
2256 2607 2322 2664 τὺ
2350 2609 2573 2680 Πνεῦμα
2597 2610 2655 2664 τὸ
2687 2611 2863 2679 ἅγιον,
2890 2611 2968 2675 ὡς
2995 2611 3096 2683 τῆς
3125 2614 3297 2684 αὐτῆς
3325 2619 3417 2668 καὶ
3443 2618 3573 2686 μιᾶς

1981 2699 2265 2773 θεότητος,
2301 2703 2614 2774 ἀμερίστως
2645 2703 2721 2767 ὡς
2753 2705 2812 2756 ἐν
2842 2707 3142 2774 μεριστοτς,
3196 2706 3264 2758 ἵν’
3291 2706 3466 2768 οὕτως
3495 2709 3573 2760 εἷο

1983 2811 2090 2856 πω,
2120 2793 2501 2865 θεωρουμένης
2521 2812 2534 2825 ·
2566 2795 2679 2850 ἀλλ’
2714 2797 2865 2865 ὅμως
2897 2796 2960 2851 οὐ
3006 2799 3156 2868 τρεῖς
3183 2796 3331 2850 θεοί’
3366 2801 3462 2854 καὶ
3490 2803 3574 2854 ὅτι

1981 2882 2144 2938 τοῦτο
2187 2884 2405 2956 ἀληθὶς,
2464 2884 2540 2949 ὡς
2575 2885 2897 2958 ὑπεσχόμην
2924 2888 3203 2958 ἀνωτέρω,
3236 2891 3572 2960 πειράσομαι

1981 2976 2170 3040 δείξαι.
2213 2977 2328 3041 Πᾶς
2351 2977 2586 3048 ἀριθμὸς
2613 2978 2714 3049 τῆς
2735 2981 3035 3052 ποσότητος
3059 2980 3166 3035 τῶν
3186 2982 3569 3052 ὑποκειμένων

1982 3069 2104 3122 ἐστὶ
2137 3069 2461 3140 δηλωτικδς,
2493 3074 2555 3125 οὐ
2584 3070 2684 3140 τῆς
2708 3073 2923 3139 φύσεως
2953 3073 3063 3128 τῶν
3086 3075 3454 3146 πραγμάτων,
3475 3078 3570 3131 καὶ

1982 3160 2189 3216 τούτων
2212 3161 2309 3232 οὐχ
2389 3162 2624 3229 ταυτῶν,
2649 3163 2762 3216 ἀλλ’
2849 3166 3367 3236 διαφόρωνσὸμοίως
3391 3168 3447 3222 δὲ
3470 3169 3569 3223 καὶ

1984 3251 2134 3303 πᾶσα
2190 3250 2613 3322 συναρίθμησις,
2663 3255 2946 3308 τουτέστιν
2992 3257 3025 3327 ἡ
3075 3259 3154 3318 εἰς
3187 3258 3284 3310 ἕνα
3337 3257 3576 3328 ἀριθμὸν

1985 3344 2322 3414 συναίρεσις,
2375 3344 2483 3397 τῶν
2525 3347 2866 3417 ἑτεροτήτων
2899 3365 3038 3415 πως,
3186 3348 3349 3420 ἑτέρα
3406 3351 3575 3418 ἐστὶν,

1988 3436 2241 3502 σύνθεσίς
2271 3439 2390 3493 ἐστι
2419 3440 2515 3496 καὶ
2565 3441 2913 3510 συναίρεσιςο
2951 3444 3047 3496 καὶ
3087 3442 3249 3498 τοῦτο
3293 3443 3474 3512 δῆλον,
3527 3445 3578 3498 εἰ

1981 3531 2137 3585 λάϐοι
2194 3549 2280 3596 τις
2342 3535 2565 3605 χρυσὸν,
2609 3535 2706 3588 καὶ
2745 3536 2938 3590 τοῦτον
2979 3539 3449 3610 κατακερματίσει
3498 3539 3579 3602 είς

1985 3622 2148 3678 πέντε
2197 3628 2576 3696 χαρακτῆρας,
2625 3626 2747 3698 οὐχὶ
2794 3628 2956 3682 πέντε
3002 3630 3243 3700 χρυσοῦς
3289 3631 3408 3700 ἐρεῖ
3432 3632 3580 3694 ὅπως

1989 3714 2090 3786 τὴν
2121 3717 2285 3784 φύσιν
2316 3717 2670 3792 ὑποσημὼῃ,
2719 3720 2857 3773 ἀλλὰ
2883 3722 3045 3774 πέντε
3077 3723 3368 3792 χρυσίνους
3411 3740 3583 3794 χαρα-

1988 3809 2199 3878 κτῆρας
2225 3850 2240 3873 ,
2286 3811 2434 3872 ὅπως
2473 3810 2572 3881 τὴν
2602 3811 2880 3881 ποσότητα
2929 3811 3037 3864 τῶν
3066 3813 3443 3881 ὑποκειμένων
3479 3814 3578 3881 δη-

1985 3899 2165 3972 λώσῃο
2200 3903 2292 3955 καὶ
2321 3902 2529 3954 τούτων
2560 3895 2728 3976 οὐχρᾖ
2758 3903 2991 3965 ταυτῶν,
3024 3902 3140 3956 ἀλλ’
3263 3902 3570 3971 διαφόρων·

1985 3992 2250 4056 ὡσαύτως
2295 3993 2353 4045 δὲ
2401 3993 2501 4046 καὶ
2545 3993 2720 4047 ταῦτα
2765 3992 3262 4063 συναριθμούμενα,
3295 3993 3576 4048 τουτέστιν

1987 4087 2066 4146 είς
2093 4085 2191 4139 ἕνα
2217 4084 2455 4156 ἀριθμὸν
2486 4085 2598 4138 τῶν
2629 4087 2793 4140 πέντε
2829 4086 3232 4157 συναιρούμενα
3260 4088 3370 4141 τῶν
3397 4088 3579 4158 ἑτερο-

1986 4181 2167 4246 τὴτων
2209 4194 2328 4241 πως
2373 4178 2498 4232 καθ’
2535 4178 2565 4231 ὃ
2594 4179 2758 4250 ἔτερα
2793 4180 2892 4250 τὴν
2926 4179 3177 4234 σύνθεσιν
3223 4181 3574 4251 εἰσάγουσιν·

1990 4268 2084 4323 καὶ
2110 4271 2219 4341 γὰρ
2249 4273 2278 4324 ὁ
2301 4269 2532 4341 ἀριθμὸς
2565 4270 2675 4324 τῶν
2696 4270 2971 4342 διαῳόρων
2993 4275 3364 4343 πραγμάτων,
3399 4268 3433 4347 ᾖ
3469 4273 3584 4335 Sui,

1990 4359 2135 4429 φορά
2163 4362 2302 4426 ἐστι,
2335 4359 2683 4431 περιεκτικὸς
2707 4360 2805 4414 καὶ
2830 4359 3232 4431 περιληπτικδς
3257 4361 3324 4416 ἂν
3358 4365 3470 4432 εἴη.

300 4465 426 4508 nem
454 4450 776 4506 conﬁciunt.
832 4451 1045 4506 Etenim
1085 4466 1366 4516 nurnerus,
1418 4449 1761 4505 diversarum
1788 4463 1969 4504 rerum
2025 4463 2299 4522 quatenus
2355 4453 2584 4509 diversa:
2648 4462 2799 4518 sunt,
2871 4454 3361 4524 comprelrensivus
3432 4468 3587 4510 com-

304 4548 666 4620 plexivusque
699 4557 803 4603 est.

375 4643 462 4702 i8.
481 4641 578 4702 llis
594 4657 624 4696 a
643 4641 803 4698 nobis
814 4641 1095 4711 expositis,
1114 4638 1485 4696 animadverte
1497 4637 1628 4710 quid
1645 4652 1881 4709 compro

2075 4646 2167 4709 ιη’.
2212 4638 2433 4694 Τούτων
2494 4635 2590 4693 οῦν
2639 4640 2770 4710 ἡμῖν
2821 4635 3219 4701 ὑποτεθέντων,
3273 4637 3468 4691 σκόπει
3521 4635 3585 4689 τὸ

304 4740 486 4795 batum
498 4737 589 4794 sit.
604 4734 1074 4802 Quoniamdivina
1091 4750 1155 4790 ac
1173 4733 1329 4788 beata
1347 4742 1562 4799 natura,
1578 4741 1686 4787 tota
1701 4739 1892 4804 quate-

303 4847 409 4889 nus
422 4841 556 4896 tota,
573 4828 804 4885 indivise
816 4829 870 4882 in
888 4827 1048 4883 Patre
1059 4839 1112 4883 et
1128 4827 1264 4883 Filio
1277 4835 1331 4882 et
1351 4827 1554 4897 Spiritu
1568 4837 1758 4882 sancto
1774 4841 1889 4896 spe-

303 4932 509 4989 ctatur,
524 4933 778 4978 utsermo
794 4931 977 4978 noster
991 4922 1228 4976 ostendit
1246 4942 1259 4977 :
1279 4937 1454 4990 neque
1474 4922 1525 4976 in
1543 4921 1643 4975 hoc
1661 4921 1780 4990 plus
1790 4928 1896 4985 est,

304 5017 359 5072 in
374 5014 468 5071 illo
483 5013 785 5081 minus,sed
797 5014 1077 5082 aequaliter
1089 5013 1400 5084 pariterque
1414 5013 1892 5083 prmdicamentum

308 5109 369 5163 ﬁt
399 5124 414 5173 ;
451 5119 628 5174 neque
655 5106 802 5160 aliud
836 5105 1008 5174 prius,
1042 5105 1187 5158 aliud
1218 5105 1492 5173 posterius
1512 5103 1582 5158 ab
1603 5103 1722 5174 ipso
1753 5117 1894 5172 prae-

311 5199 627 5255 dicamento
655 5197 1020 5268 signiﬁcatur,
1049 5197 1140 5251 sed
1172 5211 1344 5251 unum
1370 5197 1498 5265 quid
1539 5208 1892 5255 coaeternum.

309 5302 365 5351 et
391 5291 706 5349 omnimode
732 5290 910 5346 simile
939 5309 954 5345 :
991 5291 1190 5346 ctenim
1232 5301 1403 5345 totum
1440 5289 1524 5345 vel
1558 5299 1682 5344 ante
1713 5298 1893 5358 partes

310 5387 604 5461 cogitatur,
622 5385 704 5441 vel
733 5387 787 5441 iu
817 5385 953 5461 ipsis
971 5384 1327 5456 participibus
1357 5402 1372 5450 ;
1403 5384 1565 5454 idque
1595 5398 1788 5436 rursus
1815 5379 1899 5435 vel

312 5459 405 5536 in-
437 5494 552 5535 uno
601 5487 794 5544 totum,
851 5459 952 5533 ceu
1043 5488 1213 5532 totum
1319 5475 1550 5530 indivise
1605 5481 1897 5544 spectatur,

311 5573 399 5631 vel
442 5572 606 5629 etiam
655 5571 710 5626 in
756 5569 1022 5641 reliquis.
1070 5579 1242 5626 totum
1287 5578 1470 5622 autem
1515 5566 1659 5633 dico,
1706 5580 1812 5619 non
1845 5563 1898 5621 id

315 5666 461 5741 quod
516 5681 586 5722 ex
629 5665 878 5737 partibus
925 5664 1293 5734 compositum
1346 5661 1896 5734 conglutinatumque

314 5769 401 5817 est
425 5777 443 5828 ;
471 5759 648 5815 absit!
684 5759 778 5814 sed
814 5759 888 5824 id,
911 5758 1058 5828 quod
1093 5766 1277 5828 utpote
1298 5766 1494 5812 natura
1516 5795 1531 5820 ,
1564 5755 1618 5809 in
1648 5755 1896 5823 personis

317 5849 555 5922 propriis
570 5859 863 5923 spectatur.
885 5850 967 5906 Ex
979 5849 1162 5917 dictis,
1177 5849 1419 5921 inquam,
1432 5854 1667 5912 constat,
1682 5844 1895 5902 Patrem

2001 4729 2574 4803 κατασκευαζόμενον.
2610 4732 2722 4801 Τῆς
2753 4730 2904 4793 θείας
2939 4730 3033 4783 καὶ
3063 4730 3342 4800 μακαρίας
3367 4729 3585 4796 φύσεως

2000 4824 2128 4894 ὅλης
2159 4824 2236 4884 ὡς
2272 4823 2401 4893 ὅλης
2426 4863 2442 4889 ,
2487 4821 2802 4894 ἀμερίστως
2840 4820 2899 4872 ἐν
2925 4838 2984 4873 τε
3029 4819 3108 4890 τῷ
3139 4821 3315 4889 Πατρὶ
3359 4820 3453 4871 καὶ
3503 4812 3582 4886 τῷ

2006 4917 2121 4990 Υἱῷ
2151 4916 2249 4972 καὶ
2275 4914 2358 4988 τῷ
2395 4915 2539 4987 ἁγίῳ
2584 4913 2865 4986 Πνεῦματι
2896 4910 3310 4983 θεωρουμένης,
3336 4908 3411 4990 ὥς
3439 4910 3468 4961 ὁ
3492 4904 3580 4960 λό-

2006 4989 2106 5081 γος
2141 5010 2378 5076 ἔδειξεν·
2416 5010 2510 5064 καὶ
2539 5008 2599 5061 οὐ
2635 5007 2728 5060 τοῦ
2767 5007 2868 5077 μὲν
2914 5004 3136 5077 μᾶλλον,
3164 5002 3258 5055 τοῦ
3293 5001 3351 5054 δὲ
3392 4989 3577 5070 ἦττον,

2002 5105 2117 5160 ἀλλ’
2175 5105 2261 5158 ἐπ’
2313 5105 2438 5175 ἴσης
2488 5101 2583 5156 καὶ
2636 5099 2893 5162 ῑσοκλεῶς
2941 5098 3041 5167 τῆς
3071 5091 3406 5166 κατηγορίας
3442 5106 3577 5144 κατ-

2003 5196 2382 5269 ηγγελμένης·
2437 5195 2534 5248 καί
2554 5193 2616 5246 οὐ
2643 5193 2704 5245 τὸ
2737 5191 2834 5262 μὲν
2862 5189 3144 5262 πρότερον.
3177 5185 3238 5239 τὸ
3261 5185 3318 5240 δὲ
3353 5182 3580 5253 ὕστερον

1998 5290 2103 5361 τῆς
2131 5287 2468 5360 κατηγορίας
2495 5285 2887 5355 ἑμφαινούσης,
2907 5279 3021 5335 ἀλλ’
3039 5281 3154 5353 ἅμα
3180 5279 3275 5334 καὶ
3297 5277 3580 5339 συναῐδίως

2002 5386 2098 5438 καὶ
2124 5383 2266 5438 κατὰ
2300 5383 2482 5436 πάντα
2511 5379 2887 5450 ὁμοιοτρόπως
2912 5373 3114 5446 οῦσης”
3146 5371 3242 5427 καὶ
3269 5372 3378 5442 γὰρ
3407 5371 3443 5441 ἡ
3465 5369 3586 5424 ὁλό-

2001 5495 2102 5548 της
2140 5476 2176 5548 ἢ
2209 5475 2316 5547 πρὺ
2346 5473 2457 5529 τῶν
2489 5473 2675 5545 μερῶν
2728 5471 3056 5532 ἐπινοεῖται,
3106 5467 3143 5538 ἢ
3188 5465 3249 5519 ὲν
3290 5466 3407 5528 τοῖς
3458 5481 3588 5534 μετ-

2004 5565 2192 5638 έχουσι
2214 5580 2227 5594 ’
2285 5565 2381 5618 καὶ
2430 5563 2636 5616 τούτων
2667 5561 2701 5632 ἢ
2729 5559 2788 5614 ἐν
2813 5559 2892 5631 τῷ
2925 5557 3007 5613 ἑνὶ
3032 5556 3127 5627 ὅλη
3153 5555 3230 5619 ὡς
3255 5555 3355 5622 ὅλη
3386 5552 3582 5626 ἀμερι-

2010 5675 2151 5723 στως
2184 5655 2564 5728 θεωρουμένη,
2587 5655 2621 5726 ἢ
2649 5653 2745 5708 καὶ
2772 5654 2832 5706 tv
2862 5653 2974 5716 τοῖς
3003 5650 3210 5711 λοιποῖς
3231 5664 3247 5680 ο
3273 5647 3505 5714 όλότητα
3530 5643 3594 5697 δέ’

2007 5769 2152 5823 φημι
2181 5751 2247 5805 οὐ
2271 5750 2371 5822 τὴν
2398 5751 2464 5803 ὲκ
2498 5748 2608 5801 τῶν
2642 5747 2826 5819 μερῶν
2867 5744 3238 5815 συγκειμένην
3271 5741 3367 5796 καὶ
3392 5738 3588 5792 σύνθεει

2001 5860 2117 5911 τον,
2143 5842 2352 5910 ἄπαγε,
2368 5838 2505 5900 ἀλλὰ
2521 5838 2620 5911 τὴν
2653 5837 2732 5902 ὡς
2764 5835 2929 5908 φύσιν
2963 5839 3024 5891 tv
3048 5836 3169 5900 ταῖς
3195 5831 3427 5898 οἰκείαις
3450 5831 3585 5884 Otto-
