4098 6316
327 393 441 460 ’1ᾂῦ

1481 391 1918 455 REFUTATIO
1945 393 2418 458 MOHAMEDIS.

3482 394 3586 461 746

330 508 431 577 τὴν
458 501 547 558 διὰ
576 501 674 565 τὰς
707 500 982 573 (Easter;
1010 500 1165 572 ἡμῶν
1200 499 1574 571 πλημμελείας
1608 499 1918 570 ἐπενεχθεῖ-

2033 517 2247 558 numera
2289 513 2510 575 peccata
2551 512 2739 561 nostra
2775 505 2870 562 Dei
2903 503 3066 573 iram,
3100 503 3295 560 atheus
3329 501 3422 558 hic
3464 502 3592 558 bar-

331 615 434 652 σαν
475 597 607 668 ἡμῖν
637 594 806 666 ὀργὴν
841 596 907 648 ὲκ
949 593 1110 662 Θεοῦ,
1137 596 1167 648 6
1217 593 1375 657 ἄθεος
1422 586 1579 658 οὗτος
1641 592 1919 663 βάρϐαρος

327 691 546 761 ἥρπασε
567 687 658 740 τὸν
680 685 872 759 καιρὸν
897 687 977 749 εἰς
1005 686 1106 756 τὴν
1137 685 1278 739 κατά
1299 684 1394 738 τοῦ
1413 683 1649 756 Χριστοῦ
1677 683 1919 755 βλασφηο

331 782 484 852 μίαν,
517 777 612 832 καὶ
643 776 712 831 δι’
741 776 998 848 οὐδεμίαν
1028 775 1223 846 ἑτέραν
1255 774 1438 829 αἰτίαν
1465 778 1630 847 φησὶν
1661 777 1808 846 ἡμᾶς
1839 776 1921 837 είς

327 876 520 944 χεῖρας
549 869 730 925 αὐτῶν
759 868 1148 940 παραδίδοσθαι
1177 910 1195 935 ,
1224 867 1257 941 ἢ
1304 866 1392 922 διὰ
1419 866 1482 921 τὸ
1524 865 1814 937 σύνθρονον
1840 865 1920 940 τῷ

331 965 510 1036 Πατρὶ
542 963 632 1017 τὸν
659 962 894 1034 Χριστὸν
927 960 1213 1033 ὁμολογεῖν
1238 973 1252 989 ⁶
1298 959 1381 1014 διὸ
1411 958 1653 1033 συνεχῶς
1681 959 1920 1029 ἀποφαί-

331 1073 484 1110 νεται
503 1072 519 1086 ·
559 1055 620 1109 οὐ
648 1055 757 1127 γὰρ
796 1055 979 1124 ὁδηγεῖ
1004 1054 1034 1108 6
1061 1053 1195 1118 Θεὸς
1245 1052 1377 1108 λαὸν
1404 1051 1515 1106 τῶν
1546 1052 1882 1123 παρανόμων
1900 1066 1916 1082 ·

336 1148 669 1220 πολλαχόθεν
702 1149 761 1204 δέ
801 1149 949 1204 ἐστιν
997 1148 1162 1203 αὑτὸν
1213 1147 1511 1215 ἀπελέγξαι
1541 1149 1702 1201 τοῦτο
1734 1146 1921 1211 κακῶς

335 1242 789 1315 τεκμαιρόμενον,
826 1243 1074 1312 φυσικῶς
1111 1259 1171 1296 τε
1220 1243 1314 1297 καὶ
1345 1241 1672 1312 Γραφικῶςο
1709 1242 1920 1313 Γραφι-

338 1333 450 1398 κῶς
479 1333 577 1406 μὲν
611 1334 718 1388 ἀπό
745 1351 802 1388 τε
831 1331 926 1387 τοῦ
962 1332 1224 1397 εὐσεϐοῦς
1271 1332 1467 1388 Ἰακὼϐ
1500 1335 1594 1388 καὶ
1627 1334 1719 1388 τοῦ
1755 1333 1919 1406 βεϐή-

337 1427 431 1480 λου
469 1424 660 1493 Ἡσαῦ,
705 1426 898 1494 Ἰωσὴφ
931 1426 987 1480 δὲ
1011 1426 1107 1481 καὶ
1132 1425 1411 1498 Πετεφρῆ,
1435 1425 1600 1480 Δαϐίδ
1627 1442 1686 1479 τε
1710 1426 1804 1480 καὶ
1825 1425 1921 1478 τοῦ

336 1517 653 1591 ἀγνώμονος
692 1520 888 1586 Σαοὺλ,
923 1518 1420 1590 Ναϐουχοδονοσὼρ
1453 1518 1545 1572 καὶ
1587 1517 1698 1572 τῶν
1758 1519 1922 1589 αἰχμ-

337 1608 559 1664 αλώτων
586 1609 901 1680 προφητῶν,
936 1612 1029 1663 καὶ
1059 1609 1265 1681 ἐτέρων
1287 1607 1552 1662 πλείστων
1581 1609 1804 1680 ὁμοίων·
1823 1626 1924 1677 φυ-

336 1699 506 1765 σικῶς
529 1700 587 1754 δὲ
633 1701 743 1756 ἀπό
789 1718 849 1754 τε
885 1701 1173 1766 προϐάτων
1205 1702 1300 1755 καὶ
1347 1701 1555 1774 ἀγρίων
1595 1701 1801 1772 θηρίων
1832 1702 1925 1755 καὶ

334 1792 444 1846 τῶν
468 1792 694 1862 ὁμοίων,
719 1791 756 1846 ἃ.
787 1793 885 1864 οὐχ
918 1793 992 1858 ὡς
1022 1793 1245 1866 χείρονα
1278 1795 1374 1848 καὶ
1417 1794 1516 1863 τῆς
1566 1795 1646 1856 εἰς
1669 1794 1803 1847 Θεὸν
1832 1793 1926 1846 εύ-

335 1883 623 1954 χαριστίας
650 1885 1006 1954 ἀνεπιτήδεια
1048 1886 1149 1955 τὴν
1185 1886 1389 1941 ἅλωσιν
1417 1886 1476 1952 ἐξ
1501 1885 1684 1940 αὐτῶν
1714 1886 1924 1956 ὑπομέ-

337 1991 457 2028 νει·
484 1974 600 2030 ἀλλ’
646 1976 720 2041 ὡς
773 1976 962 2048 ἕτερόν
997 1995 1121 2033 τινα
1171 1977 1369 2048 ἔχοντα
1423 1978 1581 2046 λόγον
1613 1976 1926 2050 ἀπόρρητον

337 2066 482 2121 οὕτω
507 2067 788 2124 τέτακται.

856 2245 1298 2302 ΕΛΕΓΚΤΙΚΟΣ
1331 2245 1416 2301 Η’.

410 2319 531 2394 νθνῗ
552 2339 612 2392 Ὀ
637 2338 821 2408 ὄγδοος
869 2339 1039 2410 μῦθος
1078 2339 1191 2412 (95)
1225 2340 1302 2411 τῷ
1345 2339 1591 2410 Μωάμετ
1626 2340 1930 2409 ἐπιγέγρα-

342 2450 477 2487 πται
508 2432 629 2504 μέν,
659 2435 765 2501 Εἰς
779 2434 892 2502 τὴν
902 2433 1230 2505 μετάνοιαν
1251 2449 1265 2464 '
1295 2434 1552 2506 παραινεῖ
1578 2434 1634 2488 δὲ
1654 2437 1763 2497 τοῖς
1792 2434 1928 2505 βαρο

344 2525 532 2596 ϐἀροις
555 2525 858 2598 ὡρισμένον
891 2527 1012 2581 τινὰ
1046 2527 1240 2598 καιρὸν
1278 2525 1358 2598 τῷ
1389 2528 1518 2580 πότε
1549 2529 1728 2598 χρόνῳ
1762 2543 1929 2599 προσ·

346 2620 530 2690 μεῖναι
571 2620 694 2683 τοὺς
726 2620 1110 2690 Χριστιανοὺς,
1138 2621 1212 2685 ὡς
1263 2619 1329 2674 ἂν
1389 2619 1668 2690 βούλοιντο
1708 2621 1778 2674 τὰ
1806 2618 1931 2673 καθ’

344 2712 572 2776 ἑαυτοὺς
597 2712 876 2768 διαθέσθαι
901 2729 916 2745 °
952 2714 1002 2766 εί
1028 2713 1128 2784 μὲν
1149 2709 1242 2766 οὖν
1277 2712 1488 2766 ἑαυτῶν
1523 2715 1818 2785 ἐγκρατεῖς
1839 2713 1932 2780 γέ-

345 2821 539 2871 νοιντο,
566 2805 660 2859 καὶ
691 2805 1059 2859 ἀποδιαστῶσι
1082 2805 1182 2877 τῆς
1211 2805 1320 2858 τῶν
1342 2805 1632 2877 βαρϐάρων
1670 2822 1932 2878 περικρα-

340 2897 572 2967 τήσεως,
598 2898 833 2968 πόλεμον
862 2897 1181 2970 ἀναίρεσθαι
1214 2899 1352 2969 πρὸς
1404 2897 1633 2963 αὐτούς’
1664 2899 1714 2952 εἰ
1749 2899 1806 2953 δέ
1835 2917 1930 2970 με-

338 2992 611 3058 ταγνοῖεν,
638 2991 792 3062 φησὶ,
848 2992 943 3044 καὶ
974 2991 1340 3063 θρησκεύουσι
1372 2990 1473 3063 τὴν
1519 2991 1691 3046 αὐτοῦ
1741 2992 1932 3047 δυσσέ-

341 3083 513 3152 ϐειαν,
540 3084 803 3156 ἀδελφοὺς
837 3084 1033 3147 αὐτοὺς
1073 3083 1599 3156 προσλαμϐάνεσθαι
1622 3100 1635 3114 ⁸
1671 3086 1933 3157 παραινεῖ

340 3170 435 3230 οῦν
463 3179 576 3241 τοῖς
620 3178 974 3247 Χριστιανοῖς
1018 3174 1100 3230 ὅτι
1150 3175 1374 3231 κάλλιόν
1426 3177 1542 3232 ἐστι
1589 3181 1930 3249 μετανοῆσαι
1957 3193 2001 3257 c

343 3267 439 3322 καὶ
466 3266 588 3338 ζῇν,
619 3266 1154 3338 ἢΧριστιανίζοντας
1209 3267 1578 3341 ἀποθνήσκειν
1603 3285 1618 3300 ·
1673 3270 1830 3337 αὖθίς
1874 3289 1934 3328 τε

344 3360 577 3426 ἀναιδῶς
629 3362 933 3415 κατατυπεῖ
982 3362 1110 3423 τοὺς
1165 3360 1384 3425 ἀθλίους
1433 3360 1742 3434 βαρϐάρους
1790 3364 1848 3418 ἐν
1874 3383 1936 3419 τε

344 3449 598 3514 ἀπειλαῖς
645 3451 744 3504 καὶ
791 3451 1035 3520 ἐλέγχοις
1067 3450 1166 3505 καὶ
1200 3450 1461 3506 ὀνείδεσιν
1511 3453 1587 3518 ὡς
1617 3455 1931 3527 καταρᾳθυ-

350 3539 584 3612 μοῦντας
623 3540 718 3595 τοῦ
775 3541 1120 3613 σεϐάσματος
1169 3541 1334 3597 αὐτοῦ
1361 3557 1376 3571 “
1431 3547 1528 3598 καὶ
1585 3547 1680 3601 ἐπὶ⁵
1725 3548 1938 3614 τούτοις

349 3630 496 3686 κατὰ
547 3631 608 3686 τὸ
646 3635 911 3705 πρότερον
948 3634 1241 3706 εἰρημένον
1302 3635 1671 3710 πανούργημα
1730 3639 1789 3693 ἐν
1853 3640 1938 3694 ἐνὶ

347 3726 555 3798 ἐλέγχῳ
615 3727 959 3800 ἀμφοτέρους
1015 3731 1272 3801 πειρᾶται
1333 3731 1748 3803 ἐπιστομίζειν,
1803 3736 1937 3790 ἰου-

346 3820 528 3885 δαίους
553 3837 613 3874 τε
647 3822 742 3875 καὶ
772 3822 1137 3893 Χριστιανοὺς
1162 3821 1305 3876 οὕτω
1335 3823 1665 3895 παραλαλῶν
1696 3843 1710 3857 ·

417 3910 480 3979 ξ’.
519 3932 540 3966 ι
575 3914 842 3983 Λέγουσιν
880 3913 1125 3990 Ἰουδαῖοι
1184 3913 1297 3985 (96)
1346 3914 1431 3969 ὅτι
1486 3916 1516 3970 6
1580 3916 1798 3989 Ἰσραήλ
1823 3917 1934 3987 (97)

344 4005 494 4058 ἐστιν
527 4004 640 4068 υίὸς
671 4003 809 4058 Θεοῦ
836 4021 853 4039 ο
905 4005 999 4058 καὶ
1045 4004 1295 4074 λέγουσιν
1347 4006 1398 4059 οἱ
1449 4007 1767 4078 Χριστιανοὶ
1797 4011 1877 4062 ὅτι
1909 4011 1938 4064 6

344 4096 579 4166 Χριστός
611 4097 759 4150 ἐστιν
795 4099 824 4151 6
853 4095 980 4161 Υίὺς
1007 4096 1100 4151 τοῦ
1130 4098 1266 4151 Θεοῦ
1290 4115 1307 4132 ο
1339 4097 1502 4153 τοῦτό
1533 4101 1680 4154 ἐστιν
1718 4102 1746 4154 6
1781 4099 1938 4171 λόγος

345 4185 525 4240 αὐτῶν
552 4187 640 4240 διὰ
676 4186 786 4240 τῶν
837 4188 1121 4258 στομάτων
1168 4189 1391 4244 αὐτῶν⁹
1444 4189 1770 4260 ισοφωνοῦσι
1826 4196 1938 4259 τοῖς

345 4275 525 4344 λόγοις
555 4278 664 4329 τῶν
691 4280 1088 4350 ἀρνησαμένων
1122 4280 1188 4333 ἐκ
1236 4281 1367 4350 πρίν
1391 4299 1404 4312 ·
1449 4281 1703 4352 φονεύσει
1738 4285 1937 4348 αὐτοὺς

351 4373 379 4424 6
407 4371 558 4436 Θεὸς,
587 4372 774 4426 ἕνεκεν
803 4374 912 4427 τῶν
939 4374 1228 4446 ἀρνοῦνται
1249 4390 1262 4405 '
1301 4376 1633 4432 ἐπελάϐοντο
1649 4379 1775 4442 τοὺς
1801 4380 1936 4432 ἀπο-

355 4461 572 4523 στόλους
600 4462 778 4516 αύτῶν
813 4464 1051 4528 καὶτοὺς
1079 4466 1243 4537 ἱερεῖς
1275 4467 1498 4538 κυρίους
1539 4468 1719 4540 πάρεξ
1760 4468 1897 4522 Θεοῦ
1917 4485 1933 4502 ο

1952 1851 2000 1910 Β

2023 595 2191 652 barus
2266 598 2614 654 occasionem
2690 598 2823 655 hinc
2880 598 3117 668 arripuit
3176 595 3595 668 blasphemandi

2018 685 2221 743 Christi
2257 705 2272 752 ;
2307 688 2620 760 nullamque
2645 691 2807 745 aliam
2838 692 2909 747 ob
2947 705 3173 747 causam
3216 704 3320 745 nos
3361 689 3598 744 traditos

2019 778 2152 835 dicit
2182 780 2396 836 illorum
2432 783 2708 849 manibus,
2741 782 2846 838 nisi
2887 783 3016 854 quia
3040 796 3418 840 consessorem
3448 780 3597 835 Patri

2019 874 2302 931 Christum
2349 875 2693 932 conﬁtemur.
2726 877 2853 932 Ideo
2881 885 3196 932 constanter
3224 876 3421 931 eﬁ'atur
3449 895 3462 929 :
3488 890 3596 929 non

2020 967 2168 1022 enim
2216 966 2405 1036 dirigit
2453 966 2598 1024 Deus
2631 968 2889 1038 populum
2941 977 3307 1040 peccatorem.
3358 968 3601 1023 Multifa-

2022 1060 2160 1115 riam
2226 1074 2357 1115 vero
2420 1075 2717 1130 possumus
2766 1061 2913 1118 hunc
2973 1077 3072 1116 ceu
3130 1071 3598 1133 argumentantem

2021 1162 2276 1217 perverse
2353 1163 2673 1220 coarguere,
2747 1159 2860 1205 tum
2945 1159 3154 1207 naturae
3213 1153 3422 1209 scilicet
3487 1162 3601 1208 tum

2025 1236 2324 1306 Scriptura:
2359 1238 2707 1295 testimoniis.
2738 1240 2894 1310 Apud
2935 1239 3273 1311 Scripturam
3296 1241 3540 1312 quidem,
3574 1259 3605 1297 a

2023 1329 2114 1401 pio
2152 1328 2357 1385 Jacobo
2396 1339 2452 1385 et
2494 1330 2640 1387 Esau
2683 1347 2942 1402 nequam,
2975 1333 3043 1388 ab
3072 1332 3308 1403 Josepho
3355 1343 3410 1387 et
3457 1332 3607 1387 Puti-

2023 1424 2219 1493 phare,
2250 1437 2282 1478 a
2315 1421 2518 1479 Davide
2539 1433 2595 1479 et
2639 1423 2858 1494 ingrato
2889 1423 3074 1491 Saule,
3103 1440 3133 1480 a
3163 1424 3605 1480 Nabuchodono-

2025 1528 2155 1570 soro
2195 1524 2250 1569 et
2281 1513 2565 1585 prophetis
2603 1515 2855 1585 captivis,
2902 1525 2956 1571 et
3011 1515 3286 1571 similibus
3319 1516 3445 1572 aliis
3486 1515 3607 1585 plu-

2026 1605 2202 1661 rimis.
2241 1606 2317 1660 Ex
2359 1617 2557 1661 natura
2593 1615 2802 1674 autem,
2848 1608 2918 1663 ab
2946 1607 3139 1664 ovibus
3166 1615 3221 1662 et
3260 1607 3606 1663 silvestribus

2028 1695 2181 1763 feris,
2217 1707 2272 1753 et
2301 1697 2616 1769 hujusmodi
2649 1699 2810 1754 aliis:
2843 1715 2962 1770 quae
2995 1715 3131 1756 sane
3169 1699 3315 1754 haud
3348 1711 3606 1770 tanquam

2029 1788 2268 1860 pejores,
2298 1799 2354 1845 et
2385 1791 2569 1846 minus
2594 1801 2810 1862 gratum
2842 1807 2969 1864 erga
3000 1791 3172 1847 Deum
3211 1793 3459 1847 animum
3513 1806 3610 1862 ge-

2029 1889 2211 1935 rentes
2242 1881 2469 1937 exitium
2501 1882 2572 1959 ab
2613 1881 2738 1938 aliis
2771 1883 3151 1953 perpetiuntur
3177 1906 3190 1938 ;
3219 1881 3315 1939 sed
3343 1882 3414 1938 ob
3442 1881 3604 1936 aliain

2029 1972 2379 2028 secretiorem
2413 1988 2636 2041 causam
2665 1974 2741 2029 ita
2772 1973 2876 2030 fuit
2905 1974 3290 2031 constitutum.

2511 2235 2952 2294 CONFUTATIO
2999 2235 3130 2293 Vill.

2100 2330 2189 2386 59.
2209 2328 2414 2386 Octava
2436 2343 2465 2384 a
2483 2328 2798 2385 Mohamede
2819 2327 3003 2384 fabula
3022 2328 3335 2385 inscribitur
3353 2327 3613 2384 Paeniten-

2032 2424 2129 2478 tia.
2148 2423 2416 2498 Admonet
2443 2433 2624 2478 autem
2645 2422 2930 2487 barbaros,
2952 2431 3013 2475 ut
3033 2420 3313 2476 deﬁnitum
3338 2419 3610 2489 quoddam

2032 2525 2246 2587 tempus
2277 2518 2572 2572 observent
2599 2531 2726 2586 erga
2751 2514 3122 2580 Christianos,
3158 2513 3205 2568 si
3240 2513 3294 2568 hi
3322 2513 3491 2569 velint
3527 2527 3613 2568 res

2030 2624 2163 2666 suas
2195 2619 2448 2665 tractare.
2483 2609 2641 2676 Quod
2677 2607 2827 2663 siilli
2859 2617 3145 2678 compotes
3174 2607 3257 2663 sui
3281 2607 3608 2673 elliciantur,

2031 2711 2087 2759 et
2116 2718 2146 2758 a
2187 2702 2546 2759 barbarorum
2605 2702 2838 2772 imperio
2868 2699 3174 2766 discedant,
3226 2711 3352 2756 tunc
3410 2699 3609 2754 bellum

2031 2809 2222 2852 contra
2264 2811 2359 2852 eos
2406 2794 2842 2866 suscipiendum.
2893 2793 2987 2849 Sin
3038 2807 3190 2860 vero,
3241 2792 3441 2862 inquit,
3485 2792 3610 2846 illos

2031 2891 2368 2962 paenituerit,
2412 2898 2468 2946 et
2509 2889 2734 2959 impiam
2772 2888 2909 2960 ejus.
2931 2898 3137 2944 sectam
3184 2886 3610 2957 amplectantur,

2033 2985 2088 3038 in
2143 2981 2376 3038 fratrum
2438 2982 2562 3038 loco
2615 2996 2712 3037 eos
2769 2980 3096 3050 suscipiant.
3150 2978 3424 3034 Admonet
3478 2993 3611 3046 ergo

2034 3074 2402 3140 Christianos,
2433 3072 2637 3128 melius
2670 3087 2797 3128 esse
2830 3072 3094 3143 poenitere
3126 3086 3191 3127 ac
3218 3073 3418 3135 vivere,
3447 3085 3613 3140 quam

2035 3167 2088 3221 in
2120 3165 2550 3222 Christianismo
2580 3175 2891 3236 perstantes
2923 3165 3089 3222 mori.
3117 3162 3240 3219 Mox
3268 3163 3614 3233 impudenter

2037 3259 2216 3331 pulsat
2248 3257 2497 3314 infelices
2545 3257 2846 3321 barbaros,
2900 3257 3101 3323 minis,
3147 3255 3615 3324 increpationibus

2037 3364 2091 3409 et
2119 3352 2404 3417 conviciis,
2435 3360 2698 3422 tanquam
2730 3352 2783 3406 in
2813 3351 2961 3408 cultu
2985 3363 3085 3406 suo
3113 3351 3390 3405 socordes.
3417 3347 3615 3404 Postea

2035 3445 2464 3534 eodem,.quem
2515 3454 2674 3499 antea
2724 3443 2987 3511 diximus,
3036 3451 3155 3496 astu
3207 3441 3400 3496 ambos
3452 3441 3615 3494 unica

2041 3532 2467 3610 reprehensione
2486 3538 2734 3593 inhibere
2771 3545 3026 3604 conatur,
3051 3535 3117 3592 de
3143 3532 3349 3591 Iudaeis
3374 3533 3538 3590 simul
3562 3543 3617 3587 et

2035 3633 2366 3692 Christianis
2391 3632 2622 3690 {utiliter
2648 3633 2836 3689 dicens
2873 3649 2890 3687 :

2049 3889 2054 3893 ’
2110 3905 2199 3962 60.
2242 3923 2261 3957 ι
2304 3903 2505 3960 Dicunt
2553 3899 2728 3958 Judaei
2786 3898 3043 3955 lsraelem
3090 3911 3213 3952 esse
3267 3895 3437 3951 ﬁlium
3496 3896 3610 3954 Dei.

2039 3997 2338 4055 Christiani
2387 3996 2643 4053 similiter
2696 3993 2887 4051 dicunt
2923 3991 3200 4048 Christum
3242 4004 3364 4045 esse
3409 3989 3614 4044 DciFi-

2039 4093 2196 4147 lium.
2231 4091 2330 4146 Hic
2375 4089 2484 4145 illis
2523 4101 2706 4144 sermo
2752 4087 2808 4141 in
2849 4099 2945 4141 ore
2972 4093 3245 4139 versatur.
3297 4082 3618 4138 Consonant

2039 4198 2162 4238 cum
2195 4181 2408 4235 illorum
2451 4177 2799 4235 sermonibus
2839 4177 2933 4248 qui
2972 4176 3214 4232 inﬁdeles
3258 4175 3328 4230 ab
3350 4185 3473 4230 ante
3500 4174 3618 4230 fue-

2040 4283 2189 4330 runt.
2242 4272 2536 4334 lnterﬁciet
2565 4271 2688 4326 illos
2719 4269 2866 4326 Deus
2898 4276 3124 4339 propter
3154 4283 3218 4321 ea
3251 4281 3372 4337 quae
3397 4276 3613 4336 negant.

2043 4365 2418 4436 Susceperunt
2450 4363 2731 4434 apostolos
2773 4377 2904 4417 suos
2943 4370 2997 4414 et
3042 4359 3360 4414 sacerdotes
3395 4372 3526 4412 suos
3560 4358 3616 4410 in

2040 4459 2291 4514 dominos
2317 4455 2440 4513 loco
2471 4455 2586 4523 Dei,
2620 4467 2834 4510 necnon
2883 4451 3164 4507 Christum
3215 4450 3384 4505 lilium
3409 4447 3614 4504 Mariae.

354 4550 448 4603 καὶ
470 4551 561 4603 τὸν
590 4551 825 4621 Χριστὸν
857 4553 972 4606 υἱὸν
995 4555 1095 4624 τῆς
1118 4553 1354 4619 Μαρίας⁶
1377 4557 1468 4608 καὶ
1489 4557 1587 4610 οὐκ
1609 4555 1931 4627 ἐκελεύσθη-

2044 4551 2206 4621 Atqui
2244 4565 2353 4605 non
2385 4550 2565 4604 fuerat
2602 4548 2710 4603 illis
2750 4546 3064 4601 mandatum
3116 4552 3176 4598 ut
3218 4543 3386 4598 alium
3419 4542 3617 4597 adora-

355 4659 455 4698 σαν
482 4643 755 4700 δουλεύειν
781 4646 830 4699 εί
857 4645 931 4717 μὴ
951 4645 1087 4699 Θεοῦ
1123 4647 1262 4710 ἑνός.
1287 4667 1306 4699 ι
1330 4649 1563 4712 Δύσνους
1583 4651 1610 4702 6
1639 4650 1933 4722 βάρϐαρος,

351 4739 477 4792 ἐπεὶ
507 4738 728 4808 ἀμαθὴς
758 4741 852 4792 καὶ
903 4739 1261 4804 ἀπαίδευτος·
1312 4743 1360 4794 εί
1406 4744 1515 4811 γὰρ
1545 4743 1682 4806 ὅλως
1729 4744 1938 4814 προσῆν

350 4831 500 4902 αὐτῷ
529 4831 723 4902 λογικὴ
749 4830 983 4898 σύνεσις,
1018 4833 1126 4887 ἔδει
1149 4835 1216 4888 τὰ
1249 4834 1386 4906 πρὸς
1410 4833 1646 4905 τοῠνομα
1689 4836 1782 4889 τοῦ
1816 4836 1932 4891 υἱοῦ

349 4926 732 4997 σημαινόμενα
763 4926 900 4996 πρὸς
931 4927 1166 4998 θατέραν
1216 4927 1376 4994 δόξαν
1414 4929 1523 4983 τῶν
1591 4926 1762 4982 ἐθνῶν
1797 4947 1932 4999 προ-

348 5022 726 5092 αναφωνῆσαι,
744 5021 838 5073 καὶ
869 5022 981 5084 τοῖς
1014 5037 1078 5088 γε
1097 5022 1232 5091 πρὸς
1259 5022 1421 5076 αὑτὸν
1452 5022 1528 5094 μὴ
1551 5022 1756 5094 σφόδρα
1776 5024 1934 5077 ἐναν-

346 5116 478 5179 τίως
513 5115 833 5187 φερομένοις
856 5113 1202 5186 ὁμαλώτερον
1228 5118 1553 5187 ἐπιτιμῆσαι
1577 5133 1593 5149 ο
1625 5116 1935 5171 τούναντίον

349 5207 406 5260 δὲ
433 5209 542 5270 τοῖς
579 5207 649 5259 τὰ
679 5207 911 5275 μάλιστα
953 5206 1104 5276 αὐτῷ
1134 5206 1558 5277 διαμαχομένοις
1579 5219 1596 5235 ⁸
1633 5206 1772 5259 οἵτε
1825 5207 1934 5277 γὰρ

365 5297 607 5352 Ἰουδαῖοι
661 5299 722 5354 οὐ
750 5300 973 5370 γνήσιον
1022 5299 1135 5352 υἱὸν
1176 5298 1312 5352 Θεοῦ
1351 5299 1444 5352 τὸν
1483 5299 1700 5371 Ἰσραὴλ
1730 5299 1934 5370 ὀνομά-

360 5391 559 5456 ζουσιν,
593 5391 766 5460 ἀλλ’ἢ
818 5393 940 5444 ὅσον
991 5389 1274 5454 ἀποδεῖξαι
1325 5393 1424 5461 τὴν
1474 5390 1604 5461 περὶ
1631 5389 1811 5446 αὐτῶν
1840 5391 1934 5444 τοῦ

359 5483 495 5536 Θεοῦ
535 5484 933 5554 ὑπερκειμένην
995 5483 1130 5556 πρὸς
1170 5482 1241 5536 τὰ
1273 5483 1437 5537 λοιπά
1485 5482 1612 5552 ἔθνη
1670 5481 1760 5536 διὰ
1813 5484 1938 5547 τοὺς

361 5575 605 5646 πατέρας
638 5576 866 5645 στοργήν
892 5591 906 5606 ·
944 5575 1060 5638 πῶς
1105 5574 1196 5629 οὖν
1228 5576 1257 5629 6
1293 5575 1408 5640 υἱὸς
1447 5573 1541 5644 τοῦ
1586 5575 1792 5645 πατρὶς
1843 5573 1935 5628 τοῦ

435 5788 549 5864 (95)
583 5786 714 5864 ,ξατο
734 5787 842 5864 ,ἱξίε
856 5791 911 5864 1
931 5808 1048 5864 sett-

432 5859 546 5932 (96)
579 5858 706 5916 δατ.
729 5858 823 5925 ix,
854 5863 944 5917 τι.

687 5957 965 6020 Ριτιιοι..
1004 5958 1118 6020 Gn.
1155 5957 1278 6020 CV.

2044 4654 2182 4709 rent,
2213 4653 2406 4714 praeter
2428 4641 2596 4697 Deum
2632 4657 2821 4696 unum.
2856 4659 2876 4692 ι
2909 4637 3059 4692 Malae
3085 4637 3285 4692 mentis
3323 4635 3616 4696 barbarus,

2043 4746 2404 4807 praeterquam
2442 4734 2587 4804 quod
2619 4733 2875 4787 indoctus
2921 4739 2975 4786 et
3005 4730 3335 4785 ineruditus.
3378 4726 3516 4781 Nam
3571 4729 3618 4780 si

2041 4829 2332 4884 rationalis
2371 4825 2422 4882 ei
2457 4827 2764 4881 intellectus
2797 4824 3021 4889 inesset,
3066 4822 3342 4877 debuisset
3377 4819 3621 4874 nominis

2043 4923 2142 4978 ﬁlii
2169 4922 2450 4976 notionem
2478 4918 2775 4974 secundum
2808 4917 3082 4972 diversam
3111 4915 3342 4969 duarum
3370 4912 3615 4982 gentium

2044 5014 2416 5085 acceptionem
2456 5011 2794 5082 proclamare
2824 5027 2839 5064 :
2871 5019 2919 5064 et
2949 5009 3070 5064 illos
3102 5007 3322 5077 quidem
3347 5006 3442 5076 qui
3471 5005 3618 5059 haud

2047 5120 2425 5177 magnoperea
2454 5103 2652 5174 placito
2683 5103 2804 5172 ejus
2845 5101 3156 5165 discedunt,
3205 5099 3395 5154 mitius
3436 5097 3620 5168 objuro

2044 5215 2174 5270 gare
2209 5216 2222 5266 ;
2254 5213 2414 5254 secus
2451 5210 2633 5252 autem
2675 5197 2800 5252 illos
2846 5195 2940 5266 qui
2981 5194 3218 5248 maxime
3266 5190 3372 5260 ipsi
3427 5192 3620 5244 adver-

2046 5301 2258 5348 santur.
2312 5289 2448 5344 Nam
2494 5287 2666 5344 Judaei
2704 5301 3046 5358 nequaquam
3093 5285 3388 5355 genuinum
3426 5281 3518 5336 Dei
3555 5282 3620 5334 ﬁ—

2042 5386 2176 5440 liuni
2204 5381 2456 5438 lsraelem
2502 5382 2723 5443 dicunt:
2755 5381 2849 5437 sed
2884 5381 3161 5443 illatenus,
3214 5384 3276 5431 ut
3305 5374 3618 5439 ostendant,

2043 5479 2139 5534 Dei
2183 5493 2428 5533 amorem
2474 5492 2598 5547 erga
2641 5475 2762 5530 illos
2812 5482 3071 5544 praestare
3109 5469 3282 5525 amori
3331 5466 3468 5539 patri
3527 5466 3622 5535 qui

2041 5571 2183 5642 apud
2213 5581 2438 5626 caeteras
2465 5578 2655 5640 gentes
2694 5583 2814 5623 esse
2852 5566 3008 5621 solet.
3047 5561 3330 5630 Quomodo
3373 5560 3462 5614 hic
3490 5571 3622 5628 ergo

2125 5786 2237 5859 (97)
2269 5786 2342 5842 lta
2377 5784 2597 5841 Graecus
2624 5780 2818 5838 codex.
2853 5777 3034 5834 Alcor.
3065 5773 3231 5828 Arab.
3271 5769 3457 5827 Ozm’r.

3177 5928 3255 5991 24
