4098 6316
472 409 577 477 7U

1720 408 2014 474 NICETAZ
2048 406 2461 472 ΒΥΖΛΝΤῙΝΙ

3639 405 3750 472 Ἱιδ

482 527 550 581 de
602 533 756 596 patre
805 522 1077 580 mendacii
1124 529 1307 590 natus,
1371 520 1448 576 ait
1489 519 1710 577 Judzeos
1763 519 2048 575 dominum

2164 516 2386 587 indocti;
2438 518 2641 587 φάσκει
2668 515 2868 580 αὐτοὺς
2924 515 3116 590 κύριον
3151 517 3364 575 ἑαυτῶν
3389 519 3483 577 τὸν
3521 520 3749 595 Ἰσραὴλ

474 635 636 674 suum
692 614 952 673 lsraelem
1015 616 1122 673 sibi
1173 614 1498 686 sumpsisse,
1565 623 1764 686 praeter
1822 612 2057 670 Deum?

473 709 888 779 lnterrOgentur
936 707 1105 763 Judaei
1157 715 1341 762 utrum
1397 706 1454 761 id
1507 697 1808 777 aliquando
1871 705 2057 761 animo

476 802 821 871 agitaverint,
861 800 942 856 vel
974 802 1028 856 in
1071 801 1293 857 illorum
1321 799 1628 868 Scripturis
1668 806 1925 855 occurrat
1959 799 2056 852 do-

475 895 658 950 minus
718 893 967 964 ipsorum
1029 893 1220 949 Israel.
1283 890 1578 947 Christiani
1630 897 1812 946 autem
1862 903 2053 945 verum

475 1000 691 1054 reapse,
739 995 905 1055 prout
943 985 1117 1048 decet,
1151 986 1450 1056 genuinum
1479 981 1680 1039 Filium
1715 997 1838 1038 esse
1880 981 2056 1037 conti-

474 1089 657 1134 tentur
684 1079 988 1144 Christum,
1026 1095 1093 1133 ex
1137 1081 1330 1134 eadem
1371 1077 1550 1134 Patris
1583 1076 1678 1132 Dei
1709 1076 1897 1131 divina
1927 1075 2054 1130 sub.

477 1172 684 1228 stantia
725 1190 738 1240 ;
776 1181 942 1242 prout
1003 1180 1087 1228 est
1161 1171 1218 1227 in
1260 1187 1324 1227 ea
1369 1169 1648 1241 Scriptura
1722 1184 1888 1239 quam
1939 1166 2058 1238 ipse

473 1263 744 1319 barbarus
784 1262 986 1318 fatetur
1014 1278 1046 1317 a
1091 1263 1201 1318 Deo
1246 1263 1528 1325 traditam,
1569 1275 1765 1330 nempe
1791 1263 1846 1314 in
1878 1260 2056 1314 Evan-

473 1358 638 1426 gelio.
688 1356 825 1412 Nam
871 1358 943 1421 si,
995 1369 1056 1412 ut
1105 1356 1336 1419 fatetur,
1398 1355 1660 1411 divinitus
1719 1353 1906 1407 datum
1952 1351 2057 1404 fuit

472 1451 829 1522 Evangelium
857 1469 872 1516 ;
903 1451 955 1505 in
988 1464 1054 1506 eo
1096 1460 1278 1505 autem
1322 1452 1586 1520 scriptum
1629 1456 1734 1509 est,
1771 1456 1851 1500 ter
1883 1445 2053 1498 Deum

470 1541 706 1611 desuper
751 1557 849 1612 pro
892 1542 1115 1598 Christo
1161 1543 1476 1606 clamasse;
1523 1541 1606 1595 bis
1645 1538 1866 1610 quidem
1905 1556 1917 1592 :
1951 1524 2054 1591 Hic

469 1642 545 1686 est
579 1632 757 1689 Filius
799 1650 944 1689 meus
984 1634 1250 1690 dilectus“
1281 1652 1295 1700 ;
1329 1633 1498 1689 semel
1527 1640 1708 1686 autem
1748 1649 1763 1685 :
1795 1629 1863 1683 Et
1889 1629 2054 1684 clari-

468 1724 648 1792 ﬁcavi,
675 1733 724 1779 et
745 1727 938 1779 iterum
972 1725 1279 1794 clariﬁcabo
1308 1725 1352 1756 ιο
1369 1740 1390 1790 ;
1411 1723 1540 1794 quid
1568 1723 1865 1778 absurdum
1898 1735 2054 1790 pere-

468 1817 758 1880 grinumve
804 1814 1012 1869 faciunt
1045 1811 1370 1878 Christiani,
1405 1814 1577 1867 Deum
1622 1826 1686 1865 ac
1727 1807 1822 1864 Dei
1855 1806 2054 1862 Filium

2159 608 2514 665 ἐπιλαθέσθαι
2540 609 2716 680 πάρεξ
2749 609 2917 687 Θεοῦ;
2945 607 3347 684 ἐρωτᾶσθωσαν
3393 614 3639 670 Ἰουδαῖοι
3664 618 3751 672 εί·-

2158 719 2289 755 ποτε
2320 701 2483 756 τοῦτο
2509 701 2925 774 ὲντεθὺμηνται,
2957 703 2990 775 ἢ
3023 703 3081 757 ὲν
3109 704 3355 776 Γραφαῖς
3377 704 3557 762 αὐτῶν
3594 702 3752 780 εἴρη-

2153 811 2250 848 ται
2287 792 2477 863 κύριος
2505 793 2685 848 αὐτῶν
2713 796 2742 846 6
2783 794 3001 866 Ἰσραήλ
3021 811 3033 824 ·
3071 796 3119 849 εί
3146 797 3201 850 δέ
3233 815 3297 867 γε
3323 798 3644 868 Χριστιανοὶ
3667 796 3752 871 τῷ

2155 887 2271 942 δντι
2300 886 2516 959 ἀληθῶς
2545 887 2668 942 καθ’
2699 887 2728 942 ὂ
2758 889 2968 961 πρέπον
2997 889 3118 961 Θεῷ
3169 871 3395 963 γνήσιόν
3451 893 3596 958 Υίὸν,
3651 895 3753 948 καὶ

2156 979 2257 1049 τῆς
2286 979 2459 1051 αὐτῆς
2483 978 2578 1035 τοῦ
2607 979 2742 1034 Θεοῦ
2777 983 2874 1036 καὶ
2912 982 3129 1056 [ἰατρὸς
3161 984 3351 1048 οὐσίας
3382 987 3473 1039 τὸν
3509 985 3751 1056 Χριστὸν

2158 1072 2518 1143 ὁμολογοῦσιν
2546 1075 2611 1146 τῇ
2642 1073 2797 1145 θεῖκῇ
2833 1075 3015 1149 οὐσίᾳ,
3048 1077 3189 1132 κατὰ
3221 1076 3322 1150 τὴν
3353 1080 3448 1134 καὶ
3475 1079 3607 1152 παρ’
3646 1082 3752 1134 αὐ-

2153 1165 2252 1219 τοῦ
2277 1166 2371 1219 τοῦ
2406 1165 2683 1238 βαρϐάρου
2726 1167 3168 1241 ὁμολογουμένην
3221 1172 3288 1226 ἐκ
3319 1172 3455 1227 Θεοῦ
3495 1174 3754 1231 δεδόσθαι

2157 1260 2374 1330 γραφήν
2403 1258 2498 1312 τοῦ
2535 1258 2890 1328 Εὐαγγελίου.
2917 1262 2982 1316 El
3011 1263 3140 1335 γὰρ,
3172 1264 3247 1327 ὡς
3273 1264 3540 1335 ὁμολογεῖ,
3565 1266 3755 1322 θεόθεν

2155 1348 2368 1404 δέδοται
2396 1351 2454 1405 τὸ
2490 1351 2845 1422 Εὐαγγέλιον,
2883 1355 2944 1408 ὲν
2986 1355 3137 1427 αὐτῷ
3176 1356 3234 1410 δὲ
3290 1359 3621 1430 γέγραπται,
3667 1362 3755 1416 ὅτι

2155 1441 2340 1513 τρίτον
2371 1443 2579 1498 ἀνωθεν
2605 1445 2635 1498 6
2663 1445 2798 1510 Θεὸς
2827 1447 2969 1518 ὑπὲρ
3007 1449 3246 1519 Χριστοῦ
3278 1451 3580 1524 ἐπεϐόησεν
3603 1469 3616 1484 ·
3668 1455 3751 1528 πῆ

2161 1536 2278 1605 μὲν,
2319 1531 2506 1602 Οὗτός
2545 1537 2716 1592 ἐστιν
2753 1540 2788 1592 ὁ
2815 1539 2946 1607 Υἱός
2975 1559 3095 1608 μου
3137 1545 3170 1596 ὁ
3189 1541 3537 1611 ἁγαπητός;
3562 1545 3640 1617 πῆ
3668 1547 3755 1613 δὲ,

2156 1627 2263 1680 Kai
2288 1626 2576 1696 ἐδόξασα,
2608 1630 2708 1683 καί
2751 1629 2943 1686 πάλιν
2974 1633 3219 1698 δοξάσω
3244 1651 3265 1700 ;
3318 1632 3372 1689 τί
3421 1635 3629 1690 ἄτοπον
3660 1639 3754 1694 καί

2147 1716 2306 1782 ξένον
2333 1719 2577 1773 ποιοῦσιν
2599 1719 2649 1773 oi
2679 1721 3016 1790 Χριστιανοὶ,
3053 1723 3185 1777 Θεὸν
3216 1725 3312 1778 καὶ
3338 1722 3476 1778 Θεοῦ
3511 1725 3640 1781 Υίὸν
3663 1730 3747 1783 τὸν

2154 1807 2390 1877 Χριστὸν
2424 1807 2855 1878 όμολογοῦντες;
2885 1810 2981 1864 τοῦ
3013 1810 3150 1864 Θεοῦ
3186 1811 3318 1866 αὐτὸ
3343 1811 3504 1868 τοῦτο
3538 1834 3745 1887 μαρτυ-

468 1905 750 1960 Christum
803 1906 1132 1961 conﬁtentes
1161 1905 1186 1959 ?
1214 1904 1327 1960 Deo
1370 1905 1477 1959 hoe
1518 1903 1662 1959 idem
1699 1908 1959 1965 testante,
2002 1906 2057 1953 et

2165 1900 2405 1969 ροῦντος,
2442 1902 2538 1954 καὶ
2571 1903 2733 1956 τοῦτο
2761 1902 2862 1971 μὲν
2909 1906 2973 1957 ὲκ
3018 1905 3116 1975 τῆς
3171 1908 3579 1978 ἐπαινουμένης
3619 1908 3756 1981 παρ’

445 1998 691 2068 quidem
719 1998 773 2053 in
802 1998 1024 2054 laudato
1045 1999 1114 2055 ab
1145 1999 1266 2070 ipso
1303 1991 1621 2053 Mohamede
1660 1995 1821 2048 libro.
1866 1989 2054 2058 Quan-

468 2105 632 2161 quam
665 2091 1218 2162 arbitror'nunquam
1254 2090 1450 2145 lectam
1471 2081 1792 2144 “divinorum
1818 2084 2058 2155 Evange-

465 2183 667 2240 liorum
696 2198 728 2239 a
767 2183 1005 2238 barbaro
1064 2183 1423 2253 scripturam,
1456 2181 1554 2236 sed
1588 2179 1806 2234 illorum
1842 2186 2054 2232 tantum

467 2278 695 2334 nomine
730 2277 938 2338 audito,
967 2274 1266 2341 laudasse;
1296 2275 1432 2347 quin
1478 2284 1660 2330 tamen
1711 2273 1879 2328 sciret
1916 2271 2056 2326 seri-

469 2380 623 2443 ptum
657 2369 735 2426 ibi
766 2368 916 2441 quod
953 2384 1084 2426 vere
1118 2368 1211 2424 Dei
1243 2367 1417 2423 Filius
1445 2367 1702 2424 Christus
1744 2368 1836 2422 sit.

541 2463 629 2519 6|.
667 2460 826 2531 Quod
855 2473 1035 2518 tamen
1057 2447 1128 2517 ex
1157 2461 1469 2533 antiquiore
1500 2461 1662 2515 etiam
1699 2462 2056 2533 mysticorum

470 2569 533 2611 ac
554 2555 950 2627 prophetarum
973 2552 1260 2624 Scriptura
1290 2553 1634 2624 exploratum
1662 2562 1768 2609 est.
1799 2551 1934 2609 Nam
1966 2571 2062 2626 pa-

469 2665 558 2705 res
618 2647 902 2704 stellarum
958 2662 1188 2704 numero
1216 2647 1464 2703 invenies
1507 2647 1587 2702 rei
1625 2647 1791 2715 hujus
1830 2649 2064 2703 demon-

471 2728 788 2806 strationes,
818 2740 932 2813 jam
973 2741 1099 2798 inde
1122 2757 1152 2798 a
1181 2741 1361 2813 primo
1387 2741 1632 2797 omnium
1665 2741 1805 2796 libro
1838 2739 2062 2815 Moysis,

471 2851 647 2909 usque
669 2836 737 2892 ad
762 2834 1042 2891 Danielem
1057 2833 1380 2906 prophetam
1398 2842 1451 2891 et
1471 2835 1732 2905 reliquos.
1750 2833 1907 2902 Quod
1936 2840 2064 2908 qui-

469 2931 592 2985 dem
615 2927 826 3002 Moyses
852 2937 1034 2984 nosset
1060 2927 1154 2983 Dei
1178 2927 1442 2983 unitatem
1469 2935 1701 2995 naturae,
1726 2939 1782 2983 et
1813 2935 2067 3000 proprie-

471 3030 645 3077 tatum
673 3020 725 3076 id
751 3030 835 3077 est
871 3034 1232 3092 personarum
1263 3019 1841 3090 diﬂ‘erentiam,palam
1862 3022 2067 3078 factum

469 3122 558 3170 est
579 3127 705 3169 cum
745 3112 1011 3184 scripsit:
1047 3108 1338 3167 Faciamus
1383 3111 1648 3168 hominem
1678 3114 1746 3167 ad
1784 3115 2069 3185 imaginem

471 3225 536 3263 ac
558 3205 963 3262 similitudinem
993 3215 1231 3262 nostram
1258 3206 1322 3260 “.
1357 3203 1493 3260 item
1521 3205 1694 3261 dixit:
1726 3204 1860 3262 Ecce
1895 3208 2069 3262 Adam

470 3299 626 3372 quasi
654 3316 791 3355 unus
812 3314 877 3354 ea:
908 3298 1058 3354 nobis
1093 3299 1268 3368 {actus
1289 3306 1366 3352 est
1392 3295 1456 3352 ¹¹.
1502 3297 1743 3368 Denique
1766 3314 1890 3354 cum
1922 3298 2063 3355 seri-

471 3393 621 3465 psit:
656 3393 820 3460 Audi,
873 3389 1064 3458 Israel,
1101 3390 1360 3445 Dominus
1415 3390 1557 3445 Deus
1613 3400 1758 3457 tuus,
1805 3391 2062 3446 Dominus

471 3504 612 3545 unus
642 3496 719 3544 est
751 3489 814 3545 ".
849 3487 911 3543 Vi
951 3488 1232 3544 causativa
1288 3488 1548 3542 nimirum
1590 3496 1646 3543 et
1675 3489 1978 3543 substantia
2011 3500 2066 3544 et

474 3581 886 3654 conspiratione
916 3581 1127 3636 unitum
1170 3593 1293 3636 esse
1326 3578 1674 3647 Trinitatem,
1709 3582 2063 3636 manifestum

473 3686 597 3732 est:
631 3689 794 3731 secus
833 3675 982 3730 enim
1020 3673 1296 3729 contraria
1315 3663 1419 3728 sibi
1444 3673 1777 3744 scripsisset,
1813 3675 2065 3742 superius

474 3769 695 3839 quidem
743 3765 941 3837 positis
989 3764 1224 3820 diversis
1266 3764 1523 3834 personis
1582 3765 2063 3834 colioquentibus;

474 3862 673 3919 deinde
704 3875 870 3915 unam
927 3873 1223 3930 personam
1257 3857 1527 3913 inducens
1590 3857 1925 3928 loquentem,
1964 3873 2062 3912 au-

475 3956 714 4012 dientem
763 3963 927 4024 atque
980 3950 1293 4008 facientem.
1323 3950 1482 4018 Quod
1530 3949 1686 4007 nefas
1715 3959 1819 4006 est.
1845 3947 1982 4005 Tum
2013 3958 2067 4005 et

477 4046 724 4104 omnium
754 4055 999 4101 veterum
1035 4045 1426 4116 prepltetarum
1458 4041 1926 4098 luculettlissimus
1959 4042 2067 4097 Da-

476 4141 605 4209 niel,
629 4138 921 4212 perspicue
952 4146 1170 4208 tempus
1202 4150 1424 4207 quoque
1463 4134 1834 4191 manifestavit
1860 4133 2064 4190 Christi

476 4237 767 4301 adventus,
811 4231 1168 4303 ejusdemque
1210 4230 1530 4299 dignitatem
1581 4227 1929 4300 signiﬁcavit,
1976 4228 2062 4281 di-

477 4344 606 4386 cens
638 4343 655 4382 :
687 4323 1050 4395 Aspiciebam,
1088 4335 1135 4379 et
1159 4339 1276 4379 ecce
1303 4323 1356 4376 in
1389 4321 1612 4375 nubibus
1638 4322 1774 4387 caeli,
1812 4330 2065 4391 tanquam

475 4421 656 4478 Filius
690 4421 959 4486 hominis;
992 4419 1138 4488 eique
1167 4417 1325 4470 datus
1360 4423 1435 4469 est
1473 4416 1660 4480 honor,
1694 4426 1742 4468 et
1775 4413 2062 4477 veneratio,

477 4527 530 4573 et
559 4515 791 4586 reliqua.
821 4511 888 4567 Et
917 4510 1138 4583 quidem
1197 4507 1364 4563 etiam
1423 4505 1726 4576 Autiquum
1753 4503 1963 4559 dierum
2010 4502 2065 4555 in

478 4614 533 4665 in
564 4613 762 4665 throno
788 4605 1066 4663 sedentem
1099 4600 1165 4656 “.

549 4703 641 4759 δὲ.
681 4701 786 4757 Sed
816 4710 1027 4754 veteres
1073 4694 1396 4752 omittamus
1441 4690 1775 4760 Seripturas.
1820 4687 1900 4742 Ex
1935 4687 2067 4755 ipsis

482 4794 687 4853 Christi
742 4789 1211 4863 praedictionibus,
1258 4787 1568 4854 harumque
1615 4782 1787 4849 exitu,
1831 4782 1878 4837 si
1921 4787 2069 4833 certe

482 4890 684 4946 stultus
716 4883 1066 4941 Mohamedes
1106 4893 1298 4951 sapere
1326 4877 1530 4947 aliquid
1568 4881 1797 4945 poterat,
1825 4873 2068 4929 divinam

484 4980 633 5036 illius
685 4977 1006 5047 dignitatem
1065 4970 1444 5032 intellexisset,
1492 4981 1702 5021 necnon
1758 4965 1856 5019 abs
1903 4961 2071 5016 Joan-

481 5075 567 5130 nis
609 5072 948 5134 te‘stimonio,
985 5083 1149 5139 quem
1185 5067 1300 5136 ipse
1335 5075 1389 5118 et
1423 5063 1744 5132 prophetam
1785 5059 2068 5129 etjustum

481 5167 761 5223 hominem
792 5166 1009 5228 dicens,
1043 5159 1302 5217 admittit.
1333 5157 1462 5213 Item
1493 5172 1524 5212 a
1555 5154 1760 5211 Christi
1788 5151 2070 5207 miraculis

480 5279 576 5335 per
601 5260 846 5332 ejusdem
884 5256 1131 5327 symbola
1157 5251 1408 5324 patratis,
1439 5267 1468 5305 a
1492 5248 1776 5320 sepultura
1807 5255 1862 5302 et
1887 5259 2072 5300 resur-

481 5354 747 5410 rectione.
777 5352 883 5406 Sed
916 5349 1054 5405 nihil
1082 5349 1278 5402 horum
1306 5353 1490 5400 mente
1519 5356 1620 5399 sua
1653 5335 2069 5409 comprehendit

479 5447 572 5501 hic
596 5448 874 5500 latronum
906 5443 1014 5497 dux
1046 5456 1060 5492 :
1094 5453 1270 5508 neque
1299 5437 1348 5491 ei
1387 5433 1538 5491 cordi
1564 5445 1803 5500 unquam
1840 5427 1942 5484 fuit
1972 5425 2066 5480 Dei

482 5540 735 5594 notitiam
765 5536 1011 5604 assequi,
1067 5531 1160 5587 sed
1193 5527 1529 5599 decipiendis
1559 5532 1771 5581 tantum
1801 5519 2067 5576 auditori-

557 5683 577 5713 θ
611 5678 802 5732 Matth.
849 5691 930 5738 ιιι,
969 5675 1069 5740 1Ἱ;
1122 5673 1256 5728 Luc.
1318 5688 1395 5737 Ix,
1448 5671 1539 5725 '55.

487 5753 532 5786 ³⁸
560 5750 698 5806 Dan.
729 5764 825 5814 vn,
869 5748 956 5802 15.

562 5891 673 5964 ωε)
707 5889 834 5944 Sur.
863 5883 956 5952 nt,
986 5885 1074 5941 59.

1618 5667 1662 5700 “
1698 5665 1855 5722 Joan.
1917 5679 2012 5728 ιιι,
2054 5659 2145 5714 ‘38.

2158 1991 2305 2062 αὐτῷ
2355 1992 2541 2062 βίϐλου
2603 1994 2712 2048 τῶν
2779 1995 3167 2065 Εὐαγγελίων·
3230 1997 3367 2062 ἀλλ’,
3415 1995 3609 2070 οἶμαι,
3655 2003 3760 2056 οὐκ

2157 2084 2367 2152 ἀνέγνω
2399 2085 2621 2140 πώποτε
2658 2088 2759 2156 τήν
2788 2081 2896 2142 τῶν
2937 2089 3096 2143 θείων
3137 2091 3488 2162 Εὐαγγελίων
3528 2094 3751 2165 γραφὴν

2157 2177 2185 2229 6
2211 2175 2508 2248 βάρϐαρος,
2535 2180 2704 2250 μόνην
2727 2180 2782 2233 δὲ
2813 2181 2992 2234 αὐτῶν
3015 2182 3112 2254 τὴν
3142 2185 3517 2257 προσηγορίαν
3538 2186 3759 2241 ἀκούων

2160 2268 2468 2336 ἐξεθείαζε·
2521 2273 2617 2328 καὶ
2671 2274 2772 2327 οὐκ
2825 2274 2965 2345 ῷετο
2993 2277 3051 2330 ἑν
3096 2278 3282 2342 αὐτοῖς
3329 2279 3641 2352 γεγράφθαι
3668 2281 3752 2334 ότι

2160 2362 2378 2435 ἀληθῶς
2411 2364 2539 2429 Υἱὸς
2571 2365 2708 2420 Θεοῦ
2744 2369 2895 2422 ἐστιν
2925 2372 2954 2423 6
2991 2371 3254 2443 Χριστός.

2210 2455 2334 2534 ,ξαε
2375 2458 2469 2511 Ἐκ
2502 2459 2559 2513 δὲ
2596 2459 2705 2514 τῶν
2758 2462 3004 2533 ἀπείρων
3032 2463 3135 2532 τῆς
3186 2463 3622 2538 προγενεστέρας
3645 2467 3758 2522 τῶν

2163 2547 2468 2602 θεοπτικῶν
2517 2550 2612 2603 καὶ
2647 2553 3006 2622 προφητικῶν
3055 2554 3312 2626 Γραφῆςο
3345 2556 3596 2626 ἀστέρων
3649 2555 3761 2629 γάρ

2164 2660 2248 2705 τις
2302 2642 2521 2715 ἀριθμῷ
2553 2645 2739 2715 σχεδὸν
2790 2646 3181 2717 ἁμιλλωμένας
3215 2648 3440 2718 εὑρήσει
3471 2650 3574 2714 τὰς
3625 2652 3766 2707 ἀπο.

2164 2735 2381 2804 δείξεις,
2417 2736 2513 2789 ἀπ’
2563 2737 2735 2810 αὐτῆς
2766 2740 2867 2812 τῆς
2912 2740 3315 2812 πρωτογράφου
3349 2737 3540 2811 βίϐλου
3589 2740 3766 2798 Μωῦ-

2167 2830 2307 2897 σέως
2333 2829 2440 2893 ἕως
2472 2830 2672 2903 Δανιὴλ
2699 2831 2792 2886 τοῦ
2823 2834 3104 2903 προφήτου
3142 2831 3236 2884 καὶ
3262 2832 3368 2885 τῶν
3394 2831 3761 2898 λοιπῶν.Ὅτι

2165 2923 2277 2995 γὰρ
2299 2907 2543 2993 Μωῦσῆς
2568 2923 2685 2994 ᾔδει
2737 2922 2828 2977 τοῦ
2859 2921 3016 2975 Θείου
3044 2922 3106 2976 τὸ
3131 2924 3234 2992 τῆς
3266 2921 3479 2990 φύσεως
3525 2905 3752 2991 μοναδιψ

2168 3013 2286 3082 κδν,
2320 3013 2552 3069 καὶτῶν
2588 3015 2890 3084 ίδιοτήτων,
2949 3014 3119 3086 ήγουν
3145 3014 3258 3069 τῶν
3287 3013 3660 3080 ὑποστάσεων,
3693 2998 3757 3069 τδ

2167 3107 2446 3179 διάφορον,
2480 3104 2714 3177 φανερόν
2734 3121 2750 3139 ο
2799 3104 2962 3175 ἡνίκα
2990 3105 3220 3177 ἔγραφε,
3272 3101 3626 3176 Ποιήσωμεν
3650 3105 3763 3160 dr-

2131 3233 2138 3269 i,
2173 3201 2410 3268 θρωπον
2438 3200 2569 3254 κατ’
2603 3201 2806 3255 εἰκόνα
2834 3198 3132 3269 ἡμετέραν
3165 3197 3265 3252 καί
3292 3197 3602 3267 ὁμοίωσιν.
3647 3195 3761 3251 Καὶ

2096 3263 2139 3323 C
2172 3263 2263 3345 ὅτε
2290 3291 2551 3361 ἔφασκεν,
2592 3291 2739 3348 Ἰδοὺ
2772 3263 3026 3363 rei”;
3050 3291 3235 3362 ’Δδὰμ
3263 3263 3341 3357 ὡς
3368 3285 3457 3355 εἷς
3477 3288 3552 3355 ἐξ
3563 3279 3774 3361 ἡμῶν,

2185 3385 2344 3439 Ἀλλὰ
2387 3384 2481 3438 καὶ
2519 3386 2608 3439 ὅτε
2643 3383 2901 3455 ἔγραφεν,
2939 3385 3182 3449 Ἀνιουε,
3219 3379 3493 3450 Ἰσραήλ,
3543 3383 3764 3452 Κύριος

2172 3478 2206 3530 ό
2245 3477 2391 3542 Θεός
2430 3489 2569 3541 σου,
2610 3475 2824 3543 Κύριος
2855 3467 2942 3540 εἷς
2966 3473 3101 3526 ἐστι
3120 3485 3135 3500 ·
3168 3469 3247 3541 τῷ
3271 3469 3426 3540 αἰτίῳ
3453 3468 3550 3523 καὶ
3571 3471 3637 3540 τῇ
3669 3467 3766 3521 οὐ-

2171 3569 2266 3639 σία
2297 3567 2392 3625 καὶ
2452 3568 2732 3638 ιιυμπνοίᾳ⁵
2777 3566 3101 3637 ἐνιζομένην
3130 3562 3399 3632 ἐγίνωσκε
3426 3560 3525 3632 τὴν
3551 3559 3772 3632 Τριάδεί

2172 3660 2437 3733 φανερόνο
2463 3660 2495 3732 ἢ
2521 3658 2630 3728 γὰρ
2656 3659 2874 3713 ἐναντία
2907 3655 3088 3728 ἑαυτῷ
3125 3654 3387 3727 ἔγραφεν,
3415 3653 3529 3707 ἄνω
3558 3651 3659 3722 μὲν
3684 3665 3766 3703 τι-

2174 3751 2288 3816 θεὶς
2313 3739 2551 3822 ¹διάφορα
2583 3748 2853 3819 πρόσωπα
2882 3745 3287 3816 διαλεγόμενος,
3310 3739 3603 3813 μετέπειτα
3624 3737 3681 3790 δὲ
3703 3736 3764 3789 ἓν

2179 3844 2337 3916 μόνον
2389 3843 2690 3913 ἐκήρυττεν
2717 3835 2860 3892 εἶναι
2892 3837 3189 3911 πρόσωπον
3248 3835 3311 3888 τό
3365 3849 3426 3886 τε
3460 3832 3617 3900 λέγον
3665 3828 3762 3883 καὶ

2175 3935 2372 3990 ἀκοῦον
2401 3934 2497 3988 καὶ
2525 3931 2713 3987 ποιοῦν
2730 3945 2748 3964 °
2777 3931 2915 4002 ὅπερ
2938 3930 3215 4001 ἀθέμιτον.
3253 3927 3361 3982 Καὶ
3402 3925 3434 3978 6
3462 3924 3679 3980 πάντων
3701 3921 3758 3973 δὲ

2174 4028 2284 4082 τῶν
2316 4026 2486 4081 πάλαι
2517 4025 2814 4097 προφητῶν
2851 4005 3333 4093 ἐμφαντικώτατος
3379 4016 3600 4090 Δανιὴλ,
3631 4028 3764 4084 τρα-

2175 4119 2279 4184 νῶς
2297 4120 2392 4172 καὶ
2428 4117 2520 4171 τὸν
2549 4116 2737 4188 χρόνον
2768 4114 3037 4184 ἐδήλωσεν
3076 4111 3171 4182 τῆς
3201 4106 3442 4180 Χριστοῦ
3470 4104 3759 4165 ἐλεύσεως,

2175 4212 2272 4266 καὶ
2289 4215 2389 4281 τήν
2426 4209 2593 4264 αὐτοῦ
2624 4207 2779 4274 ἀξίαν
2811 4207 3108 4276 ἐσήμανεν,
3145 4201 3310 4273 ήνίκα
3340 4197 3512 4269 λέγει’
3555 4193 3762 4251 Ἐθεώ-

2166 4320 2341 4372 ρουν,
2372 4302 2468 4356 καί
2500 4299 2631 4355 ἰδοὺ
2663 4297 2763 4351 ἐπὶ
2787 4296 2908 4350 τῶν·
2936 4291 3211 4364 νεφελῶν
3249 4289 3360 4345 τοῦ
3390 4286 3653 4358 οὐρανοῦ
3681 4285 3761 4350 ὡς

2175 4397 2306 4462 υἱὸς
2324 4392 2642 4461 ἀνθρώπου
2666 4406 2683 4420 ·
2737 4389 2838 4442 καί
2869 4385 3029 4453 αὐτῷ
3071 4383 3250 4454 ἐδόθη
3284 4385 3322 4453 ἡ
3361 4382 3523 4452 τιμὴ,
3575 4381 3672 4434 καί
3724 4379 3764 4449 ἠ

2175 4493 2615 4560 προσκύνησις,
2657 4487 2752 4541 καὶ
2810 4485 2877 4543 τὰ
2931 4484 3056 4554 ἑξῆς
3080 4499 3095 4514 '
3156 4481 3332 4535 καίτοι
3372 4479 3466 4534 τοῦ
3519 4473 3764 4532 Παλαιοῦ

2175 4585 2284 4638 τῶν
2311 4587 2416 4655 ήμε
2429 4582 2536 4654 ρῶν
2563 4579 2931 4650 καθεζομένου
2960 4577 3052 4631 ἐπὶ
3086 4575 3180 4629 τοῦ
3207 4574 3420 4644 θρόνου.

2247 4675 2345 4749 ξβ’.
2397 4675 2540 4730 ’Δλλ’
2564 4672 2810 4742 ἀφείσθω
2837 4671 2905 4724 τὰ
2932 4669 3040 4723 ἀπὸ
3078 4667 3186 4722 τῶν
3213 4664 3460 4738 ἀρχαίων
3487 4660 3722 4735 Γραφῶν
3746 4673 3762 4690 ·

2171 4773 2267 4826 ἀπ’
2293 4768 2474 4824 αὐτῶν
2500 4767 2608 4821 τῶν
2656 4765 2748 4818 τοῦ
2797 4761 3036 4837 Χριστοῦ
3094 4760 3478 4831 προρρήσεων,
3532 4752 3766 4809 καὶτῶν

2169 4864 2364 4919 τούτου
2391 4860 2690 4923 ἐκϐάσεων,
2719 4857 2774 4911 εἴ
2799 4873 2862 4925 γε
2901 4856 3139 4909 συνιέναι
3168 4855 3196 4905 6
3232 4851 3461 4922 μάταιος
3502 4850 3679 4919 ἴσχυε,
3703 4846 3765 4900 τὸ

2172 4963 2270 5032 τῆς
2301 4960 2553 5029 θεότητος
2583 4956 2751 5012 αὐτοῦ
2783 4954 2947 5017 σέΰας
2980 4950 3282 5006 κατέλαϐεν
3317 4949 3383 5002 ἂν
3407 4948 3501 5001 καὶ
3535 4947 3647 4999 ἀπὸ
3665 4946 3768 5015 τῆς

2173 5054 2266 5106 τοῦ
2313 5037 2564 5106 Ἰωάννου
2596 5049 2926 5121 μαρτυρίας,
2961 5046 3020 5099 ὃν
3055 5043 3341 5115 προφήτην
3371 5039 3464 5094 καὶ
3489 5037 3656 5110 ἄνδρα
3684 5035 3766 5088 δί-

2173 5162 2328 5198 καιον
2357 5144 2519 5206 αὐτὸς
2558 5142 2947 5209 καταγγέλλων
2981 5136 3335 5192 ἀποδέδεκται
3391 5132 3503 5201 (98)
3534 5147 3548 5159 °
3605 5131 3637 5199 ἢ
3671 5129 3767 5182 καὶ

2175 5237 2282 5290 ἀπὸ
2303 5237 2414 5290 τῶν
2445 5232 2904 5305 θαυματουργιῶν
2957 5229 3066 5283 τῶν
3122 5225 3289 5281 αὐτοῦ
3323 5222 3633 5292 συμβόλων,
3667 5218 3764 5272 τοῦ

2177 5333 2371 5400 τάφου,
2402 5330 2568 5400 φημὶ,
2604 5327 2700 5380 καὶ
2742 5326 2841 5394 τῆς
2873 5321 3226 5381 ἀναστάσεως
3253 5332 3268 5347 ⁸
3299 5317 3415 5370 ἀλλ’
3445 5315 3599 5368 οὐδὲν
3643 5312 3768 5367 τοῦ·

2176 5440 2283 5475 των
2314 5422 2663 5492 συνεώρακεν
2724 5419 2752 5470 6
2801 5413 3148 5485 λοχαγωγόςο
3201 5409 3323 5464 οὐδὲ
3358 5407 3465 5478 γὰρ
3508 5404 3576 5479 ἦν
3616 5404 3767 5477 αὐτῷ

2177 5514 2326 5577 θείας
2355 5512 2576 5583 φροντὶς
2635 5507 2982 5579 ἐπιγνώσεως
3036 5505 3288 5569 πώποτε,
3335 5497 3473 5572 πλὴν
3518 5501 3642 5556 ὅσον
3671 5498 3765 5552 τοῦ

2239 5657 2278 5688 τι
2313 5654 2449 5710 Gen.
2502 5671 2537 5720 ι,
2587 5653 2676 5707 26.
2758 5655 2800 5686 η
2823 5652 2961 5707 Gen.
3013 5648 3242 5722 "1,322.
3321 5646 3365 5679 ¹³
3397 5647 3555 5703 Deut.
3598 5661 3672 5711 vr,
3706 5646 3760 5700 ι.
