4098 6316
343 364 454 430 ’153
1520 368 1953 432 REFUTATIO
1993 370 2468 434 MOHAMEDIS.
3512 375 3611 442 754

343 477 437 535 σία
485 474 823 549 τρανοτέρα.
860 475 956 530 καὶ
1004 476 1040 547 ἡ
1092 475 1339 535 πολιτεία
1392 478 1760 553 ἀκριϐεστέρα
1793 480 1961 549 καθ-λ

1995 482 2177 552 ,ειυοὰ
2236 481 2483 552 antiquis
2512 479 2724 537 dictum
2750 480 2876 551 fuit,
2916 479 3008 542 Ne
3048 484 3307 545 occiduis
3335 488 3418 561 '°;
3452 490 3613 549 nobis

340 573 541 642 ἕστηκε
561 585 580 605 ⁸
611 569 707 624 καὶ
734 568 896 639 δῆλον
916 570 978 624 ὲν
1027 568 1104 641 τῷ
1147 571 1379 637 ἐκείνοις
1411 574 1511 642 μὲν
1539 573 1816 644 λέγεσθαι,
1848 573 1928 645 μὴ

1165 571 1379 637 εκείνοις
1411 574 1511 642 μὲν
1539 573 1816 644 λέγεσθαι,
1848 573 1928 645 μὴ
2028 582 2237 642 autem,
2268 573 2348 631 Nc
2370 575 2682 633 irascamini
2710 576 2783 635 “.

336 662 637 735 φονεῦσαι
663 676 678 690 ·
710 663 845 731 ἡμῖν
871 660 952 727 δὲ,
975 659 1063 731 μὴ
1094 662 1469 733 ὀργισθῆναι.

407 753 501 821 ξδ’.
547 753 703 808 Ἐπεὶ
735 753 830 808 οὖν
886 753 1138 826 προκοπὴ
1172 754 1400 827 ἀληθινὴ
1450 757 1773 825 καθορᾶται,
1831 756 1927 813 ἐπὶ

2098 752 2191 810 65.
2232 751 2437 810 Verum
2475 768 2607 826 ergo
2638 754 3038 813 incrementum
3086 758 3472 830 conspicitur;
3506 760 3613 819 sub

338 850 439 921 μὲν
481 849 735 921 ’Δὸραὰμ
762 846 873 901 ἀπὸ
916 846 1026 901 τῶν
1067 846 1305 902 εἰδώλων
1340 848 1616 919 ἀγνωσίας
1660 849 1797 904 Θεοῦ
1831 850 1926 904 ἐπὶ

2028 842 2349 902 Abrahamo
2374 846 2594 917 quidem
2636 846 2709 903 ad
2759 846 3109 905 idololatrica
3135 851 3356 907 inscitia
3394 851 3509 920 Dei,
3543 853 3615 909 ad

334 941 492 1015 Θεῷι
528 942 625 995 καὶ
679 940 893 1011 μάρτυς
923 941 953 995 ὁ
990 939 1105 1011 βίος
1151 938 1319 996 αὑτοῦ
1343 956 1359 974 ·
1394 942 1505 997 ἀπὸ
1550 941 1804 1014 Ἀϐραὰμ
1831 942 1928 997 ἐπὶ

2027 932 2201 988 Deum
2232 933 2454 1004 ipsum;
2484 934 2647 1007 cujus
2669 935 2748 991 rei
2768 935 2924 992 testis
2958 937 3069 993 vita
3095 936 3292 1008 ipsius.
3323 940 3407 997 Al)
3437 940 3615 999 Abra-

333 1037 429 1092 τὺν
457 1037 623 1106 νόμον
656 1033 913 1107 προκοπὴ
946 1032 1173 1106 ἀληθινή
1199 1052 1214 1067 ο
1254 1035 1348 1089 καὶ
1402 1038 1672 1108 μαρτυρεῖ
1696 1037 1731 1108 ἡ
1758 1037 1925 1091 εὐτα-

2026 1025 2193 1083 hamo
2230 1026 2298 1081 ad
2345 1027 2520 1098 legem
2580 1028 2981 1084 incrementum
3037 1043 3251 1099 rerum,
3289 1047 3457 1104 quam
3494 1048 3612 1090 rem

338 1130 430 1196 ξὶα
454 1131 553 1200 τῆς
579 1127 901 1201 νομοθεσίας
926 1144 942 1159 ο
968 1127 1077 1182 ἀπὸ
1127 1127 1185 1182 δὲ
1218 1126 1313 1183 τοῦ
1346 1129 1514 1199 νόμον
1548 1130 1643 1185 επὶ
1666 1128 1761 1183 τὸν
1808 1128 1927 1185 Κύ-

2026 1124 2260 1174 testatur
2283 1118 2645 1190 legislationis
2667 1131 2818 1176 recta
2848 1119 3149 1178 ordinatio.
3163 1120 3211 1176 Α
3236 1122 3354 1195 lege
3373 1123 3615 1195 denique

338 1240 458 1295 ριον
486 1219 646 1293 ἡμῶν
694 1219 903 1291 Ἰησοῦν
956 1219 1196 1293 Χριστὸν
1224 1222 1479 1295 προκοπὴ
1509 1221 1744 1295 ἀληθινή
1774 1237 1790 1253 ·
1825 1223 1923 1278 καὶ

2024 1209 2093 1266 ad
2121 1210 2413 1266 Dominum
2475 1219 2725 1268 nostrum
2756 1207 2948 1268 Jesum
2979 1210 3261 1270 Christum
3302 1214 3615 1271 incremen-

340 1312 611 1383 μαρτυρεῖ
644 1310 705 1363 τὸ
756 1308 985 1380 ἀκριὸὲς
1033 1312 1133 1383 τῆς
1176 1312 1541 1384 εὐαγγελικῆς
1607 1313 1918 1379 πολιτείαςο

2027 1310 2142 1357 tum
2172 1318 2384 1371 verum,
2410 1312 2575 1376 prout
2603 1304 3023 1362 demonstratur
3050 1320 3081 1361 a
3105 1306 3349 1377 perfecto
3381 1322 3617 1380 evange-

334 1404 437 1457 οὐκ
466 1402 577 1456 ἔστι
628 1403 779 1470 ξένον
824 1405 937 1464 τοῖς
994 1400 1322 1475 ἀνθρώποις,
1352 1406 1436 1459 ὅτι
1488 1404 1838 1475 ἀπεκάλυψεν
1890 1407 1921 1459 δ

2023 1394 2145 1451 lieae
2204 1395 2333 1451 vitae
2384 1409 2604 1467 genere.
2654 1395 2774 1453 Non
2825 1406 3069 1470 estergo
3098 1413 3303 1455 novum
3332 1399 3476 1455 inter
3515 1399 3613 1455 lto-

334 1496 466 1559 Θεὺς
493 1494 630 1567 πρὸς
665 1494 953 1566 ἄνθρωπον
987 1494 1047 1563 ἐξ
1101 1496 1284 1551 αὐτῶν
1318 1496 1414 1551 τοῦ
1439 1496 1921 1569 διαμαρτύρασθαι

2022 1487 2224 1553 mines,
2256 1485 2403 1558 quod
2432 1486 2577 1545 Dens
2613 1488 2817 1545 revelet
2843 1489 3006 1545 alicui
3036 1504 3105 1545 ex
3137 1504 3331 1546 eorum
3357 1504 3611 1559 numero,

332 1587 428 1642 καὶ
470 1585 929 1655 εὐαγγελίσασθαι
981 1589 1094 1651 τοῖς
1124 1586 1471 1641 πιστεύουσιν
1522 1588 1605 1642 ὃτι
1633 1589 1750 1642 ἐστι
1786 1604 1922 1659 προ-

2022 1589 2086 1637 ttt
2123 1590 2363 1637 testetur
2418 1591 2587 1653 atque
2630 1581 2972 1655 erangelizet
3021 1582 3373 1640 credentibus
3421 1597 3616 1639 verum

328 1679 477 1753 κοπὴ
505 1680 754 1752 ἀληθινή.
792 1679 1037 1751 Ετδωμεν
1067 1678 1253 1734 λοιπὸν
1273 1681 1322 1734 εί
1341 1681 1431 1733 καὶ
1454 1682 1546 1735 ἐπὶ
1566 1681 1660 1736 τοῦ
1671 1681 1921 1751 Μωαμετ

2023 1672 2142 1729 ﬁeri
2162 1671 2584 1728 incrementum.
2617 1672 2879 1746 Superest
2905 1681 2966 1730 ut
2982 1673 3270 1732 videamus
3295 1685 3480 1731 utrum
3508 1675 3616 1732 sub

325 1772 491 1829 τοῦτο
519 1774 743 1843 γεγονὸς
773 1771 1003 1843 εὓρηται
1021 1789 1034 1803 ·
1062 1772 1213 1827 δοκεῖ
1238 1773 1347 1844 γὰρ
1384 1772 1673 1844 σεμνύνειν
1698 1775 1794 1828 καὶ
1817 1773 1919 1846 τὴν

2025 1762 2351 1821 Mohamede
2403 1764 2461 1821 id
2512 1764 2810 1837 contigisse
2859 1765 3255 1837 comperiatur.
3318 1765 3535 1823 Etenim
3569 1767 3617 1824 is

342 1831 951 1937 'AGpaitp'rtisrtv,-xei
980 1863 1071 1919 τὸν
1099 1831 1284 1935 νόμον,
1316 1831 1422 1919 ’καὶ
1450 1831 1524 1918 ’τὸ
1554 1831 1914 1935 Εὑαγγέλιον’
1948 1831 1960 1893 Ῑ

2022 1856 2274 1913 venerari
2322 1854 2541 1913 videtur
2595 1831 2899 1915 Ahrabami
2958 1831 3139 1927 tidem,
3191 1868 3247 1916 et
3301 1858 3502 1931 legem,
3557 1868 3615 1918 et

332 1957 429 2008 καὶ
453 1955 545 2009 τὸν
574 1957 672 2027 μὶν
712 1955 965 2027 ’Δόραὰμ
989 1956 1084 2009 καὶ
1114 1957 1205 2009 τὸν
1234 1956 1418 2027 νόμον,
1449 1956 1611 2019 αὐτὸς
1645 1960 1746 2011 οὐκ
1774 1956 1925 2027 ὀφεί-

2022 1946 2397 2020 Evangelium.
2428 1946 2496 2004 Et
2537 1948 2914 2004 Abrahamum
2945 1948 3172 2020 quidem
3217 1959 3387 2021 atque
3440 1950 3614 2023 legem

330 2046 416 2099 λει
446 2047 819 2117 παρπεῆσαι,
856 2047 919 2100 τὸ
968 2047 1152 2118 μέντοι
1185 2048 1518 2118 Εύαγγέλιον
1562 2048 1622 2115 ἐξ
1652 2050 1918 2120 ἀνάγκης.

2023 2040 2073 2095 is
2107 2053 2218 2095 non
2240 2040 2403 2096 debet
2432 2053 2632 2111 augere
2658 2056 2674 2108 ;
2706 2039 3031 2097 necessarie
3054 2055 3184 2096 vero
3235 2040 3612 2112 Evangelium.

343 2136 805 2210 Ἐπισκεψώμεθα
834 2134 930 2194 οὖν
968 2138 1093 2194 τίνα
1115 2140 1225 2196 τῶν
1278 2139 1511 2195 ὲντολῶν
1538 2139 1633 2195 τοῦ
1678 2139 1921 2213 Χριστοῦ

2024 2129 2349 2202 Speetemus
2404 2129 2613 2203 itaque,
2666 2131 2945 2202 quodnam
2980 2131 3049 2189 de
3095 2130 3301 2188 Christi
3338 2131 3614 2189 mandatis

333 2230 642 2303 ἐπηύξησεν
661 2249 679 2266 θ
714 2226 828 2303 ἆρά
855 2248 921 2302 γε
952 2231 1024 2287 τὰ
1047 2234 1180 2305 περὶ
1220 2233 1323 2307 τῆς
1349 2232 1777 2307 ἀκτημοσύνηςς
1812 2229 1926 2307 ἇρά

2021 2223 2269 2290 auxerit;
2304 2238 2437 2279 num
2497 2222 2630 2280 illud
2663 2224 2731 2280 de
2775 2239 2885 2281 non
2928 2223 3301 2297 possidendo?
3357 2240 3491 2280 num
3546 2226 3618 2283 de

332 2340 399 2395 γε
428 2324 497 2379 τὰ
530 2326 663 2397 περὶ
688 2326 1045 2400 σωφροσύνης
1064 2341 1081 2392 ἶ
1109 2322 1221 2399 ἆρά
1242 2342 1307 2397 τε
1333 2326 1403 2382 τὰ
1425 2326 1554 2399 περὶ
1587 2327 1918 2399 ἀοργησίαςῖ

2022 2316 2339 2389 pudicitia!
2380 2332 2513 2372 num
2544 2316 2614 2373 de
2642 2317 3117 2373 mansuetudine?
3140 2315 3308 2385 Atqui
3339 2316 3478 2372 nihil
3507 2316 3614 2373 ho-

332 2417 449 2472 ἀλλ⁹
468 2418 623 2474 οὐδὲν
647 2419 854 2475 τούτων
882 2420 1016 2494 παρ’
1044 2419 1209 2476 αὑτοῦ
1233 2419 1535 2493 καθορᾶται
1556 2432 1576 2450 ’
1599 2419 1800 2492 μᾶλλον
1821 2421 1925 2492 μὲν

2022 2425 2149 2466 rum
2202 2410 2347 2482 apud
2386 2408 2769 2466 Mohamedem
2816 2408 3198 2483 conspicitur;
3250 2410 3364 2465 imo
3429 2409 3615 2466 omnia

331 2506 428 2567 οὖν
479 2513 577 2568 καὶ
626 2512 928 2569 ἀπεναντία
974 2512 1188 2579 τούτοις
1242 2515 1410 2569 πᾶσιν
1464 2513 1675 2585 ἐγραψέ
1720 2529 1781 2567 τε
1826 2514 1923 2569 καὶ

2026 2505 2117 2561 his
2145 2505 2423 2561 contraria
2479 2503 2706 2575 scripsit
2732 2503 2979 2575 egitque.
3011 2502 3307 2577 Reliquum
3353 2517 3485 2574 ergo
3506 2511 3612 2572 est,

334 2604 528 2676 ἔδρασε
545 2620 563 2638 ο
591 2604 834 2660 λείπεται
862 2605 971 2676 ἄρα
999 2606 1203 2661 ἐννοεῖν
1229 2602 1291 2672 ἐξ
1316 2603 1563 2679 ἀνάγκης
1586 2604 1665 2678 μὴ
1690 2607 1758 2661 εκ
1784 2604 1920 2661 Θεοῦ

2025 2604 2087 2652 ut
2113 2596 2427 2653 necessario
2460 2606 2720 2668 putemus
2747 2595 2889 2652 nihil
2932 2610 2964 2651 a
2996 2596 3111 2653 Deo
3143 2595 3249 2668 ipsi
3272 2596 3612 2665 revelatum;

335 2697 500 2752 αὑτὸν
537 2696 996 2769 ἀποκαλυφθῆναι
1018 2712 1033 2726 ·
1090 2698 1127 2768 ἢ
1157 2696 1235 2762 ὡς
1285 2698 1363 2770 μὴ
1406 2697 1926 2770 διαμαρτυράμενον

2026 2686 2123 2743 sed
2162 2701 2339 2757 neque
2394 2685 2717 2744 hominibus
2751 2687 3061 2759 quidquam
3093 2694 3378 2756 testatum,
3435 2702 3614 2758 neque

332 2789 449 2853 τοῖς
500 2787 843 2861 ἀνθρώποις,
900 2788 1039 2860 μηδὲ
1098 2788 1605 2862 εὐαγγελισάμενον
1660 2792 1773 2854 τοῖς
1830 2807 1925 2844 πι-

2024 2793 2218 2834 νεηιιιι
2257 2777 2661 2835 incrementum
2683 2779 3036 2837 credentibus
3065 2779 3487 2851 erangelizasse,
3517 2778 3614 2835 sed

335 2882 584 2936 στεύουσι
609 2884 894 2954 προκοπὴν
922 2880 1207 2953 ἀληθινὴν,
1236 2882 1351 2937 ἀλλ’
1381 2882 1754 2954 ἀναστροφὴν,
1794 2884 1933 2955 μᾶλ-

2024 2871 2441 2926 decrementum
2478 2871 2667 2941 potius
2700 2880 2757 2929 et
2805 2870 3225 2930 subversionem
3274 2879 3441 2943 atque
3488 2870 3612 2926 exi-

328 2973 421 3030 λον
444 2974 501 3029 δὲ
538 2973 927 3047 καταστροφὴν
957 2974 1055 3030 atati
1102 2974 1415 3031 ἀπώλειαν·
1470 2976 1581 3032 ἰδοὺ
1628 2976 1694 3047 δὴ
1724 2975 1818 3031 τὸν
1843 2977 1925 3030 ol-

2028 2963 2191 3022 tium.
2222 2964 2363 3020 Ecce
2417 2965 2565 3021 enim
2599 2965 2825 3037 propria
2864 2965 3013 3023 illius
3042 2965 3210 3022 verba
3242 2980 3344 3022 ceu
3385 2979 3614 3038 gnomoc

328 3067 480 3124 κεῖον
511 3066 679 3123 αὐτοῦ
728 3068 908 3139 λόγον,
961 3067 1223 3140 γνώμονα
1266 3070 1362 3124 καὶ
1407 3069 1611 3124 κανόνα
1641 3068 1923 3137 λαϐόντες,

2028 3071 2156 3111 nem
2211 3056 2568 3129 regulamque
2613 3058 2818 3123 secuti,
2872 3057 3053 3131 ipsum
3110 3072 3207 3129 per
3259 3058 3626 3130 semetipsum

329 3160 397 3215 δι’
455 3160 621 3215 αὐτοῦ
672 3159 836 3215 αὑτὸν
890 3161 1283 3233 ὰπηλέγξαμεν
1336 3160 1415 3233 μὴ
1468 3161 1925 3231 ἅποκαλυφθέντα

1989 3185 1997 3241 ι
2030 3151 2390 3215 convicimus,
2420 3151 2628 3208 nullam
2655 3168 2686 3208 a
2716 3151 2830 3209 Deo
2884 3151 3277 3209 revelationem
3311 3152 3607 3225 accepisse.

329 3253 485 3322 παρὰ
516 3251 654 3306 Θεοῦ
676 3268 690 3284 ·
718 3252 837 3308 ἀλλ’
862 3254 940 3318 ὡς
964 3253 1128 3317 αὐτὸς
1150 3253 1251 3323 μὲν
1274 3254 1406 3326 ἔφη,
1435 3256 1733 3329 φαρμακδς
1758 3258 1921 3325 ἔστω,

2032 3242 2161 3312 Sed,
2193 3255 2253 3301 ut
2287 3244 2519 3315 ipsemet
2550 3246 2714 3314 dixit,
2745 3255 2865 3303 esto
2896 3247 3105 3318 utique,
3144 3246 3193 3303 si
3223 3246 3364 3313 vult,
3394 3260 3612 3318 magus,

329 3344 381 3396 εἰ
416 3341 662 3414 βούλοιτο
686 3357 703 3374 ο
735 3342 879 3415 πλήν
907 3359 973 3413 γε
1024 3343 1211 3399 θεόθεν
1236 3343 1392 3400 οὐδὲν
1414 3344 1577 3400 ἔλασε
1604 3363 1618 3377 ’
1644 3348 1840 3403 τούτου
1865 3348 1926 3403 δὲ

2029 3339 2125 3397 sed
2186 3349 2336 3397 certe
2387 3338 2639 3397 divinum
2697 3339 2835 3395 nihil
2874 3339 3108 3411 accepit.
3168 3339 3254 3395 Ab
3285 3341 3393 3396 hoc
3434 3338 3608 3412 gradu

331 3432 606 3499 ἰκπεσὼν,
632 3432 754 3488 ὅποι
780 3432 847 3506 δὴ
901 3433 996 3488 καὶ
1049 3432 1359 3504 τετάξεται,
1406 3436 1511 3490 οὐκ
1539 3437 1776 3511 ἄδηλον·
1828 3441 1925 3496 καὶ

2027 3431 2302 3500 deiectus,
2329 3434 2557 3490 ubinam
2586 3434 2662 3491 sit
2690 3433 3067 3504 reponendus,
3100 3440 3291 3504 patet:
3334 3446 3616 3504 verasque

333 3520 624 3594 ἀληθεύσει
664 3526 694 3578 ὁ
721 3524 985 3597 εἰρηκὼς,
1028 3526 1368 3583 Πεσοῦνται
1395 3527 1466 3583 ἐν
1489 3529 1926 3602 ἀμφιϐλήστρφ

2024 3525 2131 3583 erit
2190 3526 2280 3582 ille
2335 3527 2434 3598 qui
2487 3525 2671 3584 dixit:
2709 3523 2955 3582 Incident
3003 3527 3062 3582 in
3099 3526 3419 3581 retiaculum
3459 3540 3616 3582 suum

333 3613 539 3670 αὐτῶν
579 3617 635 3671 οί
662 3617 1031 3687 ἁμαρτωλοί·
1079 3617 1292 3675 τούτων
1345 3620 1511 3676 αὑτοῦ
1539 3621 1650 3678 τῶν
1683 3623 1925 3695 ἀφαυρο-

2024 3626 2327 3687 peccatores
2358 3618 2429 3673 ".
2487 3615 2587 3674 llis
2643 3614 3043 3673 inﬁrmissimis
3097 3615 3219 3687 ejus
3266 3616 3615 3673 sermonibus

332 3708 512 3763 τὰτων
544 3707 761 3778 λογίων,
796 3706 877 3763 ἔτι
907 3707 1214 3783 σαθρότερα
1250 3711 1501 3782 ρησείδια
1532 3711 1922 3784 ὐποτιθέμενα,

2025 3711 2385 3768 marcidiores
2438 3710 2621 3767 adhuc
2674 3709 3041 3767 dictiunculas
3106 3710 3178 3766 ab
3252 3723 3319 3765 eo
3378 3707 3614 3780 subjun-

329 3799 422 3855 διὰ
448 3799 549 3873 τὴν
576 3802 813 3871 παντελῆ
869 3800 1147 3873 χαύνωσιν
1197 3803 1293 3858 καὶ
1336 3803 1648 3877 ἀδράνειαν,
1701 3804 1924 3875 εῦλογον

2024 3814 2163 3871 etas,
2196 3814 2419 3876 propter
2462 3802 2781 3859 {utilitatem
2830 3802 3074 3875 ipsarum
3129 3809 3188 3859 et
3232 3802 3613 3868 inutilitatem,

329 3894 581 3967 παριδεῖν
608 3894 908 3968 ἐκρίναμεν
933 3912 949 3926 ’
975 3895 1195 3965 φύσεως
1234 3897 1334 3969 μὲν
1366 3896 1476 3970 γὰρ
1513 3897 1590 3970 τῷ
1625 3897 1742 3953 ὄντι
1762 3915 1926 3971 πονησ

2025 3898 2224 3953 merito
2303 3912 2338 3953 a
2402 3911 2495 3954 me
2559 3897 2889 3955 omittendas
2952 3894 3221 3967 iudicavi.
3282 3893 3410 3951 Fuit
3465 3894 3612 3950 enim

331 3989 433 4060 ρᾶς
460 3988 555 4042 καὶ
595 3988 923 4056 πολυλάλου,
958 3990 1164 4063 μᾶλλον
1206 3990 1265 4045 δὲ
1301 3990 1544 4063 φλυάρου
1603 3991 1702 4046 καὶ
1750 4008 1925 4063 γραο-

2022 3989 2374 4049 Ilohamedcs
2419 3990 2603 4048 indole
2650 4006 2839 4063 prava,
2885 3988 3142 4061 ioquaee,
3193 3988 3280 4044 vel
3310 3987 3492 4059 potius
3518 4002 3612 4043 ve-

328 4076 577 4149 πρεποῦς
630 4078 930 4153 ἐτύγχανεν
953 4095 968 4111 °
1016 4080 1097 4136 ἔτι
1135 4080 1195 4135 δὲ
1227 4083 1322 4137 καὶ
1349 4081 1535 4153 δειλῆς
1576 4084 1672 4138 καὶ
1700 4084 1921 4155 ὀργίλου

2087 4083 2265 4141 larum
2326 4097 2481 4140 more
2528 4098 2765 4157 nugace;
2813 4080 3169 4139 formidolosa
3216 4083 3463 4153 insuper,
3502 4078 3614 4137 lra-
3699 4113 3704 4119 -

326 4172 425 4226 καὶ
453 4170 688 4227 ὑπούλου
718 4174 813 4229 καὶ
868 4173 1321 4249 μεγαλορήμονος
1344 4192 1360 4207 ·
1408 4174 1504 4231 καὶ
1536 4176 1638 4230 οὐκ
1685 4172 1784 4233 οἷδ’
1810 4179 1839 4233 ὅ
1866 4196 1921 4233 τι

2020 4176 2226 4241 cunda,
2308 4174 2593 4245 suspicaee
2665 4182 2722 4231 et
2826 4182 3117 4245 arrogante
3168 4189 3183 4227 :
3234 4180 3399 4243 atque
3461 4172 3607 4228 baud

329 4264 503 4318 κακὸν
553 4265 771 4319 ἐνέλιπε
818 4266 899 4338 τῷ
948 4267 1183 4341 διαὸόλῳ
1222 4268 1363 4340 ὅπερ
1397 4267 1547 4341 αὐτῷ
1577 4269 1638 4323 οὐ
1670 4271 1913 4343 διιροστῐγν⁸

2024 4268 2141 4325 scio
2168 4283 2238 4323 an
2296 4266 2427 4340 quid
2473 4266 2625 4338 pravi
2663 4265 2886 4323 diabolo
2916 4266 3073 4333 resit,
3118 4281 3229 4338 quo
3261 4264 3609 4321 Mobamedes

330 4352 497 4423 ὀρθῆς
523 4353 582 4409 δὲ
607 4356 842 4427 κρίσεως
878 4357 975 4412 καὶ
1006 4358 1245 4424 διανοίας
1273 4360 1538 4429 εὐστόχου
1572 4360 1921 4417 παντάπασιν

2020 4359 2279 4415 caruerit.
2342 4360 2515 4416 Recto
2575 4367 2756 4415 autem
2800 4356 3011 4429 judicio
3073 4372 3139 4413 ac
3197 4356 3385 4415 solerti
3432 4367 3611 4413 mente

333 4445 559 4517 ἄμοιρος
583 4446 747 4502 αὑτοῦ
778 4450 808 4501 ὁ
835 4450 943 4513 πᾶς
963 4448 1119 4518 λόγος
1142 4450 1406 4522 τυγχάνει
1430 4468 1447 4483 ο
1472 4451 1554 4508 διὸ
1585 4452 1751 4509 αὐτὸν
1776 4470 1919 4526 παρ-

2024 4451 2206 4509 omnis
2232 4451 2352 4523 eius
2389 4466 2575 4509 sermo
2604 4466 2831 4523 prorsus
2859 4459 2944 4507 est
2987 4463 3201 4520 expers.
3238 4447 3609 4515 Quamobrem

332 4539 541 4611 ήσομεν
592 4541 651 4595 ὲν
677 4540 885 4607 τούτοις
916 4541 1312 4615 ἀδολεσχοῦντα
1336 4544 1643 4601 καταλῦσαι
1668 4546 1761 4601 τὸν
1785 4546 1923 4620 (pii)-

1991 4544 1999 4582 ⁵
2028 4543 2206 4614 ipsum
2246 4543 2497 4601 sinemus
2526 4558 2651 4599 cum
2680 4541 2768 4599 bis
2791 4539 3131 4615 iocularibus
3163 4539 3358 4599 fabulae
3378 4554 3491 4598 sure
3514 4554 3609 4598 co-

331 4648 526 4703 ναφον.

2024 4634 2273 4692 ronidem
2306 4635 2612 4707 imponere.

865 4726 1307 4783 ΕΛΕΓΚΤῙΚΟΣ
1343 4725 1403 4785 l'.

2536 4722 2982 4785 CONFUTATIO
3023 4724 3093 4780 Χ.

400 4814 511 4884 ξς’.
549 4816 610 4871 '0
633 4816 863 4882 δέκατος
891 4817 1062 4890 μῦθος
1087 4817 1166 4891 τῷ
1193 4818 1464 4892 Μωάμετ,
1503 4823 1697 4892 Λόγος
1735 4824 1919 4897 Χοῦὃ,

2092 4820 2184 4878 66.
2213 4820 2435 4878 Decima
2462 4837 2495 4880 a
2520 4819 2843 4876 Mobamede
2865 4817 3050 4873 fabula
3078 4815 3395 4875 inscribitur
3418 4815 3605 4873 Sermo

326 4910 740 4982 ἐπιγέγραπται
764 4908 865 4981 (6),
901 4910 999 4964 καὶ
1025 4910 1087 4965 τὸ
1114 4910 1403 4984 προοίμιον
1434 4918 1758 4987 καυχήσεως
1817 4936 1915 4973 πε-

2019 4915 2213 4973 Cltudt'.
2240 4916 2577 4974 Prooemium
2602 4913 2818 4988 egregia
2840 4910 3167 4985 gloriatione
3186 4911 3452 4977 abundat,
3475 4910 3606 4980 quia

326 5002 612 5075 πληρωταί,
646 5000 888 5073 κομψῆς,
941 5002 1044 5069 ὅτι,
1088 5002 1279 5076 φησιν,
1347 5003 1454 5058 ὑπὸ
1512 5005 1677 5077 σοφοῦ
1721 5007 1917 5081 ἀνδρὸς

2020 5009 2154 5064 dicit
2190 5009 2336 5067 hunc
2366 5024 2677 5067 sermonem
2711 5024 2744 5063 a
2774 5005 3022 5077 sapiente
3048 5005 3167 5060 viro
3200 5004 3478 5075 sapienter
3493 5002 3607 5056 ela-

325 5094 589 5165 tempto-Or;
612 5093 707 5148 καὶ
729 5082 953 5166 ἐστίχθῆ
978 5093 1076 5147 καί⁹
1102 5093 1350 5168 διεκρίθη
1384 5110 1400 5126 ⁸
1427 5096 1566 5160 τέως
1601 5098 1787 5169 μέντοι
1814 5100 1913 5171 τῆς

2022 5102 2302 5172 boratum,
2338 5100 2778 5175 dispositumque
2804 5096 3050 5170 periodis
3074 5098 3491 5155 etdistinctum.
3524 5094 3607 5150 ln-

326 5185 479 5255 παρὰ
489 5184 586 5239 ἀνθ
594 5182 793 5256 ρώπων
810 5182 1062 5253 γνώσεως
1079 5185 1269 5257 ἐπιδεῆ
1284 5187 1539 5258 ὁμολογεῖ
1552 5188 1652 5261 τὴν
1665 5188 1760 5245 τοῦ
1776 5190 1915 5245 Θεοῦ

2022 5198 2183 5251 terim
2236 5211 2371 5253 sane
2397 5196 2639 5252 humana
2664 5193 2866 5266 peritia
2895 5201 3144 5267 egentem
3185 5190 3479 5248 conﬁtetur
3508 5188 3602 5244 Dei

330 5275 493 5330 αὐτοῦ
524 5277 753 5349 Γραφήν
786 5293 801 5308 ⁸
831 5278 1064 5349 ἄρχεται
1094 5277 1152 5333 δὲ
1188 5277 1352 5333 πάλιν
1369 5280 1771 5354 καταπλήττειν
1790 5284 1919 5349 τοὺς

2026 5287 2201 5358 ipsius
2253 5287 2619 5359 Scripturam.
2667 5284 2883 5340 Rursus
2924 5293 3105 5341 autem
3143 5281 3335 5353 incipit
3361 5280 3605 5335 timorem

334 5361 672 5435 βαρϐάρους,
705 5367 789 5421 ὅτι
820 5367 886 5439 δὴ
906 5366 1045 5422 Θεοῦ
1076 5369 1218 5424 εἰσιν
1247 5369 1567 5442 νομοθεσίαι
1594 5374 1664 5429 τὰ
1690 5374 1917 5429 τοιαῦτα

2022 5375 2274 5435 barbaris
2328 5379 2600 5445 incutere,
2639 5376 2786 5449 quod
2844 5374 2945 5433 Dei
2984 5375 3131 5448 leges
3187 5372 3318 5441 sint,
3357 5372 3473 5427 haec
3506 5385 3602 5425 sua

336 5454 558 5524 παίγνια
577 5472 590 5485 ’
622 5458 718 5513 aut
744 5460 1042 5532 καταφοόεί
1060 5462 1278 5531 αὐτοὺς,
1298 5464 1349 5518 εί
1375 5462 1453 5537 μὴ
1482 5463 1773 5535 πείθοιντο,
1805 5467 1915 5523 ἀπό

2032 5468 2247 5531 ludicra
2278 5489 2299 5531 :
2336 5472 2659 5542 territatque
2690 5471 2840 5541 illos,
2890 5468 3001 5529 nisi
3028 5465 3392 5535 crediderint,
3420 5462 3604 5521 future

404 5630 453 5667 ⁹⁹
478 5629 653 5693 Exod.
688 5652 779 5705 xx,
811 5636 896 5697 ιδ.
971 5639 1017 5672 ’⁸
1056 5638 1253 5699 Matth.
1280 5655 1338 5711 ν,
1365 5639 1461 5699 22.
1641 5644 1687 5679 ³³
1707 5642 1855 5705 Psai.
1884 5660 2009 5718 exn,
2043 5644 2134 5704 ιο.

404 5812 485 5886 (6)
505 5812 635 5876 Sur.
661 5814 757 5887 XI,
787 5815 848 5888 2,
876 5818 933 5888 ε,
962 5818 1162 5892 26,“).
1202 5820 1295 5890 42,
1323 5818 1416 5880 ιο.
