4084 6282
518 359 626 423 759

1787 370 2086 435 NICE'I‘IE
2120 371 2529 437 BYZANTINI

3684 375 3794 441 760

520 470 690 524 animi
723 468 998 536 timorem,
1027 486 1093 526 ne
1122 470 1262 529 forte
1290 474 1341 530 ei
1369 475 1750 545 discredatur,
1784 480 1921 535 satis
1986 480 2089 550 agit

2199 480 2454 551 ηὐλίσθη,
2483 482 2625 537 κατά
2650 482 2741 538 τδν
2766 483 3183 556 Σολομῶντα,ὲν
3204 486 3392 547 τόποις
3412 485 3505 550 οὓς
3535 487 3637 541 οὐκ
3670 490 3800 542 ἐπι..

518 572 571 613 et
611 562 732 616 ait:
784 580 803 612 ι
845 561 1043 617 Dicunt
1074 571 1334 633 negantes
1367 606 1381 630 ,
1425 564 1543 620 Non
1580 582 1641 623 es
1688 568 1923 641 legatus.
1964 568 2095 624 Dic:

518 652 717 708 sufﬁcit
750 655 884 708 mihi
919 656 1075 712 testis
1110 657 1513 716 Deusinterme
1538 674 1602 717 ac
1619 676 1749 730 vos;
1797 674 1851 718 et
1880 663 1927 718 is
1955 662 2099 733 apud

518 758 682 810 quem
712 752 797 799 est
839 745 1070 801 scientia
1106 748 1425 820 Scriptura.
1454 770 1476 805 ι
1518 750 1686 808 Deum
1734 754 1986 824 producit
2015 764 2098 810 te-

517 842 653 886 stem
688 833 977 904 legationis
1007 852 1149 906 suae;
1185 839 1392 895 nullum
1421 844 1710 913 ceteroqui
1738 844 1847 898 Deo
1872 845 2097 915 dignum

517 917 727 986 profert
754 922 1041 990 indicium,
1075 942 1184 982 non
1223 929 1571 998 miraculum,
1597 946 1703 988 non
1732 935 2098 1005 prophetiam,

516 1026 626 1065 non
682 1015 848 1071 vitam
881 1018 1174 1076 virtutibus
1203 1025 1516 1093 exercitam,
1544 1043 1645 1084 nec
1680 1029 1840 1084 aliam
1904 1032 2099 1088 saltem

513 1103 801 1160 scientiam
835 1124 852 1174 ;
892 1110 986 1164 sed
1038 1112 1246 1183 absque
1276 1116 1384 1172 ulla
1417 1118 1904 1191 demonstratione,
1932 1123 2098 1190 Deus,

516 1195 719 1267 inquit,
751 1202 910 1257 testis
942 1213 1050 1261 est.
1105 1205 1313 1265 Deinde
1364 1226 1672 1283 agnoscens
1721 1231 1877 1272 suam
1910 1226 2102 1276 contra

515 1284 686 1341 Deum
714 1291 1067 1361 calumniam,
1112 1312 1386 1370 suumque
1422 1304 1772 1360 mendacium
1804 1348 1820 1373 ,
1854 1310 2103 1378 quando-

514 1381 735 1449 quidem
770 1386 1101 1445 conﬁrmare
1128 1390 1337 1447 dictum
1373 1394 1685 1451 nullatenus
1714 1409 1949 1468 poterat,
1974 1416 2105 1457 con-

512 1472 653 1543 fugit
681 1476 749 1530 ad
780 1478 901 1534 illos
931 1481 1022 1551 qui
1055 1482 1352 1554 Scripturae
1384 1487 1674 1544 scientiam
1716 1490 1957 1558 habent;
1989 1506 2101 1564 quo

512 1564 660 1621 dicto
689 1569 867 1625 illudit
889 1572 1147 1633 barbaris
1172 1584 1304 1632 tunc
1338 1579 1643 1635 litterarum
1675 1582 1904 1653 ignaris,
1940 1583 2013 1640 ita
2041 1594 2103 1644 ut

516 1654 767 1715 fraudem
792 1677 946 1718 suam
985 1666 1163 1723 celare
1197 1669 1393 1725 valeat.
1446 1670 1514 1725 Et
1559 1674 1874 1744 quicunque
1916 1677 2099 1745 habet,

511 1748 711 1820 inquit,
752 1754 1049 1826 Scriptura:
1086 1760 1393 1817 scientiam.
1448 1763 1624 1831 Quam
1655 1766 1795 1822 dicis
1852 1769 2097 1839 scriptu-

511 1857 629 1896 ram
663 1844 687 1897 ‘P
716 1842 845 1901 Sine
864 1847 1034 1904 dubio
1058 1850 1345 1909 existimas
1373 1869 1559 1911 veram
1595 1870 1719 1913 esse
1760 1859 1907 1914 illam
1942 1860 2097 1915 Scri-

508 1946 728 2005 pturam
783 1955 907 2009 quze
936 1942 1003 1998 de
1053 1953 1106 1999 te
1156 1954 1407 2003 testatur.
1470 1947 1611 2020 Ergo
1658 1950 1879 2007 etfatum
1938 1953 2092 2020 illud,

509 2029 853 2086 Abominatio
897 2034 1246 2094 desolatiom’s
1279 2042 1348 2105 ’⁵,
1387 2043 1455 2099 de
1503 2053 1553 2098 te
1578 2045 1782 2099 dictum
1808 2046 1929 2102 fuit.
1951 2046 2096 2103 Nihil

510 2120 657 2174 aliud
685 2124 926 2181 cordatis
955 2138 1206 2197 superest
1241 2131 1308 2187 de
1336 2141 1389 2187 te
1422 2136 1682 2205 cogitare.
1714 2135 1871 2203 Quod
1903 2138 1947 2192 si
1977 2137 2097 2194 Μο-

510 2211 772 2271 bamedes
812 2231 920 2274 non
952 2228 1039 2276 est
1067 2235 1136 2276 eo
1171 2232 1487 2290 contentus,
1544 2236 1598 2282 et
1639 2228 1932 2285 sublimius
1994 2230 2095 2285 ali-

508 2306 642 2374 quid
685 2310 964 2379 postulat;
991 2328 1091 2370 vos
1128 2317 1348 2386 quidem
1378 2319 1576 2375 divinae
1629 2319 1928 2390 Scripturae
1976 2332 2095 2378 stu-

506 2397 673 2465 diosi,
699 2401 871 2471 probe
898 2404 1055 2461 scitis
1072 2421 1337 2477 quasnam
1364 2409 1437 2465 ibi
1464 2410 1533 2465 de
1566 2410 1887 2467 Mobamede
1916 2414 2095 2484 legato

508 2494 890 2562 praedictiones
923 2498 1068 2554 Deus
1102 2500 1407 2570 scripserit,
1436 2511 1491 2556 et
1519 2501 1586 2557 de
1607 2502 1780 2573 ipsius
1809 2515 2095 2575 exspecta.

506 2586 675 2641 tione.
715 2585 830 2642 imo
859 2598 912 2644 et
948 2588 1003 2644 in
1061 2590 1225 2649 istius
1264 2593 1405 2647 libro
1452 2594 1738 2652 invenietis
1760 2610 1976 2666 sumpta
2023 2614 2092 2654 ex

505 2678 680 2733 sacris
714 2675 1015 2750 Scripturis
1044 2684 1378 2750 testimonia,
1405 2694 1770 2754 congruenter
1806 2687 1930 2756 ejus
1958 2691 2093 2760 dog-

505 2768 746 2826 matibus
767 2771 1023 2841 applicita
1052 2814 1069 2840 ,
1101 2788 1164 2828 ex
1201 2775 1338 2847 lege,
1383 2777 1689 2846 prophetis,
1717 2787 1882 2849 atque
1906 2779 2091 2834 Evan-

504 2860 669 2932 gelio,
695 2878 832 2934 quos
878 2864 1050 2922 libros
1110 2866 1229 2938 ipse
1271 2868 1489 2923 divinus
1533 2868 1786 2939 judicare
1834 2871 2089 2927 videtur:

503 2969 736 3024 quorum
761 2970 861 3012 ceu
888 2955 992 3013 sibi
1010 2968 1263 3016 notorum
1298 2969 1562 3033 praztextu
1595 2962 1864 3020 barbaros
1890 2962 2089 3029 latens,

502 3044 703 3104 fabulae
728 3047 890 3106 tinem
916 3048 1068 3109 facit.

1001 3317 1442 3377 CONFUTATIO
1472 3323 1611 3379 XIII.

574 3408 662 3464 70.
705 3407 888 3466 Tertia
920 3412 1129 3468 decima
1158 3428 1187 3467 a
1212 3414 1535 3472 Mohamede
1561 3417 1743 3473 fabula
1773 3418 2091 3477 inscribitur

503 3503 813 3569 Abraham;
856 3503 990 3558 nihil
1023 3511 1207 3561 tamen
1238 3506 1380 3580 frugi
1409 3510 1475 3564 de
1498 3509 1602 3567 hoc
1625 3512 1848 3568 homine
1872 3523 2085 3583 narrat;

500 3596 596 3652 sed
633 3606 794 3667 prout
826 3598 992 3653 etiam
1024 3599 1078 3653 in
1106 3600 1390 3671 superiore
1417 3601 1599 3659 fabula
1621 3645 1637 3670 ,
1672 3605 1909 3662 breviter
1936 3607 2003 3664 de
2027 3623 2088 3664 re

499 3702 686 3746 creata
717 3691 957 3761 locutus,
1008 3709 1175 3764 quam
1224 3712 1255 3750 a
1309 3696 1497 3753 divino
1547 3696 1753 3770 Spiritu
1788 3701 1898 3771 regi
1928 3701 2080 3768 dicit,

500 3784 686 3837 subdit
748 3784 1039 3840 ministerii
1113 3788 1197 3843 sui
1269 3788 1583 3860 negotium,
1651 3806 2085 3867 consuetamque

497 3874 896 3941 blasphemiam
924 3876 1119 3943 eti‘utit,
1157 3879 1303 3949 quod
1340 3879 1485 3937 Deus
1532 3897 1695 3953 quem
1741 3884 1857 3940 vult
1894 3901 2083 3943 errare

496 3964 653 4033 facit,
707 3966 1061 4041 vicissimque
1113 3986 1277 4043 quem
1329 3972 1449 4029 vult
1496 3974 1704 4046 dirigit.
1757 3974 2083 4049 Rursusque

496 4057 745 4113 meminit
775 4057 1045 4116 Thamudi
1074 4070 1129 4117 et
1171 4062 1332 4129 Aadi,
1375 4065 1534 4134 juxta
1586 4068 1831 4137 priscum
1877 4068 2081 4125 delira-

497 4160 743 4207 ntcntum
802 4168 962 4207 suum
1004 4172 1020 4208 :
1063 4163 1119 4210 et
1172 4156 1318 4226 quod
1369 4167 1656 4229 propterea
1706 4160 1812 4218 sibi
1862 4177 2082 4235 quoque

495 4245 646 4302 credi
677 4247 872 4304 debeat
904 4259 964 4305 ut
1001 4248 1097 4305 Dei
1128 4249 1326 4323 legato.
1374 4252 1551 4327 Hujus
1580 4264 1762 4313 autem
1792 4256 2082 4330 legationis

495 4354 611 4395 sua:
638 4339 743 4396 hoc
771 4341 902 4397 dicit
930 4341 1212 4411 indicium,
1254 4346 1399 4416 quod
1455 4345 1624 4403 futuri
1676 4358 1807 4406 sunt
1840 4351 1891 4405 in
1921 4368 2081 4421 para-

493 4427 616 4483 diso
641 4429 947 4494 credentes,
1008 4445 1133 4486 cum
1195 4432 1460 4489 uxoribus
1502 4435 1620 4491 suis
1660 4448 1713 4493 et
1750 4438 1878 4494 ﬁliis
1913 4440 2078 4497 simul

2204 574 2735 645 σκοπεῖό”Υψιστος
2767 594 2781 608 ·
2824 578 2986 632 πάλιν
3036 578 3094 632 δέ
3148 578 3255 649 τῆς
3300 577 3585 652 περιδεοῦς
3645 581 3797 652 αὐτῷ

2202 668 2513 733 ὑποθέσεως
2562 667 2656 724 τοῦ
2686 668 2762 741 μὴ
2789 669 3156 748 ἀπιστηθῇναι
3184 670 3493 741 ἀντέχεται,
3539 670 3635 725 καί
3688 689 3801 744 φης

2201 777 2255 815 σι
2278 762 2389 833 (12)
2417 778 2435 795 '
2469 781 2489 817 ι
2522 763 2789 832 Λέγουσιν
2821 765 2871 818 oi
2897 765 3289 837 ἀρνησάμενοι,
3324 766 3440 819 Οὐκ
3474 761 3525 818 εἴ
3552 765 3796 823 ἀπόστο-

2199 852 2289 918 λος
2310 868 2328 886 ο
2364 853 2508 909 είπέ·
2559 856 2826 928 Ἀρκεσθῇ
2854 874 2943 928 μοι
2976 856 3006 911 ὁ
3034 857 3169 923 Θεὸς
3198 859 3411 930 μάρτυς
3434 860 3639 930 μεταξύ
3682 858 3795 933 [τε]

2202 945 2337 1015 ἐμοῦ
2368 963 2427 1000 τε
2464 946 2558 1001 καὶ
2588 948 2745 1019 ὑμῶν
2770 964 2787 980 ·
2814 951 2907 1003 καὶ
2936 951 3084 1013 ὅστις
3108 949 3257 1004 ἐστὶν
3313 950 3446 1023 παρ’
3499 950 3668 1004 αὑτοῦ
3718 954 3799 1008 εί-

2201 1038 2358 1108 δησις
2378 1040 2478 1107 τῆς
2502 1040 2751 1112 Γραφῆς.
2795 1061 2813 1093 ι
2844 1042 2977 1095 Θεὸν
3007 1040 3371 1113 προϐάλλεται
3406 1042 3666 1115 μάρτυρα
3697 1046 3799 1115 τῆς

2202 1131 2367 1186 αὑτοῦ
2395 1134 2700 1203 ἀποστολῆς
2732 1150 2747 1167 ο
2772 1134 2910 1189 Θεοῦ
2946 1135 3003 1189 δὲ
3043 1134 3198 1190 οὐδέν
3248 1152 3301 1191 τι
3331 1136 3483 1202 ἄξιον
3536 1139 3801 1209 επιφέρε-

2201 1241 2289 1277 ται
2325 1222 2613 1295 σύμϐολον,
2639 1225 2697 1278 οὐ
2723 1226 3196 1298 θαυματουργίαν,
3227 1226 3289 1279 οὐ
3318 1229 3682 1301 προφητείαν,
3733 1231 3798 1285 οὗ

2205 1315 2320 1385 βίον
2348 1315 2741 1389 ἐξησκημένον,
2770 1317 2893 1373 οὐδὲ
2924 1319 3112 1383 ἁπλῶς
3136 1319 3339 1389 γνῶσιν
3371 1337 3387 1352 ο
3414 1321 3534 1374 ἀλλ’
3587 1321 3798 1377 ἀναπο-

2202 1409 2451 1478 δείκτως,
2485 1411 2619 1475 Θεὸς
2658 1411 2895 1482 μάρτυς,
2927 1413 3094 1485 φησίν
3130 1429 3150 1445 ο
3182 1409 3303 1469 εἶτα
3332 1413 3661 1484 αἰσθόμενος
3692 1417 3798 1488 τῆς

2212 1500 2354 1556 κατὰ
2381 1502 2517 1556 Θεοῦ
2543 1506 2931 1573 συκοφαντίας,
2961 1508 3053 1559 καὶ
3080 1506 3175 1560 τοῦ
3211 1505 3407 1561 ἑαυτοῦ
3435 1506 3668 1575 ψεύδους
3709 1509 3795 1579 (οὐ

2205 1592 2314 1665 γὰρ
2337 1590 2628 1667 εἶχετοῦτο
2662 1597 2829 1650 πόθεν
2893 1597 3273 1671 πιστώσεται),
3321 1599 3659 1669 καταφεύγει
3708 1602 3794 1666 είς

2203 1688 2329 1751 τοὺς
2364 1686 2575 1752 εἰδότας
2606 1687 2707 1759 τὴν
2734 1688 2981 1760 Γραφην,
3010 1690 3068 1742 ἐν
3102 1688 3180 1761 τῷ
3228 1689 3370 1754 τέως
3403 1695 3528 1756 τοὺς
3573 1691 3785 1763 βαρόἀο

2123 1819 2172 1879 Β
2208 1794 2337 1847 ρους
2364 1777 2678 1848 ἀγνώστους
2707 1779 2869 1843 ὄντας
2889 1780 3171 1849 διαπαίξαι
3194 1784 3287 1836 καὶ
3320 1782 3505 1837 λαθεῑν
3537 1783 3773 1855 ἰσχύσας·

2200 1866 2313 1922 Καὶ
2342 1868 2489 1935 ὅστις
2519 1870 2639 1924 ἐστὶ
2664 1871 2793 1943 παρ’
2809 1870 2996 1935 αὑτοῦ,
3031 1873 3217 1944 φησὶν,
3253 1874 3463 1945 εἴδησις
3509 1876 3607 1945 τῆς
3636 1876 3781 1947 Γρα-

2197 1961 2307 2032 φῆς
2341 1978 2361 1994 δ
2386 1962 2548 2027 ποίας
2572 1964 2841 2036 Γραφῆς-;
2872 1965 3007 2029 ὅλως
3031 1968 3141 2039 γὰρ
3170 1967 3235 2039 δὴ
3292 1968 3395 2020 οἴει
3450 1968 3637 2039 ἁληθῆ
3693 1969 3795 2039 τὴν

2197 2054 2424 2127 Γραφὴν
2449 2049 2589 2111 εἶναι
2613 2056 2857 2127 καὶπερὶ
2889 2057 2985 2110 σοῦ
3041 2059 3428 2131 μαρτυροῦσαν
3466 2075 3482 2091 ⁸
3536 2062 3685 2125 εἰκὸς
3726 2062 3795 2119 τὰ

2199 2146 2456 2219 περὶτοῦ
2480 2147 2907 2219 ,ϐδελύτματος
2931 2150 3041 2221 τῆς
3066 2137 3418 2221 ἐρημώσεως
3445 2154 3574 2226 περὶ
3596 2154 3691 2209 σοῦ
3719 2155 3799 2211 εἴ·-

2200 2254 2364 2309 ρηται
2394 2257 2407 2271 ο
2442 2240 2578 2293 ἀλλὰ
2611 2244 2717 2311 γὰρ
2756 2243 2913 2296 οὐδὲν
2954 2244 3337 2315 περιλείπεται
3389 2248 3502 2309 τοῖς
3549 2247 3796 2306 συνιοῦσι

2195 2331 2526 2388 διανοεῖσθαι
2554 2335 2683 2404 περὶ
2712 2333 2807 2389 σοῦ
2840 2352 2856 2369 ·
2885 2338 2933 2392 εἰ
2965 2337 3020 2391 δὲ
3054 2338 3131 2410 μὴ
3160 2339 3319 2393 τοῦτο
3363 2340 3528 2404 αὐτὸς
3578 2340 3799 2413 ἀνέχοι-

2193 2438 2284 2489 το,
2341 2424 2458 2479 ἀλλ’
2516 2425 2705 2497 ἕτερόν
2751 2445 2805 2483 τι
2849 2427 3061 2500 ὑψηλὸν
3102 2432 3349 2497 ἀπαιτεῖ,
3403 2432 3519 2486 ὅσοι
3540 2433 3642 2501 τὴν
3672 2432 3798 2487 θεόρ-

2195 2531 2463 2569 πνευστον
2499 2516 2764 2587 μελετᾶτε
2797 2518 3049 2591 Γραφὴν,
3104 2522 3261 2576 αὐτοὶ¹
3306 2521 3601 2577 ἐπίστασθε
3656 2522 3798 2588 ὅσας

2195 2607 2572 2677 προαγγελίας
2600 2612 2729 2682 περὶ
2776 2612 3027 2683 Μωάμετ
3058 2612 3358 2668 ἀποστόλου
3382 2616 3411 2667 ό
3439 2614 3573 2679 Θεὸς
3620 2615 3795 2689 ἔγρα-

2192 2698 2283 2769 ψε,
2322 2702 2418 2753 καὶ
2446 2702 2544 2772 τῆς
2574 2702 2765 2757 τούτου
2788 2704 3125 2774 προσδοκίας
3152 2722 3169 2737 ο
3192 2704 3457 2775 εὑρήσετε
3504 2706 3562 2760 δὲ
3586 2709 3682 2762 καὶ
3732 2710 3795 2763 ιν

2191 2794 2259 2863 τῇ
2291 2792 2482 2846 τούτου
2519 2796 2818 2866 συγγραφῇ
2846 2794 2945 2858 τὰς
2972 2796 3039 2847 ὲκ
3067 2798 3168 2864 τῆς
3218 2794 3367 2855 θείας
3398 2795 3621 2865 Γραφῆς
3650 2813 3796 2867 μαρ-

2191 2884 2385 2957 τυρίας
2419 2886 2691 2956 εὐστόχως
2724 2888 2782 2940 ὲν
2808 2887 2924 2948 τοῖς
2949 2885 3114 2939 αὐτοῦ
3147 2885 3411 2954 δόγμασιν
3452 2886 3795 2954 ὲξαγομένας

2192 2974 2305 3029 ἀπό
2330 2992 2389 3028 τε
2417 2973 2586 3045 νόμου
2624 2975 2719 3029 καὶ
2752 2976 3051 3047 προφητῶν
3079 2975 3172 3031 καὶ
3214 2974 3308 3028 τοῦ
3344 2974 3704 3043 Εὐαγγελίου,
3750 2973 3793 3027 ἃ

2191 3065 2500 3137 ἐπιθειάζειν
2524 3067 2689 3133 δοκεῖ,
2730 3068 2829 3123 καὶ
2852 3062 2927 3123 ὧν
2956 3068 3061 3123 ὑπὸ
3086 3068 3183 3139 τὴν
3212 3068 3488 3139 πρόφασιν
3542 3068 3645 3138 τῆς
3706 3066 3788 3120 εί-

2113 3175 2160 3234 c
2190 3161 2398 3233 δήσεως
2436 3161 2562 3225 τοὺς
2596 3159 2912 3235 βαρϐάρους
2945 3159 3150 3231 λαθὼν,
3182 3160 3572 3233 τδνξφλήναφον
3613 3159 3789 3214 ἔπαυ-

2197 3270 2290 3308 σεν

2693 3348 3135 3404 ΕΑΕΓΚἸἿΚΟΣ
3186 3344 3289 3404 ιῐν.

2261 3441 2325 3498 o'.
2357 3442 2430 3496 Τὸ
2460 3441 2913 3514 τρισκαιδέκατον
2949 3438 3064 3511 (l3)
3117 3440 3383 3510 μυθάριον
3422 3437 3501 3508 τῷ
3530 3436 3786 3507 Μωάμετ

2190 3538 2295 3605 Είς
2330 3535 2431 3608 μὲν
2470 3536 2578 3589 τόν
2613 3532 2862 3602 Ἀϐραὰμ
2891 3533 3320 3604 ἐπιγέγραπται,
3358 3531 3511 3587 οὐδὲν
3547 3529 3604 3584 δὲ
3636 3528 3792 3595 ἄξιον

2186 3625 2347 3695 λόγου
2380 3626 2513 3697 περὶ
2541 3625 2633 3679 τοῦ
2666 3624 2863 3694 ἀνδρὸς
2902 3622 3203 3694 ἐξηγεῖται,
3228 3623 3363 3678 ἀλλὰ
3388 3621 3533 3677 κατὰ
3552 3620 3646 3676 τὸν
3672 3620 3784 3693 πρὸ

2184 3717 2377 3771 τούτου
2410 3717 2580 3788 μῦθον
2600 3716 2758 3783 ὀλίγα
2784 3716 2913 3787 περὶ
2937 3716 3036 3786 τῆς
3060 3715 3295 3779 κτίσεως
3349 3713 3657 3781 καταλέξας
3700 3712 3793 3771 ὅτι

2186 3808 2318 3881 θείῳ
2347 3808 2633 3880 Πνεῦματι
2661 3809 2968 3875 διοικεῖται,
3006 3808 3205 3878 ἐπάγει
3254 3808 3321 3862 τὰ
3352 3806 3789 3878 οἰκονομούμινα

2184 3881 2316 3979 παρζ
2351 3906 2520 3961 αὐτοῦ
2554 3921 2571 3938 ⁸
2605 3905 2701 3961 καί
2731 3922 2865 3975 φησι
2898 3904 2999 3974 τὴν
3030 3900 3239 3973 συνήθη
3280 3898 3651 3972 βλασφημίαν,
3701 3899 3789 3953 ὅτι

2180 3997 2212 4050 ό
2239 3996 2373 4060 Θεὸς
2392 3996 2453 4050 ὃν
2480 3995 2625 4049 θέλει
2655 3994 2856 4066 πλανᾷ,
2880 3994 2970 4047 καὶ
2995 3991 3057 4046 ὃν
3080 3991 3224 4046 θέλει
3244 3991 3439 4061 ὁδηγεῖ
3458 4007 3477 4022 ’
3507 3992 3604 4043 καὶ
3626 3987 3788 4055 αὖθις

2189 4084 2465 4160 μέμνηται
2482 4084 2703 4157 Θαμοὺδ
2722 4085 2818 4139 καὶ
2852 4083 3001 4151 mea,
3022 4083 3165 4137 κατὰ
3184 4083 3277 4137 τὸν
3295 4081 3464 4137 πάλαι
3504 4080 3669 4152 λῆρον
3683 4081 3786 4135 αὐ-

2185 4177 2281 4232 τοῦ
2299 4193 2314 4207 ’
2340 4177 2434 4231 καὶ
2452 4178 2535 4232 ὅτι
2555 4177 2655 4231 Διὰ
2674 4174 2833 4231 τοῦτο
2862 4175 3019 4245 κάγὼ
3057 4172 3260 4244 ὀφείλω
3320 4173 3664 4245 πιστωθῆναι
3707 4170 3789 4238 ὡς

2181 4269 2316 4324 Θεοῦ
2335 4269 2630 4333 ἀπόστολος
2647 4286 2662 4300 ·
2682 4269 2784 4339 τῆς
2814 4267 2872 4323 δὲ
2894 4266 3088 4322 τούτου
3134 4266 3449 4337 ἀποστολῆς
3492 4266 3785 4339 γνώρισμα

2180 4362 2340 4419 τοῦτό
2358 4379 2543 4435 φησιν*
2567 4364 2650 4417 ὅτι
2668 4362 2944 4426 Ἔσονται,
2962 4363 3149 4434 φησιν,
3168 4364 3217 4416 οἱ
3232 4361 3414 4417 πιστοὶ
3437 4364 3497 4418 ὲν
3511 4359 3585 4435 τῷ
3599 4378 3785 4434 παρα-

2180 4457 2348 4529 δείσῳ
2387 4458 2510 4520 ταῖς
2528 4456 2740 4511 ἑαυτῶν
2762 4455 2980 4527 γυναιξί
2996 4473 3057 4511 τε
3084 4456 3181 4510 καὶ
3213 4458 3425 4520 τέκνοις
3457 4473 3785 4526 συνευφραι-

493 4521 855 4590 deliciantes;
885 4522 1132 4580 infideles
1162 4534 1369 4593 autem,
1400 4526 1453 4581 in
1499 4528 1731 4598 judicio.
1771 4551 1791 4585 ‹
1820 4531 2072 4591 lnterulae

2188 4521 2392 4622 νόμενοι
2418 4549 2532 4623 (14)
2553 4566 2568 4582 ·
2618 4551 2667 4607 oi
2692 4550 2749 4608 δὲ
2768 4521 3013 4617 δπιστοι,
3031 4551 3224 4621 φησιν,
3242 4552 3301 4605 ἐν
3323 4552 3389 4623 τῇ
3419 4549 3599 4623 κρίσει
3713 4550 3786 4604 τὰ

490 4628 685 4671 eorum
717 4630 783 4671 ex
819 4615 938 4687 pice
969 4615 1213 4681 cedrina,
1273 4626 1329 4674 et
1350 4618 1629 4690 cooperiat
1663 4623 1846 4679 vultus
1881 4640 2071 4681 eorum

490 4707 686 4779 ignis.)
720 4706 897 4779 Atque
927 4708 1003 4764 ita
1031 4708 1532 4766 tremendumdiem
1552 4711 1812 4781 irridens,
1839 4716 2076 4773 fabulari

489 4798 711 4854 desinit.
742 4799 1299 4857 Animadvertendum
1343 4812 1429 4859 est
1472 4820 1679 4861 morem
1718 4822 1845 4864 esse
1869 4809 2077 4880 impro-

489 4892 683 4949 borum
708 4893 993 4950 hominum
1018 4894 1166 4952 haud
1189 4896 1334 4953 nuda
1363 4899 1602 4970 objicere
1633 4901 1805 4971 retia;
1831 4902 2073 4976 alioquin

491 4988 594 5058 ipsi
630 4990 812 5059 potius
841 4992 1038 5061 praedae
1072 4990 1272 5054 forent.
1324 4993 1443 5051 Non
1471 5005 1555 5054 est
1600 5014 1731 5071 ergo
1762 4999 2072 5057 mirandum

490 5084 537 5137 si
574 5098 679 5154 qua
712 5083 987 5141 interdum
1016 5088 1159 5157 apud
1194 5104 1316 5145 eum
1345 5100 1475 5146 sunt
1500 5092 1812 5149 laudabilia.
1838 5092 2072 5150 Verum-

492 5184 674 5231 tamen
699 5175 785 5229 illa
814 5187 1031 5248 oportet
1056 5182 1343 5251 explorare
1374 5199 1495 5253 qua:
1518 5185 1730 5242 noviter
1756 5186 1873 5258 ipse
1896 5189 2073 5260 ponit,

489 5275 823 5337 quantopere
856 5269 1077 5328 fraudes
1116 5272 1235 5341 ejus
1272 5274 1494 5347 dolique
1526 5278 1884 5338 adversentur
1929 5282 2074 5340 divi-

487 5359 595 5425 nis,
628 5374 658 5413 a
682 5361 885 5431 quibus
911 5362 959 5419 is
986 5362 1253 5438 decerpit,
1284 5365 1519 5440 legibus.

557 5630 603 5664 ³³
632 5628 771 5685 Dan.
802 5646 879 5694 ιι,
906 5630 999 5685 ‘27.

558 5770 671 5838 (12)
702 5770 827 5825 Sttr.
858 5772 998 5831 XIII.
1032 5775 1124 5830 45.

560 5840 671 5911 (τε)
705 5841 831 5897 Sur.
869 5842 1008 5910 xw,
1048 5848 1129 5900 l0.

2178 4644 2431 4715 καμήσια
2448 4644 2630 4699 αὐτῶν
2654 4643 2764 4699 ἀπὸ
2790 4644 3037 4717 κεδρίας,
3071 4643 3167 4699 καὶ
3204 4643 3469 4698 καλύπτει
3517 4643 3584 4698 τὰ
3614 4643 3782 4715 πρόσ-

2178 4751 2304 4787 ωπα
2333 4732 2517 4789 αὐτῶν
2554 4734 2617 4788 τὸ
2651 4734 2762 4807 πῦρ
2795 4752 2809 4770 ο
2857 4752 2876 4787 ι
2913 4735 3011 4789 καὶ
3054 4733 3233 4798 οὕτως
3274 4732 3634 4799 καταπαίζων
3680 4735 3780 4804 τῆς

2178 4826 2418 4897 φοϐερᾶς
2439 4827 2677 4898 ἡμέρας,
2712 4827 2808 4882 τοῦ
2835 4826 3123 4900 φληνάφου
3157 4827 3396 4899 ἀπέστη.
3455 4826 3780 4897 Ἐπιστῆσαι

2176 4916 2234 4971 δὲ
2262 4917 2345 4972 δεῖ
2368 4919 2449 4972 ὅτι
2484 4920 2704 4974 ἐπὶτῶν
2722 4918 3181 4989 κακουργούντων
3212 4918 3345 4973 ῐδιον
3371 4918 3433 4973 τὸ
3461 4919 3536 4990 μὴ
3560 4918 3778 4989 γυμνὰς

2183 5008 2499 5082 προτιθέναι
2527 5012 2628 5076 τὰς
2656 5013 2833 5084 ἄρκυς
2860 5012 2933 5085 ’ἢ
2962 5011 3070 5085 γὰρ
3095 5009 3163 5065 ἂν
3188 5011 3344 5066 αὐτοὶ
3376 5011 3579 5083 μᾶλλον
3605 5011 3780 5065 ἑαλω-

2184 5120 2285 5158 σαν
2316 5118 2332 5135 ο
2365 5104 2427 5157 οὐ
2451 5104 2557 5177 χρὴ
2585 5104 2914 5174 ξενίζεσθαι,
2947 5108 2999 5161 εί
3040 5108 3135 5161 καὶ
3176 5106 3309 5176 παρ’
3367 5104 3517 5176 αὐτῷ
3562 5122 3616 5159 τι
3666 5105 3802 5162 τῶν.

2179 5195 2593 5269 ἐπαινουμένων
2616 5198 2924 5273 θεωρηθείη
2953 5216 2968 5232 ·
2998 5198 3137 5254 ἀλλὰ
3168 5201 3238 5253 τὰ
3280 5197 3414 5272 παρ’
3454 5198 3622 5254 αὐτοῦ
3660 5216 3778 5253 και-

2178 5288 2442 5360 νιζόμενα
2477 5290 2767 5362 βασανίσαι
2804 5291 2887 5347 δεῖ
2913 5308 2927 5323 ·
2952 5292 3005 5347 εί
3029 5308 3093 5363 γε
3122 5290 3200 5364 μὴ
3244 5290 3455 5362 σφόδρα
3511 5290 3778 5362 διαμάχε-

2177 5396 2268 5435 ται
2299 5384 2412 5447 τοῖς
2438 5383 2501 5449 ἐξ
2536 5376 2614 5438 ὧν
2660 5384 2980 5458 ἐλήφθησαν
3009 5384 3178 5441 αὐτοῦ
3204 5384 3274 5440 τὰ
3323 5383 3550 5439 δελέατα
3581 5384 3677 5440 καὶ
3713 5384 3773 5439 αί

2176 5472 2387 5531 ἀπάται
2416 5474 2743 5548 θεογράφοις
2780 5477 2989 5548 νόμοις.

2253 5785 2364 5861 (ιι)
2392 5788 2519 5846 Sur.
2553 5787 2690 5859 xw,
2730 5790 2817 5851 ta.
