4084 6282
325 390 425 455 761

811 500 1258 561 ΕᾹΕΓΚἸἹΚΟΣ
1307 503 1408 564 IA'.

390 597 488 654 αι’.
508 598 583 652 Τὸ
592 599 1181 668 τεσσαρεσκαιδέκατον
1206 600 1474 675 μυθάριον
1493 603 1902 676 ἐπιγέγραπται

323 694 423 766 μὲν
459 695 567 759 ΕΖ(
595 693 702 747 τὸν
737 693 927 764 Νότερ
954 695 1110 766 (15)·
1144 698 1420 767 μέμνηται
1453 697 1512 753 δέ
1551 697 1722 752 αὐτοῦ
1762 699 1902 770 πρὸς

315 788 397 858 τῷ
446 787 593 841 τέλει
639 788 737 841 τοῦ
805 786 976 859 μύθου
1034 788 1118 844 ὅτι
1171 789 1384 861 ἑταῖρος
1421 783 1490 862 ἦν
1536 788 1650 845 τῶν
1671 789 1901 860 Σοδομι-

315 880 430 935 τῶν
483 878 596 951 (16)
629 895 647 910 ο
672 879 704 933 δ
743 880 854 943 πᾶς
881 879 938 933 δὲ
987 880 1189 946 σκοπὸς
1215 879 1408 936 τούτου
1435 878 1530 936 τοῦ
1566 881 1739 952 μύθου
1769 882 1900 954 περὶ

315 971 414 1026 τοῦ
446 971 522 1042 μὴ
547 969 970 1044 διαπιστηθῆναι
992 972 1157 1026 αὐτόν
1181 990 1198 1006 ·
1237 973 1331 1028 καί
1362 990 1547 1048 φησιν,
1569 974 1652 1028 ὅτι
1673 974 1901 1039 Πάντως

319 1061 504 1135 ἐροῦσί
524 1080 608 1116 σοι
637 1061 718 1116 ζτι
744 1061 1084 1135 ὢιμονιάρις
1140 1058 1195 1119 εἶ
1241 1064 1416 1134 λέγων
1446 1065 1514 1118 ἐκ
1552 1063 1692 1119 Θεοῦ
1738 1064 1897 1129 δέξασ-

323 1157 451 1212 σθαι
479 1154 656 1212 ταῦτα
683 1156 798 1228 (17)
829 1171 845 1188 ο
874 1158 926 1210 εἰ
972 1155 1081 1227 γὰρ
1111 1152 1182 1229 ἧς
1215 1158 1489 1229 ἀληθινὸς,
1549 1156 1781 1229 ἄγγελον
1830 1157 1900 1214 ἀν

325 1250 585 1322 κατῆγες.
611 1250 802 1314 Αίτίας
834 1249 890 1304 δὲ
915 1249 1102 1322 τίθησι
1129 1248 1224 1306 τοῦ
1257 1251 1332 1322 μὴ
1357 1252 1468 1306 δεῖν
1500 1251 1760 1324 ερχεσθαι
1790 1250 1899 1322 ἀγ-

327 1344 506 1414 γελον,
533 1343 627 1396 δύο
660 1357 677 1373 ο
701 1343 786 1398 ὅτι
805 1359 866 1396 τε
901 1344 1010 1398 εἰσί
1040 1360 1184 1408 τινες
1199 1343 1266 1398 δι’
1292 1342 1386 1407 οῦς
1408 1341 1567 1399 τοῦτο
1599 1343 1896 1399 κωλύεται·

326 1437 419 1490 καὶ
445 1435 526 1489 ὅτι
555 1433 782 1489 ἐκείνων
816 1434 1100 1500 ἐλθόντων,
1125 1433 1188 1489 τὸ
1217 1434 1338 1490 δλον
1371 1435 1620 1508 ἧνυσται.
1657 1437 1765 1490 Καὶ
1812 1436 1901 1501 τίς

323 1531 482 1602 χάρις
507 1529 620 1594 τοῖς
645 1529 991 1601 ἀνθρώποις;
1024 1530 1086 1583 El
1105 1528 1164 1582 δι
1192 1528 1287 1582 καὶ
1316 1527 1408 1582 τὸν
1435 1529 1685 1600 ούρανὶρν,
1709 1531 1896 1602 φησὶν,

319 1620 635 1694 ὴνοξξαμεν,
669 1622 889 1676 ἵσταντο
910 1621 976 1676 ἂν
1020 1621 1071 1676 οἱ
1094 1619 1330 1694 δρῶντες
1371 1620 1538 1675 αὐτὸν
1577 1619 1846 1692 ἔκθαμϐοι
1881 1636 1898 1650 '

317 1717 408 1772 διὰ
430 1716 592 1770 τοῦτο
623 1714 778 1768 οὕδὶν
805 1713 1013 1768 τούτων
1042 1716 1258 1783 γίνεται
1283 1729 1300 1748 ·
1341 1711 1460 1768 ἀλλ’
1503 1713 1626 1767 ἀντὶ
1665 1713 1896 1779 τούτων,

1517 394 1954 459 REFUTATIO
1992 398 2469 466 MOHAMEDIS.

1934 511 1983 570 Δ

3485 409 3596 475 762

2492 509 2935 568 CONFUTATIO
2971 511 3117 570 XIV.

2066 595 2161 652 71.
2199 597 2406 667 Quarta
2484 600 2696 656 decima
2755 601 2940 658 fabula
3006 602 3324 660 inscribitur
3376 603 3594 676 Noger,

1999 691 2160 762 cujus
2189 692 2438 748 meminit
2498 692 2645 750 circa
2701 694 2900 750 fabula:
2939 697 3111 766 ipsius
3163 697 3351 766 finem,
3401 714 3598 770 nempe

2000 786 2150 856 quod
2208 786 2415 842 sodalis
2483 787 2894 844 Sodomitarum
2951 789 3138 849 fuerit.
3186 789 3360 848 Totus
3410 800 3597 848 autem

2001 878 2166 948 hujus
2204 877 2400 934 fabula:
2449 896 2652 949 scopus
2705 889 2811 947 est,
2843 895 2914 936 ne
2966 882 3098 938 ﬁdes
3147 884 3198 940 ei
3246 884 3594 956 denegetur;

2000 968 2207 1024 idcirco
2233 969 2310 1024 ait
2346 987 2360 1026 :
2395 968 2589 1026 Dicent
2635 972 2885 1038 omnino,
2915 970 3294 1031 Demoniacus
3341 991 3422 1038 es,
3477 976 3584 1032 sia

2001 1055 2111 1111 Deo
2143 1057 2262 1114 bac
2315 1058 2596 1128 accepisse
2632 1057 2900 1116 affirmas.
2945 1057 3080 1114 Nam
3133 1061 3182 1116 si
3221 1077 3383 1118 verax
3421 1078 3595 1129 esses,

2012 1146 2241 1217 angelos
2272 1147 2622 1204 adduxisses.
2661 1146 2783 1204 Jam
2817 1148 2936 1221 ipse
2984 1166 3205 1217 causas,
3233 1155 3593 1222 quamobrem

2005 1238 2263 1310 angelum
2308 1241 2495 1296 venire
2548 1255 2657 1296 non
2715 1247 2988 1311 oporteat,
3040 1243 3196 1313 ponit
3245 1241 3420 1308 duas;
3475 1251 3591 1298 tum

2005 1329 2136 1398 quia
2196 1329 2249 1385 id
2296 1344 2328 1385 α
2379 1329 2715 1400 quibusdam
2779 1330 3135 1400 prohibetur;
3170 1340 3283 1387 tum
3321 1333 3450 1402 quia
3482 1333 3593 1389 illis

2006 1416 2446 1484 advenientibus,
2473 1426 2670 1473 cuncta
2697 1419 3247 1476 consummahuntur.
3270 1420 3402 1487 Qua:
3428 1435 3594 1490 porro

2005 1509 2184 1580 gratia
2217 1510 2322 1564 erit
2377 1509 2733 1567 hominibus?
2770 1527 2792 1562 ι
2826 1510 2986 1577 Quod
3041 1511 3087 1567 si
3145 1511 3348 1568 coelum
3382 1511 3587 1581 ipsum,

2005 1598 2205 1668 inquit,
2237 1599 2598 1667 aperiremus,
2642 1598 2892 1668 profecto
2937 1600 3326 1656 admirabundi
3370 1612 3591 1671 specta-

2005 1699 2151 1744 rent.
2193 1709 2212 1742 ι
2247 1690 2372 1744 ldco
2402 1691 2538 1746 nihil
2592 1691 2790 1746 horum
2849 1690 2926 1745 lit.
2970 1691 3074 1750 Sed
3111 1708 3301 1749 eorum
3322 1695 3468 1758 loco.
3511 1696 3601 1750 in-

319 1809 478 1880 φησὶ,
510 1806 691 1872 καλῶς
714 1807 873 1872 εἰδὼς
897 1807 966 1863 τὰ
995 1806 1247 1879 μετεωρα
1265 1821 1280 1837 °
1321 1805 1525 1860 ε’ίδετε
1555 1804 1615 1860 τὸ
1647 1804 1780 1873 ὕψος
1801 1802 1898 1858 τοῦ

2006 1783 2148 1851 quit,
2173 1782 2431 1849 praaclare
2472 1783 2652 1838 sciens
2691 1783 2960 1848 cuslestia,
3018 1801 3038 1835 ι
3065 1782 3256 1841 Videte
3283 1786 3410 1841 cmli
3436 1786 3600 1842 celsi-

2012 1874 2254 1900 ...λζ-..ιω
2306 1881 2468 1900 αισι-..Λ
2519 1873 2698 1900 -:.IA..-
2785 1884 2833 1900 Δ.
2900 1876 3141 1900 ΑΞ.ΙΑ.......
3199 1873 3565 1900 24ημ1-ι2-..-..

318 1901 556 1973 ούρανοῦ
603 1901 697 1955 καὶ
741 1900 869 1964 τοὺς
931 1900 1195 1970 ἀστέρας,
1244 1898 1343 1952 καὶ
1387 1897 1494 1963 τὰς
1548 1896 1902 1967 ἀστροτοξίας

320 1993 633 2064 γινομένας,
662 1993 902 2064 ὁπηνίκα
929 1992 1210 2047 ἀναϐαίνει
1253 1992 1284 2044 6
1311 1991 1558 2053 Σατανᾶς
1584 2008 1658 2044 πα
1669 1991 1907 2061 ρακροᾶ-

324 2087 451 2142 σθαι
500 2087 670 2142 θέλων
732 2085 802 2140 τά
840 2087 900 2140 ἐν
923 2086 1004 2157 τῷ
1047 2083 1262 2156 οὐρανῷ
1315 2083 1622 2154 λαλούμενα
1645 2099 1660 2115 ο
1697 2083 1792 2136 καὶ
1818 2081 1908 2136 διὰ

323 2180 483 2235 τοῦτο
515 2179 847 2239 πιστεύσατε
909 2181 993 2233 δτι
1046 2177 1344 2242 ἀπόστολός
1388 2178 1509 2248 εἰμι
1535 2191 1550 2208 ’
1608 2174 1768 2238 ἄλλος
1794 2174 1905 2251 γὰρ

321 2273 480 2328 τοῦτο
501 2274 608 2345 πρὸ
639 2271 772 2344 ἐμοῦ
801 2274 902 2328 οὐκ
935 2271 1194 2339 ἐδίδαξεν.
1225 2290 1246 2325 ι
1284 2267 1422 2328 Εῐτα
1481 2269 1647 2327 πάλιν
1691 2269 1907 2342 μέμνη-

318 2384 411 2421 ται
438 2367 539 2438 τῆς
561 2365 655 2422 τοῦ
699 2367 874 2437 Ἀδὰμ
908 2365 1178 2432 πλάσεως,
1199 2365 1294 2420 καὶ
1327 2364 1430 2438 τῆς
1485 2364 1757 2434 γενέσεως
1809 2361 1905 2418 τοῦ

320 2458 541 2530 Βελίαρ,
581 2461 674 2515 καὶ
697 2459 800 2531 τῆς
831 2459 997 2514 αὐτοῦ
1045 2458 1356 2526 ἀπειθείας,
1380 2461 1475 2515 καὶ
1499 2457 1596 2513 τοῦ
1624 2457 1905 2529 Ἃϐραάμ,

319 2553 415 2606 καὶ
439 2553 536 2623 τῆς
572 2552 816 2624 ἱστορίας
847 2556 951 2626 τῆς
978 2552 1123 2608 κατά
1150 2553 1244 2609 τὸν
1269 2552 1428 2608 Λώτ·
1486 2554 1582 2607 καὶ
1611 2552 1906 2624 παρεμϐας

317 2645 427 2701 λὼν
447 2662 572 2702 τινα
600 2645 799 2714 ἔξωθεν
831 2645 1017 2717 ῐτερα,
1049 2645 1408 2720 κατορθώσας
1437 2665 1498 2702 τε
1538 2651 1604 2702 ἐκ
1641 2647 1741 2720 τῆς
1764 2645 1906 2701 τού-

320 2755 434 2793 των
472 2738 810 2810 ἐξηγήσεως,
841 2739 918 2803 ὡς
969 2738 1212 2809 ἐνόμιζε,
1259 2741 1322 2796 τὸ
1355 2742 1716 2813 πιστωθῆναι,
1766 2741 1902 2796 καθ-

315 2831 546 2886 άπτεται
578 2830 764 2887 λοιπὸν
791 2833 900 2887 τῶν
929 2834 1189 2889 τιθέντων
1215 2835 1474 2890 κοινωνὸν
1493 2834 1614 2908 Θεῷ
1647 2835 1784 2910 (18)·
1807 2836 1902 2891 καὶ

313 2927 376 2978 ἐν
402 2923 616 2988 τούτοις
642 2924 721 2997 τῷ
752 2925 1020 2997 φληνάφῳ
1046 2926 1204 2990 τέλος
1232 2926 1469 2996 τίθησιν.

807 3015 1255 3071 ΕΛΕΓΚΤΙΚΟΣ
1303 3015 1405 3072 lE'.

382 3107 481 3181 οβ’.
515 3110 590 3164 Τὸ
618 3109 1118 3164 πεντεκαιδέκατον
1151 3109 1421 3183 μυθάριον
1451 3111 1564 3182 (19)
1594 3113 1900 3184 ἐπιγέγρα-

312 3219 444 3258 πται
475 3203 573 3264 μὲν
605 3205 708 3270 Εις
745 3201 820 3256 τὰ
851 3203 1148 3271 ualidam
1168 3219 1184 3233 '
1244 3203 1520 3276 μέμνηται
1544 3205 1602 3259 δὲ
1631 3206 1742 3260 τῶν
1796 3224 1898 3278 με-
1922 3184 1967 3244 c

311 3295 512 3351 λισσῶν
536 3295 667 3365 περὶ
693 3295 762 3348 τὰ
800 3295 942 3365 μέσα
969 3293 1065 3348 τοῦ
1092 3293 1284 3365 μύθου,
1327 3297 1408 3351 δτι
1438 3298 1763 3367 ἐργάζονται
1793 3318 1900 3372 κη-

315 3387 410 3458 ρὸν
434 3388 528 3440 καλ⁵
558 3386 682 3456 μέλι
709 3405 722 3417 ο
755 3386 1082 3456 προστίθησι
1108 3385 1168 3441 δὲ
1211 3389 1312 3460 τὴν
1340 3388 1556 3460 ἀπάτην
1587 3391 1776 3459 αὐτοῦ,
1814 3393 1896 3446 δτι

313 3479 381 3551 δὴ
431 3480 496 3533 ἐκ
544 3477 683 3532 Θεοῦ
725 3477 898 3532 ταῦτα
928 3477 1175 3532 δέδεκται
1202 3495 1221 3512 ·
1280 3481 1374 3534 καὶ
1411 3483 1721 3552 ἐπιτρέχειν
1750 3484 1898 3539 δοκεῖ

313 3571 415 3636 τὰς
436 3571 494 3623 ἐν
515 3572 580 3641 τῇ
613 3570 790 3624 κτίσει
817 3570 912 3624 τοῦ
939 3570 1077 3625 Θεοῦ
1096 3571 1415 3636 δυναστείας
1441 3589 1456 3606 ο
1488 3575 1583 3628 καὶ
1602 3576 1686 3629 ὅτι
1709 3576 1897 3648 ἐποίη-

316 3663 461 3718 σενδ
483 3662 617 3728 Θεὸς
635 3662 705 3716 τὰ
753 3663 951 3735 κτήνη,
1017 3664 1114 3718 καὶ
1166 3663 1360 3718 διοικεῖ
1391 3665 1602 3721 πάνταο
1665 3667 1760 3722 καὶ
1807 3667 1895 3736 ἐξ-

311 3757 544 3828 όμνυται
568 3757 734 3827 ὅρκον
747 3757 976 3829 φρικτὸν
1002 3756 1143 3812 κατά
1167 3757 1262 3814 τοῦ
1287 3758 1552 3830 ὀνόματος
1591 3758 1690 3815 τοῦ
1733 3760 1892 3827 Θεοῦ,

309 3847 392 3902 ὅτι
412 3847 527 3902 ὅσοι
559 3845 810 3918 λέγουσιν
837 3847 980 3919 ἐχειν
1007 3847 1097 3902 τὸν
1116 3846 1250 3902 Θεὸν
1276 3847 1582 3922 θυγατέρας
1605 3850 1894 3921 ἀγγέλους,

308 3939 796 4014 τιμωρηθήσονται
827 3956 842 3972 ·
868 3941 970 4012 τὴν
995 3940 1053 3995 δὲ
1072 3923 1289 3995 τελείαν
1307 3943 1606 4015 σαφήνειαν
1631 3941 1727 3999 τοῦ
1755 3960 1892 4016 προ-

307 4031 700 4107 χρηματισμοῦ
743 4033 959 4097 τούτου,
1008 4033 1067 4087 ἐν
1121 4034 1200 4105 τῷ
1249 4035 1457 4090 ἐπιόντι
1504 4035 1672 4092 αὐτοῦ
1737 4038 1894 4111 μύθῳ

306 4127 565 4198 ιψύμενοι
618 4127 1058 4198 ἐκπλαγήσεσθε.
1098 4128 1393 4200 Μέμνηται
1429 4129 1486 4184 δὲ
1547 4129 1710 4186 πάλιν
1760 4129 1893 4202 περὶ

309 4219 570 4292 βρώσεως
594 4219 797 4292 κρεῶν,
819 4221 912 4274 καί
941 4237 1076 4290 φησι
1108 4235 1124 4253 ο
1191 4239 1212 4273 ε
1243 4221 1335 4294 Μὴ
1371 4222 1561 4293 εἴπητε
1594 4224 1678 4278 ὅτι
1731 4222 1892 4278 τοῦτό

310 4314 429 4364 ἐστι
461 4309 784 4382 λελυμένον,
839 4313 936 4366 καὶ
967 4312 1127 4368 τοῦτο
1165 4315 1544 4386 κεκωλυμένον
1587 4315 1682 4371 τοῦ
1724 4315 1892 4390 βλασ-

311 4401 518 4469 φημεῖν
547 4399 734 4454 ἐπάνω
758 4399 853 4454 τοῦ
885 4401 1023 4455 Θεοῦ
1043 4402 1265 4475 ψεῦσμα
1287 4420 1303 4434 °
1346 4423 1364 4456 ι
1393 4404 1743 4478 βλασφημίαν
1793 4406 1889 4461 καὶ

309 4491 534 4563 ψεῦσμα
570 4492 752 4544 καλῶν
769 4492 863 4546 τὸν
902 4492 1066 4564 νόμον
1102 4495 1196 4550 τοῦ
1228 4496 1364 4550 Θεοῦ
1395 4513 1410 4528 ο
1473 4499 1569 4552 καὶ

310 4587 378 4654 τῇ
407 4584 588 4637 πίστει
625 4581 875 4654 ’Δϐραάμ
905 4585 1208 4658 μοναρχίαν
1236 4588 1330 4641 τοῦ
1353 4593 1629 4646 πιστεύειν
1651 4609 1668 4623 ·
1726 4594 1887 4650 Ἐθεο

308 4693 371 4730 το
395 4676 526 4749 γὰρ,
557 4677 712 4747 φησὶ,
741 4676 804 4730 τδ
837 4676 1115 4732 Σάϐϐατον
1147 4682 1331 4738 ἐπάνω
1356 4686 1466 4740 τῶν
1518 4689 1885 4758 ἀμφιϐαλλόν-

307 4787 416 4824 των
445 4771 526 4834 είς
551 4769 714 4824 αὐτόν
743 4784 760 4802 ο
788 4769 1033 4837 καίτοιγε
1061 4773 1160 4827 οὐκ
1184 4776 1451 4844 ἐγίνωσκε
1513 4782 1886 4856 σαϐϐατισμδν

321 4861 576 4934 ’Δϐραάμ
596 4879 611 4893 ’
644 4861 721 4927 ὡς
754 4863 819 4916 ἐκ
844 4861 1036 4920 τούτου
1070 4868 1458 4939 στοχάσασθαι,
1492 4873 1577 4927 ὅτι
1627 4878 1720 4929 καὶ
1748 4880 1884 4932 σαϐ-

307 4954 551 5019 ϐατίζειν
587 4954 839 5009 ἐϐούλετο
867 4958 994 5021 τοὺς
1028 4959 1337 5034 βαρϐάρους
1361 4980 1376 4995 ο
1407 4965 1524 5019 ἀλλ’
1589 4967 1717 5033 ίσως
1785 4975 1885 5026 οὐκ

303 5047 594 5112 ἀκουσθεὶς
624 5047 681 5103 ἐν
711 5049 793 5121 τῷ
820 5050 966 5123 λόγῳ
985 5053 1183 5128 τούτῳ,
1209 5057 1309 5111 οὒκ
1330 5058 1597 5131 ἐτόλμησε
1623 5064 1751 5134 περὶ
1786 5067 1886 5120 a6-

302 5141 396 5194 τοῦ
424 5159 474 5194 τι
509 5141 830 5214 προσθεῖναι
851 5159 868 5174 ’
905 5145 1003 5201 καὶ
1031 5148 1090 5202 ἐν
1108 5149 1323 5216 τούτοις
1361 5152 1390 5206 δ
1419 5153 1699 5228 φλήναφος
1737 5159 1888 5232 αύτῷ

304 5234 598 5307 περιέστη.

729 5396 735 5401 ,
809 5331 1250 5393 ΕΔΕΓΚἸἸΚΟΣ
1283 5337 1394 5408 ις’.

376 5413 475 5482 ογ¹.
508 5417 582 5471 Τὸ
630 5420 1023 5481 ἑκκαιδέκατον
1069 5429 1334 5502 μυθάριον
1377 5433 1491 5506 (20)
1539 5435 1616 5508 τῷ
1644 5438 1891 5513 Μωάμετ

379 5573 836 5668 (Ιβηᾷιςοτξιηυε
887 5586 1157 5668 A_rabic_us
1213 5591 1676 5668 ﬂggmmtquam
1726 5599 1882 5656 Gclal

307 5647 450 5714 apud
489 5647 814 5730 Maraccium
842 5660 1025 5711 vallem
1055 5663 1204 5717 dicit.
1704 5647 1883 5728 bidui;

305 5725 755 5804 [tempus-limat.
767 5730 1046 5804 et_§crtbit
1071 5730 1274 5804 Noger.

377 5789 489 5858 (16)
517 5790 641 5848 Sur.
663 5793 778 5858 XV,
812 5797 902 5852 79.

391 5861 503 5935 (17)
535 5863 658 5921 Sttr.
685 5864 803 5932 XV,
847 5868 1014 5940 7,15,
1040 5870 1132 5940 27,
1153 5872 1241 5932 58.

2012 1874 2255 1928 tudinem
2304 1881 2469 1945 atque
2518 1873 2722 1938 sidera,
2783 1884 2838 1930 et
2899 1876 3144 1932 siderum
3193 1873 3592 1946 jaculaliones,

2011 1979 2122 2034 quo
2175 1972 2420 2034 tempore
2475 1966 2724 2021 ascendit
2762 1964 2996 2022 Satanas
3046 1967 3302 2022 audiendi
3364 1967 3598 2038 cupidus

2011 2070 2134 2126 quae
2163 2055 2216 2109 in
2245 2056 2387 2111 caelo
2434 2055 2778 2112 dicebantur.
2831 2056 3044 2114 idcirco
3095 2057 3300 2114 credite
3341 2075 3430 2113 me
3475 2073 3600 2115 esse

2012 2146 2248 2218 legatum
2282 2166 2295 2204 :
2333 2149 2436 2204 hoc
2473 2148 2620 2203 enim
2648 2159 2776 2205 ante
2802 2165 2890 2205 me
2912 2166 3074 2205 nemo
3096 2150 3304 2206 docuit.
3339 2169 3357 2202 ι
3392 2149 3598 2207 Deinde

2011 2239 2264 2294 meminit
2319 2254 2512 2295 rursus
2589 2241 2887 2297 creationis
2961 2242 3197 2310 Adami,
3258 2253 3314 2299 et
3365 2245 3597 2312 originis

2009 2326 2200 2391 Belial,
2237 2334 2405 2398 atque
2435 2329 2557 2397 ejus
2599 2331 2991 2398 contumaciae;
3041 2333 3336 2388 Abrahami
3386 2335 3514 2390 item
3542 2347 3599 2392 et

2008 2418 2250 2476 historia:
2279 2418 2424 2475 Loti.
2445 2419 2585 2476 Tum
2615 2423 2944 2492 quibusdam
2965 2425 3190 2482 insertis
3226 2427 3469 2484 exterius
3495 2428 3596 2484 de-

2007 2511 2280 2582 sumptis,
2332 2522 2498 2582 atque
2567 2513 2670 2568 hac
2729 2516 3042 2570 narratione
3096 2517 3421 2576 existimans
3486 2520 3593 2576 sibi

2007 2603 2167 2660 fidem
2229 2604 2556 2662 conciliasse
2631 2607 2990 2677 reprehendit
3075 2609 3202 2668 illos
3264 2621 3452 2682 postea
3497 2612 3594 2684 qui

2005 2696 2217 2752 socium
2250 2695 2361 2752 Deo
2392 2695 2543 2752 dant.
2601 2697 2777 2769 Atque
2837 2701 2915 2755 ita
2965 2699 3128 2759 ﬁnem
3191 2717 3344 2760 vana:
3394 2703 3595 2761 fabula:

2005 2785 2260 2860 imponit.

2497 3056 2677 3114 CONF
2687 3058 2939 3116 UTATIO
2973 3060 3091 3118 XV.

2071 3149 2165 3204 72.
2203 3149 2409 3218 Quinta
2434 3151 2646 3206 decima
2680 3151 2860 3208 fabula
2898 3154 3218 3211 inscribitur
3252 3157 3386 3226 Apes
3417 3199 3432 3224 ,
3469 3170 3590 3214 me-

1999 3251 2287 3314 moratque
2313 3258 2505 3314 reapse
2556 3259 2685 3314 apes
2735 3246 2881 3301 circa
2913 3246 3108 3303 fabulae
3164 3250 3431 3315 medium,
3456 3251 3588 3321 quia

1997 3350 2179 3390 ceram
2214 3345 2271 3393 et
2322 3337 2430 3392 mel
2455 3336 2726 3393 fabricant
2759 3357 2774 3396 :
2809 3339 2961 3396 addit
2994 3349 3175 3397 tamen
3224 3354 3592 3399 commentum

1998 3442 2184 3494 suum,
2218 3441 2413 3500 nempe
2444 3430 2589 3500 quod
2619 3445 2649 3485 a
2682 3431 2793 3486 Deo
2823 3432 2936 3488 luec
2961 3433 3066 3489 sibi
3104 3435 3300 3490 tradita
3333 3434 3580 3492 fuerunt.

1995 3519 2064 3576 Et
2099 3521 2346 3576 delibare
2377 3521 2594 3578 videtur
2638 3523 2732 3578 Dei
2785 3524 2842 3579 in
2890 3527 3128 3582 creando
3183 3528 3504 3597 potentiam,
3536 3538 3594 3584 et

1994 3613 2146 3682 quod
2179 3611 2326 3670 Deus
2341 3614 2591 3684 jumenta
2623 3615 2836 3684 fecerit,
2863 3626 3028 3689 atque
3073 3619 3258 3676 omnia
3298 3620 3595 3691 regatzju-

1995 3715 2188 3777 ratque
2261 3723 2522 3776 magnum
2587 3707 2980 3779 jusjurandum
3028 3726 3127 3784 per
3201 3709 3296 3766 Dei
3367 3727 3591 3779 nomen,

1995 3798 2141 3870 quod
2174 3813 2364 3870 prunas
2389 3799 2544 3854 luent
2571 3800 2889 3872 quicunque
2920 3803 3090 3858 Deum
3141 3803 3346 3859 habere
3403 3805 3593 3860 dicunt

1995 3888 2138 3944 tilias
2187 3888 2432 3959 angelos.
2477 3889 2699 3946 Plenam
2754 3900 2943 3947 autem
3006 3892 3377 3962 praedictionis
3427 3893 3591 3962 hujus

1994 3981 2418 4036 declarationem
2457 3980 2510 4035 in
2542 3980 2914 4053 subsequente
2940 3981 3124 4039 fabula
3186 3999 3297 4040 non
3329 3983 3450 4039 sine
3473 3993 3591 4038 stu-

1992 4087 2124 4142 pore
2156 4070 2429 4126 videbitis.
2463 4069 2654 4128 Denuo
2697 4071 2946 4128 carnium
2972 4087 3130 4129 esum
3183 4080 3455 4128 memorat
3497 4071 3590 4126 di-

1992 4178 2174 4220 cens:
2210 4182 2230 4218 ι
2267 4159 2450 4219 Nolite
2505 4163 2690 4219 dicere
2737 4165 2838 4220 hoc
2869 4180 2991 4222 esse
3049 4180 3398 4230 concessum,
3450 4164 3585 4229 illud

1992 4269 2121 4310 vero
2160 4253 2522 4325 prohibitum,
2572 4270 2640 4312 ne
2675 4254 3056 4327 blasphemum
3117 4258 3380 4311 adversus
3418 4255 3586 4310 Deum

1991 4347 2334 4402 mendacium
2359 4346 2651 4418 proferatis
2683 4367 2697 4405 :
2739 4367 2757 4401 ι
2791 4349 3185 4420 blasphemiam
3215 4347 3468 4403 videlicet
3493 4364 3588 4419 ap-

1991 4440 2200 4511 pellans
2231 4451 2395 4510 atque
2439 4441 2788 4498 mendacium
2826 4443 2994 4512 legem
3052 4442 3183 4507 Dei;
3228 4441 3588 4509 honaturque

1626 4503 1889 4572 παραινεί

2000 4503 2048 4588 ut
2093 4533 2464 4588 Abrahamqu
2529 4535 2692 4589 unius
2755 4533 2848 4588 Dei
2899 4535 3221 4590 credulitate
3281 4533 3580 4588 imitentur.

1991 4626 2194 4679 Statuit
2229 4626 2398 4691 enim,
2442 4627 2640 4696 inquit,
2671 4625 2966 4683 Sabbatum
3018 4643 3185 4698 super
3210 4626 3490 4683 discordes
3518 4624 3587 4679 de

1985 4729 2074 4770 co.
2090 4715 2252 4785 Atqui
2270 4716 2667 4772 sabbatismum
2686 4719 3030 4774 Abrahamus
3059 4719 3348 4793 ignoravit.
3385 4715 3588 4784 Quam-

1986 4807 2177 4862 obrem
2207 4824 2274 4863 ex
2308 4809 2411 4866 hoc
2451 4809 2709 4883 conjicite
2744 4813 2890 4882 quod
2928 4813 3091 4868 etiam
3121 4811 3462 4866 sabbatizare
3489 4826 3584 4863 vo-

1990 4899 2186 4956 luisset
2235 4901 2534 4969 barbaros;
2593 4903 2687 4960 sed
2749 4919 2876 4960 cum
2929 4904 2979 4960 ei
3032 4903 3267 4959 fortasse
3327 4901 3580 4960 suadenti

1991 5009 2100 5048 non
2155 4995 2581 5063 auscultaretur,
2628 4996 2762 5051 nihil
2805 4997 2953 5053 circa
3004 4997 3135 5052 illud
3195 5011 3390 5053 ausum
3459 5010 3581 5052 esse

1991 5087 2348 5145 constituere.
2385 5092 2561 5160 Atque
2592 5090 2646 5145 in
2677 5090 2764 5146 his
2790 5090 2910 5161 ejus
2934 5091 3120 5148 fabula
3152 5093 3400 5163 explicit.

2481 5357 2927 5418 CONFUTATIO
2952 5358 3094 5416 XVI.

2068 5446 2160 5504 73.
2197 5448 2360 5506 Sexta
2394 5450 2602 5507 decima
2633 5470 2663 5508 a
2695 5453 3012 5509 Mobamede
3041 5451 3222 5508 fabula
3259 5449 3580 5508 mscribitur

2023 5670 2035 5682 ο
2057 5603 2170 5675 (18)
2193 5607 2536 5683 Christianos
2575 5612 2845 5683 designat,
2871 5611 2966 5681 qui
2997 5610 3106 5683 Deo
3133 5609 3280 5665 Patri
3309 5610 3446 5670 dant
3477 5625 3574 5670 so-

1987 5680 2252 5751 ciumvel
2291 5686 2470 5751 potius
2495 5680 3014 5738 consubstantialem
3043 5681 3268 5743 Filium.

2066 5746 2182 5819 (i9)
2212 5746 2336 5806 Sui'.
2371 5751 2513 5812 xw.
2548 5753 2640 5819 ss,
2673 5753 2765 5814 56.
2801 5752 2892 5817 57,
2927 5752 3052 5818 “6,
3089 5754 3212 5808 isi.

2053 5817 2169 5893 (20)
2204 5819 2331 5880 Sur.
2362 5822 2523 5892 XVII,
2550 5824 2607 5892 2,
2629 5817 2728 5893 l5,
2767 5823 2851 5892 16,
2885 5823 2976 5879 40.
