4098 6316
502 411 610 475 763

1770 405 2065 470 NICETzE
2092 403 2496 467 ΒῩΖΑΝΤΙΝΙ

3649 393 3758 457 ’764

501 520 638 574 Filii
685 516 927 573 lsi-aclis.
969 514 1216 573 Declarat
1255 519 1463 580 autem,
1491 512 1586 580 qui
1625 511 1765 567 hanc
1812 511 2070 575 scripsit:

2190 509 2584 579 ἐπιγέγραπται
2621 507 2718 571 Εἷς
2747 503 2889 569 τοὺς
2943 500 3116 568 υἱοὺς
3151 499 3400 570 Ἰσραήλ
3427 497 3538 571 (21)
3561 517 3576 532 ⁶
3617 500 3756 556 ἀπο·

499 607 613 664 Nos
651 606 902 662 dedimus
930 604 1100 677 Moysi
1130 603 1493 673 Scripturam.
1524 601 1633 658 Nos
1653 604 1779 659 item
1804 602 2078 672 judicavi-

503 716 628 756 mus
655 701 720 755 de
745 699 869 755 filiis
893 697 1108 755 lsraelis
1131 699 1186 754 in
1212 696 1514 767 Scriptura,
1541 696 1657 751 fore
1681 698 1875 753 iterum
1903 696 2074 754 vasti—

495 803 660 852 tatem
702 791 758 847 in
799 800 940 848 terra
966 833 982 859 ,
1013 806 1380 862 magnumque
1409 805 1695 846 excessum
1729 800 2074 848 eventurum.

494 886 564 941 At
611 885 757 944 enim
805 883 1117 954 cognoscite
1153 898 1220 938 ex
1283 884 1672 952 sequentibus,
1732 897 1933 937 verene
1986 881 2081 938 hic

497 978 838 1047 Scripturam
883 975 1053 1048 Moysi
1098 974 1397 1032 tradiderit.
1438 972 1590 1031 Nam
1617 973 1901 1044 paululum
1951 989 2076 1044 pro-

496 1086 719 1139 gressus
748 1069 823 1128 ita
840 1067 1125 1140 nugaciter
1148 1067 1361 1138 inquit:
1396 1085 1415 1120 ι
1435 1067 1502 1126 Et
1522 1080 1620 1125 nos
1649 1065 1943 1136 unicuique
1964 1065 2079 1119 ho-

499 1161 634 1216 mini
661 1161 729 1219 de
747 1160 888 1216 collo
909 1158 1297 1230 suspendimus
1318 1170 1521 1216 sortem
1548 1158 1741 1228 ipsius.
1759 1158 2080 1229 Continget-

497 1270 609 1324 que
635 1263 697 1309 ut
723 1254 778 1309 in
806 1254 896 1309 die
921 1252 1342 1310 resurrectionis
1364 1251 1479 1307 haec
1505 1252 1578 1308 illi
1606 1242 1766 1308 obvia
1807 1252 2082 1323 scriptura

497 1347 592 1403 fiat
623 1364 637 1402 :
675 1345 816 1416 Lege
842 1347 1168 1416 scripturam
1195 1353 1366 1400 tuam.
1395 1363 1414 1396 ι
1454 1343 1565 1400 Hoc
1591 1352 1772 1402 autem
1802 1358 1940 1414 pene
1965 1360 2080 1399 om-

499 1437 662 1491 nibus
677 1435 1015 1505 exploratum
1038 1444 1140 1501 est,
1159 1436 1302 1504 quod
1329 1434 1495 1490 sortis
1509 1435 1784 1490 decretum
1800 1450 1863 1490 ac
1885 1434 2078 1500 fatum,

499 1544 608 1585 non
647 1527 822 1583 solum
864 1527 1008 1581 haud
1035 1526 1210 1581 suasit
1255 1524 1491 1594 Moyses,
1529 1525 1624 1580 sed
1661 1541 1732 1580 ne
1765 1525 1818 1580 id
1857 1524 2078 1595 quidem

503 1634 810 1673 memorare
836 1619 1030 1673 voluit.
1077 1616 1134 1672 Si
1166 1619 1330 1687 igitur
1357 1619 1422 1672 ad
1459 1616 1551 1672 Dei
1583 1618 1808 1683 gloriam
1849 1618 2081 1687 pertinet

501 1711 671 1766 fatum
695 1710 998 1777 admittere,
1027 1711 1101 1764 nil
1132 1710 1330 1764 mirum
1358 1711 1500 1780 quod
1520 1719 1703 1780 postea
1737 1710 1935 1764 tradita
1960 1708 2079 1764 Mo-

502 1803 717 1858 hamedi
758 1802 889 1868 sint,
923 1817 1045 1871 qua:
1094 1801 1222 1856 olim
1277 1802 1379 1856 sub
1421 1801 1638 1856 silentio
1687 1800 1930 1857 fuerunt.
1980 1799 2078 1854 Sin

2177 599 2429 670 φαίνεται
2465 597 2522 651 δὲ
2555 599 2583 654 ὁ
2607 596 2763 652 τοῦτο
2793 594 3135 666 συγγράψας,
3175 593 3256 646 ὅτι
3297 590 3490 664 Ἡμεῖς
3519 591 3761 648 δεδώκα-

2180 708 2283 762 μεν
2309 691 2390 760 τῷ
2427 691 2652 744 Maniliae!
2677 689 2777 760 τὴν
2811 686 3053 759 Γραφὴν,
3095 685 3190 739 καὶ
3221 685 3305 741 ὅτι
3349 686 3510 754 ἡμεῖς
3541 683 3764 755 ἔκρινα-

2179 798 2280 853 μεν
2302 781 2382 846 τίς
2407 781 2532 844 τοὺς
2560 778 2708 847 υἱοὺς
2749 776 2966 848 Ἰσραὴλ
2997 777 3054 828 ὲν
3082 778 3152 846 ,τῇ
3169 775 3361 845 Γραφῇ
3389 772 3449 828 τδ
3477 773 3765 841 ἀφανίζειν

2177 873 2326 944 ivra
2366 875 2436 944 γῇ
2463 871 2735 944 δεύτερον.
2767 871 2863 926 καὶ
2890 868 3187 940 ἐξαρθῆναι
3217 865 3449 937 ἔπαρσιν
3483 866 3732 938 μεγάλην
3751 886 3767 900 ·

2180 967 2435 1020 σκοπεῖτε
2461 964 2519 1020 δὲ
2566 966 2629 1019 ὲκ
2657 964 2768 1018 τῶν
2797 963 2944 1034 ἑξῆς,
2977 962 3026 1014 si
3079 957 3298 1030 ἀληθῶς
3343 949 3502 1023 οὗτός
3535 958 3686 1012 ἐστιν
3740 959 3770 1011 ό

2177 1056 2259 1127 τῷ
2285 1057 2512 1111 Mnibus!
2540 1057 2637 1126 τὴν
2669 1055 2894 1126 Γραφὴν
2922 1052 3172 1116 δεδωκώς
3193 1068 3209 1082 ο
3240 1049 3437 1122 μικρὸν
3472 1049 3584 1120 γὰρ
3624 1066 3765 1118 προ-

2180 1149 2284 1214 σάς
2307 1146 2566 1219 φλυαρῶν
2599 1163 2740 1218 φησι
2761 1162 2776 1177 '
2818 1165 2841 1198 ι
2879 1146 2990 1200 Kal
3013 1145 3175 1215 ἡμεῖς
3207 1142 3442 1196 ἑκάστου
3471 1140 3767 1212 ἀνθρώπου

2179 1237 2556 1308 ἑκολλήσαμεν
2591 1235 2743 1307 αὐτῷ
2767 1234 2868 1307 τὴν
2899 1237 3095 1306 μοῖραν
3124 1232 3292 1287 αὐτοῦ
3325 1229 3405 1294 εἰς
3432 1230 3525 1286 τὸν
3552 1233 3768 1303 τράχη-

2178 1327 2271 1384 λον
2291 1327 2456 1382 αὐτοῦ
2481 1343 2494 1357 ·
2521 1326 2616 1381 καὶ
2643 1325 2884 1382 ἐκϐαίνει
2919 1323 3068 1396 αὐτῷ
3097 1323 3156 1377 ὲν
3180 1325 3248 1398 τῇ
3288 1323 3475 1396 ἡμέρᾳ
3503 1322 3606 1394 τῆς
3633 1324 3768 1379 ἀνα-

2181 1421 2423 1482 στάσεως
2453 1419 2640 1491 γραφὴ
2689 1418 2986 1476 ὑπαντῶσα
3013 1416 3162 1489 αὑτῷ
3197 1416 3370 1489 αὕτη⁸
3431 1415 3769 1484 ’Δνάγνωσον

2178 1513 2276 1581 τὴν
2303 1513 2521 1584 γραφήν
2550 1528 2671 1565 σου.
2718 1531 2739 1566 ι
2770 1511 2943 1564 Τοῦτο
2970 1509 3027 1564 δὲ
3057 1511 3242 1581 σχεδὸν
3267 1508 3432 1564 πᾶσίν
3457 1509 3574 1563 ἔστι
3603 1525 3766 1579 φανε-

2184 1605 2304 1676 ρὺν,
2337 1606 2417 1658 ὃτι
2450 1603 2856 1678 μοιρογραφίαν
2885 1603 2978 1655 καὶ
2998 1601 3364 1680 εἱμαρμένην,
3387 1600 3449 1654 οὐ
3487 1600 3651 1668 μόνον
3667 1603 3767 1657 οὐκ

2179 1699 2469 1766 ἐνουθέτει,
2495 1697 2607 1751 ἀλλ’
2629 1697 2756 1751 οὔτε
2793 1693 3168 1768 μνημονεῦσαι
3191 1695 3455 1764 ἠνέσχετο
3485 1691 3720 1760 Μωῦσῆς
3742 1706 3756 1719 ·

2177 1788 2372 1846 οὐκοῦν
2401 1792 2450 1843 ei
2503 1790 2600 1864 μὲν
2626 1789 2764 1861 πρὸς
2812 1789 2951 1843 Θεοῦ
2985 1787 3145 1853 δόξαν
3184 1783 3451 1840 συντείνει
3482 1783 3541 1837 τὸ
3571 1780 3757 1837 ἀποδέ-

501 1907 633 1947 vero
653 1891 822 1947 Deum
865 1891 992 1945 mali
1021 1906 1174 1962 aeque
1204 1906 1268 1946 ac
1298 1892 1424 1947 boui
1454 1907 1678 1946 causam
1710 1891 1821 1946 vult
1853 1893 2081 1947 demon-

2190 1882 2380 1949 ξασθαι
2414 1854 2781 1956 εἱμαρμένην,
2837 1881 2991 1936 οὐδὲν
3017 1879 3169 1945 ξένον
3202 1879 3252 1936 εἰ
3277 1875 3505 1948 ὕστερον
3538 1876 3608 1933 τά
3647 1877 3761 1929 τότε

500 1995 696 2049 strare,
751 1992 880 2040 tunc
909 1983 1112 2040 frustra
1145 1983 1309 2040 fuisse
1339 1983 1486 2054 leges
1511 1985 1688 2047 datas.
1716 1994 1771 2054 et
1796 1999 2085 2054 pinnarum

501 2074 682 2130 minas
731 2075 992 2141 intentas,
1024 2076 1293 2147 coarguit.
1340 2074 1457 2132 Hoc
1485 2088 1668 2132 autem
1698 2086 1782 2132 est
1824 2075 2082 2146 impossi-

501 2165 632 2220 bile.
658 2166 803 2238 Ergo
825 2170 1140 2224 necessario
1166 2169 1426 2224 mentitur
1445 2169 1696 2239 scriptor,
1721 2185 1914 2239 nempe
1938 2168 2085 2240 quod

503 2258 621 2315 haec
653 2258 834 2329 inepta
868 2257 1049 2314 fabula
1078 2269 1355 2315 auctorem
1385 2260 1582 2314 habeat
1611 2261 1764 2316 illum
1788 2261 1882 2332 qui
1911 2260 2084 2333 Moysi

502 2348 678 2416 legem
711 2350 878 2406 dedit.
909 2350 1172 2408 Eumdem
1214 2351 1417 2407 habent
1456 2367 1680 2423 scopum
1706 2353 1848 2423 apud
1881 2351 2083 2422 ipsum,

501 2455 628 2511 qua:
653 2452 977 2511 sequuntur.
997 2441 1299 2497 Dicitenim
1332 2459 1347 2495 τ
1392 2442 1566 2496 «Cum
1591 2443 1810 2511 aliquod
1836 2458 2084 2511 pessum-

504 2532 639 2586 dare
666 2531 923 2603 oppidum
955 2533 1230 2595 volumus,
1256 2531 1516 2598 iubemus
1552 2532 1760 2586 incolas
1788 2533 1906 2600 ejus
1935 2533 2088 2588 luxu-

503 2622 651 2680 riose
681 2636 882 2692 agere;
927 2631 1090 2692 atque
1131 2622 1200 2676 ita
1229 2622 1374 2690 justa
1427 2620 1530 2676 fuit
1559 2621 1724 2698 de_iis
1771 2623 2036 2677 sententia
2069 2641 2084 2678 :

503 2706 844 2769 Eiitcrminio
871 2715 993 2768 illos
1020 2713 1542 2768 exterminavimus:
1577 2726 1631 2768 et
1659 2715 1904 2784 profecto
1926 2729 2089 2784 gene~

502 2805 746 2858 rationes
790 2811 914 2871 post
942 2802 1056 2856 Noe
1105 2801 1306 2856 multas
1329 2802 1686 2873 perdidimus.
1723 2822 1742 2856 ι
1768 2804 1932 2874 Atqui
1973 2803 2089 2859 haec

2187 1973 2535 2046 σιωπηθέντα
2555 1975 2704 2046 αὐτῷ
2733 1973 2978 2028 δέδοται·
3007 1975 3057 2026 εἰ
3080 1973 3138 2027 δὲ
3171 1970 3358 2046 κακῶν
3383 1969 3547 2025 αὑτὸν
3575 1965 3767 2033 αἴτιον,

2185 2066 2376 2139 ὥσπερ
2399 2067 2463 2138 δὴ
2488 2067 2584 2123 καὶ
2610 2067 2722 2126 τῶν
2751 2066 2932 2124 καλῶν
2962 2063 3277 2135 ἀποφαίνει,
3312 2064 3408 2123 καὶ
3457 2064 3522 2116 ἐκ
3571 2061 3769 2116 τούτου

2185 2158 2280 2213 ἐπὶ
2313 2159 2528 2230 ματαίῳ
2543 2159 2643 2223 τάς
2664 2157 2991 2231 νομοθεσίας
3020 2157 3204 2211 αὐτῶν
3228 2154 3529 2220 τεθεῖσθαι,
3559 2154 3772 2218 καὶτὰς

2187 2252 2438 2315 κολάσεις
2464 2252 2759 2320 ἀπειλῆσαι
2787 2251 3000 2322 ἐλέγχει
3021 2265 3038 2281 ·
3063 2249 3222 2304 τοῦτο
3244 2249 3300 2303 δὲ
3326 2246 3587 2303 ἀδύνατον
3609 2264 3621 2276 ·
3647 2242 3773 2316 ψαύω

2185 2343 2371 2397 δεσθαι
2398 2341 2626 2408 ,πάντως
2657 2344 2869 2413 ἀνάγκη
2908 2341 3000 2394 τὸν
3033 2340 3341 2412 γράψαντα,
3378 2340 3463 2393 ὅτι
3493 2338 3554 2391 τὸ
3580 2337 3769 2406 ληρῶ-

2186 2435 2274 2498 δες
2299 2433 2457 2487 τοῦτο
2490 2433 2755 2505 μυθάριον
2784 2433 2876 2486 τοῦ
2925 2433 3218 2498 δεδωκότος
3244 2433 3454 2503 Μωῦσῇ
3482 2431 3576 2484 τὸν
3603 2431 3769 2501 νόμον

2187 2529 2305 2581 ἐστί
2332 2543 2345 2557 ·
2377 2528 2470 2581 τοῦ
2500 2527 2665 2594 αὑτοῦ
2691 2528 2746 2580 δὲ
2777 2526 2980 2581 σκοποῦ
3003 2526 3152 2597 αὐτῷ
3185 2525 3281 2579 καὶ
3309 2529 3375 2580 τὰ
3398 2526 3526 2595 ἑξῆς
3554 2523 3736 2595 ἔχεται
3755 2539 3772 2555 °

2189 2621 2324 2691 φησὶ
2350 2619 2480 2691 γάρ’
2524 2622 2674 2673 ‹“Οτ’
2700 2620 2767 2673 ἂν
2799 2619 3064 2689 ἠθέλομεν
3098 2619 3364 2672 ἀπολέσαι
3398 2619 3620 2689 χωρίον,
3647 2619 3776 2671 ὲκε-

2188 2710 2418 2781 λεύομεν
2469 2713 2598 2774 τοὺς
2646 2709 2887 2772 ἑστῶτας
2914 2710 2972 2763 ὲν
3023 2708 3192 2778 αὐτῷ,
3230 2711 3326 2761 καὶ
3367 2708 3683 2779 ὴσώτευσαν
3715 2713 3776 2763 ἐν

2188 2801 2339 2872 αὐτῷ
2363 2819 2379 2835 ο
2410 2803 2507 2856 καὶ
2537 2799 2830 2872 ἐδικαιώθη
2855 2799 3043 2854 ἐπάνω
3095 2799 3260 2852 αὐτοῦ
3279 2798 3449 2867 -λόγος
3470 2813 3487 2830 ·
3527 2801 3621 2852 καὶ
3648 2799 3776 2855 ἐδα-

504 2893 673 2948 verba
729 2892 973 2946 Deumne
1028 2891 1312 2947 hominum
1360 2902 1634 2949 amantem
1669 2908 1737 2950 an
1784 2893 2085 2951 dazmonem

2193 2893 2448 2963 μάσαμεν
2473 2893 2671 2956 αὐτοὺς
2701 2891 2939 2962 δάμασιν
2960 2907 2975 2922 ο
3013 2889 3109 2943 καὶ
3136 2888 3369 2948 πολλοὺς
3409 2886 3775 2956 ἀπωλέσαμεν

503 2999 718 3038 osorem
740 2983 966 3039 decent?
1001 2981 1220 3040 Deusne
1245 2983 1514 3039 luxuriari
1531 2985 1687 3056 jubet
1709 3000 1776 3040 au
1800 2987 2087 3044 diabolus?

2196 2986 2260 3038 ὲκ
2293 2982 2405 3036 τῶν
2453 2983 2659 3052 γενεῶν
2695 2982 2833 3054 μετά
2859 2981 2951 3036 τὸν
2980 2979 3129 3035 Νῶε.
3161 2999 3180 3032 ι
3233 2979 3420 3033 Ταῦτα
3451 2977 3518 3032 τὰ
3551 2976 3781 3047 ῥήματα

503 3075 638 3143 Quis
670 3074 1064 3131 evidentiorem
1103 3077 1343 3148 postulet
1380 3077 1900 3134 demonstrationem
1930 3120 1944 3144 ,
1979 3097 2087 3149 quo

2190 3077 2296 3131 τίνι
2349 3076 2548 3147 μᾶλλον
2575 3074 2875 3147 apportet;
2911 3073 2989 3145 τῷ
3029 3070 3397 3143 φιλανθρώπῳ
3445 3067 3564 3140 Θεῷ
3586 3107 3601 3134 ,
3632 3067 3668 3138 ἦ
3692 3065 3806 3136 τῷ·

503 3169 608 3225 sibi
637 3171 963 3239 persuadeat
994 3177 1167 3226 totum
1199 3169 1540 3228 Mohamedis
1579 3172 1777 3228 librum
1811 3188 1841 3227 a
1876 3173 2081 3229 Satana

2195 3169 2566 3242 μισανθρώπῳ
2615 3168 2867 3240 δαίμονις
2932 3168 3064 3232 Θεὸς
3128 3165 3343 3220 κελεύει
3376 3161 3690 3225 ἀσωτεὺειν,
3743 3159 3779 3229 ἦ

497 3277 628 3322 esse
650 3261 1063 3329 edituleuod
1088 3262 1137 3319 si
1169 3263 1334 3333 aliqui
1354 3263 1568 3320 dicant:
1601 3263 1893 3329 Quomodo
1921 3266 2087 3322 valuit

2190 3263 2435 3324 διάὗολος
2458 3277 2474 3328 ;
2501 3260 2584 3316 ἔτι
2629 3259 2836 3330 ταύτης
2862 3259 3204 3330 σαφεστέραν
3233 3253 3510 3320 ἀπόδειξιν
3553 3253 3638 3315 τίς
3661 3252 3778 3304 ἑπι-

506 3351 742 3408 Satanas
773 3353 1151 3421 generationes
1175 3354 1374 3410 multas
1406 3363 1531 3425 post
1555 3354 1668 3411 Noe
1695 3357 2087 3425 pessumdare?

2190 3355 2345 3428 ζητεί
2371 3354 2464 3408 τοῦ
2496 3353 3027 3425 πεπληροφορῆσθαι
3048 3352 3130 3406 ὅτι
3162 3352 3223 3404 τὸ
3251 3349 3372 3405 ὅλον
3401 3346 3494 3402 τοῦ
3528 3344 3781 3416 Μωάμετ

505 3445 919 3515 respondemus,
949 3445 1095 3516 quod
1123 3446 1333 3502 viribus
1361 3461 1425 3501 ac
1451 3457 1730 3516 potentatu
1763 3449 1918 3517 quasi
1946 3448 2087 3504 divi-

2191 3447 2394 3519 βιϐλίον
2432 3448 2460 3499 ὁ
2493 3446 2740 3507 Σατανᾶς
2773 3444 3083 3510 ὲξέδωκενς
3131 3443 3180 3496 εἰ
3223 3444 3282 3496 δέ
3313 3458 3457 3505 τινες
3491 3437 3554 3504 ἐξ
3598 3437 3781 3491 αὐτῶν

505 3554 600 3601 no,
645 3553 1033 3608 nequaquam;
1088 3536 1281 3593 fraude
1319 3548 1503 3592 autem
1556 3546 1610 3592 et
1639 3539 1943 3594 tentatione
1980 3554 2087 3607 quo

2190 3542 2398 3593 εἴποιεν
2420 3555 2435 3571 ’
2475 3539 2585 3592 Καὶ
2615 3538 2736 3601 πῶς
2765 3536 2952 3608 ίσχυσε
2985 3536 3230 3599 Σατανᾶς
3258 3533 3486 3596 πολλοὺς
3519 3530 3783 3588 ἀπολέσαι

509 3631 617 3687 illae
656 3631 826 3687 Deum
870 3631 937 3685 ad
975 3629 1313 3686 iracundiam
1347 3630 1593 3695 ciercnt,
1638 3632 1827 3702 utique
1867 3632 2037 3686 valuit
2071 3648 2085 3698 ;

2194 3635 2257 3691 ὲκ
2285 3633 2393 3686 τῶν
2425 3632 2628 3700 γενεῶν
2677 3631 2816 3702 μετὰ
2845 3632 2936 3686 τὸν
2987 3631 3134 3698 Νῶε,
3192 3629 3424 3702 ἐροῦμεν
3454 3629 3529 3693 ὡς
3574 3627 3633 3692 ἐξ
3658 3628 3784 3680 ὲπι-

505 3720 653 3792 quod
671 3731 726 3775 et
750 3735 894 3778 nunc
922 3735 1178 3790 peragere
1208 3729 1386 3790 potest
1413 3738 1426 3775 :
1462 3722 1767 3789 meritoque
1797 3721 1892 3788 ita,
1913 3738 2087 3792 quan-

2194 3721 2459 3793 κρατείας
2491 3722 2587 3774 καὶ
2613 3721 2934 3784 δεσποτείας
2981 3719 3168 3790 θεῖκῆς
3214 3720 3323 3772 οὐδ’
3367 3719 3545 3782 ὃλως,’
3602 3719 3680 3780 ὡς
3725 3716 3787 3783 ἐξ

506 3829 672 3882 quam
703 3829 830 3868 casu
874 3812 1119 3877 fortuito,
1148 3813 1413 3870 veraciter
1441 3814 1572 3869 dicit
1597 3814 1873 3870 diabolum
1904 3815 2085 3868 homi—

2194 3816 2412 3887 ἀπάτης
2429 3815 2486 3868 δὲ
2511 3815 2605 3869 καὶ
2635 3814 2729 3868 τοῦ
2758 3813 3005 3882 ἐρεθίσαι
3034 3815 3234 3875 αὐτοὺς
3265 3812 3343 3876 είς
3371 3811 3432 3864 τὺ
3455 3811 3788 3881 παροργίσαι

507 3921 609 3960 nes
641 3904 1023 3975 pessumdare.

2193 3908 2285 3960 τδν
2313 3908 2466 3972 Θεὸν,
2499 3910 2685 3977 ἴσχυσε
2706 3923 2719 3936 '
2756 3906 2875 3959 καθ’
2902 3905 2938 3960 ἃ
2965 3909 3056 3960 καὶ
3105 3906 3202 3958 νῦν
3235 3904 3393 3958 τοῦτο
3421 3907 3592 3958 ποιεῖν
3621 3904 3787 3959 δύνα-

505 4014 627 4052 ται·
660 3998 754 4052 καὶ
784 3998 1010 4061 εἰκότως
1067 3998 1126 4052 ἐν
1166 3998 1342 4071 τούτῳ
1394 4000 1459 4053 ὲκ
1524 3999 1620 4053 τοῦ
1669 3999 1979 4069 αὐτομάτου
2050 3997 2341 4070 ἀληθεύσει
2399 3999 2595 4068 λέγων,
2657 4000 2740 4052 ὅτι
2795 3998 2961 4064 αὐτὸς
3021 3997 3284 4052 ἀπόλλυσι
3347 3999 3473 4061 τοὺς
3561 3997 3779 4070 ἀνθρὼ-

511 4110 673 4155 πους.

585 4186 672 4240 74.
698 4183 904 4252 Quodsi
946 4186 1186 4241 nondum
1210 4185 1298 4241 his
1318 4185 1740 4241 refutationibus
1767 4185 2087 4255 persuaden-

2277 4181 2366 4236 (ιδ’.
2396 4181 2458 4233 Ei
2487 4177 2543 4232 δὲ
2572 4178 2646 4250 μὴ
2672 4177 2943 4232 πείθοιντο
2964 4179 3028 4232 ὲκ
3055 4177 3165 4231 τῶν
3198 4179 3439 4248 ὶλέγχων
3467 4178 3690 4244 τούτων,
3723 4177 3788 4231 ἐκ

513 4285 620 4342 tur,
649 4277 999 4346 sequentibus
1012 4278 1202 4332 saltem
1225 4279 1463 4333 credent.
1491 4276 1702 4332 Etenim
1731 4277 2087 4332 narrationem

2201 4274 2309 4328 τῶν
2358 4271 2555 4340 ἑφεξῆς
2587 4269 2977 4324 πιστεύσουσι·
3013 4271 3155 4325 κατά
3202 4271 3487 4342 συνέχειαν
3525 4271 3636 4340 γὰρ
3688 4269 3789 4340 τῆς

511 4367 583 4422 de
633 4365 747 4422 Noe
775 4369 1123 4434 continuans,
1165 4384 1398 4439 pergens
1435 4385 1599 4440 porro
1639 4370 1917 4426 connectit
1966 4370 2087 4426 illud

2200 4372 2330 4443 περὶ
2358 4369 2482 4424 Νῶε
2517 4367 2832 4439 ἐξηγήσεως
2862 4365 3066 4435 προῖὼν
3100 4368 3457 4420 ὲπισυνάπτει
3506 4366 3603 4420 καὶ
3631 4363 3788 4419 τοῦτο

512 4454 675 4510 etiam
691 4469 722 4508 a
743 4454 1140 4526 Moysedictum
1162 4457 1229 4513 de
1244 4456 1367 4513 filiis
1391 4457 1481 4512 Dei
1497 4459 1775 4525 etliliabus
1794 4459 2099 4528 hominum,

2201 4463 2331 4534 περὶ
2356 4461 2466 4515 τῶν
2492 4459 2800 4530 εἰρημένων
2839 4459 3065 4514 Μωῦσεῖ
3091 4458 3226 4512 υἱῶν
3255 4458 3391 4513 Θεοῦ
3423 4458 3516 4512 καὶ
3547 4456 3784 4527 θυγατέ-

514 4553 679 4615 atque
716 4548 792 4601 ait
818 4563 831 4602 :
865 4546 962 4600 «Et
984 4548 1146 4618 elegit
1176 4549 1333 4604 vobis
1358 4549 1502 4606 Deus
1544 4558 1729 4607 noster
1758 4550 1918 4616 filios,
1949 4566 2087 4606 sum-

2205 4571 2314 4625 ρων
2337 4554 2445 4607 τῶν
2473 4550 2800 4623 ἀνθρώπων,
2843 4549 2987 4604 οὕτω
3020 4549 3197 4620 λέγων
3227 4567 3240 4580 ·
3285 4570 3303 4604 ‹
3333 4551 3443 4605 Καὶ
3494 4548 3795 4614 ἐπελέξατο

514 4640 732 4708 psitque
761 4654 827 4694 ex
858 4640 1063 4711 angelis
1103 4639 1362 4696 feminas.
1388 4640 1498 4698 Vos
1520 4649 1702 4700 autem
1732 4643 1912 4699 dicitis
1935 4659 2100 4712 gran-

514 4730 618 4786 des
639 4746 979 4786 sermones.»
1011 4731 1204 4787 Videte
1239 4733 1572 4804 impietatem
1599 4776 1614 4801 ,
1657 4735 1836 4790 videte
1884 4735 2098 4792 barbari

458 4849 465 4854 -
517 4821 759 4878 hominis
786 4823 1059 4878 insaniam
1085 4825 1102 4880 ι
1130 4824 1266 4892 Quia
1292 4826 1436 4881 enim
1465 4828 1672 4883 dictum
1696 4827 1847 4884 fuita
1874 4828 2057 4900 Moyse
2083 4847 2100 4883 :

527 4913 770 4969 Videntes
816 4914 920 4984 ﬁlii
973 4914 1072 4970 Dei
1104 4917 1250 4985 ﬁlias
1284 4917 1556 4973 hominum
1584 4919 1721 4988 quod
1754 4919 1991 4989 pulchra
2017 4937 2102 4974 es-

515 5012 651 5067 sent,
697 5018 1006 5073 acceperunt
1047 5009 1152 5062 sibi
1179 5026 1365 5065 umores
1397 5012 1448 5042 "
1472 5029 1487 5075 ;
1515 5013 1734 5083 etquod
1765 5028 1830 5068 ex
1873 5013 1940 5070 iis
1966 5029 2103 5083 quos

518 5098 625 5152 illm
671 5111 1015 5168 pepererunt,
1057 5110 1214 5158 erant
1255 5103 1500 5176 gigantes
1535 5120 1551 5171 ;
1607 5104 1781 5161 nescit
1830 5105 2097 5172 videlicet,

518 5203 681 5256 quem
711 5191 881 5245 Deum
916 5192 1126 5264 Moyses
1167 5198 1416 5264 appellet,
1451 5213 1644 5266 nempe
1678 5199 1937 5253 Enosum.
1971 5197 2104 5263 Qui-

521 5293 648 5333 nam
675 5295 803 5335 vero
836 5282 943 5336 sint
969 5283 1134 5354 hujus
1161 5286 1252 5340 filii
1280 5288 1559 5358 ignorans,
1585 5300 1702 5359 post
1730 5297 1938 5343 tantum
1968 5305 2104 5359 pra:-

525 5371 831 5426 cedentium
867 5390 1184 5432 sermonum
1212 5380 1477 5444 laborem,
1511 5383 1564 5435 in
1585 5383 1836 5451 praesenti
1884 5382 2104 5436 demum

527 5462 766 5533 capitulo
798 5465 1052 5522 universa
1083 5468 1203 5539 ejus
1233 5484 1357 5539 spes
1389 5470 1674 5528 manifeste
1699 5473 1926 5528 corruit.
1965 5472 2098 5527 Nam

593 5643 641 5675 "
673 5643 808 5700 Gen.
842 5649 994 5714 ",2.

605 5784 716 5852 (ει)
759 5787 1084 5858 Quanquam
1138 5791 1296 5859 vulgo
1350 5792 1666 5847 inscribitur
1715 5793 1944 5850 Arabice
1994 5793 2106 5848 Iter

533 5869 888 5926 nocturnum;
920 5869 1152 5915 attamen
1186 5863 1457 5931 nonnulli,
1495 5878 1634 5933 quos
1669 5862 1887 5922 Cra-cus
1916 5865 2100 5936 sequi-

2205 4645 2335 4714 ὑμῖν
2363 4646 2390 4698 ό
2425 4642 2629 4714 Κύριος
2683 4642 2840 4713 ἡμῶν
2868 4641 3056 4703 τέκνα,
3095 4643 3188 4698 καὶ
3237 4642 3535 4696 ἐπελάϐετο
3573 4644 3636 4696 ὲκ
3680 4640 3792 4694 τῶν

2200 4737 2448 4806 ἀγγέλων
2476 4734 2696 4805 θηλείας
2719 4753 2732 4764 ·
2760 4735 2918 4805 ὑμεῖς
2938 4734 2995 4788 δὲ
3027 4734 3220 4804 λέγετε
3233 4735 3425 4804 λόγους
3456 4735 3783 4805 μεγάλουςδ

2212 4832 2406 4902 Ὀρᾶτε
2436 4828 2534 4901 τὴν
2569 4828 2846 4891 ἀσέϐειαν,
2898 4829 3061 4898 ὁρᾶτε
3107 4829 3205 4901 τὴν
3233 4828 3421 4883 ἄνοιαν
3451 4827 3544 4881 τοῦ
3578 4827 3790 4899 βαρϐά-

2206 4926 2334 4997 pou!
2369 4923 2557 4994 ἐπειδὴ
2585 4922 2694 4993 γὰρ
2723 4922 2940 4990 εἴρηται
2980 4921 3058 4992 τῷ
3105 4921 3359 4984 Μωῦσεϊ,
3407 4920 3490 4974 ὅτι
3534 4919 3796 4986 Ἰδόντες

2203 5020 2260 5071 οἱ
2285 5016 2403 5071 υἱοὶ
2454 5014 2563 5070 τοῦ
2595 5014 2744 5069 Θεοῦ
2788 5014 2892 5080 τὰς
2931 5016 3257 5085 θυγατέρας
3309 5012 3427 5067 τῶν
3465 5011 3796 5082 ἀνθρώπων

2209 5105 2297 5159 ὅτι
2328 5104 2511 5159 καλαί
2552 5105 2732 5168 εἰσιν,
2774 5102 2996 5157 ἔλαϐον
3035 5103 3269 5168 ἑαυτοῖς
3316 5103 3650 5172 γυναῖκας·
3700 5103 3794 5154 καὶ

2208 5200 2291 5253 ὅτι
2320 5199 2384 5252 ὲκ
2414 5198 2522 5251 τῶν
2549 5197 2882 5266 τικτομένων
2935 5197 3118 5259 αὐτοῖς
3147 5192 3288 5268 ἦσαν
3321 5199 3367 5249 ol
3399 5197 3675 5265 γίγαντες,
3718 5195 3792 5262 μὴ

2210 5289 2366 5354 εἰδὼς
2397 5290 2520 5344 τίνα
2559 5289 2718 5341 καλεῖ
2743 5289 2876 5342 Θεὸν
2905 5289 3143 5359 Μωῦσῆς
3176 5290 3258 5341 ὅτι
3304 5289 3394 5340 τὸν
3435 5287 3597 5350 Ἐνώς
3622 5303 3634 5314 ·
3690 5283 3784 5337 καὶ

2211 5382 2353 5446 τίνες
2400 5380 2566 5434 αὑτοῦ
2603 5383 2742 5434 εἰσιν
2785 5380 2888 5433 υἱοὶ
2949 5382 3343 5451 ἀμηχανήσας,
3399 5381 3481 5433 ὅτι
3533 5379 3597 5449 δὴ
3653 5378 3791 5449 μετά

2213 5473 2465 5528 τοσοῦτον
2507 5471 2668 5524 πόνον
2692 5470 2801 5524 τῶν
2836 5470 3212 5543 προλαϐόντων
3230 5472 3422 5539 λόγων,
3453 5472 3508 5523 ἐν
3546 5467 3623 5534 τῷ
3652 5482 3782 5530 παρ’

2213 5803 2322 5866 tur,
2351 5794 2740 5863 inscripserunt
2763 5794 2925 5850 etiam
2953 5795 3055 5866 ﬁlii
3087 5795 3168 5852 vel
3201 5797 3430 5866 ﬁliorum
3463 5793 3699 5864 lsraclis,
3725 5802 3786 5851 ut

2209 5864 2510 5922 Maraceius
2533 5868 2772 5923 adnotat.
