4098 6316
295 438 407 513 ’ἱδὸ

1458 434 1898 499 REFUTATIO
1929 432 2410 498 MOHAMEDIS.

3438 426 3552 502 766

301 557 416 608 6m
474 550 752 622 κεφαλαίῳ
779 550 1058 615 διαπίπτει
1104 550 1270 609 αὐτοῦ
1301 553 1453 609 πᾶσα
1477 555 1663 619 ἐλπίς⁸
1694 571 1861 626 φανε-
1892 598 1899 620 γ

2004 549 2149 622 loyse
2182 549 2322 607 ﬁlios
2363 547 2459 606 Dei
2502 547 2817 608 nominante
2840 594 2856 619 ,
2891 548 3198 608 Iohamedl
3224 549 3385 607 cordi
3408 536 3560 618 erat,

311 646 418 717 ρῶς
437 643 530 698 τοῦ
561 644 837 718 Μωῡσέως
894 646 1045 710 υἱοὺς
1068 646 1203 701 Θεοῦ
1224 646 1580 717 ὀνομάζοντος
1603 663 1619 680 ο
1646 646 1796 719 αὐτῷ
1816 646 1873 701 δὲ

303 736 370 809 ἦν
396 740 428 807 ή
452 737 657 809 σπουδὴ
689 737 891 809 μηδένα
917 739 1065 811 αὐτῷ
1090 740 1487 813 παραχωρῆσαι
1515 756 1529 774 ·
1567 740 1662 795 καὶ
1686 738 1876 812 ὥσπερ

300 832 657 893 ἕνθουσιάσας
683 832 1000 903 ἀνταμείόει
1028 834 1155 900 τοὺς
1183 834 1542 907 χαρακτῆρας
1569 827 1679 889 τῶν
1706 853 1878 908 προσ-

300 922 468 978 ώπων
498 922 681 976 καὶτὰ
704 923 819 993 είδη
838 938 852 951 ·
888 925 985 978 καὶ
1016 926 1127 980 τῶν
1185 925 1503 999 θυγατέρων
1533 927 1644 981 τῶν
1669 927 1878 998 ἀνθρὼ-

300 1032 423 1068 πων
456 1015 785 1069 ἀναπλάττει
806 1013 1029 1087 θηλείας
1052 1018 1319 1087 ἀγγέλους
1351 1018 1495 1073 κατά
1514 1019 1608 1073 τὸν
1639 1020 1880 1092 Ἕλληνα

305 1108 476 1180 μῦθον
496 1123 512 1138 ·

449 1200 548 1260 Ιρις
571 1198 614 1246 δ’
635 1197 696 1246 αὖ
729 1195 895 1260 Ἑλένῃ
918 1198 1197 1262 λευκωλένῳ
1226 1199 1425 1262 ἄγγελος
1450 1199 1616 1260 ἦλθεν·
1643 1201 1747 1265 (‘22)

315 1347 436 1402 dini.
457 1346 513 1401 δὲ
544 1344 650 1399 τῶν
672 1344 805 1399 υἱῶν
830 1344 923 1399 τοῦ
950 1345 1086 1400 Θεοῦ
1112 1346 1529 1419 παραλαμδάνει
1568 1349 1698 1411 τοὺς
1731 1348 1879 1413 υἱοὺς

312 1437 420 1494 τῶν
448 1433 747 1504 ἀνθρώπων
770 1450 786 1467 ⁸
843 1435 938 1489 καὶ
964 1433 1108 1489 οὕτω
1158 1435 1229 1490 τά
1266 1435 1389 1489 ἕδνα
1421 1438 1521 1506 τῆς
1551 1437 1718 1491 αὐτοῦ
1760 1438 1883 1491 ἀλο-

312 1527 438 1597 γίας
459 1527 549 1580 καὶ
574 1524 883 1596 δυσφημίας
927 1527 1041 1584 τοῖς
1086 1525 1291 1593 ἀθλίοις
1320 1527 1617 1603 βαρϐάροις
1667 1528 1882 1599 προικί-

346 1635 416 1671 ει.

346 1635 416 1671 ει.

313 1616 345 1682 ζ
379 1710 585 1766 ask-Th
624 1710 681 1763 δὲ
732 1710 947 1764 πάντων
996 1710 1373 1780 ἐλεεινότερον,
1426 1712 1510 1766 ὅτι
1565 1710 1718 1784 παρά
1747 1710 1882 1765 Θεοῦ

305 1806 464 1862 τοῦτο
498 1805 748 1876 γενέσθαι
783 1806 1165 1875 καταγγέλλει.
1195 1826 1213 1859 ι
1254 1806 1575 1872 Ἐπελέξατο
1611 1806 1719 1876 γάρ
1754 1806 1884 1877 ὑμῖν

1976 642 2187 708 nullum
2208 643 2437 700 omnino
2463 642 2633 699 filium
2657 643 2765 699 Deo
2788 644 3089 699 concedere
3120 662 3135 700 :
3172 643 3402 715 ideoque
3433 656 3555 702 tan-

1975 751 2139 807 quam
2175 747 2345 792 mstro
2372 736 2631 805 percitus,
2662 752 3017 807 personarum
3049 736 3253 794 formas
3275 747 3329 793 et
3358 755 3556 809 genera

1976 829 2229 886 immutat
2249 847 2264 897 ;
2282 838 2338 890 et
2360 844 2458 900 pro
2482 828 2696 886 ﬁliabus
2709 830 3017 893 hominum,
3040 829 3303 901 conﬁngit
3324 830 3555 887 feminas

1976 924 2220 995 angelos,
2244 922 2400 995 juxta
2425 922 2670 980 Graecam
2690 922 2932 979 fabulam
2960 941 2977 979 :

2040 1214 2134 1268 Iris
2170 1228 2290 1265 vero
2340 1216 2399 1267 ad
2439 1214 2681 1266 Helenam
2718 1214 2941 1266 candidis
2975 1213 3109 1276 ulnis
3139 1212 3392 1276 proditam
3422 1215 3564 1263 venit

3077 1273 3293 1341 [n‘uncia
3318 1273 3557 1338 (augela).

1981 1357 2137 1414 Filiis
2178 1366 2367 1415 autem,
2392 1356 2488 1412 Dei
2530 1357 2673 1413 ﬁlios
2715 1356 3000 1413 hominum
3035 1356 3340 1413 substituit.
3384 1357 3565 1426 Atque

1981 1448 2056 1504 ita
2086 1449 2245 1519 quasi
2268 1449 2522 1519 sponsale
2542 1449 2789 1506 stultitiae
2816 1449 3151 1519 suggmunus
3190 1450 3408 1509 miseris
3435 1449 3565 1505 bar-

1982 1540 2133 1598 baris
2171 1541 2414 1597 exhibet.

2054 1719 2149 1774 75.
2182 1715 2339 1785 Quod
2376 1732 2506 1773 vero
2542 1731 2653 1787 pra:
2695 1716 2906 1772 ca-teris
2947 1715 3340 1786 deplorandum
3387 1725 3490 1782 est,
3534 1731 3563 1771 a

1982 1810 2096 1867 Deo
2125 1810 2229 1865 hoc
2266 1808 2467 1864 factum
2507 1808 2739 1863 afﬁrmat
2770 1826 2783 1862 :
2826 1826 2844 1860 ι
2872 1806 3043 1879 Elegit
3066 1809 3209 1862 enim
3239 1808 3394 1866 vobis
3423 1808 3569 1865 Deus

305 1903 334 1955 ό
355 1901 557 1970 Κύριος
585 1899 741 1970 ἡμῶν
770 1898 937 1952 τέκνα
953 1914 969 1930 ’
1000 1900 1094 1953 καὶ
1113 1898 1408 1955 ἐπελάϐετο
1431 1900 1494 1953 ὲκ
1510 1897 1618 1953 τῶν
1640 1898 1886 1967 ἀγγέλων

2004 1913 2175 1962 noster
2209 1905 2371 1966 ﬁlios,
2418 1902 2755 1974 sumpsitque
2792 1918 2860 1957 ex
2919 1901 3127 1974 angelis
3171 1900 3421 1957 feminas.
3456 1898 3569 1956 Vos

307 1994 526 2063 θηλείας
550 2010 564 2025 ·
598 1994 758 2062 ὑμεῖς
786 1991 842 2045 δὲ
882 1990 1072 2059 λέγετε
1101 1992 1295 2061 λόγους
1349 1991 1638 2061 μεγάλους.
1669 2011 1688 2042 ι
1746 1992 1891 2057 Τοὺς

312 2087 441 2154 περὶ
467 2082 562 2137 τοῦ
589 2083 725 2138 Θεοῦ
758 2102 945 2155 φησιν,
977 2085 1060 2139 ὅτι
1082 2084 1147 2152 δὴ
1185 2084 1451 2156 φημίζετε
1482 2085 1560 2155 τῷ
1589 2084 1709 2157 Θεῷ
1738 2085 1889 2145 υἱοὺς

313 2172 477 2242 ἔχειν,
509 2174 603 2227 καὶ
622 2174 843 2236 τούτους
866 2173 1221 2244 πεποιηκέναι
1242 2174 1525 2245 γαμὸροὺς
1551 2174 1852 2247 ἀνθρώπων
1870 2190 1884 2205 ⁸

312 2263 517 2328 μᾶλλον
542 2262 641 2333 μὲν
665 2259 757 2316 οὖν
774 2263 1040 2332 ἀγγέλους
1066 2262 1284 2333 θηλείας
1308 2263 1527 2333 νύμφας
1553 2263 1752 2318 δέδωκε
1774 2268 1890 2329 τοῖς

312 2358 449 2419 υἱοῖς
477 2356 587 2409 τῶν
609 2356 707 2408 ἀνθ
718 2355 936 2427 ρώπων
961 2356 1038 2419 ὡς
1053 2354 1146 2407 ἐπὶ
1167 2354 1446 2425 διορθώσει
1462 2357 1569 2410 τῶν
1584 2358 1891 2411 Μωσαῖκῶν

310 2446 536 2501 τοιαῦτα
594 2448 819 2515 φάσκων
841 2462 856 2478 ’
898 2444 1089 2499 τούτου
1128 2445 1288 2517 χάριν
1332 2448 1391 2500 ὲν
1438 2446 1516 2519 τῷ
1564 2448 1669 2517 πρὸ
1700 2447 1890 2503 τούτου

316 2540 473 2613 μύθῳ
510 2539 802 2611 ἐξόμνυται
828 2541 909 2594 ὄτι
931 2540 988 2595 αἱ
1016 2538 1224 2611 θήλειαι
1251 2537 1473 2607 ἄγγελοι
1493 2540 1592 2594 οὐκ
1628 2541 1736 2595 eiei.
1755 2540 1889 2596 Θεοῦ

314 2634 615 2704 θυγατέρες
634 2649 647 2664 ο
692 2633 832 2703 πλὴν
860 2634 940 2687 ὅτι
971 2632 1179 2704 θήλειαι
1209 2637 1314 2689 είσι
1365 2633 1639 2704 κραταιῶς
1693 2634 1894 2701 ἀγωνί-

317 2723 468 2789 ζεται
492 2726 604 2795 (23)
630 2743 643 2758 ·
666 2726 784 2779 ἀλλ’
810 2725 956 2794 οίμοι
977 2726 1056 2794 τῷ
1091 2724 1530 2797 ἀμαρτωλοτέρῳ
1557 2724 1737 2796 πάσης
1761 2742 1896 2796 σαρ-

1988 2007 2169 2054 autem
2218 1996 2398 2052 dicitis
2444 1997 2677 2067 grandes
2727 2008 3061 2056 sermones,»
3092 2007 3285 2063 nempe
3339 1991 3408 2049 de
3434 1990 3566 2056 Deo,

1988 2090 2427 2164 quandoquidem
2465 2090 2630 2145 Deum
2666 2087 2807 2144 ﬁlios
2845 2087 3046 2144 habere
3070 2086 3354 2152 dictitatis,
3405 2094 3570 2156 atque

1988 2184 2093 2240 hos
2134 2182 2419 2238 hominum
2468 2180 2664 2238 fecisse
2690 2194 2921 2252 generos
2952 2196 2969 2249 ;
2999 2194 3128 2239 cum
3164 2188 3356 2234 contra
3385 2175 3573 2247 potius

1988 2277 2211 2350 angelos
2228 2276 2459 2333 feminas
2482 2274 2608 2331 ﬁliis
2631 2274 2912 2332 hominum
2937 2288 3139 2331 uxores
3169 2271 3420 2331 dederit:
3448 2283 3573 2340 qua:

1990 2369 2198 2426 scilicet
2241 2367 2307 2424 ad
2349 2365 2603 2424 Mosaicae
2648 2366 2892 2423 historiae
2936 2363 3372 2427 emendationem
3417 2360 3572 2417 dicit.

1991 2463 2281 2535 Propterea
2304 2460 2357 2516 in
2388 2459 2727 2532 praecedente
2753 2458 2941 2520 fabula
2958 2456 3185 2529 juravit,
3212 2454 3446 2512 feminas
3471 2466 3575 2506 an-

1991 2555 2143 2628 gelos
2170 2570 2278 2612 non
2318 2569 2442 2611 esse
2481 2551 2577 2607 Dei
2613 2552 2753 2609 ﬁlias
2785 2568 2801 2609 :
2854 2560 2910 2609 et
2934 2549 3309 2609 nihilominus
3353 2544 3579 2619 angelos

1993 2662 2116 2703 esse
2140 2645 2369 2703 feminas
2393 2644 2673 2701 mordicus
2700 2643 2999 2703 contendit.
3038 2641 3145 2699 Sed
3171 2642 3279 2701 heu
3304 2639 3440 2701 mihi
3466 2652 3584 2709 pre

1993 2741 2250 2797 universa
2274 2754 2437 2795 carne
2468 2740 2763 2808 peccaturi,
2789 2736 2885 2809 qui
2912 2750 3100 2807 cogor,
3129 2730 3575 2805 quandoquidem

318 2818 412 2882 κός
438 2818 451 2873 ί
486 2819 567 2872 ὅτι
599 2816 980 2887 ἀναγκάζομαι
1007 2816 1174 2872 θέλων
1206 2818 1424 2885 ἐλέγξαι
1458 2817 1548 2870 τὸν
1580 2817 1775 2889 ἐχθρὸν
1796 2816 1893 2870 τοῦ

2004 2834 2090 2888 Dei
2122 2833 2335 2888 hostem
2360 2831 2485 2886 volo
2510 2830 2816 2892 confutare,
2855 2836 2934 2883 tot
2964 2827 3205 2896 taliaque
3234 2824 3385 2899 loqui
3411 2823 3425 2877 l
3461 2820 3582 2885 Cte-

319 2911 485 2976 Θεοῢ,
515 2911 686 2965 ταῦτα
723 2911 815 2963 καὶ
844 2908 915 2963 τὰ
950 2908 1177 2964 τοιαῦτα
1225 2909 1438 2965 λαλεῖν·
1468 2909 1519 2962 τί
1566 2908 1661 2962 οὖν
1705 2908 1895 2962 λοιπὸν

2004 2922 2211 2994 leroqui
2241 2923 2373 2992 quid
2399 2922 2469 2976 ad
2496 2920 2610 2977 haec
2638 2920 2823 2975 dicent
2849 2917 2941 2972 Dei
2966 2926 3250 2987 negatores
3274 2913 3538 2979 Saraceni
3556 2914 3582 2966 '.'

318 3004 456 3075 πρὸς
477 3002 649 3056 ταῦτα
704 3000 923 3072 ἐροῦσιν
950 3002 1001 3055 οί
1030 3000 1343 3071 ἀρνησίθεοι
1396 3001 1735 3071 Σαρακηνοί;
1786 2996 1896 3072 ἆρα

2004 3016 2139 3072 Num
2162 3024 2284 3087 post
2304 3014 2421 3070 haec
2440 3013 2623 3069 volent
2644 3012 2825 3068 adhuc
2849 3010 3193 3081 pertinaciter
3203 3007 3578 3065 Moliamedem

316 3094 752 3165 φιλονεικήσουσι
780 3094 920 3164 μετά
944 3093 1384 3165 ταῦτα,θεόπτην
1408 3093 1651 3163 Μωάμετ
1674 3092 1895 3159 καλεῖν;

2004 3109 2275 3180 appellare
2318 3107 2410 3162 Dei
2442 3104 2788 3170 familiarem,
2821 3112 2878 3159 et
2916 3119 3022 3158 non
3062 3104 3244 3173 potius
3277 3099 3583 3172 praestigia-

315 3190 350 3262 ἢ
382 3188 585 3260 μᾶλλον
630 3186 884 3240 ὲπαοιόὸν
934 3187 1030 3240 καὶ
1058 3187 1233 3257 γόητα
1263 3187 1358 3240 καὶ
1412 3184 1704 3239 ἀπατεῶνα
1740 3184 1899 3237 αὑτὸν

2004 3215 2176 3259 torem
2216 3211 2271 3257 et
2300 3214 2518 3270 magum
2540 3198 2565 3254 Ἰ
2587 3214 2687 3253 nec
2707 3201 2834 3253 eum
2860 3196 3038 3265 potius
3071 3203 3131 3250 ut
3154 3192 3440 3249 manifeste
3470 3192 3585 3261 pla-

317 3287 598 3357 πεφηνότα
620 3283 981 3349 διαπτύουσις,
1018 3279 1419 3353 βαττολογήσας
1466 3277 1521 3330 δὲ
1553 3278 1648 3329 καὶ
1692 3276 1896 3345 δυσφη-

2004 3312 2134 3351 num
2168 3294 2477 3351 convictum
2512 3289 2821 3362 despuent?
2842 3288 3129 3344 Blaterans
3153 3296 3336 3342 autem
3356 3324 3371 3347 ,
3403 3293 3459 3338 et
3498 3282 3585 3338 his

321 3380 497 3448 μὴσας
524 3374 739 3438 τούτοις
764 3374 924 3443 ὃμοια
952 3373 1198 3437 πλείονα,
1223 3371 1411 3440 ὥσπερ
1441 3369 1541 3440 ἤδη
1574 3369 1766 3436 σαφεῖς
1805 3367 1898 3420 καὶ

321 3471 747 3541 ἀναντιρρήτους
769 3469 833 3520 ὲκ
882 3467 1088 3520 τούτων
1128 3464 1228 3527 τάς
1261 3462 1566 3528 ἀποδείξεις
1592 3459 1901 3529 ποιησάμε-

321 3578 412 3625 νος
436 3561 629 3628 ἒπάγει
650 3577 664 3592 ·
701 3580 720 3612 ι
754 3560 862 3613 Καὶ
883 3557 1031 3612 είπέ·
1080 3554 1405 3625 Εὐχαριστῶ
1451 3552 1529 3621 τῷ
1554 3550 1675 3622 Θεῷ
1716 3548 1795 3619 τῷ
1827 3548 1901 3620 μὴ

326 3651 633 3713 ὲπιλαϐόντι
660 3652 795 3707 υἱόν.
821 3672 840 3705 ι
875 3650 989 3706 Kal.
1013 3652 1072 3704 ὲν
1091 3648 1302 3711 τούτοις
1334 3643 1411 3717 τῷ
1437 3643 1700 3715 φληνάφῳ
1725 3642 1903 3710 πέρας

326 3743 561 3813 τίθησιν.

826 3828 1272 3888 ΕΛΕΓΚΤΙΚΟΣ
1317 3823 1413 3881 IZ'.

392 3929 502 3993 09'.
533 3928 605 3982 Τὸ
636 3927 1097 3984 ἑπτακαιδέκατον
1135 3921 1393 3995 μυθάριον
1420 3918 1530 3990 (24)
1564 3916 1641 3990 τῷ
1656 3917 1905 3986 Μωάμετ

321 4022 733 4094 ἐπιγέγραπται
793 4018 914 4089 μὲν,
952 4018 1055 4082 Εἰς
1107 4014 1251 4081 τοὺς
1290 4013 1563 4081 ἑταίρους
1611 4010 1717 4065 τοῦ
1750 4025 1908 4077 σπη-

321 4117 525 4181 λαίου,
554 4114 849 4185 ἀφηγεῖται
896 4110 955 4165 δὲ
1005 4106 1104 4178 τὴν
1159 4104 1268 4160 τῶν
1299 4104 1471 4174 ἁγίων
1509 4099 1653 4155 ἑπτὰ
1696 4100 1906 4153 παίδων

322 4209 433 4265 τῶν
467 4210 528 4263 ὲν
563 4207 772 4276 Ἐφέσῳ
800 4203 941 4258 κατά
964 4201 1026 4255 τὸ
1057 4198 1316 4272 σπήλαιον
1342 4196 1540 4268 φυγὴν,
1565 4192 1771 4248 καὶτὸν
1806 4191 1905 4246 θά-

327 4316 511 4367 νατον,
543 4298 640 4353 καὶ
665 4298 765 4368 τὴν
792 4294 1122 4349 ἀνάστασιν·
1156 4290 1362 4346 τούτων
1391 4289 1448 4343 δὲ
1496 4287 1909 4359 ἐμνημόνευσεν

331 4395 363 4444 ὁ
393 4391 607 4461 ἰδιώτης
629 4391 726 4444 καὶ
763 4387 1035 4461 βάρϐαρος
1083 4384 1224 4439 κατά
1247 4383 1481 4455 τρόπους
1517 4380 1631 4446 δύο,
1664 4378 1764 4433 ἕνα
1807 4376 1908 4450 μὲν

335 4483 431 4536 τοῦ
452 4482 600 4547 δόξαι
625 4481 850 4553 γραφῶν
878 4479 1086 4535 πολλῶν
1116 4479 1378 4550 ἔμπειρος
1434 4470 1596 4542 εἶναι,
1628 4476 1814 4546 ἕτερον
1851 4473 1912 4527 δὲ

336 4571 432 4627 τοῦ
462 4574 780 4644 σφετερίσαι
809 4575 889 4637 είς
914 4572 976 4625 τὸ
1007 4571 1199 4625 ἑαυτοῦ
1225 4570 1404 4641 δόγμα
1451 4570 1513 4623 τδ
1563 4571 1685 4623 κατ’
1711 4568 1910 4631 αὐτοὺς

339 4668 558 4738 θαῦμα·
592 4666 779 4739 ἐπειδὴ
817 4666 875 4720 δὲ
919 4664 1107 4734 σαφῶς
1148 4663 1265 4735 ᾔδει
1306 4663 1671 4734 Χριστιανοὺς
1711 4663 1910 4724 αὐτοὺς

335 4758 499 4823 ὄντας
523 4758 618 4815 καὶ
652 4757 995 4829 σωζομένους
1031 4754 1320 4826 ἀκεραίους
1351 4753 1487 4824 μετά
1510 4754 1757 4821 θάνατον,
1779 4754 1915 4809 ἑτῶν

337 4853 600 4909 πλειόνων
654 4852 1095 4926 προσεποιήσατο
1154 4848 1374 4916 ἄγνοιαν
1423 4848 1713 4917 ἐπαινετὴν
1740 4863 1756 4879 ο
1818 4845 1917 4901 καὶ

337 4948 817 5020 ηηματισάμενος
861 4944 1145 5000 ἀκίνδυνον
1196 4939 1464 5010 ὑπόληψιν
1498 4939 1628 5010 περὶ
1676 4939 1811 4993 Θεοῦ
1837 4942 1918 4994 ὅτι

335 5041 496 5107 αὐτὸς
518 5038 661 5098 οἶδεν
687 5042 786 5096 ὅσα
819 5041 987 5102 ποιεῖ,
1019 5037 1113 5092 καὶ
1136 5034 1255 5099 πῶς
1279 5033 1417 5087 αὐτὰ
1438 5034 1603 5099 ποιεῖ,
1629 5032 1921 5103 ἐκφεύγειν

337 5138 509 5191 οἴεται
535 5136 636 5207 τὴν
666 5138 775 5191 τῶν
824 5131 1037 5189 πολλῶν
1067 5127 1409 5202 πραγμάτων
1439 5125 1685 5197 ἔρευναν,
1710 5128 1777 5199 ἢν
1801 5126 1921 5180 οὐδὲ

341 5234 510 5288 θέλων
538 5232 803 5301 ἐγίνωσκε
825 5246 840 5261 ·
880 5227 1022 5297 πλὴν
1081 5224 1267 5296 μέντοι
1298 5220 1407 5277 οὐδ’
1439 5221 1637 5285 αὐτοὺς
1673 5219 1919 5291 παρῆλθε

338 5326 462 5397 δίχα
482 5325 680 5397 ψόγουο
712 5324 846 5396 φησὶ
866 5322 1003 5394 γάρ’
1039 5339 1058 5373 ι
1097 5319 1357 5392 Νομίζεις
1389 5318 1584 5379 αὐτοὺς
1614 5314 1919 5387 ἐγρηγορό-

339 5436 462 5482 τας,
491 5419 586 5473 καὶ
610 5418 771 5473 αὐτοὶ
792 5415 1092 5488 κοιμῶνται
1119 5429 1134 5445 '
1165 5412 1529 5486 ἀναστρέφεις
1573 5411 1772 5474 αὐτοὺς
1827 5408 1922 5462 ἐπὶ

341 5513 518 5581 δεξιὸν
547 5515 642 5569 καὶ
669 5510 763 5567 seu
798 5513 867 5566 τὸ
897 5508 1205 5582 ἀριστερὸν,
1248 5507 1346 5563 καὶ
1374 5508 1434 5563 τὸ
1462 5506 1647 5562 σκυλ“ιν
1687 5505 1799 5579 (‘25)
1828 5504 1923 5558 αὐ-

420 5653 533 5727 (22)
562 5654 722 5727 Hom.
752 5651 923 5727 iliad.
958 5648 1047 5715 Ill,
1081 5648 1205 5703 121.

413 5717 528 5797 (25)
563 5724 842 5797 Relandns
868 5723 922 5777 in
953 5735 1115 5797 opere
1148 5717 1489 5797 smpejcitato
1526 5726 1668 5797 part.
1707 5732 1922 5797 uncap.

355 5787 442 5861 i'f,
489 5787 649 5866 negat
678 5810 709 5848 a
741 5787 1146 5848 Moliamedanis
1167 5787 1463 5846 existimari
1509 5793 1729 5861 angelos
1769 5788 1924 5845 femi-

349 5884 477 5926 IliiS.

426 5938 537 6009 (2:4)
571 5936 696 5994 Sur.
722 5932 907 6001 X'i'lll,
947 5931 1001 6001 8,
1029 5931 1114 5998 i7,
1145 5932 1237 5997 23,
1269 5930 1359 5997 3i,
1398 5930 1486 5997 Si,
1521 5928 1612 5997 62,
1644 5930 1732 5985 87.

2001 3387 2161 3457 plura
2184 3384 2383 3441 similia
2409 3381 2815 3454 blasphemans,
2831 3380 2997 3451 quasi
3023 3376 3342 3433 manifestas
3366 3384 3423 3429 et
3444 3374 3582 3428 irre-

2003 3477 2256 3534 futabiles
2278 3475 2497 3534 fecisset
2528 3473 3040 3537 demonstrationes,
3066 3470 3218 3527 addit
3248 3486 3263 3523 :
3296 3487 3316 3521 ι
3348 3466 3417 3523 Et
3460 3464 3585 3520 die:

2002 3566 2151 3623 Laus
2181 3567 2291 3623 Deo
2317 3566 2410 3638 qui
2438 3564 2607 3622 lilium
2629 3580 2735 3621 non
2769 3564 3035 3636 suscepit!
3061 3581 3082 3615 ι
3108 3557 3585 3631 Atquehisdictis,

2003 3655 2204 3723 fabula:
2233 3672 2347 3712 suae
2368 3655 2530 3712 [luem
2563 3655 2815 3727 imponit.

2467 3832 2920 3893 CONFUTATIO
2952 3830 3119 3888 XVII.

2080 3931 2167 3988 76.
2201 3930 2423 3988 Decima
2446 3929 2719 4002 septimas
2744 3926 3061 3984 Muhamede
3076 3919 3591 3980 fabulainscribitur

2009 4024 2232 4081 Sodales
2262 4024 2523 4093 speluncw
2549 4037 2570 4077 :
2599 4030 2788 4077 narrat
2820 4028 3001 4075 autem
3034 4024 3352 4074 sanctorum
3381 4022 3589 4084 septem

2008 4116 2440 4173 adulescentium
2470 4113 2665 4184 Ephesi
2689 4111 2760 4168 ad
2786 4111 3102 4180 speluncam
3130 4108 3336 4179 fugam,
3355 4114 3410 4162 et
3441 4120 3593 4160 mor-

2010 4217 2118 4264 tem
2168 4218 2222 4264 et
2274 4206 2753 4263 resurrectionem.
2793 4202 2906 4259 Hos
2948 4216 3080 4258 vero
3117 4209 3388 4256 memorat
3422 4199 3594 4254 idiota

2009 4302 2279 4361 barbarus
2310 4299 2516 4371 duplici
2541 4313 2609 4354 ex
2636 4312 2803 4354 causa
2830 4314 2847 4364 ;
2880 4309 2987 4350 una
3011 4293 3233 4366 quidem
3265 4301 3325 4348 ut
3349 4293 3596 4348 videatur

2011 4396 2306 4452 multarum
2342 4394 2736 4463 scripturarum
2781 4404 2986 4460 gnarus
3013 4405 3030 4456 ;
3060 4387 3229 4442 altera
3258 4393 3317 4441 ut
3346 4385 3434 4441 sui
3463 4383 3597 4455 dog-

2011 4488 2177 4545 matis
2199 4485 2482 4556 proprium
2523 4481 2688 4538 faciat
2714 4481 2860 4551 quod
2892 4479 3000 4534 illis
3039 4476 3219 4533 evenit
3251 4475 3593 4531 miraculum.

2014 4579 2153 4647 Quia
2182 4592 2312 4633 vero
2347 4574 2512 4647 probe
2538 4573 2745 4630 sciebat
2766 4570 2935 4627 fuisse
2964 4569 3085 4625 illos
3115 4567 3480 4631 Christianos,
3512 4574 3607 4619 at-

2019 4689 2127 4746 que
2167 4670 2470 4729 incolumes
2520 4677 2644 4738 post
2694 4673 2924 4721 mortem
2983 4670 3251 4725 servatos,
3302 4659 3606 4715 multorum

2021 4780 2290 4824 annorum
2315 4761 2595 4820 simulavit
2626 4758 2986 4830 ignorantiam
3011 4755 3359 4815 laudabilem,
3381 4765 3608 4823 praeque

2023 4876 2084 4917 se
2106 4858 2286 4916 ferens
2330 4869 2580 4913 securam
2612 4852 2679 4907 de
2714 4848 2824 4905 Deo
2856 4848 3193 4918 opinionem,
3231 4858 3425 4914 nempe
3460 4841 3603 4896 scire

2023 4968 2149 5011 eum
2186 4965 2309 5022 qua:
2343 4948 2492 5007 facit.
2530 4955 2591 5003 et.
2620 4941 2895 5013 quomodo
2923 4955 2984 4995 ea
3025 4936 3199 5005 facit;
3220 4935 3495 4991 declinare
3521 4932 3604 4988 sie

2024 5049 2181 5114 putat
2212 5040 2505 5095 multarum
2542 5049 2722 5090 rerum
2765 5030 3205 5101 vestigationem,
3253 5041 3419 5097 quam
3454 5038 3521 5079 ne
3555 5022 3603 5077 si

2021 5135 2180 5190 vellet
2202 5132 2420 5203 quidem
2444 5131 2854 5196 assequerctur.
2875 5122 3122 5177 Attamen
3155 5135 3223 5173 ne
3254 5120 3353 5174 hos
3381 5117 3601 5186 quidem

2022 5228 2141 5282 sine
2157 5222 2553 5293 vituperatione
2574 5232 2694 5272 esse
2724 5216 2881 5272 sinit.
2912 5211 3162 5268 Aitenim
3197 5229 3211 5266 ι
3261 5228 3280 5261 ι
3307 5208 3607 5263 Existimas

2021 5317 2144 5373 illos
2165 5315 2470 5386 vigilantes,
2503 5319 2557 5365 at
2604 5308 2708 5380 ipsi
2740 5305 3023 5362 dormiunt
3052 5320 3069 5358 :
3118 5316 3305 5356 νει-δας
3346 5313 3442 5353 eos
3472 5298 3608 5352 dex-

2024 5419 2263 5466 trorsum
2288 5414 2341 5463 et
2365 5406 2741 5461 sinistrorsum
2779 5419 2793 5457 :
2824 5409 2877 5457 et
2909 5402 3062 5454 canis
3088 5411 3278 5452 eorum
3309 5391 3608 5448 extendens

2024 5501 2249 5560 brachia
2295 5515 2394 5557 sua
2429 5498 2485 5553 in
2530 5496 2771 5567 pulvere.
2819 5492 3087 5548 Dominus
3131 5490 3235 5546 scit
3275 5501 3365 5541 res
3394 5498 3605 5539 eorum.

2106 5639 2216 5712 (9.5)
2247 5638 2303 5693 ln
2329 5639 2604 5695 Alcorano
2630 5633 2795 5690 Arab.
2819 5632 3005 5712 cunis;
3033 5630 3218 5712 itaque
3237 5627 3317 5712 εἰς
3344 5624 3607 5712 ῖρξςτνῇς

2031 5690 2741 5770 ιοιδῗνάίἔειῖπῖίὴοειτυηι,
2773 5704 2864 5773 qui
2896 5690 2994 5757 cur
3034 5690 3226 5769 legerit
3272 5694 3476 5773 σκυλίν.
3500 5690 3608 5773 alii

2028 5762 2305 5853 quaeram.
2320 5762 2578 5853 Fortasse
2594 5762 2875 5853 proprium
2894 5762 3270 5853 callisnomen
3286 5766 3387 5821 fuit
3400 5762 3612 5853 εςῃίξιέξ

2028 5830 2577 5908 δξιῖὶιῖιιιόέιίἰξῖία
2597 5830 2981 5921 rappellabatur
3016 5842 3088 5898 0h
3121 5839 3341 5897 mistum
3389 5830 3611 5894 ex'albo

2029 5925 2305 5995 rubroque
2329 5922 2591 5978 colorem.
