4084 6282
394 1290 395 1293 η
496 1215 901 1273 absurditatem
963 1217 1315 1283 vitabimus;

495 363 600 430 811

1770 356 2072 420 ΝῙΟΕἸῈ
2106 356 2519 421 ΒΥΖΑΝΤΙΝΙ

3663 358 3775 425 812

499 481 785 545 nuntians,
818 494 942 551 quae
978 489 1055 535 att
1094 498 1110 534 :
1150 498 1170 529 ι
1206 475 1398 533 Omnis
1423 475 1641 547 genitor
1666 476 1816 551 prior
1844 485 1929 529 est
1953 487 2081 542 pro-

2206 471 2341 542 :epd;
2378 473 2498 527 ἐστι
2527 469 2623 526 τοῦ
2650 471 2857 527 οἰκείου
2889 473 3255 546 γεννήματος,
3281 488 3301 524 ι
3334 470 3426 525 τὸν
3465 470 3772 543 παραλογι-

502 577 619 644 prio
649 573 947 646 genimine,
996 591 1016 625 ι
1052 572 1481 643 paralogismum
1512 569 1776 626 insidiose
1804 565 2078 623 struxisti.

500 666 617 721 lloc
644 666 811 735 igitur
842 661 1149 731 confutato,
1185 664 1390 735 quippe
1420 663 1551 733 quia
1583 662 1651 717 de
1682 662 1794 716 Deo
1835 674 2085 730 pronun-

498 756 625 811 tiari
658 757 873 826 nequit,
902 766 1137 827 utroque
1162 772 1229 812 ex
1260 758 1430 812 latere
1453 755 1851 811 alisurditatem
1888 752 2086 807 vitabi—

497 861 641 902 mus.
670 844 806 901 Nam
838 862 1083 917 praesens
1101 862 1291 911 causa,
1317 862 1347 903 a
1368 846 1646 902 contraria
1672 855 1752 899 est
1782 847 2001 898 absens.
2022 841 2084 896 Si

495 954 630 1009 ergo
659 939 892 1007 dictum,
926 941 1107 996 omnis
1132 941 1368 1012 genitor,
1401 955 1431 993 a
1458 948 1640 993 creata
1694 946 1887 991 natura
1922 948 2088 1004 prave

497 1040 806 1101 sumptum,
849 1030 904 1085 in
939 1030 1337 1086 absurditatem
1381 1030 1552 1084 trahit
1602 1028 1837 1082 dicentis
1871 1039 2084 1080 sermo-

494 1139 665 1191 nent,
699 1139 827 1179 cum
856 1124 909 1179 id
941 1124 994 1178 in
1037 1124 1147 1179 Deo
1200 1139 1307 1179 non
1372 1120 1687 1185 usuvcniat,
1747 1120 1867 1175 sine
1919 1116 2087 1173 dubio

1374 1228 1428 1272 et
1483 1214 1875 1284 sempiternum
1923 1220 2089 1279 atque

495 1304 997 1369 consulistmtlzle.
1043 1316 1097 1360 et
1155 1307 1506 1375 paternitatis
1542 1304 1896 1373 ﬁlietatisque
1945 1301 2087 1355 rela-

498 1398 707 1451 tionem
736 1396 1053 1453 inviolatam
1074 1399 1467 1455 servahimusa
1491 1398 1681 1455 Omnis
1708 1398 1919 1470 genitor
1938 1396 2089 1467 prior

493 1499 580 1547 est
607 1490 832 1561 proprio
858 1491 1154 1563 genimine.
1192 1511 1211 1545 ι
1242 1492 1400 1563 Papa:
1435 1505 1549 1548 rem
1585 1491 1814 1546 miram!
1861 1504 1984 1559 qua:
2029 1488 2082 1542 in

500 1600 589 1638 me
615 1583 836 1653 quidem
863 1592 1028 1655 teque
1060 1584 1182 1656 ipso
1214 1584 1381 1649 valet,
1419 1587 1509 1655 qui
1540 1583 1799 1638 facultate
1840 1583 2089 1636 homines

497 1691 716 1736 sumus.
749 1684 844 1730 aut
873 1676 1022 1732 aliud
1042 1677 1307 1747 quidvis;
1345 1677 1613 1731 oiiicimur
1638 1684 1822 1730 autem
1859 1674 1932 1737 vi,
1959 1680 2089 1743 puta

494 1770 773 1839 genitores
802 1779 897 1824 aut
931 1771 1229 1840 sapientes.
1279 1770 1350 1825 At
1382 1770 1473 1825 ubi
1512 1766 1831 1839 huiusmodi
1864 1767 1944 1821 vis
1979 1782 2088 1821 non

2187 563 2324 633 σμὸν
2362 563 2879 636 συνεσκευώρησας.
2901 564 3107 618 Τούτου
3141 560 3234 618 οὖν
3275 562 3641 635 ἐληλεγμένου
3682 568 3779 619 καὶ

2184 655 2371 727 χώραν
2406 655 2481 727 μὴ
2540 656 2756 727 ἔχοντος
2779 655 2841 710 τὸ
2879 658 3142 730 παράπαν
3194 658 3287 709 ἐπὶ
3314 655 3450 710 Θεοῦ
3497 656 3778 726 λέγεσθαι,

2186 748 2287 818 τὴν
2334 750 2416 811 εἰς
2470 749 2709 819 ἑκάτερα
2742 750 2973 805 ἀτοπίαν
3001 748 3379 819 ἐκφευξόμεθα
3410 763 3423 778 ·
3473 750 3570 804 καὶ
3622 749 3783 822 γὰρδ

2193 841 2372 912 παρὸν
2398 845 2592 906 αῐτιον,
2626 843 2765 897 ἀπὸν
2810 844 2905 898 τοῦ
2946 844 3187 898 ἐναντίου
3221 861 3237 877 ο
3269 845 3319 897 εἰ
3370 842 3464 897 οὖν
3513 843 3594 911 τὸ,
3650 843 3786 899 ἔκα-

2190 950 2315 997 στος
2361 937 2665 1008 γεννήτωρ,
2720 936 2831 991 ἀπὸ
2884 938 2982 1009 τῆς
3037 938 3264 1009 κτιστῆς
3311 936 3528 1005 φύσεως
3589 937 3783 1001 κακῶς

2187 1026 2621 1099 λαμϐανόμενον,
2653 1032 2734 1093 εἰς
2757 1031 2961 1086 ἄτοπον
2988 1031 3078 1084 τὸν
3107 1030 3267 1098 λόγον
3296 1032 3526 1099 ἀπάγει,
3588 1031 3786 1086 τούτου

2188 1119 2374 1192 χώραν
2419 1121 2515 1174 ἐπὶ
2569 1120 2707 1175 Θεοῦ
2756 1123 2831 1194 μὴ
2877 1122 3121 1195 ἔχοντος,
3171 1124 3332 1189 δῆλον
3361 1126 3447 1178 ὅτι
3486 1125 3583 1178 καὶ
3604 1125 3790 1180 ἄτοπα

2189 1210 2589 1282 ἐκφευξόμεθα,
2617 1213 2681 1265 τό
2707 1231 2767 1267 τε
2798 1215 3069 1269 ωναῖδιον
3099 1217 3193 1269 καὶ
3216 1215 3527 1287 ὁμοούσιον,
3558 1219 3650 1271 καὶ
3683 1218 3790 1290 τὴν

2187 1304 2289 1374 τῆς
2318 1307 2658 1377 πατρότητος
2688 1309 2784 1362 καὶ
2811 1310 3062 1381 υἱότητος
3107 1311 3315 1382 σχέσιν,
3369 1310 3615 1384 ἄτρωτον
3666 1312 3793 1367 δια-

2191 1394 2526 1466 φυλάξομεν.
2566 1417 2587 1449 ι
2629 1399 2900 1465 Ἕκαστος
2935 1405 3218 1475 γεννήτωρ
3254 1404 3515 1476 πρότερός
3543 1405 3661 1459 ἐστι
3693 1406 3792 1461 τοῦ

2189 1486 2393 1541 οἰκείου
2417 1490 2813 1562 γεννήματος.»
2844 1492 3019 1549 Βαδάὶ
3042 1494 3135 1549 τοῦ
3163 1494 3442 1566 θαύματος
3469 1498 3483 1552 !
3522 1498 3654 1568 περί
3685 1497 3795 1569 ἐμὲ

2191 1578 2289 1632 καὶ
2318 1580 2377 1634 σὲ
2401 1580 2583 1646 τοῦτο,
2617 1584 2669 1638 οἳ
2706 1584 2769 1638 τὸ
2797 1588 2897 1657 μὲν
2915 1587 3169 1660 ἐνεργείᾳ
3198 1589 3369 1661 ἐσμὲν
3416 1589 3719 1663 ἄνθρωποι,
3742 1592 3792 1644 εἰ

2192 1668 2371 1741 τύχοι,
2425 1671 2459 1744 ἢ
2495 1673 2627 1728 ἄλλο
2669 1692 2763 1731 τι·
2813 1677 2889 1731 τὸ
2925 1677 2983 1732 δὲ
3031 1680 3298 1752 γινόμεθα
3352 1681 3583 1753 δυνάμει
3614 1682 3783 1750 ὄντες,

2192 1757 2305 1817 οἷον
2330 1767 2654 1839 γεννήτορες
2682 1769 2716 1837 ἢ
2749 1772 3141 1843 ἐπιστήμονες,
3176 1774 3207 1845 ἦ
3230 1773 3361 1828 ἄλλο
3382 1791 3437 1828 τι
3461 1792 3476 1807 ·
3538 1776 3596 1828 ἐν
3619 1769 3693 1841 οἷς
3724 1776 3782 1830 δὲ

498 1863 782 1929 usuvcnit,
828 1862 941 1933 jam
980 1872 1150 1941 patet,
1206 1864 1516 1934 prioratum
1570 1862 1833 1934 genitoris
1867 1863 2094 1917 relative

2206 1857 2257 1911 τὸ
2280 1857 2508 1929 δυνάμει
2532 1862 2724 1935 χώραν
2743 1865 2842 1936 οὐχ
2864 1862 2999 1935 ἕξει,
3031 1866 3194 1938 δῆλον
3215 1868 3299 1922 ὅτι
3344 1868 3406 1922 τὸ
3439 1868 3789 1941 προτερεὺειν

498 1957 567 2012 ad
604 1958 846 2026 genitum
870 1972 980 2011 non
1013 1957 1339 2014 subsistere.
1376 1957 1431 2012 Si
1461 1972 1593 2030 ergo
1614 1957 1696 2011 vis
1716 1972 1746 2013 a
1772 1956 1882 2013 Dce
1910 1955 2091 2011 aliena

498 2060 585 2105 est
629 2051 776 2117 (nam
803 2051 884 2106 vis
938 2051 1195 2122 passione
1222 2067 1333 2106 non
1376 2061 1563 2120 caret;
1598 2054 1681 2107 vis
1719 2050 1905 2122 aliquo
1936 2058 2088 2106 exte-

499 2144 646 2198 riore
686 2144 934 2215 indiget;
977 2145 1062 2201 vis
1100 2156 1187 2201 est
1236 2145 1304 2201 de
1349 2160 1549 2215 genere
1595 2143 2040 2215 imperfectorum
2075 2160 2089 2204 :

499 2233 647 2292 Deus
689 2251 871 2294 autem
922 2252 1087 2308 supra
1115 2238 1231 2292 h:ec
1265 2236 1449 2292 omnia
1478 2236 1593 2307 est)
1655 2237 1788 2293 satis
1846 2244 1995 2306 patet
2024 2249 2094 2289 ne

498 2330 801 2401 prioratum
833 2331 1055 2401 quidem
1086 2332 1132 2385 ei
1166 2329 1483 2395 usuvenire,
1508 2330 1637 2401 quia
1668 2331 1946 2401 prioratus
1972 2328 2091 2384 sine

499 2423 685 2493 aliqua
714 2424 766 2478 vi
801 2438 908 2477 non
945 2423 1024 2476 tit.
1064 2440 1083 2474 ι
1117 2420 1309 2477 Omnis
1338 2422 1553 2493 genitor
1585 2421 1735 2492 prior
1755 2429 1840 2475 est
1870 2419 2091 2490 proprio

500 2510 800 2585 genimine.
842 2529 864 2567 ι
898 2511 1013 2569 Hoc
1037 2520 1236 2567 creata:
1276 2520 1505 2578 naturae,
1534 2511 1639 2566 hoc
1689 2510 1951 2580 genitura:
1996 2524 2093 2579 per

502 2609 733 2671 tluxum,
762 2606 1043 2677 proprium
1072 2614 1178 2659 est.
1208 2602 1340 2657 Nam
1367 2617 1606 2673 quorum
1630 2601 1954 2658 exsistentia
1991 2601 2081 2655 diu

500 2714 659 2754 versa
711 2682 1065 2762 esu-horum
1114 2711 1269 2765 aeque
1319 2695 1536 2749 diversa
1592 2693 1894 2766 generatio.
1949 2689 2093 2759 Ergo

497 2790 681 2846 tribus
702 2788 1000 2845 contrariis
1024 2789 1287 2856 sumptis,
1328 2793 1537 2852 creato,
1597 2785 1847 2855 inquam,
1909 2792 1966 2838 et
2007 2783 2104 2847 in-r

498 2891 711 2946 creato,
741 2877 990 2948 passibili
1036 2886 1089 2933 et
1131 2877 1476 2947 impassibili,
1513 2876 1702 2948 priore
1728 2891 1795 2931 ac
1836 2874 2092 2931 simulta-

503 2988 630 3039 nco,
658 2974 704 3028 si
736 2986 1069 3042 corporeum
1096 2971 1356 3042 passibile
1386 2978 1491 3037 est,
1523 2968 1883 3040 subsequitur
1907 2978 2088 3022 autem

506 3064 635 3118 huic
664 3062 819 3132 prius
841 3072 897 3117 et
927 3061 1223 3133 posterius,
1262 3068 1408 3132 patet
1459 3060 1848 3130 incorporeum
1887 3060 2090 3129 impas—

504 3156 662 3213 sibile
683 3171 803 3211 esse
820 3170 884 3212 ac
906 3157 1325 3213 simultaneum.
1362 3157 1441 3212 ita
1466 3155 1612 3210 enim
1642 3154 1833 3225 logica:
1851 3151 2090 3210 methodi
2124 3180 2167 3237 ο

506 3264 606 3306 nos
629 3250 845 3305 docent.

578 3432 635 3488 4.
677 3449 696 3483 ι
725 3428 919 3487 Omnis
974 3430 1188 3501 genitor
1223 3431 1372 3500 prior
1393 3437 1472 3484 est
1501 3428 1726 3499 proprio
1759 3428 2090 3499 genimine.»

509 3524 626 3581 lloc
655 3527 731 3580 ait
753 3525 845 3596 qui
879 3523 1054 3595 legem
1088 3525 1202 3579 vult
1228 3522 1341 3580 Deo
1361 3521 1720 3594 constituere,
1754 3534 1863 3574 non
1904 3528 2090 3573 autem

509 3619 605 3691 qui
644 3619 928 3675 veritatem
956 3617 1112 3673 dicit.
1162 3616 1334 3689 Igitur
1385 3614 1717 3671 vocabulum
1768 3614 1977 3684 genitor
2016 3613 2102 3668 vel

510 3720 598 3767 est
625 3709 691 3764 de
717 3724 949 3765 numero
978 3724 1170 3763 eorum
1196 3723 1320 3777 quae
1350 3721 1448 3778 per
1478 3720 1537 3761 se
1568 3714 1717 3772 sunt,
1756 3704 1838 3760 vel
1870 3719 1995 3775 qua;
2033 3702 2102 3758 ad

514 3801 752 3875 aliquid.
788 3800 953 3871 Atqui
988 3815 1095 3854 non
1126 3808 1211 3855 est
1240 3814 1309 3854 ex
1343 3799 1412 3853 iis
1439 3813 1560 3868 qua:
1587 3813 1682 3868 per
1704 3811 1765 3849 se
1792 3805 1923 3851 sunt
1955 3812 2102 3852 :non

510 3898 661 3952 enim
714 3896 781 3950 ad
820 3895 1075 3966 genimen
1109 3892 1431 3947 relationem
1464 3892 1727 3959 haberet;
1758 3905 1891 3960 ergo
1929 3900 2103 3945 estex

515 3992 581 4047 iis
609 4006 731 4060 qua:
763 3989 832 4043 ad
864 3986 1070 4057 aliquid
1104 3996 1266 4052 sunt;
1304 3998 1425 4056 quae
1461 3992 1644 4039 autem
1707 3993 1831 4040 sunt
1888 3985 1954 4037 ad
2005 3982 2107 4037 ali-

511 4084 666 4156 quid,
694 4081 1027 4139 simultanea
1048 4087 1259 4135 natura:
1288 4087 1452 4138 sunt;
1480 4092 1603 4147 qua
1625 4092 1756 4155 vero
1776 4075 2105 4131 simultanea

518 4187 750 4247 naturae,
791 4185 846 4228 et
875 4172 1205 4228 s'imultanea
1242 4179 1372 4239 sunt
1396 4178 1450 4225 et
1500 4185 1607 4225 non
1662 4176 1826 4236 sunt;
1855 4184 1986 4240 ergo
2017 4184 2107 4239 ge-

519 4268 660 4322 nitor
687 4276 960 4337 quatenus
994 4264 1230 4335 genitor,
1266 4263 1333 4337 ad
1395 4261 1602 4333 aliquid
1654 4261 1932 4317 exsistens
1967 4261 2108 4315 rela-

525 4361 729 4415 tionem
764 4356 960 4412 habet:
988 4373 1159 4426 quare
1196 4356 1350 4427 prius
1388 4364 1443 4409 et
1485 4354 1763 4425 posterius
1794 4366 1901 4408 nun
1941 4353 2109 4409 habe-

522 4453 618 4505 bit.
650 4449 707 4504 Si
736 4464 870 4519 ergo
894 4450 1106 4519 genitor
1128 4462 1228 4503 nec
1252 4448 1405 4517 prius
1425 4447 1645 4503 habebit
1675 4462 1776 4501 nec
1793 4442 2068 4515 posterius
2088 4484 2105 4511 ,

2197 1950 2291 2006 τὸν
2310 1954 2616 2027 γεννήτορα
2644 1957 2742 2012 τοῦ
2776 1959 3117 2031 γεννήματος
3148 1961 3250 2016 οὐκ
3274 1959 3550 2035 ἔρρωται*
3605 1962 3657 2015 εἰ
3684 1961 3800 2016 τοί-

2200 2061 2296 2097 νυν
2325 2046 2419 2100 ἐπὶ
2454 2046 2593 2102 Θεοῦ
2619 2049 2681 2103 τὸ
2710 2050 2943 2121 δυνάμει
2976 2053 3258 2125 ἀλλότριον
3290 2054 3411 2125 (καὶ
3446 2055 3556 2126 γὰρ
3606 2054 3670 2109 τὸ
3700 2055 3799 2110 δυ-

2206 2136 2370 2207 νάμει
2395 2140 2537 2211 μετὰ
2566 2141 2794 2208 πάθους,
2813 2144 2876 2197 τὸ
2894 2144 3124 2216 δυνάμει
3150 2146 3259 2203 τῶν
3297 2147 3498 2213 ἔξωθεν
3540 2148 3801 2218 προσδεῖ⁴

2199 2243 2311 2293 ται,
2364 2231 2425 2284 τὸ
2467 2230 2699 2304 δυνάμει
2749 2236 2862 2288 τῶν
2891 2238 3099 2292 ἀτελῶν
3131 2255 3147 2270 ο
3177 2240 3207 2292 δ
3249 2239 3305 2293 δὲ
3334 2239 3466 2304 Θεὸς
3495 2239 3804 2313 ἀνῴκισται

2200 2321 2407 2377 τούτων
2439 2318 2705 2395 πάντων),
2727 2326 2887 2396 δῆλον
2916 2330 2999 2383 δτι
3028 2333 3124 2385 καὶ
3152 2332 3504 2404 προτερεύιιν
3530 2333 3628 2405 οὐκ
3684 2333 3804 2404 list

2202 2413 2388 2483 χώραν
2440 2415 2530 2469 διὰ
2568 2416 2631 2470 τὸ
2694 2420 2825 2473 ἄνευ
2878 2421 2975 2475 τοῦ
3031 2424 3260 2497 δυνάμει
3304 2426 3463 2483 τοῦτο
3508 2426 3584 2499 μὴ
3632 2422 3800 2485 εἶναι.

2209 2527 2228 2558 ι
2242 2507 2511 2573 Ἕκαστος
2528 2510 2813 2582 γεννήτωρ
2830 2515 3098 2587 πρότερός
3118 2518 3237 2572 ἐστι
3263 2519 3359 2574 τοῦ
3382 2521 3584 2576 οἰκείου
3608 2523 3807 2595 γεννή-
3846 2578 3854 2584 .

2203 2615 2394 2667 ματος.
2428 2616 2447 2650 ι
2482 2599 2655 2653 Τοῦτο
2680 2601 2779 2672 τῆς
2805 2606 3033 2676 λτιστῆς
3060 2608 3296 2675 φύσεως,
3326 2612 3487 2666 τοῦτο
3536 2618 3641 2685 τῆς
3665 2616 3803 2689 ρευ-

2202 2690 2334 2759 στῆς
2393 2693 2743 2761 γεννήσεωςο
2799 2695 2898 2747 καὶ
2946 2697 3055 2767 γὰρ
3087 2689 3169 2752 ὧν
3212 2700 3273 2751 τὸ
3309 2694 3450 2757 εἶναι
3514 2706 3801 2779 διάφορον,

2200 2780 2412 2836 τούτων
2442 2783 2541 2837 καὶ
2572 2783 2635 2837 τὸ
2661 2787 2860 2858 γεννᾷν
2887 2786 3166 2860 διάφορον.
3202 2788 3384 2861 Τριῶν
3432 2789 3528 2849 οὖν
3578 2797 3803 2852 ἀντιθέ-

2203 2893 2343 2929 σεων
2375 2874 2832 2948 λαμϐανομένων,
2875 2882 3017 2951 φημὶ
3047 2882 3112 2951 δὴ
3142 2883 3366 2936 κτιστοῦ
3395 2899 3457 2937 τε
3506 2888 3600 2939 καὶ
3631 2887 3799 2941 ἀκτία

2210 2984 2361 3034 στου,
2396 2966 2682 3039 ὲμπαθοῦς
2727 2987 2786 3023 τε
2815 2973 2909 3025 καὶ
2943 2973 3210 3039 ἀπαθοῦς,
3258 2957 3531 3048 προτέρου
3587 2995 3647 3031 τε
3699 2981 3799 3032 καὶ

2202 3056 2342 3126 ἅμα.
2387 3061 2437 3111 εἰ
2469 3059 2503 3128 ἡ
2530 3060 2848 3129 ἑνσώματος
2878 3062 3157 3134 ὲμπαθὴ·,
3190 3066 3377 3119 ἕπεται
3403 3067 3459 3121 δὲ
3502 3066 3676 3140 ταύτῃ
3730 3068 3799 3121 τὸ

2202 3149 2468 3220 πρότερον
2526 3151 2624 3204 καὶ
2680 3150 2927 3225 ὕστερον,
2984 3158 3355 3228 φανερὸνὸτι
3400 3162 3433 3229 ἠ
3500 3161 3802 3229 ἀσώματος

2203 3240 2421 3310 ἀπαθὴς
2472 3243 2567 3296 καὶ
2631 3243 2793 3313 ἆμαο
2844 3244 3005 3300 τοῦτο
3045 3248 3156 3320 γὰρ
3207 3252 3263 3303 αἰ
3306 3250 3525 3320 λογικαὶ
3582 3251 3804 3323 μέθοδοι

2207 3326 2339 3402 ήμεν
2394 3332 2840 3403 διαγορεύουσιν.·
3022 3354 3031 3359 ·

2273 3419 2338 3477 δ’.
2373 3442 2393 3489 ι
2431 3424 2703 3490 Ἕκαστος
2730 3426 3015 3499 γεννήτωρ
3045 3429 3309 3502 πρότερός
3339 3430 3455 3484 ἔστι
3482 3429 3575 3484 τοῦ
3600 3430 3808 3485 οἰκείου

2205 3516 2563 3586 γεννήματος.
2596 3535 2616 3570 ι
2661 3516 2836 3572 Τοῦτο
2878 3518 3297 3591 νομοθετοῦντός
3324 3525 3473 3577 ἐστιν
3510 3527 3603 3578 ἐπὶ
3643 3526 3807 3592 Θεοῦ,

2204 3606 2267 3662 τὸ
2291 3607 2496 3679 ἀληθὲς
2524 3609 2580 3663 δὲ
2616 3608 2873 3679 οὐδαμῶς
2910 3612 3163 3681 λέγοντος
3195 3631 3213 3645 ο
3254 3616 3317 3668 τὸ
3357 3618 3539 3671 τοίνυν
3584 3620 3807 3689 Termi-

2206 3716 2323 3768 τωρ
2351 3698 2547 3770 ὄνομα,
2574 3700 2693 3772 ήτοι
2719 3701 2830 3755 τῶν
2858 3703 2982 3756 καθ’
3007 3704 3143 3757 αὐτό
3181 3706 3348 3771 ἔστιν,
3403 3706 3436 3777 ἦ
3493 3709 3603 3761 τῶν
3668 3710 3812 3783 πρός

2204 3809 2259 3845 τι
2284 3808 2299 3825 ι
2337 3792 2475 3850 ἀλλὰ
2505 3793 2614 3865 μὴν
2638 3794 2747 3847 τῶν
2780 3795 2905 3849 καθ’
2940 3797 3074 3851 αὐτὸ
3094 3799 3197 3852 οὐκ
3229 3797 3377 3853 ἔστιν
3406 3816 3421 3831 ·
3474 3802 3536 3855 οὐ
3575 3802 3687 3875 γὰρ
3739 3802 3812 3859 ἂν

2210 3884 2346 3959 πρὸς
2402 3884 2652 3958 γέννημα
2699 3889 2800 3959 τήν
2849 3891 3143 3965 ἀναφορὰν
3176 3890 3287 3965 εἶχε
3332 3913 3346 3927 ο
3401 3895 3565 3965 δῆλον
3590 3899 3819 3953 ὅτιτῶν

2207 3977 2346 4046 πρός
2374 3994 2430 4030 τι
2451 3992 2467 4009 ο
2490 3978 2537 4030 εἰ
2571 3974 2664 4031 οὖν
2700 3980 2761 4030 τὸ
2777 3984 3086 4051 γεννήτωρ
3119 3984 3228 4039 τῶν
3254 3986 3393 4059 πρός
3412 3976 3466 4042 τί
3496 3991 3667 4058 ἐστιν,
3732 3993 3809 4044 τὰ

2208 4069 2265 4123 δὲ
2284 4070 2418 4138 πρός
2438 4087 2491 4123 τι
2522 4069 2637 4142 ἅμα
2665 4073 2732 4143 τῇ
2766 4072 2947 4140 φύσει,
2972 4076 3041 4130 τὰ
3075 4079 3133 4132 δὲ
3172 4078 3289 4149 ἅμα
3334 4082 3401 4153 τῇ
3450 4083 3633 4153 φύσει,
3687 4082 3812 4155 ἅμα

2210 4160 2268 4215 τέ
2297 4163 2436 4214 εἰσιν
2462 4164 2556 4216 καὶ
2593 4163 2695 4216 οὐκ
2722 4166 2885 4229 εἰσιν,
2921 4168 2985 4221 το
3007 4170 3312 4242 γεννήτωρ
3332 4172 3442 4243 ἄρα
3484 4176 3607 4229 καθ’
3628 4176 3658 4231 δ
3685 4179 3817 4246 γεν-

2210 4253 2423 4325 νήτωρ,
2446 4255 2580 4324 πρὸς
2607 4254 2666 4308 ὃν
2688 4256 2785 4327 τὴν
2816 4259 3097 4330 ἀναφορὰν
3126 4262 3260 4334 ἔχει,
3301 4264 3363 4318 τὸ
3409 4267 3679 4338 πρότερον
3708 4272 3815 4323 καὶ

2213 4342 2441 4415 ὕστερον
2463 4348 2563 4417 οὐχ
2591 4347 2725 4413 ἕξει.
2764 4348 2826 4403 Εἰ
2856 4348 2949 4405 οὖν
2989 4354 3049 4407 τὸ
3099 4353 3410 4429 γεννήτωρ
3435 4360 3497 4413 τὸ
3542 4361 3816 4434 πρότερον

2214 4440 2308 4492 καὶ
2336 4438 2565 4511 ὕστερον
2590 4444 2687 4514 οὐχ
2709 4444 2842 4511 ἕξει,
2872 4447 3009 4516 ἔφης
3040 4448 3097 4502 δὲ
3121 4450 3204 4503 ὅτι
3244 4451 3500 4518 ἕκαστος
3526 4457 3814 4529 γεννήτωρ

522 4554 578 4598 ιιι
604 4560 734 4598 vero
772 4542 910 4597 dicis
942 4555 1159 4596 omnem
1196 4541 1497 4611 genitorem
1550 4541 1786 4608 priorem
1833 4553 1955 4593 esse
1984 4551 2100 4607 pro-

2219 4532 2481 4604 πρότερός
2513 4535 2629 4588 ἐστι
2662 4537 2763 4590 τοῦ
2785 4540 2989 4592 οἰκείου
3016 4545 3358 4614 γεννήματος
3394 4562 3407 4577 ⁸
3445 4548 3680 4619 φανερὸν
3727 4551 3815 4603 ὅτι

518 4637 642 4707 prio
662 4634 971 4706 genimine,‘
986 4620 1201 4687 censtat
1220 4647 1325 4686 non
1348 4646 1469 4687 esse
1490 4631 1816 4701 genitorem,
1838 4642 2111 4699 quatenus

519 4738 604 4784 est
658 4728 890 4800 genitor,
945 4725 1039 4780 sed
1074 4727 1377 4779 secundum
1443 4722 1653 4793 aliquid
1710 4720 1879 4787 aliud,
1950 4719 2110 4775 sicuti

524 4825 781 4879 Socrates
828 4830 882 4874 et
911 4818 1125 4874 Petrus.
1168 4816 1440 4884 Quoniam
1498 4816 1685 4886 itaque
1735 4812 2115 4884 genitorlsno-

526 4932 649 4970 men
687 4916 740 4968 in
790 4914 898 4967 Deo
935 4921 1087 4981 patre
1118 4910 1529 4982 hypostaticum
1578 4919 1683 4975 est,
1712 4900 1767 4961 et
1806 4905 2112 4962 secundum

531 5008 582 5062 id
615 5010 792 5062 solum
845 5008 1152 5077 proprietas
1212 5004 1573 5073 hypostaseos
1629 5002 1957 5067 denotatur;
2015 4997 2115 5052 dc-

532 5114 893 5155 monstratum
928 5113 1092 5167 porro
1152 5096 1274 5160 fuit,
1329 5096 1476 5166 quod
1529 5106 1619 5149 est
1670 5094 1956 5148 relativum
2008 5106 2115 5145 non

533 5193 731 5247 habere
756 5192 908 5261 prius
936 5197 990 5244 et
1015 5188 1290 5259 posterius
1318 5206 1332 5253 ;
1384 5198 1603 5242 constat
1648 5200 1780 5257 ergo
1810 5183 1983 5239 Deum
2010 5182 2117 5239 Pa-

533 5295 692 5347 trem,
733 5286 829 5355 qui
856 5293 939 5337 est
969 5282 1169 5352 proprii
1201 5281 1495 5349 geniminis
1525 5281 1763 5350 genitor,
1802 5278 1956 5348 prius
2005 5294 2122 5331 non

536 5381 754 5433 habere.
788 5375 946 5444 Quod
984 5378 1027 5431 si
1078 5393 1181 5430 non
1243 5376 1428 5437 habet,
1475 5383 1699 5431 constat
1720 5372 2121 5427 cssesimuita-

537 5456 701 5525 neum
731 5490 742 5524 :
775 5468 918 5539 quod
961 5468 1002 5521 si
1043 5467 1427 5530 simultaneus,
1451 5468 1613 5519 etiam
1673 5476 1979 5519 coaeternus
2012 5473 2115 5517 est.

540 5562 681 5631 Ergo
710 5560 883 5615 Filius
908 5557 1054 5613 Patri
1102 5568 1407 5613 coaeternus
1438 5568 1521 5613 est
1558 5575 1570 5609 :
1607 5565 1775 5625 atque
1813 5556 1893 5610 ita
1925 5556 1981 5609 in
2011 5571 2121 5625 quo

540 5654 938 5708 circumvenire
990 5653 1222 5721 putabas
1246 5693 1260 5713 ρ
1314 5652 1729 5705 circumventus
1763 5664 1842 5704 cs.
1875 5666 1893 5699 ι
1930 5646 2122 5703 Omnis

552 5747 765 5813 genitor
793 5747 938 5815 prior
972 5754 1057 5799 est
1071 5744 1345 5812 genimiue
1372 5757 1493 5796 suo.
1528 5761 1543 5792 ι
1568 5740 1736 5805 Nobis
1772 5740 1990 5811 quidem
2021 5739 2124 5793 hoc

548 5835 803 5889 usuvenit
840 5852 852 5901 ;
887 5836 1029 5903 quod
1076 5834 1295 5902 quidem
1345 5834 1420 5888 ita
1470 5848 1529 5887 se
1579 5832 1817 5896 habere,
1883 5830 2009 5885 hinc
2064 5828 2122 5883 tit

2218 4624 2279 4676 τὸ
2322 4625 2648 4696 γεννήτωρ,
2698 4630 2760 4681 οὺ
2792 4625 2914 4685 καθ’
2960 4633 2989 4686 ὃ
3028 4638 3505 4710 γεννήτωρ,ὰλλὰ
3538 4640 3815 4697 κατ’ἇλλο

2216 4736 2289 4811 τι,
2330 4720 2453 4775 καθ’
2474 4721 2503 4773 ὃ
2526 4722 2825 4796 Σωκράτης
2859 4726 2890 4796 ἢ
2928 4728 3151 4802 Πέτρος.
3182 4732 3243 4784 Εἰ
3270 4728 3363 4786 οὖν
3409 4733 3470 4787 τὸ
3504 4734 3814 4805 τεννήτοῳ

2218 4810 2389 4880 ὄνομα
2426 4815 2521 4867 ἐπὶ
2558 4814 2695 4868 Θεοῦ
2730 4819 2823 4869 καὶ
2852 4820 3063 4891 [ἰατρὸς
3117 4823 3481 4881 ὑποστατικόν
3527 4829 3668 4893 εστι,
3716 4830 3819 4882 καὶ

2220 4904 2360 4958 κατὰ
2395 4905 2556 4958 τοῦτο
2588 4908 2749 4976 μόνον
2767 4910 2827 4963 τὸ
2857 4911 2991 4964 ἴδιον
3016 4913 3115 4983 τῆς
3146 4913 3501 4983 ὑποστάσεως
3527 4936 3817 4990 χαρακτη-

2220 4994 2467 5064 ρίζεται·
2510 4996 2667 5051 τοῦτο
2694 4999 2751 5052 δὲ
2782 5000 3049 5057 δέδεικται
3084 5006 3219 5076 πρὸς
3275 5008 3335 5061 ὃν
3390 5010 3490 5080 τὴν
3532 5011 3821 5083 ἀναφορὰν

2219 5087 2287 5139 τὸ
2307 5088 2573 5162 πρότερον
2592 5092 2688 5144 καὶ
2729 5091 2956 5163 ὕστερον
2989 5097 3066 5169 μὴ
3098 5098 3243 5168 ἕχον,
3298 5102 3534 5173 φανερὸν
3565 5104 3674 5173 ἄρα
3728 5105 3817 5159 ὅτι

2220 5182 2251 5233 ὁ
2286 5181 2418 5245 Θεὸς
2467 5182 2561 5235 καὶ
2599 5184 2788 5256 Πατὴρ
2841 5190 3119 5261 γεννήτωρ
3168 5191 3263 5259 ὢν,
3301 5194 3399 5248 τοῦ
3435 5196 3639 5251 οἰκείου
3688 5215 3822 5267 γεν-

2221 5276 2483 5345 νήματος,
2527 5278 2588 5330 τὸ
2638 5280 2902 5352 πρότερον
2960 5284 3060 5355 οὐχ
3097 5286 3208 5353 ἔξει
3240 5305 3257 5320 ·
3304 5290 3355 5343 εἰ
3401 5289 3459 5344 δὲ
3522 5292 3625 5363 οὐχ
3675 5292 3817 5362 ἕξει,

2221 5368 2381 5437 δῆλον
2428 5369 2511 5423 ὅτι
2570 5370 2688 5441 ἅμα
2720 5388 2735 5404 ⁸
2790 5376 2838 5430 εἰ
2869 5375 2926 5429 δὲ
2968 5377 3104 5449 ἅμα,
3135 5383 3231 5433 καὶ
3268 5383 3537 5447 συναῖδιος
3571 5402 3587 5417 ⁶
3618 5388 3647 5440 ὁ
3683 5386 3823 5453 Υἱὸς

2222 5462 2331 5533 ἄρα
2385 5462 2479 5516 τοῦ
2547 5463 2759 5538 Πατρὺς
2807 5471 3075 5533 συναῒδιός
3136 5474 3250 5527 ἐστι
3286 5492 3301 5507 ο
3359 5479 3452 5531 καὶ
3503 5476 3679 5544 οὕτως
3743 5481 3819 5538 δι’

2224 5548 2284 5606 οῦ
2348 5554 2552 5619 ἐδόκεις
2620 5557 2993 5629 παρακρούειν
3018 5604 3032 5626 ,
3072 5566 3545 5636 παρακέκρουσαι.
3586 5589 3607 5622 ι
3644 5571 3823 5627 Ἕκα-

2228 5662 2352 5709 στος
2377 5648 2658 5719 γεννήτωρ
2691 5651 2957 5723 πρότερός
2987 5655 3103 5709 ἐστι
3132 5657 3227 5710 τοῦ
3270 5660 3479 5729 οἰκείου
3530 5663 3694 5735 γεννή
3706 5682 3820 5734 μα-

2226 5754 2334 5800 τος.
2382 5757 2401 5787 ι
2440 5737 2610 5793 Τοῦτο
2657 5743 2715 5795 ὲν
2748 5744 2879 5813 ἡμῖν
2917 5745 3103 5819 χώραν
3149 5748 3262 5821 ἔχει
3303 5768 3319 5785 ο
3366 5754 3461 5808 καὶ
3513 5743 3595 5809 δτι
3640 5754 3821 5823 οὕτως

2229 5828 2365 5899 ἔχει,
2396 5829 2554 5901 δῆλον
2574 5833 2827 5890 ἐντεῦθεν
2858 5839 3061 5896 ’Πᾶσα
3099 5839 3354 5915 δύναμις,
3388 5846 3535 5912 τινὸς
3596 5848 3764 5903 ἕνεκα
3800 5866 3817 5884 ο
