4084 6282
309 392 413 457 813

1458 372 1891 437 REFUTATIO
1952 372 2427 433 MOHAMEDIS.

3463 374 3572 438 814

308 509 358 561 ει
414 502 522 574 γὰρ
563 499 638 571 μὴ
685 495 851 553 ἕνεκά
908 510 1075 558 τινος,
1129 493 1307 562 μάτην
1343 503 1355 516 ·
1407 491 1585 561 μάτην
1615 489 1673 543 δὲ
1704 486 1827 542 οὔτε
1860 488 1888 540 ό

2012 484 2373 542 nanifestum.
2406 485 2652 540 Potentia
2690 484 2869 540 omnis
2924 495 3146 557 propter
3185 488 3393 560 aliquid
3440 501 3525 548 est
3559 506 3575 544 :

308 596 439 659 Θεὸς
472 595 637 657 ποιεῖ,
662 589 785 645 οὔτε
817 586 1030 659 ἡφύσις
1068 602 1083 618 ’
1120 584 1278 651 δῆλον
1331 584 1413 637 ὅτι
1449 582 1613 636 ἕνεκα
1644 598 1659 612 ο
1696 582 1745 633 εξ
1796 574 1889 634 οὖν

311 691 343 761 ἠ
378 688 611 758 δύναμις
648 681 812 738 ἕνεκά
840 697 1008 745 τινος,
1033 678 1193 750 δῆλον
1230 676 1311 730 δτι
1344 676 1440 729 καὶ
1479 674 1542 729 τὸ
1567 671 1831 728 δύνασθαι
1875 686 1889 704 ο

308 781 416 835 πᾶν
452 779 509 832 δὲ
538 775 599 829 τὸ
625 771 885 829 δύνασθαί
909 789 963 825 τι
991 772 1190 836 ποιεῖν,
1223 770 1319 823 καὶ⁸
1355 768 1591 839 ποιήσει.
1626 768 1677 819 εἰ
1723 767 1797 836 μή
1839 782 1894 818 τι

306 872 368 926 τδ
396 866 805 941 παρεμποδίζον
840 882 855 897 ο
884 866 934 919 εἰ
970 863 1063 918 οῦν
1090 863 1149 917 ἑν
1177 864 1308 933 ἡμῖν
1336 861 1485 915 ἔστιν
1506 860 1746 929 ἔμφυτος
1804 858 1895 911 δύ-

308 981 472 1035 ναμις
493 961 556 1015 τὸ
574 961 933 1025 τεκνοποιετν,
965 955 1327 1028 κεκωλύμεθα
1342 955 1421 1017 δὲ,
1448 953 1605 1024 δῆλον
1632 953 1714 1006 ὅτι
1747 970 1893 1023 παρ-ι

308 1054 693 1127 εμπσδξζοντός
725 1068 870 1116 τινος
902 1066 916 1081 ’
940 1052 996 1105 ἒν
1036 1050 1092 1103 δὲ
1115 1050 1194 1120 τῷ
1231 1047 1352 1119 Θεῷ
1378 1047 1532 1102 οὐδὲν
1582 1045 1896 1100 άντίσθενον

309 1149 344 1218 ἢ
396 1144 800 1220 παρεμποδίζον
834 1160 847 1174 ’
885 1142 1121 1215 φανερὸν
1139 1144 1224 1197 ὃτι
1254 1142 1350 1195 καὶ
1390 1144 1423 1211 ἡ
1453 1140 1710 1210 γέννησις
1752 1138 1894 1209 σύμ-

312 1257 478 1311 φυτος
512 1256 527 1272 ⁸
557 1238 691 1294 εἰδὲ
721 1237 1025 1309 σύμφυτος,
1062 1236 1156 1290 καὶ
1203 1236 1352 1305 aper
1399 1236 1448 1287 εἰ
1508 1232 1567 1287 δὲ
1633 1232 1775 1302 ἅμα,
1834 1231 1895 1283 οὐ

310 1333 579 1403 πρότερον
610 1331 703 1383 καὶ
734 1328 961 1400 ὕστερον
992 1345 1005 1358 ·
1037 1327 1179 1382 ὥστε
1218 1326 1378 1398 δῆλον
1410 1327 1493 1380 ὅτι
1520 1325 1583 1380 τὸ
1630 1325 1898 1394 πρότερον

311 1422 404 1475 καὶ
433 1420 660 1492 ὕστερον
698 1422 791 1475 ἐπὶ
845 1421 983 1475 Θεοῦ
1040 1420 1229 1493 χώραν
1282 1421 1384 1473 οὐκ
1435 1418 1899 1491 ἔχει.ιἚκαστος

1998 593 2123 631 nam
2155 578 2199 632 si
2235 585 2454 648 propter
2500 578 2703 648 aliquid
2743 595 2848 633 non
2911 580 3003 643 sit,
3062 593 3200 634 vana
3261 591 3387 640 est:
3439 582 3579 645 nihil

1996 685 2161 739 porro
2192 686 2390 725 vanum
2427 670 2571 727 Deus
2611 670 2741 725 facit
2803 686 2982 741 neque
3035 682 3250 730 natura.
3309 673 3406 729 Est
3447 691 3579 747 ergo

1996 770 2221 833 prepter
2271 762 2501 832 aliquid.
2552 763 2609 817 Si
2644 778 2776 832 ergo
2831 765 3076 833 potentia
3125 772 3346 836 propter
3371 766 3580 836 aliquid

1996 865 2100 917 est,
2138 864 2285 924 patet
2307 854 2450 925 quod
2478 857 2642 910 etiam
2669 870 2861 926 posse;
2894 872 3056 911 omne
3106 868 3289 913 autem
3319 861 3466 930 quod
3499 857 3585 915 fa-

1997 960 2119 999 cere
2152 944 2357 1015 aliquid
2399 954 2598 1015 potest,
2646 960 2706 1001 re
2763 958 2986 1014 quoque
3037 959 3166 1001 vera
3228 944 3410 1012 faciet,
3473 946 3579 1003 nisi

2003 1038 2210 1107 aliquid
2233 1038 2526 1096 obstiterit.
2558 1038 2612 1092 Si
2641 1053 2773 1108 ergo
2803 1037 2857 1090 in
2886 1037 3045 1094 nobis
3088 1046 3171 1092 est
3200 1037 3364 1093 insita
3398 1047 3587 1107 poten-

2001 1131 2071 1185 tia
2106 1130 2310 1186 liberos
2356 1131 2636 1201 gignendi,
2700 1131 3063 1202 prohibemur
3108 1140 3312 1193 autem,
3371 1138 3584 1186 constat

2000 1223 2144 1293 quod
2178 1223 2385 1294 aliquid
2423 1239 2525 1280 nos
2556 1225 2836 1295 impediat.
2874 1225 3037 1294 Atqui
3069 1223 3181 1280 Deo
3208 1224 3344 1278 nihil
3377 1224 3589 1280 resistit

2002 1327 2096 1372 aut
2126 1317 2309 1373 obstat
2352 1336 2365 1372 :
2404 1328 2623 1373 constat
2667 1332 2797 1386 ergo
2828 1317 3236 1388 generationem
3288 1316 3589 1389 quoqueei

2001 1424 2126 1466 esse
2174 1412 2594 1465 comtaturalcm
2642 1410 2828 1481 :quod
2876 1408 2921 1465 si
2959 1408 3361 1473 conuaturalis,
3394 1408 3588 1463 simul-

308 1517 589 1587 γεννήτωρ
648 1516 914 1588 πρότερός
976 1518 1093 1569 ἔστι
1139 1514 1231 1569 τοῦ
1252 1514 1460 1569 οἰκείου
1493 1514 1893 1584 γεννήματος.»

2012 1512 2166 1557 lanea
2194 1518 2417 1574 quoque
2448 1512 2568 1570 est;
2607 1504 2750 1571 quod
2782 1505 2829 1557 si
2887 1500 3242 1565 simultanea,
3299 1501 3411 1569 jam
3476 1514 3587 1554 non

307 1610 482 1663 Πόθεν
520 1608 621 1673 τὰς
665 1610 863 1682 ἀρχὰς,
905 1601 951 1661 ὧ
1003 1604 1182 1673 οὗτος,
1231 1607 1503 1681 anne“;
1560 1610 1608 1662 oi
1652 1608 1753 1678 μὲν
1791 1607 1899 1679 γὰρ

2012 1603 2090 1649 est
2125 1594 2279 1665 prior
2303 1610 2404 1658 nec
2438 1595 2708 1665 posterior
2743 1613 2757 1649 :
2793 1596 2937 1649 unde
2966 1602 3191 1651 constat
3222 1595 3379 1664 prius
3398 1603 3450 1650 et
3485 1609 3589 1664 po-

311 1701 477 1773 μηδὲν
499 1703 678 1757 κοινὸν
703 1702 797 1757 τοῦ
828 1703 1047 1757 κτίστου
1096 1703 1193 1756 καὶ
1229 1701 1341 1756 τῶν
1388 1702 1706 1773 κτισμάτων
1762 1701 1899 1754 ὑπο·

2012 1688 2208 1743 sterius
2234 1688 2288 1741 in
2320 1688 2428 1744 Deo
2456 1705 2564 1743 non
2590 1688 2903 1744 usuvenire.
2928 1706 2947 1737 ι
2975 1686 3170 1743 Omnis
3195 1687 3408 1759 genitor
3441 1689 3593 1757 prior

307 1785 615 1862 τιθέμενοι,
658 1795 889 1857 ἑαυτοὺς
954 1793 1457 1865 παραλογίζονται,
1538 1793 1751 1855 ταυτῶς
1807 1792 1900 1845 ἐπὶ

2012 1790 2091 1835 est
2116 1780 2339 1850 proprio
2364 1781 2696 1849 genimine.)
2731 1778 3016 1835 Undeuam
3049 1779 3387 1849 principia,o
3404 1780 3589 1845 sodes,

308 1882 444 1937 Θεοῦ
471 1885 566 1936 καὶ
604 1882 716 1938 τῶν
755 1884 1075 1954 κτισμάτων
1118 1884 1216 1947 τὰς
1272 1885 1423 1947 θείας
1462 1884 1645 1954 φωνὰς
1686 1884 1897 1951 ἔκλαμ-

2012 1868 2328 1937 tumpsisti?
2360 1867 2496 1924 Nam
2534 1869 2628 1939 qui
2681 1868 2818 1924 nihil
2845 1884 2969 1925 esse
3000 1883 3295 1925 commune
3341 1867 3589 1923 Creatori

311 1973 563 2037 δάνοντες
591 1992 606 2006 ο
641 1975 733 2028 καὶ
762 1976 821 2029 τὸ
842 1975 1110 2047 πρότερον
1134 1976 1331 2046 λῆμμα
1360 1976 1448 2029 διὰ
1492 1973 1589 2027 τοῦ
1632 1973 1898 2045 ,δευτέρου

2012 1975 2127 2016 cum
2153 1961 2420 2016 creaturis
2452 1960 2706 2026 credunt,
2737 1969 2929 2016 errant
2959 1961 3088 2016 dum
3126 1961 3318 2015 eodem
3344 1974 3511 2016 sensu
3536 1967 3593 2015 et

309 2062 801 2136 ἐξοστρακίζεται.
853 2066 949 2119 καὶ
1002 2065 1164 2119 πάλιν
1216 2066 1308 2120 διὰ
1366 2065 1461 2120 τοῦ
1519 2064 1789 2138 προτέρου
1838 2064 1902 2118 τὸ

310 2154 563 2226 δεύτερον
592 2172 610 2189 ο
645 2156 873 2228 καὶγὰρ
912 2161 961 2212 εἰ
996 2159 1105 2212 πᾶν
1146 2159 1360 2231 ποίημα
1418 2156 1597 2222 ἐνδεές
1637 2156 1754 2211 ιστι
1807 2156 1900 2211 τοῦ

310 2242 641 2313 ποιήσαντος
665 2243 754 2299 διὰ
783 2244 845 2298 τὸ
864 2244 1084 2317 πρῶτον
1114 2245 1340 2316 ἀξίωμα
1366 2259 1380 2275 ·
1402 2246 1432 2300 ό
1461 2245 1522 2300 δὲ
1560 2248 1627 2299 ἐκ
1646 2245 1742 2299 τοῦ
1769 2260 1900 2314 γεν-

312 2338 541 2409 νήτορος
570 2336 766 2406 Λόγος,
803 2339 870 2392 εκ
894 2337 1006 2392 τῶν
1036 2339 1357 2410 ποιημάτων
1382 2338 1475 2393 τὸν
1501 2338 1736 2411 ποιητὴν
1764 2336 1899 2409 πρόο

312 2445 472 2501 τερον
500 2429 1042 2500 κατασυλλογίζεται,
1073 2432 1254 2497 ἐνδεές
1283 2433 1343 2486 τι
1374 2434 1494 2488 ἔστι
1520 2433 1619 2487 καὶ
1655 2433 1758 2487 οὐκ
1811 2434 1901 2487 ἐν·

314 2523 450 2587 δεὲς,
483 2524 579 2578 καὶ
624 2524 824 2583 ταυτὸν
860 2524 923 2578 οὐ
966 2524 1164 2581 ταυτὸν
1193 2528 1306 2581 πᾶν
1346 2525 1562 2599 ποίημα
1608 2526 1705 2581 τοῦ
1747 2527 1904 2602 ποιή-

316 2629 532 2685 σαντος,
561 2614 699 2687 ὅπερ
727 2614 1008 2672 ἀδύνατον.

387 2790 428 2846 ε’
482 2792 804 2865 Εἴδωμενδὲ
835 2796 930 2850 καὶ
954 2796 1016 2851 τὸ
1043 2798 1441 2871 ἐπιφερόμενον
1478 2814 1496 2835 ο
1529 2800 1642 2873 ἔχει
1700 2801 1757 2856 δὲ
1809 2802 1903 2856 καὶ

319 2886 487 2951 οὕτως
520 2902 534 2917 ·
567 2904 586 2938 ι
638 2887 859 2960 Ἐπειδὴ
892 2889 989 2944 ἐὰν
1021 2891 1225 2962 ἡγῆσαι
1254 2892 1382 2965 μίαν
1434 2894 1611 2966 ἀρχὴν
1662 2895 1907 2968 ἀμφοτᾶ-

321 2993 455 3042 ροις,
480 2978 575 3032 τοῦ
600 2995 661 3032 τε
695 2980 908 3052 Πατρός
969 2983 1065 3036 καὶ
1102 2982 1258 3050 Υιοῦ,
1313 2986 1617 3042 ἀπόλλυται
1661 2990 1697 3060 ἠ
1748 2984 1904 3055 τάξις

313 3069 412 3140 τῆς
441 3071 682 3141 σχέσεως
712 3074 747 3145 ἡ
770 3073 907 3128 οὖσα
934 3077 1002 3129 ὲκ
1022 3075 1115 3131 τοῦ
1161 3079 1489 3151 γεννήτορος
1522 3081 1659 3152 πρὸς
1684 3081 1745 3137 τὺ
1776 3082 1904 3151 γιν-

316 3178 466 3233 νημα
488 3181 504 3194 ·
540 3164 636 3218 καὶ
663 3168 1145 3236 καταναγκάζεται
1186 3172 1219 3243 ἡ
1253 3170 1449 3241 κλῆσις
1500 3176 1611 3227 τῶν
1662 3174 1904 3245 άμφοτέο

320 3272 431 3323 ρων
457 3257 791 3339 χωρισθῆναι
816 3259 914 3313 τοῦ
960 3250 1356 3333 γεγεννηκότος
1407 3265 1504 3318 καὶ
1547 3268 1907 3337 γεννήματος,

316 3346 414 3400 τοῦ
450 3351 900 3423 προϋπάρχοντος
933 3355 1028 3407 καὶ
1074 3358 1597 3428 μεταγενεστέρου.ι
1641 3360 1911 3432 ’Δπήλλα-

323 3438 421 3503 ξας
438 3441 584 3509 ἡμᾶς
612 3443 978 3512 πραγμάτων,
1011 3439 1057 3499 ὦ
1086 3446 1263 3515 φίλος,
1296 3448 1531 3515 ἐξειπὼν
1566 3452 1627 3504 τὸ
1664 3452 1916 3527 ἀπόρρη-

321 3548 413 3584 τον
455 3546 469 3561 ο
503 3532 552 3584 εἰ
578 3532 679 3603 μὲν
705 3534 815 3606 γὰρ
850 3534 1042 3608 ἑώρων
1069 3538 1131 3592 τὸ
1160 3539 1316 3610 παρὰ
1353 3540 1449 3596 σοῦ
1480 3542 1745 3615 προτεθὲν
1773 3545 1912 3617 λημ-

326 3624 521 3692 μάτιον
545 3626 617 3679 τὸ·
638 3628 815 3697 λέγον,
841 3647 859 3682 ι
888 3628 1162 3695 Ἕκαστος
1191 3635 1475 3705 γεννήτωρ
1508 3637 1772 3708 πρότερός
1798 3620 1914 3693 ἔστι

323 3718 419 3772 τοῦ
443 3720 647 3801 οἰκείου
665 3725 1028 3792 γεννήματος,
1063 3744 1081 3776 ι
1111 3725 1204 3779 ἐπὶ
1228 3725 1365 3780 Θεοῦ
1396 3726 1581 3798 χώραν
1609 3728 1915 3799 ἔχον,τάχα

322 3812 390 3866 ἂν
413 3814 506 3866 καὶ
535 3812 612 3885 μὴ
635 3814 804 3871 θέλων
832 3819 898 3889 τῇ
923 3817 1153 3891 ἀληθείᾳ
1182 3820 1667 3891 συνεφελκόμενος,
1715 3823 1811 3877 καὶ
1854 3821 1917 3875 τὸ

314 3906 576 3977 ’δεύτερον
600 3908 919 3980 ὡμολόγουν
940 3928 958 3945 ο
988 3912 1111 3966 ἐπεὶ
1143 3913 1199 3967 δὲ
1232 3914 1394 3968 τοῦτο
1425 3914 1591 3970 ἕωλον
1613 3917 1703 3969 καὶ
1738 3917 1916 3986 πάντη

322 3997 520 4068 ψευδὲς
550 3990 642 4053 ἐπὶ
673 4000 812 4055 Θεοῦ
843 4003 939 4056 καὶ
977 3997 1261 4077 ἀλλότριον
1298 4007 1327 4060 ὁ
1364 4004 1520 4075 λόγος
1574 4007 1797 4074 ἔδειξεν,
1852 4006 1915 4062 οὗ

327 4104 415 4162 με’
434 4081 594 4162 λόγος
627 4097 1042 4165 καταναγκάσαι
1084 4100 1270 4152 καὶτὸ
1313 4100 1712 4172 ἐπιφερόμενον
1765 4100 1918 4156 τιθέ-

326 4201 417 4240 ναι
444 4201 459 4216 ο
487 4187 582 4240 καὶ
614 4186 721 4259 γὰρ
746 4188 841 4242 ἐὰν
868 4190 963 4245 δύο
989 4193 1112 4245 τινὰ
1142 4185 1265 4258 ὦσι,
1297 4195 1395 4247 καὶ
1413 4193 1478 4248 τὸ
1505 4194 1604 4265 μὲν
1655 4196 1713 4247 ὲν
1765 4195 1918 4261 τάξει

326 4277 635 4346 ἡγουμένου
665 4280 944 4352 εἴληπται,
975 4285 1036 4339 τὸ
1075 4285 1131 4340 δὲ
1154 4288 1214 4341 ὲν
1238 4288 1305 4359 τῇ
1328 4286 1421 4342 τοῦ
1447 4286 1738 4361 ἑπόμενον,
1761 4289 1921 4360 δῆλον

328 4369 413 4421 ὅτι
442 4369 538 4423 τοῦ
564 4372 872 4443 ἡγουμένου
926 4379 1380 4451 ὁμολογηθέντος,
1432 4382 1529 4437 καὶ
1559 4384 1620 4439 τὸ
1655 4384 1923 4455 ἑπόμενον

329 4459 548 4529 ἕψεται*
569 4464 669 4534 οὐχ
681 4466 873 4534 ’ἅψεται
899 4468 977 4533 δὲ,
1003 4473 1096 4526 τοῦ
1111 4475 1416 4543 ἡγουμένου
1435 4475 1697 4547 μηδαμῶς
1737 4476 1923 4547 ὁμολο.

2001 2052 2071 2107 de
2094 2050 2206 2108 Deo
2233 2062 2288 2107 et
2320 2053 2387 2108 de
2413 2053 2684 2108 creaturis
2708 2053 2893 2107 divina
2922 2051 3188 2108 vocabula
3229 2060 3499 2120 sumunt;
3535 2062 3593 2108 et

2003 2145 2157 2215 prius
2184 2145 2387 2201 lemma
2426 2162 2456 2200 a
2492 2146 2739 2202 secundo
2789 2146 3138 2213 excluditur;
3178 2144 3533 2215 vicissimque
3558 2159 3590 2197 a

2003 2238 2189 2309 priore
2218 2238 2544 2294 secundum.
2577 2239 2791 2294 Etenim
2823 2239 2870 2294 si
2897 2238 3081 2294 omnis
3116 2237 3332 2292 factura
3362 2236 3594 2292 inferior

2000 2339 2086 2388 est
2113 2330 2341 2398 factore,
2389 2341 2612 2403 propter
2675 2332 2952 2403 prior-atus
3011 2331 3330 2404 dignitatem
3376 2348 3392 2397 ;
3438 2332 3589 2403 quod

2002 2434 2186 2479 autem
2215 2434 2300 2479 est
2341 2440 2407 2480 ex
2431 2424 2677 2494 genitore
2698 2422 2959 2493 Verbum,
2985 2440 3052 2479 ex
3075 2425 3299 2479 iacturis
3328 2423 3591 2482 factorem

2003 2514 2187 2587 arguit
2209 2531 2331 2572 esse
2360 2516 2561 2587 prius;
2595 2515 2734 2571 illud
2778 2517 3002 2586 quidem
3055 2525 3111 2571 et
3143 2514 3377 2571 inferius
3407 2518 3515 2573 erit
3538 2527 3596 2573 et

2003 2622 2115 2663 non
2142 2606 2411 2674 interius,
2472 2607 2616 2663 idem
2644 2616 2700 2663 et
2729 2622 2840 2664 non
2878 2608 3042 2675 idem,
3080 2608 3224 2679 quod
3264 2616 3351 2664 est
3383 2608 3594 2681 impos-

2002 2701 2183 2758 sibile.

2073 2793 2128 2850 5.
2174 2793 2466 2851 Videamus
2501 2793 2615 2864 jam
2651 2793 2797 2865 quod
2833 2793 2908 2849 ibi
2953 2794 3199 2863 additur,
3230 2797 3304 2851 ita
3345 2796 3494 2852 enim
3535 2811 3599 2853 se

2004 2888 2169 2945 habet
2197 2907 2213 2944 :
2256 2906 2277 2941 ι
2312 2887 2452 2955 Quia
2485 2888 2532 2944 si
2565 2897 2723 2958 putes
2760 2903 2931 2942 unum
2963 2903 3089 2944 esse
3125 2890 3456 2960 principium
3479 2904 3600 2945 am-

2004 2982 2225 3046 borum,
2254 2982 2434 3038 Patris
2457 2981 2708 3037 videlicet
2732 2992 2898 3052 atque
2952 2981 3100 3049 Filii,
3131 2982 3276 3053 perit
3312 2983 3599 3040 relationis

2006 3078 2167 3141 ordo,
2210 3090 2335 3146 qua:
2355 3075 2646 3131 intercedit
2686 3076 2833 3131 inter
2875 3076 3178 3146 genitorem
3210 3084 3267 3131 et
3305 3075 3547 3149 genitum
3580 3076 3594 3130 ι

2011 3170 2336 3240 cogiturque
2367 3169 2657 3225 amborum
2680 3170 2977 3242 appellatio
3014 3169 3226 3241 seiungi
3258 3185 3290 3227 a
3340 3171 3601 3241 gignente

2010 3269 2066 3315 et
2089 3275 2120 3314 a
2150 3262 2357 3332 genito,
2394 3276 2425 3315 a
2465 3263 2877 3333 pratexsistente
2910 3270 2965 3319 et
3013 3263 3340 3334 posteriore.
3370 3281 3391 3316 ι
3434 3262 3597 3317 Libe-

2012 3353 2148 3409 rasti
2174 3368 2260 3409 me
2282 3355 2523 3426 negotio,
2554 3369 2589 3409 o
2615 3355 2799 3422 sodes,
2832 3370 3099 3411 arcanum
3134 3370 3429 3412 enarratis.
3460 3355 3595 3411 Nam

2012 3446 2060 3501 si
2100 3446 2233 3501 mihi
2266 3447 2665 3514 persuasissem
2703 3463 2733 3503 a
2766 3457 2819 3504 te
2867 3448 3071 3503 dictam
3116 3450 3447 3504 sententiam
3478 3464 3601 3520 quae

2013 3539 2121 3593 ait:
2146 3557 2165 3591 ι
2189 3538 2381 3594 Omnis
2407 3529 2621 3611 genitor
2644 3542 2795 3611 prior
2814 3550 2897 3597 est
2926 3543 3148 3612 preprio
3167 3542 3460 3613 genimiue,
3490 3561 3512 3596 ι
3544 3542 3600 3597 in

2014 3629 2125 3687 Deo
2177 3633 2509 3697 usuvenire,
2544 3632 2781 3689 fortasse
2830 3635 3052 3689 etiamsi
3106 3633 3336 3698 invitus,
3365 3635 3598 3689 veritate

2014 3725 2354 3795 compulsus,
2392 3728 2687 3782 secundam
2719 3727 2861 3782 hanc
2886 3742 3109 3799 quoque
3142 3728 3456 3783 conﬁterer.
3494 3726 3600 3781 Sed

2016 3818 2142 3889 quia
2198 3819 2347 3873 illam
2400 3818 2610 3874 [utilem
2657 3835 2781 3876 esse
2843 3832 3010 3889 atque
3066 3820 3294 3877 omnino
3342 3818 3539 3876 falsam
3571 3837 3602 3876 a

2019 3910 2241 3983 Deoque
2291 3912 2527 3968 alienam
2580 3928 2764 3968 sermo
2821 3924 3010 3969 noster
3041 3913 3478 3977 demonstravit,
3515 3929 3605 3969 me.

2019 4013 2168 4061 certe
2192 4005 2543 4061 ratiocinium
2580 4022 2691 4061 non
2715 4016 2875 4077 coget
2898 4005 3243 4076 solijunctam
3274 4008 3605 4062 sententiam

2018 4097 2176 4167 pensi
2203 4097 2425 4153 habere.
2454 4097 2591 4151 Nam
2632 4098 2675 4152 si
2700 4099 2811 4154 duo
2840 4096 2979 4153 forte
3004 4099 3133 4161 sint,
3166 4114 3401 4168 quorum
3436 4115 3603 4155 unum

2022 4188 2382 4258 praecedentis
2442 4189 2563 4245 loco
2616 4189 2904 4256 habeatur,
2955 4189 3188 4244 alterum
3244 4203 3372 4243 vero
3411 4189 3606 4245 subse-

2023 4279 2245 4349 quentis
2271 4321 2285 4345 ,
2318 4289 2467 4351 patet
2492 4282 2835 4349 praecedente
2880 4294 3167 4345 concesso,
3198 4295 3437 4352 sequens
3465 4297 3607 4353 quo-

2024 4385 2131 4442 que
2162 4386 2485 4428 concessum
2512 4374 2577 4427 iri
2614 4392 2627 4428 :
2657 4388 2764 4428 non
2789 4382 2972 4428 tamen
2997 4374 3353 4442 concedetur,
3384 4376 3432 4431 si
3463 4391 3607 4446 prae-

2026 4464 2229 4519 cedens
2295 4466 2448 4520 nullo
2507 4466 2669 4521 modo
2732 4467 3073 4521 admittatur.
3128 4465 3244 4523 Hoc
3300 4480 3481 4523 autem
3529 4470 3611 4525 sic

330 4553 593 4626 γηθιντος
618 4575 631 4588 ·
672 4558 833 4614 τοῦτο
867 4560 923 4614 δὲ
974 4562 1135 4633 δῆλον
1176 4559 1278 4619 ὧδε
1310 4582 1325 4598 ·
1394 4569 1574 4623 Ἔστω
1627 4568 1910 4635 ἄνθρωπος

2024 4556 2369 4625 explanatur.
2411 4558 2539 4613 Esto
2576 4558 2925 4629 bomOatque
2957 4559 3163 4615 animal
3191 4561 3458 4617 :ethomo
3485 4562 3612 4633 qui-

334 4647 430 4700 καὶ
482 4646 622 4715 ζῶον
654 4664 671 4680 ·
711 4652 807 4704 καὶ
849 4653 911 4705 τὺ
965 4655 1064 4724 μὲν
1098 4655 1412 4727 ἅνθρωπος
1452 4660 1696 4733 εἰλήφθω
1753 4661 1919 4729 ἡγού-

336 4760 519 4815 μενος,
548 4747 610 4798 τὸ
644 4745 704 4799 δὲ
731 4745 870 4809 ζῶον
896 4749 1163 4819 ἑπόμενον
1194 4769 1207 4781 ’
1234 4753 1467 4824 φανερὸν
1508 4755 1603 4807 τοῦ
1631 4755 1919 4826 ἀνθρώπου

333 4836 646 4907 τιθεμένου,
705 4838 887 4892 καὶτὸ
939 4840 1078 4905 ζῷον
1139 4842 1198 4906 ἐξ
1242 4845 1487 4913 ἀνάγκης
1532 4846 1725 4916 ἕψεται
1763 4863 1778 4879 ·
1822 4849 1921 4918 οὑχ

332 4928 526 5001 ἕψεται
554 4929 633 4995 δὲ,
660 4932 736 5001 μὴ
763 4931 1051 5003 τιθεμένου
1079 4934 1291 4988 ἐκείνου
1325 4954 1340 4969 δ
1372 4938 1617 4992 τοιοῦτόν
1668 4941 1783 4993 ἐστι
1826 4942 1920 4994 καὶ

334 5026 393 5077 τὸ
418 5025 569 5093 παρὰ
615 5014 713 5081 σοῦ
760 5026 1255 5098 δραματουργηθέν
1290 5043 1304 5058 ·
1346 5030 1429 5082 διὸ
1479 5032 1528 5083 εἰ
1589 5032 1689 5102 μὲν
1737 5030 1922 5102 χώραν

334 5117 430 5171 ἐπὶ
445 5116 584 5172 Θεοῦ
606 5113 753 5191 εἶχεν
777 5119 858 5183 τὸ,
879 5119 1185 5184 «Ἕκαστος
1207 5122 1490 5193 γεννήτωρ
1516 5122 1779 5195 πρότερός
1805 5124 1922 5175 ἐστι

333 5207 431 5261 τοῦ
453 5212 656 5265 οἰκείου
693 5213 1056 5282 γεννήματος,
1080 5232 1098 5264 ι
1122 5212 1277 5284 ἡμῶν
1292 5212 1700 5285 ὁμολογούντων
1715 5214 1778 5267 τὸ
1795 5229 1922 5269 συν-

338 5301 508 5353 αἲόιον
535 5304 682 5375 ἔχειν
714 5304 809 5356 τὸν
836 5307 1055 5378 Πατέρα
1096 5307 1191 5360 καὶ
1218 5305 1312 5359 τὸν
1347 5306 1496 5365 Υὶὸν.
1550 5306 1784 5378 φανερὸν
1840 5307 1924 5361 ὅτι

342 5394 791 5463 κατηναγκάζετο
814 5400 847 5468 ἡ
884 5397 1080 5468 κλῆσις
1133 5398 1193 5464 ἐξ
1249 5398 1495 5471 ἀλλήλων
1539 5398 1877 5470 χωρισθῆναι
1907 5416 1922 5431 ’

343 5483 468 5539 ἐπεὶ
497 5486 555 5538 δὲ
576 5486 639 5540 τὺ
662 5488 930 5561 πρότερον
968 5493 1072 5546 οὐκ
1107 5491 1327 5563 ἀληθὲς,
1362 5492 1487 5546 οὐδὲ
1533 5492 1596 5546 τὸ
1632 5492 1923 5565 δεύτερον

343 5580 440 5634 καὶ
464 5577 640 5643 οὕτως
665 5581 874 5650 ἠλίθιον
905 5584 1178 5655 ἁνὲφανεν
1206 5584 1268 5639 τδ
1297 5587 1451 5656 παρὰ
1482 5584 1578 5639 σοῦ
1605 5586 1821 5657 λεχθέν.

417 5673 494 5741 ς’.
523 5674 633 5728 Καὶ
659 5673 864 5739 ἄλλωςο
899 5677 964 5730 ΕΞ
992 5678 1081 5732 διά
1111 5679 1208 5751 τὴν
1243 5680 1619 5750 συναῖδιότητα
1672 5679 1770 5733 τοῦ
1812 5680 1929 5733 Πα-

341 5766 472 5837 τρὸς
500 5768 595 5821 καὶ
619 5765 751 5821 Υἱοῦ
773 5765 833 5834 ἐξ
870 5769 1118 5839 ἀνάγκης
1154 5770 1259 5842 φὴς
1288 5771 1390 5835 τάς
1432 5773 1647 5842 σχέσεις
1693 5768 1930 5842 κεχωρι-

346 5862 496 5933 σθαι,
525 5863 936 5933 καταναγκάσει
982 5864 1185 5936 μᾶλλον
1212 5868 1241 5919 ὁ
1268 5866 1426 5934 λόγος
1472 5866 1563 5921 διὰ
1602 5865 1701 5939 τὴν
1744 5866 1930 5937 σχέσιν

2019 4653 2143 4706 dem
2173 4652 2245 4707 sit
2284 4654 2460 4707 instar
2508 4655 2890 4725 praecedentis,
2926 4658 3128 4711 animal
3174 4657 3608 4728 subsequentis:

2022 4753 2239 4800 constat
2272 4744 2495 4801 homine
2521 4748 2831 4818 supposito,
2861 4749 3066 4803 animal
3102 4764 3328 4820 quoque
3352 4765 3609 4806 necessa—

2024 4835 2109 4891 rio
2132 4837 2602 4894 subsecuturum:
2638 4841 2778 4895 haud
2833 4852 3094 4909 sequetur
3140 4851 3348 4907 autem,
3386 4842 3610 4897 homine

2025 4943 2134 4983 non
2187 4932 2497 5002 supposito.
2553 4932 2684 4991 Tale
2728 4941 2814 4989 est
2844 4934 3121 5003 objeclum
3153 4950 3181 4989 a
3226 4944 3280 4990 te
3320 4949 3613 5007 argumen-

2024 5032 2165 5077 tum.
2202 5024 2574 5091 Quamobrem
2609 5027 2653 5082 si
2686 5028 2741 5081 in
2771 5026 2882 5083 Deo
2914 5027 3233 5083 usuveniret
3260 5030 3565 5100 propositio
3595 5050 3607 5085 :

2029 5132 2049 5164 ε
2078 5111 2270 5171 Omnis
2293 5117 2509 5186 genitor
2535 5117 2684 5188 prior
2711 5128 2795 5174 est
2818 5118 3039 5190 proprio
3060 5120 3353 5189 genimiue,
3387 5139 3406 5172 ι
3438 5123 3613 5177 conti-

2028 5208 2271 5263 tcntibus
2319 5210 2479 5266 nobis
2514 5221 2818 5265 coaeternus
2856 5227 2975 5266 esse
3021 5213 3240 5267 Patrem
3286 5228 3349 5268 ac
3388 5212 3610 5280 Filium,

2028 5312 2175 5371 patet
2202 5311 2447 5359 mutuam
2478 5304 2898 5375 appellationem
2931 5306 3245 5361 necessario
3278 5323 3343 5361 ex
3376 5318 3614 5379 utroque

2030 5394 2148 5453 fore
2185 5397 2605 5469 sejungendam.
2654 5398 2758 5453 Sed
2787 5400 2915 5470 quia
2969 5399 3119 5469 prior
3150 5402 3456 5470 propositio
3486 5418 3610 5456 vera

2028 5505 2138 5545 non
2172 5502 2278 5553 est.
2304 5507 2371 5547 ne
2396 5494 2567 5547 altera
2586 5494 2829 5564 quidem.
2884 5493 3063 5562 Atque
3094 5494 3171 5549 ita
3205 5492 3361 5548 futile
3390 5504 3614 5564 apparet

2030 5592 2303 5657 prolatum
2336 5607 2365 5646 a
2396 5600 2447 5646 te
2471 5601 2876 5659 argumentum.

2100 5684 2155 5741 6.
2179 5685 2311 5742 Item
2348 5685 2545 5738 aliter:
2574 5683 2630 5738 Si
2667 5692 2952 5755 propterea
2985 5683 3135 5754 quod
3179 5683 3437 5740 coaeterni
3486 5698 3617 5741 sunt

2030 5777 2194 5834 Pater
2218 5791 2281 5833 ac
2331 5775 2526 5843 Filius,
2561 5777 2646 5833 ais
2704 5776 3022 5832 necessario
3070 5777 3368 5833 relationes
3421 5790 3613 5833 eorum

2036 5870 2154 5927 fore
2216 5868 2621 5943 sejungendas,
2658 5873 2771 5927 imo
2824 5879 2983 5943 coget
3032 5870 3215 5942 potius
3264 5870 3611 5930 ratiocinium
