4094 6284
528 375 638 440 835

1776 370 2074 432 NICETJE
2110 370 2484 431 BYZANTIN
2490 371 2517 430 Ι

3726 368 3833 434 836

533 506 743 554 norem,
777 489 1044 560 potiorem
1078 487 1344 542 adversus
1377 487 1724 551 deteriorem.
1772 485 1836 539 Et
1882 486 1988 538 illae
2024 485 2122 538 bas

2237 483 2436 552 μείζων
2467 482 2608 536 κατὰ
2658 479 2756 534 τοῦ
2815 479 3132 542 ἐλάσσονος,
3168 479 3263 532 καὶ
3304 481 3333 534 δ
3369 480 3639 551 κρείττων
3687 488 3835 541 κατὰ

531 595 910 652 saepenumero
968 582 1072 636 sibi
1117 581 1383 650 pabulum
1432 580 1640 633 faciunt
1678 597 1691 632 :
1732 579 2006 633 interdum
2065 589 2121 632 et

531 676 796 738 laceram,
869 675 1137 745 zelotypia
1182 674 1416 743 quadam
1455 689 1518 726 cx
1550 673 1789 743 ipsarum
1847 671 2122 726 cubilibus

533 768 806 836 pellendi,
846 785 865 819 ›
901 777 954 820 et
995 770 1224 836 reliqua.
1280 766 1392 820 Hoc
1437 765 1560 820 loco
1613 767 1866 835 ignorare
1920 763 2123 819 videris

532 861 812 928 quomodo
855 869 1181 926 argumenta
1226 859 1456 929 proferri
1487 867 1758 928 oporteat,
1804 857 1887 910 vel
1940 870 2120 910 secus.

531 951 667 1004 Nam
700 953 743 1004 si
778 953 921 1022 quod
961 968 1063 1005 nos
1095 952 1417 1019 scripsimus
1439 949 1508 1005 de
1534 950 1684 1003 omni
1707 947 1952 1005 animali,
1987 961 2123 1016 qua-

534 1053 693 1097 lenus
720 1044 1051 1113 homogenea
1079 1051 1207 1095 sunt
1229 1043 1310 1096 vel
1343 1043 1720 1109 beterogenea,
1750 1040 1798 1092 id
1832 1055 1936 1092 una
1958 1039 2122 1091 etiam

535 1135 848 1188 ronversari
879 1145 932 1188 et
983 1135 1306 1204 congregari
1362 1134 1484 1190 illas
1531 1131 1868 1196 aﬂirtnaret,
1901 1138 2124 1199 propter

535 1238 784 1281 mutuam
826 1227 1329 1289 mansuetudinem,
1389 1234 1442 1280 et
1487 1225 1878 1281 conservandre
1929 1224 2124 1277 salutis

535 1334 722 1371 curam
757 1333 771 1385 ;
812 1329 866 1372 tu
896 1334 1022 1372 vero
1058 1319 1110 1372 in
1157 1319 1440 1372 nonnullis
1473 1317 1802 1371 animalibus
1838 1316 1981 1369 haud
2018 1316 2126 1368 tale

533 1424 660 1463 esse
692 1410 1019 1476 observasti,
1053 1410 1164 1464 imo
1193 1419 1248 1464 et
1297 1411 1660 1473 contrarium,
1698 1423 1892 1476 nempe
1930 1407 2126 1462 adver-

534 1499 648 1553 sari
675 1512 729 1556 et
761 1515 951 1558 mutuo
981 1505 1232 1566 lacerari,
1279 1514 1332 1558 et
1362 1504 1509 1572 quod
1538 1503 1775 1557 dcbilius
1809 1512 1892 1558 est
1932 1518 1962 1557 a
1989 1502 2124 1557 vaii-

535 1599 689 1655 diore
751 1600 982 1668 opprimi
1009 1639 1025 1661 ,
1079 1606 1130 1651 et
1193 1597 1436 1651 deterius
1483 1614 1509 1647 τι
1553 1598 1795 1667 patiore,
1830 1612 1953 1666 qua:
1985 1605 2040 1650 tu
2070 1597 2125 1650 in

536 1693 741 1757 scripto
788 1699 881 1744 tuo
923 1690 1182 1758 posuisti,
1244 1690 1410 1742 veluti
1467 1689 1522 1742 ﬁt
1564 1705 1593 1742 a
1638 1691 1794 1742 leone
1821 1728 1836 1752 ,
1889 1703 2040 1752 urso,
2074 1699 2127 1743 et

535 1782 810 1837 similibus
857 1798 871 1846 ;
917 1797 1109 1850 posses
1197 1783 1449 1853 equidem
1502 1797 1817 1837 sermonem
1875 1792 2124 1837 nostrum

2228 576 2322 637 τοῦ
2352 577 2620 649 χείρονος,
2653 574 2750 629 καὶ
2796 573 3064 636 πολλάκις
3099 575 3337 627 ποιεῖται
3391 573 3598 647 τροφὴν
3622 578 3793 634 αὐτοῦ
3819 597 3834 611 ο

2229 670 2377 722 ἔστιν
2431 670 2517 722 ὅτε
2547 669 2642 721 καὶ
2671 665 2984 741 διαφθείρει
3015 664 3196 732 αὐτὸν,
3256 667 3559 735 ἀντιξηλῶν
3585 668 3680 723 τοῦ
3708 670 3842 725 διω-

2228 760 2425 831 χθῆναι
2449 761 2616 815 αὐτὸν
2653 761 2762 813 ἀπὺ
2789 759 2888 827 τῆς
2914 757 3108 824 κοίτης
3139 757 3306 809 αὑτοῦ
3327 796 3341 817 ,
3382 776 3400 808 ι
3434 759 3528 811 καὶ
3557 761 3625 811 τὰ
3679 759 3838 829 ἑξῆς.

2243 851 2508 904 Ἐνταῦθα
2540 851 2718 914 δοκεῖς
2746 846 3084 919 ἠγνοηκέναι
3111 847 3209 909 τὰς
3240 849 3574 914 ἀποδείξεις,
3612 849 3729 913 πῶς
3755 851 3842 906 δεῖ

2232 946 2517 1012 προάγειν,
2551 943 2648 997 καὶ
2695 943 2814 1004 πῶς
2844 942 2904 994 οὐ
2944 941 3048 995 δεῖ.
3093 940 3155 992 ΕΞ
3186 940 3285 1010 μὲν
3310 941 3418 1008 γὰρ
3445 942 3508 992 ab
3537 941 3670 1009 παρ’
3701 943 3841 1012 ἡμῖν

2231 1039 2443 1108 γραφὲν
2475 1038 2604 1108 περὶ
2632 1037 2832 1100 παντὸς
2863 1037 3061 1103 ἀλόγου
3093 1033 3257 1098 (dicit,
3295 1035 3431 1105 πρός
3457 1052 3516 1088 τε
3541 1036 3603 1088 τὸ
3633 1036 3842 1106 ὁμογεέ

2231 1131 2320 1190 νὲς
2361 1129 2393 1198 ἢ
2434 1129 2527 1182 καὶ
2557 1130 2896 1199 ἑτερογενὲς,
2922 1128 2984 1181 τὸ
3014 1126 3401 1191 συναλίζεσθαί
3443 1143 3503 1181 τε
3545 1130 3646 1184 καὶ
3673 1130 3840 1183 ἑνοῦ-

2237 1225 2360 1276 σθαι
2397 1222 2731 1290 ὑπισχνεῖτο,
2786 1221 2877 1273 διὰ
2911 1220 3012 1292 τὴν
3061 1219 3199 1290 πρὸς
3251 1218 3456 1290 ἄλληλα
3487 1222 3838 1290 ἡμερότητα,

2234 1316 2308 1376 ὡς
2349 1316 2643 1386 φειδόμενα
2671 1316 2766 1384 τῆς
2795 1314 3007 1367 ἑαυτῶν
3042 1313 3319 1381 σωτηρίας
3345 1330 3359 1344 ·
3389 1309 3510 1366 εἶτα
3534 1315 3628 1367 ὲπί
3666 1333 3838 1369 τινων

2234 1409 2390 1473 ζώων
2419 1409 2578 1462 τοῦτο
2610 1407 2787 1477 εὑρὼν
2812 1409 2875 1461 σὺ
2921 1409 2994 1477 μὴ
3025 1407 3422 1477 θεωρούμενον,
3454 1407 3658 1476 μᾶλλον
3684 1408 3743 1461 δὲ
3773 1410 3838 1462 τὸ

2234 1504 2482 1558 ἐναντίον
2513 1502 2574 1555 τὸ
2626 1501 3021 1556 ἐπανίστασθαι
3056 1503 3153 1556 καὶ
3185 1501 3523 1572 διαφθείρειν
3549 1503 3644 1553 καὶ
3685 1504 3832 1556 ἁπο-

2233 1597 2455 1651 διώκειν
2483 1595 2575 1649 τδν
2617 1596 2964 1665 ἰσχυρότερον
2995 1593 3088 1648 τὸν
3141 1594 3560 1663 ἀσθενέστερον,
3611 1596 3703 1648 καὶ
3735 1597 3830 1650 τὸν

2234 1691 2524 1762 κρείττονα
2565 1688 2656 1742 τὸν
2700 1687 2937 1758 χείρονα,
2995 1685 3031 1740 ἃ.
3075 1687 3169 1762 καὶ
3207 1687 3268 1738 ὲν
3318 1684 3397 1755 τῷ
3425 1687 3502 1758 σῷ
3535 1687 3821 1758 γράμματι

2236 1783 2576 1855 παρετίθεις,
2613 1775 2723 1833 οἷον
2750 1777 2943 1833 λέοντὰ
2975 1787 3119 1851 φημι
3151 1779 3247 1833 καὶ
3292 1765 3463 1850 ἄρκον
3500 1781 3586 1833 καὶ
3608 1781 3679 1832 -τὰ
3709 1798 3819 1834 πα-

536 1876 755 1930 fortiter
783 1876 1071 1945 perimere.
1111 1876 1218 1930 Sed
1245 1875 1373 1946 quia
1427 1876 1574 1945 quod
1635 1875 1962 1945 scripsimus
2014 1890 2123 1929 non

2237 1875 2510 1945 ραπλήσια
2544 1891 2556 1902 ·
2592 1870 2738 1944 εἶχες
2776 1872 2844 1924 ἄν
2893 1871 3158 1940 γενναίως
3212 1870 3305 1924 τὸν
3357 1871 3626 1941 ἡμέτερον
3656 1868 3818 1939 λόγον

536 1973 781 2027 demnni
823 1971 1127 2026 irrationali
1190 1970 1416 2025 animali
1467 1971 1730 2039 loquitur,
1796 1969 1960 2023 stulte
2011 1969 2128 2022 bla-

536 2075 709 2130 teras,
741 2065 885 2120 male
941 2065 1236 2121 conﬁctam
1289 2064 1480 2118 drama
1535 2062 1824 2125 inducens,
1859 2071 1912 2115 et
1969 2059 2128 2130 quasi

535 2166 866 2226 personatus
915 2172 1105 2225 agens.
1142 2156 1277 2224 Quis
1314 2157 1464 2211 enim
1498 2156 1584 2209 vel
1633 2154 1862 2210 minima
1917 2153 2129 2223 perspi-

534 2253 686 2305 cacia
718 2252 978 2321 przeditns
1011 2255 1248 2321 ignorat,
1302 2266 1411 2304 non
1443 2249 1627 2304 omnia
1679 2247 2001 2303 animalium
2038 2264 2132 2317 ge-

535 2355 666 2396 nera
699 2342 1023 2396 naturaliter
1055 2357 1178 2396 esse
1211 2350 1526 2410 comparata
1557 2351 1616 2394 ut
1649 2351 2051 2409 congregemur
2076 2347 2130 2393 et

537 2435 797 2489 socialem
834 2435 998 2488 vitam
1032 2435 1356 2488 sectentur?
1387 2432 1634 2502 Namque
1661 2435 1980 2487 animalium
2023 2433 2128 2486 alia

537 2534 668 2578 sunt
699 2525 940 2592 solivaga
967 2565 980 2586 ,
1014 2524 1119 2576 alia
1153 2523 1394 2593 gregalia
1423 2541 1437 2585 ;
1478 2538 1779 2592 rursusque
1825 2525 2128 2593 gregalium

541 2617 650 2671 alia
681 2618 785 2671 sub
813 2616 1180 2684 gubernatore
1208 2618 1552 2678 ordinantur,
1591 2616 1696 2669 alia
1757 2633 1939 2671 secus.
1974 2617 2132 2672 Utra-

537 2722 646 2778 que
680 2722 809 2761 vero
843 2707 956 2760 lucc
999 2707 1194 2776 partim
1236 2716 1366 2760 sunt
1397 2706 1598 2768 civilia,
1646 2709 1844 2776 partim
1882 2709 2127 2773 minime,

535 2804 677 2855 sicut
701 2800 942 2870 ipsorum
978 2799 1328 2870 physiologize
1364 2808 1528 2868 atque
1554 2799 1798 2852 historiae
1824 2800 2042 2854 docent.
2074 2802 2131 2855 Si

534 2907 666 2960 ergo
699 2891 803 2946 alia
831 2903 960 2944 sunt
992 2891 1252 2961 solivaga,
1299 2890 1402 2944 alia
1438 2891 1705 2957 minime;
1741 2901 1954 2946 consmt
1977 2907 2129 2948 coni-

536 2993 785 3053 paratum
819 2998 940 3038 esse
967 2998 995 3037 a
1025 2992 1216 3036 natura
1252 2992 1310 3037 ut
1352 2984 1550 3053 partim
1578 2993 1980 3053 congregantur
2003 3003 2128 3041 cum

538 3073 895 3144 bomogeneis
953 3071 1107 3135 suis,
1157 3076 1352 3140 partim
1391 3087 1573 3127 secus.
1625 3073 1778 3139 Quod
1817 3076 1860 3128 si
1893 3075 1967 3130 ita
2024 3087 2128 3144 est,

535 3179 701 3220 nemo
757 3179 891 3217 sana
960 3172 1141 3218 mente
1173 3163 1407 3233 pollens,
1448 3172 1544 3216 aut
1595 3172 1750 3233 putat
1783 3174 1880 3219 aut
1918 3168 2128 3234 scribit,

535 3259 721 3311 omnia
757 3256 1015 3311 animalia
1043 3258 1186 3310 inter
1227 3271 1288 3310 se
1312 3257 1635 3326 congregari
1670 3257 1845 3312 solere
1873 3267 1928 3311 et
1970 3260 2136 3314 simul

536 3353 741 3405 vivere.
778 3348 854 3405 Ne
916 3364 1016 3404 nos
1085 3350 1306 3420 quidem
1355 3349 1542 3418 itaque
1601 3349 1704 3405 hoc
1730 3351 1991 3407 diximus.
2030 3351 2135 3407 Sed

538 3446 665 3514 quia
698 3445 934 3498 maxime
970 3444 1190 3512 propria
1232 3450 1359 3496 nota
1391 3450 1446 3496 et
1493 3442 1936 3499 characteristica
1990 3444 2136 3499 inest

540 3538 762 3591 animali
797 3539 1068 3606 praecipue
1105 3535 1318 3602 sociali,
1369 3537 1720 3590 ratiocinium
1757 3545 1812 3590 et
1844 3535 2137 3607 prudentia

536 3640 596 3686 et
622 3646 747 3685 cum
782 3633 993 3684 ratione
1035 3630 1325 3700 judicium,
1383 3638 1670 3701 pmpterea
1699 3645 1954 3686 sermone
1975 3642 2137 3685 exte-

542 3724 685 3780 riore
718 3725 924 3795 indiget
969 3725 1156 3790 homo,
1190 3733 1248 3778 ut
1294 3739 1492 3777 arcane
1552 3725 1821 3793 repositas
1843 3724 2138 3794 cogitatio-

544 3823 726 3874 nesiu
773 3826 1055 3872 externam
1113 3819 1288 3873 lucem
1333 3818 1556 3882 educat,
1581 3828 1636 3871 et
1690 3834 1812 3872 rum
1871 3815 2140 3886 proximis

541 3912 933 3967 communicet.
960 3909 1082 3974 Quo
1119 3910 1198 3977 ﬁt,
1239 3918 1298 3964 ut
1351 3909 1674 3964 naturaliter
1707 3911 1779 3964 sit
1831 3912 1984 3964 cicur
2019 3911 2140 3963 ani-

545 4005 673 4070 mal,
708 4012 761 4058 et
787 4003 1034 4073 apprime
1068 4003 1289 4057 sociale.
1327 4003 1554 4056 ueteris
1595 4017 1725 4056 vero
1758 4002 1974 4055 cunctis
2017 4001 2140 4056 ani-

548 4096 787 4151 malibus
818 4095 1082 4149 sodalitas
1105 4103 1157 4147 et
1187 4094 1452 4146 naturalis
1474 4094 1836 4146 mansuetudo
1866 4092 2140 4161 principa-

541 4190 664 4242 liter
712 4203 820 4240 non
871 4186 1054 4240 inest:
1097 4184 1190 4238 sed
1228 4195 1408 4238 tamen
1460 4185 1512 4237 in
1556 4183 1836 4237 nonnullis
1898 4184 2139 4236 cernitur

539 4280 903 4334 conversaudi
937 4287 990 4332 et
1011 4277 1178 4332 simul
1218 4278 1434 4329 Vivendi
1490 4287 1654 4344 atque
1691 4275 2135 4330 communirandi

540 4373 807 4428 studium.
845 4369 950 4425 Sed
983 4372 1155 4424 multo
1186 4370 1360 4439 magis
1391 4369 1494 4422 hoc
1527 4370 1668 4421 inter
1708 4368 1961 4422 homines
2005 4382 2139 4422 con-

541 4468 794 4521 stitutum
824 4477 927 4520 est.
959 4462 1096 4517 Nam
1132 4463 1177 4517 si
1209 4462 1355 4531 quod
1405 4461 1588 4516 minus
1611 4476 1734 4516 esse
1787 4460 2021 4526 videtur,
2054 4472 2136 4515 ta-

2229 1969 2494 2040 ὰναιρεῖν.
2530 1968 2682 2021 Ἐπεὶ
2706 1969 2763 2021 δὲ
2794 1967 2854 2020 τὸ
2888 1967 3020 2037 παρ’
3052 1966 3184 2036 ἡμῖν
3209 1964 3421 2036 γραφὲν
3451 1967 3510 2018 οὐ
3546 1966 3672 2036 περὶ
3693 1982 3835 2020 πανσ-

2229 2061 2319 2124 τδς
2347 2063 2544 2131 ἀλόγου
2576 2061 2718 2126 {ibeo
2754 2060 2914 2115 τοῦτο
2940 2061 3365 2129 ἐπαγγέλλεται,
3415 2060 3508 2112 καὶ
3538 2060 3834 2128 ματαιολο-

2230 2158 2368 2222 γεῖς,
2419 2155 2482 2209 τὸ
2521 2154 2902 2209 κακόπλαστον
2943 2155 3178 2223 εἰσάγων
3230 2155 3413 2223 δρᾶμα
3449 2155 3544 2206 καὶ
3595 2153 3837 2223 ὑποκρι-

2230 2246 2455 2317 νόμενος
2476 2264 2489 2277 ·
2521 2245 2644 2300 τίνα
2671 2246 2778 2317 γὰρ
2802 2246 2898 2300 καὶ
2925 2246 3034 2300 τῶν
3061 2248 3236 2316 μικρὰ
3260 2246 3490 2316 συνορᾷν
3515 2245 3840 2314 δυναμένων

2230 2336 2479 2409 λέληθεν,
2516 2339 2598 2393 ὅτι
2638 2341 2738 2409 οὐχ
2775 2341 2995 2395 ἅπαντα
3031 2339 3099 2392 τὰ
3130 2339 3245 2409 εἴδη
3279 2338 3388 2390 τῶν
3423 2336 3578 2403 ζώων
3610 2337 3838 2391 συναλί-

2231 2431 2420 2494 ζεσθαι
2448 2432 2539 2483 καὶ
2568 2432 2980 2484 συνδιαιτᾶσθαι
3007 2432 3144 2501 πρὸς
3181 2431 3385 2500 ἄλληλα
3416 2432 3629 2500 πέφυκε
3656 2450 3670 2495 ;
3707 2429 3839 2484 Τῶν

2231 2524 2342 2592 γὰρ
2376 2521 2530 2586 ζώων
2554 2523 2623 2576 τὰ
2654 2527 2752 2592 μέν
2778 2528 2885 2577 alat
2924 2526 3212 2593 μοναδικὰ,
3249 2526 3315 2579 τὰ
3343 2525 3400 2579 δὲ
3430 2525 3681 2594 ἀγελαῖα,
3735 2524 3840 2578 καὶ

2231 2613 2341 2665 τῶν
2372 2615 2644 2682 ὰγελαίων
2676 2615 2746 2667 τὰ
2777 2617 2876 2684 μὲν
2907 2616 2997 2684 ὑφ’
3045 2619 3283 2686 ἡγεμόνι
3314 2620 3626 2680 τάττονται.
3675 2618 3746 2671 τὰ
3771 2618 3839 2670 δὲ

2232 2703 2315 2757 οὔ.
2338 2705 2647 2776 Ἐκατέρων
2677 2705 2733 2758 δὲ
2760 2706 2967 2759 τούτων
2998 2708 3067 2759 τὰ
3100 2709 3198 2775 μέν
3229 2710 3334 2762 εἱσι
3366 2711 3638 2775 πολιτικά,
3681 2711 3751 2764 τὰ
3775 2711 3842 2764 δὲ

2231 2798 2294 2851 οὗ
2317 2814 2328 2826 ’
2365 2799 2441 2861 ὡς
2468 2800 2524 2851 αἱ
2557 2801 2685 2870 περὶ
2715 2799 2894 2853 αὐτῶν
2926 2801 3267 2868 φυσιολογὶαι
3297 2804 3390 2854 καὶ
3415 2804 3647 2873 ἱστορίαι
3681 2805 3799 2857 ὲκδι
3827 2834 3844 2845 ο

2231 2889 2548 2943 δάσκουσιν.
2584 2891 2645 2944 El
2677 2888 2771 2945 οὖν
2819 2892 2889 2945 τὰ
2923 2892 3022 2963 μέν
3053 2893 3159 2945 είσι
3195 2892 3480 2961 μοναδικὰ.
3505 2895 3568 2944 τὰ
3607 2894 3711 2966 [δὲ]
3742 2896 3842 2962 οὒ,

2234 2986 2466 3056 φανερὸν
2490 2987 2572 3039 ὅτι
2595 2985 2662 3038 τὰ
2700 2985 2799 3056 μὲν
2834 2984 3212 3050 συναλίζεσθαι
3248 2984 3386 3053 μετὰ
3413 2984 3519 3037 τῶν
3546 2985 3847 3052 oneravi»

2234 3079 2470 3144 πέφυκε,
2510 3077 2579 3130 τὰ
2595 3079 2652 3131 δὲ
2687 3077 2782 3149 μή.
2835 3076 2898 3131 Ei
2928 3077 2984 3130 δὲ
3008 3076 3165 3130 τοῦτο
3192 3077 3367 3138 οὕτως
3400 3076 3535 3146 ἔχει,
3567 3075 3740 3137 οὐδεὶς
3768 3073 3849 3126 ἂν

2238 3171 2598 3241 ἀδιάστροφον
2635 3171 2806 3243 φρένα
2835 3172 2998 3240 ἔχων,
3037 3169 3163 3222 οὔτε
3190 3172 3300 3223 νοεῖ
3329 3169 3454 3223 οὕτε
3502 3168 3703 3238 γράφει
3747 3165 3846 3231 τὸ,

2238 3263 2426 3316 Πάντα
2455 3262 2528 3315 τὰ
2583 3264 2698 3328 ζῶα
2751 3264 2863 3332 ἔχει
2904 3263 2964 3316 τὸ
3020 3259 3403 3326 συναλίζεσθαι
3442 3262 3577 3330 πρὸς
3625 3257 3848 3327 ἄλληλα

2239 3357 2336 3408 καὶ
2389 3356 2833 3410 συνδιαιτᾶσθαι·
2884 3355 3008 3410 ὃθεν
3061 3355 3183 3408 οὐδὲ
3231 3357 3422 3425 ἡμεῖς’
3473 3352 3587 3408 ἀλλ’
3643 3351 3844 3422 ἐπειδὴ

2244 3447 2533 3501 ἰδιαίτατον
2560 3448 2852 3519 γνώρισμα
2879 3448 2971 3502 καὶ
2997 3465 3248 3519 χαρακτη
3260 3447 3501 3517 ριστικὸν
3541 3444 3721 3498 ἔνεστι
3738 3445 3846 3498 τοῦ

2241 3541 2447 3610 κυρίως
2478 3540 2800 3595 κοινωνικοῦ
2852 3541 3020 3606 ζὼου,
3053 3542 3081 3594 ὃ
3107 3557 3169 3592 τε
3207 3539 3365 3607 λόγος
3392 3539 3487 3592 καὶ
3514 3541 3547 3608 ἡ
3576 3539 3848 3607 φρόνησις

2240 3636 2334 3685 καὶ
2361 3634 2393 3701 ἡ
2430 3635 2566 3704 μετὰ
2593 3634 2754 3702 λόγου
2792 3634 2995 3702 κρίσις,
3023 3633 3114 3686 διά
3136 3649 3219 3685 τοι
3246 3630 3405 3684 τοῦτο
3441 3631 3535 3683 καὶ
3558 3630 3718 3699 λόγου
3743 3629 3846 3683 τοῦ

2240 3723 2442 3790 ἔξωθεν
2487 3727 2683 3794 ἐδεήθη
2715 3728 2742 3780 ὁ
2774 3727 3060 3796 ἄνθρωπος
3081 3765 3096 3789 ,
3135 3724 3210 3787 ὡς
3238 3726 3307 3778 ἂν
3342 3724 3411 3778 τὰ
3449 3725 3508 3776 ὲν
3541 3722 3694 3793 βάθει
3722 3723 3844 3776 κείσ

2243 3834 2386 3887 μενα
2422 3817 2674 3887 νοήματα
2713 3819 2791 3879 είς
2843 3817 2958 3885 φῶς
2993 3816 3193 3882 ἔξωθεν
3225 3816 3427 3886 ἄγηται
3463 3815 3559 3869 καὶ
3588 3817 3699 3877 τοῖς
3735 3815 3846 3869 πέ-

2242 3911 2339 3974 λας
2389 3911 2770 3979 κοινοποιῆται
2799 3928 2813 3942 ·
2871 3910 3121 3963 ὅθεν’καὶ
3158 3910 3320 3980 φύσει
3359 3911 3572 3982 ἥμερον
3619 3909 3765 3975 ζῶον
3817 3911 3850 3964 ὁ

2241 4004 2564 4072 ἄνθρωπος,
2622 4007 2717 4057 καὶ
2787 4008 3100 4057 κοινωνικὸν
3153 4005 3292 4069 ζῶον
3348 4005 3553 4075 κυρίως
3601 4004 3850 4060 ὶνταῦθά

2242 4094 2520 4148 ὲστιν.Ἐν
2543 4095 2600 4146 δὲ
2635 4097 2744 4156 τοῖς
2771 4095 2988 4162 ἀλόγοις
3023 4094 3182 4158 ζώοις
3223 4095 3396 4149 ἅπασι
3419 4096 3482 4148 τό
3509 4111 3567 4147 τε
3595 4111 3852 4148 κοινωνι-

2242 4188 2337 4241 κὸν
2383 4190 2478 4240 καὶ
2506 4189 2668 4256 φύσει
2701 4190 2910 4257 ἥμερον
2944 4190 3150 4259 κυρίως
3177 4190 3278 4243 οὐκ
3329 4189 3538 4242 ἔνεστιν
3562 4205 3574 4220 ·
3607 4187 3848 4259 εὓρηται

2242 4280 2300 4332 δὲ
2334 4279 2408 4343 ὡς
2451 4281 2543 4332 ἐπί
2574 4298 2738 4333 τινων
2771 4280 2878 4334 τῶν
2925 4282 3140 4349 ἀλόγων
3169 4280 3325 4346 ζώων
3358 4279 3519 4335 τοῦτο
3555 4281 3851 4345 συναλίζε-

2245 4374 2369 4428 σθαι
2419 4377 2513 4428 xui.
2546 4374 2954 4428 συνδιαιτᾶσθαι
2999 4377 3093 4428 καὶ
3125 4375 3596 4430 κοινοποιεῖσθαι·
3654 4377 3847 4446 πολλῷ

2249 4468 2448 4537 μᾶλλον
2481 4469 2696 4526 καὶέπὶ
2726 4467 2835 4520 τῶν
2865 4467 3171 4537 ἀνθρώπων
3201 4466 3360 4521 τοῦτο
3386 4467 3607 4539 θεμιτὸν
3631 4470 3698 4522 ἂν
3729 4471 3839 4539 εἴη.

540 4577 666 4616 men
710 4569 792 4615 est
824 4600 840 4625 ,
889 4560 1063 4613 multo
1099 4558 1275 4627 magis
1327 4555 1473 4626 quod
1509 4555 1743 4623 amplius
1773 4564 1894 4609 est:
1928 4564 2131 4625 quanto

2241 4560 2302 4613 Εί
2333 4562 2441 4630 γὰρ
2486 4560 2548 4613 «τὸ
2592 4555 2752 4631 ἦττον
2807 4559 2998 4613 δοκοῦν
3035 4561 3301 4631 ὑπάρχειν
3345 4560 3604 4629 ὑπάρχει,
3652 4561 3839 4632 πολλῷ

539 4655 751 4709 scilicet
781 4652 1198 4708 convenientiae
1230 4649 1529 4717 utiliusque
1569 4657 1654 4703 est
1700 4647 2015 4702 conversari
2065 4650 2143 4701 si-

542 4748 767 4816 mulque
799 4748 981 4799 vivere
1001 4759 1125 4798 cum
1167 4747 1510 4813 homogeneo
1551 4757 1652 4797 suo
1687 4741 1988 4805 hominem,
2018 4741 2137 4793 ani-

542 4844 655 4897 mal
693 4842 953 4895 nimirum
992 4840 1264 4910 prtecipue
1307 4836 1513 4893 sociale
1543 4879 1556 4902 ,
1595 4846 1648 4890 et
1698 4847 1888 4904 suapte
1943 4847 2137 4890 natura

542 4936 716 4991 cicur.
747 4934 860 4988 lloc
904 4933 1050 4988 enim
1082 4942 1136 4988 et
1169 4949 1270 4989 nos
1304 4948 1414 5002 pra:
1441 4930 1616 4984 oculis
1647 4931 1911 4984 habentes
1933 4970 1948 4996 ,
1984 4930 2139 4985 vobis

543 5030 889 5096 Scripsimus.

617 5122 705 5175 ιε.
761 5121 945 5174 Denuo
996 5117 1357 5188 progrediens
1417 5114 1486 5167 ad
1523 5114 1691 5167 alium
1737 5112 1922 5180 scripti
1967 5111 2139 5166 nostri

547 5217 749 5282 locum,
767 5229 1007 5281 eumque
1035 5208 1688 5270 refutareconnitens,ita
1709 5206 1948 5259 scribis:
1975 5226 1992 5256 ι
2023 5206 2142 5259 Ca2-

547 5310 698 5362 dium
731 5307 850 5361 aliae
904 5306 1065 5360 licitae
1096 5311 1243 5365 sunt,
1292 5301 1416 5354 alia:
1466 5300 1688 5353 illicitae.
1749 5298 2001 5352 lllicitum
2037 5308 2138 5363 est,

549 5413 712 5471 prout
744 5413 936 5470 reapse
992 5413 1022 5452 a
1077 5397 1188 5450 Deo
1216 5403 1456 5457 velatur,
1482 5392 1734 5447 occidere
1773 5391 1986 5445 ﬁdelem
2025 5393 2138 5460 pri-

549 5503 672 5547 vnto
708 5491 1022 5562 proposito:
1051 5489 1352 5559 legitimum
1404 5496 1583 5538 autem
1616 5494 1701 5537 est
1734 5483 1984 5536 occidere
2012 5499 2137 5537 eum

548 5589 640 5658 qui
672 5586 912 5640 dandum
947 5591 1132 5638 censet
1164 5581 1274 5634 Deo
1306 5579 1571 5643 sodalem,
1605 5577 1834 5630 ethunc
1884 5578 2000 5645 pari
2040 5592 2137 5643 po-

551 5681 716 5736 tentia
747 5677 1029 5748 praeditum
1065 5673 1383 5743 conﬁngita
1411 5670 1535 5725 Haec
1558 5671 1690 5723 dum
1728 5668 1949 5731 scribis,
1985 5671 2140 5722 indu-

2243 4653 2444 4722 μᾶλλον
2479 4653 2571 4706 καὶ
2597 4653 2657 4705 τὸ
2691 4653 2892 4721 μᾶλλον
2912 4669 2923 4680 ·
2967 4651 3105 4722 ὅπερ
3135 4653 3413 4721 προσῆκόν
3442 4653 3558 4705 ἐστι
3586 4652 3682 4704 καὶ
3702 4654 3832 4722 ad)-

2239 4745 2330 4798 λον
2355 4745 2560 4811 ὀφείλει
2595 4746 2655 4797 τὸ
2689 4745 3072 4808 συναλίζεσθαι
3115 4746 3209 4798 καὶ
3252 4744 3663 4796 συνδιαιτᾶσθαι
3697 4746 3828 4812 πρὸς

2237 4837 2299 4890 τὸ
2317 4839 2574 4907 ὁμογενὲς
2591 4838 2680 4891 τὸν
2707 4838 2993 4906 ἄνθρωπον
3020 4838 3094 4898 ὡς
3120 4837 3436 4891 κοινιιινικὸν
3462 4837 3601 4902 ζῶον
3627 4842 3834 4907 κυρ¹ως

2241 4931 2335 4984 καὶ
2358 4932 2566 5001 ἥμερον
2599 4931 2779 5000 φύσει.
2817 4932 2905 4994 Εἰς
2948 4931 3109 4983 τοῦτο
3138 4931 3248 5001 γὰρ
3274 4933 3366 4983 καὶ
3394 4934 3556 5002 ἡμεῖς
3580 4931 3834 5003 ἀφορῶν-

2245 5042 2337 5087 τες
2365 5025 2504 5096 πρδς
2526 5025 2668 5093 ὑμᾶς
2689 5026 3076 5096 γεγράφαμεν.

2327 5113 2416 5184 ιβ’.
2455 5116 2563 5169 Καὶ
2595 5116 2756 5168 πάλιν
2782 5116 2837 5169 δὲ
2876 5117 3217 5188 μεταῦαενων
3245 5117 3329 5186 ἐφ’
3355 5117 3542 5188 ἕτερον
3565 5117 3674 5170 τῶν
3711 5116 3840 5188 παρ’

2253 5211 2384 5281 ἡμῖν
2443 5211 2788 5281 γραφέντων,
2825 5212 2920 5265 καὶ
2980 5209 3141 5269 τοῦτο
3203 5213 3464 5276 ὡσαύτως
3497 5203 3841 5283 πειρώμενος

2251 5303 2667 5365 ἀνασκευάζειν,
2704 5303 2937 5374 γράφεις
2959 5296 3060 5356 ὧδε
3092 5319 3104 5332 ι
3141 5321 3156 5353 ι
3180 5303 3300 5356 Τῶν
3324 5303 3501 5371 φόνων
3529 5303 3712 5374 οίρμέν
3737 5305 3840 5356 sict

2252 5393 2485 5460 θεμιτοὶ,
2519 5395 2565 5446 οἱ
2606 5394 2660 5447 δὲ
2692 5394 2973 5464 ἁθέμιτοι·
3008 5397 3102 5448 καὶ
3138 5395 3404 5465 ἀθέμιτόν
3430 5396 3598 5460 ἐστιν,
3630 5393 3660 5448 δ
3707 5397 3840 5448 ἀπο·

2249 5486 2558 5555 τέτραπται
2606 5489 2760 5558 παρὰ
2791 5489 2951 5550 Θεοῦ,
2987 5488 3047 5540 τὸ
3076 5491 3327 5558 φονεύειν
3373 5489 3570 5543 πιστὸν
3629 5491 3697 5559 τῇ
3734 5487 3840 5557 ibi;

2249 5580 2572 5647 προαιρέσει
2600 5595 2614 5609 ”
2659 5579 2881 5649 ἔννομον
2915 5581 2971 5632 δὲ
3002 5583 3096 5634 καὶ
3127 5582 3368 5652 θεμιτὸν,
3410 5582 3471 5636 τὸ
3509 5581 3756 5654 φονεύειν
3779 5580 3836 5635 τὸ

2245 5669 2538 5733 δοξάζοντα
2569 5671 2931 5739 συγκοινωνὸν
2956 5673 3049 5726 τοῦ
3063 5672 3200 5727 Θεοῦ
3225 5673 3303 5747 (6)
3321 5674 3415 5730 καὶ
3430 5673 3836 5736 ἀναπλάττοντα

625 5858 701 5928 (6)
731 5856 855 5911 Sur.
886 5853 1022 5922 Vlll,
1057 5853 1126 5908 IX
1157 5863 1209 5910 et
1238 5853 1385 5909 alibi.
1418 5851 1621 5910 Confer
1648 5862 1794 5906 retro
1835 5853 1939 5907 col.
1977 5850 2084 5907 685
2126 5862 2178 5907 et
2211 5852 2336 5914 761,
2369 5868 2493 5908 cum
2526 5853 2903 5908 annotatione.
