  <div class='ocr_page' id='page_1' title='image "/cluster/home/n/w/nwhite01/storage/ocr_20150623/105/mdp.39015008714183/430.png"; bbox 0 0 4134 6336; ppageno 0'>
   <div class='ocr_carea' id='block_1_1' title="bbox 417 267 3744 369">
    <p class='ocr_par' dir='ltr' id='par_1_1' title="bbox 417 267 3744 369">
     <span class='ocr_line' id='line_1_1' title="bbox 417 267 3744 369; baseline -0.003 0"><span class='ocrx_word' id='word_1_1' title='bbox 417 267 420 271; x_wconf 69' lang='grc'><strong>’</strong></span> <span class='ocrx_word' id='word_1_2' title='bbox 461 303 569 369; x_wconf 68' lang='lat' dir='ltr'><strong><em>sis</em></strong></span> <span class='ocrx_word' id='word_1_3' title='bbox 1402 301 1958 367; x_wconf 72' lang='lat' dir='ltr'><strong><em>msocnos&#39;ms</em></strong></span> <span class='ocrx_word' id='word_1_4' title='bbox 1988 301 2424 367; x_wconf 79' lang='lat' dir='ltr'><strong><em>MONACIIUS.</em></strong></span> <span class='ocrx_word' id='word_1_5' title='bbox 2447 331 2515 341; x_wconf 89' lang='lat'><strong><em>—-</em></strong></span> <span class='ocrx_word' id='word_1_6' title='bbox 2542 302 2874 367; x_wconf 84' lang='lat' dir='ltr'><strong><em>NOTITIA.</em></strong></span> <span class='ocrx_word' id='word_1_7' title='bbox 3635 295 3744 360; x_wconf 67' lang='lat' dir='ltr'><strong><em>sic</em></strong></span> 
     </span>
    </p>
   </div>
   <div class='ocr_carea' id='block_1_2' title="bbox 459 389 3741 466">
    <p class='ocr_par' dir='ltr' id='par_1_2' title="bbox 459 389 3741 466">
     <span class='ocr_line' id='line_1_2' title="bbox 459 389 3741 466; baseline -0.004 -14"><span class='ocrx_word' id='word_1_8' title='bbox 459 406 636 452; x_wconf 72' lang='lat' dir='ltr'><strong><em>uestra</em></strong></span> <span class='ocrx_word' id='word_1_9' title='bbox 664 389 892 458; x_wconf 81' lang='lat' dir='ltr'><strong><em>locetur,</em></strong></span> <span class='ocrx_word' id='word_1_10' title='bbox 945 399 996 447; x_wconf 92' lang='lat' dir='ltr'><strong><em>et</em></strong></span> <span class='ocrx_word' id='word_1_11' title='bbox 1025 391 1166 449; x_wconf 86' lang='lat' dir='ltr'><strong><em>inter</em></strong></span> <span class='ocrx_word' id='word_1_12' title='bbox 1197 393 1440 450; x_wconf 78' lang='lat' dir='ltr'><strong><em>ltetantes</em></strong></span> <span class='ocrx_word' id='word_1_13' title='bbox 1461 395 1577 464; x_wconf 91' lang='lat' dir='ltr'><strong><em>pios</em></strong></span> <span class='ocrx_word' id='word_1_14' title='bbox 1609 395 1750 465; x_wconf 77' lang='lat' dir='ltr'><strong><em>ﬁlios</em></strong></span> <span class='ocrx_word' id='word_1_15' title='bbox 1771 403 1990 465; x_wconf 89' lang='lat' dir='ltr'><strong><em>paterno</em></strong></span> <span class='ocrx_word' id='word_1_16' title='bbox 2019 394 2210 463; x_wconf 67' lang='lat' dir='ltr'><strong><em>affectu</em></strong></span> <span class='ocrx_word' id='word_1_17' title='bbox 2247 406 2364 465; x_wconf 85' lang='lat' dir='ltr'><strong><em>post</em></strong></span> <span class='ocrx_word' id='word_1_18' title='bbox 2415 395 2583 466; x_wconf 77' lang='lat' dir='ltr'><strong><em>longa:</em></strong></span> <span class='ocrx_word' id='word_1_19' title='bbox 2619 394 2948 466; x_wconf 73' lang='lat' dir='ltr'><strong><em>captivitatis</em></strong></span> <span class='ocrx_word' id='word_1_20' title='bbox 2982 392 3324 448; x_wconf 70' lang='lat' dir='ltr'><strong><em>reversionem</em></strong></span> <span class='ocrx_word' id='word_1_21' title='bbox 3365 395 3741 446; x_wconf 72' lang='lat' dir='ltr'><strong><em>connumerari</em></strong></span> 
     </span>
    </p>
   </div>
   <div class='ocr_carea' id='block_1_3' title="bbox 459 477 3747 561">
    <p class='ocr_par' dir='ltr' id='par_1_3' title="bbox 459 477 3747 561">
     <span class='ocr_line' id='line_1_3' title="bbox 459 477 3747 561; baseline -0.004 -18"><span class='ocrx_word' id='word_1_22' title='bbox 459 497 763 551; x_wconf 83' lang='lat' dir='ltr'><strong><em>mereatur;</em></strong></span> <span class='ocrx_word' id='word_1_23' title='bbox 803 493 852 542; x_wconf 92' lang='lat' dir='ltr'><strong><em>et</em></strong></span> <span class='ocrx_word' id='word_1_24' title='bbox 877 478 941 541; x_wconf 81' lang='lat' dir='ltr'><strong><em>ob</em></strong></span> <span class='ocrx_word' id='word_1_25' title='bbox 963 499 1197 544; x_wconf 83' lang='lat' dir='ltr'><strong><em>amorem</em></strong></span> <span class='ocrx_word' id='word_1_26' title='bbox 1233 482 1349 554; x_wconf 86' lang='lat' dir='ltr'><strong><em>Dei,</em></strong></span> <span class='ocrx_word' id='word_1_27' title='bbox 1374 501 1419 544; x_wconf 88' lang='lat' dir='ltr'><strong><em>et</em></strong></span> <span class='ocrx_word' id='word_1_28' title='bbox 1438 496 1794 561; x_wconf 88' lang='lat' dir='ltr'><strong><em>protectorum</em></strong></span> <span class='ocrx_word' id='word_1_29' title='bbox 1841 496 2130 545; x_wconf 82' lang='lat' dir='ltr'><strong><em>vestrorum</em></strong></span> <span class='ocrx_word' id='word_1_30' title='bbox 2163 489 2460 558; x_wconf 88' lang='lat' dir='ltr'><strong><em>principum</em></strong></span> <span class='ocrx_word' id='word_1_31' title='bbox 2488 488 2846 557; x_wconf 83' lang='lat' dir='ltr'><strong><em>apostolorum</em></strong></span> <span class='ocrx_word' id='word_1_32' title='bbox 2879 486 3151 551; x_wconf 75' lang='lat' dir='ltr'><strong><em>honorem,</em></strong></span> <span class='ocrx_word' id='word_1_33' title='bbox 3190 501 3222 538; x_wconf 90' lang='lat' dir='ltr'><strong><em>a</em></strong></span> <span class='ocrx_word' id='word_1_34' title='bbox 3249 497 3472 553; x_wconf 89' lang='lat' dir='ltr'><strong><em>quorum</em></strong></span> <span class='ocrx_word' id='word_1_35' title='bbox 3496 477 3747 548; x_wconf 77' lang='lat' dir='ltr'><strong><em>regimine</em></strong></span> 
     </span>
    </p>
   </div>
   <div class='ocr_carea' id='block_1_4' title="bbox 457 567 3746 646">
    <p class='ocr_par' dir='ltr' id='par_1_4' title="bbox 457 567 3746 646">
     <span class='ocr_line' id='line_1_4' title="bbox 457 567 3746 646; baseline -0.005 -15"><span class='ocrx_word' id='word_1_36' title='bbox 457 574 839 645; x_wconf 76' lang='lat' dir='ltr'><strong><em>proﬁciscitur,</em></strong></span> <span class='ocrx_word' id='word_1_37' title='bbox 889 576 1310 631; x_wconf 86' lang='lat' dir='ltr'><strong><em>mansuetudinis</em></strong></span> <span class='ocrx_word' id='word_1_38' title='bbox 1341 586 1526 634; x_wconf 67' lang='lat' dir='ltr'><strong><em>vestra</em></strong></span> <span class='ocrx_word' id='word_1_39' title='bbox 1555 575 1761 634; x_wconf 68' lang='lat' dir='ltr'><strong><em>auxilia</em></strong></span> <span class='ocrx_word' id='word_1_40' title='bbox 1790 579 2009 642; x_wconf 85' lang='lat' dir='ltr'><strong><em>sentiat,</em></strong></span> <span class='ocrx_word' id='word_1_41' title='bbox 2067 582 2116 630; x_wconf 87' lang='lat' dir='ltr'><strong><em>et</em></strong></span> <span class='ocrx_word' id='word_1_42' title='bbox 2150 588 2264 646; x_wconf 86' lang='lat' dir='ltr'><strong><em>post</em></strong></span> <span class='ocrx_word' id='word_1_43' title='bbox 2292 575 2646 629; x_wconf 83' lang='lat' dir='ltr'><strong><em>turbationetn</em></strong></span> <span class='ocrx_word' id='word_1_44' title='bbox 2703 575 3059 636; x_wconf 86' lang='lat' dir='ltr'><strong><em>serenitatem,</em></strong></span> <span class='ocrx_word' id='word_1_45' title='bbox 3085 581 3134 626; x_wconf 89' lang='lat' dir='ltr'><strong><em>et</em></strong></span> <span class='ocrx_word' id='word_1_46' title='bbox 3163 583 3276 641; x_wconf 84' lang='lat' dir='ltr'><strong><em>post</em></strong></span> <span class='ocrx_word' id='word_1_47' title='bbox 3307 567 3475 622; x_wconf 87' lang='lat' dir='ltr'><strong><em>multa</em></strong></span> <span class='ocrx_word' id='word_1_48' title='bbox 3524 567 3746 621; x_wconf 78' lang='lat' dir='ltr'><strong><em>adversa</em></strong></span> 
     </span>
    </p>
   </div>
   <div class='ocr_carea' id='block_1_5' title="bbox 457 656 3749 736">
    <p class='ocr_par' dir='ltr' id='par_1_5' title="bbox 457 656 3749 736">
     <span class='ocr_line' id='line_1_5' title="bbox 457 656 3749 736; baseline -0.003 -18"><span class='ocrx_word' id='word_1_49' title='bbox 457 675 657 734; x_wconf 79' lang='lat' dir='ltr'><strong><em>optatte</em></strong></span> <span class='ocrx_word' id='word_1_50' title='bbox 701 663 1072 733; x_wconf 83' lang='lat' dir='ltr'><strong><em>prosperitatis</em></strong></span> <span class='ocrx_word' id='word_1_51' title='bbox 1118 664 1382 735; x_wconf 79' lang='lat' dir='ltr'><strong><em>e/fectum,</em></strong></span> <span class='ocrx_word' id='word_1_52' title='bbox 1426 676 1682 736; x_wconf 84' lang='lat' dir='ltr'><strong><em>quatenus</em></strong></span> <span class='ocrx_word' id='word_1_53' title='bbox 1743 682 1838 735; x_wconf 88' lang='lat' dir='ltr'><strong><em>per</em></strong></span> <span class='ocrx_word' id='word_1_54' title='bbox 1873 677 2221 736; x_wconf 88' lang='lat' dir='ltr'><strong><em>patronorum</em></strong></span> <span class='ocrx_word' id='word_1_55' title='bbox 2259 675 2550 719; x_wconf 81' lang='lat' dir='ltr'><strong><em>vestrorum</em></strong></span> <span class='ocrx_word' id='word_1_56' title='bbox 2601 665 3019 726; x_wconf 84' lang='lat' dir='ltr'><strong><em>intercessiones,</em></strong></span> <span class='ocrx_word' id='word_1_57' title='bbox 3069 663 3368 732; x_wconf 79' lang='lat' dir='ltr'><strong><em>principum</em></strong></span> <span class='ocrx_word' id='word_1_58' title='bbox 3415 656 3651 712; x_wconf 76' lang='lat' dir='ltr'><strong><em>videlicet</em></strong></span> <span class='ocrx_word' id='word_1_59' title='bbox 3714 669 3749 707; x_wconf 89' lang='lat' dir='ltr'><strong><em>a</em></strong></span> 
     </span>
    </p>
   </div>
   <div class='ocr_carea' id='block_1_6' title="bbox 457 746 3753 832">
    <p class='ocr_par' dir='ltr' id='par_1_6' title="bbox 457 746 3753 832">
     <span class='ocr_line' id='line_1_6' title="bbox 457 746 3753 832; baseline -0.004 -23"><span class='ocrx_word' id='word_1_60' title='bbox 457 769 681 824; x_wconf 79' lang='lat' dir='ltr'><strong><em>quorum</em></strong></span> <span class='ocrx_word' id='word_1_61' title='bbox 708 753 829 807; x_wconf 81' lang='lat' dir='ltr'><strong><em>sede</em></strong></span> <span class='ocrx_word' id='word_1_62' title='bbox 858 753 1165 816; x_wconf 88' lang='lat' dir='ltr'><strong><em>remittitur,</em></strong></span> <span class='ocrx_word' id='word_1_63' title='bbox 1215 764 1264 808; x_wconf 93' lang='lat' dir='ltr'><strong><em>et</em></strong></span> <span class='ocrx_word' id='word_1_64' title='bbox 1282 768 1503 824; x_wconf 83' lang='lat' dir='ltr'><strong><em>quorum</em></strong></span> <span class='ocrx_word' id='word_1_65' title='bbox 1549 755 1906 825; x_wconf 74' lang='lat' dir='ltr'><strong><em>principatum</em></strong></span> <span class='ocrx_word' id='word_1_66' title='bbox 1931 770 2025 825; x_wconf 87' lang='lat' dir='ltr'><strong><em>pro</em></strong></span> <span class='ocrx_word' id='word_1_67' title='bbox 2042 751 2280 809; x_wconf 76' lang='lat' dir='ltr'><strong><em>Ecclesia</em></strong></span> <span class='ocrx_word' id='word_1_68' title='bbox 2331 767 2522 818; x_wconf 78' lang='lat' dir='ltr'><strong><em>vestra,</em></strong></span> <span class='ocrx_word' id='word_1_69' title='bbox 2555 771 2674 824; x_wconf 78' lang='lat' dir='ltr'><strong><em>qua:</em></strong></span> <span class='ocrx_word' id='word_1_70' title='bbox 2706 754 2856 809; x_wconf 77' lang='lat' dir='ltr'><strong><em>valde</em></strong></span> <span class='ocrx_word' id='word_1_71' title='bbox 2888 754 3135 822; x_wconf 80' lang='lat' dir='ltr'><strong><em>ﬂuctuat,</em></strong></span> <span class='ocrx_word' id='word_1_72' title='bbox 3183 752 3264 806; x_wconf 90' lang='lat' dir='ltr'><strong><em>die</em></strong></span> <span class='ocrx_word' id='word_1_73' title='bbox 3294 767 3357 803; x_wconf 86' lang='lat' dir='ltr'><strong><em>ac</em></strong></span> <span class='ocrx_word' id='word_1_74' title='bbox 3410 755 3557 832; x_wconf 81' lang='lat' dir='ltr'><strong><em>nocte</em></strong></span> <span class='ocrx_word' id='word_1_75' title='bbox 3586 746 3753 798; x_wconf 83' lang='lat' dir='ltr'><strong><em>inter-</em></strong></span> 
     </span>
    </p>
   </div>
   <div class='ocr_carea' id='block_1_7' title="bbox 458 834 3750 913">
    <p class='ocr_par' dir='ltr' id='par_1_7' title="bbox 458 834 3750 913">
     <span class='ocr_line' id='line_1_7' title="bbox 458 834 3750 913; baseline -0.001 -21"><span class='ocrx_word' id='word_1_76' title='bbox 458 839 657 911; x_wconf 85' lang='lat' dir='ltr'><strong><em>pellare</em></strong></span> <span class='ocrx_word' id='word_1_77' title='bbox 677 855 770 910; x_wconf 89' lang='lat' dir='ltr'><strong><em>per</em></strong></span> <span class='ocrx_word' id='word_1_78' title='bbox 815 839 987 894; x_wconf 87' lang='lat' dir='ltr'><strong><em>multa</em></strong></span> <span class='ocrx_word' id='word_1_79' title='bbox 1006 841 1273 896; x_wconf 89' lang='lat' dir='ltr'><strong><em>curricula</em></strong></span> <span class='ocrx_word' id='word_1_80' title='bbox 1295 858 1398 897; x_wconf 83' lang='lat' dir='ltr'><strong><em>non</em></strong></span> <span class='ocrx_word' id='word_1_81' title='bbox 1429 845 1672 899; x_wconf 68' lang='lat' dir='ltr'><strong><em>cessavit.</em></strong></span> <span class='ocrx_word' id='word_1_82' title='bbox 1715 863 1734 895; x_wconf 77' lang='grc' dir='ltr'><strong>ι</strong></span> <span class='ocrx_word' id='word_1_83' title='bbox 1770 844 1826 898; x_wconf 87' lang='grc' dir='ltr'><strong><em>1η</em></strong></span> <span class='ocrx_word' id='word_1_84' title='bbox 1852 845 2081 912; x_wconf 77' lang='lat' dir='ltr'><strong><em>epistola</em></strong></span> <span class='ocrx_word' id='word_1_85' title='bbox 2106 842 2320 913; x_wconf 59' lang='lat' dir='ltr'><strong><em>Qquam</em></strong></span> <span class='ocrx_word' id='word_1_86' title='bbox 2352 843 2420 896; x_wconf 81' lang='lat' dir='ltr'><strong><em>ad</em></strong></span> <span class='ocrx_word' id='word_1_87' title='bbox 2471 842 2736 912; x_wconf 82' lang='lat' dir='ltr'><strong><em>Ignatium</em></strong></span> <span class='ocrx_word' id='word_1_88' title='bbox 2763 843 3129 912; x_wconf 79' lang='lat' dir='ltr'><strong><em>patriarcbam</em></strong></span> <span class='ocrx_word' id='word_1_89' title='bbox 3165 837 3463 895; x_wconf 71' lang='lat' dir='ltr'><strong><em>indictione</em></strong></span> <span class='ocrx_word' id='word_1_90' title='bbox 3488 853 3527 896; x_wconf 80' lang='grc' dir='ltr'><strong><em>ι.</em></strong></span> <span class='ocrx_word' id='word_1_91' title='bbox 3552 834 3750 889; x_wconf 81' lang='lat' dir='ltr'><strong><em>Kalen-</em></strong></span> 
     </span>
    </p>
   </div>
   <div class='ocr_carea' id='block_1_8' title="bbox 459 923 3750 1000">
    <p class='ocr_par' dir='ltr' id='par_1_8' title="bbox 459 923 3750 1000">
     <span class='ocr_line' id='line_1_8' title="bbox 459 923 3750 1000; baseline -0.001 -21"><span class='ocrx_word' id='word_1_92' title='bbox 459 927 548 980; x_wconf 89' lang='lat' dir='ltr'><strong><em>dis</em></strong></span> <span class='ocrx_word' id='word_1_93' title='bbox 566 925 817 989; x_wconf 71' lang='lat' dir='ltr'><strong><em>Augusti,</em></strong></span> <span class='ocrx_word' id='word_1_94' title='bbox 833 925 1076 995; x_wconf 85' lang='lat' dir='ltr'><strong><em>scripsit,</em></strong></span> <span class='ocrx_word' id='word_1_95' title='bbox 1091 926 1439 996; x_wconf 83' lang='lat' dir='ltr'><strong><em>(Anastasius</em></strong></span> <span class='ocrx_word' id='word_1_96' title='bbox 1459 925 1683 998; x_wconf 80' lang='lat' dir='ltr'><strong><em>ibidem)</em></strong></span> <span class='ocrx_word' id='word_1_97' title='bbox 1701 927 1921 983; x_wconf 73' lang='lat' dir='ltr'><strong><em>exhibet</em></strong></span> <span class='ocrx_word' id='word_1_98' title='bbox 1950 946 1964 982; x_wconf 89' lang='lat'><strong>:</strong></span> <span class='ocrx_word' id='word_1_99' title='bbox 1987 924 2258 985; x_wconf 68' lang='lat' dir='ltr'><strong><em>Praeterea</em></strong></span> <span class='ocrx_word' id='word_1_100' title='bbox 2283 946 2612 985; x_wconf 86' lang='lat' dir='ltr'><strong><em>communem</em></strong></span> <span class='ocrx_word' id='word_1_101' title='bbox 2635 927 2807 998; x_wconf 73' lang='lat' dir='ltr'><strong><em>ﬁlium</em></strong></span> <span class='ocrx_word' id='word_1_102' title='bbox 2832 928 3236 1000; x_wconf 81' lang='lat' dir='ltr'><strong><em>Theognostum,</em></strong></span> <span class='ocrx_word' id='word_1_103' title='bbox 3254 923 3750 981; x_wconf 78' lang='lat' dir='ltr'><strong><em>reverendissimum</em></strong></span> 
     </span>
    </p>
   </div>
   <div class='ocr_carea' id='block_1_9' title="bbox 462 1006 3760 1086">
    <p class='ocr_par' dir='ltr' id='par_1_9' title="bbox 462 1006 3760 1086">
     <span class='ocr_line' id='line_1_9' title="bbox 462 1006 3760 1086; baseline -0.003 -18"><span class='ocrx_word' id='word_1_104' title='bbox 462 1014 752 1068; x_wconf 75' lang='lat' dir='ltr'><strong><em>exarchum</em></strong></span> <span class='ocrx_word' id='word_1_105' title='bbox 778 1023 828 1068; x_wconf 93' lang='lat' dir='ltr'><strong><em>et</em></strong></span> <span class='ocrx_word' id='word_1_106' title='bbox 854 1013 1104 1068; x_wconf 84' lang='lat' dir='ltr'><strong><em>dilectum</em></strong></span> <span class='ocrx_word' id='word_1_107' title='bbox 1145 1014 1312 1080; x_wconf 84' lang='lat' dir='ltr'><strong><em>nobis,</em></strong></span> <span class='ocrx_word' id='word_1_108' title='bbox 1337 1029 1454 1069; x_wconf 91' lang='lat' dir='ltr'><strong><em>ecce</em></strong></span> <span class='ocrx_word' id='word_1_109' title='bbox 1481 1013 1551 1068; x_wconf 89' lang='lat' dir='ltr'><strong><em>ad</em></strong></span> <span class='ocrx_word' id='word_1_110' title='bbox 1573 1029 1662 1070; x_wconf 72' lang='lat' dir='ltr'><strong><em>eos</em></strong></span> <span class='ocrx_word' id='word_1_111' title='bbox 1715 1016 2131 1082; x_wconf 77' lang='lat' dir='ltr'><strong><em>transmisimus,</em></strong></span> <span class='ocrx_word' id='word_1_112' title='bbox 2160 1015 2250 1084; x_wconf 84' lang='lat' dir='ltr'><strong><em>qui</em></strong></span> <span class='ocrx_word' id='word_1_113' title='bbox 2268 1029 2333 1068; x_wconf 76' lang='lat' dir='ltr'><strong><em>ea:</em></strong></span> <span class='ocrx_word' id='word_1_114' title='bbox 2351 1015 2783 1086; x_wconf 74' lang='lat' dir='ltr'><strong><em>persequentibus</em></strong></span> <span class='ocrx_word' id='word_1_115' title='bbox 2815 1012 3223 1069; x_wconf 61' lang='lat' dir='ltr'><strong><em>(simulatur-ibus</em></strong></span> <span class='ocrx_word' id='word_1_116' title='bbox 3252 1013 3359 1067; x_wconf 91' lang='lat' dir='ltr'><strong><em>tuis</em></strong></span> <span class='ocrx_word' id='word_1_117' title='bbox 3383 1010 3534 1064; x_wconf 88' lang='lat' dir='ltr'><strong><em>illinc</em></strong></span> <span class='ocrx_word' id='word_1_118' title='bbox 3574 1006 3760 1060; x_wconf 86' lang='lat' dir='ltr'><strong><em>nudus-</em></strong></span> 
     </span>
    </p>
   </div>
   <div class='ocr_carea' id='block_1_10' title="bbox 462 1098 3752 1174">
    <p class='ocr_par' dir='ltr' id='par_1_10' title="bbox 462 1098 3752 1174">
     <span class='ocr_line' id='line_1_10' title="bbox 462 1098 3752 1174; baseline -0.004 -17"><span class='ocrx_word' id='word_1_119' title='bbox 462 1101 862 1171; x_wconf 77' lang='lat' dir='ltr'><strong><em>saloatus,quin</em></strong></span> <span class='ocrx_word' id='word_1_120' title='bbox 893 1111 944 1157; x_wconf 92' lang='lat' dir='ltr'><strong><em>et</em></strong></span> <span class='ocrx_word' id='word_1_121' title='bbox 973 1113 1181 1157; x_wconf 87' lang='lat' dir='ltr'><strong><em>mutato</em></strong></span> <span class='ocrx_word' id='word_1_122' title='bbox 1210 1102 1393 1157; x_wconf 85' lang='lat' dir='ltr'><strong><em>habitu</em></strong></span> <span class='ocrx_word' id='word_1_123' title='bbox 1421 1103 1507 1158; x_wconf 70' lang='lat' dir='ltr'><strong><em>vis:</em></strong></span> <span class='ocrx_word' id='word_1_124' title='bbox 1528 1102 1628 1158; x_wconf 88' lang='lat' dir='ltr'><strong><em>huc</em></strong></span> <span class='ocrx_word' id='word_1_125' title='bbox 1648 1103 1974 1174; x_wconf 84' lang='lat' dir='ltr'><strong><em>pertingens,</em></strong></span> <span class='ocrx_word' id='word_1_126' title='bbox 2003 1101 2167 1156; x_wconf 72' lang='lat' dir='ltr'><strong><em>vitam</em></strong></span> <span class='ocrx_word' id='word_1_127' title='bbox 2184 1102 2423 1157; x_wconf 86' lang='lat' dir='ltr'><strong><em>lucratus</em></strong></span> <span class='ocrx_word' id='word_1_128' title='bbox 2455 1113 2555 1167; x_wconf 85' lang='lat' dir='ltr'><strong><em>est,</em></strong></span> <span class='ocrx_word' id='word_1_129' title='bbox 2577 1101 2768 1157; x_wconf 87' lang='lat' dir='ltr'><strong><em>deinde</em></strong></span> <span class='ocrx_word' id='word_1_130' title='bbox 2789 1102 2932 1172; x_wconf 85' lang='lat' dir='ltr'><strong><em>apud</em></strong></span> <span class='ocrx_word' id='word_1_131' title='bbox 2951 1101 3233 1155; x_wconf 84' lang='lat' dir='ltr'><strong><em>memorias</em></strong></span> <span class='ocrx_word' id='word_1_132' title='bbox 3261 1098 3620 1170; x_wconf 84' lang='lat' dir='ltr'><strong><em>apostolorum</em></strong></span> <span class='ocrx_word' id='word_1_133' title='bbox 3659 1107 3752 1163; x_wconf 84' lang='lat' dir='ltr'><strong><em>per</em></strong></span> 
     </span>
    </p>
   </div>
   <div class='ocr_carea' id='block_1_11' title="bbox 464 1194 3751 1270">
    <p class='ocr_par' dir='ltr' id='par_1_11' title="bbox 464 1194 3751 1270">
     <span class='ocr_line' id='line_1_11' title="bbox 464 1194 3751 1270; baseline -0.003 -18"><span class='ocrx_word' id='word_1_134' title='bbox 464 1207 655 1261; x_wconf 86' lang='lat' dir='ltr'><strong><em>septem</em></strong></span> <span class='ocrx_word' id='word_1_135' title='bbox 693 1196 799 1264; x_wconf 87' lang='lat' dir='ltr'><strong><em>fere</em></strong></span> <span class='ocrx_word' id='word_1_136' title='bbox 838 1211 1098 1250; x_wconf 87' lang='lat' dir='ltr'><strong><em>annorum</em></strong></span> <span class='ocrx_word' id='word_1_137' title='bbox 1141 1197 1431 1264; x_wconf 78' lang='lat' dir='ltr'><strong><em>curricula,</em></strong></span> <span class='ocrx_word' id='word_1_138' title='bbox 1487 1207 1545 1253; x_wconf 85' lang='lat' dir='ltr'><strong><em>ut</em></strong></span> <span class='ocrx_word' id='word_1_139' title='bbox 1594 1198 1778 1270; x_wconf 81' lang='lat' dir='ltr'><strong><em>hospes</em></strong></span> <span class='ocrx_word' id='word_1_140' title='bbox 1817 1208 1866 1253; x_wconf 87' lang='lat' dir='ltr'><strong><em>et</em></strong></span> <span class='ocrx_word' id='word_1_141' title='bbox 1891 1200 2094 1252; x_wconf 79' lang='lat' dir='ltr'><strong><em>aduena</em></strong></span> <span class='ocrx_word' id='word_1_142' title='bbox 2117 1198 2443 1259; x_wconf 87' lang='lat' dir='ltr'><strong><em>demoratus,</em></strong></span> <span class='ocrx_word' id='word_1_143' title='bbox 2471 1214 2575 1252; x_wconf 88' lang='lat' dir='ltr'><strong><em>non</em></strong></span> <span class='ocrx_word' id='word_1_144' title='bbox 2611 1207 2820 1253; x_wconf 85' lang='lat' dir='ltr'><strong><em>tantum</em></strong></span> <span class='ocrx_word' id='word_1_145' title='bbox 2859 1197 3133 1266; x_wconf 81' lang='lat' dir='ltr'><strong><em>propriam</em></strong></span> <span class='ocrx_word' id='word_1_146' title='bbox 3167 1194 3461 1257; x_wconf 87' lang='lat' dir='ltr'><strong><em>miseriam,</em></strong></span> <span class='ocrx_word' id='word_1_147' title='bbox 3490 1199 3751 1261; x_wconf 85' lang='lat' dir='ltr'><strong><em>quantum</em></strong></span> 
     </span>
    </p>
   </div>
   <div class='ocr_carea' id='block_1_12' title="bbox 466 1281 3754 1355">
    <p class='ocr_par' dir='ltr' id='par_1_12' title="bbox 466 1281 3754 1355">
     <span class='ocr_line' id='line_1_12' title="bbox 466 1281 3754 1355; baseline -0.002 -18"><span class='ocrx_word' id='word_1_148' title='bbox 466 1283 769 1339; x_wconf 86' lang='lat' dir='ltr'><strong><em>sanctitatis</em></strong></span> <span class='ocrx_word' id='word_1_149' title='bbox 808 1293 912 1339; x_wconf 79' lang='lat' dir='ltr'><strong><em>tua:</em></strong></span> <span class='ocrx_word' id='word_1_150' title='bbox 935 1300 1240 1354; x_wconf 83' lang='lat' dir='ltr'><strong><em>prcssuram</em></strong></span> <span class='ocrx_word' id='word_1_151' title='bbox 1267 1295 1317 1339; x_wconf 90' lang='lat' dir='ltr'><strong><em>et</em></strong></span> <span class='ocrx_word' id='word_1_152' title='bbox 1347 1284 1960 1355; x_wconf 73' lang='lat' dir='ltr'><strong><em>Constantinopolitante</em></strong></span> <span class='ocrx_word' id='word_1_153' title='bbox 1982 1283 2235 1341; x_wconf 70' lang='lat' dir='ltr'><strong><em>Ecclesia!</em></strong></span> <span class='ocrx_word' id='word_1_154' title='bbox 2257 1283 2598 1340; x_wconf 75' lang='lat' dir='ltr'><strong><em>calamitates</em></strong></span> <span class='ocrx_word' id='word_1_155' title='bbox 2621 1302 2750 1355; x_wconf 88' lang='lat' dir='ltr'><strong><em>pene</em></strong></span> <span class='ocrx_word' id='word_1_156' title='bbox 2775 1287 3102 1341; x_wconf 82' lang='lat' dir='ltr'><strong><em>incessanter</em></strong></span> <span class='ocrx_word' id='word_1_157' title='bbox 3127 1281 3352 1354; x_wconf 80' lang='lat' dir='ltr'><strong><em>deflebat</em></strong></span> <span class='ocrx_word' id='word_1_158' title='bbox 3390 1296 3407 1336; x_wconf 82' lang='lat'><strong><em>:</em></strong></span> <span class='ocrx_word' id='word_1_159' title='bbox 3437 1282 3514 1334; x_wconf 89' lang='lat' dir='ltr'><strong><em>ita</em></strong></span> <span class='ocrx_word' id='word_1_160' title='bbox 3538 1288 3594 1332; x_wconf 90' lang='lat' dir='ltr'><strong><em>ut</em></strong></span> <span class='ocrx_word' id='word_1_161' title='bbox 3648 1293 3754 1332; x_wconf 89' lang='lat' dir='ltr'><strong><em>non</em></strong></span> 
     </span>
    </p>
   </div>
   <div class='ocr_carea' id='block_1_13' title="bbox 466 1369 3755 1446">
    <p class='ocr_par' dir='ltr' id='par_1_13' title="bbox 466 1369 3755 1446">
     <span class='ocr_line' id='line_1_13' title="bbox 466 1369 3755 1446; baseline -0.002 -22"><span class='ocrx_word' id='word_1_162' title='bbox 466 1371 641 1426; x_wconf 89' lang='lat' dir='ltr'><strong><em>solum</em></strong></span> <span class='ocrx_word' id='word_1_163' title='bbox 656 1382 811 1426; x_wconf 86' lang='lat' dir='ltr'><strong><em>antea</em></strong></span> <span class='ocrx_word' id='word_1_164' title='bbox 841 1371 948 1433; x_wconf 85' lang='lat' dir='ltr'><strong><em>iam</em></strong></span> <span class='ocrx_word' id='word_1_165' title='bbox 974 1373 1178 1426; x_wconf 82' lang='lat' dir='ltr'><strong><em>dictum</em></strong></span> <span class='ocrx_word' id='word_1_166' title='bbox 1207 1373 1528 1427; x_wconf 85' lang='lat' dir='ltr'><strong><em>deccssorem</em></strong></span> <span class='ocrx_word' id='word_1_167' title='bbox 1568 1388 1741 1428; x_wconf 83' lang='lat' dir='ltr'><strong><em>meum</em></strong></span> <span class='ocrx_word' id='word_1_168' title='bbox 1759 1370 2062 1446; x_wconf 72' lang='lat' dir='ltr'><strong><em>(Nicolaum</em></strong></span> <span class='ocrx_word' id='word_1_169' title='bbox 2085 1374 2126 1444; x_wconf 86' lang='lat' dir='ltr'><strong><em>l)</em></strong></span> <span class='ocrx_word' id='word_1_170' title='bbox 2153 1370 2244 1427; x_wconf 87' lang='lat' dir='ltr'><strong><em>sed</em></strong></span> <span class='ocrx_word' id='word_1_171' title='bbox 2285 1383 2336 1427; x_wconf 91' lang='lat' dir='ltr'><strong><em>et</em></strong></span> <span class='ocrx_word' id='word_1_172' title='bbox 2366 1389 2447 1427; x_wconf 89' lang='lat' dir='ltr'><strong><em>me</em></strong></span> <span class='ocrx_word' id='word_1_173' title='bbox 2467 1383 2649 1441; x_wconf 79' lang='lat' dir='ltr'><strong><em>postea</em></strong></span> <span class='ocrx_word' id='word_1_174' title='bbox 2693 1382 2842 1426; x_wconf 88' lang='lat' dir='ltr'><strong><em>nocte</em></strong></span> <span class='ocrx_word' id='word_1_175' title='bbox 2866 1390 2928 1426; x_wconf 91' lang='lat' dir='ltr'><strong><em>ac</em></strong></span> <span class='ocrx_word' id='word_1_176' title='bbox 2950 1371 3035 1426; x_wconf 88' lang='lat' dir='ltr'><strong><em>die</em></strong></span> <span class='ocrx_word' id='word_1_177' title='bbox 3081 1371 3442 1440; x_wconf 80' lang='lat' dir='ltr'><strong><em>indeﬁcientcr</em></strong></span> <span class='ocrx_word' id='word_1_178' title='bbox 3461 1369 3676 1436; x_wconf 86' lang='lat' dir='ltr'><strong><em>erigere,</em></strong></span> <span class='ocrx_word' id='word_1_179' title='bbox 3703 1374 3755 1418; x_wconf 87' lang='lat' dir='ltr'><strong><em>et</em></strong></span> 
     </span>
    </p>
   </div>
   <div class='ocr_carea' id='block_1_14' title="bbox 465 1455 3757 1531">
    <p class='ocr_par' dir='ltr' id='par_1_14' title="bbox 465 1455 3757 1531">
     <span class='ocr_line' id='line_1_14' title="bbox 465 1455 3757 1531; baseline -0.002 -19"><span class='ocrx_word' id='word_1_180' title='bbox 465 1475 562 1530; x_wconf 87' lang='lat' dir='ltr'><strong><em>pro</em></strong></span> <span class='ocrx_word' id='word_1_181' title='bbox 593 1469 737 1514; x_wconf 87' lang='lat' dir='ltr'><strong><em>statu</em></strong></span> <span class='ocrx_word' id='word_1_182' title='bbox 762 1468 924 1515; x_wconf 81' lang='lat' dir='ltr'><strong><em>tanta:</em></strong></span> <span class='ocrx_word' id='word_1_183' title='bbox 949 1456 1203 1516; x_wconf 78' lang='lat' dir='ltr'><strong><em>Ecclesia:</em></strong></span> <span class='ocrx_word' id='word_1_184' title='bbox 1229 1472 1279 1516; x_wconf 89' lang='lat' dir='ltr'><strong><em>et</em></strong></span> <span class='ocrx_word' id='word_1_185' title='bbox 1306 1462 1568 1516; x_wconf 90' lang='lat' dir='ltr'><strong><em>erectione</em></strong></span> <span class='ocrx_word' id='word_1_186' title='bbox 1618 1473 1792 1517; x_wconf 79' lang='lat' dir='ltr'><strong><em>vestra</em></strong></span> <span class='ocrx_word' id='word_1_187' title='bbox 1817 1462 2015 1517; x_wconf 78' lang='lat' dir='ltr'><strong><em>crebris</em></strong></span> <span class='ocrx_word' id='word_1_188' title='bbox 2052 1463 2364 1517; x_wconf 85' lang='lat' dir='ltr'><strong><em>suasionum</em></strong></span> <span class='ocrx_word' id='word_1_189' title='bbox 2405 1460 2638 1516; x_wconf 74' lang='lat' dir='ltr'><strong><em>stimulis</em></strong></span> <span class='ocrx_word' id='word_1_190' title='bbox 2665 1462 2838 1516; x_wconf 86' lang='lat' dir='ltr'><strong><em>latera</em></strong></span> <span class='ocrx_word' id='word_1_191' title='bbox 2869 1471 3168 1531; x_wconf 85' lang='lat' dir='ltr'><strong><em>percutere.</em></strong></span> <span class='ocrx_word' id='word_1_192' title='bbox 3219 1469 3270 1514; x_wconf 91' lang='lat' dir='ltr'><strong><em>et</em></strong></span> <span class='ocrx_word' id='word_1_193' title='bbox 3307 1455 3757 1528; x_wconf 80' lang='lat' dir='ltr'><strong><em>quemadmodum</em></strong></span> 
     </span>
    </p>
   </div>
   <div class='ocr_carea' id='block_1_15' title="bbox 467 1546 3753 1621">
    <p class='ocr_par' dir='ltr' id='par_1_15' title="bbox 467 1546 3753 1621">
     <span class='ocr_line' id='line_1_15' title="bbox 467 1546 3753 1621; baseline -0.001 -21"><span class='ocrx_word' id='word_1_194' title='bbox 467 1546 686 1618; x_wconf 84' lang='lat' dir='ltr'><strong><em>angelus</em></strong></span> <span class='ocrx_word' id='word_1_195' title='bbox 710 1549 976 1617; x_wconf 87' lang='lat' dir='ltr'><strong><em>quondam</em></strong></span> <span class='ocrx_word' id='word_1_196' title='bbox 999 1564 1014 1604; x_wconf 90' lang='lat'><strong>:</strong></span> <span class='ocrx_word' id='word_1_197' title='bbox 1038 1547 1228 1621; x_wconf 83' lang='lat' dir='ltr'><strong><em>Surge,</em></strong></span> <span class='ocrx_word' id='word_1_198' title='bbox 1251 1549 1422 1616; x_wconf 76' lang='lat' dir='ltr'><strong><em>Petra,</em></strong></span> <span class='ocrx_word' id='word_1_199' title='bbox 1438 1551 1616 1621; x_wconf 80' lang='lat' dir='ltr'><strong><em>accipe</em></strong></span> <span class='ocrx_word' id='word_1_200' title='bbox 1638 1550 2004 1620; x_wconf 77' lang='lat' dir='ltr'><strong><em>fortitudinem</em></strong></span> <span class='ocrx_word' id='word_1_201' title='bbox 2028 1553 2100 1606; x_wconf 86' lang='lat' dir='ltr'><strong><em>ad</em></strong></span> <span class='ocrx_word' id='word_1_202' title='bbox 2113 1550 2400 1606; x_wconf 81' lang='lat' dir='ltr'><strong><em>saloandas</em></strong></span> <span class='ocrx_word' id='word_1_203' title='bbox 2423 1560 2622 1621; x_wconf 83' lang='lat' dir='ltr'><strong><em>gentes,</em></strong></span> <span class='ocrx_word' id='word_1_204' title='bbox 2639 1568 2731 1618; x_wconf 87' lang='lat' dir='ltr'><strong><em>per</em></strong></span> <span class='ocrx_word' id='word_1_205' title='bbox 2749 1549 2989 1619; x_wconf 82' lang='lat' dir='ltr'><strong><em>singulos</em></strong></span> <span class='ocrx_word' id='word_1_206' title='bbox 3010 1549 3122 1602; x_wconf 89' lang='lat' dir='ltr'><strong><em>dies</em></strong></span> <span class='ocrx_word' id='word_1_207' title='bbox 3149 1547 3298 1603; x_wconf 89' lang='lat' dir='ltr'><strong><em>nobis</em></strong></span> <span class='ocrx_word' id='word_1_208' title='bbox 3325 1547 3497 1602; x_wconf 85' lang='lat' dir='ltr'><strong><em>dicere</em></strong></span> <span class='ocrx_word' id='word_1_209' title='bbox 3513 1561 3615 1599; x_wconf 67' lang='lat' dir='ltr'><strong><em>non</em></strong></span> <span class='ocrx_word' id='word_1_210' title='bbox 3637 1559 3753 1596; x_wconf 90' lang='lat' dir='ltr'><strong><em>ces-</em></strong></span> 
     </span>
    </p>
   </div>
   <div class='ocr_carea' id='block_1_16' title="bbox 466 1632 3759 1712">
    <p class='ocr_par' dir='ltr' id='par_1_16' title="bbox 466 1632 3759 1712">
     <span class='ocr_line' id='line_1_16' title="bbox 466 1632 3759 1712; baseline -0.001 -24"><span class='ocrx_word' id='word_1_211' title='bbox 466 1644 607 1690; x_wconf 86' lang='lat' dir='ltr'><strong><em>saret</em></strong></span> <span class='ocrx_word' id='word_1_212' title='bbox 621 1653 890 1707; x_wconf 78' lang='lat' dir='ltr'><strong><em>quousque</em></strong></span> <span class='ocrx_word' id='word_1_213' title='bbox 918 1637 1183 1703; x_wconf 82' lang='lat' dir='ltr'><strong><em>auditum,</em></strong></span> <span class='ocrx_word' id='word_1_214' title='bbox 1212 1638 1316 1693; x_wconf 89' lang='lat' dir='ltr'><strong><em>Deo</em></strong></span> <span class='ocrx_word' id='word_1_215' title='bbox 1330 1647 1638 1708; x_wconf 71' lang='lat' dir='ltr'><strong><em>prazstante,</em></strong></span> <span class='ocrx_word' id='word_1_216' title='bbox 1662 1640 1914 1710; x_wconf 85' lang='lat' dir='ltr'><strong><em>suscepit,</em></strong></span> <span class='ocrx_word' id='word_1_217' title='bbox 1935 1641 2073 1712; x_wconf 85' lang='lat' dir='ltr'><strong><em>quod</em></strong></span> <span class='ocrx_word' id='word_1_218' title='bbox 2108 1641 2358 1694; x_wconf 79' lang='lat' dir='ltr'><strong><em>ardenter</em></strong></span> <span class='ocrx_word' id='word_1_219' title='bbox 2381 1641 2436 1695; x_wconf 91' lang='lat' dir='ltr'><strong><em>in</em></strong></span> <span class='ocrx_word' id='word_1_220' title='bbox 2465 1653 2674 1709; x_wconf 83' lang='lat' dir='ltr'><strong><em>pectore</em></strong></span> <span class='ocrx_word' id='word_1_221' title='bbox 2697 1656 2898 1709; x_wconf 87' lang='lat' dir='ltr'><strong><em>semper</em></strong></span> <span class='ocrx_word' id='word_1_222' title='bbox 2925 1638 3219 1706; x_wconf 80' lang='lat' dir='ltr'><strong><em>baiulabat.</em></strong></span> <span class='ocrx_word' id='word_1_223' title='bbox 3246 1638 3368 1706; x_wconf 84' lang='lat' dir='ltr'><strong><em>Qua</em></strong></span> <span class='ocrx_word' id='word_1_224' title='bbox 3396 1638 3458 1689; x_wconf 86' lang='lat' dir='ltr'><strong><em>de</em></strong></span> <span class='ocrx_word' id='word_1_225' title='bbox 3486 1651 3561 1697; x_wconf 91' lang='lat' dir='ltr'><strong><em>re,</em></strong></span> <span class='ocrx_word' id='word_1_226' title='bbox 3586 1632 3759 1703; x_wconf 87' lang='lat' dir='ltr'><strong><em>frater</em></strong></span> 
     </span>
    </p>
   </div>
   <div class='ocr_carea' id='block_1_17' title="bbox 464 1716 3756 1801">
    <p class='ocr_par' dir='ltr' id='par_1_17' title="bbox 464 1716 3756 1801">
     <span class='ocr_line' id='line_1_17' title="bbox 464 1716 3756 1801; baseline -0.001 -25"><span class='ocrx_word' id='word_1_227' title='bbox 464 1723 828 1786; x_wconf 87' lang='lat' dir='ltr'><strong><em>dilectissime,</em></strong></span> <span class='ocrx_word' id='word_1_228' title='bbox 848 1727 1128 1780; x_wconf 86' lang='lat' dir='ltr'><strong><em>sanctitati</em></strong></span> <span class='ocrx_word' id='word_1_229' title='bbox 1157 1737 1262 1781; x_wconf 79' lang='lat' dir='ltr'><strong><em>tute</em></strong></span> <span class='ocrx_word' id='word_1_230' title='bbox 1296 1727 1434 1781; x_wconf 88' lang='lat' dir='ltr'><strong><em>hunc</em></strong></span> <span class='ocrx_word' id='word_1_231' title='bbox 1455 1716 1902 1791; x_wconf 75' lang='lat' dir='ltr'><strong><em>commendantes,</em></strong></span> <span class='ocrx_word' id='word_1_232' title='bbox 1927 1741 2177 1796; x_wconf 81' lang='lat' dir='ltr'><strong><em>rogamus</em></strong></span> <span class='ocrx_word' id='word_1_233' title='bbox 2201 1737 2250 1784; x_wconf 91' lang='lat' dir='ltr'><strong><em>et</em></strong></span> <span class='ocrx_word' id='word_1_234' title='bbox 2274 1729 2640 1800; x_wconf 84' lang='lat' dir='ltr'><strong><em>deprecamur,</em></strong></span> <span class='ocrx_word' id='word_1_235' title='bbox 2683 1737 2940 1801; x_wconf 86' lang='lat' dir='ltr'><strong><em>quatenus</em></strong></span> <span class='ocrx_word' id='word_1_236' title='bbox 2969 1727 3108 1780; x_wconf 88' lang='lat' dir='ltr'><strong><em>circa</em></strong></span> <span class='ocrx_word' id='word_1_237' title='bbox 3160 1743 3216 1781; x_wconf 87' lang='lat' dir='ltr'><strong><em>sc</em></strong></span> <span class='ocrx_word' id='word_1_238' title='bbox 3267 1725 3463 1780; x_wconf 84' lang='lat' dir='ltr'><strong><em>sentiat</em></strong></span> <span class='ocrx_word' id='word_1_239' title='bbox 3515 1718 3756 1789; x_wconf 79' lang='lat' dir='ltr'><strong><em>beneficii</em></strong></span> 
     </span>
    </p>
   </div>
   <div class='ocr_carea' id='block_1_18' title="bbox 467 1809 3757 1887">
    <p class='ocr_par' dir='ltr' id='par_1_18' title="bbox 467 1809 3757 1887">
     <span class='ocr_line' id='line_1_18' title="bbox 467 1809 3757 1887; baseline -0.001 -22"><span class='ocrx_word' id='word_1_240' title='bbox 467 1814 547 1865; x_wconf 82' lang='lat' dir='ltr'><strong><em>tui</em></strong></span> <span class='ocrx_word' id='word_1_241' title='bbox 569 1813 926 1882; x_wconf 78' lang='lat' dir='ltr'><strong><em>propositum;</em></strong></span> <span class='ocrx_word' id='word_1_242' title='bbox 948 1823 998 1866; x_wconf 92' lang='lat' dir='ltr'><strong><em>et</em></strong></span> <span class='ocrx_word' id='word_1_243' title='bbox 1027 1817 1161 1868; x_wconf 83' lang='lat' dir='ltr'><strong><em>sicut</em></strong></span> <span class='ocrx_word' id='word_1_244' title='bbox 1193 1825 1376 1869; x_wconf 72' lang='lat' dir='ltr'><strong><em>vestrae</em></strong></span> <span class='ocrx_word' id='word_1_245' title='bbox 1397 1816 1569 1885; x_wconf 85' lang='lat' dir='ltr'><strong><em>factus</em></strong></span> <span class='ocrx_word' id='word_1_246' title='bbox 1589 1825 1665 1871; x_wconf 90' lang='lat' dir='ltr'><strong><em>est</em></strong></span> <span class='ocrx_word' id='word_1_247' title='bbox 1689 1817 2109 1872; x_wconf 87' lang='lat' dir='ltr'><strong><em>communicator</em></strong></span> <span class='ocrx_word' id='word_1_248' title='bbox 2127 1817 2412 1887; x_wconf 84' lang='lat' dir='ltr'><strong><em>passionis,</em></strong></span> <span class='ocrx_word' id='word_1_249' title='bbox 2447 1814 2527 1871; x_wconf 88' lang='lat' dir='ltr'><strong><em>ita</em></strong></span> <span class='ocrx_word' id='word_1_250' title='bbox 2556 1830 2604 1872; x_wconf 90' lang='lat' dir='ltr'><strong><em>et</em></strong></span> <span class='ocrx_word' id='word_1_251' title='bbox 2629 1815 3006 1871; x_wconf 86' lang='lat' dir='ltr'><strong><em>consolationis</em></strong></span> <span class='ocrx_word' id='word_1_252' title='bbox 3056 1832 3070 1869; x_wconf 89' lang='lat'><strong>:</strong></span> <span class='ocrx_word' id='word_1_253' title='bbox 3132 1832 3238 1871; x_wconf 82' lang='lat' dir='ltr'><strong><em>non</em></strong></span> <span class='ocrx_word' id='word_1_254' title='bbox 3276 1825 3456 1868; x_wconf 82' lang='lat' dir='ltr'><strong><em>autem</em></strong></span> <span class='ocrx_word' id='word_1_255' title='bbox 3484 1819 3543 1866; x_wconf 89' lang='lat' dir='ltr'><strong><em>ut</em></strong></span> <span class='ocrx_word' id='word_1_256' title='bbox 3589 1809 3757 1880; x_wconf 55' lang='lat' dir='ltr'><strong><em>fami:-</em></strong></span> 
     </span>
    </p>
   </div>
   <div class='ocr_carea' id='block_1_19' title="bbox 467 1897 3757 1976">
    <p class='ocr_par' dir='ltr' id='par_1_19' title="bbox 467 1897 3757 1976">
     <span class='ocr_line' id='line_1_19' title="bbox 467 1897 3757 1976; baseline -0.001 -24"><span class='ocrx_word' id='word_1_257' title='bbox 467 1899 620 1953; x_wconf 89' lang='lat' dir='ltr'><strong><em>liaris</em></strong></span> <span class='ocrx_word' id='word_1_258' title='bbox 647 1909 825 1955; x_wconf 84' lang='lat' dir='ltr'><strong><em>noster</em></strong></span> <span class='ocrx_word' id='word_1_259' title='bbox 854 1900 1048 1970; x_wconf 84' lang='lat' dir='ltr'><strong><em>factus,</em></strong></span> <span class='ocrx_word' id='word_1_260' title='bbox 1076 1903 1168 1955; x_wconf 88' lang='lat' dir='ltr'><strong><em>sed</em></strong></span> <span class='ocrx_word' id='word_1_261' title='bbox 1195 1912 1244 1956; x_wconf 91' lang='lat' dir='ltr'><strong><em>et</em></strong></span> <span class='ocrx_word' id='word_1_262' title='bbox 1265 1912 1322 1955; x_wconf 93' lang='lat' dir='ltr'><strong><em>ut</em></strong></span> <span class='ocrx_word' id='word_1_263' title='bbox 1354 1920 1388 1957; x_wconf 74' lang='grc' dir='ltr'><strong>α</strong></span> <span class='ocrx_word' id='word_1_264' title='bbox 1414 1905 1533 1958; x_wconf 88' lang='lat' dir='ltr'><strong><em>sede</em></strong></span> <span class='ocrx_word' id='word_1_265' title='bbox 1550 1903 1807 1975; x_wconf 85' lang='lat' dir='ltr'><strong><em>principis</em></strong></span> <span class='ocrx_word' id='word_1_266' title='bbox 1835 1903 2194 1974; x_wconf 82' lang='lat' dir='ltr'><strong><em>apostolorum</em></strong></span> <span class='ocrx_word' id='word_1_267' title='bbox 2226 1915 2522 1976; x_wconf 80' lang='lat' dir='ltr'><strong><em>susceptus,</em></strong></span> <span class='ocrx_word' id='word_1_268' title='bbox 2552 1906 2638 1960; x_wconf 87' lang='lat' dir='ltr'><strong><em>hic</em></strong></span> <span class='ocrx_word' id='word_1_269' title='bbox 2665 1903 2813 1959; x_wconf 84' lang='lat' dir='ltr'><strong><em>debet</em></strong></span> <span class='ocrx_word' id='word_1_270' title='bbox 2851 1905 2915 1956; x_wconf 87' lang='lat' dir='ltr'><strong><em>ob</em></strong></span> <span class='ocrx_word' id='word_1_271' title='bbox 2949 1919 3181 1958; x_wconf 87' lang='lat' dir='ltr'><strong><em>amorem</em></strong></span> <span class='ocrx_word' id='word_1_272' title='bbox 3203 1903 3336 1974; x_wconf 67' lang='lat' dir='ltr'><strong><em>ejus,</em></strong></span> <span class='ocrx_word' id='word_1_273' title='bbox 3373 1916 3477 1955; x_wconf 87' lang='lat' dir='ltr'><strong><em>non</em></strong></span> <span class='ocrx_word' id='word_1_274' title='bbox 3513 1897 3757 1969; x_wconf 85' lang='lat' dir='ltr'><strong><em>qualem-</em></strong></span> 
     </span>
    </p>
   </div>
   <div class='ocr_carea' id='block_1_20' title="bbox 469 1987 2120 2061">
    <p class='ocr_par' dir='ltr' id='par_1_20' title="bbox 469 1987 2120 2061">
     <span class='ocr_line' id='line_1_20' title="bbox 469 1987 2120 2061; baseline 0.006 -23"><span class='ocrx_word' id='word_1_275' title='bbox 469 2001 672 2055; x_wconf 81' lang='lat' dir='ltr'><strong><em>cunque</em></strong></span> <span class='ocrx_word' id='word_1_276' title='bbox 699 1987 755 2041; x_wconf 88' lang='lat' dir='ltr'><strong><em>in</em></strong></span> <span class='ocrx_word' id='word_1_277' title='bbox 772 1999 1052 2057; x_wconf 63' lang='lat' dir='ltr'><strong><em>compectu</em></strong></span> <span class='ocrx_word' id='word_1_278' title='bbox 1069 1991 1371 2045; x_wconf 84' lang='lat' dir='ltr'><strong><em>sanctitatis</em></strong></span> <span class='ocrx_word' id='word_1_279' title='bbox 1394 2000 1579 2046; x_wconf 79' lang='lat' dir='ltr'><strong><em>oestrte</em></strong></span> <span class='ocrx_word' id='word_1_280' title='bbox 1607 1992 1838 2061; x_wconf 83' lang='lat' dir='ltr'><strong><em>gratiam</em></strong></span> <span class='ocrx_word' id='word_1_281' title='bbox 1868 1993 2120 2048; x_wconf 81' lang='lat' dir='ltr'><strong><em>invenire.</em></strong></span> 
     </span>
    </p>
   </div>
   <div class='ocr_carea' id='block_1_21' title="bbox 548 2072 3755 2154">
    <p class='ocr_par' dir='ltr' id='par_1_21' title="bbox 548 2072 3755 2154">
     <span class='ocr_line' id='line_1_21' title="bbox 548 2072 3755 2154; baseline 0.001 -26"><span class='ocrx_word' id='word_1_282' title='bbox 548 2073 611 2131; x_wconf 74' lang='grc' dir='ltr'><strong><em>ν.</em></strong></span> <span class='ocrx_word' id='word_1_283' title='bbox 649 2077 809 2132; x_wconf 78' lang='lat' dir='ltr'><strong><em>Anno</em></strong></span> <span class='ocrx_word' id='word_1_284' title='bbox 840 2077 1054 2135; x_wconf 79' lang='lat' dir='ltr'><strong><em>Christi</em></strong></span> <span class='ocrx_word' id='word_1_285' title='bbox 1081 2079 1186 2134; x_wconf 86' lang='lat'><strong>869</strong></span> <span class='ocrx_word' id='word_1_286' title='bbox 1213 2078 1599 2150; x_wconf 76' lang='lat' dir='ltr'><strong><em>Tbeognostus</em></strong></span> <span class='ocrx_word' id='word_1_287' title='bbox 1643 2081 2029 2150; x_wconf 81' lang='lat' dir='ltr'><strong><em>patriarcbalis</em></strong></span> <span class='ocrx_word' id='word_1_288' title='bbox 2081 2084 2422 2154; x_wconf 74' lang='lat' dir='ltr'><strong><em>begumenus</em></strong></span> <span class='ocrx_word' id='word_1_289' title='bbox 2469 2082 2677 2154; x_wconf 78' lang='lat' dir='ltr'><strong><em>legatos</em></strong></span> <span class='ocrx_word' id='word_1_290' title='bbox 2723 2081 2946 2137; x_wconf 79' lang='lat' dir='ltr'><strong><em>Adriani</em></strong></span> <span class='ocrx_word' id='word_1_291' title='bbox 2997 2081 3035 2136; x_wconf 93' lang='lat' dir='ltr'><strong><em>Il</em></strong></span> <span class='ocrx_word' id='word_1_292' title='bbox 3065 2072 3298 2135; x_wconf 64' lang='lat' dir='ltr'><strong><em>Romani</em></strong></span> <span class='ocrx_word' id='word_1_293' title='bbox 3339 2076 3634 2151; x_wconf 76' lang='lat' dir='ltr'><strong><em>pontiﬁcis,</em></strong></span> <span class='ocrx_word' id='word_1_294' title='bbox 3684 2074 3755 2130; x_wconf 84' lang='lat' dir='ltr'><strong><em>ad</em></strong></span> 
     </span>
    </p>
   </div>
   <div class='ocr_carea' id='block_1_22' title="bbox 470 2165 3753 2242">
    <p class='ocr_par' dir='ltr' id='par_1_22' title="bbox 470 2165 3753 2242">
     <span class='ocr_line' id='line_1_22' title="bbox 470 2165 3753 2242; baseline -0 -22"><span class='ocrx_word' id='word_1_295' title='bbox 470 2166 766 2221; x_wconf 73' lang='lat' dir='ltr'><strong><em>concilium</em></strong></span> <span class='ocrx_word' id='word_1_296' title='bbox 806 2168 1285 2238; x_wconf 80' lang='lat' dir='ltr'><strong><em>Constantinopoli</em></strong></span> <span class='ocrx_word' id='word_1_297' title='bbox 1318 2170 1704 2225; x_wconf 84' lang='lat' dir='ltr'><strong><em>celebrandum</em></strong></span> <span class='ocrx_word' id='word_1_298' title='bbox 1731 2169 1952 2234; x_wconf 85' lang='lat' dir='ltr'><strong><em>missos,</em></strong></span> <span class='ocrx_word' id='word_1_299' title='bbox 2007 2166 2374 2228; x_wconf 84' lang='lat' dir='ltr'><strong><em>Sillambciam</em></strong></span> <span class='ocrx_word' id='word_1_300' title='bbox 2412 2172 2692 2242; x_wconf 78' lang='lat' dir='ltr'><strong><em>ingressos</em></strong></span> <span class='ocrx_word' id='word_1_301' title='bbox 2722 2169 3059 2240; x_wconf 78' lang='lat' dir='ltr'><strong><em>excipiebat;</em></strong></span> <span class='ocrx_word' id='word_1_302' title='bbox 3100 2171 3192 2240; x_wconf 81' lang='lat' dir='ltr'><strong><em>qui</em></strong></span> <span class='ocrx_word' id='word_1_303' title='bbox 3222 2165 3753 2237; x_wconf 76' lang='lat' dir='ltr'><strong><em>Constantinopolim</em></strong></span> 
     </span>
    </p>
   </div>
   <div class='ocr_carea' id='block_1_23' title="bbox 473 2250 3756 2340">
    <p class='ocr_par' dir='ltr' id='par_1_23' title="bbox 473 2250 3756 2340">
     <span class='ocr_line' id='line_1_23' title="bbox 473 2250 3756 2340; baseline 0 -32"><span class='ocrx_word' id='word_1_304' title='bbox 473 2250 768 2310; x_wconf 79' lang='lat' dir='ltr'><strong><em>indictione</em></strong></span> <span class='ocrx_word' id='word_1_305' title='bbox 798 2271 883 2316; x_wconf 84' lang='lat' dir='ltr'><strong><em>ut.</em></strong></span> <span class='ocrx_word' id='word_1_306' title='bbox 920 2256 1010 2312; x_wconf 88' lang='lat' dir='ltr'><strong><em>die</em></strong></span> <span class='ocrx_word' id='word_1_307' title='bbox 1045 2274 1112 2311; x_wconf 69' lang='lat' dir='ltr'><strong><em>sv</em></strong></span> <span class='ocrx_word' id='word_1_308' title='bbox 1148 2258 1506 2328; x_wconf 74' lang='lat' dir='ltr'><strong><em>Septembris,</em></strong></span> <span class='ocrx_word' id='word_1_309' title='bbox 1531 2257 1599 2313; x_wconf 78' lang='grc' dir='ltr'><strong><em>Λ.</em></strong></span> <span class='ocrx_word' id='word_1_310' title='bbox 1631 2257 1695 2312; x_wconf 73' lang='grc' dir='ltr'><strong><em>(Σ.</em></strong></span> <span class='ocrx_word' id='word_1_311' title='bbox 1733 2258 1857 2324; x_wconf 79' lang='lat'><strong><em>869,</em></strong></span> <span class='ocrx_word' id='word_1_312' title='bbox 1892 2270 2271 2329; x_wconf 83' lang='lat' dir='ltr'><strong><em>pervenerunt.</em></strong></span> <span class='ocrx_word' id='word_1_313' title='bbox 2293 2259 2660 2314; x_wconf 83' lang='lat' dir='ltr'><strong><em>Continuator</em></strong></span> <span class='ocrx_word' id='word_1_314' title='bbox 2685 2258 2957 2313; x_wconf 79' lang='lat' dir='ltr'><strong><em>Anastasii</em></strong></span> <span class='ocrx_word' id='word_1_315' title='bbox 2989 2259 3056 2314; x_wconf 88' lang='lat' dir='ltr'><strong><em>de</em></strong></span> <span class='ocrx_word' id='word_1_316' title='bbox 3087 2257 3352 2313; x_wconf 78' lang='lat' dir='ltr'><strong><em>Romanis</em></strong></span> <span class='ocrx_word' id='word_1_317' title='bbox 3380 2255 3756 2340; x_wconf 66' lang='lat' dir='ltr'><strong><em>pontibcibuso</em></strong></span> 
     </span>
    </p>
   </div>
   <div class='ocr_carea' id='block_1_24' title="bbox 475 2341 3753 2419">
    <p class='ocr_par' dir='ltr' id='par_1_24' title="bbox 475 2341 3753 2419">
     <span class='ocr_line' id='line_1_24' title="bbox 475 2341 3753 2419; baseline -0.001 -25"><span class='ocrx_word' id='word_1_318' title='bbox 475 2341 530 2395; x_wconf 91' lang='lat' dir='ltr'><strong><em>in</em></strong></span> <span class='ocrx_word' id='word_1_319' title='bbox 560 2342 804 2399; x_wconf 78' lang='lat' dir='ltr'><strong><em>Adriano</em></strong></span> <span class='ocrx_word' id='word_1_320' title='bbox 829 2346 873 2399; x_wconf 89' lang='lat' dir='ltr'><strong><em>ll</em></strong></span> <span class='ocrx_word' id='word_1_321' title='bbox 910 2363 924 2400; x_wconf 89' lang='lat'><strong>:</strong></span> <span class='ocrx_word' id='word_1_322' title='bbox 963 2343 1258 2400; x_wconf 73' lang='lat' dir='ltr'><strong><em>Multorum</em></strong></span> <span class='ocrx_word' id='word_1_323' title='bbox 1324 2344 1662 2415; x_wconf 84' lang='lat' dir='ltr'><strong><em>anfractuum</em></strong></span> <span class='ocrx_word' id='word_1_324' title='bbox 1694 2345 1983 2401; x_wconf 87' lang='lat' dir='ltr'><strong><em>laboriosos</em></strong></span> <span class='ocrx_word' id='word_1_325' title='bbox 2031 2348 2286 2415; x_wconf 80' lang='lat' dir='ltr'><strong><em>circuitus</em></strong></span> <span class='ocrx_word' id='word_1_326' title='bbox 2324 2346 2511 2419; x_wconf 79' lang='lat' dir='ltr'><strong><em>(legati</em></strong></span> <span class='ocrx_word' id='word_1_327' title='bbox 2552 2345 2846 2416; x_wconf 80' lang='lat' dir='ltr'><strong><em>Pontiﬁcii)</em></strong></span> <span class='ocrx_word' id='word_1_328' title='bbox 2883 2354 3241 2416; x_wconf 81' lang='lat' dir='ltr'><strong><em>penetrantes,</em></strong></span> <span class='ocrx_word' id='word_1_329' title='bbox 3288 2345 3501 2401; x_wconf 80' lang='lat' dir='ltr'><strong><em>tondent</em></strong></span> <span class='ocrx_word' id='word_1_330' title='bbox 3538 2341 3753 2396; x_wconf 75' lang='lat' dir='ltr'><strong><em>Christo</em></strong></span> 
     </span>
    </p>
   </div>
   <div class='ocr_carea' id='block_1_25' title="bbox 473 2430 3756 2506">
    <p class='ocr_par' dir='ltr' id='par_1_25' title="bbox 473 2430 3756 2506">
     <span class='ocr_line' id='line_1_25' title="bbox 473 2430 3756 2506; baseline 0.001 -25"><span class='ocrx_word' id='word_1_331' title='bbox 473 2430 726 2499; x_wconf 81' lang='lat' dir='ltr'><strong><em>prtetluce</em></strong></span> <span class='ocrx_word' id='word_1_332' title='bbox 780 2431 1214 2488; x_wconf 86' lang='lat' dir='ltr'><strong><em>Thessalonicam</em></strong></span> <span class='ocrx_word' id='word_1_333' title='bbox 1251 2436 1465 2488; x_wconf 81' lang='lat' dir='ltr'><strong><em>vettiunt</em></strong></span> <span class='ocrx_word' id='word_1_334' title='bbox 1499 2435 1552 2488; x_wconf 87' lang='lat' dir='ltr'><strong><em>in</em></strong></span> <span class='ocrx_word' id='word_1_335' title='bbox 1616 2449 1719 2504; x_wconf 81' lang='lat' dir='ltr'><strong><em>quo</em></strong></span> <span class='ocrx_word' id='word_1_336' title='bbox 1757 2431 1995 2492; x_wconf 85' lang='lat' dir='ltr'><strong><em>Basilius</em></strong></span> <span class='ocrx_word' id='word_1_337' title='bbox 2039 2435 2330 2506; x_wconf 84' lang='lat' dir='ltr'><strong><em>imperator</em></strong></span> <span class='ocrx_word' id='word_1_338' title='bbox 2355 2433 2705 2489; x_wconf 81' lang='lat' dir='ltr'><strong><em>Eustachium</em></strong></span> <span class='ocrx_word' id='word_1_339' title='bbox 2731 2435 3065 2503; x_wconf 86' lang='lat' dir='ltr'><strong><em>spatharium</em></strong></span> <span class='ocrx_word' id='word_1_340' title='bbox 3099 2432 3450 2488; x_wconf 88' lang='lat' dir='ltr'><strong><em>candidatum</em></strong></span> <span class='ocrx_word' id='word_1_341' title='bbox 3493 2447 3610 2484; x_wconf 88' lang='lat' dir='ltr'><strong><em>cum</em></strong></span> <span class='ocrx_word' id='word_1_342' title='bbox 3641 2443 3756 2483; x_wconf 76' lang='lat' dir='ltr'><strong><em>sua:</em></strong></span> 
     </span>
    </p>
   </div>
   <div class='ocr_carea' id='block_1_26' title="bbox 474 2517 3755 2599">
    <p class='ocr_par' dir='ltr' id='par_1_26' title="bbox 474 2517 3755 2599">
     <span class='ocr_line' id='line_1_26' title="bbox 474 2517 3755 2599; baseline 0 -29"><span class='ocrx_word' id='word_1_343' title='bbox 474 2517 821 2575; x_wconf 82' lang='lat' dir='ltr'><strong><em>salutationis</em></strong></span> <span class='ocrx_word' id='word_1_344' title='bbox 836 2521 1002 2590; x_wconf 57' lang='lat' dir='ltr'><strong><em>oﬁcio</em></strong></span> <span class='ocrx_word' id='word_1_345' title='bbox 1033 2531 1235 2576; x_wconf 79' lang='lat' dir='ltr'><strong><em>sancttc</em></strong></span> <span class='ocrx_word' id='word_1_346' title='bbox 1273 2519 1528 2576; x_wconf 65' lang='lat' dir='ltr'><strong><em>Romana;-</em></strong></span> <span class='ocrx_word' id='word_1_347' title='bbox 1549 2522 1742 2593; x_wconf 80' lang='lat' dir='ltr'><strong><em>legatis</em></strong></span> <span class='ocrx_word' id='word_1_348' title='bbox 1771 2523 2025 2599; x_wconf 69' lang='lat' dir='ltr'><strong><em>Ecclesiae</em></strong></span> <span class='ocrx_word' id='word_1_349' title='bbox 2051 2521 2258 2578; x_wconf 76' lang='lat' dir='ltr'><strong><em>obviam</em></strong></span> <span class='ocrx_word' id='word_1_350' title='bbox 2283 2524 2594 2578; x_wconf 79' lang='lat' dir='ltr'><strong><em>destinavit.</em></strong></span> <span class='ocrx_word' id='word_1_351' title='bbox 2623 2524 2729 2590; x_wconf 84' lang='lat' dir='ltr'><strong><em>Qui</em></strong></span> <span class='ocrx_word' id='word_1_352' title='bbox 2751 2539 2838 2578; x_wconf 88' lang='lat' dir='ltr'><strong><em>eos</em></strong></span> <span class='ocrx_word' id='word_1_353' title='bbox 2875 2523 3162 2577; x_wconf 82' lang='lat' dir='ltr'><strong><em>admodum</em></strong></span> <span class='ocrx_word' id='word_1_354' title='bbox 3190 2519 3478 2588; x_wconf 74' lang='lat' dir='ltr'><strong><em>honoriﬁce</em></strong></span> <span class='ocrx_word' id='word_1_355' title='bbox 3510 2536 3602 2589; x_wconf 90' lang='lat' dir='ltr'><strong><em>per</em></strong></span> <span class='ocrx_word' id='word_1_356' title='bbox 3623 2534 3755 2572; x_wconf 66' lang='lat' dir='ltr'><strong><em>cono</em></strong></span> 
     </span>
    </p>
   </div>
   <div class='ocr_carea' id='block_1_27' title="bbox 480 2606 3755 2682">
    <p class='ocr_par' dir='ltr' id='par_1_27' title="bbox 480 2606 3755 2682">
     <span class='ocr_line' id='line_1_27' title="bbox 480 2606 3755 2682; baseline 0 -23"><span class='ocrx_word' id='word_1_357' title='bbox 480 2606 631 2677; x_wconf 82' lang='lat' dir='ltr'><strong><em>tigna</em></strong></span> <span class='ocrx_word' id='word_1_358' title='bbox 675 2608 883 2665; x_wconf 86' lang='lat' dir='ltr'><strong><em>itineris</em></strong></span> <span class='ocrx_word' id='word_1_359' title='bbox 924 2610 1042 2663; x_wconf 86' lang='lat' dir='ltr'><strong><em>loca</em></strong></span> <span class='ocrx_word' id='word_1_360' title='bbox 1090 2611 1359 2674; x_wconf 83' lang='lat' dir='ltr'><strong><em>ducentes,</em></strong></span> <span class='ocrx_word' id='word_1_361' title='bbox 1409 2610 1788 2667; x_wconf 78' lang='lat' dir='ltr'><strong><em>Sillambriam</em></strong></span> <span class='ocrx_word' id='word_1_362' title='bbox 1827 2621 2194 2682; x_wconf 75' lang='lat' dir='ltr'><strong><em>pervenerunt.</em></strong></span> <span class='ocrx_word' id='word_1_363' title='bbox 2230 2611 2332 2669; x_wconf 86' lang='lat' dir='ltr'><strong><em>Ubi</em></strong></span> <span class='ocrx_word' id='word_1_364' title='bbox 2363 2629 2395 2666; x_wconf 88' lang='lat' dir='ltr'><strong><em>ts</em></strong></span> <span class='ocrx_word' id='word_1_365' title='bbox 2422 2611 2662 2668; x_wconf 87' lang='lat' dir='ltr'><strong><em>Sisinnio</em></strong></span> <span class='ocrx_word' id='word_1_366' title='bbox 2696 2610 2962 2681; x_wconf 88' lang='lat' dir='ltr'><strong><em>imperiali</em></strong></span> <span class='ocrx_word' id='word_1_367' title='bbox 2996 2610 3432 2681; x_wconf 81' lang='lat' dir='ltr'><strong><em>protaspathario</em></strong></span> <span class='ocrx_word' id='word_1_368' title='bbox 3463 2619 3510 2662; x_wconf 92' lang='lat' dir='ltr'><strong><em>et</em></strong></span> <span class='ocrx_word' id='word_1_369' title='bbox 3583 2607 3755 2661; x_wconf 86' lang='lat' dir='ltr'><strong><em>Theo-</em></strong></span> 
     </span>
    </p>
   </div>
   <div class='ocr_carea' id='block_1_28' title="bbox 478 2696 3756 2772">
    <p class='ocr_par' dir='ltr' id='par_1_28' title="bbox 478 2696 3756 2772">
     <span class='ocr_line' id='line_1_28' title="bbox 478 2696 3756 2772; baseline 0 -25"><span class='ocrx_word' id='word_1_370' title='bbox 478 2705 661 2764; x_wconf 87' lang='lat' dir='ltr'><strong><em>gnosto</em></strong></span> <span class='ocrx_word' id='word_1_371' title='bbox 676 2696 1025 2764; x_wconf 85' lang='lat' dir='ltr'><strong><em>patriarchali</em></strong></span> <span class='ocrx_word' id='word_1_372' title='bbox 1049 2699 1356 2769; x_wconf 81' lang='lat' dir='ltr'><strong><em>hegumeno,</em></strong></span> <span class='ocrx_word' id='word_1_373' title='bbox 1383 2700 1473 2768; x_wconf 85' lang='lat' dir='ltr'><strong><em>qui</em></strong></span> <span class='ocrx_word' id='word_1_374' title='bbox 1500 2697 1681 2755; x_wconf 76' lang='lat' dir='ltr'><strong><em>Roma:</em></strong></span> <span class='ocrx_word' id='word_1_375' title='bbox 1706 2700 1848 2771; x_wconf 84' lang='lat' dir='ltr'><strong><em>apud</em></strong></span> <span class='ocrx_word' id='word_1_376' title='bbox 1876 2701 2271 2757; x_wconf 87' lang='lat' dir='ltr'><strong><em>sanctissimum</em></strong></span> <span class='ocrx_word' id='word_1_377' title='bbox 2304 2717 2496 2772; x_wconf 83' lang='lat' dir='ltr'><strong><em>papam</em></strong></span> <span class='ocrx_word' id='word_1_378' title='bbox 2524 2697 2813 2756; x_wconf 74' lang='lat' dir='ltr'><strong><em>Nicolaum</em></strong></span> <span class='ocrx_word' id='word_1_379' title='bbox 2836 2717 2932 2770; x_wconf 91' lang='lat' dir='ltr'><strong><em>pro</em></strong></span> <span class='ocrx_word' id='word_1_380' title='bbox 2951 2700 3273 2754; x_wconf 89' lang='lat' dir='ltr'><strong><em>restituendo</em></strong></span> <span class='ocrx_word' id='word_1_381' title='bbox 3300 2697 3513 2769; x_wconf 84' lang='lat' dir='ltr'><strong><em>Ignatio</em></strong></span> <span class='ocrx_word' id='word_1_382' title='bbox 3537 2696 3756 2749; x_wconf 83' lang='lat' dir='ltr'><strong><em>sedulus</em></strong></span> 
     </span>
    </p>
   </div>
   <div class='ocr_carea' id='block_1_29' title="bbox 478 2780 3754 2860">
    <p class='ocr_par' dir='ltr' id='par_1_29' title="bbox 478 2780 3754 2860">
     <span class='ocr_line' id='line_1_29' title="bbox 478 2780 3754 2860; baseline 0.002 -26"><span class='ocrx_word' id='word_1_383' title='bbox 478 2780 791 2838; x_wconf 89' lang='lat' dir='ltr'><strong><em>intercessor</em></strong></span> <span class='ocrx_word' id='word_1_384' title='bbox 827 2788 1124 2850; x_wconf 75' lang='lat' dir='ltr'><strong><em>exstiterat,</em></strong></span> <span class='ocrx_word' id='word_1_385' title='bbox 1157 2801 1275 2841; x_wconf 88' lang='lat' dir='ltr'><strong><em>cum</em></strong></span> <span class='ocrx_word' id='word_1_386' title='bbox 1308 2787 1378 2844; x_wconf 76' lang='grc' dir='ltr'><strong><em>ιο</em></strong></span> <span class='ocrx_word' id='word_1_387' title='bbox 1410 2788 1557 2859; x_wconf 87' lang='lat' dir='ltr'><strong><em>equis</em></strong></span> <span class='ocrx_word' id='word_1_388' title='bbox 1603 2787 1666 2842; x_wconf 92' lang='lat' dir='ltr'><strong><em>de</em></strong></span> <span class='ocrx_word' id='word_1_389' title='bbox 1700 2788 1916 2844; x_wconf 76' lang='lat' dir='ltr'><strong><em>stabulo</em></strong></span> <span class='ocrx_word' id='word_1_390' title='bbox 1955 2789 2221 2859; x_wconf 88' lang='lat' dir='ltr'><strong><em>imperiali</em></strong></span> <span class='ocrx_word' id='word_1_391' title='bbox 2243 2799 2293 2846; x_wconf 90' lang='lat' dir='ltr'><strong><em>et</em></strong></span> <span class='ocrx_word' id='word_1_392' title='bbox 2347 2791 2506 2844; x_wconf 82' lang='lat' dir='ltr'><strong><em>tctius</em></strong></span> <span class='ocrx_word' id='word_1_393' title='bbox 2557 2805 2748 2844; x_wconf 73' lang='lat' dir='ltr'><strong><em>mensa:</em></strong></span> <span class='ocrx_word' id='word_1_394' title='bbox 2778 2797 3025 2860; x_wconf 88' lang='lat' dir='ltr'><strong><em>argenteo</em></strong></span> <span class='ocrx_word' id='word_1_395' title='bbox 3065 2798 3352 2859; x_wconf 86' lang='lat' dir='ltr'><strong><em>apparatu,</em></strong></span> <span class='ocrx_word' id='word_1_396' title='bbox 3407 2784 3754 2854; x_wconf 73' lang='lat' dir='ltr'><strong><em>oﬁicialibus—</em></strong></span> 
     </span>
    </p>
   </div>
   <div class='ocr_carea' id='block_1_30' title="bbox 477 2873 3760 2950">
    <p class='ocr_par' dir='ltr' id='par_1_30' title="bbox 477 2873 3760 2950">
     <span class='ocr_line' id='line_1_30' title="bbox 477 2873 3760 2950; baseline -0.001 -22"><span class='ocrx_word' id='word_1_397' title='bbox 477 2889 599 2942; x_wconf 82' lang='lat' dir='ltr'><strong><em>que,</em></strong></span> <span class='ocrx_word' id='word_1_398' title='bbox 623 2876 716 2946; x_wconf 89' lang='lat' dir='ltr'><strong><em>qui</em></strong></span> <span class='ocrx_word' id='word_1_399' title='bbox 737 2877 840 2931; x_wconf 80' lang='lat' dir='ltr'><strong><em>sibi</em></strong></span> <span class='ocrx_word' id='word_1_400' title='bbox 860 2877 929 2932; x_wconf 81' lang='lat' dir='ltr'><strong><em>ad</em></strong></span> <span class='ocrx_word' id='word_1_401' title='bbox 958 2894 1163 2932; x_wconf 84' lang='lat' dir='ltr'><strong><em>onmem</em></strong></span> <span class='ocrx_word' id='word_1_402' title='bbox 1198 2879 1406 2933; x_wconf 81' lang='lat' dir='ltr'><strong><em>libitum</em></strong></span> <span class='ocrx_word' id='word_1_403' title='bbox 1440 2878 1859 2950; x_wconf 80' lang='lat' dir='ltr'><strong><em>famularentur,</em></strong></span> <span class='ocrx_word' id='word_1_404' title='bbox 1894 2889 2021 2935; x_wconf 85' lang='lat' dir='ltr'><strong><em>sunt</em></strong></span> <span class='ocrx_word' id='word_1_405' title='bbox 2053 2880 2276 2948; x_wconf 77' lang='lat' dir='ltr'><strong><em>excepti.</em></strong></span> <span class='ocrx_word' id='word_1_406' title='bbox 2298 2879 2381 2933; x_wconf 78' lang='lat' dir='ltr'><strong><em>Ad</em></strong></span> <span class='ocrx_word' id='word_1_407' title='bbox 2411 2886 2648 2932; x_wconf 88' lang='lat' dir='ltr'><strong><em>castrum</em></strong></span> <span class='ocrx_word' id='word_1_408' title='bbox 2681 2887 2856 2932; x_wconf 88' lang='lat' dir='ltr'><strong><em>autem</em></strong></span> <span class='ocrx_word' id='word_1_409' title='bbox 2883 2877 3192 2943; x_wconf 86' lang='lat' dir='ltr'><strong><em>rotundum,</em></strong></span> <span class='ocrx_word' id='word_1_410' title='bbox 3229 2876 3284 2929; x_wconf 89' lang='lat' dir='ltr'><strong><em>in</em></strong></span> <span class='ocrx_word' id='word_1_411' title='bbox 3313 2890 3415 2946; x_wconf 89' lang='lat' dir='ltr'><strong><em>quo</em></strong></span> <span class='ocrx_word' id='word_1_412' title='bbox 3436 2883 3514 2928; x_wconf 87' lang='lat' dir='ltr'><strong><em>est</em></strong></span> <span class='ocrx_word' id='word_1_413' title='bbox 3535 2873 3760 2928; x_wconf 85' lang='lat' dir='ltr'><strong><em>ecclesia</em></strong></span> 
     </span>
    </p>
   </div>
   <div class='ocr_carea' id='block_1_31' title="bbox 478 2962 3759 3038">
    <p class='ocr_par' dir='ltr' id='par_1_31' title="bbox 478 2962 3759 3038">
     <span class='ocr_line' id='line_1_31' title="bbox 478 2962 3759 3038; baseline 0.001 -25"><span class='ocrx_word' id='word_1_414' title='bbox 478 2962 632 3017; x_wconf 80' lang='lat' dir='ltr'><strong><em>mirte</em></strong></span> <span class='ocrx_word' id='word_1_415' title='bbox 656 2965 1040 3033; x_wconf 83' lang='lat' dir='ltr'><strong><em>magnitudinis</em></strong></span> <span class='ocrx_word' id='word_1_416' title='bbox 1071 2964 1131 3020; x_wconf 88' lang='lat' dir='ltr'><strong><em>S.</em></strong></span> <span class='ocrx_word' id='word_1_417' title='bbox 1161 2965 1514 3037; x_wconf 70' lang='lat' dir='ltr'><strong><em>Ecangelistc</em></strong></span> <span class='ocrx_word' id='word_1_418' title='bbox 1529 2967 1758 3021; x_wconf 79' lang='lat' dir='ltr'><strong><em>Joannis</em></strong></span> <span class='ocrx_word' id='word_1_419' title='bbox 1789 2967 1992 3021; x_wconf 80' lang='lat' dir='ltr'><strong><em>nomini</em></strong></span> <span class='ocrx_word' id='word_1_420' title='bbox 2016 2968 2218 3030; x_wconf 86' lang='lat' dir='ltr'><strong><em>dicata,</em></strong></span> <span class='ocrx_word' id='word_1_421' title='bbox 2251 2968 2430 3038; x_wconf 74' lang='lat' dir='ltr'><strong><em>fauore</em></strong></span> <span class='ocrx_word' id='word_1_422' title='bbox 2469 2965 2780 3038; x_wconf 80' lang='lat' dir='ltr'><strong><em>Augustali,</em></strong></span> <span class='ocrx_word' id='word_1_423' title='bbox 2819 2964 3054 3019; x_wconf 79' lang='lat' dir='ltr'><strong><em>Sabbuto</em></strong></span> <span class='ocrx_word' id='word_1_424' title='bbox 3077 2965 3406 3018; x_wconf 86' lang='lat' dir='ltr'><strong><em>mansionem</em></strong></span> <span class='ocrx_word' id='word_1_425' title='bbox 3437 2962 3759 3030; x_wconf 76' lang='lat' dir='ltr'><strong><em>suscipiunt.</em></strong></span> 
     </span>
    </p>
   </div>
   <div class='ocr_carea' id='block_1_32' title="bbox 481 3047 3750 3128">
    <p class='ocr_par' dir='ltr' id='par_1_32' title="bbox 481 3047 3750 3128">
     <span class='ocr_line' id='line_1_32' title="bbox 481 3047 3750 3128; baseline 0 -24"><span class='ocrx_word' id='word_1_426' title='bbox 481 3047 552 3104; x_wconf 79' lang='lat' dir='ltr'><strong><em>Et</em></strong></span> <span class='ocrx_word' id='word_1_427' title='bbox 585 3048 886 3119; x_wconf 83' lang='lat' dir='ltr'><strong><em>Dominica,</em></strong></span> <span class='ocrx_word' id='word_1_428' title='bbox 926 3070 1044 3125; x_wconf 70' lang='lat' dir='ltr'><strong><em>qua:</em></strong></span> <span class='ocrx_word' id='word_1_429' title='bbox 1070 3057 1259 3126; x_wconf 85' lang='lat' dir='ltr'><strong><em>quinta</em></strong></span> <span class='ocrx_word' id='word_1_430' title='bbox 1290 3055 1497 3110; x_wconf 86' lang='lat' dir='ltr'><strong><em>decima</em></strong></span> <span class='ocrx_word' id='word_1_431' title='bbox 1526 3057 1638 3111; x_wconf 83' lang='lat' dir='ltr'><strong><em>dies</em></strong></span> <span class='ocrx_word' id='word_1_432' title='bbox 1677 3055 1971 3126; x_wconf 85' lang='lat' dir='ltr'><strong><em>Septembri</em></strong></span> <span class='ocrx_word' id='word_1_433' title='bbox 1999 3065 2136 3128; x_wconf 83' lang='lat' dir='ltr'><strong><em>erat,</em></strong></span> <span class='ocrx_word' id='word_1_434' title='bbox 2189 3054 2480 3108; x_wconf 87' lang='lat' dir='ltr'><strong><em>indictione</em></strong></span> <span class='ocrx_word' id='word_1_435' title='bbox 2511 3053 2693 3116; x_wconf 89' lang='lat' dir='ltr'><strong><em>tertia,</em></strong></span> <span class='ocrx_word' id='word_1_436' title='bbox 2741 3053 2977 3123; x_wconf 87' lang='lat' dir='ltr'><strong><em>singulos</em></strong></span> <span class='ocrx_word' id='word_1_437' title='bbox 2999 3069 3158 3122; x_wconf 89' lang='lat' dir='ltr'><strong><em>equos</em></strong></span> <span class='ocrx_word' id='word_1_438' title='bbox 3190 3068 3309 3106; x_wconf 89' lang='lat' dir='ltr'><strong><em>cum</em></strong></span> <span class='ocrx_word' id='word_1_439' title='bbox 3381 3050 3526 3105; x_wconf 86' lang='lat' dir='ltr'><strong><em>sellis</em></strong></span> <span class='ocrx_word' id='word_1_440' title='bbox 3571 3050 3750 3104; x_wconf 82' lang='lat' dir='ltr'><strong><em>aureis</em></strong></span> 
     </span>
    </p>
   </div>
   <div class='ocr_carea' id='block_1_33' title="bbox 478 3136 3752 3210">
    <p class='ocr_par' dir='ltr' id='par_1_33' title="bbox 478 3136 3752 3210">
     <span class='ocr_line' id='line_1_33' title="bbox 478 3136 3752 3210; baseline 0.001 -20"><span class='ocrx_word' id='word_1_441' title='bbox 478 3136 752 3192; x_wconf 69' lang='lat' dir='ltr'><strong><em>deuotione</em></strong></span> <span class='ocrx_word' id='word_1_442' title='bbox 803 3140 1152 3210; x_wconf 86' lang='lat' dir='ltr'><strong><em>imperatoria</em></strong></span> <span class='ocrx_word' id='word_1_443' title='bbox 1187 3145 1479 3206; x_wconf 78' lang='lat' dir='ltr'><strong><em>capientes,</em></strong></span> <span class='ocrx_word' id='word_1_444' title='bbox 1519 3143 1719 3199; x_wconf 80' lang='lat' dir='ltr'><strong><em>oboiati</em></strong></span> <span class='ocrx_word' id='word_1_445' title='bbox 1782 3146 2024 3198; x_wconf 84' lang='lat' dir='ltr'><strong><em>omnibus</em></strong></span> <span class='ocrx_word' id='word_1_446' title='bbox 2058 3143 2278 3206; x_wconf 83' lang='lat' dir='ltr'><strong><em>scholis,</em></strong></span> <span class='ocrx_word' id='word_1_447' title='bbox 2312 3141 2550 3196; x_wconf 76' lang='lat' dir='ltr'><strong><em>videlicet</em></strong></span> <span class='ocrx_word' id='word_1_448' title='bbox 2603 3140 3024 3209; x_wconf 83' lang='lat' dir='ltr'><strong><em>sp&#39;athariorum,</em></strong></span> <span class='ocrx_word' id='word_1_449' title='bbox 3065 3141 3498 3206; x_wconf 86' lang='lat' dir='ltr'><strong><em>candidatorum,</em></strong></span> <span class='ocrx_word' id='word_1_450' title='bbox 3553 3150 3752 3194; x_wconf 89' lang='lat' dir='ltr'><strong><em>strate-</em></strong></span> 
     </span>
    </p>
   </div>
   <div class='ocr_carea' id='block_1_34' title="bbox 483 3225 3752 3301">
    <p class='ocr_par' dir='ltr' id='par_1_34' title="bbox 483 3225 3752 3301">
     <span class='ocr_line' id='line_1_34' title="bbox 483 3225 3752 3301; baseline 0.001 -25"><span class='ocrx_word' id='word_1_451' title='bbox 483 3241 694 3295; x_wconf 82' lang='lat' dir='ltr'><strong><em>gorum,</em></strong></span> <span class='ocrx_word' id='word_1_452' title='bbox 727 3228 1106 3284; x_wconf 82' lang='lat' dir='ltr'><strong><em>mandatorum</em></strong></span> <span class='ocrx_word' id='word_1_453' title='bbox 1168 3243 1584 3301; x_wconf 77' lang='lat' dir='ltr'><strong><em>ca&#39;tcrorumque</em></strong></span> <span class='ocrx_word' id='word_1_454' title='bbox 1644 3230 2025 3287; x_wconf 79' lang='lat' dir='ltr'><strong><em>Palatinarum</em></strong></span> <span class='ocrx_word' id='word_1_455' title='bbox 2078 3231 2350 3292; x_wconf 85' lang='lat' dir='ltr'><strong><em>ordinum,</em></strong></span> <span class='ocrx_word' id='word_1_456' title='bbox 2382 3227 2728 3299; x_wconf 79' lang='lat' dir='ltr'><strong><em>omnibusque</em></strong></span> <span class='ocrx_word' id='word_1_457' title='bbox 2760 3226 3074 3282; x_wconf 81' lang='lat' dir='ltr'><strong><em>clericorum</em></strong></span> <span class='ocrx_word' id='word_1_458' title='bbox 3103 3227 3416 3298; x_wconf 88' lang='lat' dir='ltr'><strong><em>planetariis</em></strong></span> <span class='ocrx_word' id='word_1_459' title='bbox 3475 3225 3752 3282; x_wconf 82' lang='lat' dir='ltr'><strong><em>ordinibus</em></strong></span> 
     </span>
    </p>
   </div>
   <div class='ocr_carea' id='block_1_35' title="bbox 483 3321 1284 3391">
    <p class='ocr_par' dir='ltr' id='par_1_35' title="bbox 483 3321 1284 3391">
     <span class='ocr_line' id='line_1_35' title="bbox 483 3321 1284 3391; baseline 0.005 -15"><span class='ocrx_word' id='word_1_460' title='bbox 483 3321 556 3376; x_wconf 83' lang='lat' dir='ltr'><strong><em>ad</em></strong></span> <span class='ocrx_word' id='word_1_461' title='bbox 582 3331 786 3391; x_wconf 85' lang='lat' dir='ltr'><strong><em>portam</em></strong></span> <span class='ocrx_word' id='word_1_462' title='bbox 810 3339 1027 3377; x_wconf 85' lang='lat' dir='ltr'><strong><em>auream</em></strong></span> <span class='ocrx_word' id='word_1_463' title='bbox 1054 3326 1284 3381; x_wconf 78' lang='lat' dir='ltr'><strong><em>veniunt.</em></strong></span> 
     </span>
    </p>
   </div>
   <div class='ocr_carea' id='block_1_36' title="bbox 565 3427 3758 3506">
    <p class='ocr_par' dir='ltr' id='par_1_36' title="bbox 565 3427 3758 3506">
     <span class='ocr_line' id='line_1_36' title="bbox 565 3427 3758 3506; baseline 0.002 -23"><span class='ocrx_word' id='word_1_464' title='bbox 565 3430 648 3484; x_wconf 81' lang='lat' dir='ltr'><strong><em>Vl.</em></strong></span> <span class='ocrx_word' id='word_1_465' title='bbox 689 3430 821 3487; x_wconf 83' lang='lat' dir='ltr'><strong><em>Post</em></strong></span> <span class='ocrx_word' id='word_1_466' title='bbox 860 3430 1156 3487; x_wconf 87' lang='lat' dir='ltr'><strong><em>concilium</em></strong></span> <span class='ocrx_word' id='word_1_467' title='bbox 1202 3431 1899 3506; x_wconf 83' lang='lat' dir='ltr'><strong><em>Constantinopolitanum,</em></strong></span> <span class='ocrx_word' id='word_1_468' title='bbox 1947 3435 2014 3490; x_wconf 81' lang='grc' dir='ltr'><strong>Α.</strong></span> <span class='ocrx_word' id='word_1_469' title='bbox 2046 3435 2111 3490; x_wconf 85' lang='lat' dir='ltr'><strong><em>C.</em></strong></span> <span class='ocrx_word' id='word_1_470' title='bbox 2147 3433 2253 3490; x_wconf 88' lang='lat'><strong><em>870</em></strong></span> <span class='ocrx_word' id='word_1_471' title='bbox 2300 3434 2534 3502; x_wconf 79' lang='lat' dir='ltr'><strong><em>ﬁnitum,</em></strong></span> <span class='ocrx_word' id='word_1_472' title='bbox 2591 3432 2741 3506; x_wconf 82' lang='lat' dir='ltr'><strong><em>quod</em></strong></span> <span class='ocrx_word' id='word_1_473' title='bbox 2794 3445 3020 3502; x_wconf 88' lang='lat' dir='ltr'><strong><em>prorsus</em></strong></span> <span class='ocrx_word' id='word_1_474' title='bbox 3063 3433 3128 3485; x_wconf 82' lang='lat' dir='ltr'><strong><em>sd</em></strong></span> <span class='ocrx_word' id='word_1_475' title='bbox 3153 3427 3398 3484; x_wconf 76' lang='grc' dir='ltr'><strong><em>’Λάτίθηί</em></strong></span> <span class='ocrx_word' id='word_1_476' title='bbox 3441 3427 3488 3483; x_wconf 90' lang='lat' dir='ltr'><strong><em>ll</em></strong></span> <span class='ocrx_word' id='word_1_477' title='bbox 3530 3428 3758 3489; x_wconf 83' lang='lat' dir='ltr'><strong><em>Romani</em></strong></span> 
     </span>
    </p>
   </div>
   <div class='ocr_carea' id='block_1_37' title="bbox 487 3516 3761 3593">
    <p class='ocr_par' dir='ltr' id='par_1_37' title="bbox 487 3516 3761 3593">
     <span class='ocr_line' id='line_1_37' title="bbox 487 3516 3761 3593; baseline 0.001 -23"><span class='ocrx_word' id='word_1_478' title='bbox 487 3519 768 3589; x_wconf 74' lang='lat' dir='ltr'><strong><em>pontiﬁcis</em></strong></span> <span class='ocrx_word' id='word_1_479' title='bbox 792 3530 1053 3586; x_wconf 83' lang='lat' dir='ltr'><strong><em>mentem,</em></strong></span> <span class='ocrx_word' id='word_1_480' title='bbox 1088 3521 1515 3590; x_wconf 81' lang='lat' dir='ltr'><strong><em>patrisrcbatum</em></strong></span> <span class='ocrx_word' id='word_1_481' title='bbox 1562 3520 2230 3593; x_wconf 81' lang='lat' dir='ltr'><strong><em>Constantinopolitanum</em></strong></span> <span class='ocrx_word' id='word_1_482' title='bbox 2279 3525 2556 3580; x_wconf 82' lang='lat' dir='ltr'><strong><em>ademerat</em></strong></span> <span class='ocrx_word' id='word_1_483' title='bbox 2591 3518 2808 3586; x_wconf 82' lang='lat' dir='ltr'><strong><em>Pbotio,</em></strong></span> <span class='ocrx_word' id='word_1_484' title='bbox 2843 3521 3262 3577; x_wconf 81' lang='lat' dir='ltr'><strong><em>conllrtnaverat</em></strong></span> <span class='ocrx_word' id='word_1_485' title='bbox 3295 3516 3528 3589; x_wconf 78' lang='lat' dir='ltr'><strong><em>lgnatio,</em></strong></span> <span class='ocrx_word' id='word_1_486' title='bbox 3575 3517 3761 3574; x_wconf 89' lang='lat' dir='ltr'><strong><em>Tbeo-</em></strong></span> 
     </span>
    </p>
   </div>
   <div class='ocr_carea' id='block_1_38' title="bbox 488 3602 3764 3683">
    <p class='ocr_par' dir='ltr' id='par_1_38' title="bbox 488 3602 3764 3683">
     <span class='ocr_line' id='line_1_38' title="bbox 488 3602 3764 3683; baseline 0 -23"><span class='ocrx_word' id='word_1_487' title='bbox 488 3617 716 3677; x_wconf 58' lang='lat' dir='ltr'><strong><em>gnatus</em></strong></span> <span class='ocrx_word' id='word_1_488' title='bbox 753 3606 894 3677; x_wconf 82' lang='lat' dir='ltr'><strong><em>apud</em></strong></span> <span class='ocrx_word' id='word_1_489' title='bbox 923 3608 1558 3679; x_wconf 81' lang='lat' dir='ltr'><strong><em>Constantinopolitanos</em></strong></span> <span class='ocrx_word' id='word_1_490' title='bbox 1595 3611 1912 3667; x_wconf 80' lang='lat' dir='ltr'><strong><em>monasterii</em></strong></span> <span class='ocrx_word' id='word_1_491' title='bbox 1946 3609 2136 3668; x_wconf 79' lang='lat' dir='ltr'><strong><em>Fontis</em></strong></span> <span class='ocrx_word' id='word_1_492' title='bbox 2163 3612 2522 3683; x_wconf 72' lang='lat' dir='ltr'><strong><em>begumenus,</em></strong></span> <span class='ocrx_word' id='word_1_493' title='bbox 2576 3609 2627 3666; x_wconf 88' lang='lat' dir='ltr'><strong><em>id</em></strong></span> <span class='ocrx_word' id='word_1_494' title='bbox 2651 3622 2734 3666; x_wconf 86' lang='lat' dir='ltr'><strong><em>est</em></strong></span> <span class='ocrx_word' id='word_1_495' title='bbox 2758 3609 2950 3673; x_wconf 88' lang='lat' dir='ltr'><strong><em>abbas,</em></strong></span> <span class='ocrx_word' id='word_1_496' title='bbox 2980 3619 3036 3664; x_wconf 89' lang='lat' dir='ltr'><strong><em>ct</em></strong></span> <span class='ocrx_word' id='word_1_497' title='bbox 3067 3603 3323 3664; x_wconf 78' lang='lat' dir='ltr'><strong><em>Ecclesize</em></strong></span> <span class='ocrx_word' id='word_1_498' title='bbox 3362 3602 3568 3677; x_wconf 68' lang='lat' dir='ltr'><strong><em>Magnae</em></strong></span> <span class='ocrx_word' id='word_1_499' title='bbox 3601 3609 3764 3678; x_wconf 85' lang='lat' dir='ltr'><strong><em>(qui-</em></strong></span> 
     </span>
    </p>
   </div>
   <div class='ocr_carea' id='block_1_39' title="bbox 488 3686 3756 3773">
    <p class='ocr_par' dir='ltr' id='par_1_39' title="bbox 488 3686 3756 3773">
     <span class='ocr_line' id='line_1_39' title="bbox 488 3686 3756 3773; baseline 0 -24"><span class='ocrx_word' id='word_1_500' title='bbox 488 3695 592 3768; x_wconf 75' lang='lat' dir='ltr'><strong><em>bus</em></strong></span> <span class='ocrx_word' id='word_1_501' title='bbox 613 3686 889 3769; x_wconf 76' lang='lat' dir='ltr'><strong><em>vocabulis</em></strong></span> <span class='ocrx_word' id='word_1_502' title='bbox 911 3698 1170 3770; x_wconf 80' lang='lat' dir='ltr'><strong><em>templum</em></strong></span> <span class='ocrx_word' id='word_1_503' title='bbox 1186 3695 1400 3752; x_wconf 76' lang='lat' dir='ltr'><strong><em>Sancta:</em></strong></span> <span class='ocrx_word' id='word_1_504' title='bbox 1415 3697 1629 3769; x_wconf 70' lang='lat' dir='ltr'><strong><em>Sophia:</em></strong></span> <span class='ocrx_word' id='word_1_505' title='bbox 1643 3700 1781 3755; x_wconf 86' lang='lat' dir='ltr'><strong><em>solet</em></strong></span> <span class='ocrx_word' id='word_1_506' title='bbox 1801 3700 2482 3773; x_wconf 83' lang='lat' dir='ltr'><strong><em>denotari)scenopbylax,</em></strong></span> <span class='ocrx_word' id='word_1_507' title='bbox 2520 3699 2570 3756; x_wconf 82' lang='lat' dir='ltr'><strong><em>id</em></strong></span> <span class='ocrx_word' id='word_1_508' title='bbox 2595 3711 2700 3762; x_wconf 89' lang='lat' dir='ltr'><strong><em>est,</em></strong></span> <span class='ocrx_word' id='word_1_509' title='bbox 2751 3713 3005 3756; x_wconf 74' lang='lat' dir='ltr'><strong><em>vasorum</em></strong></span> <span class='ocrx_word' id='word_1_510' title='bbox 3035 3706 3246 3762; x_wconf 84' lang='lat' dir='ltr'><strong><em>custos,</em></strong></span> <span class='ocrx_word' id='word_1_511' title='bbox 3293 3711 3386 3766; x_wconf 84' lang='lat' dir='ltr'><strong><em>per</em></strong></span> <span class='ocrx_word' id='word_1_512' title='bbox 3417 3711 3476 3752; x_wconf 89' lang='lat' dir='ltr'><strong><em>se</em></strong></span> <span class='ocrx_word' id='word_1_513' title='bbox 3525 3694 3756 3751; x_wconf 82' lang='lat' dir='ltr'><strong><em>Romam</em></strong></span> 
     </span>
    </p>
   </div>
   <div class='ocr_carea' id='block_1_40' title="bbox 486 3782 3767 3861">
    <p class='ocr_par' dir='ltr' id='par_1_40' title="bbox 486 3782 3767 3861">
     <span class='ocr_line' id='line_1_40' title="bbox 486 3782 3767 3861; baseline -0 -21"><span class='ocrx_word' id='word_1_514' title='bbox 486 3782 1088 3855; x_wconf 78' lang='lat' dir='ltr'><strong><em>lturus,imperatoruui</em></strong></span> <span class='ocrx_word' id='word_1_515' title='bbox 1108 3785 1314 3853; x_wconf 81' lang='lat' dir='ltr'><strong><em>Basilii,</em></strong></span> <span class='ocrx_word' id='word_1_516' title='bbox 1328 3785 1697 3852; x_wconf 83' lang='lat' dir='ltr'><strong><em>Constantini,</em></strong></span> <span class='ocrx_word' id='word_1_517' title='bbox 1711 3787 1908 3845; x_wconf 85' lang='lat' dir='ltr'><strong><em>Leonis</em></strong></span> <span class='ocrx_word' id='word_1_518' title='bbox 1919 3798 1973 3842; x_wconf 87' lang='lat' dir='ltr'><strong><em>et</em></strong></span> <span class='ocrx_word' id='word_1_519' title='bbox 1989 3790 2311 3860; x_wconf 74' lang='lat' dir='ltr'><strong><em>patriarcha:</em></strong></span> <span class='ocrx_word' id='word_1_520' title='bbox 2329 3788 2518 3861; x_wconf 76' lang='lat' dir='ltr'><strong><em>lgnatii</em></strong></span> <span class='ocrx_word' id='word_1_521' title='bbox 2538 3791 2744 3846; x_wconf 83' lang='lat' dir='ltr'><strong><em>litteras</em></strong></span> <span class='ocrx_word' id='word_1_522' title='bbox 2762 3787 2828 3844; x_wconf 83' lang='lat' dir='ltr'><strong><em>ad</em></strong></span> <span class='ocrx_word' id='word_1_523' title='bbox 2853 3787 3149 3842; x_wconf 80' lang='lat' dir='ltr'><strong><em>Adrianum</em></strong></span> <span class='ocrx_word' id='word_1_524' title='bbox 3169 3785 3516 3856; x_wconf 81' lang='lat' dir='ltr'><strong><em>perferendas</em></strong></span> <span class='ocrx_word' id='word_1_525' title='bbox 3537 3785 3767 3856; x_wconf 82' lang='lat' dir='ltr'><strong><em>accipie-</em></strong></span> 
     </span>
    </p>
   </div>
   <div class='ocr_carea' id='block_1_41' title="bbox 487 3871 3762 3949">
    <p class='ocr_par' dir='ltr' id='par_1_41' title="bbox 487 3871 3762 3949">
     <span class='ocr_line' id='line_1_41' title="bbox 487 3871 3762 3949; baseline -0.001 -19"><span class='ocrx_word' id='word_1_526' title='bbox 487 3871 606 3930; x_wconf 69' lang='lat' dir='ltr'><strong><em>bat:</em></strong></span> <span class='ocrx_word' id='word_1_527' title='bbox 628 3873 799 3943; x_wconf 85' lang='lat' dir='ltr'><strong><em>ipsius</em></strong></span> <span class='ocrx_word' id='word_1_528' title='bbox 823 3873 1002 3945; x_wconf 87' lang='lat' dir='ltr'><strong><em>(cujus</em></strong></span> <span class='ocrx_word' id='word_1_529' title='bbox 1025 3874 1251 3930; x_wconf 80' lang='lat' dir='ltr'><strong><em>arbitrio</em></strong></span> <span class='ocrx_word' id='word_1_530' title='bbox 1274 3875 1515 3930; x_wconf 59' lang='lat' dir='ltr'><strong><em>Grecam</em></strong></span> <span class='ocrx_word' id='word_1_531' title='bbox 1540 3875 1833 3930; x_wconf 77' lang='lat' dir='ltr'><strong><em>Ecdlesiam</em></strong></span> <span class='ocrx_word' id='word_1_532' title='bbox 1859 3876 2098 3948; x_wconf 73' lang='lat' dir='ltr'><strong><em>lgnatius</em></strong></span> <span class='ocrx_word' id='word_1_533' title='bbox 2113 3887 2167 3933; x_wconf 93' lang='lat' dir='ltr'><strong><em>et</em></strong></span> <span class='ocrx_word' id='word_1_534' title='bbox 2191 3876 2477 3948; x_wconf 79' lang='lat' dir='ltr'><strong><em>lgnatiani,</em></strong></span> <span class='ocrx_word' id='word_1_535' title='bbox 2499 3879 2699 3949; x_wconf 83' lang='lat' dir='ltr'><strong><em>partim</em></strong></span> <span class='ocrx_word' id='word_1_536' title='bbox 2728 3876 3012 3933; x_wconf 82' lang='lat' dir='ltr'><strong><em>acerrimis</em></strong></span> <span class='ocrx_word' id='word_1_537' title='bbox 3038 3875 3091 3928; x_wconf 91' lang='lat' dir='ltr'><strong><em>in</em></strong></span> <span class='ocrx_word' id='word_1_538' title='bbox 3113 3874 3364 3930; x_wconf 80' lang='lat' dir='ltr'><strong><em>Pbotium</em></strong></span> <span class='ocrx_word' id='word_1_539' title='bbox 3386 3882 3440 3926; x_wconf 89' lang='lat' dir='ltr'><strong><em>et</em></strong></span> <span class='ocrx_word' id='word_1_540' title='bbox 3457 3871 3762 3928; x_wconf 83' lang='lat' dir='ltr'><strong><em>Pbotianos</em></strong></span> 
     </span>
    </p>
   </div>
   <div class='ocr_carea' id='block_1_42' title="bbox 486 3960 3763 4034">
    <p class='ocr_par' dir='ltr' id='par_1_42' title="bbox 486 3960 3763 4034">
     <span class='ocr_line' id='line_1_42' title="bbox 486 3960 3763 4034; baseline -0.001 -17"><span class='ocrx_word' id='word_1_541' title='bbox 486 3962 649 4029; x_wconf 79' lang='lat' dir='ltr'><strong><em>odiis,</em></strong></span> <span class='ocrx_word' id='word_1_542' title='bbox 692 3963 888 4032; x_wconf 84' lang='lat' dir='ltr'><strong><em>partim</em></strong></span> <span class='ocrx_word' id='word_1_543' title='bbox 919 3963 1131 4033; x_wconf 66' lang='lat' dir='ltr'><strong><em>magnis</em></strong></span> <span class='ocrx_word' id='word_1_544' title='bbox 1164 3964 1216 4018; x_wconf 91' lang='lat' dir='ltr'><strong><em>in</em></strong></span> <span class='ocrx_word' id='word_1_545' title='bbox 1246 3964 1520 4034; x_wconf 79' lang='lat' dir='ltr'><strong><em>integrum</em></strong></span> <span class='ocrx_word' id='word_1_546' title='bbox 1555 3964 1920 4020; x_wconf 85' lang='lat' dir='ltr'><strong><em>restitutionis</em></strong></span> <span class='ocrx_word' id='word_1_547' title='bbox 1953 3967 2235 4022; x_wconf 83' lang='lat' dir='ltr'><strong><em>beneﬁciis</em></strong></span> <span class='ocrx_word' id='word_1_548' title='bbox 2267 3966 2511 4032; x_wconf 84' lang='lat' dir='ltr'><strong><em>adducti,</em></strong></span> <span class='ocrx_word' id='word_1_549' title='bbox 2537 3969 2677 4022; x_wconf 85' lang='lat' dir='ltr'><strong><em>intra</em></strong></span> <span class='ocrx_word' id='word_1_550' title='bbox 2708 3965 3004 4021; x_wconf 79' lang='lat' dir='ltr'><strong><em>concilium</em></strong></span> <span class='ocrx_word' id='word_1_551' title='bbox 3037 3979 3066 4017; x_wconf 72' lang='grc' dir='ltr'>ι</span> <span class='ocrx_word' id='word_1_552' title='bbox 3111 3962 3249 4019; x_wconf 88' lang='lat' dir='ltr'><strong><em>solis</em></strong></span> <span class='ocrx_word' id='word_1_553' title='bbox 3283 3960 3585 4032; x_wconf 72' lang='lat' dir='ltr'><strong><em>lgltatianis</em></strong></span> <span class='ocrx_word' id='word_1_554' title='bbox 3611 3962 3763 4015; x_wconf 80' lang='lat' dir='ltr'><strong><em>cele-</em></strong></span> 
     </span>
    </p>
   </div>
   <div class='ocr_carea' id='block_1_43' title="bbox 488 4048 3762 4124">
    <p class='ocr_par' dir='ltr' id='par_1_43' title="bbox 488 4048 3762 4124">
     <span class='ocr_line' id='line_1_43' title="bbox 488 4048 3762 4124; baseline -0.001 -18"><span class='ocrx_word' id='word_1_555' title='bbox 488 4050 732 4116; x_wconf 75' lang='lat' dir='ltr'><strong><em>bratum,</em></strong></span> <span class='ocrx_word' id='word_1_556' title='bbox 765 4050 821 4106; x_wconf 93' lang='lat' dir='ltr'><strong><em>in</em></strong></span> <span class='ocrx_word' id='word_1_557' title='bbox 849 4053 1016 4106; x_wconf 72' lang='lat' dir='ltr'><strong><em>rebus</em></strong></span> <span class='ocrx_word' id='word_1_558' title='bbox 1041 4053 1332 4122; x_wconf 73' lang='lat' dir='ltr'><strong><em>prrccipuis</em></strong></span> <span class='ocrx_word' id='word_1_559' title='bbox 1361 4051 1772 4123; x_wconf 70' lang='lat' dir='ltr'><strong><em>subiecerant.)</em></strong></span> <span class='ocrx_word' id='word_1_560' title='bbox 1805 4055 1871 4108; x_wconf 83' lang='lat' dir='ltr'><strong><em>ad</em></strong></span> <span class='ocrx_word' id='word_1_561' title='bbox 1900 4055 2062 4109; x_wconf 85' lang='lat' dir='ltr'><strong><em>utiles</em></strong></span> <span class='ocrx_word' id='word_1_562' title='bbox 2087 4052 2364 4122; x_wconf 79' lang='lat' dir='ltr'><strong><em>Ecclesiis,</em></strong></span> <span class='ocrx_word' id='word_1_563' title='bbox 2407 4063 2520 4109; x_wconf 74' lang='lat' dir='ltr'><strong><em>tuzn</em></strong></span> <span class='ocrx_word' id='word_1_564' title='bbox 2555 4052 2788 4111; x_wconf 79' lang='lat' dir='ltr'><strong><em>lectores</em></strong></span> <span class='ocrx_word' id='word_1_565' title='bbox 2821 4055 3089 4124; x_wconf 83' lang='lat' dir='ltr'><strong><em>plurimos</em></strong></span> <span class='ocrx_word' id='word_1_566' title='bbox 3127 4066 3268 4122; x_wconf 88' lang='lat' dir='ltr'><strong><em>quos</em></strong></span> <span class='ocrx_word' id='word_1_567' title='bbox 3312 4048 3541 4105; x_wconf 84' lang='lat' dir='ltr'><strong><em>Pbotius</em></strong></span> <span class='ocrx_word' id='word_1_568' title='bbox 3583 4051 3762 4106; x_wconf 78' lang='lat' dir='ltr'><strong><em>sacris</em></strong></span> 
     </span>
    </p>
   </div>
   <div class='ocr_carea' id='block_1_44' title="bbox 490 4136 3764 4219">
    <p class='ocr_par' dir='ltr' id='par_1_44' title="bbox 490 4136 3764 4219">
     <span class='ocr_line' id='line_1_44' title="bbox 490 4136 3764 4219; baseline 0 -27"><span class='ocrx_word' id='word_1_569' title='bbox 490 4136 824 4204; x_wconf 77' lang='lat' dir='ltr'><strong><em>initiaverat,</em></strong></span> <span class='ocrx_word' id='word_1_570' title='bbox 861 4138 915 4193; x_wconf 87' lang='lat' dir='ltr'><strong><em>in</em></strong></span> <span class='ocrx_word' id='word_1_571' title='bbox 959 4138 1152 4194; x_wconf 72' lang='lat' dir='ltr'><strong><em>officiis</em></strong></span> <span class='ocrx_word' id='word_1_572' title='bbox 1181 4141 1300 4197; x_wconf 84' lang='lat' dir='ltr'><strong><em>suis</em></strong></span> <span class='ocrx_word' id='word_1_573' title='bbox 1339 4143 1623 4217; x_wconf 79' lang='lat' dir='ltr'><strong><em>toleratos,</em></strong></span> <span class='ocrx_word' id='word_1_574' title='bbox 1676 4141 1980 4210; x_wconf 83' lang='lat' dir='ltr'><strong><em>majoribus</em></strong></span> <span class='ocrx_word' id='word_1_575' title='bbox 2025 4139 2391 4219; x_wconf 73' lang='lat' dir='ltr'><strong><em>dignitatibus</em></strong></span> <span class='ocrx_word' id='word_1_576' title='bbox 2441 4142 2785 4207; x_wconf 84' lang='lat' dir='ltr'><strong><em>mactandos,</em></strong></span> <span class='ocrx_word' id='word_1_577' title='bbox 2838 4152 2954 4196; x_wconf 87' lang='lat' dir='ltr'><strong><em>tum</em></strong></span> <span class='ocrx_word' id='word_1_578' title='bbox 2999 4142 3290 4211; x_wconf 78' lang='lat' dir='ltr'><strong><em>episcopos</em></strong></span> <span class='ocrx_word' id='word_1_579' title='bbox 3343 4138 3642 4194; x_wconf 88' lang='lat' dir='ltr'><strong><em>nonnullos</em></strong></span> <span class='ocrx_word' id='word_1_580' title='bbox 3690 4139 3764 4193; x_wconf 90' lang='lat' dir='ltr'><strong><em>ob</em></strong></span> 
     </span>
    </p>
   </div>
   <div class='ocr_carea' id='block_1_45' title="bbox 489 4227 3751 4301">
    <p class='ocr_par' dir='ltr' id='par_1_45' title="bbox 489 4227 3751 4301">
     <span class='ocr_line' id='line_1_45' title="bbox 489 4227 3751 4301; baseline -0 -21"><span class='ocrx_word' id='word_1_581' title='bbox 489 4229 938 4282; x_wconf 68' lang='lat' dir='ltr'><strong><em>Communioncm</em></strong></span> <span class='ocrx_word' id='word_1_582' title='bbox 967 4243 1091 4283; x_wconf 89' lang='lat' dir='ltr'><strong><em>cum</em></strong></span> <span class='ocrx_word' id='word_1_583' title='bbox 1119 4227 1313 4284; x_wconf 80' lang='lat' dir='ltr'><strong><em>Pbotio</em></strong></span> <span class='ocrx_word' id='word_1_584' title='bbox 1343 4231 1576 4293; x_wconf 84' lang='lat' dir='ltr'><strong><em>cultam,</em></strong></span> <span class='ocrx_word' id='word_1_585' title='bbox 1604 4229 1929 4285; x_wconf 88' lang='lat' dir='ltr'><strong><em>muneribus</em></strong></span> <span class='ocrx_word' id='word_1_586' title='bbox 1963 4230 2082 4286; x_wconf 90' lang='lat' dir='ltr'><strong><em>suis</em></strong></span> <span class='ocrx_word' id='word_1_587' title='bbox 2111 4231 2358 4294; x_wconf 87' lang='lat' dir='ltr'><strong><em>orbatos,</em></strong></span> <span class='ocrx_word' id='word_1_588' title='bbox 2393 4231 2667 4301; x_wconf 85' lang='lat' dir='ltr'><strong><em>prioribus</em></strong></span> <span class='ocrx_word' id='word_1_589' title='bbox 2712 4230 2939 4285; x_wconf 79' lang='lat' dir='ltr'><strong><em>sedibus</em></strong></span> <span class='ocrx_word' id='word_1_590' title='bbox 2981 4227 3373 4290; x_wconf 85' lang='lat' dir='ltr'><strong><em>restituendos,</em></strong></span> <span class='ocrx_word' id='word_1_591' title='bbox 3415 4241 3751 4282; x_wconf 76' lang='lat' dir='ltr'><strong><em>consensum</em></strong></span> 
     </span>
    </p>
   </div>
   <div class='ocr_carea' id='block_1_46' title="bbox 495 4314 3761 4394">
    <p class='ocr_par' dir='ltr' id='par_1_46' title="bbox 495 4314 3761 4394">
     <span class='ocr_line' id='line_1_46' title="bbox 495 4314 3761 4394; baseline -0.002 -22"><span class='ocrx_word' id='word_1_592' title='bbox 495 4314 914 4384; x_wconf 78' lang='lat' dir='ltr'><strong><em>impetraturos.</em></strong></span> <span class='ocrx_word' id='word_1_593' title='bbox 953 4317 1326 4389; x_wconf 85' lang='lat' dir='ltr'><strong><em>Imperatores</em></strong></span> <span class='ocrx_word' id='word_1_594' title='bbox 1354 4321 1407 4375; x_wconf 89' lang='lat' dir='ltr'><strong><em>in</em></strong></span> <span class='ocrx_word' id='word_1_595' title='bbox 1439 4321 1635 4377; x_wconf 87' lang='lat' dir='ltr'><strong><em>litteris</em></strong></span> <span class='ocrx_word' id='word_1_596' title='bbox 1667 4321 1732 4376; x_wconf 84' lang='lat' dir='ltr'><strong><em>ad</em></strong></span> <span class='ocrx_word' id='word_1_597' title='bbox 1757 4321 2088 4387; x_wconf 82' lang='lat' dir='ltr'><strong><em>Adrianum,</em></strong></span> <span class='ocrx_word' id='word_1_598' title='bbox 2112 4337 2254 4394; x_wconf 75' lang='lat' dir='ltr'><strong><em>quas</em></strong></span> <span class='ocrx_word' id='word_1_599' title='bbox 2284 4320 2608 4374; x_wconf 84' lang='lat' dir='ltr'><strong><em>Anastasius</em></strong></span> <span class='ocrx_word' id='word_1_600' title='bbox 2630 4315 3089 4373; x_wconf 80' lang='lat' dir='ltr'><strong><em>Bibliothecarins</em></strong></span> <span class='ocrx_word' id='word_1_601' title='bbox 3117 4314 3267 4372; x_wconf 76' lang='lat' dir='ltr'><strong><em>Actis</em></strong></span> <span class='ocrx_word' id='word_1_602' title='bbox 3285 4314 3761 4383; x_wconf 84' lang='lat' dir='ltr'><strong><em>Constantinopo-</em></strong></span> 
     </span>
    </p>
   </div>
   <div class='ocr_carea' id='block_1_47' title="bbox 496 4403 3759 4484">
    <p class='ocr_par' dir='ltr' id='par_1_47' title="bbox 496 4403 3759 4484">
     <span class='ocr_line' id='line_1_47' title="bbox 496 4403 3759 4484; baseline 0.001 -27"><span class='ocrx_word' id='word_1_603' title='bbox 496 4403 648 4458; x_wconf 76' lang='lat' dir='ltr'><strong><em>litaui</em></strong></span> <span class='ocrx_word' id='word_1_604' title='bbox 689 4406 909 4461; x_wconf 87' lang='lat' dir='ltr'><strong><em>concilii</em></strong></span> <span class='ocrx_word' id='word_1_605' title='bbox 957 4406 1169 4465; x_wconf 87' lang='lat' dir='ltr'><strong><em>Latinis</em></strong></span> <span class='ocrx_word' id='word_1_606' title='bbox 1195 4410 1482 4480; x_wconf 70' lang='lat' dir='ltr'><strong><em>subjunxit</em></strong></span> <span class='ocrx_word' id='word_1_607' title='bbox 1511 4428 1524 4466; x_wconf 86' lang='lat'><strong>:</strong></span> <span class='ocrx_word' id='word_1_608' title='bbox 1567 4408 1893 4467; x_wconf 84' lang='lat' dir='ltr'><strong><em>Litterarum</em></strong></span> <span class='ocrx_word' id='word_1_609' title='bbox 1923 4415 2172 4484; x_wconf 83' lang='lat' dir='ltr'><strong><em>gerulum</em></strong></span> <span class='ocrx_word' id='word_1_610' title='bbox 2193 4412 2493 4482; x_wconf 62' lang='lat' dir='ltr'><strong><em>expeditum</em></strong></span> <span class='ocrx_word' id='word_1_611' title='bbox 2529 4409 2600 4462; x_wconf 77' lang='lat' dir='ltr'><strong><em>ad</em></strong></span> <span class='ocrx_word' id='word_1_612' title='bbox 2641 4412 2975 4479; x_wconf 82' lang='lat' dir='ltr'><strong><em>peregrinam</em></strong></span> <span class='ocrx_word' id='word_1_613' title='bbox 3005 4408 3415 4477; x_wconf 78' lang='lat' dir='ltr'><strong><em>profectionem,</em></strong></span> <span class='ocrx_word' id='word_1_614' title='bbox 3444 4415 3494 4461; x_wconf 92' lang='lat' dir='ltr'><strong><em>et</em></strong></span> <span class='ocrx_word' id='word_1_615' title='bbox 3529 4423 3759 4478; x_wconf 84' lang='lat' dir='ltr'><strong><em>magnu-</em></strong></span> 
     </span>
    </p>
   </div>
   <div class='ocr_carea' id='block_1_48' title="bbox 495 4491 3764 4572">
    <p class='ocr_par' dir='ltr' id='par_1_48' title="bbox 495 4491 3764 4572">
     <span class='ocr_line' id='line_1_48' title="bbox 495 4491 3764 4572; baseline 0.002 -29"><span class='ocrx_word' id='word_1_616' title='bbox 495 4491 701 4544; x_wconf 76' lang='lat' dir='ltr'><strong><em>nimunt</em></strong></span> <span class='ocrx_word' id='word_1_617' title='bbox 737 4492 806 4546; x_wconf 79' lang='lat' dir='ltr'><strong><em>ad</em></strong></span> <span class='ocrx_word' id='word_1_618' title='bbox 832 4493 1099 4548; x_wconf 78' lang='lat' dir='ltr'><strong><em>nsalorum</em></strong></span> <span class='ocrx_word' id='word_1_619' title='bbox 1126 4497 1468 4552; x_wconf 86' lang='lat' dir='ltr'><strong><em>tolerantiam</em></strong></span> <span class='ocrx_word' id='word_1_620' title='bbox 1498 4500 1767 4554; x_wconf 82' lang='lat' dir='ltr'><strong><em>consecuti</em></strong></span> <span class='ocrx_word' id='word_1_621' title='bbox 1804 4517 2008 4561; x_wconf 85' lang='lat' dir='ltr'><strong><em>sumus.</em></strong></span> <span class='ocrx_word' id='word_1_622' title='bbox 2040 4501 2096 4556; x_wconf 89' lang='lat' dir='ltr'><strong><em>id</em></strong></span> <span class='ocrx_word' id='word_1_623' title='bbox 2123 4502 2294 4572; x_wconf 85' lang='lat' dir='ltr'><strong><em>ipsum</em></strong></span> <span class='ocrx_word' id='word_1_624' title='bbox 2342 4498 2575 4571; x_wconf 83' lang='lat' dir='ltr'><strong><em>optabile</em></strong></span> <span class='ocrx_word' id='word_1_625' title='bbox 2618 4497 2894 4554; x_wconf 69' lang='lat' dir='ltr'><strong><em>habentem</em></strong></span> <span class='ocrx_word' id='word_1_626' title='bbox 2944 4498 3171 4566; x_wconf 83' lang='lat' dir='ltr'><strong><em>principi</em></strong></span> <span class='ocrx_word' id='word_1_627' title='bbox 3224 4496 3591 4567; x_wconf 84' lang='lat' dir='ltr'><strong><em>apostolorum</em></strong></span> <span class='ocrx_word' id='word_1_628' title='bbox 3639 4506 3764 4549; x_wconf 85' lang='lat' dir='ltr'><strong><em>ante</em></strong></span> 
     </span>
    </p>
   </div>
   <div class='ocr_carea' id='block_1_49' title="bbox 497 4579 3766 4659">
    <p class='ocr_par' dir='ltr' id='par_1_49' title="bbox 497 4579 3766 4659">
     <span class='ocr_line' id='line_1_49' title="bbox 497 4579 3766 4659; baseline 0.001 -26"><span class='ocrx_word' id='word_1_629' title='bbox 497 4579 818 4648; x_wconf 79' lang='lat' dir='ltr'><strong><em>promissum</em></strong></span> <span class='ocrx_word' id='word_1_630' title='bbox 856 4599 1022 4638; x_wconf 87' lang='lat' dir='ltr'><strong><em>causa</em></strong></span> <span class='ocrx_word' id='word_1_631' title='bbox 1056 4586 1309 4642; x_wconf 84' lang='lat' dir='ltr'><strong><em>reddendi</em></strong></span> <span class='ocrx_word' id='word_1_632' title='bbox 1335 4599 1532 4651; x_wconf 74' lang='lat' dir='ltr'><strong><em>votum,</em></strong></span> <span class='ocrx_word' id='word_1_633' title='bbox 1562 4590 1905 4658; x_wconf 78' lang='lat' dir='ltr'><strong><em>eumdemquc</em></strong></span> <span class='ocrx_word' id='word_1_634' title='bbox 1934 4598 2120 4646; x_wconf 73' lang='lat' dir='ltr'><strong><em>oestrc</em></strong></span> <span class='ocrx_word' id='word_1_635' title='bbox 2145 4599 2384 4659; x_wconf 71' lang='lat' dir='ltr'><strong><em>paterna:</em></strong></span> <span class='ocrx_word' id='word_1_636' title='bbox 2411 4587 2701 4643; x_wconf 87' lang='lat' dir='ltr'><strong><em>Sanctitati</em></strong></span> <span class='ocrx_word' id='word_1_637' title='bbox 2733 4588 3186 4650; x_wconf 84' lang='lat' dir='ltr'><strong><em>commendamus,</em></strong></span> <span class='ocrx_word' id='word_1_638' title='bbox 3211 4602 3369 4653; x_wconf 84' lang='lat' dir='ltr'><strong><em>super</em></strong></span> <span class='ocrx_word' id='word_1_639' title='bbox 3409 4585 3508 4638; x_wconf 84' lang='lat' dir='ltr'><strong><em>hoc</em></strong></span> <span class='ocrx_word' id='word_1_640' title='bbox 3560 4600 3766 4654; x_wconf 89' lang='lat' dir='ltr'><strong><em>quoque</em></strong></span> 
     </span>
    </p>
   </div>
   <div class='ocr_carea' id='block_1_50' title="bbox 495 4661 3766 4745">
    <p class='ocr_par' dir='ltr' id='par_1_50' title="bbox 495 4661 3766 4745">
     <span class='ocr_line' id='line_1_50' title="bbox 495 4661 3766 4745; baseline 0 -23"><span class='ocrx_word' id='word_1_641' title='bbox 495 4670 721 4722; x_wconf 78' lang='lat' dir='ltr'><strong><em>multum</em></strong></span> <span class='ocrx_word' id='word_1_642' title='bbox 745 4672 1183 4741; x_wconf 83' lang='lat' dir='ltr'><strong><em>tranquillitatem</em></strong></span> <span class='ocrx_word' id='word_1_643' title='bbox 1213 4686 1438 4730; x_wconf 65' lang='lat' dir='ltr'><strong><em>uestram</em></strong></span> <span class='ocrx_word' id='word_1_644' title='bbox 1463 4689 1756 4743; x_wconf 78' lang='lat' dir='ltr'><strong><em>rogantem.</em></strong></span> <span class='ocrx_word' id='word_1_645' title='bbox 1801 4679 1947 4732; x_wconf 82' lang='lat' dir='ltr'><strong><em>idem</em></strong></span> <span class='ocrx_word' id='word_1_646' title='bbox 1998 4687 2176 4733; x_wconf 86' lang='lat' dir='ltr'><strong><em>autem</em></strong></span> <span class='ocrx_word' id='word_1_647' title='bbox 2205 4686 2282 4732; x_wconf 88' lang='lat' dir='ltr'><strong><em>est</em></strong></span> <span class='ocrx_word' id='word_1_648' title='bbox 2314 4677 2400 4730; x_wconf 88' lang='lat' dir='ltr'><strong><em>ltic</em></strong></span> <span class='ocrx_word' id='word_1_649' title='bbox 2435 4661 2813 4745; x_wconf 73' lang='lat' dir='ltr'><strong><em>Theognostus,</em></strong></span> <span class='ocrx_word' id='word_1_650' title='bbox 2842 4690 2994 4743; x_wconf 81' lang='lat' dir='ltr'><strong><em>quem</em></strong></span> <span class='ocrx_word' id='word_1_651' title='bbox 3022 4683 3072 4728; x_wconf 90' lang='lat' dir='ltr'><strong><em>et</em></strong></span> <span class='ocrx_word' id='word_1_652' title='bbox 3103 4691 3190 4728; x_wconf 78' lang='lat' dir='ltr'><strong><em>ros</em></strong></span> <span class='ocrx_word' id='word_1_653' title='bbox 3246 4673 3373 4727; x_wconf 90' lang='lat' dir='ltr'><strong><em>bene</em></strong></span> <span class='ocrx_word' id='word_1_654' title='bbox 3422 4674 3614 4736; x_wconf 87' lang='lat' dir='ltr'><strong><em>nostis,</em></strong></span> <span class='ocrx_word' id='word_1_655' title='bbox 3659 4672 3766 4724; x_wconf 83' lang='lat' dir='ltr'><strong><em>Deo</em></strong></span> 
     </span>
    </p>
   </div>
   <div class='ocr_carea' id='block_1_51' title="bbox 494 4758 3752 4836">
    <p class='ocr_par' dir='ltr' id='par_1_51' title="bbox 494 4758 3752 4836">
     <span class='ocr_line' id='line_1_51' title="bbox 494 4758 3752 4836; baseline 0 -26"><span class='ocrx_word' id='word_1_656' title='bbox 494 4758 744 4814; x_wconf 70' lang='lat' dir='ltr'><strong><em>optabilis</em></strong></span> <span class='ocrx_word' id='word_1_657' title='bbox 774 4759 1090 4831; x_wconf 81' lang='lat' dir='ltr'><strong><em>hegumenus</em></strong></span> <span class='ocrx_word' id='word_1_658' title='bbox 1151 4764 1597 4833; x_wconf 84' lang='lat' dir='ltr'><strong><em>superlaudabilis</em></strong></span> <span class='ocrx_word' id='word_1_659' title='bbox 1643 4765 1736 4820; x_wconf 85' lang='lat' dir='ltr'><strong><em>Dei</em></strong></span> <span class='ocrx_word' id='word_1_660' title='bbox 1765 4768 1954 4820; x_wconf 74' lang='lat' dir='ltr'><strong><em>matris</em></strong></span> <span class='ocrx_word' id='word_1_661' title='bbox 1986 4765 2146 4836; x_wconf 81' lang='lat' dir='ltr'><strong><em>Prges</em></strong></span> <span class='ocrx_word' id='word_1_662' title='bbox 2181 4769 2202 4835; x_wconf 91' lang='lat'>(</span> <span class='ocrx_word' id='word_1_663' title='bbox 2225 4765 2280 4818; x_wconf 90' lang='lat' dir='ltr'><strong><em>id</em></strong></span> <span class='ocrx_word' id='word_1_664' title='bbox 2306 4775 2385 4818; x_wconf 87' lang='lat' dir='ltr'><strong><em>est</em></strong></span> <span class='ocrx_word' id='word_1_665' title='bbox 2418 4763 2607 4818; x_wconf 80' lang='lat' dir='ltr'><strong><em>Fontis</em></strong></span> <span class='ocrx_word' id='word_1_666' title='bbox 2629 4767 2647 4831; x_wconf 90' lang='lat'><strong>)</strong></span> <span class='ocrx_word' id='word_1_667' title='bbox 2670 4773 2719 4817; x_wconf 90' lang='lat' dir='ltr'><strong><em>et</em></strong></span> <span class='ocrx_word' id='word_1_668' title='bbox 2745 4778 2996 4815; x_wconf 80' lang='lat' dir='ltr'><strong><em>vasorum</em></strong></span> <span class='ocrx_word' id='word_1_669' title='bbox 3031 4771 3210 4816; x_wconf 89' lang='lat' dir='ltr'><strong><em>custos</em></strong></span> <span class='ocrx_word' id='word_1_670' title='bbox 3242 4761 3449 4830; x_wconf 82' lang='lat' dir='ltr'><strong><em>Magna:</em></strong></span> <span class='ocrx_word' id='word_1_671' title='bbox 3478 4759 3752 4815; x_wconf 64' lang='lat' dir='ltr'><strong><em>Ecclesia.</em></strong></span> 
     </span>
    </p>
   </div>
   <div class='ocr_carea' id='block_1_52' title="bbox 495 4845 3767 4923">
    <p class='ocr_par' dir='ltr' id='par_1_52' title="bbox 495 4845 3767 4923">
     <span class='ocr_line' id='line_1_52' title="bbox 495 4845 3767 4923; baseline -0.001 -20"><span class='ocrx_word' id='word_1_672' title='bbox 495 4845 603 4903; x_wconf 84' lang='lat' dir='ltr'><strong><em>Per</em></strong></span> <span class='ocrx_word' id='word_1_673' title='bbox 637 4849 806 4917; x_wconf 83' lang='lat' dir='ltr'><strong><em>ipsum</em></strong></span> <span class='ocrx_word' id='word_1_674' title='bbox 841 4864 985 4918; x_wconf 85' lang='lat' dir='ltr'><strong><em>ergo,</em></strong></span> <span class='ocrx_word' id='word_1_675' title='bbox 1015 4865 1132 4920; x_wconf 84' lang='lat' dir='ltr'><strong><em>qua:</em></strong></span> <span class='ocrx_word' id='word_1_676' title='bbox 1152 4852 1321 4905; x_wconf 86' lang='lat' dir='ltr'><strong><em>nostri</em></strong></span> <span class='ocrx_word' id='word_1_677' title='bbox 1349 4853 1597 4906; x_wconf 83' lang='lat' dir='ltr'><strong><em>desiderii</em></strong></span> <span class='ocrx_word' id='word_1_678' title='bbox 1620 4864 1761 4918; x_wconf 91' lang='lat' dir='ltr'><strong><em>sunt,</em></strong></span> <span class='ocrx_word' id='word_1_679' title='bbox 1793 4865 2081 4923; x_wconf 84' lang='lat' dir='ltr'><strong><em>opportune</em></strong></span> <span class='ocrx_word' id='word_1_680' title='bbox 2109 4853 2400 4922; x_wconf 84' lang='lat' dir='ltr'><strong><em>adimplere</em></strong></span> <span class='ocrx_word' id='word_1_681' title='bbox 2452 4853 2838 4922; x_wconf 76' lang='lat' dir='ltr'><strong><em>conspeximus.</em></strong></span> <span class='ocrx_word' id='word_1_682' title='bbox 2904 4851 3105 4905; x_wconf 84' lang='lat' dir='ltr'><strong><em>Ibidem</em></strong></span> <span class='ocrx_word' id='word_1_683' title='bbox 3139 4859 3261 4919; x_wconf 90' lang='lat' dir='ltr'><strong><em>post</em></strong></span> <span class='ocrx_word' id='word_1_684' title='bbox 3293 4865 3465 4918; x_wconf 71' lang='lat' dir='ltr'><strong><em>pauca</em></strong></span> <span class='ocrx_word' id='word_1_685' title='bbox 3496 4867 3511 4901; x_wconf 89' lang='lat'><strong>:</strong></span> <span class='ocrx_word' id='word_1_686' title='bbox 3545 4845 3767 4911; x_wconf 65' lang='lat' dir='ltr'><strong><em>Speciao</em></strong></span> 
     </span>
    </p>
   </div>
   <div class='ocr_carea' id='block_1_53' title="bbox 497 4935 3760 5010">
    <p class='ocr_par' dir='ltr' id='par_1_53' title="bbox 497 4935 3760 5010">
     <span class='ocr_line' id='line_1_53' title="bbox 497 4935 3760 5010; baseline 0 -23"><span class='ocrx_word' id='word_1_687' title='bbox 497 4936 566 4990; x_wconf 87' lang='lat' dir='ltr'><strong><em>lis</em></strong></span> <span class='ocrx_word' id='word_1_688' title='bbox 605 4945 782 4989; x_wconf 88' lang='lat' dir='ltr'><strong><em>autem</em></strong></span> <span class='ocrx_word' id='word_1_689' title='bbox 823 4935 982 4992; x_wconf 83' lang='lat' dir='ltr'><strong><em>Pater</em></strong></span> <span class='ocrx_word' id='word_1_690' title='bbox 1011 4946 1189 4992; x_wconf 89' lang='lat' dir='ltr'><strong><em>noster</em></strong></span> <span class='ocrx_word' id='word_1_691' title='bbox 1215 4950 1264 4992; x_wconf 91' lang='lat' dir='ltr'><strong><em>et</em></strong></span> <span class='ocrx_word' id='word_1_692' title='bbox 1290 4956 1494 5010; x_wconf 71' lang='lat' dir='ltr'><strong><em>magna!</em></strong></span> <span class='ocrx_word' id='word_1_693' title='bbox 1522 4943 1754 4996; x_wconf 80' lang='lat' dir='ltr'><strong><em>civitatis</em></strong></span> <span class='ocrx_word' id='word_1_694' title='bbox 1796 4944 2109 5008; x_wconf 80' lang='lat' dir='ltr'><strong><em>patriarcha</em></strong></span> <span class='ocrx_word' id='word_1_695' title='bbox 2155 4942 2440 5009; x_wconf 75' lang='lat' dir='ltr'><strong><em>postulavit</em></strong></span> <span class='ocrx_word' id='word_1_696' title='bbox 2496 4957 2530 4994; x_wconf 88' lang='lat' dir='ltr'><strong><em>a</em></strong></span> <span class='ocrx_word' id='word_1_697' title='bbox 2567 4940 2718 4994; x_wconf 78' lang='lat' dir='ltr'><strong><em>nobis</em></strong></span> <span class='ocrx_word' id='word_1_698' title='bbox 2769 4938 3001 4993; x_wconf 84' lang='lat' dir='ltr'><strong><em>scribere</em></strong></span> <span class='ocrx_word' id='word_1_699' title='bbox 3055 4939 3350 4993; x_wconf 87' lang='lat' dir='ltr'><strong><em>Sanctitati</em></strong></span> <span class='ocrx_word' id='word_1_700' title='bbox 3399 4949 3504 4990; x_wconf 77' lang='lat' dir='ltr'><strong><em>tua:</em></strong></span> <span class='ocrx_word' id='word_1_701' title='bbox 3557 4935 3621 4989; x_wconf 88' lang='lat' dir='ltr'><strong><em>de</em></strong></span> <span class='ocrx_word' id='word_1_702' title='bbox 3676 4937 3760 4990; x_wconf 91' lang='lat' dir='ltr'><strong><em>his</em></strong></span> 
     </span>
    </p>
   </div>
   <div class='ocr_carea' id='block_1_54' title="bbox 479 5022 3767 5093">
    <p class='ocr_par' dir='ltr' id='par_1_54' title="bbox 479 5022 3767 5093">
     <span class='ocr_line' id='line_1_54' title="bbox 479 5022 3767 5093; baseline 0.001 -20"><span class='ocrx_word' id='word_1_703' title='bbox 479 5022 804 5083; x_wconf 79' lang='lat' dir='ltr'><strong><em>lectoribus,</em></strong></span> <span class='ocrx_word' id='word_1_704' title='bbox 841 5024 932 5093; x_wconf 80' lang='lat' dir='ltr'><strong><em>qui</em></strong></span> <span class='ocrx_word' id='word_1_705' title='bbox 964 5041 996 5076; x_wconf 90' lang='lat' dir='ltr'><strong><em>a</em></strong></span> <span class='ocrx_word' id='word_1_706' title='bbox 1029 5023 1218 5079; x_wconf 84' lang='lat' dir='ltr'><strong><em>Photio</em></strong></span> <span class='ocrx_word' id='word_1_707' title='bbox 1262 5029 1489 5092; x_wconf 81' lang='lat' dir='ltr'><strong><em>promoti</em></strong></span> <span class='ocrx_word' id='word_1_708' title='bbox 1521 5041 1664 5092; x_wconf 86' lang='lat' dir='ltr'><strong><em>sunt,</em></strong></span> <span class='ocrx_word' id='word_1_709' title='bbox 1707 5031 1886 5082; x_wconf 84' lang='lat' dir='ltr'><strong><em>multis</em></strong></span> <span class='ocrx_word' id='word_1_710' title='bbox 1919 5041 1968 5083; x_wconf 90' lang='lat' dir='ltr'><strong><em>et</em></strong></span> <span class='ocrx_word' id='word_1_711' title='bbox 1994 5028 2466 5083; x_wconf 79' lang='lat' dir='ltr'><strong><em>innumerabilibus</em></strong></span> <span class='ocrx_word' id='word_1_712' title='bbox 2509 5026 2883 5085; x_wconf 75' lang='lat' dir='ltr'><strong><em>cssistentibus</em></strong></span> <span class='ocrx_word' id='word_1_713' title='bbox 2929 5028 3004 5080; x_wconf 90' lang='lat' dir='ltr'><strong><em>eis</em></strong></span> <span class='ocrx_word' id='word_1_714' title='bbox 3048 5027 3102 5078; x_wconf 90' lang='lat' dir='ltr'><strong><em>in</em></strong></span> <span class='ocrx_word' id='word_1_715' title='bbox 3150 5025 3372 5080; x_wconf 84' lang='lat' dir='ltr'><strong><em>diuersis</em></strong></span> <span class='ocrx_word' id='word_1_716' title='bbox 3433 5023 3767 5092; x_wconf 78' lang='lat' dir='ltr'><strong><em>provinciis;</em></strong></span> 
     </span>
    </p>
   </div>
   <div class='ocr_carea' id='block_1_55' title="bbox 498 5107 3763 5188">
    <p class='ocr_par' dir='ltr' id='par_1_55' title="bbox 498 5107 3763 5188">
     <span class='ocr_line' id='line_1_55' title="bbox 498 5107 3763 5188; baseline 0.002 -28"><span class='ocrx_word' id='word_1_717' title='bbox 498 5107 714 5179; x_wconf 81' lang='lat' dir='ltr'><strong><em>insuper</em></strong></span> <span class='ocrx_word' id='word_1_718' title='bbox 744 5121 920 5164; x_wconf 87' lang='lat' dir='ltr'><strong><em>autem</em></strong></span> <span class='ocrx_word' id='word_1_719' title='bbox 939 5122 996 5188; x_wconf 87' lang='lat' dir='ltr'><strong><em>_et</em></strong></span> <span class='ocrx_word' id='word_1_720' title='bbox 1026 5113 1091 5165; x_wconf 87' lang='lat' dir='ltr'><strong><em>de.</em></strong></span> <span class='ocrx_word' id='word_1_721' title='bbox 1123 5113 1296 5168; x_wconf 85' lang='lat' dir='ltr'><strong><em>Paulo</em></strong></span> <span class='ocrx_word' id='word_1_722' title='bbox 1323 5115 1754 5169; x_wconf 83' lang='lat' dir='ltr'><strong><em>reccrendissimo</em></strong></span> <span class='ocrx_word' id='word_1_723' title='bbox 1783 5117 2203 5182; x_wconf 83' lang='lat' dir='ltr'><strong><em>bibliothecario,</em></strong></span> <span class='ocrx_word' id='word_1_724' title='bbox 2235 5118 2389 5172; x_wconf 81' lang='lat' dir='ltr'><strong><em>verbo</em></strong></span> <span class='ocrx_word' id='word_1_725' title='bbox 2418 5127 2468 5170; x_wconf 89' lang='lat' dir='ltr'><strong><em>et</em></strong></span> <span class='ocrx_word' id='word_1_726' title='bbox 2504 5117 2613 5170; x_wconf 80' lang='lat' dir='ltr'><strong><em>vita</em></strong></span> <span class='ocrx_word' id='word_1_727' title='bbox 2635 5115 2981 5185; x_wconf 59' lang='lat' dir='ltr'><strong><em>praefulgido,</em></strong></span> <span class='ocrx_word' id='word_1_728' title='bbox 3007 5132 3069 5169; x_wconf 83' lang='lat' dir='ltr'><strong><em>ac</em></strong></span> <span class='ocrx_word' id='word_1_729' title='bbox 3099 5114 3370 5169; x_wconf 82' lang='lat' dir='ltr'><strong><em>Theodoro</em></strong></span> <span class='ocrx_word' id='word_1_730' title='bbox 3398 5112 3763 5183; x_wconf 77' lang='lat' dir='ltr'><strong><em>metropolita,</em></strong></span> 
     </span>
    </p>
   </div>
   <div class='ocr_carea' id='block_1_56' title="bbox 496 5201 3767 5276">
    <p class='ocr_par' dir='ltr' id='par_1_56' title="bbox 496 5201 3767 5276">
     <span class='ocr_line' id='line_1_56' title="bbox 496 5201 3767 5276; baseline 0.001 -24"><span class='ocrx_word' id='word_1_731' title='bbox 496 5201 589 5270; x_wconf 86' lang='lat' dir='ltr'><strong><em>qui</em></strong></span> <span class='ocrx_word' id='word_1_732' title='bbox 626 5214 673 5254; x_wconf 83' lang='lat' dir='ltr'><strong><em>et</em></strong></span> <span class='ocrx_word' id='word_1_733' title='bbox 715 5201 826 5270; x_wconf 88' lang='lat' dir='ltr'><strong><em>ipse</em></strong></span> <span class='ocrx_word' id='word_1_734' title='bbox 849 5201 1004 5254; x_wconf 86' lang='lat' dir='ltr'><strong><em>nimis</em></strong></span> <span class='ocrx_word' id='word_1_735' title='bbox 1033 5201 1282 5257; x_wconf 73' lang='lat' dir='ltr'><strong><em>Ecclesia?</em></strong></span> <span class='ocrx_word' id='word_1_736' title='bbox 1316 5203 1464 5258; x_wconf 90' lang='lat' dir='ltr'><strong><em>utilis</em></strong></span> <span class='ocrx_word' id='word_1_737' title='bbox 1487 5214 1586 5267; x_wconf 91' lang='lat' dir='ltr'><strong><em>est,</em></strong></span> <span class='ocrx_word' id='word_1_738' title='bbox 1617 5216 1872 5275; x_wconf 80' lang='lat' dir='ltr'><strong><em>quatenus</em></strong></span> <span class='ocrx_word' id='word_1_739' title='bbox 1901 5206 2223 5276; x_wconf 83' lang='lat' dir='ltr'><strong><em>dispensatio</em></strong></span> <span class='ocrx_word' id='word_1_740' title='bbox 2256 5208 2357 5276; x_wconf 88' lang='lat' dir='ltr'><strong><em>fiat</em></strong></span> <span class='ocrx_word' id='word_1_741' title='bbox 2403 5223 2435 5258; x_wconf 89' lang='lat' dir='ltr'><strong><em>a</em></strong></span> <span class='ocrx_word' id='word_1_742' title='bbox 2477 5203 2776 5260; x_wconf 84' lang='lat' dir='ltr'><strong><em>Sanctitate</em></strong></span> <span class='ocrx_word' id='word_1_743' title='bbox 2837 5202 3020 5257; x_wconf 84' lang='lat' dir='ltr'><strong><em>Vestra</em></strong></span> <span class='ocrx_word' id='word_1_744' title='bbox 3069 5220 3223 5273; x_wconf 87' lang='lat' dir='ltr'><strong><em>super</em></strong></span> <span class='ocrx_word' id='word_1_745' title='bbox 3253 5203 3403 5273; x_wconf 86' lang='lat' dir='ltr'><strong><em>ipsis,</em></strong></span> <span class='ocrx_word' id='word_1_746' title='bbox 3444 5201 3767 5273; x_wconf 86' lang='lat' dir='ltr'><strong><em>quibusdam</em></strong></span> 
     </span>
    </p>
   </div>
   <div class='ocr_carea' id='block_1_57' title="bbox 501 5287 3762 5363">
    <p class='ocr_par' dir='ltr' id='par_1_57' title="bbox 501 5287 3762 5363">
     <span class='ocr_line' id='line_1_57' title="bbox 501 5287 3762 5363; baseline 0.001 -23"><span class='ocrx_word' id='word_1_747' title='bbox 501 5288 710 5354; x_wconf 82' lang='lat' dir='ltr'><strong><em>quidem</em></strong></span> <span class='ocrx_word' id='word_1_748' title='bbox 739 5287 810 5342; x_wconf 87' lang='lat' dir='ltr'><strong><em>ad</em></strong></span> <span class='ocrx_word' id='word_1_749' title='bbox 838 5305 1086 5344; x_wconf 78' lang='lat' dir='ltr'><strong><em>ascensus</em></strong></span> <span class='ocrx_word' id='word_1_750' title='bbox 1120 5291 1347 5361; x_wconf 82' lang='lat' dir='ltr'><strong><em>majores</em></strong></span> <span class='ocrx_word' id='word_1_751' title='bbox 1382 5307 1658 5345; x_wconf 84' lang='lat' dir='ltr'><strong><em>sacrorum</em></strong></span> <span class='ocrx_word' id='word_1_752' title='bbox 1684 5293 1967 5360; x_wconf 76' lang='lat' dir='ltr'><strong><em>graduum,</em></strong></span> <span class='ocrx_word' id='word_1_753' title='bbox 2005 5292 2325 5363; x_wconf 85' lang='lat' dir='ltr'><strong><em>quibusdam</em></strong></span> <span class='ocrx_word' id='word_1_754' title='bbox 2356 5309 2472 5347; x_wconf 82' lang='lat' dir='ltr'><strong><em>uero</em></strong></span> <span class='ocrx_word' id='word_1_755' title='bbox 2508 5293 2577 5345; x_wconf 90' lang='lat' dir='ltr'><strong><em>ad</em></strong></span> <span class='ocrx_word' id='word_1_756' title='bbox 2622 5293 2969 5360; x_wconf 83' lang='lat' dir='ltr'><strong><em>rcceptioncm</em></strong></span> <span class='ocrx_word' id='word_1_757' title='bbox 3017 5291 3224 5346; x_wconf 86' lang='lat' dir='ltr'><strong><em>sedium</em></strong></span> <span class='ocrx_word' id='word_1_758' title='bbox 3251 5306 3476 5347; x_wconf 87' lang='lat' dir='ltr'><strong><em>suarum</em></strong></span> <span class='ocrx_word' id='word_1_759' title='bbox 3508 5305 3528 5354; x_wconf 88' lang='lat'><strong><em>,&#39;</em></strong></span> <span class='ocrx_word' id='word_1_760' title='bbox 3561 5290 3630 5344; x_wconf 86' lang='lat' dir='ltr'><strong><em>ad</em></strong></span> <span class='ocrx_word' id='word_1_761' title='bbox 3661 5294 3762 5344; x_wconf 75' lang='lat' dir='ltr'><strong><em>hoc</em></strong></span> 
     </span>
    </p>
   </div>
   <div class='ocr_carea' id='block_1_58' title="bbox 503 5375 3758 5449">
    <p class='ocr_par' dir='ltr' id='par_1_58' title="bbox 503 5375 3758 5449">
     <span class='ocr_line' id='line_1_58' title="bbox 503 5375 3758 5449; baseline 0.001 -21"><span class='ocrx_word' id='word_1_762' title='bbox 503 5375 814 5444; x_wconf 67' lang='lat' dir='ltr'><strong><em>rogantibus</em></strong></span> <span class='ocrx_word' id='word_1_763' title='bbox 842 5377 937 5432; x_wconf 89' lang='lat' dir='ltr'><strong><em>Dei</em></strong></span> <span class='ocrx_word' id='word_1_764' title='bbox 960 5379 1300 5434; x_wconf 82' lang='lat' dir='ltr'><strong><em>imitatricem</em></strong></span> <span class='ocrx_word' id='word_1_765' title='bbox 1335 5382 1580 5434; x_wconf 72' lang='lat' dir='ltr'><strong><em>virtutem</em></strong></span> <span class='ocrx_word' id='word_1_766' title='bbox 1604 5389 1750 5432; x_wconf 88' lang='lat' dir='ltr'><strong><em>tuam</em></strong></span> <span class='ocrx_word' id='word_1_767' title='bbox 1792 5396 1810 5443; x_wconf 85' lang='lat'><strong><em>;</em></strong></span> <span class='ocrx_word' id='word_1_768' title='bbox 1839 5383 2023 5434; x_wconf 89' lang='lat' dir='ltr'><strong><em>horum</em></strong></span> <span class='ocrx_word' id='word_1_769' title='bbox 2055 5382 2270 5449; x_wconf 79' lang='lat' dir='ltr'><strong><em>quidem</em></strong></span> <span class='ocrx_word' id='word_1_770' title='bbox 2315 5382 2729 5446; x_wconf 79' lang='lat' dir='ltr'><strong><em>multitudinem,</em></strong></span> <span class='ocrx_word' id='word_1_771' title='bbox 2771 5385 2802 5433; x_wconf 85' lang='lat' dir='ltr'><strong><em>lt</em></strong></span> <span class='ocrx_word' id='word_1_772' title='bbox 2816 5379 2928 5449; x_wconf 74' lang='lat' dir='ltr'><strong><em>tjtts</em></strong></span> <span class='ocrx_word' id='word_1_773' title='bbox 2953 5397 3068 5433; x_wconf 81' lang='lat' dir='ltr'><strong><em>vero</em></strong></span> <span class='ocrx_word' id='word_1_774' title='bbox 3102 5379 3308 5432; x_wconf 83' lang='lat' dir='ltr'><strong><em>labores</em></strong></span> <span class='ocrx_word' id='word_1_775' title='bbox 3336 5388 3386 5431; x_wconf 89' lang='lat' dir='ltr'><strong><em>et</em></strong></span> <span class='ocrx_word' id='word_1_776' title='bbox 3416 5393 3513 5446; x_wconf 90' lang='lat' dir='ltr'><strong><em>pro</em></strong></span> <span class='ocrx_word' id='word_1_777' title='bbox 3534 5377 3758 5432; x_wconf 76' lang='lat' dir='ltr'><strong><em>veritate</em></strong></span> 
     </span>
    </p>
   </div>
   <div class='ocr_carea' id='block_1_59' title="bbox 503 5465 3768 5540">
    <p class='ocr_par' dir='ltr' id='par_1_59' title="bbox 503 5465 3768 5540">
     <span class='ocr_line' id='line_1_59' title="bbox 503 5465 3768 5540; baseline -0.001 -19"><span class='ocrx_word' id='word_1_778' title='bbox 503 5466 746 5532; x_wconf 67' lang='lat' dir='ltr'><strong><em>sudores,</em></strong></span> <span class='ocrx_word' id='word_1_779' title='bbox 775 5468 919 5523; x_wconf 88' lang='lat' dir='ltr'><strong><em>illius</em></strong></span> <span class='ocrx_word' id='word_1_780' title='bbox 953 5480 1128 5525; x_wconf 87' lang='lat' dir='ltr'><strong><em>autem</em></strong></span> <span class='ocrx_word' id='word_1_781' title='bbox 1160 5469 1328 5540; x_wconf 73' lang='lat' dir='ltr'><strong><em>culpes</em></strong></span> <span class='ocrx_word' id='word_1_782' title='bbox 1362 5469 1837 5540; x_wconf 76' lang='lat' dir='ltr'><strong><em>reprehensionem,</em></strong></span> <span class='ocrx_word' id='word_1_783' title='bbox 1864 5480 1914 5524; x_wconf 92' lang='lat' dir='ltr'><strong><em>et</em></strong></span> <span class='ocrx_word' id='word_1_784' title='bbox 1955 5469 2094 5536; x_wconf 81' lang='lat' dir='ltr'><strong><em>quod</em></strong></span> <span class='ocrx_word' id='word_1_785' title='bbox 2138 5487 2203 5525; x_wconf 78' lang='lat' dir='ltr'><strong><em>ea:</em></strong></span> <span class='ocrx_word' id='word_1_786' title='bbox 2228 5471 2485 5524; x_wconf 82' lang='lat' dir='ltr'><strong><em>canonica</em></strong></span> <span class='ocrx_word' id='word_1_787' title='bbox 2520 5470 2588 5522; x_wconf 81' lang='lat' dir='ltr'><strong><em>sit</em></strong></span> <span class='ocrx_word' id='word_1_788' title='bbox 2619 5485 2806 5522; x_wconf 86' lang='lat' dir='ltr'><strong><em>manus</em></strong></span> <span class='ocrx_word' id='word_1_789' title='bbox 2839 5468 3178 5536; x_wconf 84' lang='lat' dir='ltr'><strong><em>i-npositione</em></strong></span> <span class='ocrx_word' id='word_1_790' title='bbox 3197 5476 3476 5538; x_wconf 87' lang='lat' dir='ltr'><strong><em>promotus</em></strong></span> <span class='ocrx_word' id='word_1_791' title='bbox 3524 5465 3768 5519; x_wconf 85' lang='lat' dir='ltr'><strong><em>conside-</em></strong></span> 
     </span>
    </p>
   </div>
   <div class='ocr_carea' id='block_1_60' title="bbox 506 5551 3766 5630">
    <p class='ocr_par' dir='ltr' id='par_1_60' title="bbox 506 5551 3766 5630">
     <span class='ocr_line' id='line_1_60' title="bbox 506 5551 3766 5630; baseline 0 -24"><span class='ocrx_word' id='word_1_792' title='bbox 506 5565 711 5613; x_wconf 76' lang='lat' dir='ltr'><strong><em>rantetn</em></strong></span> <span class='ocrx_word' id='word_1_793' title='bbox 741 5575 759 5614; x_wconf 91' lang='lat'><strong><em>:</em></strong></span> <span class='ocrx_word' id='word_1_794' title='bbox 787 5577 882 5626; x_wconf 89' lang='lat' dir='ltr'><strong><em>pro</em></strong></span> <span class='ocrx_word' id='word_1_795' title='bbox 908 5561 991 5615; x_wconf 81' lang='lat' dir='ltr'><strong><em>his</em></strong></span> <span class='ocrx_word' id='word_1_796' title='bbox 1015 5573 1064 5616; x_wconf 93' lang='lat' dir='ltr'><strong><em>et</em></strong></span> <span class='ocrx_word' id='word_1_797' title='bbox 1098 5563 1375 5629; x_wconf 86' lang='lat' dir='ltr'><strong><em>imperium</em></strong></span> <span class='ocrx_word' id='word_1_798' title='bbox 1415 5568 1656 5616; x_wconf 85' lang='lat' dir='ltr'><strong><em>nostrum</em></strong></span> <span class='ocrx_word' id='word_1_799' title='bbox 1685 5558 1897 5630; x_wconf 79' lang='lat' dir='ltr'><strong><em>ﬂagitat</em></strong></span> <span class='ocrx_word' id='word_1_800' title='bbox 1944 5559 2198 5628; x_wconf 83' lang='lat' dir='ltr'><strong><em>pietatem</em></strong></span> <span class='ocrx_word' id='word_1_801' title='bbox 2232 5571 2381 5612; x_wconf 89' lang='lat' dir='ltr'><strong><em>tuam</em></strong></span> <span class='ocrx_word' id='word_1_802' title='bbox 2425 5557 2836 5624; x_wconf 81' lang='lat' dir='ltr'><strong><em>dispensandum</em></strong></span> <span class='ocrx_word' id='word_1_803' title='bbox 2880 5555 3083 5614; x_wconf 65' lang='lat' dir='ltr'><strong><em>aliquid</em></strong></span> <span class='ocrx_word' id='word_1_804' title='bbox 3115 5556 3234 5608; x_wconf 88' lang='lat' dir='ltr'><strong><em>hinc</em></strong></span> <span class='ocrx_word' id='word_1_805' title='bbox 3263 5554 3572 5608; x_wconf 80' lang='lat' dir='ltr'><strong><em>humanius.</em></strong></span> <span class='ocrx_word' id='word_1_806' title='bbox 3610 5551 3766 5622; x_wconf 74' lang='lat' dir='ltr'><strong><em>lgna-</em></strong></span> 
     </span>
    </p>
   </div>
   <div class='ocr_carea' id='block_1_61' title="bbox 510 5644 3763 5714">
    <p class='ocr_par' dir='ltr' id='par_1_61' title="bbox 510 5644 3763 5714">
     <span class='ocr_line' id='line_1_61' title="bbox 510 5644 3763 5714; baseline -0.001 -19"><span class='ocrx_word' id='word_1_807' title='bbox 510 5644 623 5701; x_wconf 85' lang='lat' dir='ltr'><strong><em>tius</em></strong></span> <span class='ocrx_word' id='word_1_808' title='bbox 653 5646 708 5701; x_wconf 87' lang='lat' dir='ltr'><strong><em>in</em></strong></span> <span class='ocrx_word' id='word_1_809' title='bbox 739 5647 933 5703; x_wconf 80' lang='lat' dir='ltr'><strong><em>litteris</em></strong></span> <span class='ocrx_word' id='word_1_810' title='bbox 963 5649 1027 5703; x_wconf 86' lang='lat' dir='ltr'><strong><em>ad</em></strong></span> <span class='ocrx_word' id='word_1_811' title='bbox 1073 5650 1396 5714; x_wconf 78' lang='lat' dir='ltr'><strong><em>Adrianum,</em></strong></span> <span class='ocrx_word' id='word_1_812' title='bbox 1430 5649 1630 5705; x_wconf 87' lang='lat' dir='ltr'><strong><em>ibidem</em></strong></span> <span class='ocrx_word' id='word_1_813' title='bbox 1671 5647 2019 5703; x_wconf 79' lang='lat' dir='ltr'><strong><em>exstantibus</em></strong></span> <span class='ocrx_word' id='word_1_814' title='bbox 2054 5665 2070 5704; x_wconf 86' lang='lat'>:</span> <span class='ocrx_word' id='word_1_815' title='bbox 2117 5647 2319 5702; x_wconf 84' lang='lat' dir='ltr'><strong><em>Nostra</em></strong></span> <span class='ocrx_word' id='word_1_816' title='bbox 2352 5647 2628 5699; x_wconf 83' lang='lat' dir='ltr'><strong><em>humilitas</em></strong></span> <span class='ocrx_word' id='word_1_817' title='bbox 2661 5661 2858 5697; x_wconf 89' lang='lat' dir='ltr'><strong><em>memor</em></strong></span> <span class='ocrx_word' id='word_1_818' title='bbox 2902 5644 3185 5697; x_wconf 88' lang='lat' dir='ltr'><strong><em>cnaritatis</em></strong></span> <span class='ocrx_word' id='word_1_819' title='bbox 3227 5652 3432 5706; x_wconf 79' lang='lat' dir='ltr'><strong><em>vestrte,</em></strong></span> <span class='ocrx_word' id='word_1_820' title='bbox 3488 5657 3552 5694; x_wconf 90' lang='lat' dir='ltr'><strong><em>ac</em></strong></span> <span class='ocrx_word' id='word_1_821' title='bbox 3609 5655 3763 5694; x_wconf 84' lang='lat' dir='ltr'><strong><em>anta-</em></strong></span> 
     </span>
    </p>
   </div>
   <div class='ocr_carea' id='block_1_62' title="bbox 511 5731 3769 5810">
    <p class='ocr_par' dir='ltr' id='par_1_62' title="bbox 511 5731 3769 5810">
     <span class='ocr_line' id='line_1_62' title="bbox 511 5731 3769 5810; baseline -0.001 -25"><span class='ocrx_word' id='word_1_822' title='bbox 511 5733 656 5800; x_wconf 71' lang='lat' dir='ltr'><strong><em>bilis,</em></strong></span> <span class='ocrx_word' id='word_1_823' title='bbox 688 5749 839 5804; x_wconf 86' lang='lat' dir='ltr'><strong><em>quem</em></strong></span> <span class='ocrx_word' id='word_1_824' title='bbox 859 5733 999 5788; x_wconf 89' lang='lat' dir='ltr'><strong><em>circa</em></strong></span> <span class='ocrx_word' id='word_1_825' title='bbox 1025 5753 1117 5791; x_wconf 88' lang='lat' dir='ltr'><strong><em>nos</em></strong></span> <span class='ocrx_word' id='word_1_826' title='bbox 1137 5737 1309 5804; x_wconf 76' lang='lat' dir='ltr'><strong><em>habet,</em></strong></span> <span class='ocrx_word' id='word_1_827' title='bbox 1333 5738 1576 5807; x_wconf 65' lang='lat' dir='ltr'><strong><em>affectus,</em></strong></span> <span class='ocrx_word' id='word_1_828' title='bbox 1603 5751 1651 5792; x_wconf 91' lang='lat' dir='ltr'><strong><em>et</em></strong></span> <span class='ocrx_word' id='word_1_829' title='bbox 1672 5738 1740 5790; x_wconf 90' lang='lat' dir='ltr'><strong><em>ad</em></strong></span> <span class='ocrx_word' id='word_1_830' title='bbox 1760 5735 1858 5791; x_wconf 78' lang='lat' dir='ltr'><strong><em>hoc</em></strong></span> <span class='ocrx_word' id='word_1_831' title='bbox 1881 5736 2054 5810; x_wconf 75' lang='lat' dir='ltr'><strong><em>ipsum</em></strong></span> <span class='ocrx_word' id='word_1_832' title='bbox 2077 5737 2396 5794; x_wconf 75' lang='lat' dir='ltr'><strong><em>voluntatem</em></strong></span> <span class='ocrx_word' id='word_1_833' title='bbox 2418 5743 2466 5788; x_wconf 92' lang='lat' dir='ltr'><strong><em>et</em></strong></span> <span class='ocrx_word' id='word_1_834' title='bbox 2499 5734 2896 5787; x_wconf 73' lang='lat' dir='ltr'><strong><em>medicationem</em></strong></span> <span class='ocrx_word' id='word_1_835' title='bbox 2925 5731 3136 5798; x_wconf 82' lang='lat' dir='ltr'><strong><em>habens,</em></strong></span> <span class='ocrx_word' id='word_1_836' title='bbox 3165 5732 3364 5786; x_wconf 84' lang='lat' dir='ltr'><strong><em>invenit</em></strong></span> <span class='ocrx_word' id='word_1_837' title='bbox 3395 5739 3769 5799; x_wconf 82' lang='lat' dir='ltr'><strong><em>procurantem</em></strong></span> 
     </span>
    </p>
   </div>
  </div>
