4134 6336
273 305 378 368 847
1438 296 1905 359 THEOGNOSTI

1960 296 2304 360 MONACHI
3447 297 3560 364 848

280 431 338 472 ut
384 419 684 471 mitteretur
717 413 767 466 in
808 400 965 474 tuoin,
1011 429 1128 483 qum
1153 421 1231 467 est
1279 414 1349 467 ad
1410 417 1590 482 magni
1648 414 1875 467 nominis
1931 411 2174 477 Romam,
2235 415 2494 470 orationis
2553 431 2739 478 causa,
2791 412 3038 468 intimum
3093 413 3264 484 ﬁlium
3314 423 3556 470 nostrum

273 504 766 561 reserendissimum
806 499 1046 554 abbatem
1087 499 1294 564 Fontis,
1338 510 1390 555 et
1425 500 1847 572 scevophylacein
1893 501 2104 572 Magum
2155 503 2443 569 Ecclesia,
2488 505 2765 557 dominam
2828 503 3239 574 Theognostum,
3271 513 3323 558 et
3356 503 3558 558 idcirco

275 593 442 662 magis
466 590 766 647 studuimus
793 589 1080 657 adimplere
1109 589 1432 643 desiderium
1463 599 1716 644 vestrum.
1746 605 1898 660 quem
1921 600 1969 644 et
1996 591 2238 644 misimus
2270 607 2390 644 cum
2433 591 2685 661 pra'senti
2721 591 2942 662 epistola
2985 601 3168 646 nostra
3212 591 3554 646 visitaturum

273 693 323 737 et
366 679 747 742 saiutaturum,
785 694 847 730 ac
886 677 1237 730 adoratarum
1274 678 1572 745 fraternam
1622 677 1972 732 Sanctitatem
2023 676 2261 732 Vestram
2299 682 2718 743 ;nuntiaturum
2755 681 2920 734 etiam
2961 690 3010 734 et
3057 697 3090 734 α
3137 679 3357 736 Christo
3406 681 3555 737 nobis

275 769 528 822 donatam
561 767 982 822 incolumitatem
1009 765 1064 819 in
1098 767 1195 817 hac
1233 768 1336 820 vita
1390 765 1574 818 multis
1597 767 1932 828 passionibus
1962 775 2012 818 et
2049 767 2480 820 tribulationibus
2510 766 2687 835 plena,
2738 769 3182 838 quemadmodum
3235 769 3345 838 ipse
3392 769 3558 822 voluit

276 868 323 910 et
357 857 658 926 judicavit,
705 858 794 925 qui
824 856 1001 909 omnia
1032 857 1295 924 sapienter
1335 865 1383 907 et
1427 866 1774 924 congruenter
1820 857 2113 922 dispensat,
2152 866 2201 910 et
2235 867 2357 911 ante
2403 858 2454 911 iu
2506 869 2596 911 tua
2623 859 2987 926 piissimorum
3020 872 3069 912 et
3106 858 3310 913 Christi
3351 859 3556 913 amico-

277 961 392 998 rum
444 961 507 997 ac
540 961 572 998 a
614 942 720 998 Deo
764 944 1198 1014 gubernatorum,
1230 953 1385 1014 atque
1432 943 1686 996 divinitus
1720 944 2045 997 munitorum
2085 947 2464 1013 imperatorum
2492 955 2792 1000 nostrorum
2823 949 3226 1017 prosperitatem
3260 959 3309 1001 et
3336 958 3558 1014 troptea,

276 1042 322 1085 et
368 1033 423 1084 in
447 1031 632 1085 melius
666 1033 728 1086 de
760 1032 844 1084 die
879 1032 932 1084 in
967 1033 1104 1084 diem
1147 1046 1320 1083 rerum
1369 1028 1594 1083 Romani
1630 1031 1835 1097 imperii
1870 1034 2289 1098 translationem,
2331 1048 2386 1087 ut
2423 1046 2469 1086 et
2508 1050 2596 1089 vos
2643 1035 2992 1106 gaudentibus
3027 1037 3180 1089 nobis
3222 1036 3562 1105 congratnle-

277 1121 409 1175 enini
441 1137 532 1188 per
556 1130 795 1175 nmtuam
829 1120 985 1173 anius
1021 1119 1254 1187 corporis
1302 1119 1650 1171 membrorum
1683 1119 2068 1187 cae/factionem
2114 1132 2162 1176 et
2212 1123 2650 1190 compassioncm,
2687 1132 2735 1176 et
2775 1123 2966 1176 iterum
3010 1123 3106 1177 Dei
3137 1124 3258 1178 boni
3302 1127 3481 1193 gratia
3510 1136 3559 1179 et

283 1209 670 1276 coaperationc,
735 1208 804 1261 ad
880 1208 1295 1260 mediocritatem
1375 1208 1639 1258 maturius
1726 1218 2126 1273 remeaturum,
2173 1219 2223 1264 et
2282 1210 2415 1264 bona
2474 1210 2664 1265 nuntia
2746 1211 3135 1264 amabilissima
3189 1211 3316 1266 vita
3371 1221 3561 1266 vestra

288 1297 587 1350 allaturum
642 1295 712 1350 ad
761 1294 1055 1350 Ecclesium
1133 1304 1391 1348 nostram.
1474 1294 1673 1348 Ibidem
1749 1303 1872 1363 post
1949 1311 2161 1364 pauca:
2216 1295 2370 1362 Quod
2420 1308 2596 1352 autent
2655 1300 3005 1353 sanctissimis
3056 1301 3278 1353 vicariis
3324 1308 3563 1367 paterna

279 1385 584 1439 sanctitatis
615 1393 798 1438 vestra:
821 1385 994 1436 adhuc
1013 1381 1549 1451 (lienstantinopoli,
1583 1398 1693 1451 quo
1722 1385 1786 1436 ad
1813 1384 2104 1438 concilium
2137 1395 2402 1440 venerant
2426 1387 2442 1454 )
2464 1387 2810 1454 prmscntibus
2824 1386 3120 1456 perfectum
3145 1404 3247 1440 non
3275 1397 3352 1443 est
3389 1401 3556 1456 neque

281 1473 444 1539 ﬁnem
479 1473 702 1540 accepit,
746 1488 993 1542 rogamus
1021 1487 1158 1524 nunc
1190 1471 1467 1523 terminari
1499 1483 1545 1524 et
1583 1472 1791 1540 disponi
1815 1471 2064 1540 perfecte,
2094 1488 2156 1524 ac
2187 1471 2388 1543 integre
2425 1473 2587 1526 scribi
2620 1474 2689 1528 ad
2715 1474 3072 1528 humilitatem
3102 1483 3340 1527 nostram
3369 1474 3436 1530 de
3473 1473 3561 1527 hi8

281 1561 584 1624 lectoribus,
631 1560 720 1630 qui
775 1559 914 1612 tonsi
963 1567 1086 1612 sunt
1113 1577 1142 1611 a
1169 1558 1388 1620 Photio,
1421 1575 1611 1612 manus
1656 1559 2139 1631 impositione:qui
2180 1578 2298 1615 cum
2334 1563 2442 1616 sint
2485 1579 2613 1632 pene
2655 1563 3065 1617 innumerabilis
3099 1563 3470 1618 multitudinis
3499 1563 3556 1618 iu

283 1648 547 1702 universis
588 1648 884 1717 regionibus
925 1658 972 1701 et
1004 1646 1308 1699 civitatibus
1344 1644 1616 1711 Ecclesirc,
1649 1646 1923 1716 postulant
1954 1665 2018 1702 ea:
2052 1651 2364 1705 necessitate
2393 1650 2623 1704 aliorum
2649 1639 2767 1721 ﬁeri
2792 1651 3184 1706 sacerdotalem
3209 1663 3511 1720 provectum
3538 1669 3556 1708 :

283 1746 343 1792 ut
389 1753 771 1808 cognoscamus
813 1736 976 1790 ctiam
1015 1743 1064 1790 et
1107 1751 1265 1802 super
1311 1735 1412 1788 hac
1457 1752 1514 1789 re
1557 1748 1781 1789 vestram
1822 1737 2147 1792 voluntatem
2186 1748 2344 1811 atque
2376 1741 2647 1794 decretum
2680 1740 2973 1794 certissime
3012 1731 3063 1794 et
3104 1740 3551 1812 manifestissime,

283 1836 458 1879 utrum
488 1826 595 1879 sint
637 1824 785 1895 digni
817 1824 1113 1894 promoveri
1142 1825 1212 1876 ad
1249 1823 1474 1883 maiores
1505 1823 1790 1878 sacerdotii
1823 1824 2041 1893 gradus,
2076 1843 2253 1880 annon
2295 1829 2401 1882 sint
2434 1841 2454 1881 :
2497 1827 2719 1881 dubium
2770 1830 2910 1882 enim
2953 1828 3050 1883 hoc
3093 1837 3302 1882 tantum
3333 1829 3543 1882 dimise-

283 1924 486 1970 serunt.
523 1913 587 1968 Et
647 1915 821 1968 adhuc
875 1911 1205 1982 postulamus
1233 1912 1398 1964 etiam
1428 1911 1493 1965 de
1540 1912 1728 1964 intimo
1766 1912 1877 1972 ﬁlio
1922 1923 2104 1967 nostro
2128 1923 2178 1968 et
2207 1915 2508 1984 fortissimo
2531 1916 2776 1971 veritatis
2801 1918 3074 1987 agonista,
3109 1915 3286 1971 Paulo
3316 1916 3557 1971 videlicet

284 2003 693 2074 chartophglnce
726 2011 805 2064 ut,
861 2003 907 2053 si
939 2009 1017 2055 est
1065 2000 1334 2069 possibilia
1382 2001 1437 2054 in
1485 2016 1602 2053 eum
1648 2001 2061 2065 dispensationis
2111 2003 2293 2073 aliqua
2337 2006 2500 2068 ratio,
2560 2005 2781 2070 recipiat
2831 2000 3150 2076 dignitatem
3199 2005 3559 2075 episcopatus,

285 2092 729 2163 quemadmodum
761 2099 808 2144 et
835 2098 994 2143 antea
1029 2089 1083 2142 in
1111 2088 1304 2143 litteris
1336 2090 1532 2143 nostris
1566 2089 1988 2159 eﬂlagitavimus.
2027 2091 2225 2145 Deinde
2251 2109 2454 2162 quoque
2479 2109 2636 2161 super
2667 2090 2957 2157 I'heodoro,
2986 2093 3078 2164 qui
3108 2109 3142 2147 a
3176 2092 3325 2146 nobis
3349 2093 3562 2164 quidem

284 2191 621 2236 consecratus
637 2191 713 2234 est
740 2179 1073 2247 metropolita
1108 2174 1304 2243 Carior,
1343 2178 1569 2232 multum
1597 2189 1772 2233 autem
1813 2178 2074 2234 laboravit
2110 2190 2160 2235 et
2191 2181 2416 2250 afﬂictus
2437 2189 2516 2234 est
2547 2181 2612 2234 ab
2637 2182 2790 2235 initio
2813 2182 3032 2250 injustas
3059 2198 3122 2236 ac
3152 2182 3346 2251 iniquw
3375 2180 3550 2251 dejec-

285 2270 446 2324 tionis
483 2279 703 2333 nostrce,
736 2269 793 2322 in
822 2268 1125 2322 novissimis
1175 2284 1292 2322 vero
1323 2284 1443 2321 curn
1480 2269 1671 2321 misero
1712 2267 1904 2322 Photio
1935 2269 2265 2330 conveniens,
2297 2279 2512 2338 propter
2539 2268 2657 2338 ejus
2707 2269 2966 2323 immensa
2997 2278 3282 2335 tormenta,
3312 2285 3431 2339 quae
3456 2267 3559 2322 sibi

285 2358 649 2412 resistentibus
679 2355 959 2423 inferebat,
991 2355 1248 2408 consensit
1277 2367 1328 2408 et
1358 2371 1519 2425 usque
1548 2355 1617 2408 ad
1648 2357 1892 2409 ultimum
1920 2357 2085 2426 ipsius
2150 2358 2288 2410 diem
2332 2360 2673 2427 reptenitens,
2746 2357 3094 2411 nihilominus
3165 2373 3353 2411 rursus
3402 2356 3562 2410 corde

285 2446 516 2500 contrito
577 2455 625 2499 et
673 2446 864 2514 spiritu
907 2443 1228 2497 humilitatis
1279 2443 1483 2496 veniam
1528 2446 1798 2512 expetivit.
1848 2444 2244 2500 Prohibuerunt
2284 2447 2425 2501 enim
2469 2464 2589 2502 eum
2621 2448 2923 2501 sacerdotio
2955 2445 3109 2518 fungi
3145 2463 3359 2518 quoquo
3405 2443 3564 2499 modo

282 2535 612 2588 sanctissimi
645 2535 831 2588 vicarii
868 2532 1137 2585 Almitatis
1165 2542 1366 2591 vestrm,
1398 2541 1447 2584 et
1478 2533 1616 2600 quod
1647 2534 2018 2602 subscripserit
2048 2534 2101 2586 in
2122 2549 2241 2588 eam
2268 2551 2385 2604 quae
2411 2535 2558 2604 facta
2584 2544 2660 2588 est
2691 2535 2825 2588 abin
2837 2535 3148 2604 felicissimo
3169 2535 3376 2597 l’hotio,
3407 2535 3561 2605 quasi

284 2624 541 2692 depositio
582 2621 875 2677 beatissimi
906 2630 955 2674 et
984 2621 1170 2689 optimi
1203 2621 1382 2673 l’atris
1407 2622 1575 2674 nostri
1609 2619 1657 2672 Ν
1665 2619 1825 2674 icolai
1847 2621 2136 2676 decessoris
2161 2622 2476 2677 Sanctitatis
2507 2634 2630 2676 liltt‘.
2665 2622 2792 2677 Hcec
2820 2631 2968 2685 sunt,
2996 2623 3061 2676 de
3086 2623 3280 2690 quibus
3305 2638 3559 2691 rogamus

288 2710 638 2766 Sanctitatem
673 2718 920 2774 vestram,
959 2719 1014 2761 ut
1043 2709 1090 2760 si
1115 2707 1358 2775 possibile
1389 2707 1478 2772 sit,
1517 2719 1704 2761 utatur
1725 2709 1874 2762 verbo
1891 2711 2306 2780 dispensationis
2334 2722 2382 2766 et
2411 2712 2790 2766 misericordite
2837 2712 2891 2766 in
2937 2711 3041 2776 his,
3081 2726 3202 2764 cum
3237 2709 3348 2764 alia
3379 2710 3560 2765 omnia

285 2800 542 2868 optimum
568 2808 617 2854 et
656 2799 988 2851 commodum
1024 2796 1182 2864 ﬁnem
1215 2812 1279 2850 ac
1309 2796 1713 2864 dispositionem
1742 2799 2090 2868 susceperint.

360 2909 473 2964 VII.
509 2909 616 2963 Sed
665 2909 862 2963 horum
907 2923 1030 2978 ante
1060 2907 1794 2978 ConstantinOpolitanorum
1840 2911 2198 2980 imperatores
2223 2951 2237 2973 ,
2269 2924 2392 2962 cum
2429 2908 2738 2977 patriarcha
2777 2906 2912 2963 satis
2939 2907 3200 2961 humilem
3243 2905 3294 2962 in
3333 2906 3554 2960 modum

287 2999 633 3070 expetebant,
694 2996 830 3052 nihil
884 2996 1212 3051 auctoritate
1246 3013 1343 3052 sua
1369 3040 1385 3060 ,
1442 2999 1578 3052 nihil
1610 2999 1864 3069 precibus
1907 3000 2022 3054 suis
2065 2997 2449 3067 Ttu-ognostus
2483 2999 2553 3051 ah
2592 2995 2836 3050 Adriano
2882 2994 3162 3051 Photianis
3203 2993 3552 3064 implacabili,

287 3086 905 3156 tionstantinopolitanis
935 3085 1278 3151 inexorabili,
1311 3086 1608 3141 obtinebat.
1637 3086 1690 3141 Id
1719 3102 1820 3141 nos
1853 3087 2121 3142 Adrianus
2147 3089 2200 3140 in
2233 3087 2429 3142 litlcris
2468 3092 2532 3138 ad
2571 3083 3297 3148 Basilium,Constantinum
3330 3092 3384 3136 et
3419 3081 3557 3136 Leo-

289 3193 436 3242 nem,
487 3177 846 3243 imperatores
890 3174 1550 3244 Constantinopolitanos,
1573 3175 1866 3230 indictione
1901 3191 1966 3238 v,
1997 3176 2086 3229 die
2122 3175 2186 3229 10
2224 3173 2546 3229 Novembris
2571 3214 2585 3238 ,
2617 3189 2664 3227 a.
2705 3187 2754 3226 c.
2797 3171 2924 3240 871,
2960 3170 3203 3241 scriptis,
3242 3185 3378 3240 quas
3409 3169 3559 3224 Actis

289 3263 506 3320 concilii
525 3261 1117 3329 Constantinopolitani
1137 3261 1205 3315 IV
1234 3261 1441 3316 Latinis
1467 3262 1679 3317 additas
1705 3262 2030 3331 reperimus,
2057 3262 2216 3316 docet
2241 3280 2256 3316 :
2290 3262 2566 3328 Quamvis,
2597 3262 2670 3314 ait
2701 3260 2856 3322 ihid.,
2891 3257 3059 3313 multa
3085 3258 3342 3312 instantia
3371 3267 3420 3312 et
3444 3273 3562 3311 cer-

290 3363 467 3408 tamen
490 3352 587 3406 viri
617 3351 1015 3420 prudentissimi
1032 3359 1081 3404 et
1101 3350 1485 3421 religiosissimi
1510 3351 1781 3420 hegumeni
1812 3370 1874 3405 ac
1905 3369 2180 3408 sacrorum
2211 3368 2459 3406 vasorum
2508 3353 2743 3406 custodis
2769 3349 3106 3420 Theognosti,
3131 3349 3225 3419 qui
3249 3348 3312 3403 de
3345 3348 3560 3417 pietatis

289 3450 474 3497 vestra
503 3440 781 3493 virtutibus
807 3448 853 3490 et
878 3437 1228 3506 probabilium
1256 3454 1462 3491 morum
1483 3439 1802 3510 insignibus,
1829 3452 1877 3493 et
1900 3450 2215 3511 tropworum
2249 3441 2529 3510 triumphis
2565 3480 2580 3506 ,
2607 3449 2762 3510 atque
2791 3439 2856 3493 de
2873 3438 3242 3507 beneﬁciorum
3270 3448 3561 3494 vestrorum

289 3532 374 3599 pie
407 3529 509 3583 sibi
542 3527 900 3596 pra’stitorum
933 3523 1275 3578 multitudine
1309 3541 1403 3579 nos
1426 3523 1715 3591 plurimum
1760 3527 2010 3582 relatione
2047 3547 2145 3582 sua
2181 3529 2495 3598 larti/icarit,
2533 3537 2582 3581 et
2618 3527 2851 3597 qualiter
2894 3526 3076 3580 diebus
3110 3523 3301 3580 vestris
3334 3540 3561 3593 superno

289 3616 510 3674 brachio
536 3626 690 3685 atque
713 3614 890 3668 studio
917 3623 968 3667 et
997 3613 1242 3675 solertia,
1269 3622 1442 3668 vestra
1468 3613 1850 3669 Christianitas
1866 3629 2222 3686 prosperetur,
2244 3632 2521 3676 enarrans,
2555 3614 2624 3666 ad
2650 3613 2990 3667 multimodas
3021 3612 3206 3666 laudes
3227 3611 3285 3667 S.
3312 3609 3563 3665 Trinitati

290 3705 583 3761 reddendas
609 3746 625 3764 ,
656 3709 705 3756 et
737 3703 943 3772 gratias
970 3701 1263 3754 alacriores
1303 3701 1545 3756 exhibuit
1588 3703 1657 3756 ad
1687 3703 1958 3770 postulata
2004 3705 2256 3758 divinitus
2291 3703 2575 3757 muniendo
2602 3702 2826 3771 imperio
2855 3711 3021 3755 vestro
3068 3698 3421 3766 concedenda,
3461 3713 3556 3754 nos

292 3809 458 3863 supra
487 3793 700 3844 inodum
723 3789 1103 3859 eﬂlagitauerit,
1129 3802 1179 3842 et
1222 3790 1362 3842 ultra
1398 3807 1558 3858 quam
1588 3791 1695 3844 dici
1723 3792 1907 3859 possit,
1933 3793 2092 3847 solito
2117 3802 2165 3847 ct
2201 3795 2374 3859 prisco
2405 3809 2568 3854 more,
2603 3807 2665 3843 ac
2698 3807 2793 3860 pro
2823 3787 3199 3843 ecclesiasticis
3236 3787 3561 3841 utilitatibus

293 3882 591 3949 frequenter
621 3877 853 3946 impenso
877 3877 1070 3929 crebris
1087 3879 1508 3946 suggestionibus
1530 3880 1920 3947 investigaverit
1945 3895 1961 3940 δ
1985 3894 2140 3944 super
2158 3879 2342 3946 quibus
2363 3888 2555 3939 tamen,
2579 3887 2792 3945 propter
2813 3877 2930 3944 ja'n
2966 3875 3297 3944 designatant
3321 3889 3548 3927 causam

294 3974 424 4038 (non
452 3981 575 4021 esse
601 3965 834 4036 partium
867 3963 1076 4019 Nicolsi
1112 3963 1128 4016 l
1162 3964 1392 4019 Romani
1428 3967 1724 4036 pontiﬁcis,
1757 3977 1870 4022 tum
1910 3966 2074 4020 etiam
2100 3981 2202 4019 suo
2247 3963 2414 4017 semel
2449 3963 2595 4017 edito
2625 3965 2874 4026 decreto,
2913 3961 3212 4014 Photianos
3253 3961 3558 4033 damnanti,

290 4054 632 4111 contrarium
667 4051 963 4123 quidquam
991 4052 1310 4124 admittere)
1349 4070 1441 4108 nec
1470 4070 1702 4109 annuere
1728 4069 2032 4124 possumus,
2064 4069 2154 4106 nec
2186 4051 2474 4121 quidquam
2516 4060 2706 4121 praeter
2731 4051 2807 4116 id,
2837 4050 2973 4119 quod
2994 4049 3114 4120 jam
3141 4047 3561 4118 evangelisatum

296 4153 394 4211 est,
421 4143 533 4198 ullo
564 4141 717 4196 modo
751 4141 992 4209 deﬁnire.

959 4267 1291 4306 TIIEOCNOSTI
1335 4269 1566 4308 IONACHI
1601 4269 1821 4309 SCRIPTA
1848 4271 1914 4309 DF.
1939 4268 2104 4308 REBUS
2133 4265 2900 4306 CONSTASTINOI’OLITANORUI.

366 4365 504 4421 Vill.
533 4364 721 4436 lgnatii
748 4365 1339 4434 Constantinopolitani
1373 4365 1721 4436 patriarcha,
1745 4367 1834 4421 cui
1869 4369 1997 4423 sede
2028 4383 2122 4424 sua
2155 4369 2367 4432 deiecto
2396 4369 2694 4435 imperator
2723 4364 2952 4419 Michael
2985 4363 3240 4420 Photium
3265 4380 3560 4420 successo-

297 4474 411 4513 rem
444 4457 611 4514 dedit,
642 4470 862 4509 causam
897 4454 1163 4508 historico
1206 4453 1387 4506 libello
1443 4464 1814 4523 repraesentat,
1841 4457 1926 4526 cu}

1934 4473 1996 4510 us
2029 4456 2311 4526 inscriptio
2347 4475 2360 4512 :
2419 4454 2674 4517 M66133;
2700 4454 2972 4523 περιέχων
3000 4454 3175 4507 πάντα
3207 4452 3274 4504 τὰ.
3303 4454 3444 4505 κατὰ
3471 4452 3561 4507 τὸν

301 4549 475 4621 μέγαν
516 4548 794 4615 ’ἰγνὰτιον,
823 4545 1097 4614 πεμφθεὶς
1123 4544 1258 4614 πρὸς
1288 4544 1553 4598 Νικόλαον
1580 4550 1767 4599 πάπαν
1798 4546 2038 4618 Ῥώμης,
2060 4544 2572 4619 προσωπῡπωηῦεὶς
2594 4544 2698 4597 ὑπὸ
2719 4543 3072 4610 Θεογνώστου
3098 4540 3331 4612 μοναχοῦ
3357 4543 3450 4596 καὶ
3465 4543 3562 4614 ἀρ·

295 4634 646 4710 χιμανδρέτου
663 4635 763 4702 τῆς
792 4631 1172 4701 πρεσϐυτέρις
1210 4631 1454 4703 Ῥώμης,
1495 4635 1591 4686 καὶ
1617 4633 1847 4703 ἐξάρίου
1882 4633 2525 4697 Κωνσταντινουπόλεως,
2557 4633 2634 4694 εἰς
2678 4631 2851 4700 ὄνομα
2894 4630 3158 4697 Ίγνατίου
3207 4627 3302 4683 τοῦ
3366 4647 3562 4700 πατρι-

297 4727 493 4795 άρχου·
533 4722 762 4776 Libellus
791 4723 1062 4774 continens
1093 4729 1259 4774 totam
1296 4723 1474 4792 magni
1507 4722 1707 4792 lgnatii
1739 4741 1975 4787 causam,
2011 4725 2200 4777 missus
2237 4727 2306 4775 att
2341 4719 2624 4774 Nicolaum
2656 4737 2847 4790 papam
2884 4718 3201 4781 Romanum,
3229 4720 3559 4788 conscriptus

299 4829 335 4866 α
360 4811 678 4879 Theoguosto
695 4808 946 4862 monacho
962 4818 1009 4862 et
1029 4811 1446 4864 archimamlrita
1471 4814 1654 4865 veteris
1674 4811 1875 4875 Rama’,
1899 4823 1947 4867 et
1966 4813 2191 4866 ea‘archo
2211 4811 2756 4878 Constantinopoleos,
2778 4810 2986 4863 nomine
3010 4807 3205 4876 lgnatii
3220 4807 3557 4874 patriarchae,

371 4899 462 4952 IX.
496 4899 652 4950 llunc
693 4897 955 4960 libellum,
988 4895 1258 4962 miserias,
1293 4914 1432 4966 quas
1458 4899 1699 4969 lgaatius
1722 4900 1774 4952 in
1815 4900 2010 4955 exsilio
2041 4916 2236 4971 passus
2261 4907 2398 4964 erat,
2433 4897 2654 4952 Ncolao
2683 4896 2699 4950 1
2725 4895 2963 4966 pontiﬁci
2994 4894 3241 4949 Romano
3266 4910 3558 4950 recensen-

303 5001 434 5052 tem,
460 4986 674 5040 orditur
701 4985 770 5040 ab
797 4985 966 5041 initiis
1018 4987 1215 5049 exsilii,
1250 4987 1393 5056 quod
1429 4989 1665 5056 lgnatins
1702 5004 1752 5042 a.
1781 4989 1843 5044 (Σ.
1877 4990 1980 5045 858
2015 4990 2203 5053 subiit,
2235 4987 2494 5042 terminat
2531 4984 2586 5039 in
2614 4983 2764 5040 Actis
2795 4983 3391 5054 Constantinopolitani
3421 4999 3556 5040 con-

302 5077 432 5138 cilii,
471 5074 615 5142 quod
648 5073 914 5142 lgnatium
942 5074 1256 5140 damnavit,
1294 5091 1344 5127 a.
1375 5091 1424 5129 c.
1455 5076 1578 5131 861.

373 5161 440 5214 Χ.
494 5159 700 5217 Prodiit
743 5159 928 5215 Graece
974 5169 1028 5214 et
1065 5160 1255 5216 Latine
1279 5205 1294 5224 ,
1324 5163 1618 5232 interprete
1664 5162 1916 5218 Malthazo
1943 5164 2177 5227 Radere,
2219 5161 2432 5218 concilii
2467 5159 3057 5231 Constantinopolitani
3108 5175 3158 5214 tv
3187 5203 3202 5226 ,
3233 5161 3382 5233 quod
3416 5163 3558 5216 inter

303 5251 634 5304 «eumenien
666 5249 801 5302 solet
831 5259 1085 5302 octavum
1117 5251 1385 5304 noininaii
1407 5292 1423 5316 ,
1467 5253 1615 5307 Actis
1643 5251 1846 5307 Graecis
1902 5253 2216 5322 praemissus
2241 5293 2254 5319 ,
2287 5251 2658 5307 Conciliorum
2720 5261 2854 5306 tom.
2895 5250 3001 5314 VL,
3047 5248 3270 5307 Parisiis
3310 5249 3470 5317 i656,
3503 5251 3558 5304 in

303 5337 402 5392 iui.
435 5356 447 5403 ;
483 5349 629 5392 tomo
670 5335 804 5400 Vill,
839 5336 993 5402 ibid,
1038 5338 1193 5403 1671,
1223 5338 1272 5392 in
1307 5339 1399 5394 fol.
