4134 6336
391 369 393 372 ι
491 335 600 402 887

1923 347 2128 415 ᾹΝΟΝ
2134 350 2232 414 ΥΜ
2243 352 2267 415 Ι

3635 369 3742 433 888

491 459 646 513 canis
681 455 835 512 intres
880 457 1131 530 alligans,
1169 467 1331 532 atque
1388 476 1486 532 per
1523 459 1691 518 horas
1735 461 1921 535 plures
1952 477 2058 521 ten-

2169 471 2296 537 λους
2346 474 2678 549 προσδήσας.
2729 476 2758 530 ό
2814 477 3148 549 σαρκοϐόρος
3195 476 3344 536 κύων
3384 480 3578 538 τούτου
3632 458 3741 540 τῶν

488 548 646 610 deus,
678 547 851 602 virum
883 559 1131 604 sanctum
1167 552 1474 622 torquebat.
1501 550 1641 609 Tum
1671 568 1801 609 vero
1853 554 2058 611 blandi-

2168 561 2371 630 χειρῶν
2396 547 2756 633 ἑκατέρωθεν,
2790 547 2896 618 tut
2915 547 3140 632 militi;
3166 573 3288 634 ταῖς
3317 570 3486 642 ὥραις
3520 574 3739 639 τείνων,

492 638 579 694 tiis
609 654 827 711 quoque
860 643 1037 697 minas
1066 645 1433 713 nequissimus
1462 655 1794 716 temperans.
1833 663 2062 717 persna-

491 731 619 786 dere
669 733 961 798 nitebatur,
1027 745 1086 789 ut
1142 745 1196 790 et
1246 737 1402 792 fidem
1456 748 1698 809 negaret.
1751 737 1824 795 Ut
1879 750 2064 797 autem

489 830 744 876 conatum
777 839 1016 890 omnem,
1048 827 1194 882 velut
1235 828 1280 884 si
1327 832 1519 886 marini
1552 832 1749 892 fluctus
1783 847 1952 906 petra:
1984 838 2065 891 al-

491 912 749 980 Iidantur,
792 915 846 968 in
896 931 1146 986 spumam
1187 919 1410 976 dissolvi
1457 923 1614 992 vidit,
1674 929 1904 983 omnino
1952 929 2064 999 iam

491 1009 731 1063 animum
765 1019 1032 1081 tyrannus
1063 1015 1432 1084 despondens,
1453 1032 1578 1074 eum
1612 1020 1782 1074 miser
1814 1035 1920 1074 una
1937 1037 2061 1075 cum

491 1099 649 1155 l’atre
676 1101 819 1156 intra
839 1119 1110 1159 carcerem
1130 1108 1413 1176 claudens,
1437 1126 1499 1164 ac
1518 1113 1722 1166 ostium
1749 1112 2062 1176 obstructis,

489 1188 706 1242 tandem
731 1200 784 1244 et
804 1191 918 1259 ipse
949 1193 1214 1250 confusus
1241 1199 1526 1254 abscessit.
1561 1199 1705 1254 Sane
1726 1216 1856 1256 vero
1881 1201 2065 1256 videre

490 1289 627 1346 erat,
661 1298 725 1336 ex
754 1286 1040 1340 verberum
1071 1287 1159 1342 illa
1200 1290 1536 1358 carnificina,
1572 1294 1830 1362 martyris
1854 1290 2060 1348 Nimiai

493 1373 735 1435 brachia,
769 1378 904 1431 nihil
945 1380 1127 1436 minus
1175 1382 1416 1439 turribus
1473 1396 1816 1454 exporrecta.
1855 1385 2066 1442 Verbe-

491 1483 610 1519 rum
667 1467 935 1538 siquidem
976 1474 1370 1540 excoriatione,
1435 1490 1500 1532 ac
1552 1475 1759 1532 funium
1815 1481 2063 1536 tensione

487 1555 737 1611 distentis
801 1560 1004 1626 nervis,
1051 1563 1213 1633 vique
1262 1574 1408 1621 tanta
1449 1583 1479 1620 a
1546 1569 1781 1623 naturali
1836 1570 2062 1624 interius

489 1656 639 1703 motu
677 1651 964 1717 prohibitis
997 1652 1356 1725 defectisque,
1378 1657 1597 1727 iacebat
1623 1675 1725 1716 ceu
1771 1675 1934 1731 grave
1961 1661 2057 1715 ali-

486 1741 629 1807 quod
657 1757 798 1796 onus
824 1754 1036 1812 portatu
1072 1747 1312 1813 difﬁcile,
1341 1753 1714 1820 spectaculum
1749 1754 2058 1810 miserabile

486 1835 891 1902 inspectantibus
912 1834 965 1890 in
998 1841 1178 1896 crucis
1209 1843 1429 1897 modum
1468 1843 1771 1915 rigentibus
1814 1848 2053 1914 lacertis,
2091 1823 2128 1876 Β

487 1925 664 1993 palam
697 1927 953 1982 omnibus
992 1929 1190 1986 factus.
1229 1932 1397 1989 Plane
1435 1951 1563 1991 vero
1617 1953 1908 1995 mansurus
1940 1949 2058 1994 erat

484 2033 544 2066 ι-ει
582 2018 828 2085 corporis
856 2019 1233 2086 dispositione,
1267 2026 1368 2080 nisi
1405 2029 1622 2082 tandem
1679 2034 1936 2087 custodes
1963 2048 2060 2102 pa-

483 2121 604 2160 rum
634 2108 837 2179 aliquid
891 2111 1164 2170 fet'itatem
1198 2119 1369 2173 animi
1429 2122 1764 2192 mitigantes,
1805 2141 1928 2180 cum
1957 2142 2058 2181 na-

486 2213 620 2258 tura:
650 2206 759 2260 vim
789 2220 1139 2278 superantem
1170 2214 1487 2271 violentiam
1518 2220 1910 2290 perspicerent,
1934 2237 2057 2277 cum

485 2314 625 2366 aqua
674 2302 873 2371 tepida,
903 2304 1118 2374 adipem
1144 2322 1364 2376 quoque
1418 2311 1624 2377 petenti
1660 2314 1863 2382 saepius
1913 2314 2058 2371 Patri

485 2391 770 2448 Theodoro
819 2396 891 2450 ob
921 2396 1184 2466 inopiam,
1230 2402 1610 2467 praebuissent.
1658 2403 1731 2470 Is,
1786 2406 2061 2476 adjunctis

487 2483 759 2552 precibus,
801 2487 1025 2557 spongia
1072 2490 1265 2544 leuiter
1318 2490 1659 2558 demulcens.
1703 2510 1768 2550 ac
1814 2497 2062 2566 quotidie

486 2579 671 2647 plagas
695 2577 966 2645 oblincns,
1016 2584 1205 2651 paucis
1245 2583 1458 2650 diebus,
1512 2586 1874 2644 insanabilem
1909 2590 2058 2644 illum

485 2686 749 2725 manuum
778 2672 1018 2727 dolorem
1041 2675 1312 2736 dissolvit,
1345 2691 1409 2732 ac
1430 2678 1674 2748 perfecta
1725 2681 2058 2752 discipulum

485 2763 717 2817 sanitate
743 2763 982 2820 donavit.
1018 2765 1121 2820 Sed
1165 2777 1217 2820 et
1250 2768 1367 2839 Ipse
1409 2772 1773 2828 nihilominus
1819 2791 2056 2846 magnus

485 2854 739 2911 Nicolans
769 2857 1005 2928 idipsnm
1047 2859 1151 2929 pia:
1197 2863 1502 2920 curationis
1530 2865 1692 2922 ofﬁcii
1728 2867 1875 2922 Patri
1907 2869 2060 2922 exhi-

490 2948 667 3012 hchat,
693 2959 971 3005 cmnrtnas
1004 2962 1398 3010 tormentorum
1439 2956 1490 3011 vi
1519 2971 1750 3022 carnes,
1782 2973 1846 3014 ac
1885 2958 2061 3013 instar

489 3042 741 3097 mandilis
778 3046 1072 3112 pendentes
1100 3061 1132 3101 a
1165 3063 1418 3117 corpore,
1480 3051 1655 3119 perite
1706 3050 2058 3116 abscindens,

486 3148 550 3185 ac
579 3134 728 3187 ontni
756 3144 908 3204 parte
944 3134 1123 3192 Patris
1151 3153 1343 3192 curam
1377 3155 1594 3210 gerens.

553 3224 699 3292 Quas
727 3242 855 3280 vero
882 3242 944 3281 ac
973 3239 1206 3296 quantas
1229 3234 1582 3288 necessitates
1612 3243 1724 3287 toto
1747 3234 1840 3288 illo
1884 3233 2056 3288 trien-

487 3319 560 3372 nii
594 3320 772 3388 Spatio
807 3322 1169 3388 pertulerint,
1207 3333 1439 3392 angusto
1478 3325 1569 3379 illo
1601 3341 1666 3380 ac
1711 3327 2056 3382 tenebricoso

483 3409 688 3464 detenti
713 3410 951 3464 carceris
982 3411 1202 3480 angulo,
1229 3428 1294 3465 ne
1317 3412 1421 3466 dici
1445 3412 1664 3482 quidem
1696 3412 1852 3466 facile
1869 3420 2053 3483 queat.

481 3501 618 3558 Nam
642 3501 786 3573 quis,
813 3519 966 3572 rogo,
993 3505 1153 3557 etiam
1188 3507 1348 3574 paulo
1382 3506 1623 3575 plenius,
1657 3520 1776 3559 eam
1811 3505 2057 3574 corporis

485 3595 816 3651 inflationem
851 3596 1147 3659 describat,
1175 3615 1295 3665 qum
1325 3613 1390 3651 ex
1423 3599 1710 3654 tormentis
1730 3636 1746 3661 ,
1777 3615 1902 3654 vere
1930 3615 2058 3668 gra-

485 3688 568 3740 ris
599 3688 688 3741 illa
716 3703 782 3743 ac
815 3688 1113 3751 incuriosa,
1147 3691 1354 3744 sam-tis
1385 3690 1619 3745 accidit?
1649 3690 1854 3745 Nedum
1907 3691 2056 3745 enim

482 3788 676 3834 contra
736 3780 911 3835 solum
976 3779 1221 3851 iniquum
1305 3783 1689 3850 imperatorem
1752 3783 2059 3853 impiosque

484 3869 768 3941 praefectos
810 3872 1191 3938 decertabant,
1249 3889 1433 3927 verum
1478 3874 1642 3929 etiam
1685 3874 1788 3943 ipsi
1835 3889 2057 3944 quoque

487 3966 588 4036 legi
630 3975 836 4020 natura:
874 3966 982 4020 vim
1015 3964 1352 4030 inferebant,
1389 3967 1764 4035 depugnantes
1797 3967 2058 4022 adversus

482 4061 681 4114 fantem
713 4069 766 4114 et
789 4060 969 4124 sitim,
1001 4059 1284 4129 frigusque
1310 4074 1374 4114 ac
1406 4060 1730 4114 nuditatem.

552 4149 630 4207 Ac
665 4168 818 4216 sane,
856 4168 981 4207 eum
1022 4167 1128 4206 non
1181 4152 1456 4208 modicum
1497 4152 1887 4223 pereﬂluxisset
1917 4163 2056 4210 tem-

483 4246 634 4316 poris
681 4246 947 4314 spatium,
990 4245 1227 4309 iterum,
1269 4244 1503 4297 crudelis
1550 4246 1842 4313 imperator
1885 4249 1955 4302 ab
1990 4263 2060 4303 eo

483 4343 604 4396 loco
634 4341 698 4394 ad
733 4340 979 4409 Smyrna:
1021 4338 1362 4406 metronolim
1400 4337 1631 4391 traducit
1669 4355 1682 4391 :
1719 4353 1860 4405 quos
1898 4356 2059 4394 esce-

481 4443 677 4502 pernnt
710 4431 958 4486 custodia
995 4440 1159 4498 atque
1193 4431 1417 4482 verbera
1439 4469 1453 4492 ,
1506 4431 1776 4498 ambuquc
1809 4433 2058 4504 utrisque

2169 654 2332 706 αὐτὸν
2357 655 2697 720 ἐϐασάνιζεν.
2727 653 2860 712 Εἶτα
2902 661 2996 713 καὶ
3046 660 3313 726 θωπείαις
3357 666 3459 726 τὰς
3504 662 3738 731 ἀπειλὰς

2167 747 2562 818 προσμιγνύων
2614 750 2645 802 ό
2680 749 2948 820 ἔχθιστος.
2993 753 3347 822 μεταπείθειν
3378 755 3595 826 ἐπείρα,
3640 759 3734 812 καὶ

2164 839 2266 907 τὴν
2300 839 2484 894 πίστιν
2517 841 2864 913 ἐξόμνυσθαι.
2908 845 2994 906 Ὠς
3027 844 3084 898 δὲ
3116 847 3253 917 πρὸς
3283 846 3489 918 πέτραν
3521 849 3736 919 κρούων

2167 928 2469 984 θαλαττίων
2496 932 2653 1004 δίκην
2679 934 2940 1004 κυμάτων
2966 936 3047 1001 είς
3083 937 3255 1006 ἀφρὸν
3282 937 3543 1001 διελύετο,
3576 942 3734 993 ἀπει-

2168 1020 2357 1091 ρηκὼς
2402 1023 2485 1086 είς
2519 1022 2667 1078 ἅπαν
2711 1024 3047 1097 ὁτύραννος,
3083 1026 3252 1080 κλείει
3303 1029 3400 1082 σὺν
3451 1030 3529 1099 τῷ
3564 1030 3736 1101 "arpi.

2164 1112 2265 1180 τῆς
2300 1113 2524 1185 εἱρκτῆς
2560 1113 2712 1169 ενδον
2737 1116 2838 1183 τὴν
2866 1117 3037 1187 θύραν
3067 1119 3387 1190 ἀναφράξας
3425 1122 3453 1173 ό
3481 1120 3735 1183 δείλαιος,

2165 1205 2259 1258 καὶ
2309 1207 2765 1279 κατῃσχυμμένος
2794 1208 3001 1271 λοιπὸν,
3039 1209 3132 1261 καὶ
3181 1209 3341 1273 αὐτὸς
3374 1209 3733 1278 ἀπελήλυθεν.

2176 1296 2273 1351 Ἐκ
2296 1296 2360 1369 δὴ
2401 1295 2495 1351 τοῦ
2521 1298 2765 1352 τοιούτου
2789 1298 3024 1371 δαρμοί
3051 1295 3118 1370 ἦν
3149 1301 3277 1353 ίδετν
3307 1301 3434 1363 τοὺς
3463 1300 3556 1352 τοῦ
3593 1300 3736 1369 μάρ-

2162 1406 2327 1458 τυρος
2362 1389 2631 1444 Νικολάου
2663 1390 2952 1462 βραχίονας
2979 1396 3337 1462 κεκαυμένων
3377 1393 3554 1446 δαλῶν
3583 1393 3737 1446 οὐδὲν

2163 1481 2472 1545 ἐλάττονας.
2510 1484 2588 1554 Τῇ
2619 1483 2727 1536 τῶν
2766 1484 3045 1554 μαστίγων
3078 1485 3186 1553 γὰρ
3225 1483 3501 1554 ἐκδάρσει,
3538 1484 3628 1536 καὶ
3667 1485 3732 1554 τῇ

2165 1579 2316 1628 τάσει
2343 1575 2450 1628 τῶν
2479 1574 2661 1629 κάλων
2699 1575 3070 1630 τανυσθέντων
3099 1577 3205 1630 τῶν
3233 1576 3461 1646 νεύρων,
3507 1575 3598 1646 βίᾳ
3631 1575 3734 1644 τῆς

2164 1670 2402 1738 φυσικῆς
2445 1669 2580 1738 πρὸς
2625 1669 2694 1722 τὰ
2739 1668 2884 1722 ἔνδον
2941 1668 3365 1739 ἀπαρνηθέντων
3420 1671 3688 1738 κινήσεως
3713 1678 3736 1727 .’

2163 1760 2341 1813 ἔκειτο
2374 1762 2570 1830 φόρτος
2604 1761 2793 1830 ῶσπερ
2825 1761 3249 1822 δυσδὰστακτος,
3288 1759 3469 1828 θέαμα.
3501 1757 3734 1811 ἐλεεινὸν

2161 1857 2272 1916 τοῖς
2299 1853 2467 1925 ὁρῶσι
2499 1853 2890 1925 σταυροτύπως
2923 1853 3411 1922 θριαμϐευόμενος.
3442 1851 3550 1904 Καὶ
3581 1850 3733 1919 ἔμει-

2161 1965 2252 2000 νεν
2302 1948 2367 2002 ἂν
2414 1950 2478 2018 τῇ
2528 1949 2706 2018 τοιᾷδε
2756 1946 2904 2000 θέσει
2956 1946 3449 2018 σχηματιζόμενος,
3481 1944 3529 1996 ει
3569 1942 3734 2013 μὴτὸ

2162 2038 2427 2110 θηριῶδες
2481 2038 2677 2109 μικρὸν
2713 2038 2762 2091 oi
2813 2037 3053 2108 φύλακες
3103 2034 3542 2100 ὑπαλλάξαντες,
3595 2034 3741 2102 ὑπὲρ·

2159 2129 2259 2199 τὴν
2304 2127 2464 2196 φύσιν
2498 2127 2838 2200 καθορῶντες
2872 2127 2973 2196 τὴν
3009 2125 3131 2196 βίαν
3165 2125 3331 2178 οὖσαν
3363 2125 3463 2192 τῆς
3495 2122 3736 2191 φύσεως,

2163 2222 2261 2276 σὺν
2293 2220 2448 2276 ὓδατι
2477 2220 2704 2292 χλιαρῷ,
2755 2222 2850 2275 καὶ
2902 2221 3069 2290 στέαρ
3111 2219 3178 2272 δι’
3215 2216 3447 2287 ἀπορίαν
3480 2214 3740 2285 συχνοτέ-

2164 2334 2274 2388 ρως
2302 2315 2544 2371 αἰτοῦντι
2571 2315 2648 2386 τῷ
2671 2317 2847 2386 Πατρὶ
2880 2313 3161 2384 Θεοδώρῳ,
3189 2312 3525 2383 προσένεμον
3547 2326 3558 2339 ’
3587 2310 3644 2370 ὃς
3669 2310 3736 2377 τῇ
3757 2336 3783 2361 ι

2161 2411 2295 2481 εὐχῇ
2324 2411 2422 2463 σὺν
2451 2413 2517 2481 τῇ
2555 2409 2791 2480 σπογγίᾳ
2822 2408 3059 2481 μετρίως
3091 2406 3442 2475 καταψήχων,
3487 2401 3582 2455 καὶ
3615 2399 3738 2453 καθ’

2162 2506 2400 2573 ἑκάστην
2457 2503 2772 2569 ἑπαλείφων
2828 2501 2941 2562 τοῖς
3001 2497 3357 2570 τραύμασιν,
3413 2497 3472 2548 ὲν
3527 2492 3736 2559 ὀλίγαις

2161 2596 2397 2666 ἡμέραις
2442 2594 2542 2664 τὴν
2575 2593 2794 2646 ἀνίατον
2841 2591 3059 2659 ἐκείνην
3091 2591 3201 2643 τῶν
3238 2589 3438 2660 χειρῶν
3469 2584 3738 2656 ἀχθηδόνα

2161 2688 2390 2752 διέλυσε,
2425 2686 2519 2740 καὶ
2550 2686 2650 2754 τὴν
2679 2685 2870 2751 ὑγείαν
2897 2682 3118 2744 τελείως
3151 2680 3227 2750 τῷ
3271 2679 3484 2750 μαθητῇ
3528 2677 3738 2748 ἐδωρή-

2163 2797 2312 2833 σατο.
2355 2777 2516 2832 Ἀλλὰ
2551 2777 2658 2847 μὴν
2689 2778 2784 2829 καὶ
2813 2774 2974 2834 αὐτὸς
3007 2774 3035 2826 ό
3067 2772 3238 2842 μέγας
3271 2771 3538 2829 Νικόλαος
3568 2767 3740 2822 ταυτδ

2158 2869 2238 2943 τῷ
2277 2871 2452 2939 Πατρὶ
2478 2867 2797 2938 θεραπεύων
2827 2865 3096 2933 ἐφαίνετο,
3146 2863 3242 2924 τὰς
3269 2860 3638 2930 νεκρωθείσας
3669 2861 3736 2910 ὲκ

2161 2962 2268 3016 τῶν
2293 2959 2541 3031 βασάνων
2570 2958 2798 3027 σάρκας,
2821 2955 2976 3024 δίκην
3001 2952 3281 3024 μανδήλων
3309 2948 3733 3018 ἐκκρεμαμένας

2160 3053 2349 3108 τούτου
2377 3051 2454 3122 τῷ
2483 3049 2719 3119 σώματι,
2746 3048 2965 3114 εὐφυῶς
2997 3045 3374 3114 κατατέμνων,
3401 3040 3493 3094 καὶ
3523 3052 3728 3093 πανταο

2079 3162 2128 3227 ς
2159 3147 2316 3219 κόθεν
2336 3144 2414 3215 τῷ
2441 3145 2615 3215 Πατρὶ
2643 3141 3119 3213 προμηθούμενος.
3221 3158 3223 3161 ·

2234 3240 2368 3302 Οίας
2405 3239 2461 3291 δὲ
2495 3237 2587 3292 καὶ
2621 3238 2749 3299 ὅσας
2791 3236 3035 3304 ἀνάγκας
3075 3235 3131 3285 ὲν
3168 3232 3312 3294 ὅλοις
3342 3227 3523 3300 τρισὶν
3556 3225 3738 3279 ἔτεσιν

2163 3334 2220 3384 ὲν
2266 3331 2346 3400 τῷ
2406 3329 2667 3401 στενωπῷ
2714 3327 2925 3396 τούτῳ,
2961 3327 3056 3380 καὶ
3087 3323 3313 3393 ζοφώδει
3358 3320 3461 3388 τῆς
3509 3312 3737 3388 εἱρκτῆς

2163 3426 2348 3496 χωρίῳ
2402 3425 2751 3495 ύπήνεγκαν,
2797 3422 2918 3474 ούδέ
2969 3424 3087 3472 ἐστι
3120 3418 3299 3489 ῥᾴδιον
3345 3408 3735 3484 διηγήσασθαι.

2164 3519 2260 3580 Τίς
2289 3516 2398 3586 γὰρ
2429 3517 2495 3571 ἂν
2524 3519 2616 3569 καὶ
2646 3511 2952 3580 διεξοδικῶς
2993 3509 3362 3582 ἀναγράφοιτο
3392 3506 3494 3576 τὴν
3531 3505 3594 3555 ὲκ
3628 3499 3742 3554 τῶν

2167 3611 2415 3680 βασάνων
2461 3607 2822 3676 ὲγγινομένην
2851 3602 3030 3672 δεινὴν
3071 3594 3240 3662 ὄντως
3274 3599 3460 3661 αὐτοῖς
3511 3594 3606 3648 καὶ
3642 3593 3738 3644 ἀν·

2165 3702 2497 3773 επιμέλητον
2528 3699 2622 3753 τοῦ
2653 3698 2904 3768 σώματος
2934 3695 3179 3764 οἴδησινς
3215 3693 3289 3747 Ού
3321 3691 3428 3759 γὰρ
3467 3687 3604 3756 πρὸς
3637 3685 3740 3754 βα·-

2166 3795 2316 3848 σιλέα
2346 3795 2505 3865 μόνον
2530 3792 2868 3862 παράνομον,
2892 3791 2982 3842 καὶ
3010 3788 3145 3857 πρὸς
3164 3783 3440 3844 δυσσεϐεῖς
3464 3779 3738 3850 ἡγεμόνας

2163 3883 2612 3955 ἀντηγωνίζοντοο
2641 3881 2774 3935 ἀλλὰ
2803 3880 2898 3933 καὶ
2926 3879 3061 3949 πρὸς
3088 3877 3249 3932 αὐτὸν
3274 3875 3366 3927 τὸν
3395 3872 3494 3939 τῆς
3525 3870 3741 3939 φύσεως

2164 3979 2329 4047 νόμον
2359 3974 2735 4040 ὲξεσιάζοντο,
2775 3968 2919 4042 λιμῷ
2949 3989 3006 4024 τε
3041 3971 3131 4023 καὶ
3167 3967 3331 4037 δίψει,
3364 3965 3526 4036 ψύξει
3553 3980 3612 4016 τε
3643 3964 3740 4015 καὶ

2164 4068 2462 4138 γυμνότητι
2479 4064 2962 4136 προσπαλαίοντες.

2236 4157 2343 4212 Καὶ
2372 4156 2504 4225 γοῦν
2540 4157 2637 4208 ούκ
2667 4156 2848 4224 ὀλίγου
2881 4153 3074 4225 χρόνον
3113 4150 3594 4223 παριππεύσαντος
3625 4146 3740 4201 διας

2167 4252 2461 4322 πήματος,
2505 4249 2666 4303 πάλιν
2714 4250 2743 4302 ό
2789 4247 3070 4319 μιαιφόνος
3117 4244 3252 4312 ἄναξ
3302 4245 3438 4315 πρὸς
3487 4245 3588 4308 τὴν
3637 4240 3739 4308 τῆς

2164 4344 2418 4413 Σμύρνης
2443 4341 2652 4394 ἐκεῖθεν
2680 4339 3012 4412 μητρόπολιν
3043 4337 3399 4410 μετατίθησιν
3421 4354 3435 4370 ο
3464 4334 3653 4405 εἱρκτὴ
3679 4332 3738 4386 δὲ

2166 4436 2388 4500 τούτους
2411 4437 2504 4490 καὶ
2531 4435 2790 4504 μάστιγες
2807 4433 3102 4502 διεδέχοντο
3122 4471 3134 4491 .
3161 4427 3255 4486 καῖ
3276 4430 3416 4499 ξύλῳ
3438 4427 3558 4483 κατ’
3572 4426 3744 4496 ἄμφω

489 4527 715 4592 pedibus
757 4526 902 4594 ligno
951 4524 1178 4577 revinrti
1222 4533 1396 4577 erant.
1446 4522 1582 4577 Cum
1639 4534 1818 4578 autent
1864 4527 2054 4597 viginti

2163 4530 2238 4584 τὼ
2270 4529 2398 4583 πόδε
2421 4528 2832 4600 καθείργνυντο.
2865 4525 3053 4582 Εἴκοσι
3081 4524 3137 4578 δὲ
3168 4525 3303 4597 μησὶ⁸
3331 4524 3445 4593 (l9)
3471 4523 3575 4577 κάν
3607 4521 3739 4591 τῇδε

1639 4662 1885 4720 FRANC.
1919 4665 2302 4725 COMBEFISII
2333 4666 2570 4725 NOTAE.

489 4811 668 4873 factas,
713 4805 901 4876 quibus
953 4805 1087 4859 servi
1135 4804 1398 4860 verberari
1447 4805 1707 4859 solebant.
1759 4806 1830 4862 Ut
1873 4819 2055 4867 autem

485 4880 734 4948 rorrigia:
768 4878 820 4929 itt
854 4877 1062 4942 flagella
1088 4878 1374 4937 cedebant,
1411 4877 1483 4948 ita
1516 4876 1678 4948 etiam
1707 4877 1761 4948 iu
1799 4880 2051 4948 cingula;

483 4947 682 5019 vixque
720 4951 1065 5019 coruumuior
1104 4948 1206 5001 alia
1260 4947 1483 5000 materia
1537 4947 1912 5019 cingulorum.
1958 4951 2054 5006 hli-

485 5017 638 5074 uhael
677 5022 743 5072 de
773 5018 978 5071 Nicolai
1029 5017 1253 5087 ﬂagellis
1286 5019 1404 5072 istis
1441 5019 1511 5071 ita
1541 5019 1791 5087 _scribit:
1837 5018 2056 5075 Transit

483 5093 601 5145 inde
646 5105 828 5142 rursus
865 5090 932 5141 ad
972 5085 1277 5153 Nicolaum,
1314 5098 1462 5140 ratus
1511 5085 1662 5140 illum
1696 5101 1912 5158 propter
1943 5109 2056 5146 ver-

483 5166 608 5215 bera
653 5159 947 5213 mollierant
998 5159 1238 5228 factum:
1297 5160 1566 5228 verbisque
1621 5162 1930 5226 asperrimis
1986 5163 2056 5216 ad

483 5247 760 5284 sacrarunt
794 5232 1085 5296 imaginum
1151 5231 1492 5298 magistrith
1523 5229 1870 5297 ejuratinnem
1901 5233 2056 5286 insti-

483 5312 596 5370 gat.
633 5300 700 5355 Ut
733 5317 847 5353 vero
881 5300 1150 5368 fortiorem
1178 5299 1328 5370 illam
1354 5317 1510 5367 quant
1543 5317 1699 5353 antea
1729 5317 1840 5354 esse
1867 5305 2050 5368 sensit,

483 5369 600 5425 tum
625 5372 752 5424 loris
787 5373 1029 5432 intextis,
1061 5369 1447 5438 numinibusque
1485 5387 1661 5423 recens
1696 5374 1908 5435 emrisis,
1939 5391 2055 5428 ma-

485 5461 585 5496 nus
615 5459 675 5495 ac
694 5443 868 5509 pedes,
913 5441 1273 5510 reliquumque
1309 5457 1496 5508 corpus
1521 5442 1812 5496 dilaniatis.
1841 5443 2047 5497 iteratis

483 5514 653 5582 plagis
677 5514 1008 5577 exulceratis,
1034 5512 1128 5564 sub
1160 5511 1249 5564 dio
1278 5512 1353 5566 sic
1382 5511 1631 5579 affectum
1664 5512 1929 5580 relinquit.
1958 5516 2048 5570 Sic

487 5596 783 5651 interpres;
813 5593 973 5652 atque
1009 5593 1066 5636 ut
1098 5583 1234 5636 satis
1275 5590 1553 5635 auctorem
1590 5583 1800 5646 reddat,
1836 5585 2043 5639 clarum

484 5654 736 5706 videatur
783 5657 1057 5720 quodnam
1111 5653 1307 5719 ﬂagelli
1365 5668 1538 5723 genus
1587 5655 1921 5723 appellatum
1974 5658 2046 5710 sit

489 5725 657 5842 ρέκα·
693 5726 834 5791 quod
881 5725 1140 5777 nimirum
1184 5724 1388 5777 intexta
1419 5722 1535 5776 lora
1569 5722 1696 5778 eum
1746 5725 2044 5782 viminibus

509 5795 739 5842 .aberet:
769 5811 1080 5842 unannnnm
1110 5793 1289 5842 adhuc
1319 5795 1612 5842 ohsmtrnm
1641 5804 1874 5842 maneat-
1908 5812 2042 5842 nun.

509 5795 740 5859 iuberet;
769 5811 1080 5864 quanquam
1110 5793 1289 5850 adhuc
1319 5795 1612 5850 obscurum
1641 5804 1875 5861 maneat,
1908 5812 2042 5866 qun-

2160 4809 2328 4867 modo
2379 4808 2628 4885 lora_i|la
2673 4808 2934 4885 haberent
2970 4805 3036 4861 ad
3072 4805 3303 4867 vimina,
3334 4819 3433 4885 nec
3465 4804 3613 4858 enim
3659 4801 3732 4885 ita

2162 4883 2410 4950 utrisque
2441 4881 2655 4933 videtur
2694 4880 3202 4950 concinnatttm,_ut
3237 4876 3462 4950 perinde
3500 4891 3621 4950 cum
3655 4876 3735 4928 vi-
3776 4941 3778 4943 _

2162 4947 2333 5007 tniua'
2363 4962 2473 5005 tum
2530 4950 2659 5028 lora
2699 4953 2988 5028 caederent.
3033 4948 3127 5002 sed
3165 4947 3366 5028 potius_
3399 4954 3457 4998 ut
3501 4947 3732 5028 alterum

2161 5023 2467 5091 colligando
2502 5022 2685 5085 alteri,
2735 5038 2798 5075 ac
2831 5021 2980 5074 velut
3024 5018 3405 5091 componendo
3435 5017 3734 5091 manubrio

2160 5088 2413 5155 serviret,
2463 5093 2569 5168 nisi
2612 5093 2785 5168 _etiam
2827 5089 3079 5153 Michael,
3117 5103 3214 5142 seu
3262 5088 3381 5168 ejus
3435 5088 3730 5168 interpres,

2160 5166 2271 5219 dno
2299 5164 2432 5218 dicit
2467 5163 2804 5230 flagellorum
2839 5177 3062 5231 genera,
3106 5169 3165 5212 ut
3195 5169 3248 5213 et
3280 5160 3433 5221 loris.
3471 5168 3526 5211 et
3553 5160 3735 5231 _virgis

2166 5251 2258 5289 seu
2292 5228 2587 5288 viminibus
2625 5228 2865 5286 scorsiui
2895 5231 3152 5285 Nicolans
3196 5245 3372 5285 caesus
3420 5231 3516 5284 sit.
3542 5228 3730 5282 Gra'ca

2165 5309 2304 5359 forte
2355 5305 2630 5359 Michaelis
2684 5305 2858 5357 lucem
2911 5302 3102 5356 aﬂ‘crrc
3152 5313 3394 5369 possent,
3455 5309 3511 5353 ut
3569 5299 3733 5352 modo

2162 5385 2534 5443 suppeterent.

2230 5439 2342 5518 (t9)
2389 5445 2616 5518 Michael
2660 5445 2863 5518 relatus
2897 5459 2927 5499 a
2956 5442 3195 5518 Baronio
3224 5458 3377 5518 anu;
3403 5439 3531 5499 820,
3565 5455 3622 5493 n.
3674 5439 3731 5518 ti,

2157 5512 2407 5570 nonnihil
2440 5516 2654 5569 brevius
2714 5516 2950 5581 spatium
2998 5512 3264 5583 Smyrnaei
3302 5513 3450 5566 illius
3489 5513 3733 5583 carceris

2156 5588 2375 5640 videtur
2409 5586 2710 5653 assignare,
2741 5601 2865 5639 cum
2895 5585 2963 5638 ita
2998 5585 3075 5636 ait
3105 5582 3125 5638 7:
3160 5582 3360 5638 Christi
3399 5599 3519 5637 vero
3553 5582 3736 5650 famu-

2152 5659 2258 5718 lus.
2296 5673 2489 5710 annum
2517 5659 2778 5724 integrum
2813 5672 2874 5706 ac
2909 5654 3192 5708 dimidium
3245 5655 3488 5724 Smyrna:
3538 5653 3733 5720 degens

2151 5733 2206 5778 in
2245 5744 2476 5786 carcere,
2539 5727 2788 5780 alacriter
2827 5728 3004 5778 omnia
3040 5742 3155 5778 cum
3193 5727 3488 5793 gratiarum
3525 5725 3733 5777 actione

2149 5798 2463 5866 perferebat,
2486 5813 2788 5866 generosum
2817 5799 3053 5851 animum
3085 5796 3244 5852 nullis
3271 5797 3522 5850 molestiis
3550 5795 3731 5864 [ταυτῃί
