4094 6284
494 365 602 430 921
1523 361 1583 422 S.
1622 358 2010 423 IOSEPHUS
2047 353 2702 419 HYMNOGRAPHUS.
3629 348 3743 414 928

499 472 649 528 haud
678 476 957 542 pateretur
988 487 1002 525 :
1035 468 1165 525 hinc
1185 467 1468 525 discedere
1490 477 1716 523 coactus
1736 467 1802 521 ad
1835 465 2188 536 gravissimas
2211 479 2301 520 res
2316 459 2789 530 Constantinopoli
2819 459 3254 529 pertractandas,
3289 458 3524 514 cmnobii
3555 462 3746 516 mode-

495 569 729 614 ratorem
762 559 922 614 enixe
951 558 1180 628 rogavit,
1211 565 1270 611 ut
1297 553 1594 624 Iosephum
1646 553 1859 608 itineris
1900 552 2109 606 socium
2151 551 2490 622 adjungeret.
2523 557 2578 604 et
2600 550 2816 604 tandem
2873 548 3130 602 obtinuit.

565 663 1098 732 Constantinopolim
1124 664 1385 732 appulsus
1419 658 1715 728 Iosephus,
1751 657 2078 729 Gregorium
2109 659 2374 712 continuo
2417 655 2659 720 intuens,
2713 668 2930 708 omnem
2968 654 3093 707 vitae
3115 667 3230 707 sum
3285 650 3557 705 rationem
3599 650 3656 705 in
3685 667 3747 707 se

498 754 732 808 ﬁdeliter
768 751 1070 808 transferre
1101 752 1352 815 curabat,
1415 765 1481 805 ac
1510 749 1677 804 vitam
1707 749 1889 815 potius
1920 747 2226 816 angelicam
2260 762 2424 816 quam
2484 747 2782 799 humanam
2831 743 3173 796 traducebat.
3220 741 3358 794 Cum
3408 748 3593 794 autem
3637 739 3745 796 Leo

498 843 631 910 (non
679 841 974 905 Isauricus,
1005 848 1064 894 ut
1093 840 1258 894 habet
1311 837 1430 894 Vita
1466 837 1525 892 S.
1554 835 1774 906 Iosephi
1831 834 1974 903 apud
2019 833 2307 889 Octavium
2342 835 2666 898 Cat-talium,
2696 843 2832 887 tom.
2889 830 2932 884 ll
2991 828 3242 883 Sunctor.
3277 828 3506 882 Siculor.
3541 843 3592 898 p.
3646 829 3735 892 ιϐ.

494 931 589 986 sed
620 934 912 994 Armeuus,
947 940 1006 984 ut
1031 932 1185 1000 juxta
1227 928 1487 997 temporis
1531 931 1770 997 epochas
1811 935 1955 980 recte
2004 925 2294 979 advertunt
2335 921 2666 977 Godelridus
2699 919 3079 974 Henschenius
3132 925 3188 970 et
3242 915 3427 970 Daniel
3472 917 3741 985 Papehro-

493 1018 653 1073 chius
685 1020 738 1072 in
779 1020 922 1074 Actis
963 1019 1063 1073 SS.
1098 1018 1133 1074 3
1195 1018 1422 1087 Aprilis.
1454 1017 1508 1070 in
1542 1026 1841 1070 comment.
1875 1012 2077 1084 pnevio
2106 1011 2172 1066 ad
2201 1009 2379 1065 Vitam
2422 1007 2728 1076 S.Iosephi,
2757 1006 2785 1078 §
2818 1007 2923 1090 l,p_.
2948 1005 3158 1068 9.66,'et
3181 1005 3234 1057 in
3268 1001 3521 1058 annotat.
3553 1002 3739 1073 p.273)

495 1104 933 1161 immanissimus
956 1104 1596 1174 Constantinopolitanae.
1627 1104 1948 1173 imperator,
1979 1114 2182 1154 vesana
2214 1097 2363 1152 rabie
2394 1097 2446 1150 in
2469 1111 2656 1148 sacras
2687 1095 2953 1164 imagines
2994 1108 3297 1162 earumque
3341 1093 3588 1148 cultores
3642 1107 3746 1146 sa:-

495 1191 655 1253 viret,
688 1189 748 1248 S.
775 1191 1092 1262 Gregorius,
1129 1191 1476 1259 imperatoris
1531 1189 1703 1244 furori
1739 1206 1798 1244 se
1817 1203 2120 1258 opponens,
2171 1186 2386 1256 publice
2441 1183 2768 1238 catholicam
2799 1182 2957 1236 ﬁdem
2990 1181 3352 1252 propugnavit
3379 1196 3400 1235 :
3438 1179 3567 1234 hinc
3601 1195 3745 1233 non-

498 1279 631 1332 nulli
684 1279 783 1333 viri
824 1281 1061 1350 religiosi
1091 1280 1156 1333 ad
1183 1279 1530 1350 Gregorium.
1580 1288 1840 1346 tanquam
1899 1278 1963 1332 ad
2002 1278 2121 1331 ﬁdei
2169 1275 2427 1341 athletam
2462 1273 2861 1343 confugientes,
2921 1273 3123 1340 saepius
3176 1271 3514 1335 institerunt,
3548 1280 3607 1323 ιιι
3637 1268 3750 1324 Ro-

497 1381 642 1419 mam
684 1367 749 1419 ad
787 1382 1061 1421 summum
1090 1364 1405 1419 Pontiﬁcem
1436 1365 1494 1417 S.
1524 1363 1824 1434 Iosephum
1855 1366 2121 1427 mitteret,
2149 1365 2237 1417 cui
2271 1362 2527 1418 Ecclesiae
2569 1361 2910 1417 calamitates
2934 1376 2998 1416 ae
3028 1360 3266 1415 lidelium
3299 1359 3539 1428 pericula
3579 1374 3752 1429 expo-

497 1463 670 1519 neret,
704 1453 936 1523 ideoque
963 1466 1145 1508 noster
1174 1451 1446 1523 Iosephus
1478 1452 1726 1523 Gregorii
1763 1453 1919 1522 jussu
1965 1453 2192 1506 Romam
2226 1453 2556 1508 veliﬁcavit:
2589 1460 2646 1504 at
2695 1451 2750 1504 in
2800 1451 2995 1505 itinere
3025 1467 3052 1503 a
3085 1450 3274 1520 piratis
3313 1465 3624 1521 aggressus,
3650 1464 3747 1502 ca-

495 1541 679 1610 ptivus
705 1542 758 1595 in
779 1543 996 1596 Cretam
1031 1542 1265 1597 insulam
1291 1541 1562 1596 adductus
1596 1550 1698 1604 est,
1737 1542 1824 1594 ubi
1859 1543 1910 1594 in
1947 1541 2162 1594 vincula
2213 1540 2514 1610 eoojectus,
2541 1539 2778 1595 obscuro
2805 1538 3012 1594 carceri
3063 1538 3426 1608 mancipatur.
3465 1537 3574 1592 Sed
3606 1538 3754 1592 inter

495 1641 720 1683 catenas
754 1631 1012 1700 gestiens,
1042 1630 1314 1684 sociorum
1345 1629 1639 1699 languores
1672 1615 1879 1684 méllita
1910 1628 2245 1698 eloquentiae
2269 1629 2319 1683 vi
2349 1629 2682 1686 etnolliebat.
2708 1642 2772 1681 ac
2795 1627 2849 1680 in
2873 1624 2996 1680 ﬁdei
3025 1625 3332 1681 constantia
3361 1625 3748 1682 conﬁrmabat.

498 1715 822 1784 Episcopum
855 1715 1024 1769 animi
1053 1717 1368 1770 inﬁrmitate
1395 1714 1760 1778 laborantem,
1794 1715 1886 1785 qui
1915 1725 1973 1768 ut
1998 1729 2103 1768 sea
2143 1715 2426 1772 laboribus
2472 1717 2710 1788 eriperet
2757 1716 2824 1769 ad
2853 1717 3156 1788 imaginum
3212 1723 3591 1785 contemptum
3631 1702 3748 1784 jam

498 1804 891 1872 propendebat.
920 1803 995 1857 ita
1029 1803 1327 1871 roboravit,
1362 1813 1422 1858 ut
1494 1820 1599 1873 pro
1629 1802 1831 1857 Christi
1866 1803 1970 1858 ﬁde
2017 1817 2084 1857 ac
2115 1803 2418 1876 imaginum
2465 1806 2614 1862 cultu
2645 1805 2967 1874 sanguinem
2994 1803 3324 1874 profundere
3346 1813 3597 1874 paratum
3628 1802 3753 1856 red-

493 1891 712 1946 diderit.
745 1891 1069 1946 Innumeros
1095 1907 1127 1946 e
1158 1891 1360 1946 diaboli
1394 1891 1604 1962 laqueis
1633 1892 1814 1955 solvit,
1853 1908 1916 1947 ac
1939 1891 1994 1945 in
2030 1891 2131 1947 ﬁde
2159 1890 2486 1950 fluctuantes
2518 1893 2773 1957 ﬁrmavit,
2806 1909 3043 1963 quorum
3089 1891 3338 1946 nonnulli
3363 1891 3604 1963 martyrii
3625 1890 3747 1960 pal-

497 1993 640 2032 mam
677 1979 914 2033 assecuti
947 1988 1095 2034 sunt.
1123 1979 1260 2033 Dum
1289 1988 1470 2034 autem
1505 1980 1577 2034 ita
1605 1978 1883 2034 fructuose
1912 1979 2100 2044 vitam,
2130 1983 2232 2036 etsi
2261 1983 2472 2038 catenis
2506 1982 2739 2042 vinctus.
2768 1980 3108 2044 traducebat,
3132 1979 3186 2033 in
3216 1978 3448 2035 natalitii
3481 1977 3747 2033 Dominici

498 2076 682 2128 nocte,
705 2066 1084 2135 spiritualibus
1106 2067 1336 2122 canticis
1375 2068 1637 2136 produt-ta
1668 2081 1841 2136 usque
1858 2067 1923 2121 ad
1943 2067 2067 2138 galli
2101 2080 2347 2136 cantum,
2384 2072 2446 2125 D.
2471 2069 2727 2126 Nicolaus
2761 2068 3029 2140 Myreusis
3048 2083 3170 2125 sese
3213 2067 3566 2140 spectabilem
3592 2064 3744 2130 fecit,

495 2168 560 2206 ac
587 2150 826 2223 Iosepho
861 2154 1152 2218 nuntiavit,
1182 2153 1603 2208 iconomaebutn
1631 2155 2015 2225 imperatorem
2051 2156 2166 2225 jam
2201 2157 2557 2224 defunctum;
2587 2173 2647 2213 se
2693 2167 2876 2212 autem
2936 2154 3477 2227 Constantinopolim
3529 2151 3744 2224 regredi

494 2255 638 2310 opus
665 2257 806 2304 esse,
840 2251 900 2296 ut
919 2243 1131 2298 cmlesti
1154 2243 1422 2311 sapientia
1458 2241 1662 2296 Christi
1692 2243 1876 2299 ﬁdeles
1909 2243 2263 2300 conﬁrmaret
2296 2246 2460 2302 :inde
2489 2246 2655 2300 libelli
2707 2245 2899 2299 folium
2942 2245 3000 2299 in
3033 2259 3096 2299 os
3117 2244 3238 2313 ejus
3261 2243 3513 2304 immisit.
3543 2241 3599 2296 in
3631 2256 3748 2310 quo

499 2328 613 2383 luce
643 2329 959 2399 legebantur
985 2332 1183 2387 verba:
1220 2350 1238 2382 ι
1272 2331 1526 2386 Aceelera
1557 2342 1814 2400 tanquam
1873 2333 2207 2396 misericors,
2263 2345 2319 2388 et
2353 2334 2545 2390 festina
2576 2344 2831 2404 tanquam
2863 2333 3150 2388 miserator
3177 2332 3232 2385 iu
3268 2331 3603 2402 adjutorium
3650 2345 3752 2383 tto-

497 2428 693 2481 struin,
733 2429 884 2488 potes
916 2421 1060 2474 enim
1092 2420 1137 2474 si
1157 2421 1256 2473 vis.
1287 2437 1306 2470 ι
1345 2418 1470 2474 Baio
1503 2434 1627 2472 eum
1660 2417 1986 2474 suavissime
2037 2419 2406 2483 decantasset.
2435 2437 2493 2477 se
2542 2421 2748 2476 ecelesti
2798 2420 3084 2476 dulcedine
3118 2416 3402 2488 perfusum
3444 2415 3638 2481 sensit,
3684 2431 3752 2471 ac

495 2508 850 2574 compedibus
877 2510 1142 2572 solutum,
1172 2516 1226 2562 et
1261 2523 1355 2577 per
1392 2523 1572 2563 aerem
1607 2514 1846 2576 raptum;
1907 2506 2090 2563 statim
2123 2525 2153 2562 a
2190 2509 2251 2562 D.
2292 2508 2515 2562 Nicolao
2552 2508 3087 2576 Constantinopolim
3123 2507 3422 2562 translatus
3453 2515 3559 2561 est.
3599 2503 3742 2558 Cum

494 2592 568 2646 ibi
592 2592 910 2666 Gregorium
935 2595 1045 2664 jam
1069 2595 1385 2650 defunctum
1415 2596 1775 2666 deplorasset,
1809 2599 1860 2649 in
1891 2596 2181 2650 ecclesiam
2207 2596 2265 2648 S.
2309 2595 2535 2649 Ioannis
2567 2594 2942 2664 Clnysostomi
2995 2594 3244 2658 secessit,
3298 2595 3391 2648 ubi
3422 2593 3656 2664 populos
3677 2591 3744 2648 ad

492 2680 778 2738 ecclesiam
815 2684 1150 2739 conﬂuentes
1170 2683 1373 2738 caelesti
1411 2683 1676 2751 sapientia
1742 2683 1997 2748 erudivit,
2022 2692 2074 2737 et
2099 2687 2164 2738 ad
2202 2684 2450 2738 omnium
2502 2683 2852 2737 commodum
2903 2683 3218 2735 emnobium
3265 2683 3561 2745 exstruxit,
3593 2679 3743 2751 quod

495 2773 682 2825 statim
725 2787 1051 2826 numerosus
1083 2771 1459 2842 religiosorum
1515 2784 1691 2824 cretus
1745 2772 2001 2840 explevit.
2057 2773 2291 2839 Accepta
2338 2782 2515 2824 autem
2559 2785 2623 2823 ex
2677 2770 2823 2822 dono
2854 2767 2911 2822 S.
2961 2768 3338 2822 Bartholomzei
3382 2769 3634 2837 reliquia,
3675 2770 3745 2822 ad

495 2857 617 2923 ejus
649 2860 858 2914 cultum
885 2860 1175 2913 ecclesiam
1203 2858 1479 2923 excitavit,
1513 2858 1702 2927 ibique
1727 2859 1933 2928 pluries
1955 2859 2017 2913 S.
2049 2859 2332 2928 apostolus
2374 2857 2724 2926 spectabilem
2750 2854 2989 2923 Iosepho
3031 2854 3326 2907 dormienti
3359 2870 3418 2908 se
3470 2855 3740 2922 exhibuit,

495 2945 658 3014 eique
684 2947 865 3001 abdita
893 2945 1153 2999 nonnulla
1189 2947 1465 3016 mysteria,
1498 2961 1560 3000 ac
1609 2946 1925 3002 diﬁicillima
1958 2963 2241 3002 sacrarum
2294 2945 2596 2998 litterarum
2624 2945 2743 2998 loca
2768 2942 3100 3013 explanavit;
3131 2942 3448 2997 caelestibus
3482 2942 3742 2997 benedic-

499 3032 742 3087 tionibus
769 3040 823 3086 et
854 3033 1279 3089 charismatihus
1321 3035 1641 3099 cumulavit,
1698 3044 1756 3089 ut
1797 3043 2070 3089 terrarum
2133 3035 2320 3088 orbem
2366 3033 2682 3087 cantionum
2736 3032 3008 3087 suavitate
3043 3028 3402 3092 demulceret,
3437 3026 3736 3100 Iosephum

499 3134 733 3189 superna
768 3119 1147 3177 benedictione
1173 3121 1374 3190 beavit,
1405 3131 1460 3178 et
1486 3123 1542 3178 in
1585 3122 1707 3192 ejus
1751 3123 1992 3193 linguam
2013 3137 2263 3192 supernae
2306 3120 2587 3189 sapientiae
2621 3118 2811 3173 latices
2856 3116 3081 3188 largiter
3115 3113 3316 3170 inﬂuit.
3353 3114 3429 3168 Ex
3454 3125 3585 3171 tunc
3609 3131 3740 3170 car-

501 3206 647 3260 mina
678 3207 870 3276 panxit
893 3208 1168 3264 uberrime
1194 3224 1260 3264 eo
1289 3221 1506 3266 nectare
1536 3210 1760 3273 referta,
1789 3209 2181 3280 leporibusque
2229 3210 2582 3270 concinnata,
2609 3215 2670 3260 ut
2728 3205 3039 3260 auditorum
3085 3219 3150 3259 ac
3201 3203 3498 3273 legentium
3531 3203 3749 3258 animos

498 3294 636 3347 mira
670 3295 959 3350 dulcedine
985 3297 1335 3366 perfundant,
1363 3306 1420 3352 et
1451 3311 1799 3368 quocumque
1834 3299 2000 3352 velint
2035 3297 2297 3352 facillime
2327 3293 2548 3348 ﬂectant
2578 3312 2594 3349 :
2631 3295 2768 3348 adeo
2800 3302 2864 3346 ut
2893 3307 2960 3347 ex
3002 3290 3195 3346 iisdem
3218 3288 3591 3345 caelicolarum
3616 3304 3749 3345 ean-

497 3391 678 3436 torum
719 3384 886 3438 melos
922 3383 1142 3440 efﬂuere
1173 3384 1241 3438 ad
1272 3387 1579 3440 animarum
1611 3387 1865 3442 solatium
1899 3394 2076 3456 putet.
2105 3383 2243 3439 llinc
2271 3383 2465 3436 merito
2510 3383 2635 3450 ejus
2657 3380 2846 3452 hymni
2868 3379 2942 3434 ab
2975 3378 3216 3433 Ecclesia
3247 3377 3436 3434 Graeca
3465 3378 3520 3432 in
3569 3377 3748 3433 sacris

503 3468 701 3524 divina:
737 3471 1056 3540 psalmodiae
1087 3472 1223 3528 locis
1264 3474 1536 3540 translati,
1565 3475 1645 3530 ad,
1679 3473 1926 3530 caelitum
1962 3473 2179 3528 laudem
2230 3473 2614 3526 decantautur.
2652 3470 2848 3524 Ilnttos
2881 3468 2936 3522 in
2967 3467 3220 3522 heresim
3249 3466 3430 3537 lapsos
3460 3468 3530 3522 ad
3558 3465 3750 3522 catho-

498 3555 658 3611 licam
693 3556 852 3613 ﬁdcm
887 3560 1184 3624 revocavit,
1218 3561 1528 3631 multosque
1557 3577 1586 3615 a
1609 3561 1791 3616 seculi
1849 3560 2118 3616 illecebris
2142 3567 2380 3627 ereptos,
2415 3557 2735 3623 monalstiae
2760 3556 2883 3609 vita:
2915 3553 3149 3609 addixit.

574 3669 646 3723 At
685 3667 816 3724 dum
857 3669 911 3725 in
939 3669 1026 3726 his
1073 3672 1296 3728 sedulus
1343 3671 1656 3736 insndahat,
1701 3671 1886 3743 inclyti
1939 3672 2038 3726 viri
2065 3669 2280 3726 labores
2331 3668 2644 3724 exturbavit
2701 3665 3038 3737 Theophilus
3075 3674 3370 3735 Imperator
3405 3665 3558 3738 (non
3608 3666 3758 3723 Con-

499 3759 781 3814 stautinus
805 3759 1212 3832 Copronymus,
1241 3771 1301 3815 ut
1320 3775 1387 3815 ex
1411 3761 1572 3814 citata
1603 3761 1929 3816 Heuschenii
1952 3770 2006 3816 et
2031 3758 2394 3829 Papebrocbii
2443 3758 2806 3829 correctione)
2839 3756 2934 3827 qui
2963 3763 3019 3811 et
3048 3757 3166 3827 ipse
3219 3756 3392 3811 sacris
3425 3756 3759 3827 imaginibus

499 3843 773 3912 infensus,
801 3845 1103 3918 Iosephum
1131 3849 1446 3919 evangeliea
1479 3849 1730 3902 libertate
1768 3848 2214 3913 concionaotem,
2255 3846 2307 3900 in
2364 3847 2619 3901 exsilium
2673 3844 2842 3915 ejicit,
2893 3844 2948 3898 in
2997 3859 3108 3914 quo
3161 3841 3286 3898 forti
3339 3843 3527 3899 animo
3573 3845 3757 3902 exsilii

492 3949 766 3992 aerumnas
804 3952 1098 4007 perpessus
1117 3945 1220 4004 est,
1251 3937 1555 4008 usquedum
1588 3953 1618 3991 a
1658 3936 1918 3993 Michaele
1942 3937 2280 4005 imperatore
2301 3933 2834 4003 Constantinopolim
2855 3943 3163 3988 revocatur.
3183 3931 3315 3986 lude
3333 3932 3538 4001 spretis
3569 3933 3758 4002 digni-

496 4025 700 4081 tatibus
727 4024 871 4080 ultro
891 4024 995 4081 sibi
1023 4025 1244 4090 oblatis,
1276 4026 1662 4080 ecclesiastica:
1686 4023 2041 4094 supellectilis
2069 4025 2370 4080 custodiam
2411 4024 2643 4093 accepit,
2681 4032 2740 4078 ut
2764 4022 2978 4094 lgnatio
3030 4021 3372 4078 Patriarehae
3407 4021 3766 4092 obtempera-

496 4125 582 4168 ret
615 4131 628 4169 :
661 4113 750 4167 hic
781 4113 928 4168 enim
959 4112 1182 4182 Iosephi
1209 4113 1627 4168 sanctimoniam
1657 4111 2072 4182 doctrinamque
2102 4114 2467 4187 perpendens,
2496 4116 2548 4169 itt
2578 4115 2980 4186 pertractandis
3009 4112 3266 4169 Ecclesiae
3306 4113 3543 4184 negotiis
3571 4117 3750 4185 ipsum

492 4200 755 4257 adhibere
810 4200 1084 4271 cupiebat,
1133 4201 1279 4270 quod
1331 4215 1396 4255 ex
1425 4201 1626 4256 collato
1667 4215 1893 4256 munere
1941 4201 2178 4258 obtinuit
2215 4221 2230 4258 :
2265 4203 2492 4272 ideoque
2525 4205 2580 4258 in
2622 4205 2788 4259 rebus
2831 4201 3170 4258 difﬁcillimis
3224 4203 3426 4272 saepius
3451 4200 3752 4274 Ioseplmm

492 4289 836 4350 consulebat.
857 4298 910 4345 et
934 4287 1004 4343 ab
1027 4288 1148 4357 ejus
1186 4302 1282 4343 ore
1335 4287 1571 4343 dulciter
1613 4288 1898 4359 pendebat.
1945 4289 2380 4359 Acceptissimus
2399 4293 2564 4346 etiam
2594 4290 2792 4346 Plautio
2815 4290 3124 4347 successori
3160 4288 3286 4354 fuit.
3321 4290 3414 4360 qui
3449 4289 3753 4360 Iosephum

489 4393 553 4431 ea
587 4377 1018 4446 prosequebatur
1044 4378 1424 4436 aestimatione,
1462 4386 1520 4428 ut
1546 4375 1728 4445 ipsum
1756 4378 2056 4447 appellaret
2092 4377 2310 4434 Patrem
2363 4379 2607 4446 Patrum,
2631 4391 2688 4436 et
2720 4381 3000 4436 hominem
3033 4379 3126 4435 [hei
3152 4397 3168 4434 :
3200 4391 3462 4451 tanquam
3493 4378 3750 4450 angelum

494 4466 880 4526 venerabatur,
913 4466 1000 4518 cui
1021 4475 1073 4520 et
1107 4464 1362 4520 Eeelesim
1385 4466 1599 4535 negotia
1632 4465 2019 4532 demandabat,
2055 4481 2358 4538 omnesque
2408 4467 2665 4524 Ecclesiae
2705 4468 2970 4538 primates
3005 4467 3347 4533 hortabatur,
3380 4474 3442 4522 ut
3486 4468 3746 4523 eumdem

491 4552 660 4608 veluti
699 4554 1107 4609 sanctissimum
1136 4551 1350 4607 Patrem
1401 4554 1725 4614 recoierent.
1747 4563 1797 4607 et
1827 4554 1926 4622 ipsi
1977 4557 2176 4611 mentis
2217 4571 2415 4610 arcana
2470 4559 2819 4628 detegerem;
2853 4557 2998 4625 quod
3025 4555 3284 4611 libentius
3313 4557 3742 4626 perpetrabant:

493 4633 808 4712 prophetica
841 4641 986 4697 enim
1007 4643 1128 4695 luce
1159 4640 1441 4710 perfusum
1475 4642 1684 4707 experti
1738 4653 1886 4706 sunt,
1920 4658 2032 4712 quo
2069 4642 2321 4699 cordium
2372 4644 2668 4713 penetralia
2717 4644 2948 4698 rimabat
2975 4661 2990 4698 :
3021 4643 3294 4712 Iosephus
3327 4654 3509 4698 autem
3553 4656 3747 4699 omnes

492 4733 559 4787 ad
598 4740 800 4786 rectam
839 4727 1052 4785 Domini
1081 4729 1223 4784 viam
1247 4729 1529 4799 dirigebat.
1562 4727 1808 4786 Tandem
1837 4731 2081 4801 undique
2108 4733 2498 4788 celeberrimus
2537 4732 2854 4797 virtutibus,
2873 4748 2953 4794 ,ae
2981 4731 3347 4786 sanctimonia
3381 4731 3735 4794 clarissimus,

494 4823 564 4877 ab
590 4819 783 4892 angelo
812 4819 1180 4876 commonitus
1199 4826 1303 4884 est,
1325 4819 1436 4873 sibi
1477 4819 1682 4874 instare
1712 4819 1902 4874 mortis
1925 4818 2070 4874 diem
2111 4838 2126 4888 ;
2160 4821 2394 4892 ideoque
2428 4822 2679 4877 omnibus
2702 4821 2921 4890 rejectis
2949 4821 3119 4885 curis,
3151 4820 3216 4874 ad
3238 4819 3412 4889 ipsam
3444 4818 3747 4874 ferventius

495 4925 555 4964 se
585 4909 814 4980 paravit,
837 4922 902 4963 ac
931 4907 1148 4963 tandem
1187 4908 1253 4962 ad
1278 4909 1479 4963 cadum
1508 4908 1762 4975 evolavit,
1791 4907 1845 4962 in
1875 4925 1988 4979 quo
2019 4911 2250 4980 Deipara
2284 4910 2602 4981 etclitesque
2641 4925 2855 4976 omnes,
2884 4923 3120 4979 quorum
3185 4907 3363 4979 elogia
3412 4908 3746 4963 decantave-

495 5008 598 5063 rat,
629 5014 846 5054 summo
875 4999 1082 5054 honore
1109 5012 1393 5068 excepere,
1432 4999 1467 5052 5
1495 4999 1698 5069 Aprilis
1726 5014 1872 5053 anno
1899 4999 2024 5055 885.

567 5109 623 5163 Si
658 5108 811 5178 plura
850 5109 983 5163 tanti
1007 5109 1110 5164 viri
1149 5110 1329 5178 cupis,
1353 5110 1580 5165 consule
1602 5110 1722 5179 ejus
1757 5111 1936 5167 Vitam
1971 5127 2000 5167 a
2033 5109 2245 5167 Ioanne
2279 5109 2517 5166 Diacono
2540 5110 2822 5181 scriptam,
2848 5108 2989 5178 apud
3015 5105 3301 5163 Octavium
3327 5105 3650 5172 Caetanum,
3682 5122 3737 5162 In

499 5197 642 5254 Vitis
669 5196 773 5252 SS.
809 5197 1120 5252 Siculorum
1145 5238 1161 5261 ,
1226 5207 1361 5253 tom.
1405 5198 1464 5263 ll,
1491 5199 1641 5266 p.45,
1672 5200 1742 5254 ab
1770 5215 1837 5254 eo
1863 5201 2097 5269 primum
2126 5199 2231 5257 sub
2252 5198 2510 5267 anonymi
2530 5198 2816 5268 scriptoris
2834 5197 3056 5275 nomine
3073 5196 3298 5261 editam,
3323 5210 3389 5251 ex
3414 5212 3519 5251 ms.
3553 5194 3750 5250 codice

494 5287 686 5343 Graeco
712 5287 1025 5341 monasterii
1049 5284 1108 5341 S.
1143 5285 1446 5342 Salvatoris
1475 5285 1757 5354 Messana},
1781 5289 1850 5343 ab
1877 5289 2184 5359 Augustino
2233 5286 2438 5343 Florito
2457 5303 2573 5341 sec.
2604 5287 2723 5356 jesu
2772 5284 3064 5341 Latinitate
3099 5285 3393 5350 donatam;
3421 5285 3613 5341 exinde
3642 5282 3753 5340 sub

493 5373 725 5430 Ioannis
757 5372 980 5431 Diaconi
1013 5376 1235 5429 nomine
1259 5376 1506 5430 eamdem
1547 5377 1600 5428 in
1637 5375 1811 5431 lucem
1842 5379 2077 5435 emisere
2117 5378 2492 5436 llenschenius
2522 5387 2576 5433 et
2606 5376 3033 5447 Papebroehius,
3067 5374 3122 5430 iu
3150 5376 3303 5431 Actis
3325 5373 3429 5429 SS.
3454 5375 3491 5430 5
3517 5374 3746 5446 Aprilis,

495 5481 531 5536 p
579 5464 708 5528 269;
735 5464 755 5534 (
790 5464 843 5518 hi
861 5464 1026 5519 etiam
1054 5462 1237 5519 Vitam
1271 5481 1318 5518 s.
1343 5461 1564 5533 Iosephi
1593 5479 1659 5519 ex
1700 5462 2019 5536 Synaxariis
2048 5484 2182 5525 mss.
2212 5467 2433 5524 edidere
2467 5482 2522 5538 p.
2551 5465 2702 5536 266;)
2729 5465 2977 5520 eamdem
3003 5465 3170 5518 etiam
3192 5479 3257 5518 ex
3295 5463 3622 5533 perantiquo
3651 5476 3750 5516 co-

496 5557 616 5609 dice
633 5555 980 5611 Bibliothecse
1014 5553 1287 5610 Vaticame
1318 5555 1371 5610 in
1405 5553 1660 5608 Latinum
1689 5556 2006 5611 translatam
2039 5574 2067 5612 a
2097 5556 2372 5611 Ludovico
2397 5555 2695 5610 Marraccio
2722 5568 2752 5607 e
2779 5552 3198 5622 congregatione
3221 5552 3420 5607 Clerie.
3448 5551 3618 5623 regnl.
3640 5549 3751 5613 Ha-

499 5645 600 5698 tris
630 5642 740 5709 Dei,
771 5643 939 5697 edidit
973 5643 1297 5714 Hippolytus
1329 5640 1660 5697 Marraccius
1694 5640 1882 5710 frater,
1915 5644 2158 5715 ejusdem
2186 5645 2642 5718 Congregationis
2676 5643 2935 5698 sacerdos
2966 5641 3020 5695 in
3056 5643 3280 5698 Morieti
3311 5641 3486 5711 ipsius
3510 5639 3750 5695 ελον-

495 5733 610 5799 phi.
638 5732 730 5800 qui
762 5741 815 5786 et
841 5746 904 5785 ea
940 5747 1062 5804 qua:
1093 5732 1148 5786 in
1182 5732 1497 5788 Grzecorum
1541 5730 1757 5787 Menaeis
1795 5749 1860 5788 ac
1907 5733 2226 5805 Menologiis
2254 5733 2321 5789 de
2347 5733 2586 5803 Iosepho
2637 5732 2926 5794 habentur,
2967 5730 3260 5787 lectoribus
3287 5729 3556 5785 exhibuit.
3585 5727 3658 5782 De
3678 5739 3750 5780 eo

495 5819 661 5874 etiam
694 5817 962 5890 Iosephus
1001 5819 1344 5888 Perdicarus,
1371 5823 1425 5879 in
1469 5820 1623 5878 Vitis.
1648 5820 1750 5882 SS.
1783 5821 2108 5890 Siculorum,
2132 5839 2187 5896 p.
2207 5823 2343 5889 282;
2364 5820 2725 5894 Hieronymus
2740 5819 2977 5892 Bascapc
2993 5817 3498 5890 Ephemerid.$acr.
3532 5816 3749 5887 ὄψι-
