4134 6336
339 405 447 472 929
1785 396 2121 456 NOTITIA.
3482 385 3591 452 930

343 524 412 578 iis
440 538 469 576 a
501 535 622 591 pag.
647 519 736 586 3i;
767 516 959 573 Simon
991 513 1460 588 Wztngnerccltius
1495 513 1548 568 in
1602 511 2007 583 Prolegomcnis
2034 511 2099 564 ad
2147 509 2398 564 Pietatem
2438 509 2735 564 Matianum
2780 509 3104 573 Crwcorum,
3130 523 3181 562 η.
3207 505 3299 571 22;
3330 507 3420 575 qui
3446 505 3592 561 duos

342 609 631 677 distinguit
673 605 942 675 Iosephus
970 605 1435 676 bymnographos,
1476 617 1709 671 quorum
1737 615 1900 662 unus,
1940 597 2003 651 S.
2037 597 2306 651 Theodori
2342 597 2572 652 Studitaa
2609 597 2796 661 frater,
2823 592 3587 666 cpiscopusThessalonici-tn

342 697 442 760 sis,
469 698 606 750 alter
637 704 822 749 noster
851 694 1072 748 Siculus
1101 711 1116 759 ;
1152 703 1205 747 et
1232 693 1359 746 huic
1394 689 1747 744 ascribendos
1773 697 1926 757 putat
1946 702 2186 741 canones
2214 688 2305 756 qui
2336 687 2388 741 in
2423 685 2735 741 Graecorum
2762 685 2979 742 Menaais
3001 687 3204 740 nudum
3238 683 3459 753 Iosephi
3489 697 3588 737 no-

343 800 467 838 men
500 783 829 855 praeierunt;
861 784 1093 852 ejusque
1112 781 1397 844 sententia)
1429 781 1708 833 adhatrcnt
1739 774 2114 831 llenschenins
2136 781 2189 826 et
2216 772 2640 841 Papebrochins,
2673 774 2726 827 in
2773 790 2975 828 comm.
3032 776 3233 843 praevio
3283 774 3352 826 ad
3401 770 3584 825 Vitam

346 871 377 945 ᾗ
406 873 461 936 2,
507 889 562 926 n.
587 871 652 925 l0
673 881 728 927 et
758 872 841 926 Η.
877 870 1011 926 Vide
1047 870 1210 925 etiam
1241 867 1505 923 Iacobum
1555 867 1700 921 Goar
1732 866 1784 919 in
1817 863 2102 919 Glossario
2126 862 2191 915 ad
2251 859 2462 914 Rituale
2506 858 2837 922 Grecorum,
2892 860 3243 915 Marraccium
3278 861 3504 921 citatum
3531 860 3588 913 in

349 964 609 1020 Biblioth.
649 963 923 1024 Mariana,
959 971 1102 1032 part.
1135 961 1172 1018 Ι,
1202 977 1256 1031 p.
1286 958 1422 1025 822,
1463 958 1727 1013 Joannem
1765 954 1964 1011 Nadasi
1998 954 2052 1007 in
2074 954 2224 1008 Anno
2261 953 2456 1006 (mlesti
2479 953 2737 1022 3aprilis;
2779 952 3008 1006 Leonem
3031 951 3287 1006 Allatium
3331 952 3405 1006 De
3438 952 3589 1006 libris

345 1053 717 1108 ecclesiasticis
746 1051 1050 1107 Cra-corum
1076 1050 1206 1104 diss.
1241 1049 1324 1113 L;
1353 1046 1705 1102 Frunciscum
1740 1058 2013 1099 carreram
2045 1042 2097 1095 in
2143 1039 2338 1095 Pantlt.
2371 1040 2550 1096 Siculo
2584 1057 2636 1110 p.
2669 1039 2781 1104 75.,
2804 1038 3084 1094 Roccltum
3105 1039 3318 1094 Pirrum
3351 1040 3406 1094 in
3429 1040 3586 1094 notit.

349 1139 555 1196 Eccles.
587 1138 963 1209 Syracusanar,
997 1154 1050 1208 ι)-
1087 1137 1212 1203 159ς
1245 1134 1510 1189 Thomam
1532 1134 1799 1188 Str-utinm
1829 1133 1882 1186 in
1911 1133 2280 1189 Controversia
2308 1131 2551 1201 Concept.
2595 1143 2734 1201 part.
2765 1148 2804 1194 ι,
2832 1131 2926 1185 lib.
2952 1131 3013 1198 ll,
3037 1146 3160 1200 cap.
3194 1129 3278 1194 t9,
3309 1145 3363 1198 p.
3397 1130 3518 1192 163.
3536 1139 3593 1187 et

349 1243 472 1298 cap.
508 1227 594 1294 20,
628 1245 681 1297 p.
714 1227 838 1293 £65;
902 1227 1214 1281 Michaelem
1259 1223 1524 1293 Angclnm
1569 1221 1992 1277 Ilancharusum
2032 1223 2087 1278 in
2137 1221 2464 1276 Kalendario
2509 1219 2871 1291 Syracusano;
2923 1219 3223 1275 Caetanum
3277 1219 3503 1274 citatum
3534 1220 3592 1275 in

350 1315 561 1385 Isagog.
591 1314 661 1368 ad
683 1317 808 1369 hist.
837 1314 1008 1369 Sicut.
1047 1329 1098 1370 c.
1125 1313 1215 1379 56,
1248 1328 1302 1366 η.
1327 1311 1418 1376 24,
1446 1311 1536 1376 25,
1563 1312 1829 1380 aliosque.

423 1401 650 1470 Scripsit
674 1399 950 1472 Iosephus
983 1418 1000 1456 :

428 1489 663 1559 Hymnus
693 1491 1019 1551 innumeros,
1051 1503 1116 1542 ex
1138 1487 1340 1555 quibus
1363 1485 1764 1558 Hymnographi
1792 1500 1987 1542 nomen
2004 1487 2232 1555 accepit.
2256 1483 2314 1538 ln
2332 1482 2721 1538 ecclesiasticis
2746 1483 3058 1538 Grtcrorum
3077 1483 3232 1537 libris
3247 1481 3423 1539 ϐεεν
3443 1484 3596 1554 hym-

352 1590 456 1630 nos
481 1575 501 1643 (
528 1591 669 1646 quos
696 1577 860 1632 etiam
895 1591 1137 1631 canones
1162 1577 1381 1643 vocant)
1417 1590 1511 1644 per
1543 1575 1658 1629 dies
1685 1575 2006 1645 dispositos,
2025 1589 2088 1627 ac
2117 1588 2213 1639 per
2239 1571 2368 1625 anni
2415 1571 2680 1625 ambitum
2711 1571 2782 1623 ab
2808 1571 3050 1624 Ecclesia
3082 1570 3270 1625 Graeca
3316 1569 3596 1625 decantari

351 1662 542 1718 Solitos
569 1664 836 1718 contineri
857 1670 1087 1718 testatur
1109 1661 1381 1716 Caetanus
1407 1661 1499 1716 cit.
1530 1661 1584 1714 in
1613 1662 1854 1718 animati.
1887 1662 2042 1718 Tom.
2063 1659 2102 1716 ll
2127 1659 2227 1714 SS.
2255 1657 2486 1715 Siculor.
2517 1675 2568 1729 p.
2601 1659 2760 1724 t8,n.
2785 1658 2876 1724 20,
2897 1667 2952 1712 et
2983 1657 3309 1714 Perdicarus
3345 1660 3453 1715 loc.
3495 1660 3595 1713 cit.

396 1789 410 1803 .
439 1749 564 1811 294,
587 1766 813 1811 nempe:

355 1765 819 1892 υ.ἕῖἱὲἕᾷωέΕά
839 1835 912 1890 γι
939 1836 994 1890 in
1029 1834 1383 1889 Paraclctico.
1409 1831 1571 1889 Liber
1601 1843 1685 1889 est
1712 1835 2046 1901 Graecorum,
2077 1833 2168 1904 qui
2199 1833 2442 1903 quotidie
2474 1831 2688 1901 aliquod
2725 1833 3059 1888 recitandum
3095 1833 3149 1887 in
3184 1835 3354 1888 choro
3380 1833 3602 1888 exhibet

357 1925 424 1980 ad
453 1927 687 1979 aliorum
723 1927 984 1979 librorum
1015 1923 1399 1989 diﬂ’erentiam,
1419 1922 1619 1992 quibus
1655 1923 1875 1979 statutis
1903 1921 2238 1994 temporibus
2283 1929 2536 1984 utuntur,
2566 1935 2631 1974 ex
2670 1918 2853 1974 Leone
2878 1921 3076 1975 Allatio
3109 1921 3181 1975 De
3203 1920 3352 1975 libris
3390 1918 3600 1976 Greece-

356 2027 499 2076 ntm,
537 2014 757 2068 dissert.
791 2014 843 2078 1,
871 2031 927 2082 p.
958 2014 1046 2070 68.

432 2098 683 2155 Curiones?
713 2101 870 2155 XXX
888 2101 927 2156 V
959 2103 1012 2158 in
1041 2103 1284 2160 Triodio.
1314 2103 1473 2159 Liber
1500 2100 1591 2156 hic
1622 2099 1900 2155 recitanda
1933 2099 1989 2153 in
2020 2099 2192 2154 choro
2227 2111 2256 2151 a
2297 2095 2708 2166 Srptuagesima
2740 2109 2916 2167 usque
2955 2095 3020 2150 ad
3058 2096 3354 2154 Sabbatum
3383 2097 3605 2168 Major-is

361 2186 727 2242 “ebdomadae
788 2190 1196 2260 complectitur,
1226 2209 1290 2247 ex
1327 2190 1529 2246 Allatio
1558 2190 1654 2246 cit.
1684 2188 1909 2244 dissert.
1939 2189 1990 2254 t,
2041 2201 2094 2258 p.
2135 2185 2242 2252 69;
2272 2193 2328 2240 et
2378 2183 2717 2240 Marraccius
2746 2185 2798 2238 in
2838 2183 3050 2240 Mariali
3091 2183 3313 2241 XXXVI
3345 2202 3376 2243 a
3419 2202 3473 2259 p.
3507 2188 3621 2247 30!.

361 2275 430 2329 ad
470 2275 595 2340 522,
625 2290 690 2330 ex
727 2276 918 2331 eodem
955 2279 1093 2335 libro
1114 2281 1356 2335 exhibet.

433 2363 673 2419 Conone:
715 2361 838 2418 Vin
869 2364 1299 2423 Pentecostario.
1337 2366 1497 2422 Liber
1539 2374 1622 2419 est
1646 2362 1963 2420 Graecorum
1991 2359 2084 2431 qui
2117 2360 2401 2417 recitanda
2425 2358 2482 2414 in
2520 2358 2692 2414 choro
2731 2374 2760 2414 a
2794 2357 3003 2416 Pascha
3049 2375 3221 2430 usque
3258 2362 3325 2416 ad
3355 2369 3604 2419 octavam

359 2449 713 2508 Pentecostes
747 2453 1014 2519 continet,
1045 2470 1111 2511 ex
1147 2455 1350 2511 Allatio
1377 2454 1468 2510 cit.
1502 2471 1555 2524 p.
1585 2452 1653 2506 ’Π
1686 2458 1742 2505 et
1767 2451 1860 2506 78.

431 2541 697 2599 Cononem
725 2541 757 2597 1
791 2546 843 2599 in
876 2543 1185 2615 Horologio,
1219 2545 1364 2615 quod
1389 2560 1529 2599 mem
1551 2552 1633 2599 est
1663 2557 1726 2598 ac
1770 2540 1964 2596 Latine
2011 2538 2296 2604 diurnum,
2370 2555 2437 2594 ex
2470 2538 2664 2594 eodem
2697 2537 2893 2594 Allatio
2921 2538 3012 2594 cit.

432 2630 673 2686 Conone:
712 2630 846 2687 CL.‘
871 2631 1008 2688 VIII
1052 2634 1105 2688 in
1149 2633 1387 2688 Mentis.
1420 2631 1650 2687 Codices
1675 2640 1804 2686 sunt
1827 2628 2142 2691 duodecim,
2165 2628 2320 2699 juxta
2351 2628 2637 2684 duodecim
2661 2631 2787 2682 anni
2810 2643 3024 2683 menses
3045 2627 3305 2695 distincti,
3337 2628 3390 2684 in
3407 2630 3608 2700 quibus

363 2717 610 2786 quotidie
639 2719 980 2775 decantanda
1009 2721 1158 2775 horis
1180 2719 1465 2776 canonicis
1489 2717 1556 2773 ad
1606 2715 1722 2782 Dei,
1756 2715 2003 2786 Deiparze
2033 2731 2096 2771 ac
2131 2727 2448 2772 sanctorum
2490 2717 2706 2771 laudem
2757 2718 3131 2784 continentur,
3169 2735 3235 2772 ex
3285 2721 3486 2775 Allatio
3507 2721 3604 2776 cit.

367 2817 400 2873 p
453 2803 541 2857 78.
568 2803 674 2859 Sed
708 2806 849 2859 haud
874 2807 1398 2876 pratermittendum
1433 2814 1565 2876 puto
1582 2820 1644 2860 ex
1669 2804 1861 2860 eodem
1886 2818 1941 2873 p.
1970 2803 2061 2868 8|,
2099 2802 2159 2857 8.
2190 2802 2414 2874 Iosephi
2449 2803 2703 2876 hymnos.
2730 2805 2986 2860 omnibus
3007 2805 3238 2862 aliorum
3265 2803 3605 2875 Graecorum,

364 2891 459 2962 qui
499 2891 566 2946 in’
586 2891 718 2961 ipsis
753 2890 974 2949 Idtttl’is
997 2895 1432 2964 comperiantur,
1460 2892 1891 2964 anteponendos.
1924 2890 2039 2946 lmo
2069 2891 2188 2961 ejus
2217 2890 2355 2946 Vitae
2382 2891 2687 2961 scriptores
2721 2893 2965 2957 tradunt,
2997 2902 3184 2962 poetas
3203 2896 3609 2966 scriptoresque

361 2992 555 3033 omnes
583 2989 702 3048 post
726 2981 904 3049 ipsum
936 2982 1212 3048 ﬂorentes,
1235 2998 1359 3052 qua:
1407 2982 1710 3036 venustatis
1733 2988 1788 3034 et
1813 2979 2201 3034 concinnitatis
2233 2979 2456 3046 habent,
2482 2981 2665 3035 omnia
2697 2995 2764 3034 ex
2801 2979 3022 3050 Iosephi
3073 2982 3308 3052 hymnis,
3346 2994 3609 3053 tanquam

361 3079 429 3119 ex
462 3067 668 3121 caelesti
698 3067 1002 3122 aut-ifodina
1041 3069 1271 3126 eruisse.
1317 3067 1390 3123 Ex
1420 3070 1503 3124 his
1529 3069 1786 3123 omnibus
1817 3067 1991 3131 libris,
2030 3067 2262 3136 aliisque
2294 3067 2725 3124 mss.codicibus
2753 3068 3143 3122 celeberrimus
3169 3071 3268 3131 vir,
3291 3070 3610 3141 etjDeipam

362 3153 541 3207 cultor
557 3154 793 3228 inclytus
810 3154 1133 3224 Hippolytus
1159 3156 1460 3211 Marraclus
1502 3154 1766 3211 Lucensis
1785 3155 2016 3226 hymnos
2033 3157 2247 3226 collegit
2269 3171 2460 3211 omnes
2481 3156 2722 3222 Graecos,
2746 3172 2882 3226 quos
2918 3155 2978 3210 S.
3003 3155 3270 3227 Iosephus
3287 3158 3338 3212 in
3366 3157 3610 3228 Deipane

363 3241 578 3297 laudem
601 3245 820 3307 cecinit.
838 3253 898 3300 et
915 3242 1205 3299 Latinitate
1221 3245 1454 3298 donatos
1471 3242 1580 3299 fere
1606 3258 1796 3300 omnes
1817 3259 1847 3297 a
1865 3243 2145 3298 Ludovico
2169 3243 2462 3298 Marrarcio
2474 3245 2595 3313 ejus
2613 3243 2799 3308 fratre,
2815 3244 3003 3307 edidit,
3025 3245 3273 3314 notisque
3318 3246 3550 3301 illustra=
3568 3247 3610 3301 it

364 3330 469 3383 boc
502 3331 751 3400 apposito
793 3334 951 3385 titulo
982 3348 998 3385 :
1031 3330 1093 3386 S.
1119 3329 1338 3402 Iosephi
1364 3332 1765 3402 hymnograplti,
1818 3329 2011 3394 Siculi,
2056 3331 2419 3402 Syracusani,
2447 3331 2665 3388 Ordinis
2698 3332 2762 3386 Ι).
2815 3331 3010 3386 Basilii
3046 3333 3310 3397 monachi,
3356 3332 3610 3402 Hariale,

362 3433 466 3487 quo
493 3418 725 3486 ejusdem
755 3416 817 3474 S.
836 3418 1051 3487 Iosephi
1081 3421 1145 3474 de
1187 3420 1571 3490 augustissima
1599 3420 1716 3472 caeli
1739 3429 1992 3490 (ermque
2023 3419 2217 3489 Regina
2244 3419 2473 3488 Deipara
2495 3419 2692 3490 uirgine
2722 3418 2921 3485 Maria,
2945 3435 3102 3487 opera
3121 3421 3299 3474 omnia
3325 3437 3441 3490 qua
3464 3438 3608 3490 repe-

365 3505 462 3556 riri
493 3515 798 3572 potuerunt,
825 3522 892 3560 ea:
908 3505 1106 3562 Gracia
1132 3523 1258 3560 mea.
1290 3506 1560 3559 codicibus
1607 3505 1828 3562 collecta
1856 3545 1872 3571 ,
1913 3506 2105 3562 Latine
2135 3508 2366 3574 reddita,
2413 3507 2652 3577 natisque
2703 3507 2997 3571 illustrata,
3050 3525 3189 3561 num:
3235 3511 3406 3576 primo
3437 3511 3613 3578 publi-

363 3602 574 3654 centur,
597 3595 774 3647 studio
805 3611 869 3647 ac
896 3595 1077 3648 labore
1105 3593 1172 3649 P.
1208 3593 1486 3664 Hippolyti
1523 3593 1838 3654 Harraccii,
1867 3593 2148 3659 Lucensis,
2187 3609 2215 3648 e
2255 3597 2659 3666 congregatione
2673 3598 2800 3648 cier.
2842 3597 3010 3665 regal.
3056 3595 3247 3649 Matris
3275 3595 3388 3664 Dei,
3407 3595 3610 3666 Rome,

366 3680 505 3749 typis
531 3678 734 3750 lgnatii
757 3682 819 3736 de
841 3680 1085 3750 Lazaris,
1122 3682 1279 3745 t66t,
1317 3683 1373 3736 in
1409 3683 1465 3738 8.
1491 3681 1655 3736 Addit
1691 3696 1747 3736 et
1777 3682 1894 3750 ipse
1918 3681 2287 3749 Marraccius,
2324 3686 2378 3738 in
2407 3684 2556 3740 notis
2585 3683 2768 3755 p.423,
2804 3685 3036 3756 hymnos
3069 3687 3271 3740 multos
3303 3689 3528 3756 reperiri
3555 3691 3608 3743 in

365 3783 502 3822 mss.
533 3768 818 3824 codicibus
845 3769 1187 3825 bibliotheca:
1237 3769 1573 3834 Barberinai,
1603 3770 1696 3838 qui
1728 3772 1781 3824 in
1808 3769 1978 3826 editis
2007 3772 2324 3828 Graecorum
2362 3772 2580 3828 Menazis
2610 3775 3036 3840 desiderantur;
3076 3786 3127 3830 et
3165 3791 3288 3846 pag.
3321 3776 3424 3831 ‘88
3441 3778 3613 3833 οιιθι

362 3857 462 3920 ait,
493 3857 638 3926 quod
668 3857 721 3910 in
752 3855 979 3912 Triodio
1003 3873 1106 3914 ms.
1137 3857 1332 3914 Graeco
1346 3857 1588 3927 ejusdem
1612 3858 1863 3913 biblioth.
1898 3874 1959 3912 ιι.
1992 3859 2117 3921 “8.
2148 3860 2330 3931 hymni
2352 3869 2568 3914 exstant
2607 3861 2873 3928 nonnulli,
2908 3863 2999 3931 qui
3027 3867 3082 3916 in
3100 3861 3366 3932 impresso
3387 3864 3615 3920 Ttiodio

359 3957 472 3996 non
497 3945 866 4014 reperiuntur.
897 3947 1055 4016 Apud
1091 3947 1379 4001 Octavium
1414 3945 1718 4000 Caetanum
1745 3946 1798 4000 in
1842 3943 1898 4000 Vi
1913 3947 1978 4001 tis
2006 3945 2116 4003 SS.
2148 3947 2476 4015 Sicutorum,
2502 3949 2616 4004 limo
2645 3949 2699 4005 in
2721 3950 2978 4005 Latinum
3011 3965 3166 4007 Versa
3195 3951 3266 4008 ab
3303 3952 3614 4024 Auguuino

358 4029 567 4088 Flor-ito
596 4048 711 4089 soc.
728 4034 858 4090 Iesu
885 4036 1176 4099 habentur,
1198 4051 1393 4106 nempe
1417 4055 1432 4091 :

429 4119 684 4191 Antiqua:
707 4123 841 4179 edes
865 4123 1226 4193 fragmentum
1258 4125 1311 4178 in
1349 4126 1406 4180 8.
1434 4125 1768 4182 Marcianum
1805 4129 2127 4201 episcopum
2162 4128 2754 4202 Syracusanumll‘om.
2790 4132 2843 4198 Ι,
2869 4147 2922 4203 p.
2954 4134 3008 4190 ’1.

429 4206 486 4262 in
513 4209 570 4263 8.
601 4214 912 4278 pontiﬁcem
942 4212 1291 4269 Pancratium
1319 4215 1576 4287 hymnus.
1604 4217 1678 4272 ib.
1710 4233 1765 4288 p.
1801 4216 1895 4273 U5.

431 4297 489 4350 In
521 4297 579 4353 S.
606 4297 866 4353 Niconem
896 4311 1186 4372 martyrem
1221 4306 1477 4374 hymnus,
1504 4304 1635 4362 ibid.
1667 4321 1719 4377 p.
1757 4305 1828 4362 45
1864 4347 1878 4362 .

433 4384 488 4437 In
521 4384 579 4438 S.
611 4383 861 4454 Eupliuin
896 4389 1151 4458 hymnus,
1195 4390 1325 4444 ibid.
1364 4407 1416 4460 p.
1460 4392 1584 4446 ilti.

432 4468 676 4542 llymnns
709 4477 982 4528 secundus
1011 4475 1061 4529 in
1083 4475 1140 4530 8.
1182 4477 1459 4547 Faiplinm,
1489 4480 1677 4548 ibid.p.
1698 4478 1826 4535 itit.

435 4557 683 4648 llymnus
725 4562 778 4614 in
909 4560 1196 4617 Fantinum
1235 4581 1298 4618 ex
1330 4583 1434 4620 ms.
1465 4567 1653 4622 Graeco
1691 4570 1884 4624 codice
1929 4570 2246 4625 monasterii
2277 4570 2336 4628 S.
2368 4571 2956 4646 PbilippLFragalatis,
2984 4576 3113 4631 ibid.
3146 4577 3328 4648 p.16].

433 4647 490 4703 In
522 4647 581 4702 8.
609 4647 929 4717 Gregorium
955 4652 1365 4720 Agrigentinum
1398 4656 1711 4724 episcopum
1749 4658 2004 4726 hymnus.
2042 4658 2176 4713 Ibid.
2219 4675 2270 4729 p.
2305 4661 2430 4716 2l8.

428 4735 487 4792 In
519 4736 580 4792 S.
617 4735 856 4794 Leonem
897 4741 1207 4810 episcopum
1243 4741 1629 4808 Calai-ensem,
1661 4744 1899 4815 hymnus
1931 4747 2130 4811 tom.ll,
2184 4765 2237 4815 p.
2263 4747 2353 4804 26.

430 4829 674 4898 Denique
693 4832 834 4897 apud
852 4829 1203 4884 Laurentium
1222 4829 1442 4886 Surium
1471 4833 1526 4886 in
1548 4833 1685 4888 Vitis
1701 4835 1805 4889 SS.
1830 4835 1901 4889 24
1925 4837 2151 4906 Augusti
2176 4854 2229 4906 p.
2252 4839 2452 4910 25-i,jct
2475 4840 2756 4913 Aloysium
2785 4840 3142 4910 Lipomannm
3165 4843 3217 4895 in
3245 4842 3382 4899 Vitis
3414 4842 3511 4898 SS.
3540 4846 3616 4901 26

353 4917 589 4988 Augusti
629 4934 684 4988 p.
720 4917 846 4979 891,
880 4933 943 4972 ex
989 4918 1212 4972 Simone
1239 4919 1604 4989 Metaphraste
1635 4933 1815 4978 exstat
1843 4939 2021 4978 sermo
2043 4927 2334 4994 inscriptus
2366 4946 2380 4984 :
2429 4929 2649 4999 Iosephi
2696 4930 2910 4983 Immitis
2941 4939 2991 4982 et
3033 4931 3237 4984 minimi
3289 4931 3525 4985 laudatio
3556 4933 3617 4987 in

353 5016 600 5060 sam-tum
642 5007 943 5070 apostolum
974 5007 1448 5064 Barthaloma‘um.
1472 5007 1626 5064 Hunc
1651 5014 1823 5067 nostri
1856 5011 2079 5083 Iosephi
2107 5013 2275 5068 fetant
2308 5027 2502 5086 putant
2538 5018 2802 5074 Octavius
2833 5017 3112 5072 Caetanus
3155 5018 3208 5070 in
3241 5020 3518 5075 animatis.
3544 5022 3613 5074 ad

357 5105 487 5149 tom.
517 5097 557 5149 l.
610 5095 711 5149 SS.
744 5094 912 5150 Sicul.
942 5112 997 5166 ιι.
1033 5096 1156 5157 tu.
1185 5113 1239 5151 n.
1267 5099 1330 5162 6;
1361 5099 1486 5151 etin
1509 5098 1786 5152 animadv.
1822 5101 1887 5154 an!
1920 5109 2053 5156 toni.
2075 5101 2139 5162 ll,
2179 5103 2304 5166 p.l8
2325 5102 2624 5174 ;Iosephus
2655 5104 2982 5159 Perdicarus
3005 5105 3059 5158 in
3090 5104 3222 5158 Vitis
3248 5103 3344 5160 SS.
3381 5105 3614 5161 Siculor.

357 5195 412 5248 p.
441 5179 584 5244 29L;
621 5181 1000 5256 Henschenins
1032 5191 1086 5236 et
1111 5183 1517 5253 Papehrochius
1575 5185 1627 5238 in
1662 5197 1908 5242 annotat.
1937 5189 2005 5242 ad
2035 5188 2143 5242 Vit.
2173 5188 2227 5242 S.
2252 5188 2475 5259 Iosephi
2513 5208 2564 5260 p.
2589 5193 2720 5246 274.
2762 5191 2823 5247 Hi
2855 5207 2983 5247 vero
3009 5193 3062 5245 in
3084 5203 3377 5246 uotnmtttt.
3411 5194 3619 5262 pt‘avvio

357 5269 424 5319 ad
450 5271 694 5325 eamdem
732 5271 927 5334 Vitam,
952 5271 1054 5343 §2,
1085 5287 1145 5326 η.
1184 5275 1271 5334 H,
1298 5287 1362 5326 ex
1390 5271 1590 5325 Allatio
1611 5273 1664 5325 in
1683 5273 1904 5329 dissert.
1923 5276 1990 5330 de
2018 5275 2354 5333 Grzechbris
2381 5295 2432 5348 p.
2469 5281 2556 5344 tt,
2589 5279 2814 5350 Inaepbi
2844 5281 3013 5336 nostri
3039 5291 3249 5352 putant.

427 5353 674 5414 (lationes
700 5362 766 5414 de
791 5359 848 5415 S.
875 5357 1124 5424 Nicolao,
1151 5372 1438 5417 servantur
1467 5361 1652 5418 Graece
1676 5377 1811 5418 mss.
1867 5367 2051 5419 Romae
2119 5367 2172 5421 in
2231 5368 2906 5425 bibliotheca.Barberiua.
