4094 6284
294 447 404 515 933

1852 456 2052 520 Vl'I‘A.

3478 455 3588 522 934

295 561 759 641 πολιτευσάμενος
779 564 1137 619 ἀνεπαύσατο
1158 567 1218 619 ὲν
1239 568 1435 641 Κυρίῳ
1464 586 1479 602 ο
1511 568 1733 641 λέγεται
1753 572 1876 645 γὰρ1

1994 573 2153 629 datas
2180 573 2564 645 pronuntiare,
2589 581 2643 629 et
2676 572 2919 645 praebere
2943 571 3377 644 postulantibus.
3407 574 3598 647 Itaque

291 656 375 710 ὅτι
434 656 469 727 ἠ
507 656 644 725 ἁγία
699 657 866 710 αὐτοῦ
917 657 1089 729 ψυχὴ.
1162 659 1532 733 ὀψικευομένη
1564 665 1717 735 παρὰ
1774 667 1885 721 τῶν

292 746 467 817 ἁγίων
495 748 796 821 μαρτύρων
825 749 924 804 καὶ⁸
964 750 1237 820 ἀγγέλων,
1290 755 1523 827 ἀνῆλθεν
1556 759 1615 810 ὲν
1654 761 1769 821 τοῖς
1795 759 1886 812 οὖ-

293 843 501 909 ρανοτς.
536 842 858 910 Ἄνθρωπός
877 860 985 911 τις,
1018 845 1162 916 ἔχων
1193 846 1381 901 δοῦλον
1408 852 1703 921 χρήσιμον,
1732 853 1885 907 ἐπει-

293 950 399 1003 ττερ
423 934 453 986 ὁ
474 932 663 997 δοῦλος
685 935 912 1003 ἔφυγεν,
942 935 1196 990 ἀπελθὼν
1218 940 1245 991 ὁ
1275 939 1463 1008 κύριος
1498 940 1664 995 αὐτοῦ
1689 945 1771 1006 εἰς
1793 945 1887 998 τὸν

296 1027 487 1092 Ἀγιον
526 1024 803 1094 Θεόδωρον
846 1025 943 1079 τὸν
976 1027 1325 1099 Φανερωτὴν,
1364 1033 1671 1102 παρεκάλει
1711 1036 1882 1091 αὑτὸν

291 1116 610 1185 τρανερῶσαι
644 1118 733 1171 τὸν
771 1118 960 1173 δοῦλον
992 1122 1163 1175 αὐτοῦ
1187 1138 1206 1155 ο
1238 1125 1579 1195 προσμείνας
1601 1125 1656 1180 δὲ
1682 1128 1886 1193 ἱκανῶς

293 1208 388 1261 καὶ
424 1208 591 1279 μηδὲν
622 1208 832 1280 μαθὼν,
875 1209 1196 1266 ἐϐουλεύετο
1227 1216 1611 1287 ἀναχωρῆσαι.
1640 1219 1883 1290 Ὀρθρου

290 1301 347 1354 Ξὲ
395 1300 570 1365 ὄντος,
620 1304 715 1357 καὶ
747 1302 909 1372 λόγου
940 1302 1302 1375 ψυχωφελοῦς
1338 1310 1880 1382 ἀναγινωσκομένου,

292 1392 491 1463 μικρὸν
521 1393 845 1463 actin-imor,
902 1400 999 1451 καὶ
1052 1398 1171 1468 ὥρα
1211 1400 1304 1453 τὸν
1363 1401 1618 1476 μάρτυρα
1652 1404 1883 1473 λέγοντα

290 1486 440 1556 αὐτῷ
464 1504 480 1518 ο
506 1486 627 1540 Ἵνα
674 1487 728 1540 τί
765 1490 1069 1561 περίλυπος
1101 1486 1196 1555 el;
1258 1491 1366 1545 Τοῦ
1413 1495 1643 1566 ποιητοῦ
1686 1495 1882 1567 Ἰωσὴφ

289 1579 650 1651 γοιμηθέντος
682 1581 857 1654 ταύτῃ
887 1586 954 1655 τῇ
991 1586 1169 1650 νυκτὶ,
1224 1585 1486 1659 ὀψικεύοη
1518 1592 1551 1660 ἡ
1582 1589 1731 1661 ψυχὴ
1774 1591 1881 1645 αὒ-

284 1670 378 1725 τοῦ
432 1674 583 1745 παρὰ
622 1675 841 1730 πάντων
901 1677 1080 1748 ἡμῶν.
1122 1677 1221 1741 οὓς
1268 1681 1491 1734 κανὸσιν
1547 1681 1641 1734 καὶ
1688 1682 1881 1752 ὕμνοις

284 1762 547 1836 ἐτίμησεν
572 1766 668 1818 καὶ
697 1767 1028 1839 ἐσυνοψῑσθη
1067 1771 1146 1834 είς
1180 1769 1314 1823 Θεόν
1343 1787 1360 1803 ⁸
1390 1774 1485 1826 καὶ
1515 1773 1611 1827 νῦν
1637 1775 1878 1845 πάρειμι

284 1856 422 1925 πρὸς
457 1856 539 1911 σέ.
570 1857 677 1910 Τοῦ
702 1857 893 1911 λοιποῦ
922 1859 1110 1913 τοίνυν
1143 1860 1378 1929 δηλώσει
1403 1877 1421 1894 ο
1462 1863 1702 1917 Ἀπελθε
1734 1867 1879 1920 κατὰ

284 1946 431 1999 τόνδε
460 1946 553 1999 τὸν
578 1948 766 2013 τόπον,
800 1949 1041 2021 τοῦνομα
1074 1953 1420 2023 προσειπὼν,
1460 1956 1551 2011 καὶ
1594 1956 1875 2029 εὑρήσεις,

281 2038 343 2091 ὃν
376 2037 653 2110 ιπιξητεῖς
680 2040 900 2114 οἰκέτην
932 2060 1050 2097 σου.

352 2131 410 2187 2.
454 2151 475 2184 ι
508 2133 567 2187 S.
596 2133 658 2187 P.
692 2132 757 2188 N.
790 2133 994 2210 Jiiseph
1057 2135 1521 2211 llymnograpbus
1553 2155 1617 2196 ex
1664 2140 1881 2197 Siculo-

285 2241 409 2280 rum
434 2225 715 2296 proviucia
744 2237 889 2297 erat,
918 2232 1246 2297 parentibus
1280 2232 1504 2288 Plutino
1539 2244 1707 2307 alque
1732 2236 1881 2309 Aga-

287 2320 381 2374 tha
415 2338 430 2376 :
466 2320 520 2374 in
553 2321 983 2392 depopulatione
1013 2334 1197 2379 autem
1241 2342 1357 2382 suae
1388 2328 1581 2398 patriae
1611 2345 1734 2385 cum
1763 2346 1881 2384 ma-

284 2420 368 2468 tre
400 2411 775 2485 fratribusque
821 2428 1100 2485 servatus,
1135 2420 1188 2474 in
1240 2420 1685 2491 Peloponnesum
1716 2424 1877 2493 abiit,
1922 2487 1930 2494 ,

285 2506 522 2578 indeque
552 2524 612 2563 se
667 2510 949 2566 transtulit
991 2510 1479 2581 Thessalonicam;
1515 2525 1571 2572 et
1604 2518 1877 2573 decimum

284 2602 536 2672 quintum
561 2618 730 2673 agens
758 2606 937 2659 uitatis
969 2618 1205 2672 annum,
1239 2614 1502 2662 attonsus
1542 2609 1706 2662 estin
1759 2625 1881 2663 mo-

289 2696 530 2751 nasterio
558 2697 840 2767 quodam:
902 2698 995 2753 ubi
1058 2706 1228 2753 totam
1264 2714 1482 2754 sacram
1534 2698 1877 2772 Scripturam

288 2794 443 2840 tanto
471 2802 596 2841 cum
630 2787 876 2857 profectu
907 2788 1178 2854 decurrit,
1214 2797 1272 2844 ut
1298 2791 1587 2861 presbyter
1616 2796 1882 2850 meruerit

285 2877 555 2943 ordinari,
584 2889 788 2934 etcum
817 2879 1134 2951 Decapolita
1172 2879 1441 2953 Gregorio
1482 2884 1879 2941 Constantino-

290 2969 460 3038 polim
485 2972 727 3028 transiit.
755 2972 1058 3043 Postquam
1080 2984 1265 3029 autem
1289 2976 1395 3031 sub
1425 2975 1613 3033 Leone
1636 2980 1880 3036 Arineno

285 3062 469 3118 denuo
498 3064 821 3119 resuscitala
857 3064 1354 3123 lconomachorum
1389 3068 1618 3127 haeresis
1646 3073 1879 3127 extulis-

284 3164 370 3212 set
393 3164 578 3227 caput,
635 3158 913 3228 deprecati
966 3168 1098 3216 sunt
1130 3173 1383 3217 sanctum
1422 3163 1751 3234 Gregorium
1784 3182 1879 3221 or-

285 3250 535 3355 thod‘oxl,
563 3261 625 3354 ut
660 3251 895 3355 Romam
912 3255 1217 3310 destinaret
1261 3253 1587 3326 Josephum,
1621 3258 1874 3317 fidelibus
1901 3294 1948 3355 ο

288 3345 358 3397 tbi
391 3342 718 3413 degentibus
742 3344 1145 3410 nuntiaturum,
1171 3348 1304 3415 quid
1358 3349 1673 3404 accidisset.
1710 3347 1874 3404 Navi-

284 3435 434 3504 gavit
462 3436 630 3506 igitur
658 3450 762 3501 eo;
797 3438 891 3491 sed
937 3453 967 3491 a
1016 3437 1382 3493 barbarorum
1422 3440 1655 3511 navigiis
1701 3442 1876 3497 inter-

287 3536 496 3597 ceptus,
528 3526 801 3584 abductus
827 3529 881 3583 in
918 3529 1141 3585 Cretam
1175 3531 1430 3601 captivus
1471 3540 1579 3588 est.
1615 3531 1731 3589 Una
1773 3550 1874 3589 au-

285 3625 394 3673 tem
453 3618 698 3674 noctium
770 3628 959 3675 astans
1035 3622 1212 3677 eidem
1286 3624 1559 3693 quidam,
1634 3627 1873 3695 speciem

284 3711 651 3782 pontiﬁcalem
688 3712 1028 3784 przeferens:
1066 3713 1145 3770 Ex
1191 3714 1365 3788 Myro,
1397 3718 1598 3787 inquit,
1631 3718 1742 3775 huc
1774 3719 1875 3773 ad-

281 3803 436 3866 veni;
476 3811 531 3859 et
563 3803 764 3859 librum
803 3820 1055 3870 sumens,
1088 3806 1259 3876 jussit
1299 3823 1427 3863 eum
1461 3809 1733 3880 accipere.
1768 3811 1875 3867 Ac-

280 3895 426 3966 cepit
449 3895 677 3967 .loseph,
704 3898 942 3968 legitque
990 3900 1105 3955 haec
1136 3901 1302 3955 verba
1336 3903 1660 3969 :Accelera,
1707 3903 1873 3959 raise-

274 3986 477 4051 ricors,
494 3994 549 4042 et
577 3988 798 4053 festina,
820 3989 1131 4056 miser-ator,
1153 3991 1207 4045 in
1226 3990 1560 4062 adjutorium
1583 4003 1830 4049 nostrum
1854 4013 1868 4049 :

277 4088 434 4151 potes
463 4081 634 4145 enim,
683 4082 726 4137 si
760 4083 862 4138 vis.
914 4083 1072 4149 Quod
1104 4094 1289 4139 atttent
1350 4098 1483 4140 tunc
1532 4088 1869 4153 decantavit,

278 4187 445 4242 opere
501 4175 622 4244 ipso
648 4177 981 4245 completum
1014 4177 1174 4246 vidit;
1222 4180 1448 4250 quando
1494 4179 1803 4252 'l‘heophilo
1841 4199 1872 4239 e

279 4262 418 4317 vivis
446 4263 688 4328 sublato,
720 4276 909 4320 sancta
945 4264 1191 4322 Ecclesia
1233 4286 1521 4326 sacrarum
1563 4272 1867 4344 imaginum

278 4355 484 4423 recepit
504 4364 783 4409 ornatum.
815 4356 1040 4415 interim
1063 4362 1280 4416 divinus
1306 4362 1509 4432 Josepb
1536 4366 1802 4422 libetatus
1839 4383 1870 4422 c

279 4459 519 4509 carcere,
545 4446 1079 4518 Constantinopolim
1107 4452 1292 4509 salvus
1317 4455 1617 4524 perductus
1655 4469 1760 4513 est.

346 4536 400 4593 ὃ.
437 4555 457 4588 ς
497 4536 804 4606 lnveuerat,
845 4556 969 4595 cunt
996 4544 1176 4597 adhuc
1202 4554 1346 4599 esset
1374 4549 1428 4601 in
1462 4548 1663 4605 ﬁnibus
1688 4549 1866 4607 Thes-

1988 666 2288 722 Ecclesiunt
2337 668 2653 723 universam
2696 667 2815 723 suis
2854 666 3150 743 illustravit
3184 667 3439 739 hymnis,
3475 685 3596 725 ca».-

1989 758 2180 830 pitque
2220 760 2466 815 omnium
2520 774 2617 814 ore
2670 759 2981 827 celebrari,
3032 769 3088 815 et
3135 761 3352 817 cunctis
3399 751 3595 819 haberi

1987 854 2263 919 amabilis,
2298 869 2406 907 non
2440 862 2652 908 tantum
2681 854 2885 921 idiotis,
2920 854 3016 910 sed
3046 853 3212 910 etiam
3250 854 3593 928 principibus

1988 955 2043 998 et
2079 944 2510 1016 imperatoribus
2545 945 2700 1015 ipsis.

2063 1035 2119 1091 4.
2164 1055 2183 1089 ι
2220 1036 2451 1092 Multum
2500 1051 2723 1108 quoque
2755 1035 3082 1093 orthodoxae
3120 1037 3245 1095 lldei
3288 1054 3457 1097 causa
3497 1040 3594 1096 de-

1988 1136 2231 1190 certans,
2269 1127 2325 1182 in
2352 1126 2692 1184 Chersonem
2727 1136 2813 1184 est
2851 1128 3127 1199 relegatus
3174 1134 3246 1187 ab
3284 1132 3456 1204 impio
3485 1135 3591 1186 Ar-

1990 1236 2173 1285 meno,
2216 1234 2286 1277 eo
2324 1236 2486 1292 quem
2541 1220 2774 1277 Bardam
2829 1223 3103 1279 vocabant
3150 1225 3588 1291 condemnante,

1987 1313 2134 1384 quod
2166 1312 2321 1367 illum
2356 1329 2621 1384 generose
2651 1315 3047 1382 redarguisset.
3081 1314 3213 1373 Post
3244 1318 3405 1386 cujus
3439 1331 3592 1372 mor-

1989 1413 2096 1461 tem
2124 1419 2156 1460 e
2179 1405 2464 1463 Chersone
2496 1406 2761 1463 liberatus
2784 1418 2870 1463 est
2890 1408 2961 1464 ab
2984 1411 3205 1487 egregia
3237 1410 3329 1465 illa
3354 1411 3596 1481 impera-

1988 1499 2127 1554 trice
2186 1498 2514 1567 Theodora,
2568 1516 2690 1570 qua:
2739 1501 3122 1557 orthodoxiam
3169 1501 3500 1570 celebravit;
3540 1512 3597 1559 et

1987 1608 2274 1648 sacrorum
2308 1608 2566 1647 vasorum
2610 1591 2818 1665 Magna:
2847 1593 2943 1649 Dei
2974 1596 3221 1651 ecclesia:
3284 1604 3474 1653 custos
3513 1594 3598 1651 ef-

1987 1682 2166 1739 fectus
2194 1693 2300 1749 est,
2324 1683 2515 1738 divino
2544 1681 2757 1754 lgnatio
2786 1683 2972 1739 sedem
3000 1684 3425 1753 patriarchalem
3450 1685 3597 1741 obti-

1985 1782 2172 1829 neute.
2220 1772 2353 1829 Post
2381 1773 2549 1842 hujus
2596 1788 2760 1843 porro
2805 1789 2871 1830 ex
2925 1774 3030 1829 bac
3074 1774 3186 1829 vita
3231 1776 3540 1832 discessum
3573 1799 3590 1827 ο

1988 1867 2182 1921 Photio
2214 1880 2436 1937 quoque
2470 1867 2490 1938 (
2516 1868 2603 1921 hic
2629 1867 2775 1921 enim
2806 1876 2931 1937 post
2972 1867 3244 1937 lgnatium
3276 1869 3594 1944 patriarcha

1981 1968 2067 2015 est
2105 1959 2464 2028 declaratus)
2502 1958 2557 2012 in
2612 1958 2902 2013 amoribus
2952 1957 3058 2013 fuit
3105 1958 3592 2030 astimationeque

1985 2051 2246 2104 maxima.
2276 2047 2417 2103 Inter
2443 2048 2559 2103 ha'c
2580 2048 2807 2119 longum
2829 2048 2954 2104 vitae
2976 2047 3214 2119 spatium
3242 2047 3594 2104 laudabiliter

1986 2141 2245 2212 implcns,
2278 2148 2578 2210 sancteque
2628 2146 2683 2193 et
2722 2138 3045 2193 innocenter
3094 2150 3195 2192 suo
3238 2144 3495 2193 versatus
3532 2136 3587 2189 in

1987 2248 2235 2296 munere,
2256 2231 2588 2288 obdormivit
2615 2232 2668 2287 in
2693 2228 2947 2287 Domino.
2972 2229 3181 2285 Dicitur
3203 2238 3413 2297 autem,
3438 2229 3589 2300 quod

1982 2336 2172 2382 sancta
2206 2325 2354 2380 illius
2389 2322 2598 2387 anima,
2634 2322 3039 2379 deducentibus
3075 2322 3285 2377 sanctis
3318 2322 3585 2394 martyri-

1985 2420 2089 2475 bus
2121 2419 2462 2489 augelisque,
2495 2424 2685 2471 evecta
2718 2416 3005 2471 incaalum
3041 2415 3136 2471 sit.
3172 2414 3388 2471 Etenim
3422 2414 3593 2468 homo

1981 2513 2245 2586 quidam,
2286 2525 2508 2564 servum
2549 2509 2740 2564 utilem
2785 2508 3024 2574 habens,
3061 2518 3188 2562 cum
3233 2507 3325 2562 hic
3366 2522 3426 2561 se
3464 2505 3590 2578 fuga

1983 2603 2359 2676 proripuisset,
2380 2602 2517 2656 abiit
2537 2600 2604 2655 ad
2630 2610 2883 2656 sanctum
2915 2596 3591 2662 Theodorum,Phanero~

1982 2709 2089 2752 tem
2122 2698 2286 2765 vulgo
2309 2704 2716 2763 nuncupatum,
2748 2700 3044 2763 rogaturus
3070 2702 3130 2745 ut
3151 2705 3315 2745 suum
3343 2688 3448 2745 sibi
3474 2705 3591 2745 ser-

1981 2805 2106 2845 vum
2160 2789 2450 2844 revelaret.
2501 2785 2712 2842 Exacto
2755 2794 2940 2841 autem
2989 2784 3192 2839 ibidem
3234 2783 3417 2854 spatio
3466 2797 3577 2839 non

1982 2885 2200 2940 modico
2226 2882 2510 2953 temporis,
2549 2897 2673 2936 cum
2722 2880 2859 2937 nihil
2891 2880 3178 2936 didicisset
3214 2879 3286 2936 de
3330 2877 3585 2950 fugitivo.

1981 2971 2239 3027 recedere
2273 2970 2479 3033 voluit;
2523 2970 2994 3039 recessissetqne,
3035 2968 3144 3024 nisi
3174 2977 3303 3024 orto
3338 2966 3454 3039 jam
3499 2968 3591 3024 die

1980 3066 2236 3118 detentus
2272 3062 2549 3133 spirituali
2583 3063 2677 3130 qui
2709 3062 2874 3117 fiebat
2907 3077 3184 3128 sermone,
3214 3062 3590 3120 obdormisset

1983 3157 2270 3225 tantisper.
2302 3160 2481 3226 Atque
2510 3170 2639 3211 ecce
2667 3164 2962 3227 martyrem
2996 3155 3167 3216 videt,
3198 3164 3255 3211 et
3278 3155 3397 3212 hate
3427 3155 3495 3211 ad
3528 3172 3590 3212 se

1979 3249 2250 3305 dicentem
2281 3249 2436 3304 audit
2468 3266 2482 3304 :
2516 3246 2722 3319 thuid
2753 3258 2987 3304 nitestus
3017 3247 3118 3303 es!
3142 3248 3311 3303 Poeta
3346 3245 3590 3321 losepbo

1982 3343 2086 3397 hac
2124 3352 2286 3397 nocte
2315 3342 2609 3406 moriente,
2658 3342 2846 3396 anima
2881 3342 3001 3411 ejus
3030 3341 3099 3396 ab
3126 3342 3384 3399 omnibus
3424 3342 3587 3398 nobis

1978 3450 2118 3507 quos
2147 3434 2263 3489 suis
2296 3433 2598 3489 canonibus
2631 3433 2965 3505 hyrnnisque
2998 3432 3312 3500 honoravit,
3347 3434 3584 3491 deducta

1976 3536 2064 3583 est
2088 3535 2143 3581 et
2174 3533 2301 3580 ante
2333 3525 2429 3581 Dei
2461 3536 2824 3595 conspectum
2858 3527 3183 3583 constituta.
3210 3525 3371 3585 Nunc
3396 3537 3582 3585 autem

1976 3628 2174 3690 pmsto
2198 3632 2346 3681 sum,
2380 3623 2712 3673 ostensurus
2742 3618 3024 3686 deinceps,
3052 3617 3199 3687 quod
3229 3620 3402 3674 voles.
3435 3618 3583 3675 Vade

1974 3712 2044 3765 ad
2079 3711 2259 3765 locum
2290 3708 2442 3763 illum
2488 3709 2509 3778 (
2523 3718 2578 3764 et
2602 3708 2783 3765 locum
2814 3709 3175 3781 nominavit),
3209 3708 3283 3765 ibi
3311 3708 3580 3768 famulum

1977 3812 2153 3867 tuum,
2184 3817 2347 3872 quem
2378 3802 2639 3872 requiris,
2672 3800 2945 3857 invenies.
2983 3818 3004 3853 ι

2045 3895 2099 3949 5.
2145 3894 2422 3949 Hactenus
2460 3893 2839 3964 Synaxarium
2866 3893 3204 3962 praedictum,
3235 3902 3381 3950 recte
3402 3903 3458 3950 et
3487 3910 3580 3950 or—

1974 3987 2101 4042 dine
2126 3987 2336 4047 omnia,
2360 3970 2463 4040 nisi
2495 3985 2643 4055 quod
2671 3984 2736 4038 ad
2759 3995 3016 4040 auctores
3036 3985 3223 4041 indicti
3258 3986 3312 4039 in
3331 3986 3575 4041 Cherso-

1975 4099 2095 4139 nem
2124 4081 2300 4137 exsilii
2330 4081 2587 4151 pertinet,
2619 4079 2867 4150 achque
2914 4090 2970 4136 et
2998 4080 3178 4152 ipsius
3210 4080 3393 4136 exsilii
3424 4091 3570 4136 torn-

1975 4194 2097 4247 pus,
2134 4176 2347 4233 Etenim
2380 4173 2638 4246 quamvis
2680 4171 2787 4227 Leo
2816 4176 3113 4239 Armentis,
3148 4190 3262 4229 suae
3295 4175 3571 4229 adversus

1973 4272 2270 4325 monachos
2304 4268 2646 4323 orthodoxos
2679 4267 2903 4323 saevitiae
2935 4268 3251 4323 ministrum
3276 4268 3569 4339 facemque.

1972 4364 2232 4419 habuisse
2265 4364 2479 4433 legatur
2500 4359 2735 4414 Bardam
2764 4359 3083 4430 quemdam,
3117 4359 3334 4429 alliuem
3367 4376 3570 4427 suum;

1973 4456 2062 4510 hic
2095 4463 2276 4508 tamen
2308 4451 2516 4506 nullam
2550 4452 2730 4521 potuit
2760 4464 2972 4519 partem
3029 4450 3135 4505 sibi
3165 4449 3472 4506 vindicasse
3508 4452 3563 4507 in

1973 4547 2225 4602 vetando
2253 4544 2492 4614 Josepho
2534 4560 2548 4596 :
2585 4557 2711 4598 cum
2753 4541 2800 4596 is
2837 4541 2942 4597 sub
2972 4541 3152 4611 ipsum
3183 4543 3402 4599 initium
3433 4558 3558 4615 per-

278 4630 568 4691 salonicte.
610 4631 783 4683 sancti
834 4634 1067 4701 apo~loli
1120 4633 1502 4693 Bartbolomaei
1554 4642 1867 4711 reliquiam.
1904 4644 1947 4699 ι)
1978 4639 2296 4702 secutionis,
2331 4652 2480 4691 anno
2514 4635 2551 4690 2
2592 4635 2813 4698 Leonis,
2850 4636 3158 4705 suscitator,
3209 4634 3440 4693 Romam
3489 4636 3569 4690 Ie-

277 4720 430 4777 liane
469 4720 634 4793 igitur
668 4720 982 4790 accipiens,
1014 4725 1118 4779 sub
1147 4726 1294 4780 illius
1329 4730 1551 4785 nomine
1582 4733 1876 4789 aedificavit

275 4816 573 4882 sacellum;
605 4816 880 4886 cmpitque
899 4816 1069 4870 multa
1095 4833 1219 4873 cum
1249 4819 1625 4878 sollicitudine
1653 4842 1872 4883 versare

274 4908 480 4973 animo,
525 4906 805 4976 quomodo
851 4907 1203 4966 festivitatem
1253 4914 1378 4982 ejus
1425 4918 1599 4973 sacris
1633 4920 1869 4976 canticis

276 5000 672 5072 componendis
713 5010 972 5069 ornaret;
1010 5018 1134 5057 cum
1172 5004 1432 5077 lacrymis
1461 5020 1621 5081 atque
1656 5012 1869 5082 singul-

286 5092 419 5148 .ihus
450 5093 791 5164 supplicans,
822 5102 885 5148 ut
916 5094 1080 5166 hujus
1114 5098 1372 5155 desiderii
1404 5102 1490 5155 sui
1522 5119 1751 5173 compos
1783 5107 1867 5161 ef-

277 5184 359 5237 tici
394 5196 713 5240 mereretur.
768 5187 831 5240 Et
878 5202 1010 5243 vero
1050 5204 1276 5259 compos
1319 5194 1440 5263 ejus
1481 5196 1708 5253 eﬂ‘eetus
1757 5208 1862 5256 est.

279 5270 449 5327 Noctu
476 5277 621 5329 enim
655 5278 837 5333 virum
868 5284 1158 5350 quemdam
1196 5287 1552 5341 reverendum
1581 5292 1865 5362 conspica-

278 5370 366 5415 tus
396 5374 479 5417 est
518 5366 585 5420 ad
626 5369 770 5424 latus
814 5372 1095 5439 ερίδιοιαι,
1146 5377 1240 5444 qui
1289 5377 1579 5434 videbatur
1628 5398 1779 5438 sacra
1832 5400 1864 5440 e

277 5468 463 5508 mensa
490 5457 843 5529 Evangelmm
871 5466 1084 5531 tollere,
1120 5468 1411 5540 ipsumque
1432 5470 1653 5544 Iosephi
1689 5479 1863 5546 impo-

280 5566 414 5607 nens
455 5557 698 5622 pectori,
735 5575 835 5615 sua
864 5577 988 5616 eum
1036 5566 1414 5623 benedictione
1461 5568 1748 5639 impertiri.
1785 5574 1860 5628 Ex

276 5659 408 5699 tunc
436 5654 618 5699 autem
648 5651 876 5716 gratiam
904 5660 1416 5722 componendorum
1449 5662 1777 5733 hymnorum
1805 5675 1862 5721 et

278 5734 586 5793 facultatem
614 5740 803 5794 habuit
826 5752 934 5797 tam
969 5748 1301 5815 expeditam,
1330 5760 1388 5806 ut
1416 5755 1640 5822 quidam
1665 5757 1857 5811 existi-

274 5838 507 5896 marent,
564 5846 691 5886 eum
754 5834 1018 5889 melodias
1080 5853 1266 5895 sacras
1322 5858 1429 5896 non
1481 5847 1729 5914 proferre
1789 5864 1856 5905 ex

271 5918 477 5994 seipse,
514 5923 608 5979 sed
642 5924 862 5980 aliunde
889 5934 1140 5995 acet-ptas
1172 5936 1225 5979 et
1267 5935 1542 5986 iocularia!
1568 5948 1853 5990 commeti-

1977 4742 2134 4801 gatus
2181 4732 2273 4791 sit.
2305 4739 2361 4784 et
2394 4742 2571 4798 usque
2599 4729 2668 4783 ad
2720 4742 2924 4783 annum
2961 4727 3071 4782 820
3098 4728 3361 4784 manserit
3390 4731 3569 4799 capti-

1978 4834 2078 4873 vus
2106 4818 2161 4872 in
2194 4818 2375 4873 Creta.
2412 4816 2750 4886 Theophilus
2781 4817 2972 4886 igitur,
3004 4816 3207 4887 impius
3254 4819 3457 4887 passim
3494 4819 3566 4873 ab

1972 4911 2290 4967 auctoribus
2310 4910 2511 4973 dictus,
2539 4910 2612 4965 ob
2650 4910 3093 4965 iconomachiam
3151 4910 3563 4975 resuscitatam,

1972 5003 2140 5058 Scribi
2192 5002 2281 5058 hic
2327 5013 2382 5057 et
2430 5001 2657 5072 intelligi
2714 5001 2940 5067 debuit;
3014 5000 3119 5056 sub
3164 5017 3280 5070 quo
3333 5001 3565 5066 Bardas,

1973 5094 2031 5151 S.
2088 5094 2390 5150 Tlteotlorte
2430 5096 2692 5165 Augustae
2721 5094 2912 5158 frater,
2970 5094 3052 5147 vir
3106 5095 3352 5152 incestus
3396 5106 3566 5168 atque

1970 5191 2236 5257 nefarius,
2288 5190 2431 5259 apud
2494 5191 2809 5252 sororium,
2878 5190 3169 5245 monachis
3236 5191 3565 5246 orthodoxi»

1970 5283 2431 5345 iufensissiutum,
2466 5282 2627 5337 facile
2658 5283 2836 5353 putuit
2884 5282 3140 5337 eﬂ‘ectum
3189 5283 3343 5347 dare,
3380 5294 3441 5337 ut
3469 5281 3563 5339 Jo-

1967 5378 2223 5448 sephum,
2253 5377 2384 5430 vitia
2417 5392 2517 5429 sua
2542 5376 2912 5446 increpantem
2946 5376 3195 5438 liberius,
3227 5376 3437 5430 videret
3469 5392 3560 5429 re-

1966 5474 2226 5545 legatum.
2275 5472 2348 5524 Ιιιι
2383 5482 2531 5525 certe
2571 5470 2787 5525 censuit
2818 5469 2863 5525 is
2894 5470 3020 5539 quis
3059 5471 3293 5523 alterum
3350 5486 3382 5523 e
3421 5486 3554 5523 mss.

1966 5565 2286 5635 Synaxariis
2308 5560 2797 5631 Cryptaa-Fcrratze
2858 5562 3177 5631 compilavit
3229 5572 3440 5621 auctor,
3472 5574 3559 5641 .et

1966 5660 2299 5713 conveniunt
2326 5656 2532 5724 optime
2565 5652 2699 5708 Vitae
2733 5655 2891 5718 Acta,
2933 5654 3187 5724 quamvis
3216 5653 3367 5707 nulla
3410 5652 3555 5707 facta

1964 5750 2155 5803 Barda-
2188 5747 2465 5801 mentione
2497 5756 2664 5801 tolatu
2700 5746 2914 5816 culpam
2946 5747 2999 5799 in
3027 5762 3047 5793 ι
3078 5745 3380 5814 pessimum
3408 5744 3556 5798 illius

1965 5841 2226 5910 temporis
2254 5840 2667 5909 imperatorem,
2709 5860 2726 5891 ι
2766 5838 2975 5894 scilicet
3012 5836 3381 5906 Theophilum
3410 5851 3548 5889 con-

1966 5935 2163 5991 ferant.
2188 5932 2248 5987 lu
2279 5932 2427 5987 dicto
2477 5946 2605 5987 vero
2645 5934 2949 6008 Synnxario
2983 5932 3064 5985 sic
3107 5932 3304 6000 legitur
3353 5946 3369 5982 :
3415 5946 3435 5982 ι
3464 5926 3558 5985 1η-
