4094 6284
466 381 575 444 935

1610 374 1675 434 S.
1715 373 2030 437 IOSEPHI
2068 373 2633 436 HYMNOGRAPIII

3635 371 3749 437 936

467 493 578 547 vidi
613 496 794 546 autem
821 484 1043 558 quidam
1076 500 1203 542 cum
1238 500 1362 540 eum
1397 484 1717 540 calumniati
1751 495 1938 541 essent
1988 484 2057 539 de
2089 487 2128 542 Α
2159 493 2212 538 et
2237 487 2381 553 apud
2415 483 2696 540 Bocchum
2727 483 2998 554 Pyrrhum
3036 481 3088 537 in
3131 481 3323 536 notitia
3353 478 3609 538 Ecclesia?
3645 488 3752 557 Sy-

467 587 555 649 iis,
587 598 710 652 quae
731 580 997 636 adversus
1034 578 1267 632 Bai-dam
1299 577 1571 633 Cresarcm
1624 578 1771 631 dicta
1811 575 2048 638 fuerant,

466 677 522 730 in
561 673 896 729 Chersonem
946 669 1280 740 relegarunt,
1313 670 1457 723 unde
1488 679 1612 739 post
1648 668 1869 737 aliquod
1917 677 2055 721 tem-

468 781 570 834 pus
592 760 1119 828 Constantinopolim
1167 774 1474 829 regressns,
1528 773 1816 811 sacrorum
1850 755 2057 826 Magna:

482 858 576 911 Dei
625 855 876 912 ecclesiae
923 867 1181 908 vasorum
1238 861 1426 907 custos
1468 850 1647 907 factus
1707 859 1810 914 est,
1850 846 2056 918 lgnatio

467 947 804 1021 patriarcha.
839 963 860 1000 ι

537 1043 591 1096 6.
623 1041 890 1096 Graviora
952 1038 1187 1093 aliorum
1244 1035 1672 1108 Synaxarioruiu
1737 1045 1919 1089 errata
1968 1034 2054 1089 hic

467 1149 578 1188 non
616 1133 959 1202 attingimus.
1005 1140 1216 1184 tantum
1273 1129 1512 1182 dicimus
1544 1128 1596 1182 in
1652 1142 1843 1182 eorum
1910 1127 2058 1181 nullo

469 1226 647 1281 notari
675 1240 874 1280 nomen
908 1223 1108 1279 Leonis
1142 1221 1393 1287 Isaurici,
1419 1220 1648 1290 quodin
1678 1221 1830 1275 Actis
1873 1235 2054 1290 reper-

469 1326 585 1370 tum
641 1317 713 1370 ita
755 1318 913 1370 torsit
959 1315 1247 1369 Octavium
1313 1311 1636 1381 Cajctauum
1687 1321 1958 1375 nostrum,
2001 1310 2054 1365 in

467 1411 588 1462 suis
620 1409 687 1462 ad
725 1423 788 1462 ea
811 1406 1290 1468 annotationibus,
1351 1413 1407 1457 nt
1458 1418 1585 1457 cum
1626 1402 1831 1456 videret
1858 1416 2056 1456 conse-

471 1514 650 1568 quens
707 1514 852 1565 esse,
915 1499 1061 1569 quod
1109 1499 1271 1551 annis
1309 1506 1365 1550 ut
1422 1497 1711 1550 minimum
1759 1496 1863 1550 170
1890 1495 2057 1550 vixis-

467 1603 555 1646 set
577 1589 874 1660 Iosephus,
911 1592 1147 1660 ingenue
1177 1587 1358 1643 fassus
1388 1589 1480 1654 sit,
1518 1605 1536 1638 r
1565 1597 1675 1642 tatu
1701 1587 2056 1658 lunginquam

468 1692 708 1748 aitatem,
748 1682 891 1736 inter
931 1691 1009 1738 tot
1036 1696 1219 1736 rerum
1253 1679 1526 1743 turbines,
1559 1689 1746 1748 totque
1783 1693 2059 1732 aerumnas

469 1782 521 1828 et
553 1773 978 1828 exercitationes
1008 1774 1262 1827 ascetica:
1301 1771 1445 1837 vitae,
1478 1773 1758 1841 negotium
1817 1770 1921 1826 sibi
1972 1768 2057 1824 fa-

2159 593 2442 632 racusaum
2483 582 2772 647 impressa.
2811 579 2914 645 Qui
2941 579 3082 633 idem
3114 577 3356 648 Pyrrhus
3399 577 3614 630 interim
3643 595 3737 633 as—

2159 669 2294 722 scrit
2324 679 2377 723 ct
2409 667 2673 722 Basiiiani
2705 669 2918 724 ordinis
2959 668 3288 723 monachum
3334 677 3389 720 ct
3441 665 3746 736 Syracusa-

2160 775 2290 813 num
2329 758 2502 814 fuisse
2530 756 2870 829 Jowphum;
2922 759 3066 815 istud
3107 774 3171 813 ex
3215 774 3335 823 sua,
3363 761 3465 812 hoc
3493 774 3562 814 cx
3588 761 3737 831 Cajo-

2162 849 2273 903 tani
2310 849 2624 918 conjectura
2649 866 2945 921 persuasus
2997 865 3012 904 :
3056 851 3315 918 additque
3359 851 3506 904 illius
3538 851 3724 907 festum

2165 941 2457 1012 Syracusis
2513 943 2783 998 celebrari
2834 943 2868 997 5
2913 943 3137 1013 Aprilis,
3207 944 3395 1013 utique
3451 955 3740 1014 postquam

2161 1034 2460 1104 Cajetanus
2512 1036 2717 1104 incepit
2769 1045 2996 1090 sanctos
3058 1035 3282 1091 Slculos
3330 1051 3394 1090 ex
3429 1037 3750 1092 Gmcorum

2159 1127 2379 1183 Menaeis
2424 1128 2773 1199 conquirere,
2822 1137 2877 1184 et
2923 1129 3039 1184 suis
3091 1129 3359 1185 iusulanis
3399 1133 3745 1186 venerandos

2162 1240 2468 1300 proponere
2498 1241 2513 1279 :
2544 1238 2724 1295 neque
2761 1223 2907 1278 enim
2943 1223 3324 1278 existimamus
3375 1221 3584 1276 cultum
3612 1238 3743 1278 eum

2163 1319 2454 1394 Syracusis
2484 1333 2607 1373 esse
2629 1318 2940 1383 antiquam,
2991 1329 3089 1369 aut
3123 1314 3175 1368 in
3209 1314 3320 1368 ulla
3372 1314 3644 1386 majorum
3674 1317 3746 1372 de

2161 1413 2399 1484 Josrpho
2431 1410 2731 1466 traditione
2762 1410 3073 1463 fundatum.

2231 1570 2352 1645 §ll.
2399 1568 2532 1624 Vita:
2561 1569 2868 1638 scriptores.
2920 1568 3159 1650 Curiones
3201 1569 3512 1637 compositi,
3546 1579 3756 1641 tempus

2851 1653 3060 1693 πιυνιιε.

2232 1780 2286 1836 8.
2313 1780 2468 1848 Quod
2491 1777 2520 1850 §
2545 1778 2814 1849 superiori
2847 1779 3086 1832 diximus
3112 1777 3180 1832 de
3211 1777 3406 1844 Barda,
3437 1787 3492 1833 et
3515 1780 3756 1835 circum-

467 1881 612 1922 cere.
662 1885 680 1918 ι
710 1864 906 1921 Omnia
954 1867 1336 1930 nihilominus,
1371 1881 1492 1935 quae
1545 1866 1805 1933 deinceps
1841 1864 1896 1917 in
1931 1860 2051 1916 Vita

2161 1875 2380 1932 stantia:
2436 1873 2686 1942 quaedam
2743 1873 2904 1936 aliae,
2958 1871 3011 1925 in
3068 1868 3388 1942 Syuaxariis
3437 1873 3754 1941 expressius

467 1961 752 2023 dicuntur,
787 1962 859 2015 ita
891 1959 1138 2030 digessit,
1175 1968 1234 2013 ut
1277 1977 1297 2010 ι
1357 1957 1684 2029 pessimum,
1749 1975 1768 2010 ι
1828 1955 1897 2011 de
1943 1970 2056 2026 quo

468 2069 656 2121 supra,
693 2055 1102 2124 imperatorem,
1135 2052 1240 2107 sub
1287 2067 1398 2123 quo
1443 2053 1497 2107 in
1547 2050 1798 2107 exsilium
1848 2049 2055 2118 ejectus

465 2157 553 2201 est
581 2145 807 2217 Joseph,
833 2146 977 2201 haud
1004 2146 1169 2201 dubie
1199 2154 1347 2201 notet
1380 2145 1548 2200 fuisse
1579 2163 1596 2196 ς
1633 2144 2052 2199 Constantinum

467 2240 898 2311 Copronymutn,
957 2238 1156 2295 Leonis
1215 2237 1442 2294 Isaurici
1486 2237 1684 2301 tilium,
1730 2247 1783 2291 et
1839 2235 2054 2305 imperii

467 2331 697 2402 perinde
729 2345 890 2404 atque
915 2333 1207 2403 impietatis
1244 2347 1620 2388 successorem
1649 2350 1663 2397 ;
1702 2350 1721 2384 ι
1749 2342 1806 2387 et
1832 2332 2054 2385 «ortho-

466 2425 642 2482 doxos
676 2427 1058 2496 imperatores,
1097 2443 1115 2476 ι
1153 2425 1257 2481 sub
1304 2424 1508 2492 quibus
1550 2433 1631 2478 est
1665 2424 2057 2478 Cuirstantino-

470 2519 634 2589 pulim
662 2528 973 2582 revocatus,
1000 2517 1423 2572 Constantinum
1456 2525 1510 2572 et
1539 2517 1748 2571 lrenem
1785 2517 2053 2585 interpre-

470 2620 630 2665 tetur.
660 2608 835 2676 thue
861 2609 977 2663 haec
1007 2609 1300 2662 concordet
1322 2622 1446 2661 cum
1491 2606 1712 2662 Menaeis
1754 2608 2052 2662 occasione

466 2702 659 2756 και-ἀει»
683 2703 920 2769 ejectum
949 2699 1260 2755 dicentibus
1284 2716 1300 2765 ;
1335 2699 1613 2754 concludit
1644 2719 1663 2750 ‹
1703 2714 1920 2764 rursus,
1949 2699 2054 2755 sub

465 2793 729 2848 Michaele
750 2791 920 2847 Balbo
943 2793 1159 2863 pulsqu
1191 2790 1515 2862 Jowphum,
1538 2801 1702 2862 atque
1729 2809 1758 2847 a
1791 2791 1849 2848 S.
1874 2791 2053 2848 Theo-

464 2888 602 2940 dora
669 2884 984 2940 restitutum
1013 2884 1204 2941 videri.
1247 2904 1264 2935 ι
1314 2883 1533 2938 Dubitat
1560 2884 1726 2939 etiam
1769 2902 1789 2936 ι
1837 2900 1905 2938 an
1943 2883 2053 2939 Leo

466 2976 759 3042 l~auricus,
800 2993 962 3048 quem
993 2994 1086 3032 xrv
1121 2977 1238 3032 Kal.
1277 2975 1405 3032 Julii
1443 2988 1724 3032 mortuum
1759 2978 2051 3048 Theopha-

464 3087 563 3126 nes
595 3070 809 3133 scribit,
870 3071 1054 3140 p0tius
1099 3069 1365 3126 dicendus
1403 3071 1476 3125 sit
1523 3071 1579 3124 in
1628 3067 1905 3123 Natalitiis
1939 3067 2049 3122 Do-

466 3163 598 3216 mini
630 3163 861 3225 obiisse,
891 3179 957 3216 an
999 3177 1128 3217 vero
1165 3175 1288 3233 post
1341 3177 1560 3217 menses
1598 3176 1693 3218 sex
1724 3171 1780 3216 et
1826 3161 2050 3216 totidem

464 3256 582 3309 dies
616 3254 685 3309 de
719 3254 840 3325 ejus
877 3264 1055 3309 morte
1094 3252 1262 3308 fuerit
1310 3264 1502 3309 sancto
1546 3252 1787 3324 Josepho
1834 3253 2053 3308 nuntia-

467 3357 603 3400 tum.
635 3365 653 3397 ι
690 3345 824 3411 Quae
865 3346 1048 3400 omnia
1100 3345 1259 3400 facile
1300 3347 1571 3418 potuisset
1607 3347 1950 3412 discernere,
2005 3344 2052 3400 si

463 3454 531 3491 ex
569 3438 807 3492 indicato
829 3438 1024 3493 mortis
1052 3439 1159 3503 die,
1186 3440 1440 3494 scivisset
1461 3439 1696 3493 Leonem
1730 3440 2051 3501 Armenum,

467 3529 710 3584 Isaurico
758 3537 913 3584 tanto
973 3531 1357 3600 posteriorem,
1414 3531 1753 3600 intelligere;
1795 3539 1854 3585 et
1893 3530 2049 3591 illud.

465 3625 523 3675 ὲν
550 3622 649 3691 τῆς
715 3622 1012 3693 ἰσαυρῑας,
1070 3621 1334 3678 insertum
1364 3624 1537 3688 Actis,
1579 3633 1895 3694 suspectum
1949 3623 2049 3677 ha-

464 3718 616 3782 bere,
651 3726 874 3787 propter
903 3717 1136 3771 aliorum
1171 3717 1418 3772 omnium
1455 3717 1736 3773 silentium
1780 3726 1834 3772 et
1881 3730 2050 3772 enor-

466 3824 607 3862 mem
648 3807 965 3862 distantiam
997 3811 1280 3880 temporis.

539 3899 590 3953 7.
622 3897 800 3954 Simili
827 3900 1035 3955 ratione
1085 3917 1194 3956 non
1243 3899 1534 3957 difficulter
1586 3902 1860 3972 potuisset
1905 3902 2047 3957 idem

462 3990 761 4061 Cajctanus
791 3993 974 4047 videre
1019 3992 1165 4048 illius
1203 3995 1537 4063 conjecturae
1584 3996 1904 4058 vanitatem,
1940 4010 2047 4064 qua

467 4082 770 4154 Syracusas
810 4085 981 4138 fuisse
1013 4085 1236 4154 Josephi
1268 4087 1500 4155 patriam
1521 4097 1810 4156 propterea
1831 4102 2051 4142 asseve-

470 4175 632 4237 ravit,
661 4175 790 4243 quia
820 4176 872 4228 in
909 4175 1057 4230 Actis
1077 4176 1508 4246 diciturJosephi
1533 4179 1730 4247 patria,
1763 4178 2054 4247 gloriosior

466 4266 677 4319 reddita
701 4284 727 4317 a
762 4265 910 4320 Beati
939 4269 1254 4336 parentibus
1281 4278 1388 4322 tam
1416 4268 1554 4323 felici
1584 4270 1849 4338 germine,
1886 4286 2051 4340 quam

463 4373 496 4408 a
534 4355 818 4426 Dionysio,
856 4374 874 4407 ‹
934 4357 1027 4425 qui
1067 4357 1198 4410 olim
1227 4359 1280 4411 in
1339 4373 1402 4412 ea
1458 4359 1693 4414 summis
1743 4359 1795 4412 in
1838 4359 2052 4415 deliciis

468 4451 733 4518 regnavit.
777 4468 795 4501 ι
831 4448 962 4504 Esto
988 4451 1133 4504 enim
1177 4450 1324 4520 quod
1373 4453 1578 4519 regiam
1619 4451 1910 4521 Syracusis
1956 4453 2053 4505 ha-

2158 1983 2322 2039 qnam
2355 1966 2412 2022 in
2447 1964 2566 2019 Vita
2600 1975 2798 2020 notatae
2827 1966 2908 2034 (ut
2938 1963 3082 2034 quod
3114 1962 3327 2017 decimo
3356 1962 3551 2032 quinto
3577 1967 3759 2018 relatis

2159 2075 2310 2114 anno
2325 2068 2576 2113 attonsus
2601 2060 2653 2111 in
2671 2058 3000 2112 monachum
3024 2065 3250 2121 Sanctus
3273 2052 3469 2124 Joscpli
3495 2055 3588 2120 sit,
3607 2056 3752 2124 quod

2159 2153 2347 2207 invasa
2398 2166 2427 2206 a
2474 2149 2764 2206 Saracenis
2799 2151 2977 2220 patria
3010 2159 3133 2204 cum
3178 2159 3350 2203 matre
3393 2164 3457 2203 ac
3492 2149 3755 2204 fratribus

2157 2253 2447 2310 servatus,
2491 2245 2638 2313 quod
2669 2253 3151 2312 extemporancam
3184 2257 3323 2312 pene
3362 2241 3613 2297 habuerit
3657 2257 3753 2296 ca-

2159 2351 2365 2391 nonum
2406 2335 2814 2391 condendorum
2856 2334 3173 2389 facultatem
3203 2374 3214 2397 ,
3246 2335 3392 2405 quod
3424 2335 3576 2390 locus
3607 2337 3753 2389 exsi-

2158 2427 2218 2481 lii
2245 2427 2526 2482 Cltersona
2563 2425 2746 2493 fuerit,
2774 2427 2921 2496 quod
2953 2436 3082 2480 ante
3121 2427 3375 2480 exsiliunt
3417 2427 3609 2496 injecta
3640 2430 3756 2482 sint

2157 2530 2350 2574 sancto
2387 2518 2606 2573 vincula
2647 2529 2702 2574 et
2738 2519 2996 2583 verbera,
3045 2519 3189 2588 quod
3225 2519 3461 2588 denique
3501 2520 3753 2589 gloriosi:

2157 2612 2304 2667 illius
2331 2611 2385 2664 in
2412 2611 2610 2666 caelum
2647 2610 2992 2664 deductionis
3026 2611 3187 2676 visio,
3214 2613 3505 2666 occasione
3536 2612 3750 2682 fugitivi

2158 2703 2411 2773 requisiti
2447 2702 2499 2756 in
2531 2703 2732 2770 templo
2767 2701 2945 2755 sancti
2983 2701 3258 2756 Theodori
3299 2702 3620 2759 Phanerotie
3652 2720 3745 2758 seu

2159 2795 2610 2860 Manifestatoris,
2647 2794 2906 2864 obtigerit
2937 2793 3111 2862 probo
3139 2793 3214 2846 illi
3251 2793 3389 2858 viro,
3415 2797 3508 2863 qui
3533 2795 3653 2863 ejus
3677 2798 3743 2847 ad

2158 2890 2299 2945 alios
2331 2888 2531 2943 meruit
2562 2887 2714 2942 testis
2749 2885 3063 2954 exsistere),
3102 2884 3206 2946 har,
3230 2884 3475 2953 inquam,
3505 2885 3746 2938 circnm-

2159 2981 2409 3046 stantize,
2447 2982 2499 3034 iu
2542 2977 2930 3050 prolixioribus
2958 2975 3108 3031 Actis
3143 2977 3449 3046 praateritaa,
3478 2973 3742 3028 credibile

2160 3074 2320 3128 nobis
2352 3072 2595 3136 faciunt,
2634 3070 2765 3123 Vitae
2791 3073 3066 3136 epitomen
3098 3068 3115 3135 (
3141 3082 3305 3136 quam
3337 3081 3499 3136 supra
3524 3082 3588 3120 ex
3614 3065 3741 3121 Cia-

2163 3175 2491 3219 romontano
2544 3163 2828 3222 dedimus,
2867 3176 3142 3230 quamque
3179 3159 3284 3213 alia
3327 3176 3464 3214 mss.
3495 3160 3607 3215 fere
3653 3174 3744 3213 se-

2161 3255 2451 3324 quuntur)
2481 3253 2651 3321 ipsam
2683 3266 2827 3313 esse,
2856 3264 3046 3318 quam,
3085 3266 3113 3301 a
3150 3250 3420 3318 discipulo
3448 3249 3621 3303 sancti
3649 3246 3746 3300 Jo-

2159 3348 2314 3418 sephi
2368 3345 2702 3416 Theophane
2750 3344 3049 3412 scriptam.
3099 3340 3340 3396 Joannes
3392 3341 3598 3409 Magnae
3649 3339 3742 3392 Dei

2161 3439 2411 3495 ecclesiae
2447 3439 2717 3492 diaconus
2742 3444 2795 3489 et
2818 3446 3027 3500 orator,
3055 3449 3165 3504 pne
3187 3435 3361 3505 oculis
3386 3434 3595 3492 habuit.
3632 3432 3748 3501 pic-

2158 3534 2284 3588 nius
2317 3532 2678 3600 ornatiusque
2707 3529 3111 3598 exponendam,
3143 3526 3342 3581 additis
3371 3541 3495 3596 qua:
3531 3525 3746 3580 tit-side»-

2159 3625 2423 3679 rabantur
2467 3623 2679 3677 multis.
2717 3620 2869 3675 lianc
2900 3621 2982 3674 sic
3030 3632 3247 3674 auctam
3278 3631 3642 3686 ornatamque
3676 3633 3744 3671 ex

2156 3726 2328 3787 parte,
2353 3734 2414 3771 ex
2447 3725 2603 3787 parte
2629 3729 2779 3781 vero,
2813 3714 3182 3783 pradiclarmu
3203 3712 3743 3766 circumstantiarum

2156 3811 2406 3866 minutiis
2437 3807 2846 3880 praetermissis,
2882 3807 3215 3874 descriptam
3248 3805 3497 3870 liberius,
3530 3804 3742 3872 accepi-=

2155 3917 2280 3957 mus
2305 3918 2368 3955 ex
2402 3900 2593 3955 codice
2637 3898 2828 3953 Graeco
2858 3895 3206 3951 Bibiiodrcca:
3231 3895 3522 3960 Vaticanae,
3555 3904 3746 3950 aucto-

2156 3993 2231 4048 ris
2256 4008 2456 4047 nomen
2475 3990 2639 4061 quale
2652 3989 2892 4042 diximus
2918 3988 3239 4060 praeferente
3264 4009 3277 4043 :
3304 3989 3745 4058 contulimustpte

2155 4102 2279 4142 cum
2317 4085 2588 4157 ecgraplto
2624 4082 2851 4137 alterius
2885 4083 3114 4149 codicis,
3155 4099 3184 4136 a
3219 4083 3439 4137 Daniele
3474 4087 3744 4136 monacho

2156 4190 2210 4236 et
2240 4181 2472 4235 sacrista
2504 4179 2556 4231 in
2581 4180 2920 4232 monasterio
2943 4178 3118 4232 sancti
3153 4178 3450 4231 Salvator-is
3478 4175 3744 4232 Messanae

2155 4272 2364 4341 absque
2402 4269 2648 4324 auctoris
2698 4269 2922 4323 nomine
2967 4268 3263 4338 descripti,
3311 4283 3378 4322 ex
3423 4267 3606 4337 pluteo
3651 4265 3741 4330 20,

2155 4375 2308 4416 num.
2337 4360 2425 4415 5'2.

2227 4454 2280 4508 9.
2318 4453 2393 4508 Ea
2442 4454 2719 4524 primum,
2766 4449 2957 4505 Latine
3000 4452 3211 4506 reddita
3255 4467 3285 4507 a
3336 4451 3395 4505 P.
3434 4452 3744 4522 Augustino

467 4542 648 4597 Duerit
684 4543 995 4614 Dionysius,
1028 4543 1125 4598 toti
1164 4552 1347 4597 tamen
1379 4543 1713 4613 imperitavit
1761 4545 1952 4599 insula:
1984 4546 2051 4601 tle
2085 4552 2128 4609 Β
2159 4545 2365 4601 Florito
2399 4546 2677 4600 societatis
2711 4554 2933 4609 nostrae,
2967 4547 3165 4613 prodiit
3187 4547 3324 4599 inter
3348 4543 3498 4600 Vitas
3521 4558 3743 4600 sanctu-

463 4653 596 4707 qua,
634 4651 740 4690 non
780 4637 846 4690 de
873 4637 1136 4707 peculiari
1164 4637 1348 4707 aliqua
1395 4637 1516 4705 ejus
1567 4638 1702 4692 urbe
1750 4638 2050 4708 loquuntur

463 4730 621 4783 Acta.
655 4727 769 4784 Non
803 4739 990 4798 potest
1026 4744 1159 4783 sane
1215 4729 1527 4784 verosimile
1576 4729 1743 4784 videri
1799 4732 1852 4784 in
1898 4741 2048 4786 tanto

466 4820 857 4875 historicorum
890 4821 1136 4876 omnium
1171 4819 1418 4888 silentio,
1450 4820 1598 4889 quod
1628 4820 1784 4874 lrene
1817 4831 1870 4874 et
1899 4821 2047 4877 Con—

464 4910 709 4963 stantino
749 4909 1132 4979 regnantibus,
1187 4911 1346 4979 potiti
1401 4911 1513 4963 sint
1570 4911 1758 4979 pirata:
1806 4911 2046 4979 barbari,

462 5019 527 5056 ea
556 5011 879 5072 tempestate
930 5017 1037 5057 non
1097 5003 1391 5056 adtnodum
1443 5003 1627 5068 validi,
1675 5005 2046 5062 munitissima

464 5098 600 5152 urbe
648 5114 672 5149 -:
717 5113 883 5166 quam
939 5097 1127 5158 iidem.
1166 5097 1368 5154 Sicilire
1425 5099 1650 5170 reliquae
1703 5100 2047 5156 dominatum

464 5189 642 5258 adepti
668 5189 769 5243 sub
803 5188 1064 5244 Michaele
1099 5190 1285 5256 Balbo,
1325 5208 1431 5244 non
1473 5201 1789 5261 potuerunt,
1833 5195 1908 5246 uti
1951 5208 2048 5247 nec

463 5279 913 5346 Tauromenium,
977 5298 1073 5353 per
1141 5299 1314 5338 annos
1370 5283 1438 5337 55
1497 5285 1580 5338 sui
1630 5287 1771 5354 juris
1831 5285 2044 5351 facere;

465 5374 792 5444 usquedum
853 5377 1062 5429 veniret
1114 5392 1294 5429 arruns
1355 5376 1481 5436 878,
1548 5379 1770 5447 quando
1832 5381 1918 5432 die
1977 5380 2039 5433 9.!

462 5468 607 5531 Maii,
645 5467 871 5521 tictoria
908 5469 1041 5538 ipsis
1070 5469 1135 5521 de
1170 5473 1356 5521 eadem
1384 5469 1603 5540 obtigit,
1633 5482 1686 5524 et
1741 5473 1908 5526 totius
1957 5472 2044 5526 in~

462 5557 597 5611 sola:
622 5559 1031 5625 possessionem
1065 5558 1435 5616 conﬁrmavit,
1467 5574 1662 5629 magna
1692 5576 1817 5615 cum
1855 5559 2043 5615 Recte-

464 5651 558 5703 site
598 5649 968 5703 aliiictissilute
991 5651 1300 5705 calamitate
1336 5670 1348 5705 :
1377 5667 1541 5720 quam
1580 5653 1845 5707 describit
1873 5655 1917 5709 is
1951 5655 2042 5723 qui

465 5739 713 5792 interfurit
740 5740 1084 5796 Theodosius
1113 5759 1442 5807 monachus,
1483 5746 1534 5797 in
1555 5746 1785 5815 epistola
1821 5748 1884 5802 ad
1911 5745 2045 5802 Leo-

466 5842 594 5882 nem
622 5829 1092 5900 archidiaconum,
1124 5849 1190 5888 ex
1227 5849 1333 5890 ms.
1375 5833 1566 5892 Graeco
1592 5834 1784 5894 Latine
1832 5840 2045 5897 reddita

2162 4656 2283 4695 rum
2345 4639 2654 4694 Siculorum
2715 4654 2807 4690 an.
2859 4638 3222 4705 i657;aliam
3265 4640 3459 4692 deinde
3497 4640 3737 4709 ejusdem

2161 4732 2296 4787 Vita:
2319 4733 2625 4786 versionem
2658 4730 2944 4785 adornavit
2969 4731 3275 4785 Ludoticus
3300 4731 3604 4786 Maraccius
3636 4731 3735 4787 Lu-

2159 4828 2362 4892 censis,
2393 4841 2422 4880 e
2450 4825 2881 4894 Congregatione
2906 4825 3242 4879 Clericorum
3277 4823 3462 4879 Matris
3487 4825 3601 4887 Dei,
3633 4840 3742 4880 una

2157 4937 2283 4975 cum
2335 4917 2655 4974 Canonibus
2696 4919 2749 4971 in
2800 4919 2982 4970 omnia
3038 4917 3214 4972 Beat-te
3265 4915 3506 4986 Virginis
3559 4919 3743 4973 Mariae

2157 5011 2317 5077 festa,
2365 5021 2420 5065 et
2467 5009 2781 5065 "i‘heotociis
2827 5025 2921 5078 per
2970 5026 3161 5063 omnes
3208 5009 3522 5064 Graecorum
3567 5012 3746 5065 eccle-

2157 5102 2413 5157 siasticus
2453 5102 2624 5155 libros
2678 5101 2916 5169 sparsis,
2953 5113 3006 5154 et
3041 5101 3216 5155 sancti
3260 5099 3483 5171 Josephi
3539 5117 3740 5155 nomen

2160 5204 2218 5246 ut
2247 5191 2491 5246 aucturis
2520 5191 3038 5262 praesel‘erentiiJUs;
3076 5208 3199 5258 qua:
3231 5198 3412 5247 oninia
3458 5198 3744 5259 pramomi-

2159 5284 2271 5336 nati
2318 5281 2574 5334 Ludovici
2614 5281 2998 5348 conjunctione
3033 5283 3314 5346 sanguinis
3358 5292 3411 5336 et
3458 5285 3740 5353 religionis

2158 5362 2499 5443 jizoi'eessitiriis
2532 5373 2719 5434 frater,
2760 5371 3081 5444 lixppoiytus
3115 5375 3429 5439 Maiarcins,
3458 5391 3738 5428 commcn-

2160 5468 2315 5521 tariis
2341 5467 2572 5519 eruditis
2603 5466 2914 5529 illustravit,
2945 5481 3146 5518 vocans
3184 5468 3270 5519 illa
3304 5465 3535 5520 Mai-iale
3564 5468 3740 5522 murti

2155 5559 2373 5627 Josrphi
2424 5557 2855 5627 Hymnograplri,
2907 5569 2957 5612 ct
3016 5560 3310 5627 publicarit
3359 5559 3547 5614 Romae
3593 5578 3738 5613 anim

2159 5654 2317 5707 “ibi.
2373 5651 2522 5707 lianc
2573 5654 2916 5717 versionem,
2968 5652 3140 5707 (Σικιευί
3205 5664 3494 5708 contextus
3555 5655 3736 5708 verbis

2156 5748 2401 5816 pressius
2431 5745 2806 5810 iiiha'rentem,
2847 5746 3260 5814 prattulct'atnits
3292 5755 3403 5799 tum
3435 5747 3602 5815 priori
3632 5746 3734 5811 ilii,

2157 5849 2272 5894 tum
2314 5838 2466 5893 alteri
2507 5852 2537 5892 a
2573 5836 2809 5908 quodam
2849 5837 3010 5908 hujus
3046 5846 3232 5894 nostro
3273 5837 3564 5910 proxincize
3591 5836 3738 5908 phil-
