4134 6336
334 409 439 474 937

1872 400 2071 463 VlTA.

3476 398 3582 465 938

333 522 512 578 ellene
542 517 851 573 elaboratae.
887 512 993 567 Sed
1027 519 1281 580 excerpta
1323 526 1388 566 ex
1438 510 1687 566 Maraccii
1732 511 1914 567 libello
1944 520 1989 574 Λ
2017 511 2163 566 ciunt
2198 508 2417 566 faciant.
2468 509 2666 567 Praeter
2720 512 2818 567 hos
2868 512 3006 568 duos
3037 526 3146 567 non
3196 512 3407 569 videtur
3440 514 3580 569 alius

330 613 489 679 folia,
527 610 787 681 preloque
831 606 900 661 ad
930 616 1176 661 nostrum
1208 619 1414 659 urerent
1445 614 1656 676 parata,
1684 604 1906 660 excide-

328 714 455 760 runt
488 704 647 758 nobis
678 697 1065 755 Amstelodami
1093 740 1108 765 ,
1141 697 1362 769 quando
1389 705 1515 768 post
1546 696 1753 751 tristem
1783 694 1907 749 Bla-

326 796 504 851 vianae
553 792 928 863 typographia:
976 806 1166 846 casum
1222 790 1617 859 colligebamus
1662 789 1907 845 sarcinas

328 886 704 955 Antwerpiam
758 882 1133 938 revehendas:
1166 897 1341 952 neque
1359 881 1494 951 jam,
1522 895 1647 937 cum
1670 880 1905 951 primum

328 981 579 1036 detectus
600 976 1071 1042 animadvertitur,
1096 974 1401 1046 promptius
1415 983 1499 1029 est
1517 974 1723 1045 aliquid
1742 989 1904 1042 quam

331 1087 401 1127 ex
451 1068 677 1125 Octavio
733 1067 996 1138 Cajetano
1040 1069 1284 1137 recipere
1324 1065 1512 1123 Floriti
1559 1067 1863 1122 versionem
1889 1105 1904 1130 ,

332 1177 568 1235 eamque
587 1163 653 1217 ad
686 1168 998 1218 contextum
1024 1160 1272 1216 Graecum
1294 1158 1472 1214 denuo
1493 1171 1905 1228 recognoscere,

332 1256 561 1312 mutatis
595 1255 724 1310 hinc
751 1251 877 1309 inde
907 1252 1156 1323 pauculis
1190 1251 1281 1308 ubi
1311 1250 1364 1305 id
1391 1250 1609 1321 exigere
1638 1265 1727 1306 res
1756 1250 1910 1305 vide-

331 1345 502 1404 bitur.

404 1437 491 1493 lo.
551 1436 741 1491 Simon
773 1432 1241 1506 Wangnereckius
1296 1442 1500 1497 noster,
1541 1432 1597 1487 in
1646 1430 1902 1501 Prolego-

331 1531 507 1588 menis
539 1532 606 1586 ad
645 1529 943 1585 Marianum
989 1529 1303 1585 Graecorum
1352 1528 1630 1597 pietatem,
1661 1543 1727 1580 ex
1768 1528 1908 1579 duo-

328 1626 508 1681 decim
537 1624 698 1680 tomis
723 1623 1049 1678 Mensorum
1088 1630 1143 1676 et
1188 1630 1392 1692 septem
1436 1620 1663 1690 reliquis
1704 1619 1907 1675 Gracia

328 1716 577 1773 Ecclesia
606 1714 975 1772 voluminibus
997 1725 1333 1784 excerptam,
1370 1729 1427 1768 ιι.
1457 1712 1552 1774 2i,
1583 1712 1652 1767 de
1681 1711 1905 1768 duobus

326 1811 535 1867 sanctis
578 1808 854 1880 Iosephis,
883 1817 1111 1877 utroque
1137 1806 1551 1877 hymnOgraplio
1580 1815 1634 1860 et
1682 1802 1902 1861 confes-

327 1917 456 1959 sore
522 1901 667 1970 apud
729 1900 983 1963 Graecos,
1023 1898 1136 1967 agit
1185 1917 1200 1953 :

330 1994 392 2048 S.
408 1992 684 2050 Theodori
719 1992 947 2047 Studitae
969 1992 1136 2046 frater
1163 1998 1330 2060 atque
1356 1991 1642 2059 episcopus
1662 1987 1905 2044 Thessa-

334 2083 649 2149 lonicensis,
686 2083 750 2138 l4
777 2081 904 2137 Iulii
933 2081 1280 2143 recolendus,
1310 2089 1366 2134 et
1412 2079 1663 2134 habuerit
1688 2080 1742 2133 in
1774 2094 1907 2134 cau-

333 2174 458 2231 ticis
482 2173 598 2230 suis
619 2174 917 2245 pangendis
935 2173 1039 2226 hoc
1069 2171 1322 2235 notabile,
1353 2170 1499 2240 quod
1519 2184 1714 2225 nomen
1743 2186 1904 2226 suum

331 2281 478 2340 saepe
522 2266 791 2322 omissum
843 2266 896 2321 in
937 2264 1117 2330 titulo,
1158 2277 1252 2333 per
1300 2262 1735 2319 Aerostiehidem
1788 2263 1906 2317 sive

331 2359 538 2431 primas
591 2358 937 2427 stropharum
988 2357 1213 2422 litteras,
1252 2355 1398 2409 circa
1456 2354 1696 2407 ultimam
1744 2352 1904 2408 odam

332 2450 422 2508 sui
455 2451 635 2507 ultimi
663 2450 914 2517 canonis,
948 2463 1161 2519 semper
1184 2445 1601 2503 accuratissime
1634 2445 1902 2517 signarit:

332 2543 469 2600 alter
492 2540 654 2598 annis
686 2541 824 2596 forte
857 2539 1213 2612 quadraginta
1241 2538 1450 2607 junior,
1484 2539 1572 2593 hic
1598 2547 1782 2592 noster
1811 2537 1902 2601 sit,
1950 2614 1955 2617 _

332 2637 420 2692 cui
451 2624 844 2693 adscribendos
875 2643 1025 2704 putat
1085 2647 1181 2688 eos
1228 2645 1502 2697 canones,
1538 2644 1660 2700 quae
1697 2629 1902 2684 nudum

331 2728 552 2800 Iosephi
580 2743 779 2783 nomen
812 2727 1121 2799 appOsitum
1160 2724 1380 2779 habent.
1407 2723 1547 2791 Quia
1576 2736 1702 2778 vero
1737 2722 1901 2777 etiam

330 2837 569 2879 canones
616 2820 781 2892 hujus
832 2818 1173 2891 posterioris,
1209 2816 1277 2872 de
1323 2831 1434 2887 quo
1481 2830 1628 2872 nunc
1664 2816 1901 2885 agimus,

328 2910 573 2984 Iosephi,
597 2912 709 2967 fere
750 2909 1099 2965 acrostichidi
1133 2907 1296 2963 alicui
1331 2907 1611 2976 illigantur
1635 2945 1652 2971 ,
1709 2906 1906 2966 existis

326 3013 442 3061 mat
492 3007 804 3074 pracitatus
842 2999 1329 3073 Wangnereckins,
1390 3002 1458 3055 ad
1504 3000 1654 3069 ipsos
1706 3007 1898 3067 utpote

325 3097 610 3167 operosius
638 3093 992 3165 compositos,
1014 3093 1231 3149 extendi
1258 3092 1455 3148 debere
1475 3091 1899 3161 extemporalem

329 3188 476 3243 illam
502 3185 739 3242 dictandi
781 3184 1119 3245 facilitatem,
1153 3198 1318 3253 quam
1366 3197 1531 3253 supra
1558 3198 1623 3238 ex
1680 3180 1901 3238 Melaenis

322 3278 601 3335 laudatam
625 3276 884 3333 vidimus.
922 3274 1037 3330 Cur
1088 3286 1197 3329 tam
1249 3288 1543 3344 operosum
1592 3273 1699 3329 hoc
1728 3276 1817 3340 sit,
1844 3283 1905 3327 ut

328 3374 397 3427 ali
422 3370 720 3425 exercitato
766 3367 1077 3439 nequiverit
1131 3382 1200 3422 ex
1244 3377 1489 3437 tempore
1534 3366 1699 3421 ﬁeri?
1745 3365 1907 3421 Certe

332 3465 462 3519 nulli
501 3464 711 3529 poetico
737 3473 911 3517 metro
973 3463 1226 3517 astrirtos
1285 3459 1601 3517 Graecorum
1642 3475 1905 3524 capenos,

336 3555 578 3625 potuisse
626 3568 733 3609 non
768 3567 963 3625 magna
1020 3553 1367 3609 contentione
1390 3552 1561 3607 animi
1607 3552 1673 3606 ad
1727 3561 1906 3606 certas

336 3647 568 3708 litteras,
591 3643 644 3698 in
690 3644 947 3713 :ujusqne
969 3644 1193 3713 strophc
1227 3643 1497 3713 principio
1528 3641 1906 3705 inveniendus,

334 3735 562 3807 astringi
626 3735 696 3789 ab
740 3750 824 3799 co,
856 3735 943 3790 cui
995 3733 1223 3788 liberum
1256 3744 1404 3789 esset
1438 3734 1691 3803 strophas
1720 3732 1909 3803 singu-

332 3829 435 3893 las,
470 3829 619 3883 nullo
645 3828 867 3882 interse
913 3827 1105 3881 ordine
1148 3840 1444 3893 connexus,
1499 3840 1531 3880 a
1581 3839 1907 3897 quacunque

329 3921 522 3976 liberet
570 3936 697 3976 voce
757 3920 960 3986 ordiri,
1016 3921 1118 3990 ipsi
1171 3917 1466 3975 didii-imus
1536 3919 1905 3989 experiendo;

328 4014 550 4083 quando
571 4014 759 4068 talium
784 4027 1057 4068 canonum
1081 4010 1297 4081 aliquos
1326 4009 1517 4066 Latine
1538 4009 1901 4074 reddidimus,

327 4104 517 4160 eadem
570 4104 998 4160 acrosticbidum
1053 4104 1168 4173 lege
1224 4113 1462 4167 servata,
1497 4102 1660 4171 idque
1699 4100 1753 4154 in
1789 4115 1908 4155 rer-

330 4197 503 4261 sione,
523 4198 588 4251 ad
605 4196 917 4251 Graecorum
934 4196 1220 4250 verborum
1237 4208 1458 4249 sensum
1471 4192 1907 4263 exprimendum,

329 4286 591 4355 obligata.
621 4285 704 4339 An
733 4294 915 4340 autem
941 4300 1132 4340 omnes
1178 4284 1255 4339 illi
1291 4298 1569 4349 canones,
1616 4298 1754 4354 quas
1791 4280 1908 4336 Ma-

336 4379 456 4431 riali
487 4391 588 4431 suo
635 4376 935 4433 Maraccius
987 4376 1240 4440 inseruit,
1298 4390 1551 4447 quosque
1601 4391 1765 4447 supra
1796 4384 1909 4431 tre-

337 4477 526 4521 centos
557 4467 787 4524 inveniri
818 4469 872 4522 in
907 4468 1197 4523 ritualibus
1222 4466 1539 4524 Graecorum
1573 4468 1728 4523 libris
1752 4484 1907 4524 asse-

2009 601 2205 658 tertius
2240 599 2509 672 Iosephus
2550 602 2742 668 fuisse,
2788 603 2881 675 qui
2937 603 2991 659 in
3030 604 3191 659 titulo
3222 621 3327 661 ms.
3366 604 3577 677 Typici,

2012 692 2198 747 Romae
2230 693 2282 746 in
2310 692 2639 749 Bibliotheca
2664 695 2959 752 Bai-berina
2977 697 3237 752 asservati
3260 706 3317 754 et
3348 715 3377 752 a
3403 700 3582 755 [mone

2009 782 2230 851 Allatio,
2278 798 2401 853 pag.
2437 800 2474 838 ιι
2510 785 2913 841 dissertationis
2962 790 3282 857 prtecitatai,
3346 790 3579 857 laudati,

2010 872 2342 940 nominetur,
2380 890 2505 929 cum
2558 874 2780 941 dicitur,
2824 874 3089 947 Typicutn
3138 878 3269 935 illud
3300 880 3584 937 continere

2013 982 2033 1017 ι
2070 966 2493 1023 ecclesiasticam
2528 967 2974 1025 constitutionem
3025 974 3273 1027 omnium
3314 971 3581 1029 festorum

2010 1057 2175 1112 totius
2202 1058 2354 1121 anni,
2388 1060 2694 1115 secundum
2741 1058 3092 1117 traditionem
3125 1074 3440 1120 sanctorum
3476 1064 3584 1121 Pa~

2008 1158 2176 1215 trum,
2210 1150 2458 1207 videlicet
2502 1151 2563 1209 S.
2599 1151 2780 1219 Sabac,
2814 1163 2869 1211 et
2921 1156 3174 1220 Studitae.
3236 1166 3291 1212 et
3347 1159 3586 1216 maxime

2009 1240 2194 1297 Sancti
2210 1240 2445 1310 Montis;
2513 1258 2726 1300 necnon
2762 1256 2971 1316 partem
3003 1247 3316 1303 traditionis
3357 1250 3587 1305 sanctis-

2006 1333 2133 1388 simi
2213 1335 2393 1391 Patris
2457 1337 2627 1391 nostri
2686 1334 2941 1408 Iosephi,
2991 1340 3330 1408 possessoris
3389 1342 3575 1398 sancti

2007 1427 2322 1481 monasterii
2352 1428 2499 1495 quod
2545 1427 2661 1482 Divi
2710 1426 2922 1485 Nicolai
2974 1430 3082 1485 τῶν
3133 1432 3415 1487 κασούλων
3444 1434 3584 1490 dici-

2008 1526 2115 1573 tur.
2160 1536 2179 1570 ι
2212 1517 2427 1573 Etenim
2477 1521 2524 1576 si
2571 1519 2773 1594 Ioseph
2827 1522 2922 1578 ille
2978 1525 3260 1594 proprium
3307 1525 3586 1585 ordinavit

2006 1609 2243 1665 cilicium
2275 1613 2609 1669 monasterio
2647 1628 2787 1681 suo,
2826 1613 2987 1685 cujus
3037 1624 3304 1685 patronus
3348 1626 3471 1673 erat
3517 1616 3585 1672 ι).

2003 1700 2261 1760 Nicolaus
2285 1745 2302 1773 ,
2332 1706 2460 1777 quis
2500 1705 2874 1764 Paracleticon
2922 1707 3239 1766 Graecorum
3286 1710 3471 1782 legens
3504 1711 3585 1783 (in

2006 1812 2118 1868 quo
2151 1797 2487 1854 ordinarium
2521 1802 2687 1857 totius
2736 1804 3093 1862 belulomadae
3142 1802 3379 1861 ofﬁcium
3409 1803 3586 1861 octies

1253 1866 1487 1967 ιιυξωιη
1535 1899 1672 1953 auel-
1737 1897 1904 1953 [uem
1938 1866 1978 1921 Β
2007 1887 2304 1943 secundum
2331 1897 2455 1945 octo
2485 1900 2647 1949 tonos
2676 1896 2945 1951 variatum
2965 1898 3298 1967 continetur)
3325 1898 3378 1954 in
3406 1914 3582 1973 eoque

2008 1981 2305 2037 observans
2334 1983 2635 2039 secundum
2666 1983 2813 2041 feria:
2841 1987 2875 2043 5
2911 2003 3178 2046 canonem
3210 1992 3359 2059 (nam
3390 1993 3582 2068 singu-

2010 2071 2074 2125 lis
2103 2074 2252 2130 feriis
2284 2075 2395 2130 duo
2424 2086 2554 2130 sunt
2600 2092 2864 2144 canones,
2911 2091 2968 2138 et
2995 2080 3129 2138 feria
3182 2083 3214 2138 5
3272 2086 3481 2156 primus
3515 2090 3585 2144 de

2008 2164 2267 2234 apostolis
2284 2163 2389 2235 est)
2409 2181 2534 2221 cum
2562 2168 2901 2226 cathismatis
2924 2182 3086 2244 atque
3111 2166 3370 2244 tropariis
3385 2176 3579 2233 eodem

2008 2253 2376 2322 spectantibus
2390 2270 2513 2311 esse
2540 2257 2608 2311 de
2635 2256 2694 2312 S.
2722 2257 2948 2316 Nicolao
2979 2264 3163 2333 :quis,
3187 2264 3435 2333 inquam,
3470 2269 3585 2324 haec

2010 2344 2190 2414 legens
2222 2354 2279 2401 et
2306 2345 2624 2413 observans,
2654 2364 2761 2405 non
2790 2352 3061 2421 iudicabit
3086 2353 3385 2427 Iosephum
3414 2359 3580 2415 istum

2004 2435 2115 2490 τῶν
2143 2437 2422 2493 tetracolon!
2451 2454 2576 2497 esse
2605 2452 2885 2510 auctorem
2916 2444 3132 2502 illorum
3160 2458 3286 2504 octo
3306 2451 3373 2506 de
3399 2450 3439 2505 S
3486 2450 3572 2507 Ni-

2006 2527 2162 2583 colao
2180 2541 2453 2586 canonum
2475 2530 2500 2586 τ
2523 2533 2691 2604 Atqui
2719 2536 2880 2589 etiam
2903 2538 3100 2593 horum
3126 2553 3400 2597 canonum
3424 2559 3587 2600 acroo

2005 2618 2269 2705 stichides
2318 2623 2674 2693 subiunctum
2733 2626 2936 2685 habent
2975 2646 3173 2687 nomen
3241 2634 3439 2706 Ἰωσὴφ
3481 2637 3587 2693 hoc

2005 2709 2168 2768 modo
2190 2729 2206 2767 :
2225 2707 2398 2784 'onq
2422 2713 2491 2769 α’.
2520 2714 2635 2782 Σοὶ,
2674 2717 2932 2787 Νικόλαε,
2967 2722 3188 2791 πρῶτον
3213 2726 3453 2798 εἰσφέρω
3480 2729 3584 2800 μέ-

2004 2804 2115 2870 λος.
2158 2806 2377 2878 Ὶωειήφ.
2432 2808 2496 2864 Et
2535 2810 2798 2867 similiter
2834 2812 2889 2868 in
2917 2813 3068 2881 aliis,
3128 2828 3491 2889 printerquani
3526 2824 3581 2877 in

2004 2898 2309 2956 canonibus
2340 2900 2454 2957 toni
2482 2901 2712 2959 secundi
2751 2910 2811 2960 et
2842 2907 3049 2972 octavi,
3079 2908 3174 2977 qui
3224 2910 3585 2969 nihilominus

2002 2992 2246 3061 ejusdem
2277 2995 2522 3050 auctoris
2568 2994 2857 3052 manifeste
2884 3006 3036 3055 sunt.
3083 2998 3241 3060 Hunc
3281 3003 3447 3075 igitur
3474 3022 3583 3062 non

2002 3098 2125 3140 esse
2152 3101 2182 3140 a
2206 3094 2394 3141 nostro
2417 3084 2659 3158 Iosepho
2686 3088 3161 3163 distinguendum,
3189 3106 3301 3151 tum
3330 3098 3421 3154 illa
3458 3100 3584 3171 styli

1932 3202 1976 3260 ρ
2008 3175 2311 3233 similitudo
2358 3178 2591 3233 suadere
2629 3181 2851 3249 poterit,
2901 3192 3016 3239 tum
3062 3190 3208 3256 quod
3261 3199 3516 3246 nostrum
3551 3207 3584 3248 a

2004 3265 2253 3323 Cretensi
2281 3270 2597 3339 captivitate
2625 3269 2917 3328 liberatum
2951 3275 3012 3330 ιι.
3050 3275 3260 3333 Nicolai
3293 3281 3581 3346 miraculo,

2006 3365 2282 3437 possimus
2320 3364 2613 3435 prudenter
2644 3368 2881 3436 opinari,
2912 3368 2963 3423 ei
3007 3369 3154 3438 quod
3192 3369 3584 3429 Constantino-

2007 3460 2115 3528 poli
2190 3458 2365 3515 erexit
2433 3460 2769 3515 monasterio
2836 3462 3204 3530 patrocinium
3278 3465 3586 3534 praetulisse

2007 3552 2067 3608 S.
2103 3551 2336 3615 Nicolai,
2384 3550 2437 3605 in
2478 3550 2696 3606 deserto
2752 3552 2847 3608 illo
2896 3554 3038 3621 loco,
3084 3553 3152 3609 ad
3200 3571 3382 3622 quem,
3439 3558 3585 3614 haud

2007 3645 2199 3719 procul
2230 3643 2470 3714 positum
2520 3659 2551 3697 a
2585 3644 2789 3715 templo
2818 3644 2881 3701 ῐ).
2913 3644 3142 3700 Ioannis
3181 3645 3581 3719 Chrysostom',

2011 3760 2033 3792 ι
2069 3739 2253 3795 sedem
2288 3745 2342 3793 et
2379 3751 2634 3792 curarum
2661 3737 2904 3793 scholam
2945 3756 3000 3794 ιι.
3027 3741 3119 3805 24,
3160 3740 3361 3796 dicitur
3402 3752 3584 3799 trans-

2009 3833 2221 3900 tulisse,
2272 3831 2517 3901 inibique
2561 3831 2958 3901 discipulorum
3007 3834 3353 3891 distribuisse
3399 3839 3588 3893 multi-

2013 3924 2302 3982 tudinem:
2336 3942 2355 3975 ι
2395 3922 2448 3977 in
2488 3923 2697 3980 casulis
2731 3924 2917 3979 forsan
2953 3932 3416 3998 exteniporaneis,
3441 3932 3587 3989 unde

2010 4020 2216 4075 dictum
2272 4018 2348 4073 sit
2405 4018 2799 4072 monasterium
2862 4017 2927 4073 D.
2976 4017 3188 4075 Νίσοιαὶ
3242 4022 3583 4090 Casularum,

2011 4108 2303 4174 vocabulo,
2338 4109 2534 4162 utalia
2571 4110 2737 4163 multa
2766 4108 3402 4180 Constantinopolitana,
3450 4114 3585 4169 Ῥω-

2014 4201 2203 4274 μαϊκῷ
2231 4218 2247 4232 ·
2287 4200 2544 4273 quamvis
2576 4210 2632 4255 et
2670 4204 2987 4257 monasterii
3024 4221 3053 4257 a
3098 4204 3160 4259 D.
3190 4202 3413 4262 Nicolao
3454 4207 3585 4263 dicti

2010 4309 2286 4366 nusquam
2344 4292 2479 4348 Acta
2541 4292 2920 4360 meminerint,
2967 4306 3021 4349 et
3076 4296 3346 4365 adjectum
3396 4313 3581 4370 postea

2010 4387 2308 4441 oratorium
2336 4384 2394 4439 S.
2430 4384 2659 4440 Andreae
2700 4387 2949 4455 apostolo
2998 4392 3395 4459 nuncupaverit
3458 4408 3589 4448 san-
3680 4432 3681 4435 η

2012 4489 2158 4545 ctus,
2184 4488 2404 4553 propter
2434 4477 2692 4548 reliquias
2716 4478 2838 4549 ejus
2880 4479 3005 4535 istic
3032 4480 3353 4550 collocatas,
3402 4486 3481 4540 uti
3512 4488 3589 4542 di-

336 4559 408 4612 rit
437 4557 749 4628 anetattus,
785 4559 949 4626 huius
977 4559 1152 4612 ultimi
1192 4559 1417 4629 Iosephi
1443 4562 1555 4614 sint
1578 4601 1595 4627 ,
1631 4576 1699 4615 an
1728 4559 1898 4630 aliqui
1940 4549 1980 4603 Ι)
2008 4574 2151 4628 cum
2178 4550 2326 4625 num.
2362 4572 2451 4625 25.

336 4647 566 4716 relinqui
594 4645 760 4718 priori
796 4649 1051 4709 debeant,
1086 4664 1191 4702 non
1237 4658 1395 4704 vacat
1447 4665 1543 4706 nec
1575 4666 1756 4721 Operae
1780 4668 1903 4722 pro:

334 4742 472 4796 tium
503 4750 580 4793 est
620 4738 912 4794 sollicitius
934 4741 1272 4797 examinare.

408 4831 496 4885 ll.
541 4830 725 4884 Placet
765 4831 985 4885 interim
1038 4830 1334 4885 discrimen
1393 4848 1422 4886 a
1474 4830 1909 4901 Wangnercckio

333 4942 498 4999 supra
551 4929 831 4981 nominato
890 4927 1234 4995 designatum
1261 4967 1276 4993 ,
1318 4937 1377 4983 ut
1412 4930 1621 4985 scilicet
1672 4946 1910 4989 canones

332 5021 430 5086 illi,
462 5022 556 5092 qui
606 5026 811 5076 nudum
854 5018 1075 5087 Iosephi
1127 5035 1325 5074 nomen
1368 5021 1660 5091 praeferunt
1705 5023 1909 5092 absque

333 5115 439 5167 alio
463 5114 641 5177 titulo,
679 5112 902 5182 Iosephi
954 5112 1117 5180 hujus
1147 5114 1315 5166 nostri
1352 5112 1497 5167 sint:
1532 5129 1693 5183 quem
1749 5114 1909 5169 etiam

338 5206 637 5275 intelligere
662 5205 875 5260 videtur
905 5203 1014 5259 Leo
1039 5204 1270 5259 Albitius
1290 5204 1345 5259 in
1375 5221 1472 5259 sua
1502 5206 1567 5259 ile
1599 5204 1908 5259 Graecorum

339 5296 489 5349 libris
538 5298 935 5362 dissertatione,
996 5299 1221 5365 quando
1274 5295 1573 5366 Iosephutn
1644 5295 1908 5352 Mcloduni

341 5387 607 5441 nominat.
636 5389 906 5460 Episcopo
962 5388 1441 5447 'l'licssulonicensi
1495 5393 1749 5462 imputari
1785 5409 1911 5463 pos-

341 5486 469 5532 sunt
500 5478 589 5532 alii
637 5482 725 5548 qui
786 5482 1043 5540 dicuntur
1074 5483 1169 5537 τοῦ
1206 5483 1375 5554 acopo-3
1424 5485 1653 5555 Ἰωσὴφ,
1703 5486 1907 5541 domini

338 5566 561 5637 Iosephi
590 5587 605 5621 :
641 5572 755 5625 haec
778 5574 925 5627 enim
959 5576 1185 5631 honoris
1221 5577 1513 5647 appellatio
1542 5578 1765 5633 denotat
1790 5594 1913 5650 gra-

338 5660 470 5716 dum
499 5660 737 5731 aliquem
772 5664 1213 5722 eminentiorem.
1268 5668 1531 5729 Fatemur
1585 5681 1765 5728 tamen
1800 5689 1909 5727 non

335 5756 411 5834 ita
468 5756 680 5808 firmam
732 5770 853 5809 cam
907 5759 1277 5827 conjecturam
1336 5763 1531 5829 videri,
1590 5765 1722 5834 quin
1760 5769 1909 5822 varia

339 5832 553 5922 possint
588 5857 775 5905 contra
812 5864 932 5904 eain
984 5854 1203 5921 opponi,
1248 5871 1369 5925 qua
1402 5832 1720 5930 ambiguum
1759 5860 1910 5932 juJi-

700 5942 945 6005 PA'rttOL
997 5947 1111 6007 (in.
1160 5947 1282 6011 CV.

2090 4664 2177 4717 ιιι.
2214 4661 2333 4730 Quo
2356 4677 2500 4717 anno
2524 4664 2850 4721 Christianae
2876 4680 2998 4720 aera:
3017 4674 3072 4721 et
3097 4667 3273 4724 aetatis
3307 4684 3419 4724 sua:
3450 4686 3587 4726 mor-

2016 4767 2145 4812 tuus
2180 4756 2381 4821 sithic,
2418 4758 2485 4811 de
2518 4771 2631 4827 quo
2687 4756 2925 4829 agimus,
2967 4756 3263 4828 Iosephus,
3313 4777 3583 4831 nusquam

2012 4848 2322 4917 exprimunt
2349 4847 2484 4903 Acta
2517 4866 2533 4905 :
2569 4856 2778 4903 tantum
2804 4864 2859 4903 ιι.
2890 4848 2957 4903 37
2984 4850 3261 4920 inquiunt,
3296 4852 3390 4908 diu
3425 4855 3579 4908 illum

2015 4943 2068 4997 in
2102 4942 2212 4996 vita
2270 4942 2576 5007 duravisse,
2616 4951 2671 4996 et
2708 4950 2929 5011 propter
2957 4956 3149 5012 graves
3187 4946 3239 4997 in
3263 4960 3325 4999 ea
3374 4946 3587 5005 labores

2012 5036 2328 5089 diuturnum
2382 5034 2597 5089 censeri
2638 5034 2839 5089 debere
2875 5035 3207 5090 sustinuisse
3241 5039 3580 5108 martyrium.

2013 5125 2171 5181 Num.
2213 5136 2393 5181 autem
2424 5127 2493 5181 54
2514 5127 2785 5189 dixerant,
2837 5126 2983 5194 quod
3027 5124 3319 5183 Doniinirae
3363 5130 3584 5186 Passio-

2018 5223 2102 5273 nis
2128 5234 2321 5289 magna
2352 5233 2417 5273 ac
2449 5218 2744 5272 venerabili
2775 5216 3076 5273 Parasceve
3116 5217 3372 5286 instante,
3421 5222 3587 5277 disci-

2016 5311 2200 5379 pulum
2234 5325 2429 5371 suum,
2476 5318 2529 5363 et
2577 5309 2821 5365 ecclesia:
2870 5311 3251 5379 possessiones
3306 5311 3357 5366 in
3404 5313 3587 5371 Iibel'o

2014 5400 2317 5471 descriptas
2370 5401 2630 5456 obtulerit
2688 5412 2742 5455 et
2799 5401 3197 5456 commendarit
3248 5401 3443 5458 Photio
3492 5422 3588 5473 pa-

2016 5492 2288 5555 triarchas,
2340 5492 2471 5546 nihil
2527 5492 2756 5545 uiterius
2788 5493 3144 5562 exprimens:
3172 5510 3279 5562 quo
3316 5494 3459 5549 facto
3484 5496 3589 5550 im-

2016 5586 2308 5640 minentem
2332 5585 2434 5641 sibi
2460 5586 2665 5641 exitum
2692 5587 3054 5655 prmsignasse
3077 5587 3438 5643 declaraverit
3458 5603 3584 5644 mox

2018 5677 2487 5732 vehementissima
2546 5676 2735 5744 febris,
2791 5694 2912 5749 qua
2953 5680 3127 5736 eidem
3156 5679 3343 5737 fecerit
3369 5681 3587 5738 vivendi

2013 5769 2199 5835 linem,
2231 5777 2285 5824 et
2315 5769 2599 5839 (quantum
2623 5784 2690 5826 ex
2723 5780 2986 5828 contextu
3026 5774 3206 5844 colligi
3237 5774 3419 5847 datur)
3448 5790 3585 5845 pau-

2015 5876 2201 5919 corum
2242 5862 2469 5919 omnino
2503 5864 2714 5921 dierum
2764 5864 2943 5922 fuerit.
2978 5866 3121 5923 Hinc
3147 5881 3313 5938 porro
3344 5868 3585 5925 animum

3154 5961 3234 6022 30
