4134 6336
575 372 687 435 939

1720 367 1781 428 S.
1824 365 2141 427 JOSEPHI
2177 364 2744 426 HYMNOGRAPHI

3744 369 3851 433 940

576 494 787 545 circum
824 493 1045 556 agentes
1070 498 1164 555 per
1205 489 1336 538 octo
1365 483 1489 537 illos
1528 492 1726 548 annos,
1781 498 1922 553 quos
1951 484 2161 553 lgnatio
2192 495 2234 546 Α
2267 483 2474 553 expulit
2500 499 2529 537 e
2560 484 2762 554 patria,
2798 496 2909 536 non
2969 480 3160 551 paucis
3203 478 3369 537 annis
3402 480 3641 552 priorem
3686 474 3851 542 fuisse

577 589 797 637 mortuo
828 577 1057 631 Paetina
1091 576 1149 630 in
1182 574 1553 645 patriarchatu
1606 573 1817 639 habuit,
1862 585 2159 645 antequam
2266 575 2515 632 luctuoso
2573 576 2667 629 illo
2704 584 2970 643 tempore,
3044 586 3156 644 quo
3208 581 3330 643 post
3380 571 3583 628 Leonis
3630 573 3848 631 Armeni

576 685 722 725 anno
751 665 856 725 888
902 666 1165 739 dignitate
1216 668 1304 722 illa
1345 670 1689 737 privaretur;
1722 677 1778 722 ct
1827 686 2033 723 annum
2074 685 2161 722 rc-

575 761 876 830 quirentes,
932 758 1027 827 qui
1065 756 1408 812 Parasceven
1467 758 1745 820 habuerit,
1801 773 1982 829 neque
2036 769 2161 830 post

575 853 796 909 [artium
815 852 965 906 diem
994 851 1216 921 Aprilis,
1236 863 1346 920 quo
1374 863 1647 906 mortuum
1676 852 1953 909 credimus
1983 851 2041 908 S.
2066 851 2162 908 Jo-

574 946 840 1017 sepbum;
902 958 1080 1012 neque
1121 944 1331 998 tamdiu
1395 953 1545 1007 alite,
1583 955 1642 999 ut
1686 945 1835 1000 inter
1898 945 2074 1016 ipsam
2107 955 2163 1000 et

570 1041 715 1096 diem
754 1038 948 1094 mortis
977 1038 1244 1108 longiOris
1276 1041 1542 1110 temporis
1577 1041 1747 1094 statui
1778 1036 2005 1105 debeat;
2036 1039 2161 1093 nul-

571 1134 660 1188 Ius
698 1133 946 1189 occurrit
1016 1133 1381 1203 opportunior
1432 1145 1633 1201 annus,
1689 1148 1854 1203 quam
1896 1132 2023 1196 885,
2064 1131 2158 1201 qui

570 1228 913 1285 Paraseeveu
944 1227 1015 1284 29
1056 1226 1234 1283 Martii
1279 1229 1495 1292 habuit,
1540 1238 1592 1283 et
1628 1237 1825 1297 quarta
1880 1229 2017 1284 feria
2055 1227 2158 1283 Pa-

572 1323 775 1379 schalis
793 1322 1145 1378 hebdomadas
1166 1323 1309 1376 diem
1327 1324 1362 1377 3
1380 1323 1602 1393 Aprilis.
1626 1321 1785 1397 Nam,
1807 1324 1853 1378 si
1885 1338 2033 1377 anno
2051 1323 2158 1379 880

572 1424 824 1469 mortuus
861 1422 1010 1469 esset
1067 1412 1363 1484 Josephus,
1416 1424 1666 1469 mortuus
1711 1423 1860 1469 esset
1887 1414 2007 1485 ipso
2057 1414 2147 1471 die

568 1505 834 1569 Pascha;
870 1507 1028 1561 taiem
1080 1517 1262 1561 autem
1315 1519 1538 1577 tamque
1585 1508 1883 1562 Notabilem
1917 1507 2158 1564 festivis-

568 1600 724 1652 simae
776 1599 885 1653 diei
944 1600 1455 1663 circumstantiam,
1499 1616 1869 1671 nequaquam,
1928 1603 1973 1658 si
2027 1617 2152 1657 vera

566 1691 782 1753 inisset,
815 1693 1097 1749 omisisset
1124 1694 1437 1762 exprimere
1468 1704 1661 1749 auctor
1696 1692 1851 1749 Vitae.

634 1780 721 1837 15.
760 1780 897 1837 Hinc
927 1797 1090 1854 porro
1129 1785 1196 1838 de
1248 1792 1409 1839 aetate
1442 1786 1751 1853 coniectare
1784 1785 1984 1855 possis,
2019 1800 2146 1841 eum

560 1877 653 1947 qui
684 1875 868 1933 Leone
898 1876 1143 1933 Armeno
1175 1879 1611 1947 persecutionem
1642 1879 1960 1951 incipiente,
1991 1880 2041 1935 id
2068 1888 2155 1935 est

559 1984 708 2025 anno
730 1982 854 2025 sere
885 1970 1125 2041 Vulgaris
1158 1972 1261 2027 8M
1283 1971 1396 2042 jam
1425 1972 1709 2043 presbyter
1741 1972 2010 2038 initiatus,
2041 1971 2150 2028 Ro-

559 2074 735 2117 mante
766 2064 1024 2134 legationi
1052 2064 1404 2134 indicabatur
1435 2066 1688 2132 idoneus,
1718 2076 1881 2136 atque
1918 2065 2055 2122 adeo
2092 2075 2153 2121 ut

560 2152 848 2207 minimum
872 2153 1200 2209 tricenarius
1232 2163 1371 2218 erat,
1401 2156 1544 2209 haud
1576 2155 1808 2209 multum
1842 2154 2085 2212 abfuisse
2116 2171 2148 2212 a

556 2243 893 2312 centenario,
924 2246 1144 2316 quando
1166 2262 1193 2299 a
1215 2247 1429 2302 mortali
1454 2248 1556 2301 hac
1576 2247 1685 2302 vita
1715 2246 1783 2301 ad
1807 2247 2147 2306 immortales

2263 668 2487 732 caedem,
2522 686 2543 719 ‹
2574 666 2839 722 Michaele
2866 664 3133 721 adversus
3169 663 3424 721 rebellem
3457 663 3728 721 Thomam
3762 683 3850 723 oc-

2264 770 2481 830 cupato,
2532 769 2587 815 et
2616 776 2835 815 omnem
2892 760 3055 815 aliam
3104 774 3293 815 curam
3328 760 3459 814 huic
3504 760 3669 816 unice
3696 770 3849 831 post-

2266 860 2523 920 ponentc,
2547 851 2731 919 Creta,
2758 850 2946 907 Sicilia
2970 860 3027 906 et
3049 850 3243 905 insula:
3264 850 3532 923 Cyclades
3551 867 3583 907 a
3607 850 3853 908 Romano

2266 944 2494 1014 imperio
2526 946 2773 1000 rescisse
2798 952 2967 1011 sunt,
3004 960 3025 995 ο
3051 952 3114 998 ut
3136 942 3331 998 scribit
3360 942 3470 1000 Leo
3519 943 3854 1000 Grammati-

2264 1053 2388 1092 cus.
2418 1036 2623 1105 Nempe
2654 1036 2878 1093 Barbari
2912 1036 3011 1105 illi,
3058 1037 3310 1107 piraticis
3355 1038 3684 1093 excursibus
3713 1053 3853 1109 prm-

2264 1130 2361 1184 das
2395 1139 2521 1185 ante
2544 1130 2597 1185 id
2627 1140 2844 1201 tempus
2873 1131 3115 1187 contenti
3146 1145 3333 1201 agere,
3374 1140 3510 1187 tunc
3557 1132 3722 1187 etiam
3754 1134 3847 1187 tir-

2265 1238 2383 1277 mas
2410 1237 2556 1276 novo
2585 1221 2890 1277 dominatui
2918 1220 3077 1278 sedes
3108 1223 3161 1275 in
3210 1221 3405 1277 iisdem
3438 1221 3637 1278 insulis
3665 1222 3849 1292 acqui-

2264 1315 2429 1371 siere.
2474 1313 2629 1381 Quod
2694 1323 2875 1370 autem
2914 1315 3220 1370 Barbariem.
3251 1316 3629 1373 etiam‘uaves
3681 1314 3849 1373 fuisse

2261 1411 2542 1470 dicantur.
2578 1425 2699 1477 quae
2728 1408 2847 1464 vela
2877 1407 3105 1463 Romam
3142 1407 3392 1465 facientis
3420 1423 3644 1464 cursum
3673 1409 3844 1464 inter-

2260 1504 2443 1560 cidere
2490 1512 2543 1559 et
2570 1503 2847 1574 captivum
2873 1503 2927 1558 in
2964 1502 3184 1559 Cretam
3236 1518 3468 1560 avexere
3492 1501 3793 1575 Josephum
3824 1523 3841 1563 ι

2261 1598 2335 1653 id.
2367 1597 2437 1653 ita
2478 1598 2781 1667 accipimus
2832 1604 2891 1651 ut
2931 1612 3053 1653 eam
3094 1596 3332 1652 insulam
3388 1609 3499 1653 non
3537 1597 3655 1668 jam
3711 1609 3845 1653 tunc

2260 1691 2535 1746 tenuerint
2583 1689 2830 1756 Barbari,
2869 1690 2965 1746 sed
2997 1698 3057 1744 ut
3104 1703 3139 1745 a
3174 1687 3375 1756 Leonis
3408 1690 3633 1746 Armeni
3686 1690 3846 1747 mini-

2258 1784 2387 1839 stris
2410 1784 2665 1839 eonducti
2697 1782 2763 1838 ad
2797 1782 2979 1839 scelus
3008 1782 3219 1852 piratae.
3256 1780 3520 1854 profugos
3562 1782 3840 1840 Constan-

2258 1878 2490 1948 tinopoli
2536 1891 2819 1931 sacrarum
2876 1876 3119 1932 cultores
3182 1875 3484 1946 imaginum
3526 1877 3844 1933 curaverint

2262 1973 2541 2027 retraham
2568 1972 2621 2026 in
2661 1986 2856 2026 uiantis
2911 1960 3435 2037 lconomachorum';
3471 1969 3843 2043 etJosephum

2258 2065 2585 2120 nominatim
2617 2062 2952 2120 intenderint
2980 2064 3463 2135 comprehendere,
3528 2073 3695 2137 quem
3732 2064 3841 2121 Ro.

2259 2169 2401 2210 mam
2440 2153 2677 2224 legatum
2718 2154 3001 2223 navigare,
3062 2168 3172 2209 non
3206 2154 3387 2225 potuit
3439 2155 3669 2211 omnino
3701 2157 3841 2212 clam

2256 2246 2441 2303 haberi
2474 2266 2488 2302 :
2514 2262 2584 2303 ex
2616 2246 2771 2303 Actis
2800 2248 2947 2302 enim
2985 2246 3276 2305 manifeste
3308 2257 3547 2316 constat,
3592 2265 3703 2306 non
3733 2249 3843 2306 Sa-

562 2335 807 2406 Superos
863 2338 1100 2393 transiit.
1163 2336 1362 2394 Eadem
1420 2340 1632 2395 ratione
1694 2340 1925 2414 intelligi
1982 2341 2147 2398 datur
2253 2356 2507 2407 racenos,
2548 2340 2644 2397 sed
2671 2339 3275 2409 ieonomachosiuisse,
3301 2342 3357 2397 in
3383 2359 3620 2414 quorum
3650 2354 3842 2400 custo-

562 2426 1111 2485 illam.Barbarorum
1171 2430 1542 2486 incursionem
1606 2432 1659 2487 in
1722 2430 1985 2501 Siciliam,
2020 2448 2144 2505 quae
2250 2434 2609 2492 diadetentus
2631 2433 2722 2492 ille
2746 2435 2890 2508 apud
2928 2433 3148 2492 Cretam
3200 2446 3285 2494 est
3339 2446 3455 2494 toto
3500 2436 3614 2494 fere
3642 2451 3843 2495 sexen-

556 2519 853 2592 Josephum
891 2538 1016 2578 cum
1040 2533 1213 2580 matne
1238 2523 1608 2596 iratribusque
1631 2527 1684 2581 in
1702 2523 2137 2598 Peloponnesum
2248 2529 2363 2586 nio.

581 2744 3821 2780 Mm—w

1842 2908 2536 3030 ΙΩΑΝΝΟΥ

1057 3119 1411 3176 ΔΙΔΚΟΝΟΥ
1454 3120 1588 3176 ΤΗΣ
1627 3118 1765 3178 ΤΟΥ
1802 3122 1987 3179 ΘΕΟΥ
2024 3123 2358 3182 ΜΕΓΑΛΗΣ
2399 3126 2804 3183 ΕΚΚΑΗΣΙΔΣ
2830 3127 2963 3184 ’ΚΑΙ
3001 3125 3315 3185 ΡΗΤΟΡΟΣ

2080 3293 2280 3341 ΛΟΓΟΣ

619 3470 793 3560 ΕΙΣ
864 3472 1091 3562 ΤΟΝ
1174 3473 1434 3560 BION
1509 3475 1739 3562 ΤΟΥ
1813 3475 1961 3562 ΕΝ
2036 3476 2138 3564 Α]

2247 3443 2406 3565 312
2481 3473 2921 3568 ΠΑΤΡΟΣ
2995 3476 3328 3572 ΗΜΩΝ
3402 3472 3751 3568 mmo

1839 3661 1981 3718 ΤΟΥ
2019 3661 2521 3723 ΥΜΝΟΙῬΔΦΟΥ.

1873 3997 2336 4117 JOANN
2350 3999 2480 4116 IS

1217 4228 1526 4291 MAGNIE
1570 4230 1704 4293 DEI
1752 4228 2157 4293 ECCLESL/E
2200 4227 2535 4293 DIACONI
2582 4229 2685 4292 ET
2733 4228 3141 4295 ORATORIS

2066 4391 2282 4444 SERMO

785 4580 911 4669 ΙΝ
1002 4579 1385 4671 VITAM
1460 4581 1554 4671 S.
1633 4581 1739 4669 P.
1824 4580 1942 4670 N.
2022 4577 2529 4673 JOSEPHI
2613 4577 3558 4674 HYMNOGRAPHI.

1030 4772 1127 4840 (Ex
1154 4785 1245 4824 ms.
1274 4777 1446 4826 codice
1472 4773 1705 4824 biblioth.
1728 4772 1914 4834 Vatia,
1938 4773 2120 4825 collato
2146 4787 2258 4825 cum
2295 4789 2385 4825 ms.
2416 4774 2584 4825 Siculo
2608 4778 2898 4827 monasterii
2924 4776 2976 4826 S.
3006 4776 3318 4841 Salvatoris.)

1594 4924 1869 5011 Ιὶιιενρτθιι
1898 4920 2140 4973 Ludovico
2184 4921 2481 4984 Marraccio,
2509 4923 2730 4976 Lucemi.

601 5224 650 5279 i.
675 5220 869 5280 Omnis
884 5222 1102 5296 quidem
1138 5224 1385 5280 virorum
1409 5225 1612 5281 virtute
1628 5227 1980 5296 pra-diturum
2005 5228 2112 5284 vita

2294 5236 2365 5287 α’.
2400 5233 2510 5288 Καὶ
2539 5233 2688 5298 ἄπας
2710 5234 2810 5305 μὲν
2844 5233 2959 5305 βίος
2992 5233 3105 5287 τῶν
3147 5233 3438 5305 ὲναρέτων,
3468 5235 3568 5310 τὴν
3595 5237 3819 5310 ἐρῶσαν

522 5316 769 5373 animum
804 5316 1018 5371 virtutis
1042 5328 1317 5371 amantem
1378 5318 1444 5372 ad
1484 5315 1843 5373 imitationem
1887 5321 2099 5388 invitat,

519 5424 574 5469 et
592 5411 896 5466 honestatis
929 5413 1169 5465 amicum
1215 5411 1281 5466 ad
1316 5426 1434 5466 eam
1463 5426 1560 5483 pro
1602 5413 1811 5469 viribus
1841 5414 2104 5470 aemulan-

520 5506 646 5562 dam
667 5502 946 5573 cornpelllt
974 5524 987 5561 :
1021 5506 1066 5560 sl
1106 5518 1239 5561 vero
1264 5506 1427 5560 etiam
1452 5517 1634 5561 sermo
1662 5506 1829 5561 vitam
1852 5518 2099 5571 exornet.

518 5614 571 5654 et
614 5597 1062 5669 practicumcum
1110 5598 1453 5671 speculatiro
1496 5598 1912 5673 lntelligibiiiter
1966 5617 2103 5660 conv

522 5694 725 5758 veniat,
753 5686 1103 5762 perfectionis
1130 5688 1440 5751 studiosum
1478 5709 1576 5772 per
1615 5697 1730 5753 bam
1755 5696 1867 5753 duo
1897 5698 2100 5755 excitat

515 5783 587 5837 ad
642 5780 953 5839 sedulitatis
1003 5783 1415 5856 expressionem
1464 5796 1481 5842 ξ
1549 5799 1864 5859 quanquam
1924 5788 2092 5845 etiam

516 5872 630 5928 vita
657 5871 773 5928 sols
810 5873 910 5941 illi,
936 5876 1030 5946 qui
1060 5876 1232 5933 currit
1271 5876 1338 5934 ad
1386 5893 1615 5951 scopum
1655 5894 1906 5951 supernae
1938 5894 2095 5939 rora-

2214 5328 2396 5396 ψυχὴν
2430 5327 2630 5398 ἀρετῆς
2667 5326 2800 5399 πρὸς
2828 5326 3063 5398 μίμησιν
3093 5326 3427 5393 ἐκκαλεῖται,
3486 5330 3582 5384 καὶ
3612 5329 3819 5402 ζηλοῦν

2215 5417 2518 5486 ἀναγκάζει
2550 5419 2689 5472 κατὰ
2707 5417 2939 5487 δύναμιν
2965 5418 3054 5472 τὸν
3086 5419 3402 5487 φιλόκαλον
3434 5421 3484 5474 εἰ
3507 5422 3563 5476 δὲ
3594 5424 3691 5477 καὶ
3722 5423 3819 5477 λόει

2215 5525 2309 5578 γος
2333 5510 2426 5563 τὸν
2463 5510 2576 5580 βίον
2612 5508 2866 5563 καλλύνει
2889 5551 2905 5575 ,
2930 5510 3110 5564 καὶτὸ
3142 5512 3449 5582 πρακτικὸν
3489 5512 3566 5584 τῷ
3596 5512 3815 5585 θεωρη-

2213 5603 2351 5675 τικῴ
2380 5602 2581 5676 νοερῶς
2610 5600 2965 5670 συνδυάζεται
2983 5604 3075 5659 τὸν
3095 5606 3421 5678 ὀρεγόμενον
3443 5606 3812 5677 τελειότητος,

2213 5697 2282 5750 δι’
2305 5698 2592 5772 ἀμφότερα
2617 5694 2789 5754 ταῦτα
2811 5696 3099 5771 διερεθίζει
3119 5700 3255 5774 πρὸς
3278 5700 3376 5772 τὴν
3394 5701 3496 5773 τῆς
3517 5702 3814 5773 ἀκριϐείας

2205 5791 2536 5848 ὲκτύπωσιν.
2572 5793 2771 5849 Καίτοι
2799 5810 2863 5864 γε
2892 5792 2986 5849 καὶ
3022 5792 3137 5866 βίος
3171 5794 3333 5866 μόνος
3354 5795 3518 5867 ἀρκεῖ
3544 5795 3623 5866 τῷ
3657 5798 3814 5851 κατὰ

2206 5884 2408 5945 σκεπὸν
2458 5886 2556 5959 τῆς
2604 5888 2718 5944 ἄνω
2765 5885 3011 5963 κλήσεως
3060 5891 3340 5961 τρέχοντι,
3378 5888 3477 5961 τὴν
3515 5888 3807 5956 βασιλείαν
