4134 6336
484 319 583 386 951
1611 325 1672 387 S.
1708 324 2024 388 JOSEPHI
2064 323 2634 388 HYMNOGRAPHI
3632 322 3742 387 952

482 448 598 494 tum
629 438 701 496 ita
723 439 1116 510 superabat,ut
1144 438 1307 496 etiam
1333 442 1653 498 occultaret.
1695 442 1952 499 Moralem
1997 460 2306 500 sermoan
2340 447 2392 499 in
2459 445 2695 500 medium
2746 443 3091 512 proferebat?
3137 442 3316 499 Animi
3387 443 3612 499 allectus
3681 463 3749 500 ac

486 546 670 594 motus
703 539 949 594 oratione
969 537 1349 606 componebat.
1380 537 1580 594 Gratiae
1626 539 1757 610 ipsa:
1804 542 1855 593 in
1900 542 2048 595 illius
2083 556 2177 597 ore
2203 543 2530 603 insidebant,
2547 551 2599 596 et
2623 540 2771 611 prius
2811 539 3045 594 fontium
3070 540 3476 596 decurrentium
3541 541 3746 597 ﬂuenta

485 631 765 686 stetissent
785 631 1030 695 immota,
1049 646 1212 701 quam
1240 646 1304 684 ex
1323 631 1467 685 illius
1491 646 1585 685 ore
1619 646 1771 686 sacra
1801 634 2052 702 dogmata
2092 633 2360 704 proﬂuere
2386 644 2546 704 atque
2582 648 2841 688 emanare
2862 641 3195 689 cessassent.

560 726 646 779 1'5.
684 723 820 780 Cum
856 725 977 780 talis
1010 733 1155 780 esset
1180 723 1404 796 Ioseph,
1466 726 1741 796 tmitisque
1795 729 2055 782 virtutum
2087 733 2134 789 Δ

487 833 552 871 ac
578 817 880 870 caelestium
902 816 1168 872 donorum
1200 815 1621 873 charismatibus
1642 814 1940 887 effulgeret,
1974 835 2064 873 sa-

488 909 714 964 cerdotii
743 911 970 978 gradum
995 910 1150 964 avide
1173 925 1278 964 non
1302 910 1547 978 appetiit,
1580 920 1675 964 aut
1697 911 1920 978 invasit,
1937 926 2064 965 san-

489 1000 560 1053 cti
609 1000 845 1069 Spiritus
875 1000 1253 1069 dignissimum
1281 1003 1485 1056 donum
1518 1018 1624 1055 non
1661 1000 1954 1067 affectavit,
2001 1018 2064 1058 ac

489 1094 850 1164 proliinquam
897 1093 1004 1151 Deo
1033 1093 1348 1163 dignitatem
1386 1098 1616 1164 tempori
1649 1111 1754 1150 non
1782 1106 1864 1150 est
1888 1095 2061 1150 snﬂ‘u-

491 1197 685 1252 ratus;
717 1188 848 1254 quin
883 1187 1061 1257 potius
1091 1203 1121 1242 a
1178 1187 1440 1257 dignitate
1480 1188 1595 1257 ipsa
1655 1189 1953 1258 requisitus
2003 1204 2066 1244 ac

491 1287 713 1334 coactus
743 1288 842 1345 est,
876 1279 1141 1334 universis
1175 1278 1436 1335 fratribus
1468 1281 1826 1336 reluctantem
1857 1282 2057 1335 adhor-

492 1372 758 1436 tantibus,
797 1381 853 1425 et
881 1382 1164 1442 praeterea,
1194 1381 1253 1426 ut
1315 1372 1556 1442 episCOpi
1614 1371 1769 1426 urbis
1815 1372 2067 1442 precibus

492 1466 909 1534 obsequeretur,
941 1464 1224 1536 presbyter
1245 1465 1526 1520 ordinatus
1555 1473 1661 1520 est.
1689 1462 1848 1519 Tunc
1884 1474 2065 1519 autem

493 1555 678 1610 videre
702 1565 820 1610 erat
860 1554 1366 1633 virtutisspeciem,
1395 1570 1518 1625 quae
1540 1555 1870 1613 intensionis
1893 1557 2067 1628 majo-

493 1647 572 1700 ris
603 1662 944 1719 nequaquam
975 1662 1143 1716 capax
1174 1656 1312 1712 erat,
1353 1663 1516 1717 quam
1567 1646 1768 1718 Joseph
1812 1647 2066 1718 prml'ere-

491 1738 605 1801 bat,
645 1738 1004 1808 undeqnaque
1037 1739 1454 1810 amplissimam.
1493 1739 1673 1808 Ipsum
1721 1755 1851 1795 vero
1878 1742 2069 1795 conni-

494 1839 696 1884 tentem
739 1839 793 1885 et
828 1831 1270 1894 contendentem,
1313 1838 1500 1900 utpote
1554 1833 2065 1902 generosissimum,

495 1930 551 1976 ut
573 1936 886 1991 quanquam
918 1922 1133 1977 mortali
1162 1937 1326 1977 carne
1353 1923 1536 1977 adhuc
1589 1922 1839 1989 indutus,
1873 1925 1926 1978 in
1956 1938 2067 1980 cm-

493 2014 611 2068 Ινειί
630 2026 808 2069 tamen
822 2017 992 2069 choro
1018 2015 1363 2070 iubabitaret.
1381 2013 1616 2082 Etenim,
1638 2025 1688 2072 et
1711 2016 1964 2088 lacrymae
1985 2017 2068 2086 ip-

2233 725 2321 795 ιγ’.
2359 728 2612 791 Τοιοῦτος
2651 729 2727 780 ὢν
2763 729 2859 781 καὶ
2921 725 3196 789 τοσούτοις
3249 725 3752 795 καταλαμπόμενος

2168 821 2518 892 χαρίσμασιν,
2553 821 2652 874 οὐκ
2685 819 2927 890 ἐπιπηδᾷ
2955 817 3034 887 τῷ
3073 817 3267 888 βαθμῷ
3299 817 3398 888 τῆς
3421 817 3748 890 ἱερωσύνης.

2166 913 2226 965 οὐ
2285 911 2611 981 μεταδιώκει
2652 912 2754 982 τὴν
2783 911 2943 976 ἀξίαν
2976 909 3070 963 τοῦ
3106 911 3445 979 Πνεῦματος,
3474 911 3570 977 οὐχ
3605 909 3748 962 ὐπο-

2167 1002 2388 1057 κλέπτει
2435 1002 2514 1076 τῷ
2565 1004 2743 1075 χρόνῳ
2792 1005 2891 1071 τὴν
2945 1003 3065 1072 Θεῷ
3112 1003 3554 1075 πλησιάζουσαν
3608 1001 3750 1056 ἀλλά

2168 1094 2421 1150 διώκεται
2476 1097 2574 1166 μὲν
2606 1097 2708 1150 ὑπὸ
2742 1097 2834 1150 τοῦ
2873 1095 3088 1168 βαθμοῦ
3146 1096 3235 1169 βία
3284 1097 3380 1151 καὶ
3429 1097 3600 1162 ἄκων,
3651 1095 3750 1149 καὶ

2175 1187 2278 1241 ὑπὸ
2310 1189 2492 1257 πάσης
2541 1187 2918 1261 παρακληθεὶς
2957 1189 3364 1261 ἀδελφότητος,
3411 1190 3493 1244 ἔτι
3539 1189 3596 1242 δὲ
3650 1189 3749 1258 τὴν

2169 1279 2353 1349 δέησιν
2406 1280 2851 1352 προσηκάμενος,
2880 1282 2951 1353 ἢν
3008 1282 3037 1335 ὁ
3084 1281 3186 1351 τῆς
3241 1282 3450 1346 πόλεως
3504 1284 3749 1335 ἐποιεῖτο

2173 1371 2492 1438 ἐπίσκοπος,
2530 1376 2919 1444 χειροτονεῖται
2957 1373 3347 1445 πρεσϐύτερος.
3379 1375 3492 1429 Καὶ
3521 1371 3589 1444 ἦν
3621 1372 3748 1426 [δεῖν

2170 1461 2290 1515 τότε
2320 1460 2382 1514 τὸ
2416 1461 2493 1533 μὴ
2523 1462 2911 1534 ἐπιδεχόμενον
2941 1464 3195 1518 ἐπίτασιν
3228 1459 3365 1527 εἶδος
3396 1462 3748 1535 τῆς-ἀρετῆς,

2171 1554 2295 1608 ὅσον
2329 1554 2569 1625 ἐπήγετο
2611 1555 2639 1608 ὀ
2684 1555 2906 1626 Ἰωσὴφ,
2950 1554 3326 1624 ἐκτεινόμενόν
3367 1571 3430 1609 τε
3503 1555 3596 1608 καὶ
3646 1554 3750 1623 ἔφ-

2170 1644 2343 1700 απλού
2351 1663 2532 1715 μενον,
2567 1647 2660 1701 καὶ
2677 1647 3014 1716 φιλονεικσῦν
3037 1647 3175 1719 μετά
3197 1647 3400 1719 σαρκὸς
3419 1645 3496 1716 τῷ
3512 1645 3752 1717 οὐρανίῳ

2171 1738 2319 1810 χορῷ
2376 1739 2773 1810 ἐγκατοικῆσαι
2825 1739 2916 1795 τὸν
2989 1740 3395 1809 γενναιότατον.
3453 1737 3587 1793 Τότε
3641 1738 3753 1809 γὰρ

2169 1829 2406 1903 δάκρυον
2460 1829 2626 1886 αὐτοῦ
2661 1831 2971 1904 saepem
3025 1832 3170 1900 ῥέον,
3221 1831 3320 1896 τὰς
3371 1830 3594 1902 ἀμάρας
3638 1832 3754 1901 ἐμι-

2174 1925 2326 1991 μεῖτο
2364 1921 2475 1976 τῶν
2530 1923 2832 1992 ποταμῶνο
2894 1923 3016 1977 τότε
3075 1923 3203 1992 γόνυ
3243 1921 3567 1994 παννύχιος,
3602 1920 3679 1984 ὡς
3724 1922 3755 1975 ὁ

2172 2011 2332 2081 λόγος
2368 2013 2580 2084 φθάσας
2633 2011 2923 2085 ἐδήλωσεν,
2976 2013 3411 2084 ἐπικλινόμενον,
3470 2014 3552 2077 είς
3603 2010 3752 2067 λίθου

493 2105 609 2160 sius
641 2106 1014 2161 indeﬂcienler
1029 2105 1310 2162 cilluentes
1354 2106 1638 2164 llun'iinum
1662 2112 1926 2165 decursus
1949 2111 2073 2165 imi-

2178 2101 2339 2172 φύσιν
2377 2101 2852 2174 μεταπεποίηταιο
2901 2103 2997 2156 καὶ
3052 2102 3115 2155 τὸ
3160 2103 3382 2173 στέρνον
3437 2101 3622 2155 πυκνά
3676 2099 3757 2172 τῷ

493 2197 780 2264 tabantur;
814 2207 867 2252 et
894 2213 1068 2267 genua
1103 2200 1219 2268 ejus
1240 2214 1336 2269 per
1375 2209 1547 2254 totum
1597 2201 1776 2257 noctis
1827 2216 2070 2268 cursum,

494 2289 957 2357 quemadmodum
985 2305 1150 2359 supra
1178 2291 1379 2345 dictum
1402 2301 1506 2354 est,
1531 2291 1813 2358 inclinata,
1853 2294 1906 2348 in
1932 2294 2070 2364 lapi-

492 2381 578 2434 dis
613 2389 862 2436 naturam
889 2391 1220 2437 commutata
1253 2395 1431 2448 erant,
1460 2393 1514 2438 et
1539 2394 1733 2455 pectus
1763 2386 1915 2441 illius
1945 2401 2069 2440 cre-

493 2473 593 2527 bro
625 2473 822 2544 lapidis
856 2475 964 2529 ictu
1020 2491 1340 2544 percussum
1384 2477 1720 2532 obealluerat
1763 2493 1918 2544 sane,
1969 2478 2064 2534 sed

493 2573 674 2619 tamen
707 2567 973 2621 musculis
996 2566 1144 2621 circa
1175 2569 1452 2621 thoracem
1520 2567 1666 2624 laesis
1701 2584 1811 2624 non
1865 2577 2077 2638 poterat

495 2672 597 2712 vos
632 2657 799 2714 libera
831 2667 884 2714 et
904 2658 1078 2713 soluta
1115 2658 1351 2728 prodire.
1379 2659 1449 2714 Ita
1480 2675 1708 2730 magnus
1738 2661 1826 2715 bic
1854 2676 1975 2715 sese
2006 2661 2074 2716 ad

492 2751 748 2804 virtutem
772 2751 1080 2807 amabiliter
1119 2751 1374 2818 habebat,
1403 2761 1622 2822 tamque
1659 2752 1860 2806 nullam
1892 2753 2076 2807 carnis

491 2855 609 2896 suae
636 2855 820 2895 curam
865 2856 1103 2912 unquam
1146 2841 1357 2902 habuit.
1393 2853 1450 2897 ut
1481 2842 1708 2896 omnino
1741 2842 1811 2896 ab
1862 2842 1954 2896 illa
1983 2854 2074 2896 so-

2178 2195 2311 2266 λίθῳ
2342 2196 2700 2266 κρουόμενον,
2727 2197 3030 2250 τετύλωται
3054 2196 3124 2250 τὰ
3151 2193 3290 2250 ἄλλα
3310 2211 3323 2226 ⁸
3351 2195 3448 2250 καί
3471 2196 3760 2264 συγκακῶ-

2181 2301 2281 2341 σαν
2305 2287 2401 2340 καὶ
2431 2288 2560 2351 τοὺς
2590 2287 2723 2358 περὶ
2754 2287 2848 2342 τὸν
2900 2287 3124 2359 θώρακα
3174 2284 3339 2358 μῦας.
3383 2286 3483 2340 οὐκ
3527 2285 3614 2340 εἷα
3658 2287 3760 2356 τὴν

2176 2379 2363 2450 φωνὴν
2385 2378 2770 2433 ἀποτελεῖσθαι
2797 2379 2979 2449 ἀπαρε
2991 2378 3282 2449 μπόδιστον
3304 2395 3316 2408 ο
3345 2377 3519 2441 οὕτως
3535 2379 3562 2432 ὁ
3580 2379 3759 2448 μέγας

2178 2468 2325 2545 εἶχεν
2353 2474 2636 2546 έρασμίως
2669 2474 2807 2546 πρὸς
2837 2475 3060 2546 ἀρετὴν,
3090 2476 3345 2530 τοσοῦτον
3362 2475 3462 2529 οὐκ
3492 2474 3756 2545 ἐμέλησεν

2178 2565 2332 2637 αὑτῷ
2367 2583 2498 2620 ποτε
2531 2567 2631 2635 τῆς
2667 2567 2895 2635 σαρκὸς,
2925 2566 3007 2620 ὅτι
3039 2566 3390 2622 παντάπασιν
3414 2567 3593 2629 αὐτοῖς
3622 2567 3762 2618 ἀπο-

2179 2657 2399 2710 λέλυτο·
2432 2658 2528 2710 καὶ
2559 2657 2682 2721 ὅλος
2704 2651 2772 2727 ἦν
2801 2656 2940 2727 πρὸς
2963 2657 3098 2710 Θεὸν
3133 2657 3378 2727 ἀφορῶν,
3398 2657 3465 2709 δι’
3488 2657 3548 2710 δν
3577 2656 3764 2709 ἐπόθει

2177 2747 2407 2820 λυθῆναι
2432 2746 2531 2819 μὲν
2555 2746 2650 2800 τοῦ
2675 2745 2901 2818 δεσμοῦ,
2933 2748 3078 2802 κατά
3120 2747 3354 2813 Παῦλον,
3393 2747 3763 2799 συνάπτεσθαι

2178 2841 2238 2896 δὲ
2268 2842 2346 2914 τῷ
2379 2841 2643 2914 ἐρωμένῳ
2673 2842 2769 2894 καὶ
2801 2842 3030 2912 ἐραστῇ.

495 2934 642 2989 lutttl
705 2950 768 2989 ac
794 2933 933 2990 liber
982 2935 1282 2990 videretur.
1313 2931 1484 2990 'l‘ntns
1542 2945 1661 2988 erat
1699 2934 1900 2988 mentis
1955 2933 2073 2988 acie
2107 2931 2249 2989 ﬁxus
2275 2933 2328 2988 in
2354 2932 2545 2998 Deum,
2603 2941 2825 3005 propter
2851 2948 3036 3005 quem,
3078 2947 3186 2988 una
3214 2945 3339 2987 cum
3363 2929 3554 2995 Paulo,
3581 2945 3610 2984 a
3632 2943 3759 2985 cor-

493 3027 643 3098 poris
673 3026 891 3081 vinculo
921 3025 1146 3082 dissolvi
1178 3027 1451 3098 cupiebat,
1479 3037 1681 3081 etcum
1722 3027 1921 3081 dilecto
1950 3035 2113 3096 atque
2146 3035 2328 3082 amato
2363 3035 2466 3082 suo
2493 3025 2764 3096 copulari.

568 3120 652 3174 li.
678 3119 1046 3186 Quamobrem
1077 3133 1200 3174 cum
1233 3121 1370 3176 Deus
1390 3120 1540 3174 illum
1567 3122 1727 3175 etiam
1754 3119 1914 3173 bonis
1936 3133 2075 3190 prae-

495 3210 746 3266 sentibus
774 3224 1126 3266 remunerare
1150 3211 1312 3267 vellet
1340 3212 1358 3280 (
1392 3222 1476 3266 est
1497 3221 1677 3264 autem
1713 3211 1937 3276 bonum,
1961 3210 2074 3266 imo

498 3302 764 3357 bonorum
811 3304 1056 3357 omnium
1097 3303 1388 3373 optimum,
1445 3303 1677 3358 similem
1736 3303 1971 3372 aliquem
2016 3303 2070 3356 in

495 3390 714 3445 virtutis
751 3389 928 3445 stadio
952 3400 1262 3446 currentem
1299 3390 1559 3461 reperire,
1577 3399 1633 3446 et
1665 3389 1944 3462 preposito
1967 3391 2070 3445 sibi

2257 3117 2340 3174 ιδ’.
2374 3118 2542 3172 Ὅθεν
2580 3118 2678 3171 καὶ
2705 3115 2843 3170 Θεοῦ
2873 3115 3065 3170 τοῦτον
3103 3113 3472 3186 ἀμειϐομένου
3514 3110 3607 3166 καὶ
3647 3113 3762 3174 τοῖς

2179 3208 2418 3263 ἐνταῦθα
2447 3209 2634 3272 καλοῖς
2672 3208 2860 3276 (καλὸν
2899 3207 2957 3262 δὲ
2987 3207 3093 3276 ἄρα
3124 3207 3220 3260 καί
3256 3205 3441 3259 καλῶν
3476 3204 3763 3258 κάλλιστον

2178 3298 2240 3353 τδ
2268 3298 2555 3370 εὑρίσκειν
2575 3297 2667 3352 τὸν
2691 3298 3051 3368 ἀρεταί-δοντα
3066 3299 3275 3367 ὅμοιον.
3296 3297 3394 3350 καὶ
3413 3298 3480 3366 τῇ
3504 3293 3763 3365 προθέσει

2183 3389 2617 3456 συνεπαυξάνειν
2645 3389 2736 3442 τὸν
2764 3389 2964 3461 δρόμον
2985 3390 3086 3458 τῆς
3115 3388 3367 3459 ἀρετῆς),
3404 3385 3666 3454 ἐπιδημεῖ
3690 3386 3758 3456 τῇ

497 3485 642 3540 illius
661 3485 909 3557 exemplo
924 3485 1170 3556 ejusdem
1190 3485 1410 3542 virtutis
1433 3501 1656 3543 cursum
1687 3487 1928 3560 augere),
1957 3500 2074 3557 per-

2183 3481 2625 3537 Θεσσαλονικέων
2652 3481 2820 3555 [οὕτω
2873 3478 3031 3546 δόξαν
3055 3480 3224 3552 αὐτῷ,
3256 3481 3284 3535 ὁ
3315 3478 3481 3542 πολὺς
3511 3477 3602 3532 τὸν
3621 3477 3759 3548 βίον,

495 3579 645 3634 venit
690 3578 742 3633 in
765 3578 953 3635 urbem
978 3577 1575 3644 Thessalonicensium,
1599 3579 1673 3634 ita
1709 3581 1818 3635 Deo
1847 3580 2079 3645 volente,

497 3677 657 3724 atate
683 3678 994 3738 provectus,
1032 3677 1085 3726 et
1113 3668 1394 3726 miraculis
1440 3670 1855 3733 celeberrimus.
1907 3668 2080 3725 Deca-

499 3759 794 3827 politarum
825 3759 1017 3824 decus,
1046 3768 1103 3816 et
1129 3768 1189 3816 ut
1218 3762 1405 3818 verius
1435 3760 1640 3827 dicam,
1691 3762 1941 3817 omnium
1995 3761 2078 3817 ci-

502 3847 736 3903 vitatum
793 3857 1176 3904 ornamentum
1230 3850 1449 3905 divinus
1495 3850 1812 3921 Gregorius,
1861 3851 1956 3921 qui
1989 3849 2080 3905 ubi

501 3938 891 3995 monasterium
934 3937 1069 3994 illud
1113 3940 1338 4009 appulit,
1395 3940 1449 3994 in
1483 3955 1590 4008 quo
1646 3953 1944 4010 generosus
1993 3937 2084 3993 hic

501 4031 774 4102 agonista,
807 4047 1038 4101 magnus
1067 4031 1289 4100 inquam
1321 4029 1542 4098 Ioseph,
1576 4031 1838 4086 adversus
1896 4030 2082 4085 hostes

503 4124 810 4182 invisibiles
837 4123 1224 4181 Strenuissime
1246 4123 1609 4194 depugnabat,
1640 4121 1827 4177 videns
1856 4121 2081 4177 stabiles

499 4226 558 4273 et
578 4221 890 4278 constantes
922 4213 1068 4269 illius
1091 4227 1292 4277 mores,
1332 4212 1634 4281 animaeque
1660 4212 1781 4281 ejus
1836 4212 2078 4266 habitum

499 4320 823 4377 agnoscens,
847 4319 912 4358 ex
945 4305 1118 4374 gratia
1143 4302 1236 4357 illa
1267 4302 1447 4357 divina
1477 4317 1540 4356 ac
1568 4301 1934 4371 plenitudine.
1958 4317 2080 4371 quin

501 4397 559 4454 in
586 4396 834 4467 ejusdem
870 4396 1008 4452 facie
1050 4395 1348 4466 refulgebat
1407 4395 1556 4464 (cito
1583 4394 1750 4456 enim,
1803 4410 1869 4449 ac
1925 4394 2082 4450 latile

501 4496 814 4544 sanctorum
849 4488 1044 4543 anima:
1071 4503 1284 4551 eorum,
1311 4503 1450 4556 quos
1473 4487 1526 4541 in
1584 4488 1802 4542 virtutis
1857 4489 2081 4543 aemula—

501 4581 655 4636 tione
688 4581 896 4635 similes
922 4580 1142 4644 babcnt,
1175 4580 1391 4636 habitus
1421 4589 1750 4650 agnoscunt,
1798 4596 1863 4636 ac
1916 4582 2077 4636 veluti

502 4674 878 4746 venerantur)
909 4689 1031 4728 eum
1086 4674 1178 4728 illo
1220 4672 1647 4727 familiaritatem
1699 4675 1989 4740 contraxit,
2025 4683 2079 4729 et

2183 3575 2282 3630 καὶ
2305 3577 2420 3639 τοῖς
2451 3573 2699 3646 θαύμασι
2725 3573 3078 3644 περιϐόητος,
3109 3573 3172 3627 τὸ
3195 3570 3578 3626 Δεκαπολιτῶν
3604 3584 3765 3637 περι-

2181 3665 2424 3738 λάιλημα,
2447 3665 2648 3738 μᾶλλον
2666 3664 2723 3718 δὲ
2737 3663 2931 3718 πασῶν
2950 3663 3063 3718 τῶν
3081 3663 3292 3717 πόλεων
3307 3661 3761 3730 ὲγκαλλώπισμα,

2181 3762 2364 3824 ὁθεῖος
2393 3760 2694 3832 Γρηγόριος
2714 3775 2730 3790 ·
2759 3759 2818 3822 ὃς
2848 3759 2969 3812 ἐπεὶ
3004 3757 3277 3830 παρέϐαλε
3310 3758 3377 3828 τῇ
3410 3753 3569 3826 μονῇ]
3598 3793 3613 3819 ,
3648 3754 3705 3806 ὲν

2185 3851 2237 3925 [ὁ
2261 3854 2514 3922 γενναῖος
2531 3848 2866 3923 ἀγωνιστὴς]
2896 3849 2963 3902 τὰ
2991 3850 3132 3902 κατὰ
3153 3847 3262 3901 τῶν
3284 3847 3534 3916 ἀοράτων
3552 3844 3646 3915 ὲχθ
3656 3843 3764 3915 ρῶν

2183 3945 2431 4000 ἐπετέλει
2472 3943 2961 4014 ἀνδραγαθήματα,
3010 3941 3040 3993 ὁ
3077 3941 3268 4010 μέγας,
3326 3938 3503 4009 φημὶ,
3540 3936 3760 4008 Ἰωσὴφ,

2188 4036 2307 4091 ἰδὼν
2349 4033 2479 4108 ἦθος
2510 4034 2764 4106 βεϐηκὸς,
2796 4036 2891 4089 καὶ
2911 4035 3089 4106 ψυχῆς
3115 4031 3374 4096 ἐπιγνοὺς
3403 4030 3758 4098 κατάστημα,

2183 4133 2248 4186 ὲκ
2279 4135 2379 4200 τῆς
2429 4128 2859 4200 ἑπιφαινομένης
2900 4128 2980 4199 τῷ
3024 4124 3304 4198 προσώπῳ
3340 4124 3565 4196 χάριτος
3612 4122 3764 4186 θείας

2183 4223 2280 4278 καὶ
2318 4222 2660 4295 ὡραιότητος
2699 4221 2938 4293 (ταχεῖαι
2965 4222 3074 4291 γὰρ
3121 4220 3177 4272 αί
3217 4218 3392 4289 ψυχαὶ
3438 4216 3547 4271 τῶν
3591 4215 3762 4284 ἁγίων

2184 4315 2320 4386 πρὸς
2353 4314 2416 4369 τὸ
2450 4314 2698 4383 θηρᾶσαι
2725 4314 2795 4367 τὰ
2813 4313 2925 4366 τῶν
2955 4312 3241 4383 ὁμοζήλων
3269 4312 3456 4374 αὐτοῖς
3489 4308 3762 4378 καταστή-

2187 4406 2376 4476 ματα),
2400 4404 2698 4460 οἰκειοῦται
2729 4402 2905 4473 τούτῳ
2929 4406 3023 4456 καὶ
3058 4402 3391 4456 συνάπτεται
3435 4397 3760 4469 σωματικῶς

2181 4498 2299 4568 ἅμα
2323 4498 2417 4552 καὶ
2439 4496 2666 4566 νοερῶς,
2699 4497 2794 4549 καὶ
2818 4496 2921 4549 οὐκ
2952 4494 3128 4549 ἐθέλει
3157 4493 3351 4548 τούτου
3381 4488 3714 4564 χωρίξὲσθαι
3741 4504 3755 4519 ο

2183 4592 2342 4662 φύσει
2366 4591 2475 4660 γὰρ
2498 4588 2794 4644 οἰκειοῦται
2824 4588 2897 4658 τῷ
2924 4587 3094 4658 ὁμοίῳ
3110 4587 3169 4640 τὺ
3191 4587 3400 4657 ὅμοιον.
3447 4581 3585 4636 Ἀλλ’
3620 4581 3752 4634 ἐκά-

2180 4684 2261 4736 λει
2293 4682 2355 4736 τὸ
2384 4683 2638 4752 πρᾶγμα,
2674 4681 2770 4734 καὶ
2812 4678 3037 4750 ἔμελλεν
3065 4680 3094 4732 ὁ
3136 4675 3279 4740 θεῖος
3331 4674 3633 4744 Γρηγόριος
3658 4670 3750 4739 τὴν

501 4781 733 4836 corpore
754 4765 918 4820 simul
951 4779 1016 4819 ae
1048 4775 1226 4819 mente
1266 4764 1593 4832 conjunctus
1621 4773 1724 4826 est,
1759 4782 1858 4820 nec
1888 4764 1955 4820 ab
2012 4781 2074 4820 eo

2181 4771 2618 4827 Θεσσαλονικέων
2637 4768 2980 4824 καταλιπεῖνο
3004 4767 3332 4822 ἀνεϐάλλετο
3355 4765 3412 4820 δὲ
3426 4764 3519 4818 τὸν
3533 4764 3752 4832 δρόμον,

503 4859 745 4929 separari
779 4859 1024 4923 volebat;
1061 4874 1182 4928 qua:
1210 4858 1353 4911 enim
1393 4869 1582 4910 natura
1613 4857 1812 4911 similia
1844 4870 1970 4911 sunt
1997 4857 2078 4911 fa-

503 4953 706 5007 cillime
773 4953 1119 5016 copulantur.
1177 4948 1281 5004 Sed
1335 4948 1658 5016 Gregorium
1705 4949 1918 5019 negotia
1971 4949 2078 5003 alio

503 5045 826 5108 evocabant,
851 5053 904 5098 et
925 5042 1368 5099 Thessalonicam
1395 5042 1702 5111 relinquere
1739 5044 2030 5110 cogebatur
2061 5063 2073 5098 :

505 5137 608 5191 iter
624 5144 804 5190 tamen
843 5134 1122 5190 dill‘erebat
1152 5148 1337 5188 amore
1379 5148 1505 5202 erga
1535 5133 1777 5186 divinum
1849 5133 2075 5203 Jnsepb,

505 5235 567 5281 ut
603 5226 679 5281 ita
701 5227 904 5289 dicant,
939 5226 1233 5296 impeditus
1251 5240 1315 5279 ac
1333 5234 1595 5280 retentus.
1641 5223 1930 5294 Pmpterea
1951 5241 2077 5279 eum

505 5319 560 5373 in
592 5318 806 5374 urbium
833 5319 1070 5386 reginam
1102 5316 1258 5371 vellet
1282 5315 1569 5386 proﬁcisci,
1595 5331 1692 5371 nec
1718 5315 1858 5370 ferre
1877 5328 2076 5384 posset,

505 5410 588 5464 vel
626 5410 691 5466 ad
721 5411 979 5480 exiguum
1010 5419 1226 5479 tempus
1253 5423 1282 5461 ιι
1308 5423 1410 5464 suo
1449 5407 1502 5460 in
1539 5407 1737 5462 virtute
1765 5408 1964 5461 amillio
1991 5422 2078 5461 se-

2183 4867 2249 4936 τῇ
2281 4865 2418 4936 πρὸς
2443 4863 2534 4916 τὸν
2557 4862 2700 4915 θεῖον
2730 4861 2928 4930 Ἰωσὴφ
2972 4859 3439 4930 ἀνακοπτόμενος,
3473 4857 3545 4919 ὡς
3575 4857 3638 4910 ἀν
3673 4867 3757 4914 τις

2184 4956 2348 5016 εἴποι.
2392 4957 2616 5024 στοργῇ.
2665 4953 2756 5006 Διὸ
2785 4954 2876 5007 διά
2912 4969 3067 5017 τινας
3117 4953 3366 5019 ἀνάγκας
3417 4948 3756 5018 ἐπιδημῆσαι

2185 5050 2353 5104 θέλων
2380 5051 2514 5122 πρὸς
2551 5049 2649 5120 τὴν
2683 5047 2926 5117 μεγάλην
2956 5047 3063 5100 τῶν
3109 5047 3339 5106 πόλεων.
3376 5044 3438 5097 οὐ
3481 5041 3665 5112 φέρων
3711 5039 3756 5092 δ’

2183 5139 2292 5194 οὐδ’
2322 5140 2568 5207 ἑπολίγον
2591 5141 2689 5206 τὴν
2715 5136 2808 5191 τοῦ
2835 5136 3100 5208 ὁμοζηλου
3125 5135 3416 5203 διακοπὴν,
3439 5131 3756 5203 προσελθὼν

2184 5230 2261 5300 τῷ
2289 5230 2591 5300 προεστῶτι
2613 5233 2707 5299 τῆς
2741 5228 2932 5299 μονῆς,
2964 5226 3059 5281 καὶ
3088 5227 3267 5280 πάντα
3297 5224 3477 5280 κάλων
3504 5224 3756 5290 κινήσας.

2185 5323 2377 5390 λόγους
2430 5338 2492 5376 τε
2540 5323 2771 5392 μυρίους
2843 5320 3290 5394 παρακλητικοὺς
3365 5316 3754 5386 ποιησάμενος,

2180 5412 2446 5483 λαμϐάνει
2481 5413 2570 5465 τὸν
2634 5411 2831 5482 Ἰωσὴφ
2863 5410 3281 5478 συνατιόὸημον⁸
3335 5406 3508 5476 ἔμαθε
3554 5407 3662 5474 γὰρ
3706 5397 3752 5470 ᾧ

507 5504 716 5573 parari,
757 5501 998 5573 perrexit
1021 5499 1088 5555 ad
1113 5499 1431 5555 monasterii
1465 5499 2074 5567 pnesidemmtomuem

2178 5504 2315 5566 τέως
2351 5505 2597 5558 ὑπείκειν
2627 5502 2701 5574 τῷ
2728 5502 3034 5574 Γρηγορὶῳ,
3064 5503 3156 5555 διὰ
3181 5503 3240 5555 τὸ
3282 5498 3623 5570 ὑπερϐάλλον
3653 5497 3755 5563 τῆς

510 5595 679 5650 nmvit
701 5595 958 5664 lapidem,
987 5592 1293 5648 innumeris
1315 5592 1567 5660 precibus
1598 5588 1879 5653 adhibitis,
1904 5602 1962 5644 ut
1983 5588 2076 5646 ,Ιο-

2180 5595 2402 5664 ἀρετῆς.

510 5688 645 5756 sepb
686 5688 894 5742 socium
929 5684 1136 5740 itineris
1159 5683 1242 5736 sui
1285 5690 1464 5750 posset
1515 5681 1783 5744 obtinere,
1824 5681 2152 5748 tandemque
2204 5686 2458 5742 obtinuit.
2533 5686 2653 5741 iam
2715 5691 2859 5742 cnim
2923 5686 3185 5743 didicerat
3234 5686 3498 5761 Gregorio
3557 5681 3749 5742 cedere

509 5794 666 5844 atque
695 5781 917 5850 obsequi
953 5787 1168 5850 propter
1199 5777 1411 5833 virtutis
1443 5777 1815 5833 eminentiam.
