4094 6284
363 361 473 424 965

1933 373 2131 434 VITA.

3537 388 3646 454 966

361 470 444 544 τῷ
468 472 588 544 ήδεί
633 471 734 543 τὴν
775 471 1089 544 δυναμένην
1139 475 1443 547 συμϐαλεῖν
1470 479 1583 541 τοῖς
1631 475 1929 552 λεγομένοις

2056 486 2277 552 bantur,
2326 499 2564 545 mcntcm
2599 491 2871 561 potuisset
2916 494 3274 569 animumque
3328 500 3641 569 advertere,

359 564 622 622 διάνοιαν.
659 565 768 618 Καὶ
795 569 950 620 ποῖον
977 570 1090 640 γὰρ
1130 565 1272 632 εἶδος
1313 569 1530 624 ἐκεῖθεν
1565 569 1825 640 φθόγγων
1849 574 1953 628 οὐκ

359 657 675 712 ἐδιδάσκετο
709 659 1027 729 μουσικῶν;
1075 661 1112 733 ἡ
1137 660 1266 716 ποία
1307 661 1471 733 χάρις
1510 663 1611 717 οὐκ
1665 663 1952 737 ἐπέλαμπε

356 751 964 822 τοῖςᾲσματιζομένοις
990 755 1139 828 αὐτῷ
1165 771 1180 822 ;
1224 755 1466 810 Ἐκεῖθεν
1496 754 1668 822 ὕπνος
1714 758 1813 813 καὶ⁸
1838 760 1952 822 τοῖς

353 844 500 912 ἄγαν
537 843 809 918 ῥᾳθύμοις
850 847 1268 916 ἀπετινὼσετο,
1304 848 1599 904 σπεύδουσι
1641 850 1951 922 κηληθῆναι

353 935 455 1009 τὴν
475 937 648 1008 ἀκοὴν
676 938 817 1008 ὁμοῦ
849 940 944 994 καὶ
976 939 1221 996 διάνοιαν
1254 941 1335 1018 τῷ
1375 941 1591 1015 λιγυρῴ
1617 945 1951 1015 προσφωνή-

352 1046 511 1099 ματι.
546 1028 832 1084 Ἐντεῦθεν
857 1030 953 1086 καὶ
981 1033 1098 1096 τοῖς
1130 1032 1268 1104 πρὸς
1293 1032 1498 1103 ἀρετὴν
1545 1031 1775 1097 ἑαυτοὺς
1823 1034 1949 1088 ἐπι-

352 1118 590 1174 τείνουσι
612 1121 710 1189 τῆς
737 1121 945 1194 ἀρετῆς
973 1125 1006 1195 ἡ
1033 1123 1147 1190 ῑξις
1173 1124 1594 1197 κατανενόηται.
1638 1125 1828 1181 Ταῦτα
1853 1125 1950 1180 καί¹

352 1211 402 1265 οἰ
431 1211 491 1266 ἐν
513 1211 714 1276 λύπαις
749 1213 1249 1285 αηλαμσάνοντες,
1278 1216 1340 1270 τὸ
1363 1215 1612 1289 ἀθυμοῦν
1636 1218 1728 1271 καὶ
1755 1217 1946 1273 δακνό-

354 1321 520 1376 μενον
543 1305 644 1376 τῆς
683 1305 863 1378 ψυχῆς
913 1309 1302 1380 κατεκοίμιζον
1327 1325 1340 1339 ’
1393 1309 1607 1376 τούτοις
1651 1309 1749 1366 καὶ
1781 1313 1834 1366 οἰ
1887 1312 1947 1367 ὲν

351 1399 590 1472 εύθυμίᾳ
616 1400 772 1466 δντες
805 1405 942 1475 πρδς
973 1404 1171 1477 ἡδονῆς
1203 1406 1328 1460 κατ’
1363 1406 1527 1462 ἄλλον
1575 1407 1778 1479 τρόπον
1812 1426 1946 1480 μετ-

357 1493 590 1547 έπιπτον
608 1493 844 1567 δάκρυα.
863 1496 928 1550 Οί
955 1496 1260 1569 γράφοντες
1281 1497 1360 1562 δὲ,
1388 1501 1502 1564 τοῖς
1531 1499 1709 1564 ἄλλοις
1735 1501 1947 1573 χαίρειν

354 1587 599 1652 εἰπόντες
631 1589 934 1662 πονήμασι,
988 1592 1104 1656 τοῖς
1152 1590 1249 1645 τοῦ
1281 1592 1433 1646 θείου
1484 1591 1681 1663 Ἰωσὴφ
1706 1593 1842 1648 πολύ
1891 1611 1943 1648 τι

2059 581 2201 635 mira
2230 581 2523 640 dulcedine
2564 585 2897 642 oblectabat.
2930 585 3150 644 Etenim
3191 592 3374 661 qualis
3400 596 3648 652 musico-

2057 689 2182 729 rum
2222 690 2486 731 sonorum
2530 679 2746 748 species
2791 679 2923 736 inde
2954 697 3064 738 non
3102 684 3530 743 addisc'ebatur?
3559 692 3644 747 vel

2052 765 2235 835 qualis
2261 767 2435 836 gratia
2475 767 2529 821 in
2563 768 2650 832 iis,
2675 783 2798 838 qua:
2832 769 2901 824 ab
2927 771 3117 827 eodem
3145 775 3503 844 canebantur,
3532 796 3642 835 non

2053 857 2346 914 elucebat?
2373 858 2505 914 lude
2537 860 2618 914 vel
2657 860 3029 929 ignavissimis
3061 878 3128 919 ac
3180 867 3434 924 socordia
3464 871 3642 938 plenis

2053 966 2284 1007 somnus
2316 952 2722 1020 excutiebatur,
2760 953 3155 1013 festinantibus
3188 958 3254 1013 ad
3283 959 3644 1021 oblectandas

2051 1057 2216 1099 aures
2262 1043 2429 1099 simul
2475 1053 2532 1100 et
2577 1045 2827 1100 animum
2873 1055 3039 1104 cantu
3090 1047 3240 1105 illius
3284 1053 3639 1109 suavissimo.

2050 1135 2182 1191 inde
2223 1147 2281 1193 et
2313 1137 2444 1204 illis,
2478 1138 2572 1208 qui
2612 1137 2681 1193 ad
2712 1141 2971 1196 virtutem
3007 1141 3364 1201 vehementer
3390 1145 3640 1203 animum

2051 1231 2431 1295 intendebant,
2495 1231 2719 1289 virtutis
2781 1232 2959 1304 ipsius
3010 1234 3234 1291 habitus
3287 1250 3642 1306 comparatus

2049 1328 2154 1375 est.
2190 1318 2315 1376 Haec
2344 1321 2612 1378 memoria
2657 1331 2974 1392 repetentes
3003 1323 3108 1390 illi,
3150 1325 3245 1396 qui
3278 1339 3519 1384 mmrore
3545 1343 3645 1401 op-

2048 1412 2222 1484 pressi
2258 1422 2437 1478 erant,
2473 1413 2644 1469 animi
2674 1414 3031 1486 pusillitatem
3078 1432 3144 1473 ac
3191 1418 3502 1475 molestiam
3544 1420 3643 1478 de-

2049 1506 2345 1575 poncbant.
2405 1505 2503 1562 His
2552 1509 2717 1562 etiam
2791 1509 2871 1564 illi
2914 1509 3008 1582 qui
3064 1511 3398 1569 hilaritatem
3466 1513 3640 1570 animi

2045 1595 2495 1664 experiebantur,
2528 1598 2594 1653 ad
2627 1598 2927 1670 voluptatis
2955 1601 3249 1674 lacrymas,
3285 1603 3382 1660 sed
3415 1603 3641 1660 diverso

352 1679 993 1754 κέρδοςὲμμελῳδήμασι
1018 1683 1434 1756 συνηθροίκασι,
1481 1685 1685 1756 μᾶλλον
1711 1685 1770 1741 δὲ
1822 1701 1929 1741 συν

2045 1687 2233 1754 modo,
2271 1688 2569 1744 transitum
2613 1689 2914 1751 iaciebant.
2971 1692 3291 1766 Scriptores
3343 1703 3529 1751 autem
3579 1695 3636 1752 in

347 1771 688 1845 αθροίζουσι.
735 1773 982 1828 Γλῶσσαι
1007 1775 1120 1848 γὰρ
1162 1778 1338 1832 πᾶσαι
1385 1777 1530 1832 κατὰ
1572 1777 1770 1849 φυλὰς,
1805 1778 1929 1852 πρὸς

2047 1778 2176 1834 aliis
2221 1779 2482 1848 operibus
2535 1785 2940 1853 componendis
2967 1784 3139 1842 laetari
3192 1799 3534 1858 recusantes,
3568 1804 3640 1845 ex

347 1866 447 1936 τὴν
481 1866 692 1922 ἑαυτῶν
731 1866 1015 1922 διάλεκτον
1051 1869 1121 1926 τὰ
1168 1871 1525 1942 μελετὴματα
1580 1871 1929 1945 βαλλόμεναι,

2045 1869 2216 1925 divini
2246 1869 2449 1942 Joseph
2483 1874 2720 1930 canticis
2765 1888 2830 1932 ac
2867 1877 3107 1934 modulis
3145 1857 3525 1952 collegerunt,
3550 1881 3637 1936 vel

348 1961 448 2031 τὴν
473 1959 646 2017 νύκτα
667 1962 849 2017 πᾶσαν
874 1965 1341 2035 καταφωτίζουσι,
1369 1972 1464 2020 καὶ
1492 1967 1554 2020 τὸ
1594 1966 1766 2039 αὐτῆς
1810 1982 1929 2022 σκο-

2043 1960 2232 2032 potius
2273 1961 2545 2032 colligunt
2587 1962 2805 2019 lucrum
2856 1967 3132 2038 quoddam
3175 1970 3518 2042 peramplum
3571 1979 3639 2029 ae

351 2053 525 2109 τεινδν
550 2055 642 2112 καὶ
668 2055 802 2127 πρὸς
827 2055 994 2112 ὕπνον
1027 2057 1320 2131 ἑλκόμενον
1358 2063 1426 2133 τῇ
1453 2062 1634 2132 πυκνῇ
1679 2076 1929 2133 φρυκτω·

2045 2054 2253 2110 nobile.
2285 2053 2545 2112 Omnium
2571 2057 2721 2112 enim
2753 2057 2957 2132 lingua:
2990 2059 3149 2132 juxta
3183 2063 3363 2119 tribus
3392 2079 3543 2128 suas,
3568 2079 3638 2120 ac

353 2144 448 2218 ρίᾳ
490 2145 629 2220 πρὸς
664 2147 894 2219 ἡλιακὰς
962 2152 1306 2222 φωτοχυσίας
1351 2152 1804 2225 μεταϐιϐάζουσι,
1839 2152 1929 2207 καὶ

2042 2147 2411 2218 proprietates
2448 2147 2681 2219 loquela:
2714 2163 2851 2217 suae,
2878 2165 2975 2222 per
3005 2158 3176 2209 t'otam
3206 2164 3425 2210 noctem
3459 2155 3636 2211 sacris

344 2237 564 2309 χαίρειν
592 2239 668 2310 τῷ
701 2237 858 2311 ὕπνῳ
882 2240 1137 2298 εἰποῦσαι
1165 2245 1278 2308 τοίς
1301 2243 1548 2318 ᾅσμασιν
1567 2244 1928 2317 ὡρατζονται.

2042 2240 2494 2296 meditationibus
2523 2249 2807 2307 vacantes,
2832 2242 2984 2300 illius
3021 2246 3278 2304 tenebras
3304 2262 3370 2304 ac
3397 2263 3626 2304 somnu-

343 2337 593 2412 lentjam,
629 2333 904 2406 frequenti
938 2335 1208 2392 luminum
1259 2339 1588 2399 accensione
1635 2340 1691 2394 in
1720 2339 1932 2397 solares
1971 2336 2158 2394 radios
2190 2343 2561 2400 commutant,
2601 2346 2657 2392 et
2691 2337 2872 2394 somni
2919 2337 3213 2397 dulcedine
3289 2340 3394 2397 frui
3471 2357 3634 2398 recu-

340 2439 551 2496 santes,
579 2430 754 2487 sancti
787 2429 950 2501 hujus
976 2429 1081 2486 viri
1115 2430 1348 2488 canticis
1376 2432 1732 2488 dccorantur.

410 2520 517 2585 κζ’.
544 2521 702 2576 Ἔστι
751 2538 839 2586 τις
872 2522 1141 2593 ἄτεγκτος
1192 2525 1290 2581 καὶ
1312 2526 1639 2598 ἀμείλικτος
1665 2527 1762 2583 καὶ
1791 2527 1931 2598 πρὸς

339 2613 594 2687 δακρύων
620 2617 885 2692 ἰπιρῤοὰς
911 2618 1098 2688 ἀφυής
1122 2636 1137 2686 ;
1167 2618 1254 2674 Τὰ
1284 2621 1366 2685 εἰς
1389 2620 1492 2693 τὴν
1516 2620 1801 2695 Παρθένον
1833 2622 1931 2676 ml.

343 2708 570 2780 Μητέρα
586 2707 745 2776 Θεοῦ,
791 2711 894 2784 τὴν
920 2712 1061 2785 ὑπὲρ
1086 2712 1248 2782 λόγον
1287 2713 1667 2770 συλλαϐοῦσαν
1698 2716 1791 2771 τὸν
1821 2716 1928 2771 Λό-

344 2816 460 2883 γον,
496 2803 696 2876 λιγυρὰ
736 2803 1102 2878 μελῳδήματα
1129 2807 1325 2877 ἐπιὼν,
1359 2807 1636 2874 θαλάσσας
1672 2808 1928 2884 δακρύων

343 2894 467 2961 τοὺς
492 2897 804 2970 ὀφθαλμοὺς
823 2897 1161 2973 πληρωθεὶς,
1191 2902 1291 2958 καὶ
1326 2903 1430 2975 τὴν
1454 2903 1699 2960 διάνοιαν
1727 2923 1926 2960 συντα-

340 2988 480 3055 κεὶς,
507 2990 659 3063 eam
686 2991 764 3062 νῷ
793 2994 1208 3067 κατατρυφήσει
1228 2995 1340 3050 τῶν
1359 2997 1564 3070 νοερῶν
1589 2998 1797 3070 ἰύγγων
1824 3002 1926 3072 τῆς

336 3082 713 3150 mandetur
743 3086 918 3158 μυρία
950 3085 1008 3141 δὲ
1052 3086 1230 3143 ταῦτα
1261 3089 1441 3164 τούτῳ
1486 3091 1825 3147 συντέθειται
1861 3094 1924 3149 ὲν

2111 2518 2207 2575 27.
2238 2519 2330 2574 Est
2367 2517 2643 2589 quispiam
2678 2516 2889 2589 rigidus
2918 2533 2984 2574 ac
3014 2520 3212 2588 durus,
3247 2530 3412 2594 atque
3445 2525 3512 2582 ad
3546 2528 3633 2586 la-

2037 2630 2261 2688 crymas
2285 2613 2648 2670 eﬂuudendas
2673 2613 2934 2685 ineptus?
2960 2617 3334 2676 Suavissimas
3362 2624 3632 2682 melodias

2037 2706 2110 2762 ab
2133 2720 2201 2761 eo
2229 2705 2467 2778 scriptas
2492 2706 2544 2760 in
2574 2703 2855 2778 Virginem
2880 2722 2944 2763 ac
2967 2706 3062 2764 Dei
3093 2708 3321 2769 Matrem
3347 2713 3484 2786 (i0),
3507 2732 3632 2789 qua:

2037 2796 2388 2855 ineﬂ'abiliter
2440 2795 2684 2854 Verbum
2734 2800 3011 2872 concepit,
3059 2803 3285 2860 assidue
3341 2806 3526 2879 legens
3563 2828 3630 2868 ac

2034 2893 2360 2956 decantatis,
2397 2891 2772 2964 lacrymarum
2803 2893 2977 2949 maria
3014 2895 3194 2966 plenis
3236 2900 3631 2966 oculis,eiiun-

2032 2983 2142 3050 det,
2169 2992 2434 3040 etmente
2455 2983 2900 3055 colliquei'actus,
2927 2987 3280 3044 immateriali
3305 3005 3472 3048 sensu
3505 2995 3628 3066 spi-

2031 3073 2327 3131 ritualibus
2371 3075 2819 3145 compunctionis
2879 3075 3094 3134 deliciis
3145 3077 3476 3149 perfruetur.
3529 3083 3624 3141 Hre

334 3173 616 3248 διαφόροις
669 3176 1019 3247 θναλλαγαῖς,
1059 3179 1156 3235 καὶ
1201 3180 1352 3252 ἥκων
1412 3185 1775 3255 κατατοματς,
1826 3183 1922 3238 καὶ

2031 3178 2210 3224 autem
2252 3169 2504 3225 melodiae
2539 3178 2815 3226 sexcenta
2856 3180 3010 3236 sunt,
3069 3187 3196 3243 qua:
3246 3173 3315 3229 ab
3343 3188 3413 3229 eo
3453 3177 3625 3233 variis

336 3267 562 3339 ῥυθμῶν
617 3269 880 3324 ποικίλων
912 3270 1204 3344 διαφοραίς
1243 3274 1307 3327 τδ
1351 3273 1455 3346 ήδύ
1491 3290 1608 3340 πως
1632 3277 1925 3348 ἀρωματίο

335 3359 519 3422 ζοντα.
550 3359 812 3417 Βούλεταί
837 3380 921 3428 τις
943 3364 1142 3436 μαθεῖν
1175 3364 1269 3419 τὸν
1308 3365 1425 3438 βίον
1454 3366 1551 3422 τοῦ
1597 3368 1737 3439 πρὸς
1782 3367 1922 3441 aps.

336 3471 438 3528 ραν
466 3457 784 3529 τιμωμένου
806 3457 967 3527 ἁγίου
990 3461 1060 3532 τῇ
1106 3459 1403 3532 Ἐκκλησία
1429 3459 1522 3514 τοῦ
1545 3461 1683 3516 Θεοῦ
1712 3479 1728 3530 ;
1767 3464 1924 3519 Mer-

331 3548 580 3622 ερχὲσθω
647 3550 711 3605 τὸ
755 3548 1065 3623 εὔρυθμον,
1119 3553 1218 3608 καὶ
1267 3553 1356 3622 ἐφ’
1411 3554 1494 3608 ἐνὶ
1543 3555 1761 3625 ἑκάστῳ
1813 3556 1923 3611 τῶν

333 3643 635 3718 ᾀδομένων,
689 3643 1108 3714 ιπιγινωσκέτω
1149 3645 1254 3718 τὴν
1289 3645 1385 3700 τοῦ
1444 3645 1564 3718 βίου
1617 3647 1919 3720 διαγωγήν.

334 3737 444 3793 Καὶ
472 3737 584 3803 πᾶς
615 3736 717 3810 μὲν
743 3736 854 3792 τιῖιν
888 3737 1063 3808 ἁγίων
1090 3738 1184 3793 ὑπ’
1212 3739 1409 3809 ἐκείνῳ
1439 3739 1754 3813 τιμώμενος
1791 3742 1923 3795 ἀνα·-

330 3833 642 3887 δείκνυται*
675 3829 841 3895 αὐτὸς
871 3830 927 3886 δὲ
966 3832 1026 3892 ἐν
1060 3832 1231 3887 πᾶσιν
1259 3833 1451 3904 δρᾶται
1485 3833 1830 3906 τιμώμενος,
1863 3836 1923 3889 ἑν

329 3924 506 3978 ἄλλων
536 3923 674 3995 βίοις
702 3922 868 3988 αὐτὸς
896 3922 1300 3996 ὲξυμνυύμενος
1319 3965 1332 3990 ,
1365 3924 1456 3981 διὰ
1482 3924 1544 3980 τδ
1572 3925 1791 3997 λιγυρὸν
1824 3927 1922 3982 καὶ

331 4015 604 4086 εὓρυθμον
625 4015 727 4084 τῆς
752 4014 1031 4086 ἐμμελοῦς
1065 4014 1440 4088 μιλῳδήσεως.
1475 4015 1670 4081 ’Δλλος
1697 4017 1798 4089 μὲν
1828 4017 1920 4073 οὖν

333 4110 684 4178 μεγαλυνίτω
706 4109 798 4164 τὸν
825 4109 940 4181 βίον
962 4108 1058 4165 τοῦ
1086 4109 1385 4182 μακαρίου,
1412 4111 1442 4164 δ
1463 4111 1520 4166 δὲ
1543 4111 1642 4183 τῆς
1663 4109 1920 4182 γνώσεως

329 4201 390 4253 τὸ
405 4200 736 4272 ὑπερφέρον,
755 4203 956 4264 πάντες
973 4202 1030 4256 δὲ
1049 4203 1226 4257 πάντα
1241 4201 1440 4274 ἐπίσης
1465 4201 1562 4258 καὶ
1589 4202 1679 4257 διὰ
1696 4204 1919 4260 πάντων

331 4291 786 4363 μεγαλυνέτωσαν
803 4293 899 4364 τὴν
931 4295 1090 4366 χάριν
1112 4295 1209 4350 τοῦ
1227 4295 1566 4368 Πνεύματος,
1596 4299 1719 4372 ἥτις
1742 4301 1918 4375 τούτῳ

325 4382 500 4450 οὕτως
536 4385 851 4456 ικκέχυται,
882 4387 959 4451 ὡς
985 4391 1067 4453 εἰς
1089 4390 1271 4465 πᾶσαν
1295 4392 1394 4462 τὴν
1418 4394 1744 4467 οἰκουμένην
1767 4397 1916 4466 ὲξελο

328 4479 446 4536 θεῖν
461 4479 559 4535 τὸν
589 4478 830 4550 φθόγγον
865 4480 1055 4548 αὐτοῦ,
1085 4483 1181 4537 καὶ
1211 4483 1292 4548 εἰς
1319 4484 1390 4538 τὰ
1410 4487 1624 4558 πέρατα
1649 4491 1916 4547 πάντατὰ

325 4573 439 4629 τῶν
483 4571 896 4646 μελῳδημάτων
942 4573 1278 4647 θεοκρότητα
1331 4552 1574 4649 ῥήματα.
1622 4581 1758 4654 Περὶ
1805 4584 1913 4656 γὰρ
1940 4552 1993 4614 D

323 4667 433 4723 τῶν
473 4667 651 4723 ἄλλων
689 4667 743 4722 τί
793 4665 901 4739 χρὴ
934 4667 1030 4720 καὶ
1077 4667 1292 4736 λέγειν;
1331 4671 1566 4736 ὁπόσους
1602 4673 1812 4740 ἐκεῖνος
1842 4677 1908 4731 ὲκ

320 4764 418 4818 τοῦ
442 4759 609 4836 βυθοῦ
634 4760 734 4832 τῆς
771 4760 1033 4824 ἀπιστίας
1060 4759 1358 4826 ἐξείλκυσε,
1397 4765 1492 4819 καὶ
1519 4765 1656 4836 πρὸς
1684 4766 1782 4838 τὴν
1811 4766 1914 4838 τῆς

323 4856 487 4926 ἁγίας
519 4853 749 4927 Τριὰδος
780 4852 984 4923 γνῶσιν
1019 4852 1312 4925 ὲρύθμισεο
1340 4856 1542 4923 πόσους
1567 4859 1624 4913 δὲ
1655 4859 1914 4931 πέπεικε,

319 4949 534 5020 χαίρειν
562 4949 739 5002 εἰπεῖν
770 4945 850 5018 τῷ
884 4945 1074 5019 κόσμῳ
1100 4946 1195 5000 καὶ
1216 4948 1329 5012 τοῖς
1355 4947 1414 5002 ὲν
1447 4948 1641 5022 κόσμῳ
1659 4994 1674 5018 ,
1701 4953 1796 5008 καὶ
1822 4952 1913 5008 τὸν

324 5041 539 5112 μονήρη
570 5041 686 5113 βίον
725 5037 1085 5095 ἀσπάσασθαι
1107 5054 1123 5071 ο
1157 5039 1335 5107 πόσας
1365 5041 1423 5096 δὲ
1462 5046 1728 5112 γυναῖκας
1775 5063 1915 5118 παρ-

319 5135 563 5188 θενεύειν
597 5133 874 5200 ἐδίδαξεν,
906 5131 971 5187 ἵν’
1011 5132 1187 5206 ἔχοιεν
1215 5133 1312 5200 τὰς
1357 5136 1650 5208 λαμπάδας
1677 5139 1914 5195 ἀναπτο-

321 5231 493 5301 μὲνας
507 5228 799 5303 διηνεκῶς,
817 5228 912 5282 καὶ
936 5227 1245 5283 συνέλθοιεν
1268 5229 1348 5301 τῷ
1370 5231 1643 5304 μνηστῆρι
1669 5231 1914 5307 Χριστῷ,

315 5325 445 5396 ἄρτι
480 5323 730 5394 κραυγῆς
753 5320 1086 5392 τελουμένης
1109 5321 1166 5375 ἐν
1187 5319 1263 5393 τῷ
1287 5321 1439 5396 μέσῳ
1466 5322 1531 5394 δὴ
1558 5323 1658 5397 τῆς
1681 5325 1912 5392 νυκτόςς

2027 3259 2552 3314 commutationibus
2567 3268 2623 3315 et
2648 3273 2910 3316 sonorum
2932 3261 3366 3326 concisionlbus,
3404 3267 3621 3323 variis-

2026 3367 2134 3423 que
2201 3351 2587 3423 rhythmorum
2622 3350 2952 3408 diderentiis
2989 3354 3336 3424 compositae,
3368 3355 3620 3413 dulcedi-

2025 3460 2151 3500 nem
2173 3444 2580 3515 quodammodo
2600 3454 2769 3516 atque
2786 3445 3013 3502 odorem
3039 3447 3330 3505 suavitatis
3352 3451 3620 3506 aromati-

2025 3546 2173 3593 zant.
2196 3535 2290 3594 Est
2308 3552 2474 3608 porro
2507 3528 3027 3610 aliquis,quisancti
3045 3539 3221 3608 illius,
3248 3542 3344 3613 qui
3374 3546 3619 3601 currenti

2025 3630 2116 3685 die
2145 3629 2215 3686 ab
2239 3630 2482 3686 Ecclesia
2526 3629 2619 3686 Dei
2654 3630 2980 3694 honoratur.
3017 3631 3186 3688 vitam
3219 3633 3502 3691 addiscere
3520 3651 3619 3693 cu-

2022 3723 2175 3798 piat?
2201 3725 2464 3796 Capessat
2484 3740 2551 3782 ac
2581 3724 2722 3794 legat
2753 3725 3095 3798 lepidissima
3115 3726 3262 3784 illius
3291 3730 3528 3796 cantica,
3561 3740 3618 3785 et

2023 3820 2079 3875 in
2127 3834 2464 3892 unoquoque
2487 3834 2704 3884 eorum,
2741 3831 2862 3892 qua
2911 3828 3214 3886 canuntur,
3273 3822 3402 3877 vitae
3433 3824 3614 3879 sancti

2023 3913 2173 3971 illius
2191 3913 2460 3970 rationem
2479 3922 2861 3987 recognoscat.
2891 3912 2956 3969 Et
2980 3912 3226 3985 proiecto
3254 3915 3617 3988 uniuscujus-

2021 4024 2130 4080 que
2158 4018 2499 4076 sanctorum,
2525 4007 2620 4081 qui
2643 4008 2715 4065 ab
2756 4022 2824 4064 eo
2862 4008 3188 4076 honoratur,
3213 4009 3318 4066 vita
3345 4009 3400 4066 in
3430 4009 3608 4067 lucem

2022 4103 2320 4176 profertur,
2340 4102 2624 4174 oculisque
2641 4101 2954 4173 subjicitur.
2973 4100 3097 4174 Ipse
3115 4117 3245 4159 vero
3263 4102 3402 4158 inter
3417 4117 3614 4162 omnes

2023 4198 2328 4256 honoratus
2361 4203 2609 4270 apparet,
2641 4205 2809 4269 atque
2835 4195 2891 4252 in
2924 4195 3161 4252 aliorum
3192 4197 3306 4254 vita
3337 4195 3454 4268 ipse
3485 4197 3612 4253 lau-

2020 4293 2184 4350 datur
2235 4302 2462 4366 propter
2513 4291 2848 4348 suavitatem
2901 4299 2956 4348 et
3002 4289 3438 4347 concinnitatem
3490 4290 3613 4348 dul-

2021 4388 2259 4445 Cissima:
2311 4385 2582 4442 melodite.
2635 4383 2744 4440 Alii
2787 4385 2954 4457 igitur
3011 4383 3180 4455 hujus
3240 4383 3389 4440 beati
3442 4386 3609 4443 vitam

2021 4493 2157 4539 sane
2203 4480 2598 4552 magniﬁcent:
2632 4479 2726 4534 alii
2755 4486 2940 4534 autem
2976 4477 3226 4534 scientia
3272 4477 3423 4534 illius
3469 4478 3608 4534 emi-

2021 4575 2306 4642 nentiam;
2340 4589 2536 4630 omnes
2558 4586 2690 4628 vero
2723 4570 2910 4628 omnia
2938 4570 3227 4644 aequaliter
3256 4580 3312 4628 et
3350 4586 3447 4643 per
3480 4587 3602 4626 om-

2021 4668 2111 4722 nia
2157 4663 2510 4735 magniﬁcent
2561 4663 2804 4737 Spiritus
2842 4662 3100 4736 gratiam,
3154 4677 3280 4736 qua:
3309 4662 3388 4719 ita
3423 4661 3478 4718 in
3512 4662 3610 4718 illo

2021 4759 2193 4816 eﬂ‘usa
2243 4769 2350 4823 est,
2409 4768 2469 4813 ut
2515 4757 2570 4813 in
2605 4771 2824 4814 omnem
2857 4766 3129 4814 terrarum
3165 4756 3355 4812 orbem
3409 4755 3609 4814 exierit

2021 4867 2197 4911 sonus
2262 4851 2406 4922 ejus,
2462 4859 2519 4908 et
2572 4851 2629 4907 in
2681 4851 2820 4908 fines
2869 4859 3030 4906 terra:
3089 4849 3382 4906 universos
3436 4850 3606 4906 verba

2020 4947 2193 5004 Deum
2225 4945 2536 5004 resonantia
2596 4944 2959 5001 melodiarum
2995 4942 3135 5016 ejus.
3170 4942 3250 4999 De
3286 4943 3408 5001 aliis
3438 4959 3608 5016 porro

2022 5041 2154 5116 quid
2189 5056 2328 5112 opus
2361 5049 2447 5098 est
2474 5049 2739 5111 praeterea
2766 5036 2974 5102 dicere,
2998 5047 3133 5108 quot
3177 5036 3269 5092 ille
3302 5051 3371 5092 ex
3414 5037 3606 5092 intide-

2019 5137 2197 5195 litatis
2233 5135 2495 5192 barathro
2537 5133 2608 5190 ad
2651 5142 2856 5189 sanctae
2896 5130 3186 5187 Trinitatis
3232 5129 3606 5201 cognitionem

2020 5229 2304 5297 eduxerit;
2337 5236 2472 5298 quot
2494 5223 2835 5298 persuaserit
2859 5222 3049 5279 mundi
3083 5232 3140 5278 et
3171 5235 3364 5278 eorum
3395 5236 3520 5294 quae
3541 5221 3599 5276 in

2025 5321 2234 5380 mundo
2267 5333 2397 5379 sunt
2438 5319 2638 5394 gaudia
2669 5331 2934 5388 respuere
2955 5353 2971 5381 ,
3011 5323 3067 5370 et
3097 5313 3403 5372 solitariam
3435 5314 3602 5368 vitam

319 5419 659 5490 amplexari;
692 5424 830 5486 quot
859 5415 1094 5470 feminas
1133 5415 1504 5487 virginitatem
1579 5433 1802 5476 servare
1839 5421 2112 5486 docuerit,
2146 5427 2208 5474 ut
2269 5416 2537 5473 haberent
2603 5411 2828 5505 assidue
2895 5408 3179 5481 lampades
3209 5421 3474 5464 accensas
3501 5443 3516 5471 ,
3549 5413 3608 5462 et

315 5529 445 5571 cum
496 5522 701 5580 sponso
734 5506 955 5564 Christo
995 5509 1217 5579 nuptias
1265 5509 1492 5579 inirent,
1521 5513 1708 5568 statim
1745 5523 1913 5585 atque
1951 5514 2161 5572 clamor
2192 5512 2376 5569 media
2444 5517 2608 5566 nocte
2629 5503 2823 5562 ﬁeret?

391 5649 506 5722 (t0)
534 5649 927 5722 Plurimaseas
950 5645 1118 5722 fuisse
1140 5665 1247 5704 non
1268 5645 1588 5722 dubitamus
1615 5673 1628 5710 :
1651 5663 1706 5710 et
1731 5654 1916 5711 multat

320 5709 773 5796 forsitanadliuc
819 5721 986 5796 latent
1024 5719 1243 5796 in_mss.
1277 5709 1479 5796 Siculis
1508 5709 1915 5796 apudBasilia:

319 5811 447 5851 nos.
511 5792 834 5864 liippoiytus
872 5789 1286 5864 Maraccius_ex
1329 5789 1648 5851 Grecorum
1693 5790 1914 5856 Nemnis

315 5881 517 5926 novem
542 5860 781 5936 integros
810 5874 1053 5919 canones
1079 5861 1146 5920 de
1175 5860 1408 5935 Deipara
1445 5867 1638 5937 edidit,
1663 5881 1715 5926 et
1741 5872 1916 5927 maxi-

2015 5671 2166 5713 mum
2203 5670 2492 5712 numerum
2539 5647 2966 5708 Theotociorum
2987 5683 3005 5712 ,
3037 5643 3090 5700 id
3118 5651 3202 5698 est
3243 5639 3599 5711 stropharum

2015 5731 2083 5783 de
2131 5726 2328 5792 Beata,
2361 5729 2414 5782 in
2445 5726 2565 5796 ﬁne
2601 5726 2870 5792 cujusque
2909 5715 3450 5796 odaLcanendat-um
3475 5747 3494 5778 ,
3531 5727 3599 5766 ex

2014 5800 2275 5876 omnibus
2305 5783 2452 5876 quos
2473 5813 2505 5852 a
2538 5783 3155 5876 ,1οιιιῲιιςξξδ(ξοιιιροεὶιοεε
3165 5783 3398 5876 credidit
3429 5796 3610 5840 cano-.

2016 5854 2201 5939 nibus,
2231 5854 2525 5942 per'tmius
2555 5854 2686 5924 anni
2711 5854 2950 5920 oﬁiciuni
2981 5854 3210 5929 sparsis.
