  <div class='ocr_page' id='page_1' title='image "/cluster/home/n/w/nwhite01/storage/ocr_20150623/105/mdp.39015008714183/494.png"; bbox 0 0 4094 6284; ppageno 0'>
   <div class='ocr_carea' id='block_1_1' title="bbox 433 403 542 466">
    <p class='ocr_par' dir='ltr' id='par_1_1' title="bbox 433 403 542 466">
     <span class='ocr_line' id='line_1_1' title="bbox 433 403 542 466; baseline -0.018 0"><span class='ocrx_word' id='word_1_1' title='bbox 433 403 542 466; x_wconf 79' lang='lat'><strong>973</strong></span> 
     </span>
    </p>
   </div>
   <div class='ocr_carea' id='block_1_2' title="bbox 2006 417 2215 480">
    <p class='ocr_par' dir='ltr' id='par_1_2' title="bbox 2006 417 2215 480">
     <span class='ocr_line' id='line_1_2' title="bbox 2006 417 2215 480; baseline 0.01 -2"><span class='ocrx_word' id='word_1_2' title='bbox 2006 417 2215 480; x_wconf 69' lang='grc' dir='ltr'><strong>ὛΙΤᾹ.</strong></span> 
     </span>
    </p>
   </div>
   <div class='ocr_carea' id='block_1_3' title="bbox 3605 436 3711 511">
    <p class='ocr_par' dir='ltr' id='par_1_3' title="bbox 3605 436 3711 511">
     <span class='ocr_line' id='line_1_3' title="bbox 3605 436 3711 511; baseline -0.009 0"><span class='ocrx_word' id='word_1_3' title='bbox 3605 436 3711 511; x_wconf 67' lang='grc' dir='ltr'><strong>οτι</strong></span> 
     </span>
    </p>
   </div>
   <div class='ocr_carea' id='block_1_4' title="bbox 429 513 2009 623">
    <p class='ocr_par' dir='ltr' id='par_1_4' title="bbox 429 513 2009 592">
     <span class='ocr_line' id='line_1_4' title="bbox 429 513 2009 592; baseline 0.011 -26"><span class='ocrx_word' id='word_1_4' title='bbox 429 517 537 588; x_wconf 68' lang='grc' dir='ltr'><strong>ἀὴρ</strong></span> <span class='ocrx_word' id='word_1_5' title='bbox 564 515 712 580; x_wconf 75' lang='grc' dir='ltr'>ἄπας</span> <span class='ocrx_word' id='word_1_6' title='bbox 742 513 1112 586; x_wconf 77' lang='grc' dir='ltr'>καθηγιάζετο</span> <span class='ocrx_word' id='word_1_7' title='bbox 1141 518 1236 572; x_wconf 78' lang='grc' dir='ltr'>καὶ</span> <span class='ocrx_word' id='word_1_8' title='bbox 1274 523 1343 590; x_wconf 81' lang='grc' dir='ltr'>γῇ</span> <span class='ocrx_word' id='word_1_9' title='bbox 1371 523 1435 592; x_wconf 79' lang='grc' dir='ltr'>τῇ</span> <span class='ocrx_word' id='word_1_10' title='bbox 1463 524 1752 579; x_wconf 73' lang='grc' dir='ltr'><strong>καταθέσει</strong></span> <span class='ocrx_word' id='word_1_11' title='bbox 1793 526 1887 582; x_wconf 79' lang='grc' dir='ltr'><strong>τοῦ</strong></span> <span class='ocrx_word' id='word_1_12' title='bbox 1919 527 2009 584; x_wconf 84' lang='grc' dir='ltr'><strong>σώ-</strong></span> 
     </span>
    </p>
   </div>
   <div class='ocr_carea' id='block_1_5' title="bbox 2113 513 3707 623">
    <p class='ocr_par' dir='ltr' id='par_1_5' title="bbox 2129 529 3707 623">
     <span class='ocr_line' id='line_1_5' title="bbox 2129 529 3707 623; baseline 0.02 -39"><span class='ocrx_word' id='word_1_13' title='bbox 2129 529 2329 585; x_wconf 86' lang='lat' dir='ltr'><strong>itinere</strong></span> <span class='ocrx_word' id='word_1_14' title='bbox 2358 547 2530 602; x_wconf 86' lang='lat' dir='ltr'><strong>nuper</strong></span> <span class='ocrx_word' id='word_1_15' title='bbox 2561 534 2936 605; x_wconf 80' lang='lat' dir='ltr'><strong>advenientes,</strong></span> <span class='ocrx_word' id='word_1_16' title='bbox 2969 545 3206 604; x_wconf 77' lang='lat' dir='ltr'><strong>gemitus</strong></span> <span class='ocrx_word' id='word_1_17' title='bbox 3245 548 3516 623; x_wconf 55' lang='lat' dir='ltr'><strong>lleInsQue</strong></span> <span class='ocrx_word' id='word_1_18' title='bbox 3549 570 3707 614; x_wconf 78' lang='lat' dir='ltr'><strong>voces</strong></span> 
     </span>
    </p>
   </div>
   <div class='ocr_carea' id='block_1_6' title="bbox 428 626 619 678">
    <p class='ocr_par' dir='ltr' id='par_1_6' title="bbox 428 626 619 678">
     <span class='ocr_line' id='line_1_6' title="bbox 428 626 619 678; baseline 0.01 -18"><span class='ocrx_word' id='word_1_19' title='bbox 428 626 566 678; x_wconf 59' lang='grc' dir='ltr'>με.το</span> <span class='ocrx_word' id='word_1_20' title='bbox 580 626 619 670; x_wconf 85' lang='lat'><strong>;.</strong></span> 
     </span>
    </p>
   </div>
   <div class='ocr_carea' id='block_1_7' title="bbox 2130 623 3708 717">
    <p class='ocr_par' dir='ltr' id='par_1_7' title="bbox 2130 623 3708 717">
     <span class='ocr_line' id='line_1_7' title="bbox 2130 623 3708 717; baseline 0.018 -40"><span class='ocrx_word' id='word_1_21' title='bbox 2130 623 2184 677; x_wconf 91' lang='lat' dir='ltr'><strong>in</strong></span> <span class='ocrx_word' id='word_1_22' title='bbox 2235 639 2363 678; x_wconf 88' lang='lat' dir='ltr'><strong>aere</strong></span> <span class='ocrx_word' id='word_1_23' title='bbox 2421 627 2770 698; x_wconf 75' lang='lat' dir='ltr'><strong>audiverunt,</strong></span> <span class='ocrx_word' id='word_1_24' title='bbox 2821 633 3074 692; x_wconf 74' lang='lat' dir='ltr'><strong>Celeriter</strong></span> <span class='ocrx_word' id='word_1_25' title='bbox 3122 643 3379 709; x_wconf 86' lang='lat' dir='ltr'><strong>pessiluis</strong></span> <span class='ocrx_word' id='word_1_26' title='bbox 3421 648 3708 717; x_wconf 72' lang='lat' dir='ltr'><strong>spiritibus</strong></span> 
     </span>
    </p>
   </div>
   <div class='ocr_carea' id='block_1_8' title="bbox 427 703 3709 801">
    <p class='ocr_par' dir='ltr' id='par_1_8' title="bbox 427 703 3709 801">
     <span class='ocr_line' id='line_1_8' title="bbox 427 703 3709 801; baseline 0.015 -46"><span class='ocrx_word' id='word_1_27' title='bbox 427 718 553 756; x_wconf 78' lang='lat' dir='ltr'><strong>runt</strong></span> <span class='ocrx_word' id='word_1_28' title='bbox 600 703 803 772; x_wconf 78' lang='lat' dir='ltr'><strong>gemitu</strong></span> <span class='ocrx_word' id='word_1_29' title='bbox 848 705 1204 772; x_wconf 90' lang='lat' dir='ltr'><strong>abeuntibus,</strong></span> <span class='ocrx_word' id='word_1_30' title='bbox 1251 725 1319 765; x_wconf 92' lang='lat' dir='ltr'><strong>eo</strong></span> <span class='ocrx_word' id='word_1_31' title='bbox 1388 713 1533 781; x_wconf 90' lang='lat' dir='ltr'><strong>quod</strong></span> <span class='ocrx_word' id='word_1_32' title='bbox 1584 714 1731 771; x_wconf 89' lang='lat' dir='ltr'><strong>illius</strong></span> <span class='ocrx_word' id='word_1_33' title='bbox 1771 731 2060 773; x_wconf 76' lang='lat' dir='ltr'><strong>ascensum</strong></span> <span class='ocrx_word' id='word_1_34' title='bbox 2102 722 2378 775; x_wconf 85' lang='lat' dir='ltr'><strong>sustinere</strong></span> <span class='ocrx_word' id='word_1_35' title='bbox 2411 736 2522 777; x_wconf 91' lang='lat' dir='ltr'><strong>non</strong></span> <span class='ocrx_word' id='word_1_36' title='bbox 2593 741 2839 796; x_wconf 84' lang='lat' dir='ltr'><strong>possent.</strong></span> <span class='ocrx_word' id='word_1_37' title='bbox 2889 728 3189 790; x_wconf 82' lang='lat' dir='ltr'><strong>Universus</strong></span> <span class='ocrx_word' id='word_1_38' title='bbox 3225 741 3407 795; x_wconf 79' lang='lat' dir='ltr'><strong>autem</strong></span> <span class='ocrx_word' id='word_1_39' title='bbox 3441 703 3536 800; x_wconf 66' lang='lat' dir='ltr'><strong>tier</strong></span> <span class='ocrx_word' id='word_1_40' title='bbox 3577 751 3709 801; x_wconf 69' lang='lat' dir='ltr'><strong>San—</strong></span> 
     </span>
    </p>
   </div>
   <div class='ocr_carea' id='block_1_9' title="bbox 418 794 2294 880">
    <p class='ocr_par' dir='ltr' id='par_1_9' title="bbox 418 794 2294 880">
     <span class='ocr_line' id='line_1_9' title="bbox 418 794 2294 880; baseline 0.009 -31"><span class='ocrx_word' id='word_1_41' title='bbox 418 794 792 863; x_wconf 83' lang='lat' dir='ltr'><strong>ctiﬁcabatur,</strong></span> <span class='ocrx_word' id='word_1_42' title='bbox 844 805 1014 864; x_wconf 79' lang='lat' dir='ltr'><strong>atque</strong></span> <span class='ocrx_word' id='word_1_43' title='bbox 1064 800 1228 853; x_wconf 84' lang='lat' dir='ltr'><strong>etiam</strong></span> <span class='ocrx_word' id='word_1_44' title='bbox 1279 810 1422 856; x_wconf 88' lang='lat' dir='ltr'><strong>terra</strong></span> <span class='ocrx_word' id='word_1_45' title='bbox 1469 807 1722 875; x_wconf 84' lang='lat' dir='ltr'><strong>corporis</strong></span> <span class='ocrx_word' id='word_1_46' title='bbox 1754 808 1900 863; x_wconf 82' lang='lat' dir='ltr'><strong>illius</strong></span> <span class='ocrx_word' id='word_1_47' title='bbox 1931 809 2294 880; x_wconf 89' lang='lat' dir='ltr'><strong>depositione.</strong></span> 
     </span>
    </p>
   </div>
   <div class='ocr_carea' id='block_1_10' title="bbox 495 881 2023 968">
    <p class='ocr_par' dir='ltr' id='par_1_10' title="bbox 495 881 2023 968">
     <span class='ocr_line' id='line_1_10' title="bbox 495 881 2023 968; baseline 0.01 -32"><span class='ocrx_word' id='word_1_48' title='bbox 495 881 591 938; x_wconf 87' lang='grc' dir='ltr'>λε’.</span> <span class='ocrx_word' id='word_1_49' title='bbox 629 883 740 938; x_wconf 75' lang='grc' dir='ltr'><strong>Καί</strong></span> <span class='ocrx_word' id='word_1_50' title='bbox 772 901 858 947; x_wconf 83' lang='grc' dir='ltr'><strong>τις</strong></span> <span class='ocrx_word' id='word_1_51' title='bbox 884 887 1048 957; x_wconf 75' lang='grc' dir='ltr'>ἀνὴρ,</span> <span class='ocrx_word' id='word_1_52' title='bbox 1085 888 1323 959; x_wconf 78' lang='grc' dir='ltr'><strong>συνήθης</strong></span> <span class='ocrx_word' id='word_1_53' title='bbox 1353 891 1427 954; x_wconf 86' lang='grc' dir='ltr'>ὡς</span> <span class='ocrx_word' id='word_1_54' title='bbox 1457 894 1526 946; x_wconf 74' lang='grc' dir='ltr'>τὰ</span> <span class='ocrx_word' id='word_1_55' title='bbox 1554 893 1726 948; x_wconf 74' lang='grc' dir='ltr'>πολλά</span> <span class='ocrx_word' id='word_1_56' title='bbox 1754 897 1831 966; x_wconf 80' lang='grc' dir='ltr'>τῷ</span> <span class='ocrx_word' id='word_1_57' title='bbox 1861 898 2023 968; x_wconf 80' lang='grc' dir='ltr'>ἁγίῳ,</span> 
     </span>
    </p>
   </div>
   <div class='ocr_carea' id='block_1_11' title="bbox 425 975 2027 1060">
    <p class='ocr_par' dir='ltr' id='par_1_11' title="bbox 425 975 2027 1060">
     <span class='ocr_line' id='line_1_11' title="bbox 425 975 2027 1060; baseline 0.009 -29"><span class='ocrx_word' id='word_1_58' title='bbox 425 977 520 1031; x_wconf 74' lang='grc' dir='ltr'>καὶ</span> <span class='ocrx_word' id='word_1_59' title='bbox 556 975 658 1048; x_wconf 80' lang='grc' dir='ltr'>βίῳ</span> <span class='ocrx_word' id='word_1_60' title='bbox 692 975 851 1045; x_wconf 87' lang='grc' dir='ltr'>λόγον</span> <span class='ocrx_word' id='word_1_61' title='bbox 887 979 1140 1048; x_wconf 83' lang='grc' dir='ltr'>κοσμῶν,</span> <span class='ocrx_word' id='word_1_62' title='bbox 1174 984 1268 1035; x_wconf 76' lang='grc' dir='ltr'><strong>καὶ</strong></span> <span class='ocrx_word' id='word_1_63' title='bbox 1296 983 1374 1053; x_wconf 78' lang='grc' dir='ltr'>τῷ</span> <span class='ocrx_word' id='word_1_64' title='bbox 1407 985 1549 1056; x_wconf 77' lang='grc' dir='ltr'>λόγῳ</span> <span class='ocrx_word' id='word_1_65' title='bbox 1587 988 1678 1041; x_wconf 78' lang='grc' dir='ltr'>τὸν</span> <span class='ocrx_word' id='word_1_66' title='bbox 1731 989 1844 1060; x_wconf 83' lang='grc' dir='ltr'>βίον</span> <span class='ocrx_word' id='word_1_67' title='bbox 1895 991 2027 1045; x_wconf 75' lang='grc' dir='ltr'>καθ-</span> 
     </span>
    </p>
   </div>
   <div class='ocr_carea' id='block_1_12' title="bbox 419 1069 2026 1158">
    <p class='ocr_par' dir='ltr' id='par_1_12' title="bbox 419 1069 2026 1158">
     <span class='ocr_line' id='line_1_12' title="bbox 419 1069 2026 1158; baseline 0.008 -32"><span class='ocrx_word' id='word_1_68' title='bbox 419 1070 696 1142; x_wconf 72' lang='grc' dir='ltr'>ωραῐζων,</span> <span class='ocrx_word' id='word_1_69' title='bbox 716 1069 1039 1142; x_wconf 72' lang='grc' dir='ltr'>ὲῴκεικατὰ</span> <span class='ocrx_word' id='word_1_70' title='bbox 1057 1074 1151 1129; x_wconf 84' lang='grc' dir='ltr'>τὸν</span> <span class='ocrx_word' id='word_1_71' title='bbox 1179 1077 1371 1148; x_wconf 82' lang='grc' dir='ltr'>καιρὸν</span> <span class='ocrx_word' id='word_1_72' title='bbox 1394 1079 1489 1149; x_wconf 82' lang='grc' dir='ltr'><strong>τῆς</strong></span> <span class='ocrx_word' id='word_1_73' title='bbox 1517 1081 1784 1153; x_wconf 76' lang='grc' dir='ltr'>ἐκδημίας</span> <span class='ocrx_word' id='word_1_74' title='bbox 1798 1086 1896 1155; x_wconf 80' lang='grc' dir='ltr'>τῆς</span> <span class='ocrx_word' id='word_1_75' title='bbox 1922 1105 2026 1158; x_wconf 86' lang='grc' dir='ltr'>μα-</span> 
     </span>
    </p>
   </div>
   <div class='ocr_carea' id='block_1_13' title="bbox 2197 901 3708 987">
    <p class='ocr_par' dir='ltr' id='par_1_13' title="bbox 2197 901 3708 987">
     <span class='ocr_line' id='line_1_13' title="bbox 2197 901 3708 987; baseline 0.022 -33"><span class='ocrx_word' id='word_1_76' title='bbox 2197 902 2286 956; x_wconf 79' lang='lat'><strong>35.</strong></span> <span class='ocrx_word' id='word_1_77' title='bbox 2316 901 2410 956; x_wconf 83' lang='lat' dir='ltr'><strong>Vir</strong></span> <span class='ocrx_word' id='word_1_78' title='bbox 2438 915 2619 962; x_wconf 86' lang='lat' dir='ltr'><strong>autem</strong></span> <span class='ocrx_word' id='word_1_79' title='bbox 2646 910 2868 979; x_wconf 78' lang='lat' dir='ltr'><strong>quidam</strong></span> <span class='ocrx_word' id='word_1_80' title='bbox 2910 915 3084 968; x_wconf 86' lang='lat' dir='ltr'><strong>sancti</strong></span> <span class='ocrx_word' id='word_1_81' title='bbox 3117 915 3278 987; x_wconf 81' lang='lat' dir='ltr'><strong>hujus</strong></span> <span class='ocrx_word' id='word_1_82' title='bbox 3308 927 3708 987; x_wconf 67' lang='lat' dir='ltr'><strong>consbétddiné</strong></span> 
     </span>
    </p>
   </div>
   <div class='ocr_carea' id='block_1_14' title="bbox 2123 992 3709 1079">
    <p class='ocr_par' dir='ltr' id='par_1_14' title="bbox 2123 992 3709 1079">
     <span class='ocr_line' id='line_1_14' title="bbox 2123 992 3709 1079; baseline 0.021 -34"><span class='ocrx_word' id='word_1_83' title='bbox 2123 992 2330 1059; x_wconf 84' lang='lat' dir='ltr'><strong>clarus,</strong></span> <span class='ocrx_word' id='word_1_84' title='bbox 2362 997 2456 1065; x_wconf 88' lang='lat' dir='ltr'><strong>qui</strong></span> <span class='ocrx_word' id='word_1_85' title='bbox 2495 1002 2604 1054; x_wconf 85' lang='lat' dir='ltr'><strong>vita</strong></span> <span class='ocrx_word' id='word_1_86' title='bbox 2635 1015 2949 1058; x_wconf 78' lang='lat' dir='ltr'><strong>sermonem</strong></span> <span class='ocrx_word' id='word_1_87' title='bbox 2992 1011 3315 1079; x_wconf 76' lang='lat' dir='ltr'><strong>exuruabat,</strong></span> <span class='ocrx_word' id='word_1_88' title='bbox 3353 1023 3408 1070; x_wconf 87' lang='lat' dir='ltr'><strong>et</strong></span> <span class='ocrx_word' id='word_1_89' title='bbox 3451 1023 3709 1079; x_wconf 77' lang='lat' dir='ltr'><strong>sermone</strong></span> 
     </span>
    </p>
   </div>
   <div class='ocr_carea' id='block_1_15' title="bbox 2122 1084 3708 1187">
    <p class='ocr_par' dir='ltr' id='par_1_15' title="bbox 2122 1084 3708 1187">
     <span class='ocr_line' id='line_1_15' title="bbox 2122 1084 3708 1187; baseline 0.023 -50"><span class='ocrx_word' id='word_1_90' title='bbox 2122 1084 2294 1140; x_wconf 85' lang='lat' dir='ltr'><strong>vitam</strong></span> <span class='ocrx_word' id='word_1_91' title='bbox 2327 1088 2647 1155; x_wconf 81' lang='lat' dir='ltr'><strong>decorabat,</strong></span> <span class='ocrx_word' id='word_1_92' title='bbox 2678 1105 2842 1164; x_wconf 76' lang='lat' dir='ltr'><strong>atque</strong></span> <span class='ocrx_word' id='word_1_93' title='bbox 2871 1097 2952 1152; x_wconf 76' lang='lat' dir='ltr'><strong>illi</strong></span> <span class='ocrx_word' id='word_1_94' title='bbox 2999 1101 3156 1157; x_wconf 83' lang='lat' dir='ltr'><strong>valde</strong></span> <span class='ocrx_word' id='word_1_95' title='bbox 3186 1105 3385 1165; x_wconf 87' lang='lat' dir='ltr'><strong>similis</strong></span> <span class='ocrx_word' id='word_1_96' title='bbox 3419 1124 3571 1182; x_wconf 86' lang='lat' dir='ltr'><strong>erat;</strong></span> <span class='ocrx_word' id='word_1_97' title='bbox 3609 1122 3708 1187; x_wconf 81' lang='lat' dir='ltr'><strong>per</strong></span> 
     </span>
    </p>
   </div>
   <div class='ocr_carea' id='block_1_16' title="bbox 425 1162 2009 1275">
    <p class='ocr_par' dir='ltr' id='par_1_16' title="bbox 425 1162 2009 1244">
     <span class='ocr_line' id='line_1_16' title="bbox 425 1162 2009 1244; baseline 0.008 -25"><span class='ocrx_word' id='word_1_98' title='bbox 425 1162 624 1234; x_wconf 82' lang='grc' dir='ltr'>καρίας</span> <span class='ocrx_word' id='word_1_99' title='bbox 647 1163 866 1234; x_wconf 72' lang='grc' dir='ltr'>ἐκείνης</span> <span class='ocrx_word' id='word_1_100' title='bbox 880 1162 1061 1235; x_wconf 83' lang='grc' dir='ltr'>ψυχῆς</span> <span class='ocrx_word' id='word_1_101' title='bbox 1086 1166 1302 1240; x_wconf 78' lang='grc' dir='ltr'>(πόρρω</span> <span class='ocrx_word' id='word_1_102' title='bbox 1327 1169 1436 1240; x_wconf 82' lang='grc' dir='ltr'><strong>γὰρ</strong></span> <span class='ocrx_word' id='word_1_103' title='bbox 1456 1165 1570 1240; x_wconf 78' lang='grc' dir='ltr'><strong>ἦν).</strong></span> <span class='ocrx_word' id='word_1_104' title='bbox 1599 1176 1784 1244; x_wconf 68' lang='grc' dir='ltr'>φωνῆς</span> <span class='ocrx_word' id='word_1_105' title='bbox 1802 1177 2009 1231; x_wconf 64' lang='grc' dir='ltr'>ἀκούειι</span> 
     </span>
    </p>
   </div>
   <div class='ocr_carea' id='block_1_17' title="bbox 2113 1162 3704 1275">
    <p class='ocr_par' dir='ltr' id='par_1_17' title="bbox 2123 1162 3704 1275">
     <span class='ocr_line' id='line_1_17' title="bbox 2123 1162 3704 1275; baseline 0.023 -46"><span class='ocrx_word' id='word_1_106' title='bbox 2123 1177 2255 1232; x_wconf 91' lang='lat' dir='ltr'><strong>illud</strong></span> <span class='ocrx_word' id='word_1_107' title='bbox 2303 1187 2537 1250; x_wconf 82' lang='lat' dir='ltr'><strong>tempus,</strong></span> <span class='ocrx_word' id='word_1_108' title='bbox 2586 1199 2697 1254; x_wconf 89' lang='lat' dir='ltr'><strong>quo</strong></span> <span class='ocrx_word' id='word_1_109' title='bbox 2735 1162 2895 1244; x_wconf 81' lang='lat' dir='ltr'><strong>beata</strong></span> <span class='ocrx_word' id='word_1_110' title='bbox 2945 1190 3094 1248; x_wconf 90' lang='lat' dir='ltr'><strong>illius</strong></span> <span class='ocrx_word' id='word_1_111' title='bbox 3140 1196 3328 1254; x_wconf 89' lang='lat' dir='ltr'><strong>anima</strong></span> <span class='ocrx_word' id='word_1_112' title='bbox 3362 1162 3704 1275; x_wconf 23' lang='lat' dir='ltr'><strong>vestitam}:</strong></span> 
     </span>
    </p>
   </div>
   <div class='ocr_carea' id='block_1_18' title="bbox 421 1254 2018 1338">
    <p class='ocr_par' dir='ltr' id='par_1_18' title="bbox 421 1254 2018 1338">
     <span class='ocr_line' id='line_1_18' title="bbox 421 1254 2018 1338; baseline 0.006 -26"><span class='ocrx_word' id='word_1_113' title='bbox 421 1257 697 1328; x_wconf 81' lang='grc' dir='ltr'>καλούσης</span> <span class='ocrx_word' id='word_1_114' title='bbox 736 1254 937 1310; x_wconf 82' lang='grc' dir='ltr'>αὐτόν·</span> <span class='ocrx_word' id='word_1_115' title='bbox 972 1257 1189 1323; x_wconf 81' lang='grc' dir='ltr'>Ἕξιθι,</span> <span class='ocrx_word' id='word_1_116' title='bbox 1235 1261 1329 1314; x_wconf 68' lang='grc' dir='ltr'>καὶ</span> <span class='ocrx_word' id='word_1_117' title='bbox 1386 1263 1550 1333; x_wconf 80' lang='grc' dir='ltr'><strong>βλέπε</strong></span> <span class='ocrx_word' id='word_1_118' title='bbox 1591 1267 1875 1338; x_wconf 82' lang='grc' dir='ltr'>παράδοξα</span> <span class='ocrx_word' id='word_1_119' title='bbox 1922 1274 2018 1327; x_wconf 80' lang='grc' dir='ltr'>καὶ</span> 
     </span>
    </p>
   </div>
   <div class='ocr_carea' id='block_1_19' title="bbox 423 1351 2016 1427">
    <p class='ocr_par' dir='ltr' id='par_1_19' title="bbox 423 1351 2016 1427">
     <span class='ocr_line' id='line_1_19' title="bbox 423 1351 2016 1427; baseline 0.011 -26"><span class='ocrx_word' id='word_1_120' title='bbox 423 1351 546 1406; x_wconf 77' lang='grc' dir='ltr'>θεία</span> <span class='ocrx_word' id='word_1_121' title='bbox 581 1351 896 1423; x_wconf 77' lang='grc' dir='ltr'><strong>μυστήρια·</strong></span> <span class='ocrx_word' id='word_1_122' title='bbox 933 1351 1128 1423; x_wconf 80' lang='grc' dir='ltr'>ἀμέλει</span> <span class='ocrx_word' id='word_1_123' title='bbox 1167 1353 1262 1408; x_wconf 83' lang='grc' dir='ltr'>καὶ</span> <span class='ocrx_word' id='word_1_124' title='bbox 1299 1358 1400 1427; x_wconf 78' lang='grc' dir='ltr'>τῆς</span> <span class='ocrx_word' id='word_1_125' title='bbox 1443 1359 1684 1424; x_wconf 83' lang='grc' dir='ltr'>οἰκείας,</span> <span class='ocrx_word' id='word_1_126' title='bbox 1725 1360 1802 1425; x_wconf 85' lang='grc' dir='ltr'>ὼς</span> <span class='ocrx_word' id='word_1_127' title='bbox 1838 1362 2016 1418; x_wconf 79' lang='grc' dir='ltr'>ἐδόκει</span> 
     </span>
    </p>
   </div>
   <div class='ocr_carea' id='block_1_20' title="bbox 420 1442 2015 1528">
    <p class='ocr_par' dir='ltr' id='par_1_20' title="bbox 420 1442 2015 1528">
     <span class='ocr_line' id='line_1_20' title="bbox 420 1442 2015 1528; baseline 0.008 -31"><span class='ocrx_word' id='word_1_128' title='bbox 420 1442 639 1516; x_wconf 68' lang='grc' dir='ltr'>ἐκείνῳ,</span> <span class='ocrx_word' id='word_1_129' title='bbox 664 1444 772 1498; x_wconf 80' lang='grc' dir='ltr'><strong>ὑπὸ</strong></span> <span class='ocrx_word' id='word_1_130' title='bbox 793 1444 890 1514; x_wconf 86' lang='grc' dir='ltr'>τῆς</span> <span class='ocrx_word' id='word_1_131' title='bbox 914 1446 1098 1516; x_wconf 75' lang='grc' dir='ltr'>φωνῆς</span> <span class='ocrx_word' id='word_1_132' title='bbox 1119 1446 1518 1517; x_wconf 74' lang='grc' dir='ltr'>ἁφυπνισθέντι</span> <span class='ocrx_word' id='word_1_133' title='bbox 1547 1454 1641 1506; x_wconf 75' lang='grc' dir='ltr'>καὶ</span> <span class='ocrx_word' id='word_1_134' title='bbox 1661 1454 1858 1521; x_wconf 81' lang='grc' dir='ltr'>ἐξιόντι</span> <span class='ocrx_word' id='word_1_135' title='bbox 1887 1458 2015 1528; x_wconf 75' lang='grc' dir='ltr'><strong>ὁρᾶ-</strong></span> 
     </span>
    </p>
   </div>
   <div class='ocr_carea' id='block_1_21' title="bbox 419 1536 2016 1618">
    <p class='ocr_par' dir='ltr' id='par_1_21' title="bbox 419 1536 2016 1618">
     <span class='ocr_line' id='line_1_21' title="bbox 419 1536 2016 1618; baseline 0.009 -29"><span class='ocrx_word' id='word_1_136' title='bbox 419 1537 512 1592; x_wconf 82' lang='grc' dir='ltr'><strong>ταί</strong></span> <span class='ocrx_word' id='word_1_137' title='bbox 549 1554 604 1590; x_wconf 89' lang='grc' dir='ltr'><strong>τι</strong></span> <span class='ocrx_word' id='word_1_138' title='bbox 630 1536 796 1610; x_wconf 78' lang='grc' dir='ltr'>φόϐον</span> <span class='ocrx_word' id='word_1_139' title='bbox 835 1539 930 1592; x_wconf 74' lang='grc' dir='ltr'>καὶ</span> <span class='ocrx_word' id='word_1_140' title='bbox 970 1541 1149 1610; x_wconf 83' lang='grc' dir='ltr'>χαρὰν</span> <span class='ocrx_word' id='word_1_141' title='bbox 1181 1541 1449 1611; x_wconf 75' lang='grc' dir='ltr'><strong>ἐμποιοῦν</strong></span> <span class='ocrx_word' id='word_1_142' title='bbox 1483 1544 1684 1616; x_wconf 82' lang='grc' dir='ltr'>θέαμα.</span> <span class='ocrx_word' id='word_1_143' title='bbox 1732 1548 2016 1618; x_wconf 84' lang='grc' dir='ltr'>Ἐφαίνετο</span> 
     </span>
    </p>
   </div>
   <div class='ocr_carea' id='block_1_22' title="bbox 420 1630 2014 1714">
    <p class='ocr_par' dir='ltr' id='par_1_22' title="bbox 420 1630 2014 1714">
     <span class='ocr_line' id='line_1_22' title="bbox 420 1630 2014 1714; baseline 0.009 -30"><span class='ocrx_word' id='word_1_144' title='bbox 420 1632 528 1703; x_wconf 81' lang='grc' dir='ltr'>γὰρ</span> <span class='ocrx_word' id='word_1_145' title='bbox 554 1630 677 1686; x_wconf 81' lang='grc' dir='ltr'>ὅλον</span> <span class='ocrx_word' id='word_1_146' title='bbox 705 1630 768 1684; x_wconf 79' lang='grc' dir='ltr'>τὸ</span> <span class='ocrx_word' id='word_1_147' title='bbox 796 1631 962 1696; x_wconf 85' lang='grc' dir='ltr'>κῦτος</span> <span class='ocrx_word' id='word_1_148' title='bbox 987 1632 1084 1686; x_wconf 80' lang='grc' dir='ltr'>τοῦ</span> <span class='ocrx_word' id='word_1_149' title='bbox 1110 1634 1343 1707; x_wconf 80' lang='grc' dir='ltr'>ούρανοῦ</span> <span class='ocrx_word' id='word_1_150' title='bbox 1377 1638 1791 1713; x_wconf 82' lang='grc' dir='ltr'>διασχιζόμενον</span> <span class='ocrx_word' id='word_1_151' title='bbox 1825 1643 2014 1714; x_wconf 84' lang='grc' dir='ltr'>σώμα-</span> 
     </span>
    </p>
   </div>
   <div class='ocr_carea' id='block_1_23' title="bbox 418 1721 2012 1809">
    <p class='ocr_par' dir='ltr' id='par_1_23' title="bbox 418 1721 2012 1809">
     <span class='ocr_line' id='line_1_23' title="bbox 418 1721 2012 1809; baseline 0.01 -31"><span class='ocrx_word' id='word_1_152' title='bbox 418 1741 528 1792; x_wconf 84' lang='grc' dir='ltr'>τος,</span> <span class='ocrx_word' id='word_1_153' title='bbox 553 1726 622 1778; x_wconf 79' lang='grc' dir='ltr'>τὰ</span> <span class='ocrx_word' id='word_1_154' title='bbox 644 1721 702 1778; x_wconf 85' lang='grc' dir='ltr'><strong>δὲ</strong></span> <span class='ocrx_word' id='word_1_155' title='bbox 725 1724 982 1794; x_wconf 77' lang='grc' dir='ltr'><strong>τάγματα</strong></span> <span class='ocrx_word' id='word_1_156' title='bbox 1003 1727 1112 1780; x_wconf 81' lang='grc' dir='ltr'>τῶν</span> <span class='ocrx_word' id='word_1_157' title='bbox 1131 1728 1304 1798; x_wconf 80' lang='grc' dir='ltr'>ἁγίων</span> <span class='ocrx_word' id='word_1_158' title='bbox 1330 1731 1586 1803; x_wconf 80' lang='grc' dir='ltr'>ὁμιλαδὸν</span> <span class='ocrx_word' id='word_1_159' title='bbox 1607 1735 1707 1805; x_wconf 81' lang='grc' dir='ltr'>τῆς</span> <span class='ocrx_word' id='word_1_160' title='bbox 1734 1739 2012 1809; x_wconf 77' lang='grc' dir='ltr'><strong>μακαρίας</strong></span> 
     </span>
    </p>
   </div>
   <div class='ocr_carea' id='block_1_24' title="bbox 2119 1276 3708 1366">
    <p class='ocr_par' dir='ltr' id='par_1_24' title="bbox 2119 1276 3708 1366">
     <span class='ocr_line' id='line_1_24' title="bbox 2119 1276 3708 1366; baseline 0.02 -40"><span class='ocrx_word' id='word_1_161' title='bbox 2119 1286 2251 1326; x_wconf 89' lang='lat' dir='ltr'><strong>cum</strong></span> <span class='ocrx_word' id='word_1_162' title='bbox 2285 1276 2473 1342; x_wconf 79' lang='lat' dir='ltr'><strong>procul</strong></span> <span class='ocrx_word' id='word_1_163' title='bbox 2516 1290 2681 1343; x_wconf 90' lang='lat' dir='ltr'><strong>esset,</strong></span> <span class='ocrx_word' id='word_1_164' title='bbox 2717 1294 2908 1337; x_wconf 90' lang='lat' dir='ltr'><strong>vocem</strong></span> <span class='ocrx_word' id='word_1_165' title='bbox 2940 1286 3152 1342; x_wconf 81' lang='lat' dir='ltr'><strong>audivit</strong></span> <span class='ocrx_word' id='word_1_166' title='bbox 3197 1302 3483 1350; x_wconf 85' lang='lat' dir='ltr'><strong>vocantem</strong></span> <span class='ocrx_word' id='word_1_167' title='bbox 3517 1313 3596 1366; x_wconf 86' lang='lat' dir='ltr'><strong>se,</strong></span> <span class='ocrx_word' id='word_1_168' title='bbox 3643 1309 3708 1358; x_wconf 76' lang='lat' dir='ltr'><strong>ac</strong></span> 
     </span>
    </p>
   </div>
   <div class='ocr_carea' id='block_1_25' title="bbox 2123 1362 3705 1448">
    <p class='ocr_par' dir='ltr' id='par_1_25' title="bbox 2123 1362 3705 1448">
     <span class='ocr_line' id='line_1_25' title="bbox 2123 1362 3705 1448; baseline 0.021 -33"><span class='ocrx_word' id='word_1_169' title='bbox 2123 1362 2435 1420; x_wconf 72' lang='lat' dir='ltr'><strong>dicentem:</strong></span> <span class='ocrx_word' id='word_1_170' title='bbox 2483 1365 2753 1440; x_wconf 79' lang='lat' dir='ltr'><strong>Egredere</strong></span> <span class='ocrx_word' id='word_1_171' title='bbox 2802 1388 2868 1428; x_wconf 88' lang='lat' dir='ltr'><strong>ac</strong></span> <span class='ocrx_word' id='word_1_172' title='bbox 2913 1376 3037 1432; x_wconf 86' lang='lat' dir='ltr'><strong>vide</strong></span> <span class='ocrx_word' id='word_1_173' title='bbox 3079 1379 3373 1446; x_wconf 80' lang='lat' dir='ltr'><strong>mirabilia.</strong></span> <span class='ocrx_word' id='word_1_174' title='bbox 3421 1395 3477 1442; x_wconf 84' lang='lat' dir='ltr'><strong>et</strong></span> <span class='ocrx_word' id='word_1_175' title='bbox 3522 1362 3705 1448; x_wconf 74' lang='lat' dir='ltr'><strong>divina</strong></span> 
     </span>
    </p>
   </div>
   <div class='ocr_carea' id='block_1_26' title="bbox 2122 1457 3705 1539">
    <p class='ocr_par' dir='ltr' id='par_1_26' title="bbox 2122 1457 3705 1539">
     <span class='ocr_line' id='line_1_26' title="bbox 2122 1457 3705 1539; baseline 0.02 -31"><span class='ocrx_word' id='word_1_176' title='bbox 2122 1457 2410 1528; x_wconf 87' lang='lat' dir='ltr'><strong>mysteria.</strong></span> <span class='ocrx_word' id='word_1_177' title='bbox 2457 1459 2707 1532; x_wconf 86' lang='lat' dir='ltr'><strong>Denique</strong></span> <span class='ocrx_word' id='word_1_178' title='bbox 2752 1482 2782 1519; x_wconf 91' lang='lat' dir='ltr'><strong>a</strong></span> <span class='ocrx_word' id='word_1_179' title='bbox 2815 1466 3074 1525; x_wconf 78' lang='lat' dir='ltr'><strong>familiari</strong></span> <span class='ocrx_word' id='word_1_180' title='bbox 3116 1488 3272 1539; x_wconf 74' lang='lat' dir='ltr'><strong>voce,</strong></span> <span class='ocrx_word' id='word_1_181' title='bbox 3309 1487 3367 1531; x_wconf 92' lang='lat' dir='ltr'><strong>ut</strong></span> <span class='ocrx_word' id='word_1_182' title='bbox 3412 1481 3516 1534; x_wconf 85' lang='lat' dir='ltr'><strong>sibi</strong></span> <span class='ocrx_word' id='word_1_183' title='bbox 3550 1483 3705 1538; x_wconf 83' lang='lat' dir='ltr'><strong>vide-</strong></span> 
     </span>
    </p>
   </div>
   <div class='ocr_carea' id='block_1_27' title="bbox 2120 1548 3705 1644">
    <p class='ocr_par' dir='ltr' id='par_1_27' title="bbox 2120 1548 3705 1644">
     <span class='ocr_line' id='line_1_27' title="bbox 2120 1548 3705 1644; baseline 0.017 -41"><span class='ocrx_word' id='word_1_184' title='bbox 2120 1548 2304 1613; x_wconf 88' lang='lat' dir='ltr'><strong>batur,</strong></span> <span class='ocrx_word' id='word_1_185' title='bbox 2331 1553 2777 1624; x_wconf 73' lang='lat' dir='ltr'><strong>expergefactus,</strong></span> <span class='ocrx_word' id='word_1_186' title='bbox 2805 1567 2860 1614; x_wconf 92' lang='lat' dir='ltr'><strong>et</strong></span> <span class='ocrx_word' id='word_1_187' title='bbox 2893 1574 3169 1628; x_wconf 80' lang='lat' dir='ltr'><strong>egressus,</strong></span> <span class='ocrx_word' id='word_1_188' title='bbox 3211 1567 3477 1625; x_wconf 78' lang='lat' dir='ltr'><strong>visionem</strong></span> <span class='ocrx_word' id='word_1_189' title='bbox 3508 1589 3705 1644; x_wconf 86' lang='lat' dir='ltr'><strong>quam-</strong></span> 
     </span>
    </p>
   </div>
   <div class='ocr_carea' id='block_1_28' title="bbox 2120 1641 3703 1729">
    <p class='ocr_par' dir='ltr' id='par_1_28' title="bbox 2120 1641 3703 1729">
     <span class='ocr_line' id='line_1_28' title="bbox 2120 1641 3703 1729; baseline 0.018 -34"><span class='ocrx_word' id='word_1_190' title='bbox 2120 1641 2246 1696; x_wconf 86' lang='lat' dir='ltr'><strong>dam</strong></span> <span class='ocrx_word' id='word_1_191' title='bbox 2276 1641 2474 1699; x_wconf 88' lang='lat' dir='ltr'><strong>timore</strong></span> <span class='ocrx_word' id='word_1_192' title='bbox 2504 1649 2809 1719; x_wconf 86' lang='lat' dir='ltr'><strong>gaudioque</strong></span> <span class='ocrx_word' id='word_1_193' title='bbox 2840 1650 3054 1720; x_wconf 82' lang='lat' dir='ltr'><strong>plenam</strong></span> <span class='ocrx_word' id='word_1_194' title='bbox 3092 1661 3398 1729; x_wconf 79' lang='lat' dir='ltr'><strong>conspexit.</strong></span> <span class='ocrx_word' id='word_1_195' title='bbox 3436 1641 3703 1724; x_wconf 74' lang='lat' dir='ltr'><strong>Universa‘</strong></span> 
     </span>
    </p>
   </div>
   <div class='ocr_carea' id='block_1_29' title="bbox 2119 1736 3704 1829">
    <p class='ocr_par' dir='ltr' id='par_1_29' title="bbox 2119 1736 3704 1829">
     <span class='ocr_line' id='line_1_29' title="bbox 2119 1736 3704 1829; baseline 0.017 -39"><span class='ocrx_word' id='word_1_196' title='bbox 2119 1736 2267 1790; x_wconf 88' lang='lat' dir='ltr'><strong>enim</strong></span> <span class='ocrx_word' id='word_1_197' title='bbox 2320 1739 2443 1792; x_wconf 75' lang='lat' dir='ltr'><strong>C(Ell</strong></span> <span class='ocrx_word' id='word_1_198' title='bbox 2497 1740 2730 1796; x_wconf 85' lang='lat' dir='ltr'><strong>latitudo</strong></span> <span class='ocrx_word' id='word_1_199' title='bbox 2773 1745 3007 1801; x_wconf 87' lang='lat' dir='ltr'><strong>discindi</strong></span> <span class='ocrx_word' id='word_1_200' title='bbox 3061 1749 3366 1817; x_wconf 82' lang='lat' dir='ltr'><strong>videbatur,</strong></span> <span class='ocrx_word' id='word_1_201' title='bbox 3422 1766 3586 1829; x_wconf 84' lang='lat' dir='ltr'><strong>atque</strong></span> <span class='ocrx_word' id='word_1_202' title='bbox 3635 1778 3704 1816; x_wconf 77' lang='lat' dir='ltr'><strong>ex</strong></span> 
     </span>
    </p>
   </div>
   <div class='ocr_carea' id='block_1_30' title="bbox 417 1817 2009 1920">
    <p class='ocr_par' dir='ltr' id='par_1_30' title="bbox 417 1817 2009 1905">
     <span class='ocr_line' id='line_1_30' title="bbox 417 1817 2009 1905; baseline 0.006 -30"><span class='ocrx_word' id='word_1_203' title='bbox 417 1819 684 1893; x_wconf 73' lang='grc' dir='ltr'><strong>περιοχῆς</strong></span> <span class='ocrx_word' id='word_1_204' title='bbox 727 1817 1064 1892; x_wconf 77' lang='grc' dir='ltr'>ὲξερχόμενα</span> <span class='ocrx_word' id='word_1_205' title='bbox 1086 1863 1101 1889; x_wconf 92' lang='grc'><strong>,</strong></span> <span class='ocrx_word' id='word_1_206' title='bbox 1135 1823 1196 1877; x_wconf 83' lang='grc' dir='ltr'><strong>ού</strong></span> <span class='ocrx_word' id='word_1_207' title='bbox 1238 1825 1362 1879; x_wconf 83' lang='grc' dir='ltr'>καθ’</span> <span class='ocrx_word' id='word_1_208' title='bbox 1389 1826 1584 1882; x_wconf 76' lang='grc' dir='ltr'>ἕνωσιν</span> <span class='ocrx_word' id='word_1_209' title='bbox 1630 1828 1759 1901; x_wconf 87' lang='grc' dir='ltr'>μίαν</span> <span class='ocrx_word' id='word_1_210' title='bbox 1784 1833 1877 1885; x_wconf 81' lang='grc' dir='ltr'>καὶ</span> <span class='ocrx_word' id='word_1_211' title='bbox 1909 1832 2009 1905; x_wconf 83' lang='grc' dir='ltr'>τὴν</span> 
     </span>
    </p>
   </div>
   <div class='ocr_carea' id='block_1_31' title="bbox 2113 1817 3696 1920">
    <p class='ocr_par' dir='ltr' id='par_1_31' title="bbox 2123 1817 3696 1920">
     <span class='ocr_line' id='line_1_31' title="bbox 2123 1817 3696 1920; baseline 0.018 -39"><span class='ocrx_word' id='word_1_212' title='bbox 2123 1827 2283 1883; x_wconf 88' lang='lat' dir='ltr'><strong>beato</strong></span> <span class='ocrx_word' id='word_1_213' title='bbox 2313 1829 2408 1885; x_wconf 89' lang='lat' dir='ltr'><strong>illo</strong></span> <span class='ocrx_word' id='word_1_214' title='bbox 2452 1831 2577 1888; x_wconf 86' lang='lat' dir='ltr'><strong>sinu</strong></span> <span class='ocrx_word' id='word_1_215' title='bbox 2619 1838 2897 1892; x_wconf 83' lang='lat' dir='ltr'><strong>turmatim</strong></span> <span class='ocrx_word' id='word_1_216' title='bbox 2927 1850 3242 1898; x_wconf 83' lang='lat' dir='ltr'><strong>sanctorum</strong></span> <span class='ocrx_word' id='word_1_217' title='bbox 3278 1817 3696 1920; x_wconf 47' lang='lat' dir='ltr'><strong>ordines-exire,</strong></span> 
     </span>
    </p>
   </div>
   <div class='ocr_carea' id='block_1_32' title="bbox 419 1905 2009 2016">
    <p class='ocr_par' dir='ltr' id='par_1_32' title="bbox 419 1912 2009 1995">
     <span class='ocr_line' id='line_1_32' title="bbox 419 1912 2009 1995; baseline 0.006 -28"><span class='ocrx_word' id='word_1_218' title='bbox 419 1913 612 1985; x_wconf 77' lang='grc' dir='ltr'>αὐτὴν,</span> <span class='ocrx_word' id='word_1_219' title='bbox 641 1912 780 1967; x_wconf 82' lang='grc' dir='ltr'>ἀλλὰ</span> <span class='ocrx_word' id='word_1_220' title='bbox 823 1915 1124 1986; x_wconf 73' lang='grc' dir='ltr'>προηγεῖτο</span> <span class='ocrx_word' id='word_1_221' title='bbox 1153 1916 1253 1987; x_wconf 86' lang='grc' dir='ltr'>μὲν</span> <span class='ocrx_word' id='word_1_222' title='bbox 1285 1918 1322 1988; x_wconf 81' lang='grc' dir='ltr'><strong>ή</strong></span> <span class='ocrx_word' id='word_1_223' title='bbox 1351 1916 1462 1973; x_wconf 84' lang='grc' dir='ltr'>τῶν</span> <span class='ocrx_word' id='word_1_224' title='bbox 1493 1921 1811 1976; x_wconf 77' lang='grc' dir='ltr'><strong>ἀποστόλων</strong></span> <span class='ocrx_word' id='word_1_225' title='bbox 1844 1923 2009 1995; x_wconf 78' lang='grc' dir='ltr'>ἀκρό-</span> 
     </span>
    </p>
   </div>
   <div class='ocr_carea' id='block_1_33' title="bbox 2113 1905 3699 2016">
    <p class='ocr_par' dir='ltr' id='par_1_33' title="bbox 2115 1905 3699 2016">
     <span class='ocr_line' id='line_1_33' title="bbox 2115 1905 3699 2016; baseline 0.017 -41"><span class='ocrx_word' id='word_1_226' title='bbox 2115 1935 2225 1976; x_wconf 89' lang='lat' dir='ltr'><strong>non</strong></span> <span class='ocrx_word' id='word_1_227' title='bbox 2255 1925 2478 1994; x_wconf 81' lang='lat' dir='ltr'><strong>quidem</strong></span> <span class='ocrx_word' id='word_1_228' title='bbox 2520 1942 2632 1983; x_wconf 86' lang='lat' dir='ltr'><strong>uno</strong></span> <span class='ocrx_word' id='word_1_229' title='bbox 2660 1931 2964 2004; x_wconf 85' lang='lat' dir='ltr'><strong>eodemque</strong></span> <span class='ocrx_word' id='word_1_230' title='bbox 2996 1936 3191 2002; x_wconf 91' lang='lat' dir='ltr'><strong>modo;</strong></span> <span class='ocrx_word' id='word_1_231' title='bbox 3226 1940 3320 1994; x_wconf 88' lang='lat' dir='ltr'><strong>sed</strong></span> <span class='ocrx_word' id='word_1_232' title='bbox 3366 1905 3699 2016; x_wconf 88' lang='lat' dir='ltr'><strong>primo</strong></span> 
     </span>
    </p>
   </div>
   <div class='ocr_carea' id='block_1_34' title="bbox 419 2005 2016 2087">
    <p class='ocr_par' dir='ltr' id='par_1_34' title="bbox 419 2005 2016 2087">
     <span class='ocr_line' id='line_1_34' title="bbox 419 2005 2016 2087; baseline 0.008 -29"><span class='ocrx_word' id='word_1_233' title='bbox 419 2021 517 2075; x_wconf 83' lang='grc' dir='ltr'><strong>της</strong></span> <span class='ocrx_word' id='word_1_234' title='bbox 550 2005 685 2076; x_wconf 82' lang='grc' dir='ltr'>μετὰ</span> <span class='ocrx_word' id='word_1_235' title='bbox 715 2007 816 2079; x_wconf 81' lang='grc' dir='ltr'>τῆς</span> <span class='ocrx_word' id='word_1_236' title='bbox 852 2006 981 2079; x_wconf 78' lang='grc' dir='ltr'>ὅλης</span> <span class='ocrx_word' id='word_1_237' title='bbox 1019 2008 1200 2064; x_wconf 85' lang='grc' dir='ltr'>αὐτῶν</span> <span class='ocrx_word' id='word_1_238' title='bbox 1241 2011 1568 2083; x_wconf 78' lang='grc' dir='ltr'>ὁμηγύρεως</span> <span class='ocrx_word' id='word_1_239' title='bbox 1596 2053 1612 2078; x_wconf 93' lang='grc'><strong>,</strong></span> <span class='ocrx_word' id='word_1_240' title='bbox 1651 2014 1929 2087; x_wconf 80' lang='grc' dir='ltr'>μάρτυρες</span> <span class='ocrx_word' id='word_1_241' title='bbox 1959 2016 2016 2071; x_wconf 82' lang='grc' dir='ltr'><strong>δὲ</strong></span> 
     </span>
    </p>
   </div>
   <div class='ocr_carea' id='block_1_35' title="bbox 427 2098 2012 2174">
    <p class='ocr_par' dir='ltr' id='par_1_35' title="bbox 427 2098 2012 2174">
     <span class='ocr_line' id='line_1_35' title="bbox 427 2098 2012 2174; baseline 0.008 -24"><span class='ocrx_word' id='word_1_242' title='bbox 427 2098 566 2166; x_wconf 76' lang='grc' dir='ltr'>μετὰ</span> <span class='ocrx_word' id='word_1_243' title='bbox 590 2098 810 2165; x_wconf 85' lang='grc' dir='ltr'>τούτους</span> <span class='ocrx_word' id='word_1_244' title='bbox 835 2103 1270 2171; x_wconf 84' lang='grc' dir='ltr'>συνιφεπόμενοι</span> <span class='ocrx_word' id='word_1_245' title='bbox 1299 2103 1717 2174; x_wconf 78' lang='grc' dir='ltr'>κατεφαίνοντο,</span> <span class='ocrx_word' id='word_1_246' title='bbox 1754 2109 1848 2160; x_wconf 78' lang='grc' dir='ltr'>καὶ</span> <span class='ocrx_word' id='word_1_247' title='bbox 1880 2109 2012 2163; x_wconf 84' lang='grc' dir='ltr'>καθ-</span> 
     </span>
    </p>
   </div>
   <div class='ocr_carea' id='block_1_36' title="bbox 423 2191 2013 2271">
    <p class='ocr_par' dir='ltr' id='par_1_36' title="bbox 423 2191 2013 2271">
     <span class='ocr_line' id='line_1_36' title="bbox 423 2191 2013 2271; baseline 0.008 -27"><span class='ocrx_word' id='word_1_248' title='bbox 423 2191 553 2262; x_wconf 75' lang='grc' dir='ltr'>εξῆς</span> <span class='ocrx_word' id='word_1_249' title='bbox 575 2193 625 2245; x_wconf 83' lang='grc' dir='ltr'>οἱ</span> <span class='ocrx_word' id='word_1_250' title='bbox 651 2192 926 2264; x_wconf 78' lang='grc' dir='ltr'>προφῆται</span> <span class='ocrx_word' id='word_1_251' title='bbox 947 2235 961 2258; x_wconf 92' lang='grc'><strong>,</strong></span> <span class='ocrx_word' id='word_1_252' title='bbox 993 2195 1090 2249; x_wconf 80' lang='grc' dir='ltr'>καὶ</span> <span class='ocrx_word' id='word_1_253' title='bbox 1117 2195 1227 2250; x_wconf 79' lang='grc' dir='ltr'>τῶν</span> <span class='ocrx_word' id='word_1_254' title='bbox 1253 2195 1431 2253; x_wconf 78' lang='grc' dir='ltr'>ἄλλων</span> <span class='ocrx_word' id='word_1_255' title='bbox 1468 2197 1630 2262; x_wconf 81' lang='grc' dir='ltr'>ὁσίως</span> <span class='ocrx_word' id='word_1_256' title='bbox 1667 2199 2013 2271; x_wconf 77' lang='grc' dir='ltr'>βεϐιωκότων</span> 
     </span>
    </p>
   </div>
   <div class='ocr_carea' id='block_1_37' title="bbox 417 2283 2014 2369">
    <p class='ocr_par' dir='ltr' id='par_1_37' title="bbox 417 2283 2014 2369">
     <span class='ocr_line' id='line_1_37' title="bbox 417 2283 2014 2369; baseline 0.008 -32"><span class='ocrx_word' id='word_1_257' title='bbox 417 2283 486 2338; x_wconf 81' lang='grc' dir='ltr'>τὰ</span> <span class='ocrx_word' id='word_1_258' title='bbox 517 2283 704 2356; x_wconf 76' lang='grc' dir='ltr'>στίφη,</span> <span class='ocrx_word' id='word_1_259' title='bbox 739 2285 832 2340; x_wconf 79' lang='grc' dir='ltr'>καὶ</span> <span class='ocrx_word' id='word_1_260' title='bbox 869 2287 898 2340; x_wconf 82' lang='grc' dir='ltr'>ὁ</span> <span class='ocrx_word' id='word_1_261' title='bbox 929 2286 1036 2341; x_wconf 85' lang='grc' dir='ltr'>τῶν</span> <span class='ocrx_word' id='word_1_262' title='bbox 1068 2287 1488 2362; x_wconf 78' lang='grc' dir='ltr'>διαπρεψάντων</span> <span class='ocrx_word' id='word_1_263' title='bbox 1513 2292 1573 2345; x_wconf 81' lang='grc' dir='ltr'>ὲν</span> <span class='ocrx_word' id='word_1_264' title='bbox 1608 2293 1892 2369; x_wconf 72' lang='grc' dir='ltr'>ἁγιωσύνῃ</span> <span class='ocrx_word' id='word_1_265' title='bbox 1921 2298 2014 2349; x_wconf 79' lang='grc' dir='ltr'>καὶ</span> 
     </span>
    </p>
   </div>
   <div class='ocr_carea' id='block_1_38' title="bbox 418 2378 2014 2460">
    <p class='ocr_par' dir='ltr' id='par_1_38' title="bbox 418 2378 2014 2460">
     <span class='ocr_line' id='line_1_38' title="bbox 418 2378 2014 2460; baseline 0.007 -27"><span class='ocrx_word' id='word_1_266' title='bbox 418 2378 808 2453; x_wconf 74' lang='grc' dir='ltr'>ἀρχιερωσύνη</span> <span class='ocrx_word' id='word_1_267' title='bbox 829 2380 1240 2451; x_wconf 80' lang='grc' dir='ltr'>παναγιώτατος</span> <span class='ocrx_word' id='word_1_268' title='bbox 1275 2383 1552 2454; x_wconf 84' lang='grc' dir='ltr'>σύλλογος.</span> <span class='ocrx_word' id='word_1_269' title='bbox 1587 2385 1772 2460; x_wconf 82' lang='grc' dir='ltr'>Ἐὡρα</span> <span class='ocrx_word' id='word_1_270' title='bbox 1796 2389 1927 2458; x_wconf 82' lang='grc' dir='ltr'>γοῦν</span> <span class='ocrx_word' id='word_1_271' title='bbox 1951 2391 2014 2444; x_wconf 82' lang='grc' dir='ltr'>τὸ</span> 
     </span>
    </p>
   </div>
   <div class='ocr_carea' id='block_1_39' title="bbox 412 2473 2014 2554">
    <p class='ocr_par' dir='ltr' id='par_1_39' title="bbox 412 2473 2014 2554">
     <span class='ocr_line' id='line_1_39' title="bbox 412 2473 2014 2554; baseline 0.007 -28"><span class='ocrx_word' id='word_1_272' title='bbox 412 2474 708 2544; x_wconf 71' lang='grc' dir='ltr'>γινόμενον</span> <span class='ocrx_word' id='word_1_273' title='bbox 743 2473 772 2529; x_wconf 81' lang='grc' dir='ltr'><strong>ὁ</strong></span> <span class='ocrx_word' id='word_1_274' title='bbox 804 2474 994 2546; x_wconf 74' lang='grc' dir='ltr'>ῥηθεὶς</span> <span class='ocrx_word' id='word_1_275' title='bbox 1022 2476 1228 2540; x_wconf 77' lang='grc' dir='ltr'>ἐκεῖνος</span> <span class='ocrx_word' id='word_1_276' title='bbox 1252 2476 1415 2548; x_wconf 82' lang='grc' dir='ltr'>ἀνὴρ,</span> <span class='ocrx_word' id='word_1_277' title='bbox 1453 2477 1551 2531; x_wconf 79' lang='grc' dir='ltr'>καὶ</span> <span class='ocrx_word' id='word_1_278' title='bbox 1575 2479 1695 2543; x_wconf 83' lang='grc' dir='ltr'>ὅλος</span> <span class='ocrx_word' id='word_1_279' title='bbox 1718 2475 1787 2553; x_wconf 76' lang='grc' dir='ltr'>ἦν</span> <span class='ocrx_word' id='word_1_280' title='bbox 1808 2482 2014 2554; x_wconf 70' lang='grc' dir='ltr'>εκπλή-</span> 
     </span>
    </p>
   </div>
   <div class='ocr_carea' id='block_1_40' title="bbox 414 2567 2012 2648">
    <p class='ocr_par' dir='ltr' id='par_1_40' title="bbox 414 2567 2012 2648">
     <span class='ocr_line' id='line_1_40' title="bbox 414 2567 2012 2648; baseline 0.006 -27"><span class='ocrx_word' id='word_1_281' title='bbox 414 2567 560 2632; x_wconf 75' lang='grc' dir='ltr'>ξιως</span> <span class='ocrx_word' id='word_1_282' title='bbox 583 2567 852 2639; x_wconf 71' lang='grc' dir='ltr'>καθορῶν*</span> <span class='ocrx_word' id='word_1_283' title='bbox 881 2568 998 2624; x_wconf 80' lang='grc' dir='ltr'>ἀλλ’</span> <span class='ocrx_word' id='word_1_284' title='bbox 1016 2571 1119 2624; x_wconf 84' lang='grc' dir='ltr'>οὐκ</span> <span class='ocrx_word' id='word_1_285' title='bbox 1140 2570 1377 2643; x_wconf 70' lang='grc' dir='ltr'>ἠδύνατο</span> <span class='ocrx_word' id='word_1_286' title='bbox 1403 2588 1468 2625; x_wconf 91' lang='grc' dir='ltr'><strong>συ</strong></span> <span class='ocrx_word' id='word_1_287' title='bbox 1477 2571 1702 2645; x_wconf 81' lang='grc' dir='ltr'>μϐαλεῐν</span> <span class='ocrx_word' id='word_1_288' title='bbox 1729 2575 1806 2647; x_wconf 79' lang='grc' dir='ltr'>τῷ</span> <span class='ocrx_word' id='word_1_289' title='bbox 1833 2593 2012 2648; x_wconf 65' lang='grc' dir='ltr'>παραμ-</span> 
     </span>
    </p>
   </div>
   <div class='ocr_carea' id='block_1_41' title="bbox 417 2661 2012 2742">
    <p class='ocr_par' dir='ltr' id='par_1_41' title="bbox 417 2661 2012 2742">
     <span class='ocr_line' id='line_1_41' title="bbox 417 2661 2012 2742; baseline 0.005 -26"><span class='ocrx_word' id='word_1_290' title='bbox 417 2661 586 2728; x_wconf 77' lang='grc' dir='ltr'>δόξως</span> <span class='ocrx_word' id='word_1_291' title='bbox 614 2662 884 2734; x_wconf 75' lang='grc' dir='ltr'>γινομένῳ</span> <span class='ocrx_word' id='word_1_292' title='bbox 925 2662 1206 2735; x_wconf 76' lang='grc' dir='ltr'>θεάματι,</span> <span class='ocrx_word' id='word_1_293' title='bbox 1237 2663 1390 2719; x_wconf 76' lang='grc' dir='ltr'>ἐνθεν</span> <span class='ocrx_word' id='word_1_294' title='bbox 1435 2683 1518 2720; x_wconf 85' lang='grc' dir='ltr'><strong>τοι</strong></span> <span class='ocrx_word' id='word_1_295' title='bbox 1555 2667 1652 2722; x_wconf 77' lang='grc' dir='ltr'>καὶ</span> <span class='ocrx_word' id='word_1_296' title='bbox 1696 2668 2012 2742; x_wconf 80' lang='grc' dir='ltr'><strong>διηπορεῖτο</strong></span> 
     </span>
    </p>
   </div>
   <div class='ocr_carea' id='block_1_42' title="bbox 422 2755 2012 2837">
    <p class='ocr_par' dir='ltr' id='par_1_42' title="bbox 422 2755 2012 2837">
     <span class='ocr_line' id='line_1_42' title="bbox 422 2755 2012 2837; baseline 0.006 -27"><span class='ocrx_word' id='word_1_297' title='bbox 422 2755 544 2810; x_wconf 83' lang='grc' dir='ltr'>καθ’</span> <span class='ocrx_word' id='word_1_298' title='bbox 578 2756 790 2822; x_wconf 75' lang='grc' dir='ltr'>ἑαυτὸν,</span> <span class='ocrx_word' id='word_1_299' title='bbox 825 2756 889 2809; x_wconf 85' lang='grc' dir='ltr'>Τί</span> <span class='ocrx_word' id='word_1_300' title='bbox 915 2759 1046 2811; x_wconf 81' lang='grc' dir='ltr'>ποτέ</span> <span class='ocrx_word' id='word_1_301' title='bbox 1085 2759 1203 2812; x_wconf 73' lang='grc' dir='ltr'>ἐστι</span> <span class='ocrx_word' id='word_1_302' title='bbox 1231 2757 1292 2812; x_wconf 79' lang='grc' dir='ltr'>τὸ</span> <span class='ocrx_word' id='word_1_303' title='bbox 1329 2761 1649 2832; x_wconf 74' lang='grc' dir='ltr'>ὀρώμενονς</span> <span class='ocrx_word' id='word_1_304' title='bbox 1685 2763 1798 2817; x_wconf 72' lang='grc' dir='ltr'><strong>Καὶ</strong></span> <span class='ocrx_word' id='word_1_305' title='bbox 1820 2764 1888 2834; x_wconf 82' lang='grc' dir='ltr'><strong>δὴ</strong></span> <span class='ocrx_word' id='word_1_306' title='bbox 1914 2766 2012 2837; x_wconf 79' lang='grc' dir='ltr'>τῆς</span> 
     </span>
    </p>
   </div>
   <div class='ocr_carea' id='block_1_43' title="bbox 417 2850 2009 2928">
    <p class='ocr_par' dir='ltr' id='par_1_43' title="bbox 417 2850 2009 2928">
     <span class='ocr_line' id='line_1_43' title="bbox 417 2850 2009 2928; baseline 0.006 -26"><span class='ocrx_word' id='word_1_307' title='bbox 417 2852 694 2920; x_wconf 78' lang='grc' dir='ltr'>προτέρας</span> <span class='ocrx_word' id='word_1_308' title='bbox 739 2851 917 2904; x_wconf 69' lang='grc' dir='ltr'>ἐδόκει</span> <span class='ocrx_word' id='word_1_309' title='bbox 959 2851 1056 2905; x_wconf 69' lang='grc' dir='ltr'>καὶ</span> <span class='ocrx_word' id='word_1_310' title='bbox 1092 2850 1247 2914; x_wconf 63' lang='grc' dir='ltr'>αὖθις</span> <span class='ocrx_word' id='word_1_311' title='bbox 1285 2852 1508 2908; x_wconf 79' lang='grc' dir='ltr'>ἀκούειν</span> <span class='ocrx_word' id='word_1_312' title='bbox 1550 2856 1770 2928; x_wconf 80' lang='grc' dir='ltr'>φωνῆς’</span> <span class='ocrx_word' id='word_1_313' title='bbox 1817 2857 2009 2928; x_wconf 80' lang='grc' dir='ltr'>Νῆφε,</span> 
     </span>
    </p>
   </div>
   <div class='ocr_carea' id='block_1_44' title="bbox 355 2938 2005 3021">
    <p class='ocr_par' dir='ltr' id='par_1_44' title="bbox 355 2938 2005 3021">
     <span class='ocr_line' id='line_1_44' title="bbox 355 2938 2005 3021; baseline 0.005 -24"><span class='ocrx_word' id='word_1_314' title='bbox 355 2938 364 2942; x_wconf 72' lang='grc'><strong>’</strong></span> <span class='ocrx_word' id='word_1_315' title='bbox 417 2941 692 3013; x_wconf 76' lang='grc' dir='ltr'>ἄνθρωπε.</span> <span class='ocrx_word' id='word_1_316' title='bbox 721 2943 828 2998; x_wconf 78' lang='grc' dir='ltr'><strong>ἰδοὺ</strong></span> <span class='ocrx_word' id='word_1_317' title='bbox 854 2943 916 2997; x_wconf 84' lang='grc' dir='ltr'>τδ</span> <span class='ocrx_word' id='word_1_318' title='bbox 940 2943 1218 3017; x_wconf 77' lang='grc' dir='ltr'>δρώμενον</span> <span class='ocrx_word' id='word_1_319' title='bbox 1254 2946 1518 3018; x_wconf 80' lang='grc' dir='ltr'>πρόδηλον</span> <span class='ocrx_word' id='word_1_320' title='bbox 1543 2963 1557 2978; x_wconf 87' lang='grc'><strong>·</strong></span> <span class='ocrx_word' id='word_1_321' title='bbox 1595 2950 1762 3021; x_wconf 73' lang='grc' dir='ltr'>ἧκουε</span> <span class='ocrx_word' id='word_1_322' title='bbox 1791 2950 1962 3006; x_wconf 82' lang='grc' dir='ltr'>ταῦτα</span> <span class='ocrx_word' id='word_1_323' title='bbox 1993 2968 2005 2983; x_wconf 89' lang='grc'><strong>·</strong></span> 
     </span>
    </p>
   </div>
   <div class='ocr_carea' id='block_1_45' title="bbox 413 3036 2011 3114">
    <p class='ocr_par' dir='ltr' id='par_1_45' title="bbox 413 3036 2011 3114">
     <span class='ocr_line' id='line_1_45' title="bbox 413 3036 2011 3114; baseline 0.006 -24"><span class='ocrx_word' id='word_1_324' title='bbox 413 3036 511 3090; x_wconf 78' lang='grc' dir='ltr'>καὶ</span> <span class='ocrx_word' id='word_1_325' title='bbox 557 3038 663 3109; x_wconf 77' lang='grc' dir='ltr'>ὁρᾷ</span> <span class='ocrx_word' id='word_1_326' title='bbox 706 3039 1028 3102; x_wconf 71' lang='grc' dir='ltr'>νεανίσκους</span> <span class='ocrx_word' id='word_1_327' title='bbox 1071 3037 1350 3109; x_wconf 83' lang='grc' dir='ltr'>τέσσαρας</span> <span class='ocrx_word' id='word_1_328' title='bbox 1393 3040 1487 3092; x_wconf 87' lang='grc' dir='ltr'>τὸν</span> <span class='ocrx_word' id='word_1_329' title='bbox 1529 3041 1798 3114; x_wconf 81' lang='grc' dir='ltr'>ἀριθμὸν,</span> <span class='ocrx_word' id='word_1_330' title='bbox 1833 3044 2011 3114; x_wconf 83' lang='grc' dir='ltr'>πτερά</span> 
     </span>
    </p>
   </div>
   <div class='ocr_carea' id='block_1_46' title="bbox 415 3127 2009 3207">
    <p class='ocr_par' dir='ltr' id='par_1_46' title="bbox 415 3127 2009 3207">
     <span class='ocr_line' id='line_1_46' title="bbox 415 3127 2009 3207; baseline 0.008 -28"><span class='ocrx_word' id='word_1_331' title='bbox 415 3127 842 3199; x_wconf 77' lang='grc' dir='ltr'>περικειμένους</span> <span class='ocrx_word' id='word_1_332' title='bbox 874 3130 965 3183; x_wconf 65' lang='grc' dir='ltr'>ἐπὶ</span> <span class='ocrx_word' id='word_1_333' title='bbox 996 3128 1105 3184; x_wconf 83' lang='grc' dir='ltr'>τῶν</span> <span class='ocrx_word' id='word_1_334' title='bbox 1139 3129 1329 3202; x_wconf 77' lang='grc' dir='ltr'>ὤμων,</span> <span class='ocrx_word' id='word_1_335' title='bbox 1359 3133 1455 3185; x_wconf 78' lang='grc' dir='ltr'>καὶ</span> <span class='ocrx_word' id='word_1_336' title='bbox 1483 3132 1728 3207; x_wconf 82' lang='grc' dir='ltr'>ὡσπερεί</span> <span class='ocrx_word' id='word_1_337' title='bbox 1759 3153 1883 3191; x_wconf 77' lang='grc' dir='ltr'>τινα</span> <span class='ocrx_word' id='word_1_338' title='bbox 1914 3137 2009 3191; x_wconf 82' lang='grc' dir='ltr'>κό-</span> 
     </span>
    </p>
   </div>
   <div class='ocr_carea' id='block_1_47' title="bbox 415 3221 2008 3299">
    <p class='ocr_par' dir='ltr' id='par_1_47' title="bbox 415 3221 2008 3299">
     <span class='ocr_line' id='line_1_47' title="bbox 415 3221 2008 3299; baseline 0.01 -29"><span class='ocrx_word' id='word_1_339' title='bbox 415 3237 520 3292; x_wconf 73' lang='grc' dir='ltr'><strong>ρην</strong></span> <span class='ocrx_word' id='word_1_340' title='bbox 550 3221 675 3292; x_wconf 72' lang='grc' dir='ltr'>ἄρτι</span> <span class='ocrx_word' id='word_1_341' title='bbox 706 3221 870 3276; x_wconf 74' lang='grc' dir='ltr'>καλὸν</span> <span class='ocrx_word' id='word_1_342' title='bbox 897 3222 992 3275; x_wconf 76' lang='lat' dir='ltr'><strong>xal</strong></span> <span class='ocrx_word' id='word_1_343' title='bbox 1022 3223 1120 3294; x_wconf 74' lang='grc' dir='ltr'><strong>ἡδὺ</strong></span> <span class='ocrx_word' id='word_1_344' title='bbox 1148 3223 1584 3294; x_wconf 79' lang='grc' dir='ltr'>ἀπολάμπουσαν</span> <span class='ocrx_word' id='word_1_345' title='bbox 1611 3229 1669 3282; x_wconf 81' lang='grc' dir='ltr'>ὲν</span> <span class='ocrx_word' id='word_1_346' title='bbox 1697 3227 1848 3299; x_wconf 85' lang='grc' dir='ltr'>μέσῳ</span> <span class='ocrx_word' id='word_1_347' title='bbox 1871 3247 2008 3285; x_wconf 72' lang='grc' dir='ltr'><strong>κατ⁸</strong></span> 
     </span>
    </p>
   </div>
   <div class='ocr_carea' id='block_1_48' title="bbox 2118 2014 3701 2094">
    <p class='ocr_par' dir='ltr' id='par_1_48' title="bbox 2118 2014 3701 2094">
     <span class='ocr_line' id='line_1_48' title="bbox 2118 2014 3701 2094; baseline 0.017 -27"><span class='ocrx_word' id='word_1_348' title='bbox 2118 2014 2240 2068; x_wconf 88' lang='lat' dir='ltr'><strong>dem</strong></span> <span class='ocrx_word' id='word_1_349' title='bbox 2289 2018 2664 2087; x_wconf 80' lang='lat' dir='ltr'><strong>apostolorum</strong></span> <span class='ocrx_word' id='word_1_350' title='bbox 2697 2025 2988 2079; x_wconf 87' lang='lat' dir='ltr'><strong>summitas</strong></span> <span class='ocrx_word' id='word_1_351' title='bbox 3035 2042 3161 2082; x_wconf 88' lang='lat' dir='ltr'><strong>cum</strong></span> <span class='ocrx_word' id='word_1_352' title='bbox 3196 2031 3453 2089; x_wconf 87' lang='lat' dir='ltr'><strong>universo</strong></span> <span class='ocrx_word' id='word_1_353' title='bbox 3481 2014 3701 2094; x_wconf 75' lang='lat' dir='ltr'><strong>illorum</strong></span> 
     </span>
    </p>
   </div>
   <div class='ocr_carea' id='block_1_49' title="bbox 2119 2110 3703 2196">
    <p class='ocr_par' dir='ltr' id='par_1_49' title="bbox 2119 2110 3703 2196">
     <span class='ocr_line' id='line_1_49' title="bbox 2119 2110 3703 2196; baseline 0.018 -36"><span class='ocrx_word' id='word_1_354' title='bbox 2119 2117 2264 2162; x_wconf 71' lang='lat' dir='ltr'><strong>coetu</strong></span> <span class='ocrx_word' id='word_1_355' title='bbox 2303 2110 2603 2179; x_wconf 78' lang='lat' dir='ltr'><strong>prodibat:</strong></span> <span class='ocrx_word' id='word_1_356' title='bbox 2650 2127 2778 2183; x_wconf 88' lang='lat' dir='ltr'><strong>post</strong></span> <span class='ocrx_word' id='word_1_357' title='bbox 2810 2115 2909 2172; x_wconf 92' lang='lat' dir='ltr'><strong>hos</strong></span> <span class='ocrx_word' id='word_1_358' title='bbox 2958 2128 3144 2174; x_wconf 90' lang='lat' dir='ltr'><strong>autem</strong></span> <span class='ocrx_word' id='word_1_359' title='bbox 3194 2135 3465 2196; x_wconf 81' lang='lat' dir='ltr'><strong>martyres</strong></span> <span class='ocrx_word' id='word_1_360' title='bbox 3504 2145 3703 2188; x_wconf 44' lang='lat' dir='ltr'><strong>conseé</strong></span> 
     </span>
    </p>
   </div>
   <div class='ocr_carea' id='block_1_50' title="bbox 2117 2203 3701 2288">
    <p class='ocr_par' dir='ltr' id='par_1_50' title="bbox 2117 2203 3701 2288">
     <span class='ocr_line' id='line_1_50' title="bbox 2117 2203 3701 2288; baseline 0.019 -38"><span class='ocrx_word' id='word_1_361' title='bbox 2117 2203 2351 2269; x_wconf 80' lang='lat' dir='ltr'><strong>quentes</strong></span> <span class='ocrx_word' id='word_1_362' title='bbox 2373 2205 2747 2273; x_wconf 83' lang='lat' dir='ltr'><strong>apparebant:</strong></span> <span class='ocrx_word' id='word_1_363' title='bbox 2774 2210 3054 2278; x_wconf 77' lang='lat' dir='ltr'><strong>prophetze</strong></span> <span class='ocrx_word' id='word_1_364' title='bbox 3078 2213 3359 2288; x_wconf 87' lang='lat' dir='ltr'><strong>deinceps,</strong></span> <span class='ocrx_word' id='word_1_365' title='bbox 3389 2229 3442 2274; x_wconf 91' lang='lat' dir='ltr'><strong>et</strong></span> <span class='ocrx_word' id='word_1_366' title='bbox 3466 2222 3701 2281; x_wconf 86' lang='lat' dir='ltr'><strong>aliorum</strong></span> 
     </span>
    </p>
   </div>
   <div class='ocr_carea' id='block_1_51' title="bbox 2117 2299 3703 2384">
    <p class='ocr_par' dir='ltr' id='par_1_51' title="bbox 2117 2299 3703 2384">
     <span class='ocr_line' id='line_1_51' title="bbox 2117 2299 3703 2384; baseline 0.018 -36"><span class='ocrx_word' id='word_1_367' title='bbox 2117 2303 2438 2350; x_wconf 85' lang='lat' dir='ltr'><strong>sanctorum</strong></span> <span class='ocrx_word' id='word_1_368' title='bbox 2507 2299 2603 2368; x_wconf 88' lang='lat' dir='ltr'><strong>qui</strong></span> <span class='ocrx_word' id='word_1_369' title='bbox 2640 2300 2769 2355; x_wconf 90' lang='lat' dir='ltr'><strong>olim</strong></span> <span class='ocrx_word' id='word_1_370' title='bbox 2805 2303 3077 2371; x_wconf 74' lang='lat' dir='ltr'><strong>vixerant,</strong></span> <span class='ocrx_word' id='word_1_371' title='bbox 3112 2309 3288 2377; x_wconf 80' lang='lat' dir='ltr'><strong>acies,</strong></span> <span class='ocrx_word' id='word_1_372' title='bbox 3324 2321 3378 2367; x_wconf 87' lang='lat' dir='ltr'><strong>et</strong></span> <span class='ocrx_word' id='word_1_373' title='bbox 3419 2317 3703 2384; x_wconf 78' lang='lat' dir='ltr'><strong>pontiﬁcia</strong></span> 
     </span>
    </p>
   </div>
   <div class='ocr_carea' id='block_1_52' title="bbox 2114 2387 3702 2482">
    <p class='ocr_par' dir='ltr' id='par_1_52' title="bbox 2114 2387 3702 2482">
     <span class='ocr_line' id='line_1_52' title="bbox 2114 2387 3702 2482; baseline 0.017 -42"><span class='ocrx_word' id='word_1_374' title='bbox 2114 2387 2386 2458; x_wconf 79' lang='lat' dir='ltr'><strong>dignitate</strong></span> <span class='ocrx_word' id='word_1_375' title='bbox 2417 2389 2662 2462; x_wconf 81' lang='lat' dir='ltr'><strong>insignes</strong></span> <span class='ocrx_word' id='word_1_376' title='bbox 2691 2393 2934 2463; x_wconf 81' lang='lat' dir='ltr'><strong>fuerant,</strong></span> <span class='ocrx_word' id='word_1_377' title='bbox 2967 2402 3377 2459; x_wconf 88' lang='lat' dir='ltr'><strong>sanctissimum</strong></span> <span class='ocrx_word' id='word_1_378' title='bbox 3410 2409 3702 2482; x_wconf 76' lang='lat' dir='ltr'><strong>collegium</strong></span> 
     </span>
    </p>
   </div>
   <div class='ocr_carea' id='block_1_53' title="bbox 2115 2480 3704 2576">
    <p class='ocr_par' dir='ltr' id='par_1_53' title="bbox 2115 2480 3704 2576">
     <span class='ocr_line' id='line_1_53' title="bbox 2115 2480 3704 2576; baseline 0.02 -45"><span class='ocrx_word' id='word_1_379' title='bbox 2115 2480 2419 2535; x_wconf 84' lang='lat' dir='ltr'><strong>visebatur.</strong></span> <span class='ocrx_word' id='word_1_380' title='bbox 2471 2482 2805 2576; x_wconf 33' lang='lat' dir='ltr'><strong>Aspiciebat.</strong></span> <span class='ocrx_word' id='word_1_381' title='bbox 2835 2503 2967 2559; x_wconf 85' lang='lat' dir='ltr'><strong>ergo</strong></span> <span class='ocrx_word' id='word_1_382' title='bbox 3004 2491 3089 2546; x_wconf 84' lang='lat' dir='ltr'><strong>vir</strong></span> <span class='ocrx_word' id='word_1_383' title='bbox 3123 2496 3419 2564; x_wconf 69' lang='lat' dir='ltr'><strong>praedictus</strong></span> <span class='ocrx_word' id='word_1_384' title='bbox 3458 2500 3513 2556; x_wconf 81' lang='lat' dir='ltr'><strong>id</strong></span> <span class='ocrx_word' id='word_1_385' title='bbox 3552 2480 3704 2574; x_wconf 82' lang='lat' dir='ltr'><strong>quod</strong></span> 
     </span>
    </p>
   </div>
   <div class='ocr_carea' id='block_1_54' title="bbox 2114 2573 3700 2664">
    <p class='ocr_par' dir='ltr' id='par_1_54' title="bbox 2114 2573 3700 2664">
     <span class='ocr_line' id='line_1_54' title="bbox 2114 2573 3700 2664; baseline 0.018 -38"><span class='ocrx_word' id='word_1_386' title='bbox 2114 2573 2299 2639; x_wconf 81' lang='lat' dir='ltr'><strong>ﬂebat.</strong></span> <span class='ocrx_word' id='word_1_387' title='bbox 2327 2586 2588 2648; x_wconf 89' lang='lat' dir='ltr'><strong>totusque</strong></span> <span class='ocrx_word' id='word_1_388' title='bbox 2612 2573 2840 2652; x_wconf 83' lang='lat' dir='ltr'><strong>stupore</strong></span> <span class='ocrx_word' id='word_1_389' title='bbox 2864 2584 3060 2654; x_wconf 78' lang='lat' dir='ltr'><strong>plenus</strong></span> <span class='ocrx_word' id='word_1_390' title='bbox 3083 2598 3223 2656; x_wconf 85' lang='lat' dir='ltr'><strong>erat,</strong></span> <span class='ocrx_word' id='word_1_391' title='bbox 3253 2591 3382 2648; x_wconf 89' lang='lat' dir='ltr'><strong>dum</strong></span> <span class='ocrx_word' id='word_1_392' title='bbox 3405 2573 3700 2664; x_wconf 82' lang='lat' dir='ltr'><strong>aspiceret,</strong></span> 
     </span>
    </p>
   </div>
   <div class='ocr_carea' id='block_1_55' title="bbox 2113 2675 3705 2761">
    <p class='ocr_par' dir='ltr' id='par_1_55' title="bbox 2113 2675 3705 2761">
     <span class='ocr_line' id='line_1_55' title="bbox 2113 2675 3705 2761; baseline 0.018 -41"><span class='ocrx_word' id='word_1_393' title='bbox 2113 2681 2224 2721; x_wconf 85' lang='lat' dir='ltr'><strong>non</strong></span> <span class='ocrx_word' id='word_1_394' title='bbox 2259 2677 2440 2724; x_wconf 90' lang='lat' dir='ltr'><strong>tamen</strong></span> <span class='ocrx_word' id='word_1_395' title='bbox 2483 2681 2704 2741; x_wconf 79' lang='lat' dir='ltr'><strong>poterat</strong></span> <span class='ocrx_word' id='word_1_396' title='bbox 2731 2675 2893 2746; x_wconf 78' lang='lat' dir='ltr'><strong>plene</strong></span> <span class='ocrx_word' id='word_1_397' title='bbox 2925 2681 3152 2751; x_wconf 85' lang='lat' dir='ltr'><strong>assequi</strong></span> <span class='ocrx_word' id='word_1_398' title='bbox 3193 2693 3363 2754; x_wconf 85' lang='lat' dir='ltr'><strong>atque</strong></span> <span class='ocrx_word' id='word_1_399' title='bbox 3395 2689 3705 2761; x_wconf 78' lang='lat' dir='ltr'><strong>intelligere</strong></span> 
     </span>
    </p>
   </div>
   <div class='ocr_carea' id='block_1_56' title="bbox 2115 2763 3705 2848">
    <p class='ocr_par' dir='ltr' id='par_1_56' title="bbox 2115 2763 3705 2848">
     <span class='ocr_line' id='line_1_56' title="bbox 2115 2763 3705 2848; baseline 0.018 -35"><span class='ocrx_word' id='word_1_400' title='bbox 2115 2763 2486 2830; x_wconf 84' lang='lat' dir='ltr'><strong>spectaculum</strong></span> <span class='ocrx_word' id='word_1_401' title='bbox 2539 2765 2671 2820; x_wconf 90' lang='lat' dir='ltr'><strong>illud</strong></span> <span class='ocrx_word' id='word_1_402' title='bbox 2709 2769 3128 2841; x_wconf 76' lang='lat' dir='ltr'><strong>admirandum;</strong></span> <span class='ocrx_word' id='word_1_403' title='bbox 3181 2787 3467 2848; x_wconf 84' lang='lat' dir='ltr'><strong>propterea</strong></span> <span class='ocrx_word' id='word_1_404' title='bbox 3520 2794 3705 2842; x_wconf 79' lang='lat' dir='ltr'><strong>mente</strong></span> 
     </span>
    </p>
   </div>
   <div class='ocr_carea' id='block_1_57' title="bbox 2114 2850 3697 2942">
    <p class='ocr_par' dir='ltr' id='par_1_57' title="bbox 2114 2850 3697 2942">
     <span class='ocr_line' id='line_1_57' title="bbox 2114 2850 3697 2942; baseline 0.018 -37"><span class='ocrx_word' id='word_1_405' title='bbox 2114 2850 2280 2907; x_wconf 88' lang='lat' dir='ltr'><strong>dubia</strong></span> <span class='ocrx_word' id='word_1_406' title='bbox 2322 2865 2489 2926; x_wconf 78' lang='lat' dir='ltr'><strong>atque</strong></span> <span class='ocrx_word' id='word_1_407' title='bbox 2525 2859 2652 2914; x_wconf 88' lang='lat' dir='ltr'><strong>hinc</strong></span> <span class='ocrx_word' id='word_1_408' title='bbox 2703 2861 2830 2916; x_wconf 92' lang='lat' dir='ltr'><strong>inde</strong></span> <span class='ocrx_word' id='word_1_409' title='bbox 2863 2864 3068 2933; x_wconf 80' lang='lat' dir='ltr'><strong>agitata</strong></span> <span class='ocrx_word' id='word_1_410' title='bbox 3107 2866 3290 2926; x_wconf 84' lang='lat' dir='ltr'><strong>aiebat</strong></span> <span class='ocrx_word' id='word_1_411' title='bbox 3318 2872 3433 2942; x_wconf 81' lang='lat' dir='ltr'><strong>ipse</strong></span> <span class='ocrx_word' id='word_1_412' title='bbox 3467 2890 3653 2932; x_wconf 87' lang='lat' dir='ltr'><strong>secum</strong></span> <span class='ocrx_word' id='word_1_413' title='bbox 3683 2897 3697 2934; x_wconf 92' lang='lat'><strong>:</strong></span> 
     </span>
    </p>
   </div>
   <div class='ocr_carea' id='block_1_58' title="bbox 2120 2944 3704 3027">
    <p class='ocr_par' dir='ltr' id='par_1_58' title="bbox 2120 2944 3704 3027">
     <span class='ocr_line' id='line_1_58' title="bbox 2120 2944 3704 3027; baseline 0.018 -28"><span class='ocrx_word' id='word_1_414' title='bbox 2120 2944 2400 3012; x_wconf 80' lang='lat' dir='ltr'><strong>Quidnam</strong></span> <span class='ocrx_word' id='word_1_415' title='bbox 2442 2960 2526 3005; x_wconf 88' lang='lat' dir='ltr'><strong>est</strong></span> <span class='ocrx_word' id='word_1_416' title='bbox 2566 2954 2672 3008; x_wconf 86' lang='lat' dir='ltr'><strong>hoc</strong></span> <span class='ocrx_word' id='word_1_417' title='bbox 2715 2955 2863 3025; x_wconf 81' lang='lat' dir='ltr'><strong>quod</strong></span> <span class='ocrx_word' id='word_1_418' title='bbox 2896 2971 2996 3027; x_wconf 84' lang='lat' dir='ltr'><strong>ego</strong></span> <span class='ocrx_word' id='word_1_419' title='bbox 3036 2959 3227 3019; x_wconf 83' lang='lat' dir='ltr'><strong>video?</strong></span> <span class='ocrx_word' id='word_1_420' title='bbox 3257 2961 3412 3021; x_wconf 87' lang='lat' dir='ltr'><strong>Tunc</strong></span> <span class='ocrx_word' id='word_1_421' title='bbox 3445 2969 3594 3026; x_wconf 83' lang='lat' dir='ltr'><strong>visus</strong></span> <span class='ocrx_word' id='word_1_422' title='bbox 3617 2980 3704 3026; x_wconf 74' lang='lat' dir='ltr'><strong>est</strong></span> 
     </span>
    </p>
   </div>
   <div class='ocr_carea' id='block_1_59' title="bbox 2113 3038 3696 3126">
    <p class='ocr_par' dir='ltr' id='par_1_59' title="bbox 2113 3038 3696 3126">
     <span class='ocr_line' id='line_1_59' title="bbox 2113 3038 3696 3126; baseline 0.017 -32"><span class='ocrx_word' id='word_1_423' title='bbox 2113 3038 2220 3095; x_wconf 88' lang='lat' dir='ltr'><strong>sibi</strong></span> <span class='ocrx_word' id='word_1_424' title='bbox 2267 3041 2372 3112; x_wconf 89' lang='lat' dir='ltr'><strong>ipsi</strong></span> <span class='ocrx_word' id='word_1_425' title='bbox 2410 3059 2598 3099; x_wconf 87' lang='lat' dir='ltr'><strong>vocem</strong></span> <span class='ocrx_word' id='word_1_426' title='bbox 2631 3045 2805 3112; x_wconf 78' lang='lat' dir='ltr'><strong>illam,</strong></span> <span class='ocrx_word' id='word_1_427' title='bbox 2837 3063 3004 3118; x_wconf 81' lang='lat' dir='ltr'><strong>quam</strong></span> <span class='ocrx_word' id='word_1_428' title='bbox 3037 3059 3195 3108; x_wconf 86' lang='lat' dir='ltr'><strong>antea</strong></span> <span class='ocrx_word' id='word_1_429' title='bbox 3242 3058 3551 3126; x_wconf 84' lang='lat' dir='ltr'><strong>audiverat,</strong></span> <span class='ocrx_word' id='word_1_430' title='bbox 3587 3062 3696 3120; x_wconf 86' lang='lat' dir='ltr'><strong>ite-</strong></span> 
     </span>
    </p>
   </div>
   <div class='ocr_carea' id='block_1_60' title="bbox 2113 3135 3703 3220">
    <p class='ocr_par' dir='ltr' id='par_1_60' title="bbox 2113 3135 3703 3220">
     <span class='ocr_line' id='line_1_60' title="bbox 2113 3135 3703 3220; baseline 0.016 -34"><span class='ocrx_word' id='word_1_431' title='bbox 2113 3149 2236 3188; x_wconf 86' lang='lat' dir='ltr'><strong>rum</strong></span> <span class='ocrx_word' id='word_1_432' title='bbox 2265 3135 2454 3191; x_wconf 86' lang='lat' dir='ltr'><strong>audire</strong></span> <span class='ocrx_word' id='word_1_433' title='bbox 2497 3137 2769 3193; x_wconf 86' lang='lat' dir='ltr'><strong>dicentem</strong></span> <span class='ocrx_word' id='word_1_434' title='bbox 2821 3141 2968 3197; x_wconf 88' lang='lat' dir='ltr'><strong>sibi:</strong></span> <span class='ocrx_word' id='word_1_435' title='bbox 3006 3142 3236 3216; x_wconf 79' lang='lat' dir='ltr'><strong>Evigila,</strong></span> <span class='ocrx_word' id='word_1_436' title='bbox 3282 3165 3315 3203; x_wconf 91' lang='grc' dir='ltr'><strong>ο</strong></span> <span class='ocrx_word' id='word_1_437' title='bbox 3354 3153 3539 3220; x_wconf 84' lang='lat' dir='ltr'><strong>homo,</strong></span> <span class='ocrx_word' id='word_1_438' title='bbox 3573 3169 3703 3211; x_wconf 86' lang='lat' dir='ltr'><strong>ecce</strong></span> 
     </span>
    </p>
   </div>
   <div class='ocr_carea' id='block_1_61' title="bbox 2115 3226 3700 3301">
    <p class='ocr_par' dir='ltr' id='par_1_61' title="bbox 2115 3226 3700 3301">
     <span class='ocr_line' id='line_1_61' title="bbox 2115 3226 3700 3301; baseline 0.013 -21"><span class='ocrx_word' id='word_1_439' title='bbox 2115 3226 2466 3283; x_wconf 77' lang='lat' dir='ltr'><strong>manifestum</strong></span> <span class='ocrx_word' id='word_1_440' title='bbox 2510 3239 2595 3284; x_wconf 85' lang='lat' dir='ltr'><strong>est</strong></span> <span class='ocrx_word' id='word_1_441' title='bbox 2635 3229 2686 3283; x_wconf 90' lang='lat' dir='ltr'><strong>id</strong></span> <span class='ocrx_word' id='word_1_442' title='bbox 2739 3231 2890 3300; x_wconf 85' lang='lat' dir='ltr'><strong>quod</strong></span> <span class='ocrx_word' id='word_1_443' title='bbox 2935 3233 3129 3290; x_wconf 83' lang='lat' dir='ltr'><strong>vides:</strong></span> <span class='ocrx_word' id='word_1_444' title='bbox 3179 3239 3306 3293; x_wconf 86' lang='lat' dir='ltr'><strong>audi</strong></span> <span class='ocrx_word' id='word_1_445' title='bbox 3353 3239 3489 3296; x_wconf 69' lang='lat' dir='ltr'><strong>haec.</strong></span> <span class='ocrx_word' id='word_1_446' title='bbox 3543 3243 3700 3301; x_wconf 89' lang='lat' dir='ltr'><strong>Tunc</strong></span> 
     </span>
    </p>
   </div>
   <div class='ocr_carea' id='block_1_62' title="bbox 416 3292 2009 3404">
    <p class='ocr_par' dir='ltr' id='par_1_62' title="bbox 416 3314 2009 3392">
     <span class='ocr_line' id='line_1_62' title="bbox 416 3314 2009 3392; baseline 0.004 -23"><span class='ocrx_word' id='word_1_447' title='bbox 416 3314 680 3388; x_wconf 74' lang='grc' dir='ltr'>ἐχοντας,</span> <span class='ocrx_word' id='word_1_448' title='bbox 713 3315 810 3370; x_wconf 76' lang='grc' dir='ltr'><strong>καὶ</strong></span> <span class='ocrx_word' id='word_1_449' title='bbox 846 3316 960 3381; x_wconf 73' lang='grc' dir='ltr'>τοῖς</span> <span class='ocrx_word' id='word_1_450' title='bbox 998 3317 1109 3370; x_wconf 70' lang='grc' dir='ltr'>τᾶν</span> <span class='ocrx_word' id='word_1_451' title='bbox 1139 3316 1314 3386; x_wconf 82' lang='grc' dir='ltr'>ἁγίων</span> <span class='ocrx_word' id='word_1_452' title='bbox 1348 3318 1574 3373; x_wconf 79' lang='grc' dir='ltr'>ἐκείνων</span> <span class='ocrx_word' id='word_1_453' title='bbox 1610 3324 1792 3392; x_wconf 79' lang='grc' dir='ltr'>χοροῖς</span> <span class='ocrx_word' id='word_1_454' title='bbox 1822 3323 2009 3378; x_wconf 80' lang='grc' dir='ltr'>διακε-</span> 
     </span>
    </p>
   </div>
   <div class='ocr_carea' id='block_1_63' title="bbox 2113 3292 3699 3404">
    <p class='ocr_par' dir='ltr' id='par_1_63' title="bbox 2113 3319 3699 3404">
     <span class='ocr_line' id='line_1_63' title="bbox 2113 3319 3699 3404; baseline 0.015 -31"><span class='ocrx_word' id='word_1_455' title='bbox 2113 3319 2247 3374; x_wconf 84' lang='lat' dir='ltr'><strong>vidit</strong></span> <span class='ocrx_word' id='word_1_456' title='bbox 2276 3330 2515 3391; x_wconf 87' lang='lat' dir='ltr'><strong>quatuor</strong></span> <span class='ocrx_word' id='word_1_457' title='bbox 2536 3323 2769 3391; x_wconf 84' lang='lat' dir='ltr'><strong>juvenes</strong></span> <span class='ocrx_word' id='word_1_458' title='bbox 2796 3325 3076 3383; x_wconf 85' lang='lat' dir='ltr'><strong>habemtes</strong></span> <span class='ocrx_word' id='word_1_459' title='bbox 3107 3329 3222 3386; x_wconf 86' lang='lat' dir='ltr'><strong>alas</strong></span> <span class='ocrx_word' id='word_1_460' title='bbox 3238 3331 3385 3388; x_wconf 86' lang='lat' dir='ltr'><strong>circa</strong></span> <span class='ocrx_word' id='word_1_461' title='bbox 3415 3334 3699 3404; x_wconf 86' lang='lat' dir='ltr'><strong>humeros,</strong></span> 
     </span>
    </p>
   </div>
   <div class='ocr_carea' id='block_1_64' title="bbox 412 3407 2009 3486">
    <p class='ocr_par' dir='ltr' id='par_1_64' title="bbox 412 3407 2009 3486">
     <span class='ocr_line' id='line_1_64' title="bbox 412 3407 2009 3486; baseline 0.004 -24"><span class='ocrx_word' id='word_1_462' title='bbox 412 3407 749 3479; x_wconf 78' lang='grc' dir='ltr'>λευομένους</span> <span class='ocrx_word' id='word_1_463' title='bbox 797 3411 894 3463; x_wconf 81' lang='grc' dir='ltr'>καὶ</span> <span class='ocrx_word' id='word_1_464' title='bbox 941 3408 1234 3479; x_wconf 81' lang='grc' dir='ltr'>λέγοντας·</span> <span class='ocrx_word' id='word_1_465' title='bbox 1269 3411 1510 3479; x_wconf 78' lang='grc' dir='ltr'>Δέξασθε</span> <span class='ocrx_word' id='word_1_466' title='bbox 1549 3413 1671 3484; x_wconf 82' lang='grc' dir='ltr'>μεθ’</span> <span class='ocrx_word' id='word_1_467' title='bbox 1715 3414 1868 3484; x_wconf 81' lang='grc' dir='ltr'>ὑμῶν</span> <span class='ocrx_word' id='word_1_468' title='bbox 1909 3416 2009 3486; x_wconf 68' lang='grc' dir='ltr'>τὴν</span> 
     </span>
    </p>
   </div>
   <div class='ocr_carea' id='block_1_65' title="bbox 421 3501 2010 3576">
    <p class='ocr_par' dir='ltr' id='par_1_65' title="bbox 421 3501 2010 3576">
     <span class='ocr_line' id='line_1_65' title="bbox 421 3501 2010 3576; baseline 0.001 -18"><span class='ocrx_word' id='word_1_469' title='bbox 421 3503 699 3575; x_wconf 79' lang='grc' dir='ltr'>μακαρίαν</span> <span class='ocrx_word' id='word_1_470' title='bbox 723 3503 930 3575; x_wconf 86' lang='grc' dir='ltr'>ταύτην</span> <span class='ocrx_word' id='word_1_471' title='bbox 959 3501 1141 3575; x_wconf 70' lang='grc' dir='ltr'>ψυχὴν</span> <span class='ocrx_word' id='word_1_472' title='bbox 1162 3546 1178 3572; x_wconf 86' lang='grc'><strong>,</strong></span> <span class='ocrx_word' id='word_1_473' title='bbox 1232 3505 1356 3576; x_wconf 75' lang='grc' dir='ltr'>ἥτις</span> <span class='ocrx_word' id='word_1_474' title='bbox 1397 3506 1530 3576; x_wconf 85' lang='grc' dir='ltr'>ὑμῖν</span> <span class='ocrx_word' id='word_1_475' title='bbox 1583 3506 1757 3561; x_wconf 79' lang='grc' dir='ltr'>πολλὰ</span> <span class='ocrx_word' id='word_1_476' title='bbox 1793 3507 2010 3575; x_wconf 86' lang='grc' dir='ltr'>διεμελ-</span> 
     </span>
    </p>
   </div>
   <div class='ocr_carea' id='block_1_66' title="bbox 417 3593 2008 3667">
    <p class='ocr_par' dir='ltr' id='par_1_66' title="bbox 417 3593 2008 3667">
     <span class='ocr_line' id='line_1_66' title="bbox 417 3593 2008 3667; baseline 0 -19"><span class='ocrx_word' id='word_1_477' title='bbox 417 3593 595 3667; x_wconf 53' lang='lat' dir='ltr'><strong>Mue</strong></span> <span class='ocrx_word' id='word_1_478' title='bbox 647 3594 1036 3667; x_wconf 71' lang='grc' dir='ltr'>μελῳδήματα,</span> <span class='ocrx_word' id='word_1_479' title='bbox 1074 3596 1216 3667; x_wconf 82' lang='grc' dir='ltr'>μετὰ</span> <span class='ocrx_word' id='word_1_480' title='bbox 1247 3594 1342 3649; x_wconf 79' lang='grc' dir='ltr'>καὶ</span> <span class='ocrx_word' id='word_1_481' title='bbox 1380 3593 1472 3648; x_wconf 83' lang='grc' dir='ltr'>τοῦ</span> <span class='ocrx_word' id='word_1_482' title='bbox 1494 3595 1585 3648; x_wconf 74' lang='grc' dir='ltr'><strong>τὸν</strong></span> <span class='ocrx_word' id='word_1_483' title='bbox 1612 3597 1876 3667; x_wconf 78' lang='grc' dir='ltr'>ὑμέτερον</span> <span class='ocrx_word' id='word_1_484' title='bbox 1894 3595 2008 3665; x_wconf 86' lang='grc' dir='ltr'>βίον</span> 
     </span>
    </p>
   </div>
   <div class='ocr_carea' id='block_1_67' title="bbox 417 3687 2011 3762">
    <p class='ocr_par' dir='ltr' id='par_1_67' title="bbox 417 3687 2011 3762">
     <span class='ocr_line' id='line_1_67' title="bbox 417 3687 2011 3762; baseline -0.001 -18"><span class='ocrx_word' id='word_1_485' title='bbox 417 3688 898 3762; x_wconf 55' lang='grc' dir='ltr'>ἀπομιμήσασθαι.</span> <span class='ocrx_word' id='word_1_486' title='bbox 939 3687 1050 3742; x_wconf 78' lang='grc' dir='ltr'><strong>Καὶ</strong></span> <span class='ocrx_word' id='word_1_487' title='bbox 1085 3688 1294 3753; x_wconf 81' lang='grc' dir='ltr'>πάντας</span> <span class='ocrx_word' id='word_1_488' title='bbox 1335 3689 1485 3760; x_wconf 77' lang='grc' dir='ltr'>ἑώρα</span> <span class='ocrx_word' id='word_1_489' title='bbox 1519 3687 1726 3760; x_wconf 86' lang='grc' dir='ltr'>ταύτην</span> <span class='ocrx_word' id='word_1_490' title='bbox 1765 3689 2011 3753; x_wconf 69' lang='grc' dir='ltr'>ἀσπαζοο</span> 
     </span>
    </p>
   </div>
   <div class='ocr_carea' id='block_1_68' title="bbox 418 3779 2006 3855">
    <p class='ocr_par' dir='ltr' id='par_1_68' title="bbox 418 3779 2006 3855">
     <span class='ocr_line' id='line_1_68' title="bbox 418 3779 2006 3855; baseline 0.001 -20"><span class='ocrx_word' id='word_1_491' title='bbox 418 3783 618 3852; x_wconf 70' lang='grc' dir='ltr'>μένους</span> <span class='ocrx_word' id='word_1_492' title='bbox 659 3779 998 3854; x_wconf 66' lang='grc' dir='ltr'>περιχιηιῶς,</span> <span class='ocrx_word' id='word_1_493' title='bbox 1030 3783 1502 3855; x_wconf 73' lang='grc' dir='ltr'>προηγησαμένης</span> <span class='ocrx_word' id='word_1_494' title='bbox 1534 3782 1632 3854; x_wconf 79' lang='grc' dir='ltr'>τῆς</span> <span class='ocrx_word' id='word_1_495' title='bbox 1657 3782 1882 3854; x_wconf 73' lang='grc' dir='ltr'>Μητρὸς</span> <span class='ocrx_word' id='word_1_496' title='bbox 1911 3781 2006 3836; x_wconf 84' lang='grc' dir='ltr'><strong>τοῦ</strong></span> 
     </span>
    </p>
   </div>
   <div class='ocr_carea' id='block_1_69' title="bbox 412 3873 575 3929">
    <p class='ocr_par' dir='ltr' id='par_1_69' title="bbox 412 3873 575 3929">
     <span class='ocr_line' id='line_1_69' title="bbox 412 3873 575 3929; baseline 0.012 -3"><span class='ocrx_word' id='word_1_497' title='bbox 412 3873 575 3929; x_wconf 78' lang='grc' dir='ltr'>Θεοῦ.</span> 
     </span>
    </p>
   </div>
   <div class='ocr_carea' id='block_1_70' title="bbox 483 4143 2006 4218">
    <p class='ocr_par' dir='ltr' id='par_1_70' title="bbox 483 4143 2006 4218">
     <span class='ocr_line' id='line_1_70' title="bbox 483 4143 2006 4218; baseline 0.001 -21"><span class='ocrx_word' id='word_1_498' title='bbox 483 4145 598 4212; x_wconf 81' lang='grc' dir='ltr'>λς’.</span> <span class='ocrx_word' id='word_1_499' title='bbox 642 4143 860 4216; x_wconf 73' lang='grc' dir='ltr'>Ἀμέλει</span> <span class='ocrx_word' id='word_1_500' title='bbox 914 4145 1014 4201; x_wconf 72' lang='grc' dir='ltr'>καὶ</span> <span class='ocrx_word' id='word_1_501' title='bbox 1052 4146 1215 4204; x_wconf 72' lang='grc' dir='ltr'>πάλιν</span> <span class='ocrx_word' id='word_1_502' title='bbox 1245 4145 1550 4218; x_wconf 84' lang='grc' dir='ltr'>διηπόρειὸ</span> <span class='ocrx_word' id='word_1_503' title='bbox 1579 4144 1887 4217; x_wconf 67' lang='grc' dir='ltr'>ἄνθρωπος,</span> <span class='ocrx_word' id='word_1_504' title='bbox 1910 4145 2006 4208; x_wconf 87' lang='grc' dir='ltr'>Τίς</span> 
     </span>
    </p>
   </div>
   <div class='ocr_carea' id='block_1_71' title="bbox 421 4236 2008 4310">
    <p class='ocr_par' dir='ltr' id='par_1_71' title="bbox 421 4236 2008 4310">
     <span class='ocr_line' id='line_1_71' title="bbox 421 4236 2008 4310; baseline 0 -18"><span class='ocrx_word' id='word_1_505' title='bbox 421 4254 555 4292; x_wconf 71' lang='grc' dir='ltr'>ποτε</span> <span class='ocrx_word' id='word_1_506' title='bbox 583 4237 642 4291; x_wconf 80' lang='grc' dir='ltr'><strong>δὲ</strong></span> <span class='ocrx_word' id='word_1_507' title='bbox 672 4237 810 4309; x_wconf 76' lang='grc' dir='ltr'>αὕτη</span> <span class='ocrx_word' id='word_1_508' title='bbox 835 4241 868 4309; x_wconf 83' lang='grc' dir='ltr'><strong>ὴ</strong></span> <span class='ocrx_word' id='word_1_509' title='bbox 901 4238 1172 4310; x_wconf 84' lang='grc' dir='ltr'>τοσαύτης</span> <span class='ocrx_word' id='word_1_510' title='bbox 1196 4238 1295 4310; x_wconf 80' lang='grc' dir='ltr'>τῆς</span> <span class='ocrx_word' id='word_1_511' title='bbox 1315 4236 1474 4310; x_wconf 78' lang='grc' dir='ltr'>δόξης</span> <span class='ocrx_word' id='word_1_512' title='bbox 1499 4239 1880 4304; x_wconf 74' lang='grc' dir='ltr'>ἀπολαϐοῦσα,</span> <span class='ocrx_word' id='word_1_513' title='bbox 1913 4240 2008 4294; x_wconf 79' lang='grc' dir='ltr'>καὶ</span> 
     </span>
    </p>
   </div>
   <div class='ocr_carea' id='block_1_72' title="bbox 419 4327 2016 4400">
    <p class='ocr_par' dir='ltr' id='par_1_72' title="bbox 419 4327 2016 4400">
     <span class='ocr_line' id='line_1_72' title="bbox 419 4327 2016 4400; baseline 0 -18"><span class='ocrx_word' id='word_1_514' title='bbox 419 4331 523 4398; x_wconf 76' lang='grc' dir='ltr'>τῆς</span> <span class='ocrx_word' id='word_1_515' title='bbox 558 4327 704 4398; x_wconf 79' lang='grc' dir='ltr'>ὑπὲρ</span> <span class='ocrx_word' id='word_1_516' title='bbox 747 4327 905 4399; x_wconf 89' lang='grc' dir='ltr'>λόγον</span> <span class='ocrx_word' id='word_1_517' title='bbox 945 4329 1112 4400; x_wconf 83' lang='grc' dir='ltr'>τιμῆς</span> <span class='ocrx_word' id='word_1_518' title='bbox 1139 4345 1156 4395; x_wconf 89' lang='grc'>;</span> <span class='ocrx_word' id='word_1_519' title='bbox 1183 4329 1295 4383; x_wconf 77' lang='grc' dir='ltr'><strong>Καὶ</strong></span> <span class='ocrx_word' id='word_1_520' title='bbox 1339 4330 1532 4385; x_wconf 79' lang='grc' dir='ltr'>ἀκούει</span> <span class='ocrx_word' id='word_1_521' title='bbox 1573 4329 1682 4383; x_wconf 87' lang='grc' dir='ltr'>τῶν</span> <span class='ocrx_word' id='word_1_522' title='bbox 1727 4329 2016 4400; x_wconf 74' lang='grc' dir='ltr'>φερόντων.</span> 
     </span>
    </p>
   </div>
   <div class='ocr_carea' id='block_1_73' title="bbox 419 4414 2009 4494">
    <p class='ocr_par' dir='ltr' id='par_1_73' title="bbox 419 4414 2009 4494">
     <span class='ocr_line' id='line_1_73' title="bbox 419 4414 2009 4494; baseline 0 -20"><span class='ocrx_word' id='word_1_523' title='bbox 419 4421 639 4492; x_wconf 69' lang='lat' dir='ltr'><strong>huiqu</strong></span> <span class='ocrx_word' id='word_1_524' title='bbox 678 4422 927 4491; x_wconf 78' lang='grc' dir='ltr'>ἀγγέλων</span> <span class='ocrx_word' id='word_1_525' title='bbox 951 4420 1258 4494; x_wconf 82' lang='grc' dir='ltr'>διαπρυσίῳ</span> <span class='ocrx_word' id='word_1_526' title='bbox 1293 4425 1478 4494; x_wconf 70' lang='grc' dir='ltr'>φωνῇ·</span> <span class='ocrx_word' id='word_1_527' title='bbox 1511 4414 1680 4485; x_wconf 74' lang='grc' dir='ltr'>Οὗτός</span> <span class='ocrx_word' id='word_1_528' title='bbox 1704 4423 1856 4475; x_wconf 75' lang='grc' dir='ltr'>ἐστιν</span> <span class='ocrx_word' id='word_1_529' title='bbox 1896 4421 2009 4474; x_wconf 86' lang='grc' dir='ltr'><strong>Ἰω-</strong></span> 
     </span>
    </p>
   </div>
   <div class='ocr_carea' id='block_1_74' title="bbox 419 4510 2006 4585">
    <p class='ocr_par' dir='ltr' id='par_1_74' title="bbox 419 4510 2006 4585">
     <span class='ocr_line' id='line_1_74' title="bbox 419 4510 2006 4585; baseline 0.001 -21"><span class='ocrx_word' id='word_1_530' title='bbox 419 4510 554 4582; x_wconf 77' lang='grc' dir='ltr'>σὴφ,</span> <span class='ocrx_word' id='word_1_531' title='bbox 607 4511 807 4585; x_wconf 77' lang='grc' dir='ltr'>Ἰωσὴφ</span> <span class='ocrx_word' id='word_1_532' title='bbox 849 4511 956 4566; x_wconf 83' lang='grc' dir='ltr'><strong>τῶν</strong></span> <span class='ocrx_word' id='word_1_533' title='bbox 1000 4510 1341 4582; x_wconf 81' lang='grc' dir='ltr'>Ἐκκλησιῶν</span> <span class='ocrx_word' id='word_1_534' title='bbox 1371 4514 1403 4583; x_wconf 82' lang='grc' dir='ltr'>ἡ</span> <span class='ocrx_word' id='word_1_535' title='bbox 1434 4513 1760 4583; x_wconf 81' lang='grc' dir='ltr'>εὐπρέπεια,</span> <span class='ocrx_word' id='word_1_536' title='bbox 1779 4511 1838 4576; x_wconf 80' lang='grc' dir='ltr'>ὃς</span> <span class='ocrx_word' id='word_1_537' title='bbox 1865 4512 2006 4566; x_wconf 66' lang='lat' dir='ltr'><strong>d120-</strong></span> 
     </span>
    </p>
   </div>
   <div class='ocr_carea' id='block_1_75' title="bbox 2112 3413 3701 3492">
    <p class='ocr_par' dir='ltr' id='par_1_75' title="bbox 2112 3413 3701 3492">
     <span class='ocr_line' id='line_1_75' title="bbox 2112 3413 3701 3492; baseline 0.011 -25"><span class='ocrx_word' id='word_1_538' title='bbox 2112 3421 2166 3467; x_wconf 86' lang='lat' dir='ltr'><strong>et</strong></span> <span class='ocrx_word' id='word_1_539' title='bbox 2187 3413 2350 3469; x_wconf 80' lang='lat' dir='ltr'><strong>veluti</strong></span> <span class='ocrx_word' id='word_1_540' title='bbox 2383 3413 2620 3484; x_wconf 87' lang='lat' dir='ltr'><strong>puellam</strong></span> <span class='ocrx_word' id='word_1_541' title='bbox 2651 3418 2947 3488; x_wconf 89' lang='lat' dir='ltr'><strong>quamdam</strong></span> <span class='ocrx_word' id='word_1_542' title='bbox 2978 3420 3393 3492; x_wconf 85' lang='lat' dir='ltr'><strong>pulchritudine</strong></span> <span class='ocrx_word' id='word_1_543' title='bbox 3422 3441 3486 3482; x_wconf 89' lang='lat' dir='ltr'><strong>ac</strong></span> <span class='ocrx_word' id='word_1_544' title='bbox 3511 3428 3701 3485; x_wconf 78' lang='lat' dir='ltr'><strong>suavi-</strong></span> 
     </span>
    </p>
   </div>
   <div class='ocr_carea' id='block_1_76' title="bbox 2115 3507 3700 3593">
    <p class='ocr_par' dir='ltr' id='par_1_76' title="bbox 2115 3507 3700 3593">
     <span class='ocr_line' id='line_1_76' title="bbox 2115 3507 3700 3593; baseline 0.014 -35"><span class='ocrx_word' id='word_1_545' title='bbox 2115 3515 2226 3561; x_wconf 86' lang='lat' dir='ltr'><strong>tate</strong></span> <span class='ocrx_word' id='word_1_546' title='bbox 2269 3507 2511 3579; x_wconf 86' lang='lat' dir='ltr'><strong>undique</strong></span> <span class='ocrx_word' id='word_1_547' title='bbox 2557 3510 2841 3579; x_wconf 78' lang='lat' dir='ltr'><strong>perfusam</strong></span> <span class='ocrx_word' id='word_1_548' title='bbox 2887 3521 3140 3571; x_wconf 85' lang='lat' dir='ltr'><strong>tenentes</strong></span> <span class='ocrx_word' id='word_1_549' title='bbox 3184 3514 3239 3569; x_wconf 86' lang='lat' dir='ltr'><strong>in</strong></span> <span class='ocrx_word' id='word_1_550' title='bbox 3290 3518 3493 3586; x_wconf 86' lang='lat' dir='ltr'><strong>medio,</strong></span> <span class='ocrx_word' id='word_1_551' title='bbox 3529 3532 3700 3593; x_wconf 81' lang='lat' dir='ltr'><strong>atque</strong></span> 
     </span>
    </p>
   </div>
   <div class='ocr_carea' id='block_1_77' title="bbox 2109 3599 3692 3676">
    <p class='ocr_par' dir='ltr' id='par_1_77' title="bbox 2109 3599 3692 3676">
     <span class='ocr_line' id='line_1_77' title="bbox 2109 3599 3692 3676; baseline 0.009 -23"><span class='ocrx_word' id='word_1_552' title='bbox 2109 3599 2337 3656; x_wconf 90' lang='lat' dir='ltr'><strong>illorum</strong></span> <span class='ocrx_word' id='word_1_553' title='bbox 2360 3611 2684 3657; x_wconf 87' lang='lat' dir='ltr'><strong>sanctorum</strong></span> <span class='ocrx_word' id='word_1_554' title='bbox 2701 3603 2894 3660; x_wconf 80' lang='lat' dir='ltr'><strong>eboris</strong></span> <span class='ocrx_word' id='word_1_555' title='bbox 2914 3605 3296 3676; x_wconf 69' lang='lat' dir='ltr'><strong>prmcipientes</strong></span> <span class='ocrx_word' id='word_1_556' title='bbox 3318 3624 3382 3665; x_wconf 91' lang='lat' dir='ltr'><strong>ac</strong></span> <span class='ocrx_word' id='word_1_557' title='bbox 3403 3611 3651 3670; x_wconf 84' lang='lat' dir='ltr'><strong>dicentes</strong></span> <span class='ocrx_word' id='word_1_558' title='bbox 3677 3634 3692 3667; x_wconf 87' lang='lat'><strong>:</strong></span> 
     </span>
    </p>
   </div>
   <div class='ocr_carea' id='block_1_78' title="bbox 2112 3691 3698 3778">
    <p class='ocr_par' dir='ltr' id='par_1_78' title="bbox 2112 3691 3698 3778">
     <span class='ocr_line' id='line_1_78' title="bbox 2112 3691 3698 3778; baseline 0.01 -31"><span class='ocrx_word' id='word_1_559' title='bbox 2112 3691 2389 3764; x_wconf 85' lang='lat' dir='ltr'><strong>Suscipite</strong></span> <span class='ocrx_word' id='word_1_560' title='bbox 2432 3694 2717 3751; x_wconf 85' lang='lat' dir='ltr'><strong>vobiscum</strong></span> <span class='ocrx_word' id='word_1_561' title='bbox 2774 3696 2990 3752; x_wconf 84' lang='lat' dir='ltr'><strong>beatam</strong></span> <span class='ocrx_word' id='word_1_562' title='bbox 3044 3697 3189 3754; x_wconf 86' lang='lat' dir='ltr'><strong>hanc</strong></span> <span class='ocrx_word' id='word_1_563' title='bbox 3249 3703 3515 3772; x_wconf 88' lang='lat' dir='ltr'><strong>animam,</strong></span> <span class='ocrx_word' id='word_1_564' title='bbox 3572 3722 3698 3778; x_wconf 75' lang='lat' dir='ltr'><strong>qua:</strong></span> 
     </span>
    </p>
   </div>
   <div class='ocr_carea' id='block_1_79' title="bbox 2112 3785 3693 3866">
    <p class='ocr_par' dir='ltr' id='par_1_79' title="bbox 2112 3785 3693 3866">
     <span class='ocr_line' id='line_1_79' title="bbox 2112 3785 3693 3866; baseline 0.008 -26"><span class='ocrx_word' id='word_1_565' title='bbox 2112 3785 2271 3842; x_wconf 87' lang='lat' dir='ltr'><strong>vobis</strong></span> <span class='ocrx_word' id='word_1_566' title='bbox 2304 3787 2574 3857; x_wconf 89' lang='lat' dir='ltr'><strong>plurimas</strong></span> <span class='ocrx_word' id='word_1_567' title='bbox 2604 3788 2894 3845; x_wconf 81' lang='lat' dir='ltr'><strong>cautiones</strong></span> <span class='ocrx_word' id='word_1_568' title='bbox 2923 3791 3253 3848; x_wconf 79' lang='lat' dir='ltr'><strong>suavissime</strong></span> <span class='ocrx_word' id='word_1_569' title='bbox 3283 3794 3564 3852; x_wconf 88' lang='lat' dir='ltr'><strong>modulata</strong></span> <span class='ocrx_word' id='word_1_570' title='bbox 3589 3811 3693 3866; x_wconf 87' lang='lat' dir='ltr'><strong>est,</strong></span> 
     </span>
    </p>
   </div>
   <div class='ocr_carea' id='block_1_80' title="bbox 2113 3877 3695 3949">
    <p class='ocr_par' dir='ltr' id='par_1_80' title="bbox 2113 3877 3695 3949">
     <span class='ocr_line' id='line_1_80' title="bbox 2113 3877 3695 3949; baseline 0.009 -17"><span class='ocrx_word' id='word_1_571' title='bbox 2113 3886 2463 3949; x_wconf 80' lang='lat' dir='ltr'><strong>vestramque</strong></span> <span class='ocrx_word' id='word_1_572' title='bbox 2512 3877 2682 3934; x_wconf 83' lang='lat' dir='ltr'><strong>vitam</strong></span> <span class='ocrx_word' id='word_1_573' title='bbox 2731 3879 2944 3935; x_wconf 88' lang='lat' dir='ltr'><strong>imitata</strong></span> <span class='ocrx_word' id='word_1_574' title='bbox 2986 3891 3092 3938; x_wconf 88' lang='lat' dir='ltr'><strong>est.</strong></span> <span class='ocrx_word' id='word_1_575' title='bbox 3144 3883 3212 3939; x_wconf 88' lang='lat' dir='ltr'><strong>Et</strong></span> <span class='ocrx_word' id='word_1_576' title='bbox 3252 3885 3421 3942; x_wconf 85' lang='lat' dir='ltr'><strong>simul</strong></span> <span class='ocrx_word' id='word_1_577' title='bbox 3469 3887 3695 3947; x_wconf 88' lang='lat' dir='ltr'><strong>videbat</strong></span> 
     </span>
    </p>
   </div>
   <div class='ocr_carea' id='block_1_81' title="bbox 2113 3972 3692 4051">
    <p class='ocr_par' dir='ltr' id='par_1_81' title="bbox 2113 3972 3692 4051">
     <span class='ocr_line' id='line_1_81' title="bbox 2113 3972 3692 4051; baseline 0.008 -25"><span class='ocrx_word' id='word_1_578' title='bbox 2113 3972 2233 4028; x_wconf 87' lang='lat' dir='ltr'><strong>illos</strong></span> <span class='ocrx_word' id='word_1_579' title='bbox 2276 3987 2489 4028; x_wconf 82' lang='lat' dir='ltr'><strong>omnes&#39;</strong></span> <span class='ocrx_word' id='word_1_580' title='bbox 2514 3984 2636 4027; x_wconf 90' lang='lat' dir='ltr'><strong>eam</strong></span> <span class='ocrx_word' id='word_1_581' title='bbox 2669 3973 3045 4045; x_wconf 78' lang='lat' dir='ltr'><strong>amplexantes</strong></span> <span class='ocrx_word' id='word_1_582' title='bbox 3087 3991 3281 4048; x_wconf 79' lang='lat' dir='ltr'><strong>magna</strong></span> <span class='ocrx_word' id='word_1_583' title='bbox 3316 3993 3444 4034; x_wconf 91' lang='lat' dir='ltr'><strong>cum</strong></span> <span class='ocrx_word' id='word_1_584' title='bbox 3485 3981 3692 4051; x_wconf 61' lang='lat' dir='ltr'><strong>laetitia,</strong></span> 
     </span>
    </p>
   </div>
   <div class='ocr_carea' id='block_1_82' title="bbox 2114 4062 3353 4137">
    <p class='ocr_par' dir='ltr' id='par_1_82' title="bbox 2114 4062 3353 4137">
     <span class='ocr_line' id='line_1_82' title="bbox 2114 4062 3353 4137; baseline 0.01 -22"><span class='ocrx_word' id='word_1_585' title='bbox 2114 4062 2283 4118; x_wconf 78' lang='lat' dir='ltr'><strong>Matre</strong></span> <span class='ocrx_word' id='word_1_586' title='bbox 2313 4062 2402 4118; x_wconf 90' lang='lat' dir='ltr'><strong>Dei</strong></span> <span class='ocrx_word' id='word_1_587' title='bbox 2438 4065 2774 4136; x_wconf 87' lang='lat' dir='ltr'><strong>principium</strong></span> <span class='ocrx_word' id='word_1_588' title='bbox 2813 4066 2977 4137; x_wconf 86' lang='lat' dir='ltr'><strong>hujus</strong></span> <span class='ocrx_word' id='word_1_589' title='bbox 3006 4070 3081 4123; x_wconf 89' lang='lat' dir='ltr'><strong>rei</strong></span> <span class='ocrx_word' id='word_1_590' title='bbox 3115 4068 3353 4128; x_wconf 71' lang='lat' dir='ltr'><strong>faciente</strong></span> 
     </span>
    </p>
   </div>
   <div class='ocr_carea' id='block_1_83' title="bbox 2183 4156 3694 4236">
    <p class='ocr_par' dir='ltr' id='par_1_83' title="bbox 2183 4156 3694 4236">
     <span class='ocr_line' id='line_1_83' title="bbox 2183 4156 3694 4236; baseline 0.011 -25"><span class='ocrx_word' id='word_1_591' title='bbox 2183 4156 2276 4212; x_wconf 77' lang='lat'><strong>56.</strong></span> <span class='ocrx_word' id='word_1_592' title='bbox 2315 4157 2489 4214; x_wconf 83' lang='lat' dir='ltr'><strong>Porro</strong></span> <span class='ocrx_word' id='word_1_593' title='bbox 2519 4175 2738 4215; x_wconf 84' lang='lat' dir='ltr'><strong>rursum</strong></span> <span class='ocrx_word' id='word_1_594' title='bbox 2780 4161 2948 4216; x_wconf 88' lang='lat' dir='ltr'><strong>homo</strong></span> <span class='ocrx_word' id='word_1_595' title='bbox 2979 4163 3147 4233; x_wconf 71' lang='lat' dir='ltr'><strong>coepit</strong></span> <span class='ocrx_word' id='word_1_596' title='bbox 3182 4165 3481 4236; x_wconf 73' lang='lat' dir='ltr'><strong>ambigere,</strong></span> <span class='ocrx_word' id='word_1_597' title='bbox 3509 4184 3572 4225; x_wconf 87' lang='lat' dir='ltr'><strong>ac</strong></span> <span class='ocrx_word' id='word_1_598' title='bbox 3605 4185 3694 4227; x_wconf 82' lang='lat' dir='ltr'><strong>se-</strong></span> 
     </span>
    </p>
   </div>
   <div class='ocr_carea' id='block_1_84' title="bbox 2111 4250 3692 4325">
    <p class='ocr_par' dir='ltr' id='par_1_84' title="bbox 2111 4250 3692 4325">
     <span class='ocr_line' id='line_1_84' title="bbox 2111 4250 3692 4325; baseline 0.007 -20"><span class='ocrx_word' id='word_1_599' title='bbox 2111 4266 2241 4305; x_wconf 84' lang='lat' dir='ltr'><strong>cum</strong></span> <span class='ocrx_word' id='word_1_600' title='bbox 2276 4251 2521 4321; x_wconf 88' lang='lat' dir='ltr'><strong>colloqui</strong></span> <span class='ocrx_word' id='word_1_601' title='bbox 2548 4269 2561 4304; x_wconf 89' lang='lat'><strong>:</strong></span> <span class='ocrx_word' id='word_1_602' title='bbox 2590 4250 2854 4318; x_wconf 62' lang='lat' dir='ltr'><strong>Quaenam</strong></span> <span class='ocrx_word' id='word_1_603' title='bbox 2889 4252 3004 4310; x_wconf 73' lang='lat' dir='ltr'><strong>haec</strong></span> <span class='ocrx_word' id='word_1_604' title='bbox 3030 4263 3134 4320; x_wconf 87' lang='lat' dir='ltr'><strong>est,</strong></span> <span class='ocrx_word' id='word_1_605' title='bbox 3163 4270 3286 4325; x_wconf 67' lang='lat' dir='ltr'><strong>quae</strong></span> <span class='ocrx_word' id='word_1_606' title='bbox 3317 4266 3462 4314; x_wconf 89' lang='lat' dir='ltr'><strong>tanta</strong></span> <span class='ocrx_word' id='word_1_607' title='bbox 3489 4257 3692 4316; x_wconf 82' lang='lat' dir='ltr'><strong>fruitur</strong></span> 
     </span>
    </p>
   </div>
   <div class='ocr_carea' id='block_1_85' title="bbox 2117 4341 3690 4421">
    <p class='ocr_par' dir='ltr' id='par_1_85' title="bbox 2117 4341 3690 4421">
     <span class='ocr_line' id='line_1_85' title="bbox 2117 4341 3690 4421; baseline 0.008 -28"><span class='ocrx_word' id='word_1_608' title='bbox 2117 4341 2292 4410; x_wconf 76' lang='lat' dir='ltr'><strong>gloria</strong></span> <span class='ocrx_word' id='word_1_609' title='bbox 2323 4351 2491 4412; x_wconf 88' lang='lat' dir='ltr'><strong>atque</strong></span> <span class='ocrx_word' id='word_1_610' title='bbox 2532 4341 2792 4397; x_wconf 80' lang='lat' dir='ltr'><strong>inell&#39;abili</strong></span> <span class='ocrx_word' id='word_1_611' title='bbox 2830 4342 3070 4398; x_wconf 79' lang='lat' dir='ltr'><strong>honore?</strong></span> <span class='ocrx_word' id='word_1_612' title='bbox 3099 4344 3433 4416; x_wconf 80' lang='lat' dir='ltr'><strong>Audivitque</strong></span> <span class='ocrx_word' id='word_1_613' title='bbox 3468 4351 3690 4421; x_wconf 85' lang='lat' dir='ltr'><strong>angelus</strong></span> 
     </span>
    </p>
   </div>
   <div class='ocr_carea' id='block_1_86' title="bbox 2113 4433 3694 4508">
    <p class='ocr_par' dir='ltr' id='par_1_86' title="bbox 2113 4433 3694 4508">
     <span class='ocr_line' id='line_1_86' title="bbox 2113 4433 3694 4508; baseline 0.009 -23"><span class='ocrx_word' id='word_1_614' title='bbox 2113 4433 2289 4505; x_wconf 83' lang='lat' dir='ltr'><strong>ipsam</strong></span> <span class='ocrx_word' id='word_1_615' title='bbox 2321 4433 2560 4490; x_wconf 79' lang='lat' dir='ltr'><strong>ferentes</strong></span> <span class='ocrx_word' id='word_1_616' title='bbox 2602 4435 2784 4490; x_wconf 87' lang='lat' dir='ltr'><strong>dicere</strong></span> <span class='ocrx_word' id='word_1_617' title='bbox 2815 4434 2919 4490; x_wconf 84' lang='lat' dir='ltr'><strong>sibi</strong></span> <span class='ocrx_word' id='word_1_618' title='bbox 2952 4450 3085 4490; x_wconf 79' lang='lat' dir='ltr'><strong>voce</strong></span> <span class='ocrx_word' id='word_1_619' title='bbox 3119 4438 3444 4508; x_wconf 85' lang='lat' dir='ltr'><strong>perspicua:</strong></span> <span class='ocrx_word' id='word_1_620' title='bbox 3479 4437 3577 4497; x_wconf 87' lang='lat' dir='ltr'><strong>Hic</strong></span> <span class='ocrx_word' id='word_1_621' title='bbox 3604 4454 3694 4499; x_wconf 86' lang='lat' dir='ltr'><strong>est</strong></span> 
     </span>
    </p>
   </div>
   <div class='ocr_carea' id='block_1_87' title="bbox 2109 4523 3688 4601">
    <p class='ocr_par' dir='ltr' id='par_1_87' title="bbox 2109 4523 3688 4601">
     <span class='ocr_line' id='line_1_87' title="bbox 2109 4523 3688 4601; baseline 0.006 -22"><span class='ocrx_word' id='word_1_622' title='bbox 2109 4523 2335 4597; x_wconf 80' lang='lat' dir='ltr'><strong>Joseph,</strong></span> <span class='ocrx_word' id='word_1_623' title='bbox 2363 4526 2565 4597; x_wconf 74' lang='lat' dir='ltr'><strong>loseph</strong></span> <span class='ocrx_word' id='word_1_624' title='bbox 2601 4527 2974 4583; x_wconf 86' lang='lat' dir='ltr'><strong>Ecclesiarum</strong></span> <span class='ocrx_word' id='word_1_625' title='bbox 3006 4530 3172 4584; x_wconf 85' lang='lat' dir='ltr'><strong>decus</strong></span> <span class='ocrx_word' id='word_1_626' title='bbox 3203 4540 3257 4584; x_wconf 87' lang='lat' dir='ltr'><strong>et</strong></span> <span class='ocrx_word' id='word_1_627' title='bbox 3281 4542 3688 4601; x_wconf 89' lang='lat' dir='ltr'><strong>ornamentum,</strong></span> 
     </span>
    </p>
   </div>
   <div class='ocr_carea' id='block_1_88' title="bbox 421 4602 2009 4698">
    <p class='ocr_par' dir='ltr' id='par_1_88' title="bbox 421 4602 2005 4678">
     <span class='ocr_line' id='line_1_88' title="bbox 421 4602 2005 4678; baseline -0.001 -18"><span class='ocrx_word' id='word_1_628' title='bbox 421 4606 624 4663; x_wconf 83' lang='grc' dir='ltr'>στόλων</span> <span class='ocrx_word' id='word_1_629' title='bbox 651 4606 743 4660; x_wconf 73' lang='grc' dir='ltr'>τὸν</span> <span class='ocrx_word' id='word_1_630' title='bbox 768 4602 884 4677; x_wconf 83' lang='grc' dir='ltr'>βίον</span> <span class='ocrx_word' id='word_1_631' title='bbox 904 4607 998 4660; x_wconf 77' lang='grc' dir='ltr'>καὶ</span> <span class='ocrx_word' id='word_1_632' title='bbox 1027 4605 1137 4660; x_wconf 83' lang='grc' dir='ltr'>τῶν</span> <span class='ocrx_word' id='word_1_633' title='bbox 1172 4605 1467 4678; x_wconf 83' lang='grc' dir='ltr'>μαρτύρων</span> <span class='ocrx_word' id='word_1_634' title='bbox 1496 4607 1555 4659; x_wconf 81' lang='grc' dir='ltr'>ὲν</span> <span class='ocrx_word' id='word_1_635' title='bbox 1581 4605 1680 4677; x_wconf 84' lang='grc' dir='ltr'>βίῳ</span> <span class='ocrx_word' id='word_1_636' title='bbox 1703 4605 1886 4666; x_wconf 84' lang='grc' dir='ltr'>καλῶς</span> <span class='ocrx_word' id='word_1_637' title='bbox 1913 4623 2005 4678; x_wconf 78' lang='grc' dir='ltr'>μι-</span> 
     </span>
    </p>
   </div>
   <div class='ocr_carea' id='block_1_89' title="bbox 2113 4602 3689 4698">
    <p class='ocr_par' dir='ltr' id='par_1_89' title="bbox 2113 4619 3689 4698">
     <span class='ocr_line' id='line_1_89' title="bbox 2113 4619 3689 4698; baseline 0.007 -26"><span class='ocrx_word' id='word_1_638' title='bbox 2113 4619 2206 4689; x_wconf 86' lang='lat' dir='ltr'><strong>qui</strong></span> <span class='ocrx_word' id='word_1_639' title='bbox 2243 4621 2618 4692; x_wconf 84' lang='lat' dir='ltr'><strong>apostolorum</strong></span> <span class='ocrx_word' id='word_1_640' title='bbox 2656 4636 2721 4676; x_wconf 88' lang='lat' dir='ltr'><strong>ac</strong></span> <span class='ocrx_word' id='word_1_641' title='bbox 2753 4633 3056 4692; x_wconf 83' lang='lat' dir='ltr'><strong>martyrum</strong></span> <span class='ocrx_word' id='word_1_642' title='bbox 3090 4622 3255 4677; x_wconf 82' lang='lat' dir='ltr'><strong>vitam</strong></span> <span class='ocrx_word' id='word_1_643' title='bbox 3285 4624 3392 4679; x_wconf 88' lang='lat' dir='ltr'><strong>vita</strong></span> <span class='ocrx_word' id='word_1_644' title='bbox 3418 4640 3516 4682; x_wconf 85' lang='lat' dir='ltr'><strong>sua</strong></span> <span class='ocrx_word' id='word_1_645' title='bbox 3548 4642 3689 4698; x_wconf 70' lang='lat' dir='ltr'><strong>prae-</strong></span> 
     </span>
    </p>
   </div>
   <div class='ocr_carea' id='block_1_90' title="bbox 421 4699 1998 4777">
    <p class='ocr_par' dir='ltr' id='par_1_90' title="bbox 421 4699 1998 4777">
     <span class='ocr_line' id='line_1_90' title="bbox 421 4699 1998 4777; baseline -0.001 -23"><span class='ocrx_word' id='word_1_646' title='bbox 421 4701 761 4777; x_wconf 83' lang='grc' dir='ltr'>μησάμενος,</span> <span class='ocrx_word' id='word_1_647' title='bbox 791 4700 928 4755; x_wconf 80' lang='grc' dir='ltr'>ἀλλὰ</span> <span class='ocrx_word' id='word_1_648' title='bbox 965 4701 1061 4754; x_wconf 80' lang='grc' dir='ltr'>καὶ</span> <span class='ocrx_word' id='word_1_649' title='bbox 1101 4699 1311 4763; x_wconf 83' lang='grc' dir='ltr'>πάντας</span> <span class='ocrx_word' id='word_1_650' title='bbox 1342 4700 1583 4771; x_wconf 76' lang='grc' dir='ltr'>τιμήσας</span> <span class='ocrx_word' id='word_1_651' title='bbox 1614 4701 1683 4770; x_wconf 74' lang='grc' dir='ltr'>τῇ</span> <span class='ocrx_word' id='word_1_652' title='bbox 1736 4699 1998 4774; x_wconf 83' lang='grc' dir='ltr'>δεδομένῃ</span> 
     </span>
    </p>
   </div>
   <div class='ocr_carea' id='block_1_91' title="bbox 415 4792 2002 4867">
    <p class='ocr_par' dir='ltr' id='par_1_91' title="bbox 415 4792 2002 4867">
     <span class='ocr_line' id='line_1_91' title="bbox 415 4792 2002 4867; baseline -0.002 -17"><span class='ocrx_word' id='word_1_653' title='bbox 415 4796 595 4867; x_wconf 80' lang='grc' dir='ltr'>τούτῳ</span> <span class='ocrx_word' id='word_1_654' title='bbox 621 4793 774 4867; x_wconf 76' lang='grc' dir='ltr'>παρὰ</span> <span class='ocrx_word' id='word_1_655' title='bbox 791 4792 888 4850; x_wconf 80' lang='grc' dir='ltr'><strong>τοῦ</strong></span> <span class='ocrx_word' id='word_1_656' title='bbox 923 4792 1244 4864; x_wconf 84' lang='grc' dir='ltr'>Πνεύματος</span> <span class='ocrx_word' id='word_1_657' title='bbox 1266 4792 1473 4862; x_wconf 81' lang='grc' dir='ltr'>χάριτι,</span> <span class='ocrx_word' id='word_1_658' title='bbox 1520 4793 1744 4864; x_wconf 75' lang='grc' dir='ltr'>ᾄσματα</span> <span class='ocrx_word' id='word_1_659' title='bbox 1793 4811 1852 4846; x_wconf 90' lang='grc' dir='ltr'><strong>τε</strong></span> <span class='ocrx_word' id='word_1_660' title='bbox 1881 4793 2002 4849; x_wconf 77' lang='grc' dir='ltr'>Θεία</span> 
     </span>
    </p>
   </div>
   <div class='ocr_carea' id='block_1_92' title="bbox 414 4884 2004 4958">
    <p class='ocr_par' dir='ltr' id='par_1_92' title="bbox 414 4884 2004 4958">
     <span class='ocr_line' id='line_1_92' title="bbox 414 4884 2004 4958; baseline -0.001 -17"><span class='ocrx_word' id='word_1_661' title='bbox 414 4889 627 4952; x_wconf 85' lang='grc' dir='ltr'>τούτοις</span> <span class='ocrx_word' id='word_1_662' title='bbox 651 4885 820 4954; x_wconf 81' lang='grc' dir='ltr'>ἀξίως</span> <span class='ocrx_word' id='word_1_663' title='bbox 844 4886 944 4958; x_wconf 81' lang='grc' dir='ltr'>τῆς</span> <span class='ocrx_word' id='word_1_664' title='bbox 978 4885 1184 4949; x_wconf 77' lang='grc' dir='ltr'>οἰκείας</span> <span class='ocrx_word' id='word_1_665' title='bbox 1215 4884 1407 4956; x_wconf 76' lang='grc' dir='ltr'>σοφίας</span> <span class='ocrx_word' id='word_1_666' title='bbox 1452 4887 1546 4939; x_wconf 71' lang='grc' dir='ltr'>καὶ</span> <span class='ocrx_word' id='word_1_667' title='bbox 1593 4884 1846 4954; x_wconf 71' lang='grc' dir='ltr'>γνώσεως</span> <span class='ocrx_word' id='word_1_668' title='bbox 1876 4885 2004 4942; x_wconf 84' lang='grc' dir='ltr'><strong>πλέ-</strong></span> 
     </span>
    </p>
   </div>
   <div class='ocr_carea' id='block_1_93' title="bbox 418 4976 2002 5058">
    <p class='ocr_par' dir='ltr' id='par_1_93' title="bbox 418 4976 2002 5058">
     <span class='ocr_line' id='line_1_93' title="bbox 418 4976 2002 5058; baseline -0.002 -19"><span class='ocrx_word' id='word_1_669' title='bbox 418 4986 539 5052; x_wconf 79' lang='grc' dir='ltr'>ξας,</span> <span class='ocrx_word' id='word_1_670' title='bbox 575 4984 726 5058; x_wconf 84' lang='grc' dir='ltr'>παρὰ</span> <span class='ocrx_word' id='word_1_671' title='bbox 755 4982 965 5038; x_wconf 84' lang='grc' dir='ltr'>τούτων</span> <span class='ocrx_word' id='word_1_672' title='bbox 986 4976 1142 5046; x_wconf 77' lang='grc' dir='ltr'>αὖθις</span> <span class='ocrx_word' id='word_1_673' title='bbox 1179 4981 1554 5052; x_wconf 64' lang='grc' dir='ltr'>ἀντιτιμᾶται,</span> <span class='ocrx_word' id='word_1_674' title='bbox 1590 4979 1793 5053; x_wconf 87' lang='grc' dir='ltr'>ταύτην</span> <span class='ocrx_word' id='word_1_675' title='bbox 1831 4981 2002 5036; x_wconf 82' lang='grc' dir='ltr'>ὑπαν-</span> 
     </span>
    </p>
   </div>
   <div class='ocr_carea' id='block_1_94' title="bbox 417 5073 2001 5152">
    <p class='ocr_par' dir='ltr' id='par_1_94' title="bbox 417 5073 2001 5152">
     <span class='ocr_line' id='line_1_94' title="bbox 417 5073 2001 5152; baseline -0.003 -18"><span class='ocrx_word' id='word_1_676' title='bbox 417 5081 515 5152; x_wconf 80' lang='grc' dir='ltr'>τὴν</span> <span class='ocrx_word' id='word_1_677' title='bbox 542 5079 678 5150; x_wconf 74' lang='grc' dir='ltr'>πρὸς</span> <span class='ocrx_word' id='word_1_678' title='bbox 711 5077 978 5150; x_wconf 78' lang='grc' dir='ltr'>οὐρανοὺς</span> <span class='ocrx_word' id='word_1_679' title='bbox 1007 5077 1331 5146; x_wconf 85' lang='grc' dir='ltr'>είσιτήριον,</span> <span class='ocrx_word' id='word_1_680' title='bbox 1368 5073 1512 5130; x_wconf 80' lang='grc' dir='ltr'>οὕτω</span> <span class='ocrx_word' id='word_1_681' title='bbox 1542 5073 1680 5130; x_wconf 85' lang='grc' dir='ltr'><strong>Θεοῦ</strong></span> <span class='ocrx_word' id='word_1_682' title='bbox 1712 5073 2001 5142; x_wconf 76' lang='grc' dir='ltr'>διατάξαν-</span> 
     </span>
    </p>
   </div>
   <div class='ocr_carea' id='block_1_95' title="bbox 414 5168 2000 5244">
    <p class='ocr_par' dir='ltr' id='par_1_95' title="bbox 414 5168 2000 5244">
     <span class='ocr_line' id='line_1_95' title="bbox 414 5168 2000 5244; baseline -0.001 -18"><span class='ocrx_word' id='word_1_683' title='bbox 414 5190 528 5240; x_wconf 88' lang='grc' dir='ltr'>τος,</span> <span class='ocrx_word' id='word_1_684' title='bbox 583 5172 669 5226; x_wconf 77' lang='grc' dir='ltr'>ἵνα</span> <span class='ocrx_word' id='word_1_685' title='bbox 698 5173 890 5244; x_wconf 71' lang='grc' dir='ltr'>μηδεὶς</span> <span class='ocrx_word' id='word_1_686' title='bbox 934 5170 1042 5226; x_wconf 83' lang='grc' dir='ltr'><strong>τῶν</strong></span> <span class='ocrx_word' id='word_1_687' title='bbox 1087 5171 1183 5224; x_wconf 82' lang='grc' dir='ltr'><strong>ἀπ’</strong></span> <span class='ocrx_word' id='word_1_688' title='bbox 1231 5169 1427 5234; x_wconf 84' lang='grc' dir='ltr'>αἰῶνος</span> <span class='ocrx_word' id='word_1_689' title='bbox 1472 5168 1646 5239; x_wconf 83' lang='grc' dir='ltr'>ἁγίων</span> <span class='ocrx_word' id='word_1_690' title='bbox 1678 5169 1816 5242; x_wconf 78' lang='grc' dir='ltr'>ἀπῇ,</span> <span class='ocrx_word' id='word_1_691' title='bbox 1858 5169 2000 5224; x_wconf 81' lang='grc' dir='ltr'>ὥστε</span> 
     </span>
    </p>
   </div>
   <div class='ocr_carea' id='block_1_96' title="bbox 419 5260 2001 5336">
    <p class='ocr_par' dir='ltr' id='par_1_96' title="bbox 419 5260 2001 5336">
     <span class='ocr_line' id='line_1_96' title="bbox 419 5260 2001 5336; baseline -0.003 -18"><span class='ocrx_word' id='word_1_692' title='bbox 419 5267 626 5327; x_wconf 75' lang='grc' dir='ltr'>πάντας</span> <span class='ocrx_word' id='word_1_693' title='bbox 658 5263 794 5334; x_wconf 80' lang='grc' dir='ltr'>ὁμοῦ</span> <span class='ocrx_word' id='word_1_694' title='bbox 835 5260 1242 5336; x_wconf 75' lang='grc' dir='ltr'>συνδραμόντας</span> <span class='ocrx_word' id='word_1_695' title='bbox 1275 5262 1490 5316; x_wconf 79' lang='grc' dir='ltr'>τελέσαι</span> <span class='ocrx_word' id='word_1_696' title='bbox 1519 5263 1613 5315; x_wconf 81' lang='grc' dir='ltr'>τὸν</span> <span class='ocrx_word' id='word_1_697' title='bbox 1645 5260 2001 5333; x_wconf 78' lang='grc' dir='ltr'>ὲπιὸατήριον</span> 
     </span>
    </p>
   </div>
   <div class='ocr_carea' id='block_1_97' title="bbox 419 5353 2001 5428">
    <p class='ocr_par' dir='ltr' id='par_1_97' title="bbox 419 5353 2001 5428">
     <span class='ocr_line' id='line_1_97' title="bbox 419 5353 2001 5428; baseline 0.002 -23"><span class='ocrx_word' id='word_1_698' title='bbox 419 5355 500 5425; x_wconf 81' lang='grc' dir='ltr'>τῷ</span> <span class='ocrx_word' id='word_1_699' title='bbox 525 5356 757 5423; x_wconf 80' lang='grc' dir='ltr'>γενναίῳ</span> <span class='ocrx_word' id='word_1_700' title='bbox 787 5355 960 5428; x_wconf 87' lang='grc' dir='ltr'>τούτῳ</span> <span class='ocrx_word' id='word_1_701' title='bbox 982 5356 1198 5428; x_wconf 73' lang='grc' dir='ltr'>ζηλωτῇ</span> <span class='ocrx_word' id='word_1_702' title='bbox 1226 5372 1285 5408; x_wconf 89' lang='grc' dir='ltr'><strong>τε</strong></span> <span class='ocrx_word' id='word_1_703' title='bbox 1309 5358 1402 5408; x_wconf 83' lang='grc' dir='ltr'>καὶ</span> <span class='ocrx_word' id='word_1_704' title='bbox 1429 5357 1662 5426; x_wconf 76' lang='grc' dir='ltr'>μιμητῇ.</span> <span class='ocrx_word' id='word_1_705' title='bbox 1709 5353 1868 5408; x_wconf 73' lang='grc' dir='ltr'>Ἀλλὰ</span> <span class='ocrx_word' id='word_1_706' title='bbox 1894 5355 2001 5426; x_wconf 80' lang='grc' dir='ltr'>γὰρ</span> 
     </span>
    </p>
   </div>
   <div class='ocr_carea' id='block_1_98' title="bbox 419 5445 2002 5517">
    <p class='ocr_par' dir='ltr' id='par_1_98' title="bbox 419 5445 2002 5517">
     <span class='ocr_line' id='line_1_98' title="bbox 419 5445 2002 5517; baseline 0 -19"><span class='ocrx_word' id='word_1_707' title='bbox 419 5449 518 5498; x_wconf 69' lang='grc' dir='ltr'>καὶ</span> <span class='ocrx_word' id='word_1_708' title='bbox 549 5445 630 5499; x_wconf 69' lang='grc' dir='ltr'>ἔτι</span> <span class='ocrx_word' id='word_1_709' title='bbox 685 5445 851 5515; x_wconf 77' lang='grc' dir='ltr'>βλέπε</span> <span class='ocrx_word' id='word_1_710' title='bbox 900 5449 995 5501; x_wconf 73' lang='grc' dir='ltr'>καὶ</span> <span class='ocrx_word' id='word_1_711' title='bbox 1047 5449 1116 5502; x_wconf 84' lang='grc' dir='ltr'><strong>τὰ</strong></span> <span class='ocrx_word' id='word_1_712' title='bbox 1149 5447 1354 5501; x_wconf 89' lang='grc' dir='ltr'>τούτων</span> <span class='ocrx_word' id='word_1_713' title='bbox 1405 5445 1854 5517; x_wconf 81' lang='grc' dir='ltr'>παραδοξότατα·</span> <span class='ocrx_word' id='word_1_714' title='bbox 1908 5450 2002 5500; x_wconf 74' lang='grc' dir='ltr'>καὶ</span> 
     </span>
    </p>
   </div>
   <div class='ocr_carea' id='block_1_99' title="bbox 421 5535 2002 5610">
    <p class='ocr_par' dir='ltr' id='par_1_99' title="bbox 421 5535 2002 5610">
     <span class='ocr_line' id='line_1_99' title="bbox 421 5535 2002 5610; baseline 0.001 -17"><span class='ocrx_word' id='word_1_715' title='bbox 421 5535 544 5610; x_wconf 69' lang='grc' dir='ltr'><strong>ἃμα</strong></span> <span class='ocrx_word' id='word_1_716' title='bbox 569 5537 776 5607; x_wconf 76' lang='grc' dir='ltr'>ἔλεγον,</span> <span class='ocrx_word' id='word_1_717' title='bbox 803 5543 900 5593; x_wconf 73' lang='grc' dir='ltr'>καὶ</span> <span class='ocrx_word' id='word_1_718' title='bbox 925 5540 1050 5605; x_wconf 80' lang='grc' dir='ltr'>ὅλος</span> <span class='ocrx_word' id='word_1_719' title='bbox 1077 5540 1307 5610; x_wconf 61' lang='grc' dir='ltr'>οὐρανός</span> <span class='ocrx_word' id='word_1_720' title='bbox 1352 5540 1670 5607; x_wconf 77' lang='grc' dir='ltr'>ἐξεκένωτο,</span> <span class='ocrx_word' id='word_1_721' title='bbox 1697 5540 1792 5592; x_wconf 78' lang='grc' dir='ltr'>καὶ</span> <span class='ocrx_word' id='word_1_722' title='bbox 1819 5539 2002 5605; x_wconf 79' lang='grc' dir='ltr'>τάξεις</span> 
     </span>
    </p>
   </div>
   <div class='ocr_carea' id='block_1_100' title="bbox 422 5628 2003 5703">
    <p class='ocr_par' dir='ltr' id='par_1_100' title="bbox 422 5628 2003 5703">
     <span class='ocr_line' id='line_1_100' title="bbox 422 5628 2003 5703; baseline 0.001 -18"><span class='ocrx_word' id='word_1_723' title='bbox 422 5631 598 5685; x_wconf 74' lang='grc' dir='ltr'>πᾶσαι</span> <span class='ocrx_word' id='word_1_724' title='bbox 628 5628 736 5683; x_wconf 87' lang='grc' dir='ltr'><strong>τῶν</strong></span> <span class='ocrx_word' id='word_1_725' title='bbox 773 5629 1043 5699; x_wconf 79' lang='grc' dir='ltr'>οὐρανίων</span> <span class='ocrx_word' id='word_1_726' title='bbox 1090 5632 1399 5703; x_wconf 81' lang='grc' dir='ltr'>δυνάμεων,</span> <span class='ocrx_word' id='word_1_727' title='bbox 1439 5633 1676 5702; x_wconf 68' lang='grc' dir='ltr'>ἐντίμως</span> <span class='ocrx_word' id='word_1_728' title='bbox 1716 5633 1857 5702; x_wconf 84' lang='grc' dir='ltr'>ἄγαν</span> <span class='ocrx_word' id='word_1_729' title='bbox 1910 5635 2003 5689; x_wconf 80' lang='grc' dir='ltr'>καὶ</span> 
     </span>
    </p>
   </div>
   <div class='ocr_carea' id='block_1_101' title="bbox 419 5720 2003 5802">
    <p class='ocr_par' dir='ltr' id='par_1_101' title="bbox 419 5720 2003 5802">
     <span class='ocr_line' id='line_1_101' title="bbox 419 5720 2003 5802; baseline 0.003 -24"><span class='ocrx_word' id='word_1_730' title='bbox 419 5721 667 5787; x_wconf 69' lang='grc' dir='ltr'>εὐλαϐῶς</span> <span class='ocrx_word' id='word_1_731' title='bbox 696 5720 1131 5793; x_wconf 71' lang='grc' dir='ltr'>κατησπάζσντο.</span> <span class='ocrx_word' id='word_1_732' title='bbox 1183 5725 1297 5781; x_wconf 78' lang='grc' dir='ltr'><strong>Καὶ</strong></span> <span class='ocrx_word' id='word_1_733' title='bbox 1329 5728 1428 5779; x_wconf 84' lang='grc' dir='ltr'>οὑκ</span> <span class='ocrx_word' id='word_1_734' title='bbox 1470 5727 1552 5780; x_wconf 78' lang='grc' dir='ltr'>ἔτι</span> <span class='ocrx_word' id='word_1_735' title='bbox 1591 5727 1818 5792; x_wconf 76' lang='grc' dir='ltr'>δυνατὸς</span> <span class='ocrx_word' id='word_1_736' title='bbox 1867 5729 2003 5802; x_wconf 74' lang='grc' dir='ltr'>όρᾷν</span> 
     </span>
    </p>
   </div>
   <div class='ocr_carea' id='block_1_102' title="bbox 422 5811 2000 5891">
    <p class='ocr_par' dir='ltr' id='par_1_102' title="bbox 422 5811 2000 5891">
     <span class='ocr_line' id='line_1_102' title="bbox 422 5811 2000 5891; baseline 0.005 -24"><span class='ocrx_word' id='word_1_737' title='bbox 422 5811 493 5891; x_wconf 70' lang='grc' dir='ltr'>ἦν</span> <span class='ocrx_word' id='word_1_738' title='bbox 519 5819 550 5873; x_wconf 75' lang='grc' dir='ltr'><strong>ό</strong></span> <span class='ocrx_word' id='word_1_739' title='bbox 588 5816 687 5886; x_wconf 80' lang='grc' dir='ltr'>τῆς</span> <span class='ocrx_word' id='word_1_740' title='bbox 721 5812 952 5886; x_wconf 82' lang='grc' dir='ltr'>θεωρίας</span> <span class='ocrx_word' id='word_1_741' title='bbox 977 5816 1181 5886; x_wconf 84' lang='grc' dir='ltr'>ταύτης</span> <span class='ocrx_word' id='word_1_742' title='bbox 1205 5818 1568 5884; x_wconf 74' lang='grc' dir='ltr'>καταξιωθεὶς</span> <span class='ocrx_word' id='word_1_743' title='bbox 1615 5820 1686 5874; x_wconf 81' lang='grc' dir='ltr'><strong>τὰ</strong></span> <span class='ocrx_word' id='word_1_744' title='bbox 1721 5820 2000 5887; x_wconf 76' lang='grc' dir='ltr'>ἐπέκεινα,</span> 
     </span>
    </p>
   </div>
   <div class='ocr_carea' id='block_1_103' title="bbox 423 5904 2003 5987">
    <p class='ocr_par' dir='ltr' id='par_1_103' title="bbox 423 5904 2003 5987">
     <span class='ocr_line' id='line_1_103' title="bbox 423 5904 2003 5987; baseline 0.001 -21"><span class='ocrx_word' id='word_1_745' title='bbox 423 5909 532 5966; x_wconf 61' lang='lat' dir='ltr'><strong>bach</strong></span> <span class='ocrx_word' id='word_1_746' title='bbox 559 5906 760 5980; x_wconf 79' lang='grc' dir='ltr'>πολλῆς</span> <span class='ocrx_word' id='word_1_747' title='bbox 787 5904 1023 5976; x_wconf 80' lang='grc' dir='ltr'>ἀγωνίας</span> <span class='ocrx_word' id='word_1_748' title='bbox 1054 5907 1238 5977; x_wconf 74' lang='grc' dir='ltr'>ἱδρῶτι</span> <span class='ocrx_word' id='word_1_749' title='bbox 1261 5909 1443 5980; x_wconf 82' lang='grc' dir='ltr'>λεπτῷ</span> <span class='ocrx_word' id='word_1_750' title='bbox 1467 5913 1805 5987; x_wconf 80' lang='grc' dir='ltr'>πανταχόθεν</span> <span class='ocrx_word' id='word_1_751' title='bbox 1830 5931 2003 5969; x_wconf 81' lang='grc' dir='ltr'>κατα-</span> 
     </span>
    </p>
   </div>
   <div class='ocr_carea' id='block_1_104' title="bbox 2108 4713 3688 4785">
    <p class='ocr_par' dir='ltr' id='par_1_104' title="bbox 2108 4713 3688 4785">
     <span class='ocr_line' id='line_1_104' title="bbox 2108 4713 3688 4785; baseline 0.004 -17"><span class='ocrx_word' id='word_1_752' title='bbox 2108 4713 2256 4770; x_wconf 82' lang='lat' dir='ltr'><strong>clare</strong></span> <span class='ocrx_word' id='word_1_753' title='bbox 2284 4714 2531 4768; x_wconf 88' lang='lat' dir='ltr'><strong>imitatus</strong></span> <span class='ocrx_word' id='word_1_754' title='bbox 2554 4722 2658 4779; x_wconf 90' lang='lat' dir='ltr'><strong>est,</strong></span> <span class='ocrx_word' id='word_1_755' title='bbox 2692 4724 2744 4768; x_wconf 90' lang='lat' dir='ltr'><strong>et</strong></span> <span class='ocrx_word' id='word_1_756' title='bbox 2774 4715 3002 4785; x_wconf 85' lang='lat' dir='ltr'><strong>insuper</strong></span> <span class='ocrx_word' id='word_1_757' title='bbox 3030 4716 3319 4770; x_wconf 78' lang='lat' dir='ltr'><strong>universos</strong></span> <span class='ocrx_word' id='word_1_758' title='bbox 3355 4714 3481 4776; x_wconf 82' lang='lat' dir='ltr'><strong>illos</strong></span> <span class='ocrx_word' id='word_1_759' title='bbox 3514 4719 3688 4780; x_wconf 81' lang='lat' dir='ltr'><strong>bono-</strong></span> 
     </span>
    </p>
   </div>
   <div class='ocr_carea' id='block_1_105' title="bbox 2107 4805 3682 4877">
    <p class='ocr_par' dir='ltr' id='par_1_105' title="bbox 2107 4805 3682 4877">
     <span class='ocr_line' id='line_1_105' title="bbox 2107 4805 3682 4877; baseline 0.004 -17"><span class='ocrx_word' id='word_1_760' title='bbox 2107 4805 2250 4860; x_wconf 81' lang='lat' dir='ltr'><strong>ravit</strong></span> <span class='ocrx_word' id='word_1_761' title='bbox 2279 4820 2377 4876; x_wconf 85' lang='lat' dir='ltr'><strong>per</strong></span> <span class='ocrx_word' id='word_1_762' title='bbox 2406 4807 2637 4876; x_wconf 88' lang='lat' dir='ltr'><strong>gratiam</strong></span> <span class='ocrx_word' id='word_1_763' title='bbox 2673 4807 2778 4863; x_wconf 87' lang='lat' dir='ltr'><strong>sibi</strong></span> <span class='ocrx_word' id='word_1_764' title='bbox 2819 4822 2850 4860; x_wconf 90' lang='lat' dir='ltr'><strong>a</strong></span> <span class='ocrx_word' id='word_1_765' title='bbox 2896 4806 3103 4877; x_wconf 87' lang='lat' dir='ltr'><strong>Spiritu</strong></span> <span class='ocrx_word' id='word_1_766' title='bbox 3155 4818 3346 4862; x_wconf 82' lang='lat' dir='ltr'><strong>saneto</strong></span> <span class='ocrx_word' id='word_1_767' title='bbox 3381 4809 3682 4866; x_wconf 87' lang='lat' dir='ltr'><strong>tributam:</strong></span> 
     </span>
    </p>
   </div>
   <div class='ocr_carea' id='block_1_106' title="bbox 2107 4897 3678 4970">
    <p class='ocr_par' dir='ltr' id='par_1_106' title="bbox 2107 4897 3678 4970">
     <span class='ocr_line' id='line_1_106' title="bbox 2107 4897 3678 4970; baseline 0.003 -17"><span class='ocrx_word' id='word_1_768' title='bbox 2107 4906 2161 4953; x_wconf 90' lang='lat' dir='ltr'><strong>et</strong></span> <span class='ocrx_word' id='word_1_769' title='bbox 2190 4897 2403 4954; x_wconf 84' lang='lat' dir='ltr'><strong>cantica</strong></span> <span class='ocrx_word' id='word_1_770' title='bbox 2433 4897 2618 4952; x_wconf 89' lang='lat' dir='ltr'><strong>divina</strong></span> <span class='ocrx_word' id='word_1_771' title='bbox 2654 4900 2924 4968; x_wconf 86' lang='lat' dir='ltr'><strong>sapientia</strong></span> <span class='ocrx_word' id='word_1_772' title='bbox 2974 4912 3040 4953; x_wconf 89' lang='lat' dir='ltr'><strong>ac</strong></span> <span class='ocrx_word' id='word_1_773' title='bbox 3084 4899 3311 4955; x_wconf 83' lang='lat' dir='ltr'><strong>scientia</strong></span> <span class='ocrx_word' id='word_1_774' title='bbox 3364 4915 3464 4956; x_wconf 86' lang='lat' dir='ltr'><strong>sua</strong></span> <span class='ocrx_word' id='word_1_775' title='bbox 3493 4903 3678 4970; x_wconf 77' lang='lat' dir='ltr'><strong>digna,</strong></span> 
     </span>
    </p>
   </div>
   <div class='ocr_carea' id='block_1_107' title="bbox 2108 4989 3681 5066">
    <p class='ocr_par' dir='ltr' id='par_1_107' title="bbox 2108 4989 3681 5066">
     <span class='ocr_line' id='line_1_107' title="bbox 2108 4989 3681 5066; baseline 0.004 -21"><span class='ocrx_word' id='word_1_776' title='bbox 2108 4993 2162 5045; x_wconf 91' lang='lat' dir='ltr'><strong>in</strong></span> <span class='ocrx_word' id='word_1_777' title='bbox 2215 4989 2530 5046; x_wconf 81' lang='lat' dir='ltr'><strong>earumdem</strong></span> <span class='ocrx_word' id='word_1_778' title='bbox 2581 4990 2796 5047; x_wconf 87' lang='lat' dir='ltr'><strong>laudem</strong></span> <span class='ocrx_word' id='word_1_779' title='bbox 2843 4992 3176 5059; x_wconf 85' lang='lat' dir='ltr'><strong>modulatus,</strong></span> <span class='ocrx_word' id='word_1_780' title='bbox 3231 5008 3378 5049; x_wconf 92' lang='lat' dir='ltr'><strong>nunc</strong></span> <span class='ocrx_word' id='word_1_781' title='bbox 3429 4998 3500 5049; x_wconf 90' lang='lat' dir='ltr'><strong>ab</strong></span> <span class='ocrx_word' id='word_1_782' title='bbox 3549 4997 3681 5066; x_wconf 89' lang='lat' dir='ltr'><strong>ipsis</strong></span> 
     </span>
    </p>
   </div>
   <div class='ocr_carea' id='block_1_108' title="bbox 2108 5083 3682 5145">
    <p class='ocr_par' dir='ltr' id='par_1_108' title="bbox 2108 5083 3682 5145">
     <span class='ocr_line' id='line_1_108' title="bbox 2108 5083 3682 5145; baseline 0.004 -7"><span class='ocrx_word' id='word_1_783' title='bbox 2108 5085 2226 5140; x_wconf 89' lang='lat' dir='ltr'><strong>vice</strong></span> <span class='ocrx_word' id='word_1_784' title='bbox 2259 5099 2415 5140; x_wconf 84' lang='lat' dir='ltr'><strong>versa</strong></span> <span class='ocrx_word' id='word_1_785' title='bbox 2462 5085 2804 5140; x_wconf 89' lang='lat' dir='ltr'><strong>honoratur:</strong></span> <span class='ocrx_word' id='word_1_786' title='bbox 2839 5084 2913 5138; x_wconf 89' lang='lat' dir='ltr'><strong>ita</strong></span> <span class='ocrx_word' id='word_1_787' title='bbox 2947 5083 3058 5140; x_wconf 87' lang='lat' dir='ltr'><strong>Deo</strong></span> <span class='ocrx_word' id='word_1_788' title='bbox 3087 5085 3382 5142; x_wconf 85' lang='lat' dir='ltr'><strong>ordinante</strong></span> <span class='ocrx_word' id='word_1_789' title='bbox 3412 5088 3556 5145; x_wconf 81' lang='lat' dir='ltr'><strong>hunc</strong></span> <span class='ocrx_word' id='word_1_790' title='bbox 3588 5105 3682 5144; x_wconf 87' lang='lat' dir='ltr'><strong>oc-</strong></span> 
     </span>
    </p>
   </div>
   <div class='ocr_carea' id='block_1_109' title="bbox 2109 5175 3711 5250">
    <p class='ocr_par' dir='ltr' id='par_1_109' title="bbox 2109 5175 3711 5250">
     <span class='ocr_line' id='line_1_109' title="bbox 2109 5175 3711 5250; baseline 0.004 -18"><span class='ocrx_word' id='word_1_791' title='bbox 2109 5191 2331 5232; x_wconf 89' lang='lat' dir='ltr'><strong>cursum</strong></span> <span class='ocrx_word' id='word_1_792' title='bbox 2383 5176 2438 5230; x_wconf 92' lang='lat' dir='ltr'><strong>in</strong></span> <span class='ocrx_word' id='word_1_793' title='bbox 2484 5175 2664 5246; x_wconf 89' lang='lat' dir='ltr'><strong>primo</strong></span> <span class='ocrx_word' id='word_1_794' title='bbox 2725 5176 2871 5231; x_wconf 87' lang='lat' dir='ltr'><strong>illius</strong></span> <span class='ocrx_word' id='word_1_795' title='bbox 2924 5177 2992 5231; x_wconf 88' lang='lat' dir='ltr'><strong>ad</strong></span> <span class='ocrx_word' id='word_1_796' title='bbox 3043 5177 3243 5232; x_wconf 64' lang='lat' dir='ltr'><strong>malum</strong></span> <span class='ocrx_word' id='word_1_797' title='bbox 3302 5181 3573 5250; x_wconf 71' lang='lat' dir='ltr'><strong>ingreSsu,</strong></span> <span class='ocrx_word' id='word_1_798' title='bbox 3608 5190 3711 5249; x_wconf 37' lang='lat' dir='ltr'><strong>.ut.</strong></span> 
     </span>
    </p>
   </div>
   <div class='ocr_carea' id='block_1_110' title="bbox 2111 5267 3680 5340">
    <p class='ocr_par' dir='ltr' id='par_1_110' title="bbox 2111 5267 3680 5340">
     <span class='ocr_line' id='line_1_110' title="bbox 2111 5267 3680 5340; baseline 0.002 -16"><span class='ocrx_word' id='word_1_799' title='bbox 2111 5269 2293 5324; x_wconf 89' lang='lat' dir='ltr'><strong>nullus</strong></span> <span class='ocrx_word' id='word_1_800' title='bbox 2346 5277 2666 5325; x_wconf 88' lang='lat' dir='ltr'><strong>sanctorum</strong></span> <span class='ocrx_word' id='word_1_801' title='bbox 2708 5268 2803 5340; x_wconf 88' lang='lat' dir='ltr'><strong>qui</strong></span> <span class='ocrx_word' id='word_1_802' title='bbox 2841 5267 3064 5323; x_wconf 73' lang='lat' dir='ltr'><strong>fuerunt</strong></span> <span class='ocrx_word' id='word_1_803' title='bbox 3111 5285 3349 5339; x_wconf 82' lang='lat' dir='ltr'><strong>unquam</strong></span> <span class='ocrx_word' id='word_1_804' title='bbox 3387 5286 3418 5325; x_wconf 88' lang='lat' dir='ltr'><strong>a</strong></span> <span class='ocrx_word' id='word_1_805' title='bbox 3455 5271 3680 5336; x_wconf 75' lang='lat' dir='ltr'><strong>saeculo,</strong></span> 
     </span>
    </p>
   </div>
   <div class='ocr_carea' id='block_1_111' title="bbox 2110 5361 3680 5432">
    <p class='ocr_par' dir='ltr' id='par_1_111' title="bbox 2110 5361 3680 5432">
     <span class='ocr_line' id='line_1_111' title="bbox 2110 5361 3680 5432; baseline -0.001 -14"><span class='ocrx_word' id='word_1_806' title='bbox 2110 5361 2277 5428; x_wconf 87' lang='lat' dir='ltr'><strong>absit,</strong></span> <span class='ocrx_word' id='word_1_807' title='bbox 2313 5361 2408 5417; x_wconf 88' lang='lat' dir='ltr'><strong>sed</strong></span> <span class='ocrx_word' id='word_1_808' title='bbox 2443 5377 2636 5416; x_wconf 88' lang='lat' dir='ltr'><strong>omnes</strong></span> <span class='ocrx_word' id='word_1_809' title='bbox 2686 5361 2852 5416; x_wconf 88' lang='lat' dir='ltr'><strong>simul</strong></span> <span class='ocrx_word' id='word_1_810' title='bbox 2893 5370 3303 5424; x_wconf 85' lang='lat' dir='ltr'><strong>concurrentes,</strong></span> <span class='ocrx_word' id='word_1_811' title='bbox 3352 5376 3680 5432; x_wconf 72' lang='lat' dir='ltr'><strong>generosum</strong></span> 
     </span>
    </p>
   </div>
   <div class='ocr_carea' id='block_1_112' title="bbox 2111 5451 3681 5522">
    <p class='ocr_par' dir='ltr' id='par_1_112' title="bbox 2111 5451 3681 5522">
     <span class='ocr_line' id='line_1_112' title="bbox 2111 5451 3681 5522; baseline 0.001 -14"><span class='ocrx_word' id='word_1_812' title='bbox 2111 5458 2260 5509; x_wconf 70' lang='lat' dir='ltr'><strong>hunc</strong></span> <span class='ocrx_word' id='word_1_813' title='bbox 2316 5453 2545 5508; x_wconf 83' lang='lat' dir='ltr'><strong>zelotem</strong></span> <span class='ocrx_word' id='word_1_814' title='bbox 2581 5462 2636 5508; x_wconf 92' lang='lat' dir='ltr'><strong>et</strong></span> <span class='ocrx_word' id='word_1_815' title='bbox 2683 5452 3016 5507; x_wconf 84' lang='lat' dir='ltr'><strong>imitatorem</strong></span> <span class='ocrx_word' id='word_1_816' title='bbox 3062 5451 3356 5519; x_wconf 84' lang='lat' dir='ltr'><strong>deducant,</strong></span> <span class='ocrx_word' id='word_1_817' title='bbox 3399 5464 3562 5522; x_wconf 88' lang='lat' dir='ltr'><strong>atque</strong></span> <span class='ocrx_word' id='word_1_818' title='bbox 3605 5455 3681 5509; x_wconf 89' lang='lat' dir='ltr'><strong>illi</strong></span> 
     </span>
    </p>
   </div>
   <div class='ocr_carea' id='block_1_113' title="bbox 2110 5532 3685 5616">
    <p class='ocr_par' dir='ltr' id='par_1_113' title="bbox 2110 5532 3685 5616">
     <span class='ocr_line' id='line_1_113' title="bbox 2110 5532 3685 5616; baseline 0.001 -17"><span class='ocrx_word' id='word_1_819' title='bbox 2110 5547 2176 5600; x_wconf 91' lang='lat' dir='ltr'><strong>ad</strong></span> <span class='ocrx_word' id='word_1_820' title='bbox 2210 5545 2382 5602; x_wconf 73' lang='lat' dir='ltr'><strong>cmlos</strong></span> <span class='ocrx_word' id='word_1_821' title='bbox 2419 5560 2711 5601; x_wconf 86' lang='lat' dir='ltr'><strong>ascensum</strong></span> <span class='ocrx_word' id='word_1_822' title='bbox 2750 5532 2975 5599; x_wconf 79' lang='lat' dir='ltr'><strong>iaciant.</strong></span> <span class='ocrx_word' id='word_1_823' title='bbox 3008 5541 3231 5608; x_wconf 85' lang='lat' dir='ltr'><strong>Verum,</strong></span> <span class='ocrx_word' id='word_1_824' title='bbox 3275 5548 3458 5615; x_wconf 82' lang='lat' dir='ltr'><strong>aspice</strong></span> <span class='ocrx_word' id='word_1_825' title='bbox 3487 5555 3685 5616; x_wconf 66' lang='lat' dir='ltr'><strong>praete-</strong></span> 
     </span>
    </p>
   </div>
   <div class='ocr_carea' id='block_1_114' title="bbox 2110 5637 3678 5706">
    <p class='ocr_par' dir='ltr' id='par_1_114' title="bbox 2110 5637 3678 5706">
     <span class='ocr_line' id='line_1_114' title="bbox 2110 5637 3678 5706; baseline -0.001 -13"><span class='ocrx_word' id='word_1_826' title='bbox 2110 5653 2204 5694; x_wconf 84' lang='lat' dir='ltr'><strong>rea</strong></span> <span class='ocrx_word' id='word_1_827' title='bbox 2228 5638 2296 5694; x_wconf 89' lang='lat' dir='ltr'><strong>ad</strong></span> <span class='ocrx_word' id='word_1_828' title='bbox 2321 5638 2438 5695; x_wconf 70' lang='lat' dir='ltr'><strong>hac</strong></span> <span class='ocrx_word' id='word_1_829' title='bbox 2461 5652 2675 5694; x_wconf 88' lang='lat' dir='ltr'><strong>summe</strong></span> <span class='ocrx_word' id='word_1_830' title='bbox 2699 5638 3045 5703; x_wconf 81' lang='lat' dir='ltr'><strong>maximeque</strong></span> <span class='ocrx_word' id='word_1_831' title='bbox 3060 5637 3404 5692; x_wconf 85' lang='lat' dir='ltr'><strong>admiranda.</strong></span> <span class='ocrx_word' id='word_1_832' title='bbox 3431 5637 3556 5694; x_wconf 83' lang='lat' dir='ltr'><strong>Haec</strong></span> <span class='ocrx_word' id='word_1_833' title='bbox 3577 5639 3678 5706; x_wconf 86' lang='lat' dir='ltr'><strong>ait,</strong></span> 
     </span>
    </p>
   </div>
   <div class='ocr_carea' id='block_1_115' title="bbox 2106 5731 3681 5810">
    <p class='ocr_par' dir='ltr' id='par_1_115' title="bbox 2106 5731 3681 5810">
     <span class='ocr_line' id='line_1_115' title="bbox 2106 5731 3681 5810; baseline -0.001 -22"><span class='ocrx_word' id='word_1_834' title='bbox 2106 5741 2162 5810; x_wconf 73' lang='lat' dir='ltr'><strong>et</strong></span> <span class='ocrx_word' id='word_1_835' title='bbox 2194 5733 2517 5788; x_wconf 82' lang='lat' dir='ltr'><strong>universum</strong></span> <span class='ocrx_word' id='word_1_836' title='bbox 2553 5731 2754 5788; x_wconf 64' lang='lat' dir='ltr'><strong>celum</strong></span> <span class='ocrx_word' id='word_1_837' title='bbox 2787 5737 3113 5786; x_wconf 88' lang='lat' dir='ltr'><strong>evacuatum</strong></span> <span class='ocrx_word' id='word_1_838' title='bbox 3146 5737 3309 5800; x_wconf 87' lang='lat' dir='ltr'><strong>atque</strong></span> <span class='ocrx_word' id='word_1_839' title='bbox 3336 5731 3681 5787; x_wconf 81' lang='lat' dir='ltr'><strong>exinanitum</strong></span> 
     </span>
    </p>
   </div>
   <div class='ocr_carea' id='block_1_116' title="bbox 2107 5822 3680 5896">
    <p class='ocr_par' dir='ltr' id='par_1_116' title="bbox 2107 5822 3680 5896">
     <span class='ocr_line' id='line_1_116' title="bbox 2107 5822 3680 5896; baseline -0.001 -16"><span class='ocrx_word' id='word_1_840' title='bbox 2107 5837 2213 5890; x_wconf 87' lang='lat' dir='ltr'><strong>est,</strong></span> <span class='ocrx_word' id='word_1_841' title='bbox 2241 5839 2543 5896; x_wconf 85' lang='lat' dir='ltr'><strong>omnesque</strong></span> <span class='ocrx_word' id='word_1_842' title='bbox 2562 5824 2783 5880; x_wconf 85' lang='lat' dir='ltr'><strong>ordines</strong></span> <span class='ocrx_word' id='word_1_843' title='bbox 2803 5822 3108 5879; x_wconf 62' lang='lat' dir='ltr'><strong>calestium</strong></span> <span class='ocrx_word' id='word_1_844' title='bbox 3139 5831 3468 5894; x_wconf 87' lang='lat' dir='ltr'><strong>potestatum</strong></span> <span class='ocrx_word' id='word_1_845' title='bbox 3491 5838 3680 5894; x_wconf 84' lang='lat' dir='ltr'><strong>egres-</strong></span> 
     </span>
    </p>
   </div>
   <div class='ocr_carea' id='block_1_117' title="bbox 2107 5915 3681 5989">
    <p class='ocr_par' dir='ltr' id='par_1_117' title="bbox 2107 5915 3681 5989">
     <span class='ocr_line' id='line_1_117' title="bbox 2107 5915 3681 5989; baseline -0.001 -16"><span class='ocrx_word' id='word_1_846' title='bbox 2107 5932 2205 5985; x_wconf 79' lang='lat' dir='ltr'><strong>sae,</strong></span> <span class='ocrx_word' id='word_1_847' title='bbox 2259 5917 2416 5974; x_wconf 86' lang='lat' dir='ltr'><strong>illum</strong></span> <span class='ocrx_word' id='word_1_848' title='bbox 2452 5932 2652 5989; x_wconf 72' lang='lat' dir='ltr'><strong>magno</strong></span> <span class='ocrx_word' id='word_1_849' title='bbox 2696 5931 2818 5972; x_wconf 82' lang='lat' dir='ltr'><strong>cum</strong></span> <span class='ocrx_word' id='word_1_850' title='bbox 2857 5915 3065 5972; x_wconf 87' lang='lat' dir='ltr'><strong>honore</strong></span> <span class='ocrx_word' id='word_1_851' title='bbox 3113 5930 3177 5972; x_wconf 87' lang='lat' dir='ltr'><strong>ac</strong></span> <span class='ocrx_word' id='word_1_852' title='bbox 3222 5915 3522 5973; x_wconf 80' lang='lat' dir='ltr'><strong>reverentia</strong></span> <span class='ocrx_word' id='word_1_853' title='bbox 3565 5929 3681 5972; x_wconf 80' lang='lat' dir='ltr'><strong>am-</strong></span> 
     </span>
    </p>
   </div>
  </div>
