4134 6336
388 451 495 515 975

1490 440 1551 503 S.
1596 438 1910 501 JOSEPHI
1952 438 2263 504 HYMNOG
2276 442 2513 504 RAPIII

3547 438 3653 511 9Ἰῦ

388 570 773 642 plexabantur.
805 562 992 633 Neque
1026 558 1254 616 ulterius
1287 558 1369 615 vir
1410 558 1499 613 ille
1542 560 1727 613 videre
1764 560 1963 630 potuit,

2083 563 2424 634 τταζόμενος.
2458 564 2593 618 Τίνα
2620 562 2831 631 causa;
2871 560 2937 617 'll
2962 561 3095 635 πρὸς
3134 562 3230 636 τὴν
3260 562 3419 635 ἁγίαν
3450 565 3656 637 mea:

390 663 486 732 qui
532 656 849 731 hujusmodi
880 653 1195 724 spectaculo
1224 650 1423 721 dignus
1458 650 1637 707 faetus
1666 652 1862 717 fuerat,
1897 654 1969 707 ob

391 760 619 814 multam
649 755 925 827 agoniam,
956 751 1237 821 animique
1257 748 1567 817 angustiam
1598 748 1967 803 minutissimo

392 852 594 907 sudore
639 848 883 917 undique
928 846 1177 899 stillante
1214 842 1496 913 perfusus.
1547 840 1805 909 Quaenam
1840 851 1968 897 sunt

400 944 552 1001 haec?
580 943 661 996 Ad
700 940 1108 996 sanctissimam
1144 936 1467 991 Trinitatem
1509 937 1774 989 admissio
1808 946 1973 1005 atque
2012 948 2268 989 accessus
2297 944 2352 988 ut
2380 950 2499 989 eam
2531 936 2824 1002 atloraret;

2076 657 2358 728 εἰσαγωγὴ
2385 658 2480 709 καὶ
2510 657 2901 728 προσκύνησις,
2925 659 2959 728 ἠ
2993 656 3132 725 μετὰ
3150 657 3259 711 τῶν
3289 658 3537 727 ἀγγέλων
3562 676 3660 714 πα-

2077 751 2362 821 ράστασις,
2399 751 2432 819 ἡ
2464 750 2701 821 ἄρῥητος
2731 749 2933 817 γνῶσις
2966 750 3138 820 αὐτῆς
3176 749 3327 821 αὑτῷ
3352 754 3661 823 κεχυμένης

2075 842 2316 911 ἀμέσως,
2345 842 2433 895 διὰ
2450 844 2547 912 τὴν
2575 841 2745 913 χωρὶς
2776 845 3301 913 παραπετασμάτων
3331 846 3656 915 ἀνάκρισιν.

2895 946 3078 990 astare
3137 952 3261 991 cum
3297 940 3505 1008 argelis
3532 950 3660 994 ante

390 1041 575 1095 illam:
608 1035 904 1094 ineﬂ'abilis
938 1034 1003 1090 de
1039 1032 1232 1089 eadem
1272 1031 1503 1086 scicntia
1535 1030 1613 1085 illi
1678 1032 1797 1086 sine
1864 1029 2045 1083 medio
2089 1030 2292 1096 inlusa,
2342 1040 2566 1101 propter
2616 1031 3174 1087 communicationem
3237 1034 3356 1089 sine
3419 1036 3530 1090 ullo
3566 1050 3662 1091 vc-

392 1134 611 1189 lamine.

462 1230 555 1284 57.
601 1226 792 1297 Neque
831 1239 961 1280 vero
1011 1238 1213 1279 novum
1254 1223 1438 1293 aliqua
1475 1236 1541 1276 ex
1591 1229 1743 1290 parte
1798 1217 1971 1273 videri

392 1322 576 1387 debet,
624 1322 671 1376 si
725 1318 1049 1389 bujusmodi
1106 1317 1317 1372 honore
1364 1315 1417 1369 in
1470 1329 1700 1369 ascensu
1753 1328 1853 1367 suo
1904 1313 1972 1365 ad

396 1415 596 1471 ccelum
633 1413 832 1483 dignus
873 1411 1051 1466 factus
1081 1418 1186 1465 est.
1227 1408 1309 1463 Ab
1341 1408 1449 1462 illis
1480 1408 1626 1461 enim
1670 1406 1973 1460 honoratus

395 1517 501 1572 est,
528 1521 651 1560 cum
682 1506 885 1574 quibus
912 1502 1061 1556 illum
1100 1516 1315 1571 semper
1344 1500 1603 1554 honorari
1627 1499 1836 1569 justum
1868 1506 1969 1551 est.

399 1598 616 1653 Etenim
652 1598 872 1651 illorum
906 1596 1071 1649 vitam
1112 1592 1307 1648 sedulo
1342 1593 1639 1662 descripsit
1669 1600 1833 1659 atque
1865 1591 1975 1645 cla-

400 1691 639 1755 beravit;
674 1705 796 1743 cum
835 1686 1101 1757 apostolis
1133 1695 1397 1756 tanquam
1441 1685 1726 1755 apostolus
1760 1700 1976 1738 comm-

395 1780 729 1845 meraudus;
767 1794 891 1833 cum
932 1777 1269 1846 martyribus
1312 1786 1572 1846 tanquam
1614 1785 1840 1847 martyr,
1881 1776 1974 1847 qui

2144 1211 2247 1279 λζ’.
2304 1212 2508 1267 Καινῦν
2564 1212 2621 1267 δὲ
2669 1214 2888 1276 πάντως
2920 1214 3076 1269 οὐδὲν
3125 1216 3174 1269 εἰ
3207 1215 3461 1287 τοιαύτης
3508 1221 3565 1273 ἐν
3592 1223 3661 1294 τῇ

2075 1309 2247 1378 ἀνόδῳ
2277 1308 2444 1377 τιμῆς
2474 1307 2815 1378 κατηξίωτο·
2850 1306 3003 1379 παρὰ
3040 1309 3148 1381 γὲρ
3186 1308 3396 1364 τούτων
3439 1314 3665 1385 τετίμη-

2075 1419 2185 1465 ται,
2218 1395 2300 1463 οἷς
2334 1400 2419 1453 ἀεί
2451 1400 2815 1469 συντιμᾶσοαι
2843 1400 3052 1454 δίκαιόν
3078 1404 3244 1467 ἐστιν,
3280 1404 3361 1456 ὅτι
3408 1407 3502 1458 καὶ
3540 1408 3665 1460 τού-

2076 1512 2185 1547 των
2216 1493 2306 1547 τὸν
2349 1492 2463 1563 βίον
2509 1492 2964 1562 ἁπηκριόὡσατο,
3006 1496 3118 1556 τοῖς
3162 1496 3488 1561 ἀποστόλοις
3540 1515 3666 1553 συν⁴

2080 1586 2205 1657 αριθ
2216 1587 2315 1657 μού
2326 1604 2508 1656 μενος,
2530 1586 2606 1649 ὡς
2628 1586 2952 1649 ἀπόστολος·
2985 1588 3099 1649 τοῖς
3130 1586 3399 1658 μάρτυσιν
3418 1589 3494 1653 ὡς
3520 1592 3665 1663 μάρο

2076 1698 2174 1744 τυς
2217 1682 2575 1751 ἀναίμακτος,
2616 1680 2700 1733 ὅτι
2728 1679 2820 1732 τὸν
2876 1678 3038 1732 πόνον
3082 1678 3284 1751 μᾶλλον
3324 1681 3569 1738 ἐπέτεινε
3594 1688 3664 1757 τῇ

2079 1774 2177 1844 τῆς
2205 1772 2352 1843 ζωῆς
2375 1770 2781 1844 ἀποκληρώσει,
2807 1770 2904 1826 καὶ
2922 1774 3231 1843 παρατάσει
3263 1774 3341 1843 τῷ
3361 1773 3549 1847 οίκείῳ
3570 1777 3663 1832 τοῦ

402 1873 533 1926 licet
579 1886 833 1925 cruorem
881 1885 990 1925 non
1024 1869 1300 1936 eﬂ‘uderit,
1335 1871 1641 1941 graviorem
1684 1881 1862 1926 tamen
1903 1872 1977 1924 la.

2084 1862 2389 1927 συνειδότος
2420 1861 2708 1933 μαρτυρεῳ
2730 1859 3174 1932 ἐπαγαλλόμενος
3199 1877 3214 1892 ⁶
3250 1866 3362 1927 τοῖς
3391 1865 3561 1931 ὁσίοις
3588 1867 3668 1931 ὡς

397 1964 588 2019 borem
640 1963 895 2018 toleravit
946 1962 1000 2018 in
1035 1978 1097 2017 ea
1136 1962 1267 2029 vita,
1298 1978 1460 2032 quam
1501 1963 1603 2018 sibi
1646 1964 1809 2035 elegit
1841 1972 1893 2019 et
1924 1963 1976 2017 in

398 2072 507 2127 qua
534 2056 626 2110 diu
655 2055 897 2119 duravit,
943 2053 1097 2109 lavtus
1129 2054 1413 2111 sustinens
1459 2054 1734 2110 familiare
1768 2067 1976 2126 marty-

399 2148 566 2211 rium,
587 2147 730 2215 quod
754 2145 870 2214 ipse
894 2153 1107 2199 tantum
1133 2156 1358 2199 noverat
1382 2164 1394 2200 :
1424 2162 1547 2199 cum
1567 2147 1981 2202 conlessoribus

400 2249 665 2310 tanquam
695 2237 980 2293 confessor
1000 2244 1249 2291 sanctam
1285 2238 1526 2291 animam
1555 2254 1729 2308 usque
1751 2239 1817 2292 ad
1845 2240 1981 2291 ima-

404 2333 742 2403 ginationem
769 2342 977 2386 castam
1008 2344 1311 2400 puramque
1331 2328 1571 2385 elliciens
1595 2346 1611 2383 :
1636 2346 1757 2384 cum
1793 2331 1858 2384 iis
1888 2330 1980 2401 qui

402 2426 591 2481 futura
658 2425 981 2496 praevident,
1064 2435 1326 2494 tanquam
1386 2439 1493 2479 non
1544 2439 1741 2494 expers
1794 2425 1984 2495 gratia:

400 2518 778 2587 praedictionis
816 2516 1151 2581 futurorum,
1186 2516 1310 2587 plus
1345 2516 1554 2573 habens
1596 2532 1760 2587 quam
1790 2532 1982 2574 omnes

401 2612 494 2668 alii
540 2612 646 2683 (ut
690 2611 896 2683 aliquid
946 2613 1068 2680 plus
1098 2610 1256 2665 beato
1296 2610 1422 2664 huic
1462 2608 1822 2682 gratificer);
1853 2626 1981 2666 nam

402 2717 570 2772 supra
597 2716 789 2757 omnes
835 2700 974 2755 alios
1010 2700 1126 2769 ipse
1169 2699 1416 2753 animum
1452 2699 1710 2770 apposuit
1740 2700 1806 2754 ad
1844 2715 1983 2770 pan-

403 2791 609 2862 geudas
656 2789 1084 2846 encomiasticas
1127 2788 1413 2843 cautiones
1458 2803 1556 2858 per
1594 2789 1981 2844 suavissimam

403 2888 574 2952 atque
623 2881 1039 2936 ornatissimam
1084 2880 1414 2936 melodiam:
1452 2880 1569 2951 ipse
1600 2896 1729 2937 vero
1768 2884 1836 2938 ab
1861 2897 1984 2938 om-

402 2972 570 3029 nibus
613 2975 815 3028 meruit
849 2975 904 3027 in
935 2974 1217 3029 cmlestem
1252 2973 1553 3029 thalamum
1586 2990 1709 3030 cum
1752 2976 1980 3043 honore,

404 3064 538 3120 nulli
582 3065 674 3120 alii
722 3079 1012 3131 concesso,
1055 3065 1359 3121 ascendens
1389 3065 1608 3123 deduci.
1640 3066 1810 3139 Magis
1852 3083 1984 3140 ergo

402 3165 458 3213 et
482 3156 703 3223 fruitur,
730 3166 785 3213 et
814 3156 1128 3215 confruitur
1168 3174 1291 3213 cum
1330 3157 1439 3214 illis
1471 3159 1678 3215 honore
1707 3175 1771 3215 ac
1800 3160 1983 3233 splen-

401 3249 539 3306 dore
570 3266 601 3307 a
632 3252 987 3307 sanctissima
1017 3251 1286 3306 Trinitate
1309 3252 1412 3308 sibi
1440 3253 1870 3317 communicato,
1895 3256 1982 3309 cui

2082 1956 2249 2018 ὅσιος,
2276 1952 2448 2025 ἁγνὴν
2476 1954 2578 2022 τὴν
2620 1953 2787 2022 ἁγίαν
2814 1952 2994 2024 ψυχὴν
3036 1954 3133 2008 καὶ
3162 1953 3326 2027 μέχρι
3367 1957 3667 2026 φαντασίας

2082 2049 2571 2119 ἀπεργασάμενος
2610 2049 2720 2111 τοῖς
2754 2046 3030 2119 προορῶσι
3048 2047 3117 2101 τὰ
3150 2047 3434 2119 μέλλοντα,
3465 2051 3541 2114 ὡς
3569 2051 3669 2123 τῆς

2083 2143 2443 2213 προρρήσεως
2480 2140 2581 2195 οὐκ
2630 2139 2877 2213 ἀμοιρῶν
2935 2139 3030 2194 τοῦ
3086 2142 3459 2213 χαρίσματος·
3504 2144 3667 2199 πλέον

2083 2236 2221 2306 ἔχων
2243 2234 2502 2288 ἁπάντων
2524 2233 2635 2305 (ἵνα
2658 2251 2710 2286 τι
2734 2233 2898 2287 πλέον
2912 2232 2990 2304 τῷ
3016 2232 3273 2305 μακαρίῳ
3303 2236 3666 2309 χαρίσωμαι).

2082 2330 2165 2382 ὅτι
2206 2330 2321 2391 τοῖς
2352 2326 2534 2389 ἄλλοις
2564 2327 2733 2380 πᾶσιν
2762 2325 2925 2389 αὐτὸς
2956 2326 3195 2397 ἐπέθηκε
3225 2328 3312 2383 διὰ
3354 2328 3454 2400 τῆς
3491 2331 3669 2401 ἐμμεο

2084 2419 2209 2483 λοῦς
2246 2418 2512 2490 μελῳδίας
2539 2419 2639 2489 τὴν
2667 2418 2868 2491 ψυχὴν,
2905 2418 3195 2491 εὐκόσμως
3226 2420 3466 2490 ἄγουσαν
3492 2424 3670 2492 ἔγκω-

2088 2513 2349 2582 μιαστικά
2383 2510 2769 2583 μελῳδήματα.
2802 2511 2975 2577 Αὐτὸς
3015 2511 3074 2567 δὲ
3105 2513 3259 2585 παρά
3287 2515 3508 2570 πάντων
3540 2517 3671 2587 μίαν

2084 2604 2289 2675 ταύτην
2356 2605 2524 2677 τιμὴν
2593 2594 2944 2676 είσϐατήριον
2999 2608 3338 2679 είσουρανίου
3396 2610 3675 2674 παστάδος

2085 2695 2584 2770 [ἀπεκεκλήρωτο],
2626 2696 2826 2768 μᾶλλον
2864 2698 2963 2769 μὲν
2991 2694 3085 2753 οὖν
3125 2701 3223 2755 καὶ
3253 2701 3542 2766 ἀπολαύει,
3577 2708 3672 2757 καὶ

2085 2790 2453 2844 συναπολαύει
2480 2789 2693 2855 τούτοις
2716 2792 2815 2863 τῆς
2844 2792 2994 2864 παρὰ
3020 2792 3118 2863 τῆς
3144 2794 3303 2862 ἁγίας
3324 2794 3553 2864 Τριάδος
3585 2812 3672 2847 τι-

2088 2882 2199 2955 μῆς
2226 2899 2290 2936 τε
2341 2882 2437 2937 καὶ
2466 2882 2883 2955 λαμπρότητος·
2916 2878 2951 2959 ᾖ
2980 2886 3403 2957 παριστάμενος,
3437 2885 3532 2938 καὶ
3564 2886 3668 2952 τῆς

2087 2975 2418 3048 ὕπερφώτου
2463 2978 2832 3048 κατατρυφῶν
2861 2975 3215 3051 ὡραιότητος,
3250 2978 3521 3047 μέμνηται
3558 2976 3661 3045 μὲν

2083 3067 2243 3139 ἡμῶν
2257 3068 2367 3121 τῶν
2381 3065 2665 3139 τιμώντων
2681 3069 2862 3137 αὐτὴν,
2882 3069 3142 3125 ἁντιόολεῖ
3154 3066 3212 3122 δι
3227 3066 3489 3138 διηνεκῶς
3504 3064 3657 3129 ὅπως

2090 3162 2184 3217 καὶ
2207 3164 2370 3234 ἡμεῖς
2390 3163 2639 3236 ἀδρόχως
2660 3163 2759 3235 τὴν
2773 3162 2865 3219 τοῦ
2886 3161 2999 3235 βίου
3014 3160 3436 3232 διαπεράσαντες
3455 3160 3663 3214 θάλασ-

2092 3272 2192 3309 σαν
2231 3256 2369 3325 πρὸς
2391 3256 2484 3310 τὸν
2510 3254 2780 3312 ἄκλυστον
2800 3256 2995 3327 λιμένα
3024 3252 3553 3326 καθορμισθείημεν.

401 3351 614 3404 astans.
657 3349 715 3397 et
760 3340 1190 3411 pulchritudine,
1239 3356 1363 3412 quae
1407 3340 1584 3396 lucem
1637 3358 1855 3397 omnem
1906 3353 2153 3411 superat,
2209 3344 2541 3413 oblectatus,
2609 3361 2823 3401 memor
2849 3360 2984 3401 sane
3007 3354 3091 3401 est
3147 3344 3349 3409 nostri,
3376 3343 3473 3415 qui
3502 3344 3664 3399 illum

402 3440 766 3504 bonoramus,
800 3447 853 3492 et
879 3437 1102 3492 assidue
1141 3450 1238 3508 pro
1289 3436 1449 3493 nobis
1494 3447 1773 3508 precatur,
1802 3448 1861 3494 ut
1887 3454 1989 3497 nos
2026 3443 2193 3497 etiam
2224 3442 2347 3497 vitae
2375 3441 2541 3513 hujus
2561 3457 2714 3499 mare
2760 3441 2931 3499 salvis
2987 3441 3248 3499 anchoris
3268 3449 3671 3514 pertranseun-

399 3546 485 3591 tes
514 3534 580 3590 ad
614 3533 1127 3605 tranquillissimum
1155 3543 1372 3606 portum
1396 3535 1801 3604 perveniamus.

472 3624 565 3682 38.
592 3623 821 3693 Verum,
839 3624 989 3694 oDei
1027 3624 1233 3680 famule
1253 3624 1585 3693 fidelissime,
1614 3642 1897 3695 compesce
1922 3641 1985 3684 ac

400 3718 533 3775 seda
564 3718 621 3773 in
653 3718 813 3773 nobis
839 3718 1171 3773 acerrimum
1203 3717 1387 3772 carnis
1412 3718 1680 3789 praelium,
1724 3729 1780 3773 et
1809 3717 1983 3788 impe-

402 3820 508 3878 tra,
540 3809 700 3865 nobis
741 3810 849 3865 tuis
882 3809 1027 3881 apud
1077 3809 1247 3864 Deum
1286 3810 1797 3876 intercessionibus,
1831 3825 1985 3864 men-

404 3916 513 3958 tem
549 3904 619 3958 ab
650 3903 798 3957 omni
836 3902 1285 3972 phantasmatum
1318 3902 1731 3973 perturbatione
1772 3918 1987 3973 semper

401 3996 754 4051 immunem:
804 3995 976 4052 habes
1022 3996 1168 4051 enim
1212 3995 1601 4050 confidentiam
1641 3996 1864 4051 multam
1916 4012 1981 4051 ac

401 4091 738 4155 libertatem,
787 4089 995 4159 quippe
1028 4088 1122 4159 qui
1176 4088 1417 4143 animam
1450 4097 1597 4142 tuam
1639 4087 1850 4142 beatam
1880 4103 1980 4158 pro

404 4193 598 4238 sancta
650 4181 800 4236 illius
857 4182 1095 4250 imagine
1148 4181 1404 4252 posuisti,
1458 4190 1785 4251 sanctosque
1834 4182 1981 4236 illius

406 4276 615 4330 sanctis
661 4274 943 4329 laboribus
989 4273 1095 4327 tuis
1142 4273 1447 4339 bonurasti,
1497 4288 1621 4327 cum
1665 4273 1865 4343 quibus
1899 4276 1983 4327 in-

403 4366 639 4421 tercedis
693 4380 795 4436 pro
844 4365 1028 4431 nobis,
1075 4364 1170 4435 qui
1228 4380 1449 4435 semper
1504 4373 1867 4436 protectorem
1917 4380 1980 4419 ae

400 4457 691 4524 praesidem
726 4466 776 4511 te
808 4456 1010 4511 habere
1037 4470 1334 4527 rogamus:
1368 4467 1420 4510 ct
1462 4468 1697 4510 mentem
1734 4466 1976 4510 nostram

2154 3626 2256 3701 λη’.
2292 3627 2451 3701 Ἀλλ’,
2478 3622 2523 3684 ὦ
2551 3627 2687 3682 Θεοῦ
2717 3626 2971 3701 θεράπων
3005 3626 3319 3692 πιστότατε,
3350 3626 3561 3682 παῦσον
3580 3628 3675 3683 τὸν

2082 3723 2143 3776 ὲν
2175 3725 2308 3794 ἡμῖν
2340 3722 2441 3793 τῆς
2469 3721 2672 3790 σαρκὸς
2706 3720 3079 3795 ίσχυρὼτατον
3109 3721 3366 3793 πόλεμον,
3396 3720 3493 3773 καὶ
3525 3720 3669 3775 δίδου

2083 3816 2203 3877 ταῖς
2239 3817 2357 3878 σαῖς
2381 3815 2517 3885 πρὸς
2547 3814 2638 3868 τὸν
2666 3814 2802 3868 Θεὸν
2846 3812 3284 3885 παρακλήσεων,
3318 3811 3667 3883 ἁφάνταστον

2084 3905 2242 3975 ἡμῶν
2286 3904 2662 3977 διατηρεῖσθαι
2696 3905 2789 3957 τὸν
2821 3903 2983 3959 νοῦν·
3016 3902 3166 3973 ἔχεις
3202 3902 3311 3974 γὰρ
3350 3902 3668 3976 παρρησίαν

2088 3996 2309 4067 πολλὴν,
2333 3995 2405 4060 ὡς
2430 3996 2691 4061 τεθεικὼς
2715 3996 2815 4067 τὴν
2852 3996 2951 4068 σὴν
2983 3995 3258 4067 μακαρίαν
3299 3995 3480 4067 ψυχὴν
3524 3995 3665 4065 ὑπὲρ

2087 4089 2184 4159 τῆς
2205 4088 2365 4156 ἁγίας
2398 4088 2608 4153 εἰκόνος
2657 4088 2847 4156 αὑτοῦ,
2903 4090 2978 4152 ὡς
3022 4090 3262 4159 τιμήσας
3314 4088 3441 4152 τοὺς
3480 4088 3670 4155 ἁγίους

2087 4180 2256 4235 αὑτοῦ
2281 4183 2392 4245 τοῖς
2425 4184 2536 4247 σοῖς
2556 4182 2731 4252 ἁγίοις
2756 4184 3060 4254 πονήμασι,
3091 4181 3215 4253 μεθ’
3241 4174 3316 4236 ὧν
3342 4180 3668 4253 πρεσϐεύοις

2088 4275 2229 4344 ὑπὲρ
2256 4274 2435 4345 ἡμῶν,
2480 4275 2587 4328 τῶν
2631 4274 2689 4329 σὲ
2744 4277 3057 4346 προστάτην
3098 4274 3246 4345 ἔχειν
3283 4272 3667 4343 ἐπευχομένων

2085 4369 2194 4432 ἀεὶ,
2226 4369 2320 4422 καὶ
2371 4368 2669 4439 maqu
2713 4368 2871 4439 ἡμῶν
2919 4366 3012 4421 τὸν
3048 4365 3172 4419 νοῦν
3224 4363 3429 4434 νοερῶς
3476 4362 3665 4417 τυπῶν

2084 4463 2221 4533 πρὸς
2272 4462 2542 4533 μυστικὴν
2578 4460 2849 4530 μελῳδίαν
2895 4459 2990 4513 τοῦ
3030 4458 3369 4527 Πνεύματος,
3415 4456 3501 4509 ἵνα
3529 4472 3669 4523 συμ-
3724 4516 3727 4517 ν

402 4548 690 4617 splendore
716 4548 1021 4618 perfundis,
1056 4550 1380 4618 spiritaliter
1416 4549 1723 4603 informans
1751 4548 1817 4601 ad
1864 4564 1978 4617 my—

2092 4555 2293 4625 φωνοίη
2328 4555 2393 4607 τὰ
2430 4554 2536 4620 ἔξω
2580 4556 2691 4617 τοῖς
2717 4554 2950 4619 ἔνδοθεν,
2984 4550 3081 4606 καὶ
3125 4552 3186 4604 τὸ
3227 4538 3501 4621 μακάριον
3551 4547 3668 4620 ᾄδοι

403 4643 541 4698 stica
575 4642 797 4713 spiritus
826 4642 1139 4707 melodiam,
1167 4654 1227 4697 ut
1257 4642 1583 4697 exteriorem
1601 4653 1819 4697 cantum
1854 4658 1976 4697 cum

404 4734 655 4791 interiori
687 4736 1007 4805 coniungat,
1062 4743 1117 4789 et
1148 4734 1525 4790 beatissimum
1556 4733 1727 4789 Deum
1762 4736 1973 4789 suavis-

404 4831 543 4884 simo
600 4841 764 4883 cantu
810 4828 1085 4882 collaudat
1128 4828 1429 4882 secundum
1487 4829 1760 4883 occultam
1816 4840 1979 4899 atque

404 4919 829 4975 intellectualem
868 4920 1135 4975 musicam
1174 4935 1237 4975 ac
1280 4921 1737 4987 modulationem,
1772 4920 1825 4974 in
1859 4922 1979 4977 loco

402 5012 623 5083 quidem
647 5013 915 5069 incolatus
940 5028 1035 5085 per
1062 5021 1249 5085 typum
1270 5023 1325 5069 et
1354 5014 1672 5084 imaginem,
1706 5013 1760 5067 in
1798 5013 1980 5069 futuro

2088 4645 2230 4699 κατὰ
2259 4646 2319 4699 τὸ
2346 4649 2590 4717 κρυπτὸν
2632 4646 2725 4701 καὶ
2758 4646 3049 4716 νοούμενον
3096 4642 3351 4714 ἐμμελῶς
3396 4640 3671 4712 μουσούρο

2087 4752 2245 4805 γημα
2274 4738 2369 4789 καὶ
2402 4734 2728 4807 μελῲόημα,
2752 4736 2810 4789 ὲν
2837 4736 2933 4806 μὲν
2964 4734 3042 4805 τῷ
3064 4733 3216 4805 τόπῳ
3245 4734 3341 4803 τῆς
3373 4731 3669 4802 παροικίας

2088 4830 2375 4893 εἰκονικῶς
2399 4847 2455 4883 τε
2486 4830 2583 4883 καὶ
2612 4830 2881 4897 τυπικῶς,
2913 4830 2972 4883 ὲν
3014 4830 3071 4882 δὲ
3112 4829 3189 4898 τῷ
3221 4827 3467 4898 μέλλοντι
3509 4823 3669 4877 αἰῶνι

2088 4924 2291 4993 νοερῶς
2320 4926 2415 4979 καὶ
2446 4925 2796 4991 τελεστικῶς,
2828 4925 2887 4977 ὲν
2922 4923 3070 4994 αὐτῷ
3094 4921 3335 4993 Χριστῷ,
3378 4918 3455 4990 τῷ
3487 4933 3547 4971 σε
3587 4932 3672 4970 τι·

2090 5018 2325 5088 μήσαντι
2354 5018 2446 5072 καὶ
2466 5016 2747 5083 δοξάσαντι
2768 5022 2847 5082 είς
2872 5018 2998 5080 τοὺς
3022 5015 3244 5078 αἰῶνας.
3290 5013 3483 5083 Ἀμήν.

402 5113 586 5159 autem
619 5104 1283 5163 mulointellectualiter
1351 5114 1517 5177 atque
1558 5118 1757 5161 arcane
1801 5104 1857 5161 in
1921 5106 2040 5177 ipso
2112 5105 2354 5174 Christo,
2401 5107 2495 5179 qui
2549 5118 2602 5163 te
2654 5106 2947 5165 honoravit
2992 5112 3047 5161 et
3097 5102 3421 5176 gloriﬁcavit
3460 5101 3513 5156 in
3562 5113 3668 5157 sua.

404 5198 548 5255 cula.
582 5200 757 5257 Amen
