4134 6336
387 403 493 468 979
1490 404 1550 463 S.
1593 399 1904 464 JOSEPIII
1949 392 2510 458 IIYMNOGRAPIII
3531 381 3638 446 980

415 518 559 583 cudi,
597 518 688 587 qui
732 513 1026 570 incredibili
1060 531 1183 584 erga
1220 514 1315 568 Dei
1373 514 1597 568 Matrem
1634 515 1821 566 ardore
1851 519 2167 570 testuarunt,
2195 517 2242 560 et
2277 505 2557 558 tenerrima
2608 517 2824 571 prorsus
2864 516 2990 569 erga
3029 497 3265 552 eamdem
3306 495 3500 587 pietate
3526 495 3641 587 eni-

416 583 641 667 nerant‘;
673 605 805 658 duas
833 603 1005 656 solum
1030 583 1209 667 e-tuis,
1246 603 1346 656 levi
1393 611 1597 655 tantum
1633 602 1840 654 calamo
1889 598 2151 661 delibabo,
2187 612 2310 665 erga
2342 593 2779 663 augustissimam
2817 588 2909 642 Dei
2944 587 3174 641 Matrem
3219 583 3641 654 ﬂagrantissimo

423 699 579 766 [fectu
633 696 963 766 conspicuos,
1019 714 1048 748 a
1077 696 1253 763 proba:
1300 705 1436 750 nota:
1483 695 1826 764 scriptoribus
1864 692 2166 753 recensitos,
2214 705 2276 740 ac
2307 686 2527 739 summis
2580 685 2740 738 etiam
2782 681 3032 734 laudibus
3085 677 3418 738 celebratos;
3457 689 3638 766 nempe

415 763 616 838 titulum
648 763 1014 848 Odescalcum,
1049 795 1319 854 utriusque
1350 763 1642 852 signatura
1675 779 2110 846 referendarium,
2145 782 2441 845 episcopum
2476 772 2822 828 Pennensem.
2847 779 2896 822 et
2928 768 3240 821 Adriense‘m
3262 782 3280 827 ξ
3303 767 3394 834 qui
3425 763 3643 854 auditor

407 874 647 937 p-nernlis
676 888 900 926 camera:
933 853 1260 939 apostolicus.
1289 883 1340 926 et
1370 872 1513 938 apud
1548 869 1740 928 multos
1788 869 2051 937 principes
2101 865 2434 920 Christianos
2463 863 2814 932 (nominatim.
2839 859 2984 926 apud
3029 856 3418 926 Hispaniarum
3447 853 3640 922 regem)

405 966 524 1019 edis
576 963 884 1032 apostolica?
920 963 1159 1027 nuntius,
1187 972 1235 1014 et
1265 965 1585 1031 gubernator
1631 962 2050 1030 provinciarum,
2081 966 2128 1007 et
2166 956 2328 1008 totius
2369 953 2741 1008 ecclesiastica:
2783 951 3007 1004 ditionis
3062 948 3308 1001 uisitator
3353 945 3639 1016 generalis,

408 1063 504 1106 rost
543 1052 735 1105 multos
765 1069 858 1118 pro
892 1051 1133 1104 Romana
1186 1049 1431 1103 Ecclesia
1474 1062 1708 1110 sumptos
1742 1048 1968 1106 labores.
2001 1056 2048 1099 et
2084 1060 2297 1112 operam
2320 1042 2525 1111 egregie
2554 1049 2828 1102 navatam,
2871 1037 2998 1089 obiit
3031 1052 3169 1088 anno
3207 1032 3420 1087 Domini
3479 1033 3640 1095 1585,

408 1139 576 1195 ildus
614 1139 916 1193 Februarii.
943 1139 1011 1192 Et
1036 1137 1255 1192 Petrum
1295 1137 1576 1208 Georgium
1607 1136 1972 1196 Odescalcuvn,
2000 1131 2423 1201 protonotarium
2460 1130 2830 1197 apostolicum,
2869 1126 3145 1194 utriusque
3180 1121 3645 1208 signaturairefe-

399 1229 714 1290 rendarium,
753 1229 976 1296 majoris
1008 1227 1363 1297 prcesidentia:
1401 1207 1833 1288 abbreviatorem,
1875 1223 2106 1277 brevium
2130 1218 2361 1285 justitiaz
2398 1216 2729 1285 prmfectum,
2779 1211 3120 1266 Alexandria!
3155 1212 3408 1274 primum,
3454 1207 3645 1297 deinde

400 1312 647 1383 Vigerani
679 1295 1192 1383 episcopum—atque
1225 1315 1364 1380 apud
1395 1310 1662 1366 Heluetios
1695 1312 1834 1368 sedis
1869 1309 2174 1380 apostolica:
2217 1307 2483 1366 nuntium,
2510 1304 2680 1358 virum
2717 1301 2930 1355 omnino
2962 1300 3236 1360 eximium,
3272 1306 3322 1351 et
3353 1295 3644 1366 compluri-

384 1403 483 1457 bus
507 1403 810 1455 litterarum
838 1402 1190 1454 monumentis
1225 1402 1512 1454 a'ternitati
1544 1401 1880 1454 meritissime
1907 1407 2268 1452 consecratum
2291 1413 2308 1460 ;
2333 1396 2421 1464 qui
2448 1393 2672 1462 majores
2700 1392 2956 1445 bonorum
2990 1389 3186 1458 gradus
3221 1387 3461 1451 meritus,
3485 1401 3645 1455 quam

389 1487 630 1554 adeptus,
659 1501 878 1538 cursum
901 1484 1021 1538 vita:
1048 1485 1433 1538 consummavit
1457 1501 1596 1540 anno
1619 1494 1735 1549 post
1768 1494 1952 1536 natum
1983 1485 2047 1542 de
2083 1484 2298 1555 Virgine
2326 1481 2658 1538 Saluatorein
2691 1479 2852 1542 i620,
2878 1478 2963 1531 die
2992 1475 3023 1530 6
3051 1477 3200 1531 Maii.
3233 1475 3406 1529 Porro
3437 1473 3643 1528 Paulus

392 1573 734 1636 Odescalcus,
767 1590 883 1627 cum
919 1582 1052 1626 esset
1088 1575 1480 1642 augustissima:
1521 1573 1772 1627 caelorum
1825 1573 2036 1642 Regina:
2074 1571 2509 1626 constantissime
2550 1570 2765 1634 pietate,
2807 1577 2966 1637 atque
3005 1565 3329 1618 immutabili
3372 1565 3646 1617 devotione

389 1662 657 1716 devinctus
687 1663 786 1733 (τι),
812 1662 970 1730 jussu
1007 1660 1249 1737 Gregorii
1281 1660 1428 1714 XI“
1471 1659 1676 1724 Pontif.
1713 1659 1865 1715 Max.
1898 1664 2095 1715 electus
2117 1669 2215 1721 est,
2246 1668 2302 1713 ut
2329 1658 2598 1712 Joannam
2636 1658 3004 1720 Austriacam,
3046 1652 3374 1709 Ferdinandi
3410 1653 3645 1707 Cwsaris

386 1751 582 1820 ﬁliam.
609 1753 947 1812 eamdemque
983 1749 1282 1817 Francisci,
1319 1750 1496 1820 magni
1548 1749 1779 1801 Etruria!
1824 1753 1997 1814 ducis,
2049 1765 2290 1813 uxorem,
2346 1749 2636 1803 Lauretum
2682 1758 2910 1809 euntem,
2957 1757 3067 1802 tota
3104 1745 3380 1815 pontiﬁcio
3419 1745 3642 1808 ditione,

386 1841 531 1910 regio
552 1842 696 1895 cultu
722 1841 1070 1906 exciperet,“
1095 1838 1164 1895 ad
1192 1839 1582 1908 Optatissimum
1621 1837 1848 1908 Virginis
1869 1840 2033 1893 adem
2055 1840 2333 1893 deduceret
2364 1856 2382 1894 :
2408 1855 2527 1892 cum
2558 1855 2850 1908 congruum
2892 1838 3108 1891 omnino
3154 1843 3312 1898 esset,
3366 1833 3642 1888 heroinam

392 1929 919 1996 praestantissimum.
951 1944 1157 1983 summa
1188 1927 1562 1990 benevolentia,
1595 1943 1899 1996 summoque
1926 1944 2057 1997 erga
2097 1928 2379 1988 Deiparam
2415 1924 2684 1997 Virginem
2728 1927 2898 1979 animi
2924 1925 3118 1994 affectu
3157 1923 3576 1994 pra'dicandam,
3609 1937 3643 1972 α

383 2015 498 2068 viro
525 2017 714 2083 excipi,
747 2014 1056 2084 deducique,
1083 2015 1172 2084 qui
1196 2024 1327 2068 esset
1368 2015 1760 2085 augustissime
1790 2014 1886 2068 Dei
1922 2015 2116 2070 Matris
2175 2014 2408 2085 Virginis
2447 2015 2638 2071 Mariae
2671 2015 2832 2068 cliens
2877 2015 3092 2067 omnino
3125 2013 3375 2076 eximius,
3427 2011 3646 2079 ejusque

385 2102 555 2155 cultui
585 2104 931 2172 obsequioque
957 2103 1282 2170 penitissime
1312 2102 1578 2155 addictus.
1612 2101 1760 2155 Idem
1790 2119 1994 2173 quoque
2027 2103 2252 2167 Paulus,
2284 2122 2404 2158 cum
2443 2104 2730 2159 Rosarium
2760 2102 2822 2157 Β.
2865 2103 3095 2174 Virginis
3124 2121 3153 2155 a
3176 2102 3405 2170 pueritia
3442 2102 3561 2170 ipsa
3588 2102 3643 2152 in

382 2189 656 2243 amoribus
703 2189 990 2252 habuisset,
1024 2205 1055 2242 a
1085 2187 1186 2243 Pio
1232 2188 1270 2241 V
1309 2188 1515 2259 Ponti].
1553 2188 1703 2243 Max.
1738 2191 1806 2242 ad
1834 2187 2098 2246 Joannem
2148 2193 2518 2260 Austriacum,
2557 2192 2741 2249 Caroli
2779 2192 2820 2246 V
2859 2192 3092 2248 Cwsaris
3126 2192 3298 2260 [ilium
3332 2191 3430 2262 (li),
3463 2202 3511 2243 et
3539 2188 3646 2244 Ca-

385 2277 570 2330 tltolici
607 2279 868 2331 exercitus
892 2286 1077 2330 contra
1109 2276 1308 2330 Turcas
1342 2279 1736 2347 imperatorem,
1760 2277 1885 2347 jure
1914 2281 2104 2336 merito
2137 2281 2240 2352 fuit
2269 2280 2502 2338 Nuntius
2530 2282 2854 2348 destinatus,
2883 2293 2936 2333 ut
2971 2283 3114 2334 inter
3149 2279 3260 2333 alia
3288 2281 3377 2348 pia
3402 2295 3643 2341 munera,

382 2365 442 2417 in
483 2364 790 2419 classiarios
858 2381 1034 2419 omnes
1067 2381 1183 2417 cum
1221 2366 1400 2434 fausta
1454 2367 1689 2420 i'ictoriaz
1726 2369 2100 2434 apprecatione
2131 2369 2523 2432 distribuenda,
2557 2371 2664 2437 ipsi
2697 2370 2981 2424 Austriaco
3031 2368 3266 2431 eiusdem
3297 2367 3362 2420 R.
3407 2366 3645 2436 Virginis

386 2452 671 2507 Rosarium
702 2455 951 2519 deferret.
991 2453 1144 2517 Quod
1191 2470 1347 2522 porro
1401 2453 1706 2516 Rosarium,
1743 2455 1870 2507 dum
1898 2455 1961 2508 de
1987 2457 2224 2525 ejusdem
2270 2457 2537 2528 pontiﬁcis
2595 2456 2854 2511 mandata
2887 2459 2939 2509 in
2977 2458 3113 2509 tanti
3163 2456 3419 2524 principis
3456 2470 3644 2508 manus

383 2546 741 2612 cmisignaret.
771 2545 853 2598 liis
880 2545 1063 2604 dictis,
1093 2560 1157 2597 ex
1185 2545 1358 2596 cordis
1389 2546 1648 2600 penetrali
1690 2547 1900 2606 intimo,
1937 2563 2002 2599 ac
2034 2563 2062 2599 e
2088 2547 2249 2606 totius
2284 2547 2496 2613 ﬁducia'
2529 2545 2806 2599 soliditate
2840 2546 3186 2615 expromptis,
3219 2561 3345 2598 usus
3375 2555 3494 2598 est:
3526 2565 3543 2594 ι
3579 2541 3645 2595 lu

380 2633 480 2688 hoc
517 2635 664 2704 signa
698 2635 885 2687 vinces.
931 2652 948 2685 ι
985 2633 1110 2687 Hch
1156 2646 1331 2687 autem
1385 2635 1558 2690 verba.
1595 2645 1650 2694 ut
1681 2633 2027 2690 Constantino
2059 2631 2209 2693 oiim,
2237 2633 2310 2684 ita
2363 2641 2484 2684 tunc
2520 2629 2736 2684 Austrio
2784 2629 2950 2699 fuisse
3001 2640 3198 2682 certam
3228 2646 3256 2683 e
3283 2629 3415 2682 ca’lo
3445 2630 3646 2698 futuras

383 2722 618 2775 victoria:
643 2723 994 2790 sponsionem,
1025 2723 1102 2776 rei
1123 2733 1300 2792 postea
1325 2724 1704 2774 demonstravit
1733 2734 1963 2775 eventus.
1996 2722 2138 2775 Nam
2165 2722 2433 2784 Austrius,
2460 2737 2580 2774 cum
2603 2720 2885 2776 Rosarium
2912 2721 2977 2775 ab
3013 2720 3302 2777 Odesculco
3335 2723 3642 2790 accepisset,

383 2810 563 2864 divina
596 2811 828 2879 quadam
864 2813 1056 2866 virtute
1081 2823 1130 2868 et
1163 2813 1346 2862 rubore
1384 2812 1738 2879 confortatus,
1776 2811 1882 2867 Deo
1911 2825 1957 2864 et
1990 2811 2306 2864 beatissima:
2349 2808 2551 2880 Virgini
2592 2811 2885 2878 confidens,
2918 2827 3097 2864 omnes
3129 2812 3368 2862 triremes
3402 2819 3452 2860 et
3483 2825 3640 2862 naves

383 2899 623 2954 uisitans.
663 2903 880 2956 nut’ites.
913 2903 1070 2956 duces
1095 2913 1142 2961 et
1175 2903 1458 2968 principis.
1488 2905 1576 2961 qui
1609 2903 1680 2954 ibi
1713 2902 1955 2963 aderant.
1993 2902 2346 2968 conﬁrmavit,
2382 2901 2643 2971 simulque
2674 2903 2743 2954 ad
2771 2917 3001 2971 pugnam
3033 2911 3242 2953 strenue
3280 2898 3552 2957 excitavit,
3585 2905 3638 2949 et

380 2991 738 3046 postmodum.
769 2991 1002 3044 eiusdem
1033 3009 1186 3060 pra’s-
1206 2994 1328 3042 rtim
1363 2991 1575 3047 liosarii
1603 2995 1816 3054 virtute,
1847 2993 1908 3050 de
1938 2991 2305 3045 ualentissima
2337 2988 2634 3043 Turcarum
2659 2990 2826 3043 classe
2853 2989 2923 3041 ad
2957 2986 3256 3040 Echinadas
3287 2984 3492 3037 insulas
3517 2983 3632 3051 glo-

382 3079 730 3132 riosissimam
765 3065 1041 3131 uictoriam
1069 3083 1373 3135 reportarit.

461 3169 649 3216 Petrus
691 3185 809 3213 ιιργω
862 3177 1117 3235 (ιιί)Υ9Η(8
1170 3179 1524 3231 uaescatcus,
1577 3172 1656 3222 vir
1687 3171 1750 3221 ab
1785 3171 1977 3224 eximia
2013 3171 2066 3223 in
2101 3169 2332 3224 Mariam
2391 3167 2674 3238 Deiparam
2740 3165 3005 3236 Virginem
3039 3165 3232 3234 pietate
3269 3172 3318 3216 et
3376 3160 3635 3231 religione

383 3263 641 3309 curruum
677 3256 1070 3314 prindicandus,
1101 3257 1239 3315 inter
1267 3260 1376 3312 alia
1405 3261 1558 3326 plane
1590 3261 1887 3316 innumera,
1917 3261 2105 3327 quibus
2130 3259 2567 3314 ardentissimum
2589 3275 2712 3328 erga
2741 3272 2986 3325 magnam
3019 3255 3110 3309 Dei
3141 3254 3368 3307 Matrem
3396 3253 3636 3304 studium

383 3348 676 3396 declaravit
715 3343 810 3413 (c),
843 3343 1149 3396 litterarum
1185 3346 1534 3403 monumentis
1567 3347 1635 3399 ad
1668 3357 1904 3416 posteros
1940 3348 2238 3401 transmisit
2263 3364 2391 3417 opus
2423 3347 2580 3417 plane
2609 3347 2893 3416 egregium,
2931 3352 2980 3397 et
3009 3343 3074 3396 ab
3106 3343 3348 3395 omnibus
3394 3340 3640 3392 Mariano

383 3439 551 3485 cultui
577 3432 896 3495 mancipatis
926 3431 1140 3484 assidue
1176 3432 1470 3500 legendum,
1501 3432 1596 3487 sub
1632 3434 1787 3488 titulo
1819 3435 1895 3504 (d)
1931 3457 1944 3489 :
1973 3435 2281 3489 lnstilutnm
2308 3435 2618 3489 devotionis
2641 3435 2705 3487 ad
2735 3435 2999 3488 honorem
3032 3430 3363 3485 beatissima:
3402 3427 3644 3496 Virginis

389 3517 615 3585 Marini;
650 3530 809 3589 atque
860 3521 1074 3588 insuper
1120 3535 1274 3574 extra
1321 3521 1467 3576 urbis
1504 3523 1883 3577 Alexandriam
1929 3527 2141 3584 moenia.
2170 3525 2223 3576 in
2254 3524 2484 3592 ejusdem
2522 3523 2844 3577 beatissimrc
2888 3519 3121 3590 Virginis
3169 3519 3352 3571 Maria,
3391 3519 3641 3568 honorem

385 3609 491 3659 tria
529 3610 721 3672 templa
747 3608 1106 3661 construenda
1152 3609 1483 3680 dicendoque
1532 3613 1756 3666 curauit.
1807 3612 1933 3667 "(Bc
1983 3622 2159 3665 autem
2189 3614 2254 3666 de
2278 3612 2384 3666 tuis
2423 3611 2754 3666 solummodo
2793 3610 3054 3663 delibasse
3107 3618 3379 3661 contentus
3411 3608 3554 3670 (ηηή
3585 3611 3642 3656 ³³⁸

383 3696 624 3748 oratione
653 3696 718 3749 de
746 3713 843 3749 sua
871 3697 925 3750 in
958 3697 1320 3766 presbyterum
1371 3698 1736 3769 designatione
1787 3701 2054 3754 verissime
2085 3698 2225 3752 dixit
2269 3699 2680 3770 Cltrgsostomus
2711 3714 2728 3753 :
2763 3714 2785 3750 ι
2820 3696 2887 3750 In
2922 3697 3168 3766 pretiosis
3206 3694 3509 3764 unguentis,
3541 3708 3643 3745 non

385 3795 594 3837 tantum
625 3786 671 3837 si
695 3787 812 3854 quis
860 3784 1101 3851 e/fundat
1147 3784 1432 3855 lecgthum.
1458 3803 1637 3841 verum
1667 3789 1829 3842 etiam
1869 3791 1916 3842 si
1947 3789 2068 3858 quis
2098 3788 2178 3842 vel
2207 3787 2428 3840 summis
2477 3787 2660 3854 digitis
2701 3784 3032 3853 superﬁciem
3086 3785 3338 3852 attingat,
3375 3791 3424 3835 et
3466 3797 3640 3834 aerem

383 3888 515 3925 novo
547 3872 705 3925 odore
733 3871 913 3930 tinxit,
944 3882 992 3924 et
1029 3882 1280 3942 quotquot
1313 3873 1509 3928 adsunt
1544 3877 1862 3945 fragrantia:
1892 3877 2162 3930 suavitate
2199 3876 2437 3945 replevit.
2491 3895 2507 3926 ι
2551 3874 2693 3940 Quid
2716 3875 2779 3928 de
2812 3883 2859 3927 te
2896 3873 3097 3938 dicam,
3137 3874 3376 3940 princeps
3408 3872 3642 3922 eminen-

385 3959 611 4019 tissime,
642 3961 730 4028 qui
767 3976 1001 4012 omnium
1025 3959 1290 4027 majorum
1325 3969 1541 4014 tuorum
1571 3964 1819 4030 pietatem
1849 3982 1976 4036 erga
2013 3951 2324 4034 Deiparam,
2351 3979 2457 4016 una
2487 3978 2606 4015 cum
2631 3961 2754 4014 aliis
2789 3961 3354 4028 pra‘slantissinmrunt
3388 3959 3641 4010 virtutum

384 4049 732 4104 ornamentis.
762 4063 860 4100 non
892 4048 1065 4100 solum
1096 4063 1331 4115 aequare,
1357 4049 1448 4101 sed
1470 4051 1629 4102 etiam
1673 4067 1921 4118 superare
1951 4052 2249 4107 studuisti?
2276 4052 2518 4105 Dicerem
2568 4060 2618 4104 te
2651 4049 2899 4104 Ecclesia
2941 4049 2998 4104 S.
3043 4047 3233 4102 Maria:
3261 4048 3320 4100 de
3354 4047 3641 4104 Montibus,

383 4133 446 4186 ob
475 4135 844 4201 patentissima
880 4134 1260 4187 miraculorum
1303 4136 1477 4204 signa,
1517 4154 1634 4207 qua:
1680 4139 1754 4192 ibi
1796 4138 2031 4208 quotidie
2059 4143 2112 4197 in
2162 4141 2354 4194 Matris
2404 4156 2515 4193 sum
2572 4139 2808 4207 gratiam
2864 4138 3192 4190 demonstrat
3231 4135 3390 4199 Deus,
3436 4136 3490 4187 in
3523 4133 3647 4186 urbe

383 4225 890 4295 famigeratissimte,
934 4239 1033 4276 non
1069 4225 1181 4276 sine
1212 4226 1433 4293 speciali
1462 4226 1654 4282 divina
1677 4230 2018 4298 providentia:
2050 4230 2292 4292 consilio,
2325 4236 2674 4296 protectorem
2704 4226 2866 4294 fuisse
2893 4225 3228 4278 meritissimo
3266 4224 3646 4284 constitutum;

383 4331 504 4367 cum
533 4331 591 4366 eo
621 4315 850 4366 exsistas
883 4329 1008 4381 erga
1041 4313 1324 4381 Deiparam
1378 4313 1645 4385 Virginem
1685 4318 1898 4386 affectu,
1933 4330 1990 4373 ut
2034 4320 2089 4372 in
2115 4319 2315 4382 omnia,
2349 4331 2466 4387 qua:
2498 4324 2664 4369 tanta
2699 4314 2892 4367 Matris
2934 4314 3183 4365 honorem
3210 4329 3271 4363 ac
3301 4313 3643 4364 reverentiam

385 4413 628 4471 tangunt,
661 4403 825 4470 magis
846 4418 1011 4468 prono
1037 4418 1099 4454 ac
1130 4403 1339 4455 incenso
1368 4405 1546 4456 animo
1594 4408 1847 4473 rapiaris,
1879 4425 2040 4478 quam
2065 4407 2134 4460 ad
2170 4415 2458 4475 magnetem
2487 4405 2713 4474 ferrum,
2745 4414 2902 4473 atque
2931 4403 2999 4454 ad
3031 4402 3161 4455 solis
3188 4411 3360 4454 rotam
3402 4401 3646 4467 rapiatur

385 4490 778 4554 lieliotropiinn.
816 4488 1170 4542 Prardirarem
1203 4507 1521 4560 propensum
1561 4496 1852 4550 voluntatis
1886 4507 1990 4551 tute
2017 4498 2270 4561 studium,
2302 4513 2363 4550 ac
2387 4497 2534 4549 cordi
2575 4505 2663 4548 tuo
2692 4495 2912 4546 insitam
2951 4494 3282 4546 teneritatem
3314 4508 3439 4560 erga
3470 4507 3644 4561 augu-

383 4579 679 4631 stissimum
726 4578 1047 4632 Lauretana:
1109 4577 1341 4648 Virginis
1389 4583 1726 4644 sacrarium,
1773 4585 1828 4636 in
1870 4601 1972 4654 quo
2026 4586 2254 4654 Deipara
2302 4588 2501 4653 genita,
2555 4592 2603 4634 et
2644 4584 2893 4643 educata,
2939 4591 2987 4634 et
3023 4581 3079 4634 in
3115 4597 3216 4647 quo
3257 4579 3485 4633 Verbum
3520 4596 3647 4632 caro

383 4670 588 4733 factum
619 4677 694 4720 est
719 4684 738 4731 ;
766 4683 882 4720 cum
927 4667 1061 4719 illud
1108 4685 1211 4720 non
1235 4669 1406 4722 solum
1456 4670 1849 4741 religiosissime
1893 4675 2134 4729 inviseris
2159 4717 2173 4734 .
2219 4677 2311 4729 sed
2343 4676 2502 4726 etiam
2549 4673 2602 4724 in
2639 4672 3014 4740 beneﬁciorum
3062 4668 3380 4723 Lauretante
3417 4667 3649 4738 Virginis

379 4773 507 4826 erga
536 4766 581 4809 te
614 4758 826 4824 signum
874 4759 1011 4825 (ipsa
1043 4760 1177 4809 enim
1213 4760 1342 4812 vatis
1379 4761 1482 4812 tuis
1526 4762 1740 4830 benigne
1794 4773 2083 4826 annuente,
2126 4763 2278 4832 fuisti
2307 4778 2338 4814 a
2371 4761 2517 4831 gravi
2559 4760 2848 4829 gntturalis
2887 4759 3287 4827 suppurationis
3334 4757 3652 4827 (egritudine

383 4844 721 4912 persanatusi
755 4846 932 4899 aureis
963 4847 1134 4908 donis,
1179 4857 1270 4899 tua
1297 4850 1490 4914 pietate
1515 4861 1562 4902 et
1597 4851 1991 4919 magniﬁcentia
2021 4851 2218 4916 dignis,
2251 4848 2628 4902 lionestaneris.
2667 4847 2998 4901 Celebrarem
3035 4856 3104 4909 te,
3139 4846 3382 4914 adjutuin
3423 4862 3650 4914 premer-

383 4935 479 4984 tim
506 4949 598 4996 ape
627 4931 887 4998 Deiparae,
928 4950 1087 5001 quam
1115 4935 1474 5004 singularibus
1524 4937 1893 5004 obsequiorum
1925 4941 2226 5008 generibus,
2257 4938 2562 5005 magnisque
2584 4935 2912 4988 devotissimi
2957 4935 3181 5002 affectus
3233 4933 3648 5003 significationi-

385 5023 480 5091 bus
507 5020 605 5071 tibi
629 5021 842 5073 assidue
865 5023 1122 5075 demereri
1155 5025 1458 5089 procurasti
1478 5041 1496 5088 ,'
1538 5023 1912 5079 Norariensem
1944 5029 2332 5094 episcopatum,
2379 5025 2695 5093 legationem
2739 5022 3163 5082 Ferrariensem,
3199 5031 3357 5092 atque
3385 5020 3495 5074 alia
3531 5036 3652 5073 mu-

387 5123 513 5159 nera
546 5124 579 5160 a
605 5108 724 5160 sede
755 5108 1049 5175 aptutolica
1085 5119 1189 5161 tua:
1209 5127 1350 5164 cura!
1380 5115 1688 5173 commissa,
1725 5131 1929 5166 summa
1959 5131 2163 5180 semper
2193 5130 2310 5167 cum
2335 5113 2642 5181 prudentia,
2677 5121 2834 5181 atque
2863 5113 3171 5182 integritate
3202 5111 3608 5164 administrasse
3631 5124 3650 5162 :

386 5213 446 5244 ac
472 5195 703 5259 eiusdem
763 5195 1009 5264 Deipara:
1051 5198 1147 5249 tibi
1187 5200 1483 5265 patrocinio
1525 5201 1764 5268 favente,
1809 5213 1858 5255 te
1885 5206 1937 5254 in
1980 5205 2224 5255 omnibus
2277 5202 2441 5269 fuisse
2489 5209 2691 5268 semper
2721 5204 2775 5252 in
2800 5201 3013 5269 judicio
3062 5209 3284 5261 rectum,
3326 5203 3381 5252 in
3417 5198 3650 5250 moribus

384 5284 734 5350 inculpatum,
765 5285 818 5335 in
845 5285 1033 5351 gratiis
1057 5294 1104 5338 et
1140 5286 1405 5353 beneﬁciis
1445 5298 1768 5356 promptum,
1802 5307 1924 5357 erga
1952 5291 2192 5344 subditos
2233 5292 2534 5359 benignum.
2563 5291 2616 5342 in
2649 5304 2904 5356 pauperes
2938 5288 3271 5353 muniﬁcum,
3316 5287 3497 5338 animo
3521 5303 3653 5339 can-

383 5373 588 5426 didam.
615 5369 771 5424 corde
799 5373 1086 5437 sincerum,
1121 5375 1225 5426 vita
1248 5392 1460 5442 purum,
1492 5385 1540 5428 et
1570 5389 1622 5428 ut
1657 5384 1807 5429 verba
1840 5379 2037 5441 dicam,
2068 5381 2122 5430 in
2154 5378 2395 5430 omnibus
2425 5381 2593 5429 virum
2624 5379 2700 5428 tui
2729 5377 2958 5429 nominis
2989 5375 3320 5426 benedictum
3346 5388 3364 5425 :
3390 5375 3493 5425 nisi
3518 5374 3651 5438 litec,

381 5470 430 5511 et
457 5461 732 5528 complura
760 5462 870 5513 alia
898 5463 1251 5514 devotissima:
1288 5466 1474 5515 mentis
1497 5475 1602 5516 tum
1633 5481 1755 5532 ergo
1792 5465 1884 5517 Dei
1917 5464 2141 5517 Matrem
2173 5463 2493 5521 testimonia,
2523 5471 2572 5512 et
2599 5459 2880 5526 splendida
2917 5457 3154 5523 eiusdem
3187 5455 3281 5509 Dei
3305 5455 3500 5510 Matris
3525 5473 3652 5526 erga

383 5557 433 5601 te
463 5545 765 5601 Clementia:
798 5560 1162 5613 monumenta,
1194 5566 1312 5619 quae
1349 5553 1461 5604 sola
1499 5554 1734 5604 veritatis
1779 5553 1975 5622 affectu
2014 5561 2251 5622 urgente,
2300 5550 2412 5601 sine
2445 5547 2557 5600 ulla
2588 5546 2970 5599 assentationis
3004 5554 3132 5598 nota
3159 5545 3387 5598 scribere
3418 5559 3652 5610 possem,

471 5737 528 5809 ᾳ)
560 5733 890 5809 Ϊμτωῐιηὶη
932 5732 1074 5809 Hist.
1114 5733 1326 5789 Lauret.
1366 5736 1462 5809 iiIi,
1503 5751 1576 5796 iv,
1610 5751 1732 5804 cap.
1759 5737 1852 5809 25,

2143 5732 2212 5809 (ei
2243 5730 2502 5809 ligneum
2530 5727 2583 5780 in
2619 5725 2788 5809 Italia
2817 5743 2996 5809 sacra,
3017 5739 3172 5809 λέπη.
3206 5725 3329 5809 IV."
3572 5795 3603 5809 μ

450 5796 917 5928 (ώοηγδεξυιιιυε
952 5806 1295 5875 Clioqueuus
1343 5810 1394 5860 in
1437 5796 1724 5875 'l'riumplio
1768 5796 1956 5861 Κόων.

380 5891 501 5946 (np.
584 5913 596 5925 .

2144 5807 2220 5872 (it)
2253 5796 2615 5869 liieronynms
2643 5798 2901 5855 Giiilinus
2929 5802 2982 5854 in
3017 5800 3246 5854 Theatra
3295 5797 3535 5850 Virorum
3567 5796 3650 5850 lii-

2075 5885 2386 5935 terminum,
2425 5883 2476 5923 et
2509 5869 2622 5921 alii.
