4134 6336
299 380 432 449 1θοὶ

1697 381 1938 441 MARIA
1949 381 2058 441 LE.

3421 370 3560 440 1002

367 503 442 556 Σὺ
498 517 698 572 χωριον
739 501 1051 573 εὐρύχωρον
1089 499 1317 570 γόγονας
1347 499 1440 553 τοῦ
1494 499 1692 569 Λόγου,
1740 498 1864 552 ὅθεν

2041 496 2200 553 Verbi
2241 497 2392 552 locus
2428 504 2480 550 et
2507 495 2664 552 sedes
2711 495 3054 568 amplissima
3105 506 3161 552 tu
3197 494 3384 551 fuisti:
3419 495 3566 551 unde

297 593 506 665 μετῆρέ
538 609 599 645 σε
645 592 782 663 πρὸς
817 594 1128 665 εὐρύχωρον
1175 595 1267 646 καὶ
1296 594 1469 662 ἅγιον,
1498 593 1749 657 Θεοτοκε,
1778 590 1876 661 λῆ-

295 684 379 751 ξιν
415 685 512 736 καὶ
535 682 776 740 αἰώνιον.

366 771 480 843 Τὴν
500 771 666 841 ἁγίαν
697 790 795 826 σου
814 774 1072 845 κοίμησιν
1094 774 1315 843 ἄγγελοι
1336 774 1430 828 καὶ
1470 771 1744 846 ἄνθρωποι
1771 790 1878 844 μα-

294 864 613 934 καρίζουσι,
650 866 871 920 πάντων
928 868 1116 932 πέλεις
1149 868 1260 937 γὰρ
1299 866 1609 938 βασίλισσα,
1644 867 1878 922 Βασιλέα

295 957 544 1026 πάντων,
567 957 743 1031 Κόρη,
774 959 994 1024 τέξασα.

984 1158 1113 1233 ᾮδὴ
1128 1159 1190 1218 ’ὀ

370 1277 440 1330 Ὃ
487 1275 658 1346 τάφος
706 1292 800 1329 σου
843 1274 1125 1347 κηρύττει,
1159 1276 1493 1349 πανάμωμε,
1547 1277 1649 1349 τὴν
1698 1278 1878 1349 ταφήν

299 1388 418 1439 σου,
447 1371 542 1425 καὶ
571 1370 671 1442 τήν
701 1372 842 1442 μετά
872 1370 1124 1442 σώματος
1156 1371 1296 1443 πρὸς
1323 1371 1586 1443 οὐρανοὺς
1629 1369 1727 1424 νῦν
1772 1388 1873 1441 με-

295 1466 580 1521 τάστασιν.

389 1555 722 1626 ’Υμνήσατε,
762 1556 1042 1627 παρθένοι,
1077 1555 1361 1623 δοξάσατε,
1405 1554 1699 1621 νεανίσκοι,
1742 1571 1879 1628 πρε-

299 1645 493 1701 σσὺται
523 1648 617 1701 καὶ
645 1647 924 1719 ἄρχοντες,
947 1648 1046 1719 τῆς
1071 1646 1334 1703 Θεοτόκου
1361 1647 1462 1719 τήν
1489 1646 1766 1718 κοίμησιν.

1981 598 2036 644 et
2066 587 2136 645 ab
2179 589 2270 643 illo
2301 589 2367 643 ad
2400 589 2664 644 latissime
2715 596 2990 659 patentem
3015 597 3071 642 et
3122 599 3370 643 sanctam
3397 597 3562 658 atque

1981 696 2260 752 nunquam
2280 681 2827 749 desituramquietem
2849 682 3116 737 translata
3139 697 3217 747 es,
3243 697 3276 736 o
3297 682 3556 751 Deipara!

2053 773 2443 828 Dormitinnem
2470 782 2615 827 tuam
2648 789 2861 827 sacram
2887 774 3064 844 angeli
3098 775 3262 829 simul
3295 783 3348 828 et
3383 773 3560 828 homi-

1981 882 2076 922 nes
2108 868 2318 921 beatam
2358 865 2524 920 fuisse
2545 865 2888 934 proﬁtentur.
2922 867 2988 921 Es
3010 868 3151 920 enim
3179 868 3409 922 istorum
3437 882 3559 919 om-

1980 959 2134 1015 nium
2170 959 2380 1028 regina,
2415 974 2447 1011 υ
2478 956 2663 1028 Virgo.
2694 967 2754 1012 ut
2785 975 2906 1029 qua:
2927 957 3128 1028 Regem
3175 961 3558 1015 universorum

1981 1052 2301 1122 procreasti.

2648 1145 2762 1202 Ode
2806 1147 2860 1202 5.

2054 1262 2318 1320 Omnibus
2347 1265 2592 1320 tumulus
2621 1264 2724 1319 iste
2749 1271 2878 1317 tuus
2916 1257 3235 1321 declaravit,
3260 1255 3558 1326 aliquando

1980 1361 2033 1407 te
2059 1353 2232 1411 fuisse
2265 1357 2589 1411 tumulatam
2619 1374 2633 1410 :
2674 1363 2728 1409 ct
2754 1353 2802 1408 is
2849 1367 2994 1405 nunc
3019 1363 3240 1419 quoque
3258 1347 3436 1420 palam
3467 1347 3558 1400 in-

1977 1447 2124 1503 dicat
2150 1449 2399 1518 corporis
2431 1449 2512 1504 tui
2535 1448 2601 1502 ad
2633 1446 2800 1503 cmlos
2831 1444 3029 1500 factam
3063 1441 3501 1497 translationem.

2050 1536 2340 1593 Genitricis
2368 1537 2462 1592 Dei
2507 1536 2966 1594 obdormitionem
3008 1531 3229 1602 hymnis
3265 1529 3558 1592 celebrate,

1976 1627 2235 1699 virgines,
2285 1627 2582 1698 glorificate
2631 1627 2784 1690 item,
2831 1640 2864 1678 ο
2906 1626 3137 1694 juvenes
3187 1629 3351 1691 atque
3379 1636 3560 1686 senes,

1978 1733 2085 1773 una
2114 1734 2237 1773 cum
2268 1720 2608 1792 principibus
2642 1729 2821 1774 terrm.

364 1824 618 1880 Θανοῦσα
663 1823 967 1887 ἀθανάτους
1000 1823 1235 1895 μετέόης
1271 1824 1408 1895 πρὸς
1459 1824 1741 1887 κατοικίας
1785 1824 1877 1894 ἐχ.

2053 1811 2159 1882 14
2185 1812 2462 1867 Excedens
2490 1813 2591 1868 hac
2611 1799 2727 1866 Vvita
2751 1812 2822 1866 ad
2863 1808 3020 1863 sedes
3047 1803 3309 1860 transiisti
3338 1803 3561 1858 immor-

296 1917 424 1988 θρὸν
444 1914 803 1971 θανατώσασα
830 1915 909 1986 τῷ
935 1915 1142 1986 τοκετῷ
1173 1932 1287 1982 σου,
1327 1917 1660 1987 πανᾶμωμε.

382 2091 684 2148 Ἐκύκλουν
765 2092 1080 2165 θεολήπτων
1127 2093 1337 2166 ἀνδρῶν
1388 2111 1448 2147 σε
1499 2094 1875 2166 χοροστασίαι,

297 2185 518 2255 ὶξοδίοις
554 2188 794 2258 ῥήμασιν
834 2185 1258 2258 ὑμνολογοῦντές
1291 2204 1374 2252 σε,
1410 2187 1697 2243 Δέσποινα.

995 2382 1120 2456 ᾮδὴ
1138 2383 1212 2449 ς’.

381 2478 443 2532 '0
478 2472 627 2543 οἶκος
655 2477 748 2531 τὸν
764 2477 856 2531 τοῦ
894 2477 1088 2540 παντὸς
1110 2475 1337 2547 συνοχέα
1360 2476 1388 2528 6
1414 2476 1674 2548 χωρήσας
1707 2492 1878 2547 μετα-

300 2571 475 2624 ϐαίνει
506 2571 727 2640 οἰκῆσαι
759 2570 897 2640 πρὸς
952 2569 1238 2641 οὐρανοὺς,
1277 2569 1504 2636 οὐρανὸς
1535 2568 1878 2641 δεδειγμένοις

299 2661 539 2732 Χριστοῦ
565 2661 658 2717 καὶ
687 2661 874 2732 θρόνος
905 2664 997 2715 καὶ
1029 2661 1176 2732 μέγα
1206 2660 1378 2714 παλάτ
1390 2677 1490 2726 ιον,
1521 2663 1556 2732 ὴ
1603 2661 1879 2730 πάναγνος

303 2753 624 2827 περιστερὰ,
651 2749 720 2827 ἧς
751 2752 902 2808 θείαν
932 2753 1269 2826 ὑμνήσωμεν
1301 2753 1586 2826 κοίμησιν.

381 3017 715 3090 ’Υπόπτεροι
740 3018 800 3073 ἐν
831 3019 1080 3088 νεφέλαις
1115 3018 1378 3091 ἀρθέντες
1406 3019 1580 3089 ἀετοὶ,
1614 3020 1690 3088 ὡς
1735 3021 1877 3094 6th-

306 3110 469 3166 πὶται
505 3109 600 3163 τοῦ
633 3109 808 3180 Λόγου
839 3110 1169 3182 Γεθσημανῆ
1210 3109 1581 3177 συνελθόντες,
1611 3112 1878 3183 Παρθένε,

1981 1905 2139 1969 tales,
2165 1905 2293 1975 quia
2317 1921 2414 1974 per
2444 1914 2598 1960 tuum
2625 1913 2864 1975 partum,
2895 1900 3188 1970 oundique
3214 1898 3560 1960 intemerata,

1979 2006 2206 2051 mortem
2233 1997 2460 2054 aﬁ‘ccisti
2493 2005 2688 2053 morte.

2047 2085 2284 2142 Numine
2325 2089 2626 2144 aiilatorum
2660 2087 2942 2142 hominum
2988 2083 3141 2140 chori
3170 2090 3222 2136 te
3248 2081 3558 2152 cingebant,

1979 2194 2014 2233 o
2047 2179 2318 2235 Domina!
2351 2181 2723 2236 collaudantes
2751 2191 2803 2236 te
2834 2180 3074 2249 hymnis,
3111 2174 3347 2230 faustam
3373 2170 3468 2228 tibi
3491 2171 3559 2226 ad

1979 2273 2180 2328 coelum
2209 2272 2600 2344 profectionem
2638 2270 3066 2346 gratulantibus.

2673 2362 2787 2418 Ode
2815 2362 2869 2419 6.

2035 2454 2129 2511 l’la
2146 2455 2343 2512 domus
2362 2470 2470 2526 qua
2490 2454 2978 2526 comprehenditur
2999 2453 3185 2509 omnia
3205 2450 3563 2522 comprehen-

1980 2547 2117 2602 dens
2143 2546 2257 2618 jam
2287 2549 2451 2604 modo
2500 2547 2568 2603 ad
2603 2548 2777 2603 cazlos
2830 2545 2964 2601 facit
2991 2546 3284 2601 transitum
3339 2553 3398 2599 ut
3443 2542 3565 2596 illos

1981 2639 2267 2706 inhabitet,
2284 2640 2398 2710 ipsa
2418 2655 2632 2711 quoque
2650 2640 2848 2696 coelum
2866 2638 3136 2693 exsistens
3159 2646 3343 2707 utpote
3359 2633 3564 2690 tlhristi

1980 2731 2212 2788 thronus
2233 2733 2549 2799 etejusdem
2571 2748 2827 2805 magnum
2851 2730 3136 2802 palatium,
3165 2729 3279 2793 illa,
3311 2727 3562 2798 inquam,

1981 2825 2292 2881 castissima
2343 2825 2595 2880 columba
2624 2866 2640 2892 ,
2691 2823 2850 2895 cujus
2920 2821 3166 2878 divinam
3215 2820 3564 2875 celebramus

1982 2917 2396 2976 dormitionem.

2089 3010 2374 3082 Tanquam
2401 3011 2610 3068 alarum
2642 3010 2869 3080 remigio
2895 3011 3035 3066 vecti
3058 3013 3110 3065 in
3132 3010 3367 3065 nubibus
3385 3018 3440 3064 et
3464 3023 3565 3064 ceu

1983 3103 2145 3160 Verbi
2184 3105 2352 3160 divini
2397 3106 2644 3175 quaedam
2674 3103 3020 3159 altivolantes
3071 3104 3269 3173 aquila:
3303 3103 3356 3156 in
3389 3101 3562 3156 Geth-

303 3205 400 3259 καὶ
433 3203 757 3274 ὲπιφθάνειν
785 3205 1041 3273 ἁπαιρείν
1083 3220 1142 3256 σε
1189 3203 1496 3274 μέλλοντες,
1533 3204 1878 3277 πανὺμνητε,

1986 3209 2358 3262 scmane,uno
2380 3203 2600 3265 repente
2631 3204 2778 3250 coetu
2809 3194 3039 3248 abitura:
3060 3194 3127 3248 ad
3146 3195 3343 3248 caelum
3371 3193 3490 3258 tibi,
3528 3207 3564 3246 ο

305 3297 441 3370 πρὸς
475 3297 730 3368 οὐρανὸν,
781 3295 876 3361 οὓς
917 3297 994 3360 ὡς
1021 3295 1190 3351 τέκνα
1224 3295 1357 3350 Υίοῦ
1415 3313 1511 3350 σου
1550 3297 1880 3369 ηὑλόγησας.

379 3484 476 3550 Τίς
504 3483 643 3554 αὕτη
674 3485 709 3555 ή
735 3483 1104 3540 ἀναϐαίνουσα
1145 3486 1298 3539 πέλει
1327 3486 1607 3558 κοσμικῶν
1637 3486 1744 3540 ἀπὸ
1773 3505 1885 3542 κοι-

308 3578 518 3642 λάδωνό
553 3577 634 3640 τίς
662 3577 804 3647 αὕτη
823 3579 856 3647 ἡ
888 3582 1192 3650 προπομπὴ
1210 3579 1302 3631 καὶ
1326 3579 1692 3648 προπόρευσις
1721 3575 1882 3649 ξένη;

305 3671 361 3725 τί
390 3668 452 3724 τό
475 3669 750 3744 ὁρώμενον
783 3671 925 3742 μέγα
949 3671 1246 3742 μυστήριον
1269 3687 1282 3735 ;
1306 3669 1375 3724 Ἣ
1397 3671 1613 3724 πάντων
1639 3671 1756 3724 ἐστὶ
1781 3670 1874 3741 βα-

311 3763 472 3831 σιλὶς,
499 3764 592 3818 καὶ
613 3764 798 3835 κυρία,
831 3762 926 3818 καὶ
945 3761 1093 3829 δόξα,
1129 3764 1224 3816 καὶ
1256 3762 1539 3834 καύχημα.

391 4034 690 4103 ’Πλάλαξεν
712 4035 1027 4090 ἀποστόλων
1048 4035 1078 4086 6
1111 4034 1284 4106 δῆμος
1311 4051 1404 4087 και
1433 4032 1685 4103 δακρύων
1716 4033 1886 4104 ἑτιληο

310 4130 483 4203 ρὼθη,
521 4132 684 4202 ἡνίκα
714 4147 808 4184 σου
855 4129 953 4198 τὴν
989 4127 1170 4200 ψυχὴν
1200 4128 1298 4198 τὴν
1322 4126 1483 4195 ἁγίαν
1533 4126 1797 4182 λιποῦσαν
1825 4127 1886 4181 τὸ

309 4222 554 4293 θεοδόχον
583 4221 833 4276 τεθέαται
858 4223 1147 4294 σκήνωμα,
1180 4225 1275 4274 καὶ
1295 4219 1506 4291 ὕμνησε
1563 4217 1886 4291 θεοπρεπῶς

311 4333 408 4369 σου
425 4315 524 4385 τὴν
552 4315 727 4382 θείαν,
755 4315 1091 4388 πανὰμωμε,
1122 4314 1402 4386 κοίμησιν.

1007 4551 1132 4625 ᾮδῆ
1165 4553 1231 4617 ξπ

381 4663 605 4735 Νόμους
638 4664 739 4734 τῆς
771 4663 986 4735 φύσεως
1037 4665 1278 4721 λαθοῦσα
1313 4669 1382 4739 τῇ
1432 4668 1627 4737 κυήσει
1653 4684 1774 4733 σου,
1805 4626 1885 4738 viii

304 4755 562 4832 ἁνομίμῳ
605 4758 1065 4830 νόμῳ-θνήσκεις,
1100 4759 1237 4831 μόνη
1283 4759 1421 4832 ἁγνὴ
1455 4759 1722 4824 ζωὼσασα
1749 4759 1879 4822 τοὺς

308 4852 479 4907 πάλαι
534 4851 999 4925 νενεκρωμένους,
1050 4852 1312 4926 ἄχραντε,
1359 4851 1628 4927 ζωηφόρῳ
1673 4851 1879 4924 τοκετῷ

375 5231 545 5286 Μένει
574 5234 731 5300 κενὸς
761 5236 791 5289 ὁ
821 5235 966 5298 θεῖος
1019 5234 1192 5304 τάφος
1227 5251 1321 5289 σου
1348 5232 1441 5288 τοῦ
1477 5233 1749 5306 σώματος,
1781 5237 1882 5304 τῆς

314 5322 530 5392 χάριτος
587 5325 645 5380 δὲ
675 5327 932 5400 πλήρης·
968 5329 1248 5397 ποταμοὺς
1298 5327 1407 5398 γὰρ
1458 5329 1589 5399 ἡμῖν
1648 5329 1884 5397 πηγάξει

320 5411 579 5480 ἰαμάτων,
613 5417 708 5470 καὶ
739 5419 1010 5474 ἀποπαύει
1042 5419 1311 5490 ῥεύματα,
1353 5421 1592 5488 παναγία
1632 5420 1882 5473 Θεοτόκε.

389 5584 569 5656 Ἥρθη
595 5586 654 5640 τὸ
677 5588 836 5661 σῶμα
862 5593 960 5662 μὲν
985 5595 1077 5649 τοῦ
1101 5597 1297 5666 τάφου,
1330 5595 1638 5668 παραμένει
1670 5597 1725 5650 δὲ
1758 5597 1886 5667 ἡμῖν

1912 4563 1968 4623 D

1994 3284 2159 3356 Virgo
2181 3286 2250 3341 ab
2279 3287 2534 3342 omnibus
2565 3285 2803 3352 laudata,
2835 3293 3289 3355 supervenerunt,
3335 3298 3475 3353 quos
3507 3295 3562 3337 tu

1992 3389 2052 3434 ut
2089 3379 2230 3436 ﬁlios
2261 3377 2382 3434 Filii
2412 3379 2489 3435 tui
2520 3387 2813 3451 prosecuta
2853 3393 2915 3434 es
2941 3378 3349 3433 benedictione.

2069 3471 2244 3544 Rogo,
2279 3487 2530 3544 quamam
2563 3471 2665 3528 ista
2705 3486 2827 3542 quae
2852 3469 3098 3526 ascendit
3117 3470 3185 3525 de
3209 3469 3396 3524 mundi
3429 3483 3566 3524 con-

1992 3564 2228 3620 vallibus
2255 3565 2278 3619 2
2301 3563 2562 3631 Quaenam
2585 3564 2704 3619 haec
2721 3572 2832 3617 tam
2860 3563 3017 3617 nobis
3049 3561 3328 3632 incognita
3353 3575 3567 3630 pompa

1991 3655 2246 3711 deductio
2273 3656 2571 3725 procedens
2591 3670 2621 3710 a
2655 3664 2801 3710 terra
2834 3655 2887 3709 in
2917 3654 3116 3710 caelum
3146 3668 3320 3722 usque
3341 3653 3365 3704 ?
3387 3650 3563 3718 Quam

1991 3755 2075 3802 est
2103 3748 2428 3803 immensum
2463 3749 2607 3802 istud
2632 3747 2953 3816 mysterium
2974 3745 3118 3816 quod
3146 3744 3426 3799 intuemur
3447 3743 3562 3813 jam

1992 3838 2182 3893 nunc?
2209 3838 2476 3893 Nimirum
2525 3837 2771 3894 ascendit
2795 3837 2958 3894 modo
2985 3847 3171 3891 nostra
3197 3834 3440 3890 omnium
3469 3836 3566 3890 do-

1993 3928 2141 3983 mina
2167 3939 2220 3983 et
2249 3931 2455 3998 regina,
2485 3930 2653 3985 decus
2676 3929 2801 3984 item
2825 3939 2880 3984 et
2912 3928 3168 3999 gloriatio
3209 3934 3423 3981 nostra.

2062 4021 2324 4076 Jubilavit
2350 4024 2718 4092 apostolorum
2760 4030 2932 4077 caelus
2949 4030 3003 4077 et
3019 4020 3181 4077 simul
3200 4030 3378 4076 tamen
3391 4019 3566 4091 lacry-

1993 4111 2099 4166 mis
2126 4113 2383 4182 perfusus
2406 4111 2510 4166 fuit
2533 4112 2750 4181 quando
2780 4111 2914 4166 vidit
2939 4112 3016 4165 tui
3045 4111 3292 4179 corporis
3314 4110 3566 4165 taberna-

1992 4203 2197 4268 culum,
2234 4203 2288 4257 in
2319 4218 2428 4273 quo
2463 4202 2632 4257 Deum
2662 4201 2972 4272 suscepisti,
3003 4216 3031 4256 a
3059 4209 3247 4257 sancta
3264 4200 3444 4253 anima
3472 4208 3562 4254 tua

1991 4291 2319 4361 derelinqui.
2350 4291 2528 4358 Quare
2553 4292 2792 4346 divinam
2823 4293 2964 4346 hanc
2987 4292 3224 4361 quietem
3261 4299 3408 4344 tuam
3449 4289 3568 4343 lau-

1992 4383 2156 4439 dibus
2188 4385 2281 4438 Dei
2310 4385 2595 4455 majestate
2623 4385 2804 4455 dignis
2846 4393 3173 4454 prosecutus
3212 4382 3334 4448 fuit,
3379 4397 3412 4436 o
3447 4397 3564 4436 ont-

1994 4471 2155 4526 nibus
2185 4473 2408 4528 omnino
2436 4472 2613 4527 modis
2638 4471 2994 4527 intemerata!

2578 4563 2679 4634 15
2741 4561 2856 4618 Ode
2880 4564 2934 4620 7.

2061 4677 2430 4747 Conceptione
2451 4688 2540 4732 tua
2563 4693 2762 4732 arcana
2784 4678 3083 4748 legitimum
3108 4673 3379 4745 quondam
3407 4684 3564 4728 natu-

1988 4782 2062 4822 ra:
2080 4769 2326 4822 ordinem
2361 4769 2860 4839 superasti,eadem
2882 4783 3027 4822 nunc
3059 4779 3239 4820 tamen
3275 4765 3391 4834 lege
3423 4763 3561 4816 ritu-

1990 4875 2097 4930 que
2125 4861 2360 4926 mortali,
2394 4861 2545 4916 subis
2583 4870 2810 4916 mortem
2855 4857 3246 4931 :quantumvis
3274 4866 3430 4926 partu
3471 4865 3563 4907 tuo

1991 4951 2209 5006 vivilico
2260 4952 2510 5007 homines
2549 4953 2849 5007 inveterata
2887 4950 3096 5021 jamdiu
3149 4955 3322 5002 morte
3367 4947 3564 5000 exani-

1994 5054 2171 5098 matos
2193 5043 2259 5097 ad
2283 5045 2446 5098 vitam
2479 5045 2782 5110 reduxeris,
2812 5058 2846 5100 ο
2873 5057 2994 5114 quae
3032 5041 3147 5098 sola
3179 5054 3302 5095 vere
3329 5053 3390 5094 es
3410 5047 3562 5092 casta

1995 5154 2057 5190 ac
2078 5151 2301 5205 prorsus
2325 5137 2671 5190 immaculata
2687 5137 2822 5206 (l9).

2065 5228 2258 5283 Exstat
2300 5229 2521 5284 divinus
2552 5230 2641 5285 ille
2672 5229 2918 5284 tumulus
2942 5240 3189 5296 corpore
3220 5221 3438 5295 quidem
3467 5233 3559 5275 tuo

1987 5321 2098 5390 jam
2120 5337 2343 5388 vacuus,
2370 5323 2530 5378 sedis
2553 5323 2725 5392 gratia
2744 5331 2923 5376 tamen
2944 5318 3334 5374 miraculorum
3368 5321 3558 5368 scatet.

1990 5412 2125 5468 Nam
2157 5416 2549 5470 medicinarum
2588 5415 2743 5470 nobis
2780 5414 2954 5468 fundit
2987 5412 3234 5474 flumina,
3278 5407 3557 5473 malorum

1991 5515 2171 5559 autem
2208 5507 2436 5562 suﬂ'ocat
2467 5516 2753 5562 torrentes.

2065 5597 2243 5653 Manet
2295 5601 2448 5653 nobis
2481 5597 2786 5654 benedictio
2818 5595 3008 5652 saltem
3064 5603 3175 5658 tua,
3205 5591 3330 5645 licet
3364 5598 3562 5656 corpus

385 5766 497 5849 (l9)
536 5764 826 5822 Fuissetne
878 5769 936 5824 Β.
971 5769 1140 5843 Virgo
1176 5788 1401 5849 prorsus
1436 5774 1815 5840 immaculata,
1850 5773 1896 5830 si
1938 5775 2081 5848 turpi
2125 5792 2188 5833 ac
2253 5778 2572 5834 detestanda
2613 5776 2896 5849 originalis
2931 5775 3136 5848 peccati
3183 5770 3396 5828 macula
3457 5762 3563 5820 ali-

308 5841 530 5912 quando
560 5849 923 5908 conspurcata
964 5841 1348 5913 apparuisset?

625 5934 894 5996 PATROL.
943 5936 1058 5997 Gn.
1111 5938 1234 6000 CV.

3179 5927 3256 5986 3'2
