4134 6336
601 345 736 414 1097

1687 351 1746 411 S.
1789 349 2106 412 JOSEPHI
2144 349 2709 414 l-IYMNOGBAPHI

3720 361 3856 426 1008

603 477 777 530 tuam,
824 477 856 515 ο
892 463 1226 526 castissima.
1271 472 1437 534 atque
1485 463 2021 528 immaculatissima,
2058 461 2177 519 lon-

2283 454 2581 529 ἀπαύστως
2628 465 2903 536 βρύουσαν
2943 464 3154 538 ἰάματα
3198 467 3484 541 κέκτηται,
3519 474 3857 548 πανάμωμε.

601 564 708 610 tem
743 570 808 610 ex
839 568 950 624 quo
979 554 1340 610 medicamina
1375 555 1748 610 indeﬁeienter
1786 565 2066 610 emanant.

1285 644 1398 700 ()de
1431 645 1487 699 4.

671 735 924 790 Adeste:
976 735 1197 789 unicam
1243 735 1587 791 benedictam
1637 735 2082 806 magnilicemus;
2128 744 2185 790 et

601 825 668 880 ad
714 834 919 879 vestem
956 824 1101 879 illius
1131 841 1255 880 eum
1307 825 1413 880 ﬁde
1451 825 1805 892 accedamus,
1854 838 1913 881 ut
1949 829 2179 898 gratiam

602 917 841 982 Spiritus
867 917 1206 972 hauriamus.

673 1009 957 1080 Tanquam
996 1008 1459 1079 pretiosissimum
1497 1007 1843 1072 thesaurum,
1886 1007 2003 1062 haec
2042 1007 2180 1060 civi-

2986 643 3113 715 ’ῼδὴ
3134 641 3197 698 δ’.

2350 731 2762 804 Μεγαλύνωμεν
2779 734 2879 804 τὴν
2906 736 3078 807 μόνην
3096 737 3495 810 εὐλογημένην,
3523 743 3616 794 καί
3643 741 3739 810 τὴν
3760 742 3861 794 αὖ·

2278 823 2377 893 τῆς
2399 824 2600 895 ἐσθῆτα
2625 825 3071 896 προστησώμεθα
3091 825 3294 894 πίστει,
3316 827 3465 892 ὅπως
3486 828 3860 902 ἁρῤυσὼμεθα

2277 917 2378 989 τὴν
2418 918 2580 988 χάριν
2607 917 2704 971 τοῦ
2729 917 3075 987 Πνεύματος.

2361 1012 2450 1074 Ὦς
2481 1012 2780 1082 πολύτιμον
2815 1011 3175 1083 θησαύρισμα
3226 1015 3540 1086 κεκτημένη
3563 1057 3577 1080 ,
3609 1017 3641 1086 ὴ
3674 1015 3732 1068 σὲ
3777 1032 3862 1066 τι·-

600 1113 684 1155 tas
733 1117 854 1171 quae
903 1111 955 1156 te
1012 1101 1269 1165 honorat,
1325 1099 1618 1171 possidens
1667 1109 1875 1154 vestem
1925 1109 2097 1164 luam,
2147 1114 2177 1154 ο

2281 1105 2440 1176 μῶσα
2473 1105 2628 1168 πόλις
2656 1103 2756 1173 τὴν
2784 1102 2992 1173 ἐσθῆτά
3019 1121 3134 1171 σου,
3155 1106 3330 1178 Κόρη,
3355 1107 3536 1161 πίστει
3571 1107 3864 1161 κατασπά-

602 1195 803 1264 puella,
850 1209 974 1248 cum
999 1193 1111 1248 fide
1144 1209 1268 1247 eam
1300 1190 1653 1262 amplectitur
1679 1197 1846 1260 atque
1871 1190 2176 1254 osculatur,

601 1295 653 1337 et
687 1285 915 1353 gratiam
949 1284 1075 1339 inde
1106 1293 1371 1353 reportat.

2276 1197 2450 1260 ζει-αι,
2485 1195 2579 1248 καὶ
2604 1195 2762 1267 χάριν
2796 1195 3104 1265 κομίζεται.

670 1379 978 1434 Adorantus
1019 1388 1228 1434 vestem
1257 1388 1427 1445 tuam,
1460 1393 1492 1433 ο
1532 1377 2003 1444 laudabilissima,
2071 1389 2330 1453 tanquam
2401 1381 2835 1452 incorruptionis
2872 1381 3100 1450 fontem,
3142 1392 3197 1441 et
3235 1383 3420 1456 gloriae
3463 1383 3658 1440 stolam
3713 1381 3863 1438 eisi.

600 1480 830 1528 stentem
865 1470 1118 1526 omnibus
1153 1470 1506 1526 laudantibus
1531 1479 1603 1525 te.

671 1565 867 1619 Munda
917 1565 987 1619 ab
1036 1564 1187 1620 omni
1245 1565 1364 1620 labe
1422 1574 1477 1620 et
1534 1566 1652 1621 sola
1699 1565 1986 1622 benedicta
2040 1565 2183 1640 (24).

599 1672 722 1727 quae
743 1656 1038 1711 Cberubim
1088 1657 1330 1711 sanctior
1361 1656 1699 1726 apparuisti;
1721 1655 1934 1713 animas
1961 1665 2180 1714 nostras

2366 1570 2434 1622 Ἢ
2466 1568 2811 1639 πανάμωμος
2844 1570 2936 1623 καὶ
2966 1571 3102 1641 μόνη
3141 1569 3485 1642 εὐλογημένη
3510 1570 3621 1624 τῶν
3652 1572 3864 1642 Χερου-

2287 1657 2388 1730 ϐὶμ
2413 1661 2666 1727 φανεῖσα,
2690 1658 2790 1722 τὰς
2809 1658 2991 1729 ψυχάς
3013 1659 3170 1730 ἡμῶν
3199 1661 3375 1715 σῶσον
3405 1663 3587 1733 πάσης
3609 1666 3861 1736 περιστά-

599 1753 667 1806 ab
685 1767 836 1805 omni
862 1751 1192 1806 adversitate
1213 1748 1448 1815 custodi,
1473 1749 1603 1805 dum
1639 1757 1690 1804 te
1709 1763 1832 1804 cum
1863 1749 1968 1805 lide
1999 1750 2176 1804 hono-

2285 1766 2422 1815 σεως
2449 1749 2559 1804 τῶν
2581 1749 2763 1805 πίστει
2792 1750 3079 1821 τιμώντων
3106 1768 3190 1806 σε.

601 1859 812 1899 ramus.

1215 1933 1321 2005 ιθ
1346 1932 1460 1990 Ode
1489 1933 1546 1988 5.

669 2025 1048 2098 Undequaque
1079 2025 1376 2096 purissima
1423 2026 1651 2081 Domina
1678 2024 1820 2097 (25),
1863 2033 1920 2080 ιιι
1961 2023 2178 2080 donasti

597 2120 775 2178 servis
821 2119 933 2175 tuis
964 2128 1171 2176 vestem
1217 2133 1283 2174 ac
1327 2118 1623 2190 pretiosam
1660 2132 1856 2174 zonam
1903 2126 2076 2184 tuam,
2117 2125 2178 2173 ut

597 2214 670 2269 sit
697 2213 808 2269 illis
829 2213 998 2268 robur
1019 2226 1087 2267 ac
1108 2211 1358 2266 divinum
1387 2212 1814 2266 munimentum.

666 2304 1132 2361 Iucundissimum
1158 2303 1504 2369 viridarium,
1533 2316 1757 2358 suavem
1776 2301 2015 2373 Spiritus
2038 2299 2172 2357 odo-

601 2413 715 2454 rem
749 2397 1007 2453 emittens
1035 2393 1245 2450 factum
1269 2403 1355 2450 est
1382 2394 1644 2464 templum
1677 2393 1833 2461 illud,
1860 2408 1896 2448 o
1927 2403 2040 2448 tota
2064 2392 2173 2448 im-

599 2492 897 2556 maculata,
927 2489 982 2544 in
1013 2505 1125 2560 quo
1151 2497 1246 2544 tua
1282 2488 1453 2543 vestis
1480 2497 1860 2544 conservatur.

2916 1927 3040 2001 ᾮδὴ
3068 1928 3132 1986 εό

2344 2019 2440 2083 Σὺ,
2471 2017 2740 2072 Δέσποινα
2785 2018 2959 2089 ἁγνὴ,
3006 2026 3120 2083 τοῖς
3174 2023 3284 2082 σοῖς
3312 2020 3523 2086 δούλοις
3553 2022 3860 2096 δεδώρησαι

2274 2110 2604 2182 κραταίωμα
2631 2111 2731 2184 τὴν
2758 2109 2998 2182 ισθῆτα,
3025 2113 3123 2166 καὶ
3165 2113 3358 2184 τιμίαν
3383 2131 3480 2187 σου
3518 2115 3721 2190 ζώνην,
3761 2118 3866 2173 καὶ

2276 2204 2419 2259 θεῖον
2453 2205 2867 2276 περιτείχισμα.

2354 2297 2688 2368 Παράδεισος
2705 2296 2939 2368 τερπνὸς
2972 2297 3204 2354 εὐωδίαν
3232 2299 3328 2355 τοῦ
3353 2301 3689 2374 Πνεύματος,
3719 2320 3860 2357 καν-

2280 2394 2546 2463 άχοαντε,
2603 2389 2952 2463 ἀποπέμπων
2991 2392 3020 2446 ό
3057 2394 3185 2458 ναὸς
3240 2392 3271 2444 ὁ
3323 2395 3568 2468 κατέχων
3609 2395 3707 2468 τὴν
3753 2395 3857 2469 σὴν

2279 2484 2488 2554 έσθὴτα
2509 2481 2804 2538 δέδεικται.

670 2582 900 2648 Replcta
949 2581 1100 2638 omni
1150 2580 1463 2647 sanctitate,
1513 2578 1799 2634 sanctillea
1839 2577 2054 2634 animas
2098 2585 2151 2633 et
2211 2589 2446 2646 corpora
2491 2581 2708 2640 nostra,
2751 2573 2883 2629 dum
2913 2583 3118 2631 vestem
3189 2587 3337 2633 tuam
3403 2587 3648 2635 sanctam
3681 2579 3858 2635 bono-

598 2693 807 2743 ramus,
840 2687 1100 2748 tanquam
1127 2675 1276 2731 omni
1308 2673 1517 2730 honore
1541 2673 1946 2745 dignissimam.

669 2768 919 2828 Genitrix
968 2767 1086 2834 Dei,
1137 2766 1225 2823 fac
1267 2782 1371 2822 nos
1412 2765 1613 2836 templa
1645 2765 1738 2821 Dei
1780 2767 1876 2836 qui
1907 2763 2176 2822 habitavit

597 2861 655 2918 in
684 2869 756 2928 te,
784 2860 912 2916 dum
943 2870 996 2916 te
1026 2861 1080 2916 in
1112 2859 1312 2929 templo
1343 2867 1438 2914 tuo
1464 2857 1654 2915 divino
1681 2873 1806 2912 cum
1834 2856 1940 2913 ﬁde
1961 2855 2172 2929 gloriﬁ-

596 2967 811 3013 canus.

1267 3044 1382 3101 Ode
1435 3043 1492 3100 6.

667 3137 1150 3210 lnexpugnaoilem
1193 3145 1454 3209 tanquam
1499 3151 1743 3203 murum,
1779 3149 1814 3191 ο
1846 3133 2016 3192 later
2049 3151 2172 3191 om-
2196 3112 2245 3173 ο

598 3233 750 3288 nium
789 3231 954 3302 Regis
998 3239 1054 3285 et
1095 3226 1336 3295 Domini,
1383 3228 1585 3285 dedisti
1612 3229 1896 3284 civitatum
1929 3227 2176 3285 omnium

597 3326 801 3397 reginae
831 3331 1035 3378 vestem
1068 3330 1215 3376 tuam
1247 3329 1494 3376 sanctam
1533 3335 1598 3375 ac
1620 3321 2009 3378 venerabilem.

670 3417 788 3472 Nos
814 3415 1138 3486 gaudentes,
1179 3410 1415 3483 Virginis
1433 3413 1666 3484 gratiam
1694 3412 2090 3484 gloriﬁcemus,
2111 3427 2178 3468 ac

597 3507 1007 3566 sanctissimam
1037 3504 1187 3560 illius
1216 3514 1423 3560 vestem
1451 3519 1798 3568 veneremur,
1826 3519 1894 3560 ex
1919 3519 2028 3574 qua
2050 3518 2174 3559 om-

596 3601 690 3658 nis
715 3599 926 3657 sanitas
955 3611 1020 3654 ac
1049 3596 1221 3652 robur
1251 3595 1444 3651 morbo
1471 3594 1852 3653 laborantibus
1883 3595 2171 3652 incessan-

595 3702 680 3750 ter
711 3699 1021 3765 promanat.

2349 2764 2532 2828 Ναοὺς
2579 2764 2728 2834 ἡμᾶς
2763 2763 2900 2818 Θεοῦ
2944 2764 3040 2819 τοῦ
3080 2766 3139 2820 έν
3168 2766 3250 2819 σοὶ
3291 2767 3675 2837 ένοικήσαντος
3723 2770 3851 2823 άνάο

2278 2856 2487 2923 δειξον,
2519 2855 2751 2910 Θεοτὸκε
2771 2896 2790 2922 ,
2823 2858 2951 2921 τοὺς
2991 2857 3068 2927 τῷ
3099 2857 3228 2927 θείῳ
3275 2856 3386 2927 ναῷ
3417 2873 3512 2909 σου
3545 2858 3756 2922 πιστῶς
3785 2876 3852 2913 σε

2283 2946 2708 3020 μακαρίζοντας.

2951 3039 3072 3110 ᾮδὴ
3107 3037 3182 3106 ς’.

2358 3133 2665 3200 Ἀνέδειξας
2713 3137 2783 3206 τῇ
2826 3133 3014 3186 πασῶν
3076 3131 3306 3203 βασιλίδι
3357 3129 3466 3184 τῶν
3517 3128 3721 3184 πόλεων
3745 3167 3763 3194 ,
3803 3130 3846 3199 ἡ

2275 3228 2514 3283 τεκοῦσα
2547 3227 2794 3282 Βασιλέα
2823 3227 2931 3281 τῶν
2956 3219 3090 3278 ὅλων
3115 3228 3210 3278 καὶ
3239 3223 3464 3296 Κύριον,
3495 3220 3738 3295 essm;
3767 3221 3851 3286 ὡς

2275 3324 2452 3392 τεῖχος
2482 3321 2581 3392 τὴν
2609 3320 2835 3391 σεπτὴειρ
2847 3320 2941 3373 καὶ
2965 3319 3125 3387 ἁγίαν
3156 3315 3362 3386 ἐσθῆτά
3395 3332 3512 3369 σου.

2343 3411 2643 3485 Γηθόμενοι
2692 3412 2795 3484 τῆς
2850 3410 3132 3482 Παρθένον
3167 3409 3268 3479 τὴν
3299 3408 3459 3479 χάριν
3510 3405 3853 3476 δοξάσωμεν,

2275 3506 2370 3561 κα)⁵
2401 3506 2504 3577 τὴν
2536 3504 2740 3574 ταύτης
2771 3503 3050 3573 παναγίαν
3077 3502 3282 3573 ἐσθῆτα
3311 3501 3657 3572 τιμήσωμεν,
3699 3501 3759 3565 ἐξ
3785 3495 3856 3575 ἧς

2281 3601 2434 3653 πᾶσα
2462 3599 2632 3671 ρῶσις
2660 3596 2985 3653 ἀσθενοῦσιν
3013 3597 3310 3660 ἀπαύστως
3340 3595 3687 3667 προέρχεται.

666 3785 1061 3842 luexbaustum
1107 3799 1375 3854 aquarum
1426 3785 1673 3841 vitalium
1722 3783 1928 3860 fontem
1985 3796 2037 3840 te
2065 3785 2343 3852 novimus,
2412 3799 2445 3840 ο
2477 3784 2729 3855 Deipara,
2795 3794 3054 3855 tuamque
3126 3781 3370 3837 divinam
3449 3791 3654 3837 vestem
3690 3796 3858 3837 vene-

597 3899 810 3950 ramur,
853 3897 923 3938 ex
971 3897 1079 3953 qua
1128 3897 1228 3939 nos
1275 3881 1462 3938 fideles
1509 3881 1754 3953 quotidie
1805 3871 2173 3938 medicamina
2207 3882 2516 3937 haurimus.

669 3977 1352 4033 Substantiamvbominum
1381 3977 1487 4033 sibi
1520 3976 1626 4048 ipsi
1646 3975 2006 4033 domesticam
2041 3977 2171 4033 fecit

596 4070 882 4136 Dominus,
927 4069 1184 4124 habitans
1232 4070 1286 4124 in
1335 4078 1406 4135 te,
1451 4085 1485 4125 ο
1533 4068 1786 4140 Deipara,
1839 4084 2170 4140 omnemque

597 4165 770 4220 bosﬁs
795 4163 1074 4218 laesionem
1099 4162 1169 4216 ab
1194 4175 1259 4217 eo
1291 4162 1698 4217 exterminavit.

1277 4273 1390 4329 Ode
1429 4275 1482 4329 7.

671 4369 941 4439 Depresso
973 4377 1137 4438 atque
1167 4366 1362 4421 humili
1392 4367 1580 4433 corde,
1610 4376 1901 4439 menteque
1923 4369 2165 4437 sublimi,

2361 3979 2421 4032 '0
2461 3977 2666 4047 Κύριος
2725 3974 2864 4048 μετὰ
2902 3974 2998 4030 σοῦ
3022 4013 3038 4042 ,
3091 3975 3322 4028 Θεοτύκε
3345 4014 3360 4040 ,
3411 3973 3701 4045 γενόμενος
3741 3974 3860 4028 τῶν

2278 4067 2582 4141 ἀνθρώπων
2611 4067 2792 4140 ἑαύτῷ
2807 4067 2907 4140 τὴν
2931 4067 3118 4120 οὐσίαν
3139 4067 3438 4137 ᾠκείωσεν,
3464 4065 3669 4119 καὶτοῦ
3693 4065 3858 4118 ἀλλο-

2275 4178 2428 4228 τριου
2465 4161 2527 4226 ἐξ
2553 4162 2724 4233 αὐτῆς
2756 4162 2938 4215 πᾶσαν
2973 4159 3182 4232 βλάϐην
3204 4160 3487 4233 ἐξώρισεν.

2962 4274 3086 4328 Ὠδὴ
3115 4274 3178 4328 ζ’.

2962 4275 2980 4297 ‘
3024 4274 3050 4327 δ
3165 4315 3178 4328 .

2356 4370 2710 4442 ’Υψηλοτάτῳ
2740 4370 2820 4423 νοτ
2850 4369 2944 4423 καὶ
2973 4272 3206 4441 salii,
3232 4369 3431 4441 καρδίᾳ
3459 4367 3553 4422 τοῦ
3586 4366 3855 4438 βασιλέως

598 4438 927 4517 altissimum
962 4458 1130 4530 Regis
1161 4458 1418 4513 thronum
1445 4438 1854 4528 gloriticeinus;
1881 4461 2168 4516 sanctissi-

2276 4438 2610 4542 ὑψηλότατον
2660 4438 2752 4524 τὸν
2801 4469 2990 4542 Θρόνον
3055 4438 3370 4538 δοξάσωμεν
3407 4438 3522 4536 τὴν
3574 4464 3854 4532 παναγίαν

600 4570 744 4610 mam
774 4553 980 4610 scilicet
1007 4563 1062 4607 et
1087 4551 1300 4622 plenam
1331 4553 1508 4621 gratia
1541 4553 1796 4622 puellam.

665 4647 776 4718 20
807 4647 861 4701 In
891 4647 997 4701 hoc
1019 4645 1258 4700 thalamo
1274 4652 1368 4699 tuo
1394 4646 1704 4701 venerando
1728 4659 2058 4702 asservatam
2083 4663 2176 4703 ve-

594 4751 733 4796 stem
780 4749 930 4794 tuam
990 4753 1116 4793 cum
1158 4737 1263 4793 ﬁde
1290 4739 1648 4805 bonoramus,
1686 4749 1945 4811 tanquam
1987 4756 2170 4796 arcam

594 4845 863 4898 sanctam,
937 4843 990 4889 et
1039 4834 1294 4904 pietatem
1338 4835 1635 4891 colentium
1674 4838 2091 4906 protectionem,
2136 4854 2169 4893 ο

596 4929 690 4984 Dei
719 4929 955 4982 tlialame
977 4928 1165 4982 elccte.

667 5023 709 5072 Α
735 5027 1003 5074 vetustate
1035 5021 1298 5074 liberatur
1326 5021 1508 5078 omnis
1528 5022 1621 5092 qui
1646 5037 1770 5078 cum
1797 5023 1904 5078 ﬁde
1937 5024 2170 5088 accedit,

594 5123 648 5166 et
687 5121 933 5165 sanetam
984 5113 1264 5180 capsulam
1315 5113 1618 5178 osculatur,
1663 5130 1786 5185 qua:
1832 5116 2170 5186 splendidam

593 5208 798 5253 vestem
827 5210 972 5252 tuam
1001 5199 1266 5265 continet,
1303 5215 1336 5254 ο
1364 5197 1529 5273 Virgo
1560 5214 1728 5259 casta.

665 5382 777 5453 (Ἡ)
812 5382 896 5456 Att
926 5381 1040 5437 haec
1081 5380 1652 5456 verba‘intmaculatze
1677 5384 1738 5438 B.
1774 5383 2014 5456 Virginis
2045 5401 2173 5439 cono

589 5451 832 5522 ceptioni
876 5452 1112 5512 faveant.
1149 5451 1358 5521 jutlieet
1402 5455 1591 5526 lector.
1630 5455 1792 5512 Certe
1831 5451 1932 5526 ego
1974 5457 2172 5510 intelli-

588 5540 716 5590 gere
750 5539 857 5576 non
889 5539 1138 5586 possum.
1176 5524 1456 5597 quomodo
1497 5524 1555 5578 Β.
1601 5527 1757 5597 Vit-go
1788 5524 2038 5582 absolute
2066 5527 2172 5597 dici

593 5597 765 5662 possit
806 5598 1009 5648 munda
1060 5597 1126 5648 ab
1153 5595 1302 5648 omni
1337 5596 1474 5654 labe.
1528 5607 1582 5651 et
1624 5595 1737 5652 sola
1773 5597 2083 5660 benedicta,
2126 5595 2172 5652 si

590 5666 710 5718 ialm
737 5665 1018 5732 originalis
1048 5667 1254 5734 peccati
1287 5663 1504 5738 tardata
1553 5669 1854 5735 aliquando
1897 5669 2170 5738 apparuit,

587 5745 641 5790 et
685 5739 968 5790 communi
1021 5737 1416 5805 maledictioul,
1472 5750 1530 5793 ut
1568 5743 1750 5796 caeteri
1807 5737 1998 5797 omnes
2046 5741 2174 5794 Adin

593 5808 710 5873 lilii,
745 5807 990 5874 subjecta
1023 5809 1143 5862 fuit.

2271 4563 2441 4633 κόρην
2475 4564 2572 4634 τὴν
2607 4561 3079 4635 κεχαριτωμένην.

2343 4657 2560 4720 Παστάς
2608 4656 2745 4710 Θεοῦ
2793 4655 3063 4724 irrisit-ri},
3104 4654 3163 4707 ἐν
3209 4655 3276 4725 τῇ
3317 4653 3490 4723 σεπτῇ
3544 4668 3637 4704 σου
3676 4651 3838 4717 ταύτῃ

2272 4749 2503 4804 παστάδι
2538 4751 2721 4802 πίστει
2749 4750 2847 4818 τὴν
2881 4748 3088 4818 ἐσθῆτά
3127 4763 3221 4800 σου
3261 4747 3522 4815 κειμένην
3555 4743 3847 4814 σεϐόμεθα,

2273 4846 2349 4909 ὡς
2381 4845 2614 4899 κιϐωτὸν
2649 4846 2813 4911 ἁγίαν
2845 4844 2942 4896 καὶ
2972 4840 3344 4895 εύσεόούντων
3376 4837 3608 4909 σκέπην.

2365 5021 2803 5084 ’Λνακαινιςεται
2843 5019 2949 5081 πᾶς
2980 5018 3009 5069 ὁ
3035 5013 3275 5086 προσιὼν
3299 5014 3359 5068 ἐν
3392 5015 3596 5076 πίστει,
3629 5016 3721 5065 καὶ
3749 5027 3852 5077 την

2277 5115 2441 5183 ἁγίαν
2471 5114 2854 5182 ἀσπαζόμενος
2887 5109 3046 5182 σορὸν
3078 5107 3177 5179 τὴν
3219 5107 3556 5178 κατέχουσαν
3595 5105 3692 5176 τὴν
3727 5106 3851 5174 σὴν,

2280 5205 2420 5276 ἁγνὴ
2447 5205 2713 5276 Παρθένε,
2741 5203 3010 5273 φωτοειδῆ
3035 5201 3256 5270 ἐσθῆτα.

2358 5386 2472 5453 (‘25)
2522 5386 2662 5454 Quid
2695 5395 2780 5439 est
2822 5399 2946 5439 esse
2979 5386 3343 5459 undequaque
3386 5377 3749 5459 purumknisi
3784 5392 3853 5457 ex

2276 5459 2427 5512 omni
2464 5467 2635 5524 parte,
2681 5467 2848 5524 atque
2877 5471 2942 5508 ex
2978 5455 3125 5524 omni
3174 5465 3375 5524 genere
3404 5465 3592 5505 carere
3621 5455 3854 5524 impuri:

2275 5519 2590 5583 tate?"Nun
2616 5519 2834 5600 ptuisset
2871 5527 3039 5596 igitur
3073 5523 3135 5578 Β.
3174 5521 3336 5600 Virgo
3368 5525 3750 5600 undequaque,
3801 5519 3852 5570 nl

2273 5608 2358 5672 est
2377 5615 2444 5654 es
2477 5599 2626 5652 omni
2651 5610 2825 5668 parte,
2849 5594 3018 5672 atque
3043 5594 3288 5672 eno-nini.
3310 5606 3504 5672 genere
3528 5594 3853 5672 purissima,

2273 5670 2318 5724 si
2349 5687 2414 5725 ex
2449 5679 2603 5739 parte
2627 5662 3011 5738 c'onceptioiiis
3037 5662 3292 5736 originali
3325 5662 3854 5732 fuissetitnpuritatc

2274 5742 2582 5812 deturpata.
