4094 6284
312 433 453 502 1ὓ13

1733 423 2100 488 MARIALE.

3444 412 3587 477 1014

306 550 401 606 καὶ
438 548 606 603 τόπον
662 544 964 617 σωτηρίας,
1032 543 1127 599 καὶ
1182 542 1497 617 χαράκωμα
1531 540 1744 615 ταύτης
1797 542 1897 613 τῆς

2006 547 2153 594 tuam
2186 534 2461 607 reliquisti
2501 549 2721 597 zonam,
2756 542 3019 604 tanquam
3057 529 3451 602 scaturiginem
3484 532 3590 585 nti-

302 640 508 715 τιμῶσί
545 656 607 695 σε
642 638 877 705 πόλεως,
912 637 1179 710 ἄχραντε.

377 912 520 969 Νέον
546 912 709 985 ἡμεῖς
731 910 809 976 ὡς
835 908 1065 983 οὐρανὸν
1095 908 1452 981 ὑπερχόμεθὰ
1478 924 1575 964 σου
1604 910 1697 963 τὸν
1721 906 1896 976 οἷκον,

306 1009 369 1063 ιν
400 1000 447 1077 ᾧ
488 1006 926 1077 τεθησαύρισται
964 1002 1218 1075 καθάπερ
1263 1002 1413 1073 ἥλιος
1463 1002 1762 1074 φωταυγής
1803 1019 1897 1056 σου

307 1103 346 1174 η
368 1100 487 1156 θεία
514 1099 684 1168 ζώνη,
717 1092 879 1167 βολὰς
901 1094 1202 1166 θαυμάτων
1224 1094 1615 1165 ἐκπέμπουσα,
1642 1095 1735 1147 καὶ
1762 1093 1897 1147 πάν-

308 1209 420 1249 των
447 1192 548 1257 τὰς
596 1190 827 1264 καρδίας
870 1187 1317 1258 καταυγάζουσα,
1351 1185 1523 1261 Κόρη,
1564 1188 1660 1243 καὶ
1704 1185 1899 1241 παθῶν

310 1287 411 1357 τὴν
435 1284 668 1357 ὁμίχλην
698 1283 994 1338 διώκουσα.

378 1554 454 1609 Σὺ
495 1552 731 1616 κιϐωτὸς
757 1550 854 1606 τοῦ
880 1550 1076 1624 νοητοῦ
1118 1553 1461 1623 ἀγιάσματος
1506 1551 1896 1623 χρηματίζεις,

307 1647 570 1718 ἄχραντε,
599 1645 941 1716 πανύμνητε,
994 1646 1089 1700 καὶ
1118 1645 1218 1716 τὴν
1258 1644 1449 1713 τιμίαν
1484 1644 1687 1714 ταύτην
1738 1643 1899 1713 σορὸν

307 1738 467 1811 εχουσ
479 1755 547 1793 αν
576 1736 677 1809 τὴν
710 1736 889 1805 ζώνην
916 1734 983 1807 ἢν
1010 1736 1279 1806 περιοῦσα
1308 1734 1599 1804 ἐφόρεσας,
1632 1734 1898 1805 παρέχεις

306 1832 386 1901 τῷ
414 1830 531 1901 λαῷ
566 1846 663 1883 σου
697 1826 1041 1897 καταφύγιον
1079 1829 1240 1893 πᾶσι,
1289 1828 1385 1882 καὶ
1420 1827 1606 1899 πηγὴν
1646 1828 1896 1899 ίαμάτων

306 1921 602 1979 ἁκένωτον.

2002 624 2318 680 raculorum
2343 633 2400 680 et
2430 624 2766 693 ipsissimam
2795 621 2993 679 salutis
3022 621 3233 685 sedem,
3259 636 3324 676 ac
3346 622 3588 691 denique

2004 729 2061 773 ut
2090 718 2291 772 vallum
2317 716 2484 787 hujus
2506 717 2773 781 civitatis,
2802 733 2926 787 quae
2962 730 3151 770 amore
3185 713 3380 787 ﬂagrat
3410 715 3589 770 hono—

2003 813 2082 868 ris
2112 812 2219 866 tui.

2074 904 2237 961 Velut
2270 919 2475 968 novum
2506 902 2780 975 quoddam
2817 902 3023 958 coelum
3064 911 3215 957 tuam
3243 902 3473 958 domum
3504 902 3587 956 in-

2001 998 2301 1069 gredimur,
2331 1013 2365 1053 ο
2412 995 2601 1066 Virgo,
2656 997 2712 1051 in
2741 1010 2853 1067 quo
2889 993 3032 1050 cmio
3062 1005 3326 1065 tanquam
3361 995 3587 1049 thesau-

2002 1107 2099 1147 rus
2119 1090 2345 1161 quidam
2377 1097 2471 1144 tua
2502 1086 2692 1143 divina
2728 1096 2983 1142 servatur
3020 1098 3161 1141 zona
3202 1084 3225 1155 <
3249 1093 3438 1155 utpote
3464 1097 3589 1151 quae

2000 1184 2174 1239 Deum
2208 1184 2340 1238 olim
2378 1182 2521 1251 iuzse
2543 1179 2975 1250 circumdedit),
3008 1178 3257 1234 illustres
3289 1177 3590 1233 miraculo-

2002 1292 2123 1331 rum
2154 1276 2343 1331 radios
2380 1274 2641 1330 emittens
2689 1275 2866 1329 instar
2894 1272 3051 1337 solis,
3086 1286 3283 1343 nempe
3322 1268 3587 1327 cordibus

2000 1367 2248 1424 omnium
2289 1365 2671 1421 iiluminandis
2699 1374 2756 1420 et
2794 1362 3108 1434 eﬂ'ugandis
3153 1362 3280 1419 inde
3311 1363 3586 1417 malarum

1998 1458 2363 1529 cupiditatum
2393 1456 2661 1512 tenebris.

2073 1552 2119 1606 υ
2177 1548 2439 1603 sordibus
2491 1549 2725 1613 intacta,
2793 1555 2847 1602 et
2899 1547 3049 1602 omni
3106 1546 3331 1602 laudum
3386 1561 3587 1617 genere

2000 1644 2246 1698 certatim
2278 1642 2348 1696 ab
2378 1642 2637 1696 omnibus
2673 1640 2934 1695 colendal
2972 1649 3032 1694 tu
3074 1654 3135 1695 es
3186 1652 3313 1693 arca
3344 1637 3590 1693 sanctiﬁ-

1999 1738 2235 1792 cationis
2284 1736 2513 1797 intima,
2573 1734 2851 1791 intellectu
2908 1734 3097 1803 potius
3142 1747 3306 1802 quam
3350 1739 3586 1786 externo

1999 1829 2238 1899 quodam
2275 1844 2439 1899 sensu
2473 1826 2799 1893 tleliba’ndae,
2826 1833 2881 1881 et
2926 1825 3090 1881 simul
3126 1825 3231 1879 hoc
3265 1818 3587 1879 venerabile

1925 1916 1970 1971 Β
2000 1919 2391 1984 conditorium,
2452 1934 2565 1989 quo
2614 1927 2935 1973 asservatur
2977 1932 3116 1971 zona
3162 1915 3262 1970 tibi
3307 1915 3491 1970 adhuc
3531 1913 3587 1966 itt

307 2018 471 2072 terris
494 2018 659 2071 vitam
679 2015 893 2081 degenti
928 2026 1214 2086 usurpata,
1251 2015 1453 2085 populo
1474 2014 1583 2093 24
1602 2024 1699 2070 tuo
1721 2014 1951 2071 exhibes
2019 2023 2282 2086 tanquam
2354 2013 2627 2084 refugium
2653 2013 2929 2083 omnibus
3004 2020 3258 2083 paratum
3305 2024 3373 2067 ac
3440 2011 3592 2067 velut

303 2113 684 2186 prodigiorum
757 2112 959 2167 fontem
1026 2112 1191 2167 nullis
1271 2126 1515 2182 unquam
1589 2111 1878 2167 conatibus
1913 2110 2379 2167 exhauriendum.

377 2198 523 2260 Ἶικε
572 2209 639 2276 τῇ
688 2207 755 2276 σῇ
813 2205 970 2259 πόλει
1021 2204 1317 2259 πολύολϐον
1380 2204 1611 2275 δώρημα
1666 2205 1895 2277 ητιμία

2060 2204 2298 2259 Advenit
2324 2205 2471 2259 dono
2518 2200 2731 2257 civitati
2780 2200 2912 2256 huic
2951 2204 3061 2255 tua:
3092 2199 3396 2255 multarum
3430 2197 3590 2254 valde

307 2297 454 2368 ζώνη
476 2315 591 2361 σου,
616 2298 958 2369 πανύμνητε,
978 2299 1074 2352 καὶ
1096 2296 1364 2369 κατετέθη
1386 2298 1705 2369 περιφανῶς
1720 2297 1895 2372 ταύτῃ

2000 2293 2336 2353 felicitatum-
2378 2295 2673 2361 cumulus,
2743 2303 2898 2350 tuum
2975 2298 3171 2362 nempe
3250 2290 3536 2362 cingulum
3567 2337 3592 2375 ,

307 2393 374 2463 τῇ
402 2391 589 2465 ἡμέρᾳ
618 2392 676 2443 ὲν
704 2388 881 2461 τούτῳ
912 2388 1043 2461 θείῳ
1092 2390 1231 2461 οῐκῳ
1282 2406 1402 2456 σου,
1440 2390 1534 2445 καὶ
1566 2390 1761 2459 γέγονε
1794 2406 1893 2460 με·

2000 2402 2024 2443 s
2091 2388 2386 2458 prteconiis
2474 2386 2864 2442 universorum
2970 2385 3264 2441 decantata
3339 2382 3514 2455 Virgo
3569 2423 3587 2447 ,

308 2483 502 2556 γίστης
554 2485 771 2557 ἑορτῆς,
820 2483 1077 2550 Crocon,
1111 2484 1227 2549 τοῖς
1271 2482 1493 2557 θερμῶς
1534 2500 1595 2538 σε
1634 2482 1896 2539 ποθοῦσιν

2000 2482 2155 2554 idque
2202 2481 2469 2538 hodierna
2502 2480 2629 2538 luce
2664 2479 2722 2536 in
2766 2480 2871 2537 hac
2908 2478 3095 2535 divina
3150 2479 3266 2533 mde
3333 2488 3428 2534 tua
3461 2476 3591 2533 illu-

309 2576 588 2640 ὑπόθεσις.
1996 2583 2169 2630 strem
2217 2574 2274 2628 in
2312 2573 2537 2629 modum
2570 2581 2656 2629 est
2693 2571 3047 2638 collocatum,
3078 2572 3367 2641 evasitque
3410 2573 3591 2627 omni-

1996 2665 2101 2721 bus
2131 2665 2362 2720 ferventi
2402 2675 2454 2721 te
2480 2681 2671 2721 amore
2704 2666 3170 2737 prosequentibus
3207 2665 3382 2721 multo
3423 2662 3581 2721 festi-

1998 2756 2187 2813 vitatis
2220 2756 2570 2813 instituenda:
2599 2766 3013 2829 argumentum.

382 2841 570 2913 Νόμου
607 2844 760 2898 σκιαὶ
795 2844 888 2898 καὶ
917 2844 1219 2916 προφητῶν
1241 2844 1311 2897 τὰ
1336 2844 1638 2917 αἰνίγματα
1664 2844 1897 2917 προεδή-

2068 2850 2316 2921 Caligine
2342 2861 2619 2907 scatentes
2640 2851 2776 2922 legis
2794 2853 3005 2906 umbrae
3030 2867 3089 2906 ac
3112 2850 3274 2907 simul
3296 2848 3590 2922 aenigmata

310 2933 437 2990 λουν
465 2936 686 2991 ἔσεσθαί
724 2955 808 3001 σε,
844 2934 1109 3007 πάναίγνε,
1138 2937 1277 2991 Θεοῦ
1311 2937 1546 3010 Μητέρα
1581 2936 1897 3007 παναληθῆ,

2000 2943 2393 3014 prophetarum
2432 2953 2482 2999 te
2509 2944 2812 3015 aliquando
2847 2945 3196 3001 verissimam
3234 2942 3328 2999 Dei
3361 2941 3588 2997 Matrem

307 3026 378 3081 δι’
422 3023 493 3102 ἧς
548 3031 581 3100 ἡ
618 3031 835 3104 κατάρα
890 3029 1276 3103 ἀπεστειρώθη
1333 3032 1429 3085 καὶ
1475 3030 1678 3102 ἤνθησε
1714 3031 1897 3084 τελεία

2000 3034 2243 3090 futuram
2272 3036 2797 3107 praesigniﬁcarunt,
2824 3053 2859 3092 ο
2884 3037 3235 3093 castissima!
3272 3037 3463 3107 sicque
3494 3049 3592 3105 per

305 3116 553 3187 εὐλογία,
584 3120 680 3174 καὶ
701 3122 971 3193 σωτήριος
1001 3120 1164 3194 χάρις
1183 3122 1300 3187 τοῖς
1329 3122 1390 3175 ἐν
1426 3121 1605 3177 πίστει
1635 3122 1729 3176 καὶ
1750 3121 1897 3194 πόθῳ

2002 3134 2053 3181 te
2084 3136 2135 3182 et
2159 3127 2364 3197 peccati
2399 3128 2714 3184 maledictio
2750 3129 2821 3184 ad
2855 3131 3149 3199 quamdam
3192 3130 3351 3200 quasi
3383 3128 3588 3184 sterili-

311 3208 547 3281 ὑμνοῦσί
584 3229 667 3266 σε.

2000 3226 2167 3275 tatem
2206 3219 2428 3276 redacta
2452 3230 2560 3286 est,
2590 3233 2646 3277 et
2674 3223 2921 3278 vicissim
2951 3237 3081 3277 vera
3113 3240 3179 3278 ac
3213 3223 3456 3292 perfecta
3489 3221 3586 3275 be-

310 3308 555 3364 nedictio
606 3325 711 3365 una
762 3325 887 3365 cum
969 3311 1199 3367 salutari
1278 3311 1516 3382 quadam
1576 3312 1751 3382 gratia
1832 3312 2177 3373 efflorescere
2231 3316 2457 3388 incepit,
2526 3318 2596 3374 ad
2637 3318 2976 3391 singularem
3060 3317 3336 3386 omnium,
3387 3316 3588 3389 cupida

310 3399 419 3456 ﬁde
448 3401 545 3455 tibi
581 3402 961 3469 servientium,
1007 3395 1329 3458 utilitatem,

1005 3517 1135 3589 ,φὴ

385 3628 577 3700 Ζώνης
620 3628 772 3692 θείας
806 3628 1060 3702 τεθείσης
1106 3632 1351 3703 σήμερον
1366 3598 1437 3687 ⁹ἐν
1467 3634 1603 3709 οἴκῳ
1630 3654 1744 3705 σου,
1784 3636 1900 3693 θεο-

2673 3526 2787 3581 Ode
2833 3527 2888 3581 3.

2079 3638 2376 3709 Cingulum
2428 3640 2575 3696 istud
2624 3651 2775 3695 tuum
2808 3640 3082 3704 divinum,
3126 3640 3289 3710 cujus
3333 3640 3498 3695 hodie
3532 3640 3589 3695 in

316 3724 588 3793 χαρίτωτε
613 3762 628 3782 .
689 3724 1091 3794 συνεπανετιέθη
1146 3724 1370 3794 ἀγαθῶν
1420 3730 1572 3783 πᾶσα
1610 3728 1755 3794 δόσι-ις
1790 3731 1897 3793 τοῖς

2001 3732 2105 3787 hac
2150 3732 2313 3786 domn
2355 3744 2445 3786 tua
2496 3732 2898 3803 depositionetn
2933 3732 3299 3797 celebramus,
3332 3748 3364 3788 0
3396 3732 3590 3803 singu-

310 3815 599 3889 χρῄζουσι,
626 3817 720 3870 καὶ
752 3818 1055 3889 πληροῦται
1080 3820 1187 3883 πᾶς
1218 3835 1307 3880 τις
1337 3821 1640 3891 ἁγιασμοῦ,
1669 3824 1697 3876 ὁ
1728 3838 1897 3893 προσ-

2003 3824 2104 3879 lari
2133 3824 2279 3895 apud
2320 3824 2488 3879 Deum
2526 3825 2700 3895 gratia
2745 3824 2957 3894 pollens
2987 3822 3190 3894 Virgo!
3231 3823 3373 3879 istud
3405 3832 3588 3891 tuum,

232 3930 234 3932 τ
312 3909 567 3975 πελάζων
594 3911 693 3975 τὰς
724 3913 971 3983 αἰτήσεις
1019 3912 1229 3977 πιστῶς
1264 3914 1647 3984 κομιζόμενος.

2011 3919 2266 3988 inquam,
2299 3917 2581 3987 cingulum
2617 3920 2670 3973 in
2709 3932 2869 3973 suum
2906 3920 3013 3975 huc
3042 3919 3391 3983 comitatum,
3423 3917 3592 3975 traxit

311 4001 755 4061 liberalissimam
782 4006 1030 4062 omnium
1060 4009 1363 4076 gratiarum
1405 4010 1645 4080 copiam,
1685 4022 1847 4080 prout
1888 4013 2159 4083 cujusque
2189 4012 2431 4083 postulat
2468 4012 2793 4084 indigentia,
2813 4021 2867 4067 ct
2899 4012 3218 4083 quicunque
3266 4013 3373 4067 huc
3398 4027 3588 4067 acces-

312 4097 467 4161 serit,
500 4098 592 4154 ille
621 4100 879 4171 impletur
909 4102 1135 4173 copioso
1159 4101 1305 4157 dono
1336 4104 1737 4170 sanctimoniae,
1780 4108 1823 4161 si
1864 4106 2125 4164 nimirum
2161 4123 2351 4178 preces
2397 4123 2525 4165 suas
2560 4108 2728 4162 corde
2768 4108 3029 4163 obtulerit
3063 4109 3281 4163 sincero
3313 4122 3379 4162 ac
3413 4106 3589 4162 ﬁdeli'

394 4191 724 4266 Ὦραιώθης,
748 4196 1015 4269 Παρθένε,
1048 4197 1221 4267 Λόγον
1269 4198 1607 4269 ὡραιότατον
1647 4202 1898 4275 ἀποκυή-

315 4298 477 4347 σασα,
512 4285 608 4340 καὶ
658 4288 737 4357 τῷ
770 4287 847 4357 σῷ
874 4290 1063 4360 ὡραίῳ
1095 4292 1473 4363 insueti-aqua;
1502 4294 1641 4363 οἴκῳ
1666 4293 1897 4364 τεθήσεο

317 4378 444 4430 σθαι
470 4378 569 4447 τὴν
601 4379 810 4449 ὡραίαν
850 4381 1049 4453 ζώνην,
1078 4383 1198 4451 ἥτις
1232 4384 1292 4439 τὺ
1340 4385 1429 4439 σὺν
1480 4384 1682 4458 ῶραῖον
1716 4388 1895 4459 σῶμα,

316 4470 571 4533 Θεοτόκε,
599 4472 820 4542 ὡραίως
849 4475 1132 4538 διέζωσεν.

2074 4204 2338 4275 inclytam
2371 4204 2442 4258 ob
2478 4204 2639 4259 Verbi
2665 4219 2695 4257 a
2741 4212 2790 4257 te
2815 4204 2983 4275 geniti
3007 4202 3493 4271 pulchritudinem,
3529 4211 3587 4257 tu

2006 4314 2227 4369 quoque
2262 4298 2461 4371 inclyta
2500 4314 2560 4354 cs
2600 4296 3010 4368 pulchritudine
3057 4297 3366 4361 illustrata;
3420 4296 3590 4352 simu!

2010 4400 2064 4443 et
2101 4389 2152 4442 in
2189 4391 2291 4444 hoc
2358 4389 2559 4458 templo
2597 4402 2691 4443 tuo
2732 4388 2933 4458 inclyte
2966 4387 3242 4456 specioso,
3288 4396 3343 4440 tu
3380 4385 3593 4457 placide

2007 4482 2117 4551 pati
2167 4496 2229 4537 es
2268 4482 2513 4551 dignata,
2558 4490 2616 4535 ut
2658 4488 3017 4551 reponeretur
3054 4479 3272 4551 inclyta:
3311 4482 3439 4534 item
3474 4478 3593 4548 pulo

318 4567 649 4627 chritudinis
704 4588 841 4629 zona
903 4584 1038 4641 tua,
1082 4591 1205 4643 quae
1265 4587 1321 4633 et
1374 4586 1528 4634 tuum
1591 4580 1791 4651 inclyte
1843 4582 2130 4653 pulchrum
2187 4596 2409 4653 corpus,
2452 4597 2483 4636 ο
2544 4581 2795 4651 Deipara,
2832 4581 3017 4636 cinctu
3078 4576 3319 4650 quodam
3386 4576 3592 4649 inclyte

317 4682 549 4739 perorna
559 4670 653 4725 vit.

389 4760 493 4814 Σοῦ
543 4764 573 4815 ὁ
616 4763 775 4831 ἅγιος
826 4757 973 4828 οἶκος
1025 4764 1185 4828 ἄλλος
1232 4767 1306 4831 ῶς
1361 4766 1693 4840 παράδεισος
1760 4770 1897 4823 πᾶσι

2073 4768 2258 4825 Novus
2312 4783 2436 4824 esse
2488 4769 2777 4839 paradisus
2831 4766 3031 4822 domus
3076 4766 3191 4821 haec
3226 4774 3314 4819 tua
3347 4765 3592 4820 creditur

318 4852 687 4925 γνωρίζεται,
772 4857 940 4925 μέσον
1001 4858 1340 4928 κεκτημένος
1411 4859 1601 4931 ὥσπερ
1666 4859 1898 4932 εὔοσμον

320 4948 473 5017 ῥόδον
512 4948 608 5019 τὴν
639 4948 818 5019 ζώνην
850 4966 964 5011 σου,
1007 4947 1217 5015 εὐοδίας
1266 4950 1418 5015 θείας
1466 4953 1897 5024 ἁποπληροῦσαν

316 5042 417 5105 τὰς
464 5042 690 5113 καρδίας
736 5041 845 5095 τῶν
880 5042 1087 5105 πιστῶς
1144 5046 1507 5113 προσιόντων,
1560 5046 1895 5117 πανάμωμε.

2005 4862 2182 4933 palam
2217 4860 2324 4931 25
2358 4862 2427 4914 ab
2472 4860 2770 4925 universis,
2820 4860 2875 4914 in
2923 4858 3082 4930 cujus
3133 4856 3374 4927 paradisi
3405 4856 3589 4913 medio

2008 4957 2179 5011 instar
2210 4956 2499 5023 cujusdam
2534 4954 2830 5023 fragrantis
2862 4967 3001 5008 rosa:
3026 4967 3162 5007 zona
3199 4960 3290 5008 tua
3317 4950 3588 5006 collocata

2004 5049 2273 5110 cernitur,
2323 5062 2417 5117 per
2455 5046 2612 5115 cujus
2654 5045 3015 5115 ﬂagrantiam
3064 5044 3329 5107 divinant,
3384 5056 3586 5099 eorum

318 5134 509 5201 corda,
541 5135 633 5205 qui
664 5134 731 5189 ad
765 5142 817 5190 te
848 5136 934 5205 pia
966 5138 1201 5207 quadam
1236 5138 1571 5195 conﬁdentia
1643 5142 1932 5208 accedunt,
1976 5141 2256 5213 voluptate
2303 5140 2621 5196 plenissima
2672 5140 3030 5205 inundantur,
3073 5153 3106 5193 ο
3150 5152 3180 5191 a
3210 5137 3377 5193 uteris
3406 5137 3585 5192 omni-

323 5229 427 5284 bus
456 5231 659 5286 intacta
696 5230 861 5303 Virgo
886 5234 897 5287 ἰ

399 5323 647 5391 Ὄμθρου
679 5323 825 5377 θείου
868 5324 1067 5395 νεφέλη
1100 5327 1350 5393 γέγονας,
1403 5327 1741 5396 πανὰμωμε,
1774 5330 1902 5382 ἐνα-

326 5412 668 5475 ποστάζουσα
736 5416 1009 5489 δωτηρίας
1072 5419 1257 5490 ὕδωρ,
1310 5422 1405 5474 καὶ
1472 5422 1626 5491 πηγὴ
1691 5438 1904 5493 χερσω-

327 5499 499 5554 θεῖσιν
548 5504 888 5575 ἐγκλήμασιν
924 5511 1059 5579 πρὸς
1100 5514 1479 5583 καρποφορίαν
1513 5512 1900 5583 μεταγαγοῦσα

327 5593 616 5661 εὐσεϐείας
638 5614 649 5627 ·
683 5597 772 5651 διὰ
809 5600 967 5656 τοῦτο
1000 5604 1210 5667 πιστῶς
1244 5623 1302 5658 σε
1330 5605 1648 5677 δοξάζομεν.

403 5818 755 5903 (ξθλβυίρω
794 5821 978 5903 igitur,
1025 5843 1157 5903 qute
1195 5844 1258 5883 ex
1293 5829 1479 5903 Atiam
1508 5846 1605 5902 per
1639 5832 1909 5903 originem

329 5892 699 5964 contrahitur,
738 5892 846 5951 non
878 5894 981 5953 fuit
1022 5892 1295 5969 particeps
1326 5899 1385 5957 Β.
1420 5892 1605 5973 Virgo,
1655 5892 1899 5975 alioquin

2082 5326 2344 5382 Guttatim
2375 5326 2673 5381 salutarem
2704 5326 2901 5394 pluvia:
2945 5323 3145 5379 divina:
3181 5324 3379 5379 undam
3405 5322 3589 5380 distil‘

2011 5420 2131 5476 laus
2170 5420 2342 5473 nubes
2386 5418 2523 5474 facta
2568 5433 2648 5482 es,
2692 5433 2725 5472 ο
2769 5418 2944 5487 culpa;
2979 5418 3157 5474 omnis
3223 5433 3421 5487 expers
3465 5416 3589 5472 Vir-

2009 5528 2078 5583 go
2118 5512 2269 5581 ('29)!
2322 5511 2720 5577 animabusque
2772 5510 2980 5565 nostris
3030 5517 3252 5581 propter
3318 5508 3583 5564 vitiorum

2008 5603 2316 5659 aviditatem
2355 5602 2571 5673 penitus
2596 5602 2816 5657 incultis
2842 5601 3069 5657 exhibes
3119 5610 3169 5655 te
3197 5610 3255 5655 ut
3290 5601 3586 5671 quamdam

2017 5845 2129 5886 non
2173 5830 2421 5886 absolute
2482 5843 2581 5901 nec
2630 5842 2757 5901 vere
2800 5827 2908 5882 dici
2962 5833 3162 5901 posset
3189 5827 3372 5885 omnis
3416 5830 3589 5901 culpat

2008 5916 2226 5973 expers,
2258 5915 2382 5960 cum
2412 5899 2696 5970 originalis
2727 5912 2923 5970 expers
2948 5914 3058 5954 non
3089 5898 3304 5955 fuisset.
