4134 6336
541 399 679 467 1015

535 515 812 573 fontanam
857 519 1268 591 scaturiginem,

534 601 708 682 guiari
736 626 787 669 te
809 627 1006 670 conatu
1040 617 1162 672 ﬁdei
1206 633 1405 675 nosme
1431 620 1824 688 gloriticamus.

1238 711 1352 769 Ode
1381 714 1440 770 6.

608 799 744 855 Eum
781 803 876 872 qui
906 812 990 858 est
1016 810 1142 859 ante
1175 806 1358 860 omnia
1382 810 1602 875 saecula,
1630 820 1688 866 ut
1714 828 1914 869 novum
1948 816 2109 870 nobis

539 890 802 946 infantem
840 894 1200 964 progenuisti,
1231 907 1284 952 et
1308 899 1470 953 simul
1492 903 1557 954 ad
1593 919 1791 957 novum
1825 906 1971 961 hunc
2004 917 2110 961 tua:

539 983 832 1037 adventum
879 984 1217 1055 festivitatis,
1261 1005 1368 1058 qua
1417 991 1640 1058 pretiosi
1702 994 1861 1049 hodie
1907 997 2108 1067 Cinguli

539 1076 615 1126 tni
651 1077 831 1145 agitur
866 1077 1160 1145 depositio,
1201 1079 1430 1136 innovas
1468 1097 1688 1152 quoque
1723 1086 1887 1140 corda
1919 1097 2108 1143 nostra

541 1169 766 1222 vetustis
789 1167 900 1236 jam
925 1170 1102 1238 culpis
1131 1172 1446 1241 depravata.

612 1257 658 1312 0
717 1260 960 1330 virginea
1013 1260 1107 1316 Dei
1153 1262 1345 1327 Mater,
1400 1280 1618 1319 sacrum
1688 1264 1792 1321 hoc
1845 1268 2108 1336 templum

540 1361 691 1404 tuum
735 1350 858 1421 jure
905 1354 1104 1408 merito
1150 1355 1322 1423 gignit
1359 1355 1774 1412 admirationem
1823 1360 2103 1425 omnibus,

539 1450 725 1511 utpote
783 1442 927 1511 quod
987 1443 1273 1500 mirilicam
1321 1461 1514 1500 zonam
1591 1457 1739 1502 tuam
1803 1451 2108 1519 possidens,

537 1533 792 1590 omnibus
825 1536 944 1590 iidei
978 1537 1125 1592 dono
1167 1537 1406 1607 praditis
1439 1539 1662 1611 pelagus
1700 1541 1980 1611 quoddam
2019 1559 2105 1598 re-

537 1637 833 1698 praesentat
859 1630 1247 1685 remediorum.

605 1719 830 1774 Cuncta:
871 1723 1251 1778 exhilarantur
1295 1724 1494 1780 anima:
1536 1736 1787 1783 sanctum
1838 1729 2112 1786 intrantes

537 1812 796 1879 templum
831 1823 1006 1878 tuum,
1049 1816 1174 1884 quia
1210 1831 1361 1872 zona:
1409 1817 1573 1887 hujus
1606 1826 1713 1873 tuae
1737 1819 1789 1875 id
1829 1819 1930 1876 loci
1963 1822 2112 1890 posi-

535 1912 605 1957 ta:
657 1901 912 1956 fruuntur
937 1906 1395 1974 contemplatione
1420 1925 1434 1962 :
1457 1908 1557 1964 ista
1579 1911 1723 1965 enim
1754 1911 1887 1966 solis
1912 1928 2110 1982 quam-

535 1995 661 2050 dam
689 1996 867 2050 sereni
909 1997 1115 2053 habens
1155 1995 1374 2064 faciem,
1404 2000 1795 2071 omnipotentis
1834 2003 1986 2058 illum
2023 2004 2110 2058 di-

535 2087 762 2156 vinique
791 2088 1029 2156 Spiritus
1077 2088 1344 2159 fulgorem
1392 2091 1551 2148 donis
1595 2101 1761 2163 atque
1789 2095 1981 2165 gratiis
2018 2111 2106 2151 re-
2141 2110 2182 2165 Β

537 2176 758 2244 furtum,
785 2195 884 2235 ceu
907 2181 1174 2251 quosdam
1201 2197 1268 2236 ex
1296 2197 1355 2238 se
1381 2183 1565 2239 radios
1587 2184 1802 2240 vibrare
1829 2186 1994 2242 solet.

607 2269 926 2324 Animarum
972 2279 1284 2325 nostrarum
1346 2273 1490 2329 vires
1553 2275 1789 2345 quadam
1843 2277 2109 2348 multipli-

537 2362 684 2415 cium
716 2371 1065 2431 peccatorum
1111 2363 1345 2436 paralysi
1377 2365 1698 2434 dissolutas,
1730 2369 1885 2436 quasi
1928 2370 2113 2425 nervis

537 2452 863 2518 quibusdam
914 2455 1229 2518 corrobora,
1267 2452 1526 2526 oVirgo!
1574 2467 1630 2513 et
1679 2458 1777 2512 tibi
1824 2458 1945 2515 illos
1977 2475 2115 2530 prae-

540 2554 691 2599 terea
723 2547 923 2600 virtute
961 2545 1196 2615 quadam
1231 2548 1497 2618 singulari
1535 2553 1902 2623 accingendos
1932 2572 2110 2620 sume,

1627 413 1685 474 ς.
1723 413 2040 475 JOSEPHI
2083 415 2398 483 IIYMNOG
2409 421 2647 484 RAPHI

1357 537 1462 593 qua
1518 538 1619 580 nos
1671 525 1878 598 irrigati
1930 529 1996 584 ad
2049 530 2324 592 iaciendos
2359 535 2572 593 fructus
2640 537 2858 609 pietatis
2926 541 3309 610 fecundamur.
3349 547 3495 604 unde
3564 559 3619 605 et
3665 553 3790 605 sin-

3645 429 3792 496 1016

2891 733 3015 806 ᾭδὴ
3052 733 3128 800 ςό

2282 821 2418 874 Νέον
2462 821 2685 888 τέτοκας
2729 827 2861 898 ἡμῖν
2895 828 2968 891 ὡς
3013 827 3225 882 παιδίον
3268 831 3360 883 τὸν
3409 831 3516 899 πρὸ
3561 833 3791 885 πάντων

2209 913 2441 979 αίώνων,
2470 916 2563 970 καὶ
2588 919 2934 989 καινουργεῖς
2965 920 3196 990 καρδίας
3219 923 3495 993 ἁμαρτίας
3531 924 3784 977 παλαίωο

2211 1027 2293 1062 σιν
2318 1009 2636 1080 δεξαμένας,
2656 1013 2962 1082 καινισμῶν
2983 1015 3084 1086 τῆς
3103 1018 3454 1084 καταθέσεως
3478 1021 3576 1090 τῆς
3593 1023 3791 1093 τιμίας

2209 1098 2388 1172 ζώνης
2417 1119 2532 1171 σου,
2567 1103 2719 1176 Κόρη
2747 1105 3095 1179 ἀειπάρθενε.

2282 1285 2473 1354 Ἀγιός
2505 1303 2599 1340 σου
2622 1286 2651 1340 ὁ
2678 1287 2806 1350 ναὸς
2833 1288 3148 1357 θαυμαστὸς
3174 1289 3495 1364 δικαιοσύνῃ
3524 1293 3783 1362 ὑπάρχει.

2209 1377 2285 1442 ὥς
2313 1395 2395 1441 τις
2425 1379 2523 1447 τὴν
2554 1378 2876 1448 θαυμαστὴν
2903 1397 2997 1433 σου
3029 1380 3206 1450 ζώνην
3230 1381 3486 1450 θαύματα
3513 1382 3786 1452 βρύουσαν

2210 1471 2570 1540 κεκτημένος,
2593 1473 2706 1532 τοῖς
2724 1473 2935 1535 πιστοῖς
2955 1472 3190 1541 πέλαγος
3209 1473 3486 1527 δείκνυται
3517 1475 3784 1544 ἰαμάτων,

2210 1562 2521 1632 Θεοκυῆτορ
2560 1563 2999 1634 μητροπάρθενε.

2280 1737 2487 1808 Γέγηθι
2535 1740 2687 1792 πᾶσα
2735 1738 2881 1807 ψυχὴ
2915 1737 3172 1791 συνιοῦσα
3219 1737 3278 1790 ὲν
3310 1735 3451 1805 ἀγίῳ
3503 1735 3617 1804 ναῷ
3664 1750 3788 1794 σου,

2211 1832 2307 1885 καὶ
2338 1831 2398 1883 ἐν
2422 1829 2573 1898 αὐτῷ
2604 1829 2806 1898 δρῶσα,
2840 1829 3092 1894 Θεοτὸκε,
3120 1829 3219 1898 τὴν
3246 1828 3423 1895 ζώνην
3451 1844 3566 1887 σου,
3595 1824 3790 1896 ῶσπερ

2210 1923 2360 1993 ἥλιον
2412 1921 2638 1991 φαιδρὸν
2695 1921 2900 1989 φέγγος
2955 1921 3379 1991 ἀστράπτουσαν
3427 1918 3790 1990 χαρισμάτων

2209 2018 2303 2073 τοῦ
2347 2016 2652 2089 παντεργοῦ
2683 2017 2779 2069 καὶ
2803 2016 2948 2070 θείου
2988 2015 3321 2087 Πνεύματος.

2277 2277 2571 2348 Νεύρωσον
2619 2277 2800 2348 ἡμῶν,
2848 2277 3010 2348 ἁγνὴ,
3061 2277 3161 2340 τὰς
3195 2278 3421 2350 καρδίας
3457 2274 3790 2349 παρεθείσας

2208 2371 2482 2425 παντοίων
2516 2368 2804 2439 ἁμαρτιῶν
2841 2369 3032 2432 ἰδέαις,
3072 2369 3168 2422 καὶ
3203 2368 3512 2439 περιζωσον
3555 2368 3790 2437 δύναμιν

2210 2462 2336 2526 τοὺς
2365 2462 2464 2530 τὴν
2496 2461 2674 2532 ζώνην
2710 2479 2804 2514 σου
2837 2460 3042 2525 πιστῶς
3075 2460 3152 2525 ὡς
3181 2462 3548 2533 πολυτίμητον
3575 2478 3784 2531 κεκτη-

2215 2554 2411 2624 μένους
2441 2551 2533 2606 καὶ
2560 2552 2923 2622 ἀναφαίρετον
2950 2552 3328 2623 Θησαύρισμα.

535 2638 851 2708 quicunque
898 2636 1094 2693 eximia
1129 2640 1388 2711 religione
1451 2657 1648 2698 zonam
1693 2655 1867 2711 tuam,
1905 2658 1966 2702 ut
2003 2647 2158 2704 multi
2198 2662 2388 2719 gazam
2441 2646 2600 2715 pretii
2658 2653 2972 2710 asservant,
3009 2645 3156 2699 nulla
3204 2656 3322 2701 arte
3358 2644 3423 2700 de
3458 2642 3562 2715 piis
3595 2657 3786 2700 eorum

539 2733 794 2788 manibus
831 2734 1287 2803 extorquendam.

1142 2832 1253 2904 23
1299 2832 1508 2890 Odm.

612 2923 877 2980 Sublimis
924 2925 991 2979 ad
1047 2926 1291 2982 cmleslia
1346 2927 1698 2986 tabernacula
1756 2933 2116 3002 proﬁciscens

535 3030 720 3071 rerum
768 3025 1073 3071 creatarum
1121 3017 1363 3072 omnium
1410 3021 1620 3092 regina,
1667 3032 1871 3079 nostra:
1901 3025 2108 3080 civitati

538 3115 857 3163 cunctarum
908 3109 1125 3164 urbium
1164 3109 1380 3180 -reginm
1428 3127 1655 3183 magnas
1690 3115 1912 3186 reliquit
1954 3131 2111 3186 opes,

536 3215 731 3255 zonam
764 3215 958 3271 nempe
1007 3217 1185 3265 suam,
1216 3215 1311 3272 per
1354 3218 1518 3273 quam
1570 3207 1702 3261 urbs
1743 3208 1862 3262 haec
1912 3219 2102 3264 nostra

536 3291 847 3348 custoditur
887 3293 1151 3350 adversus
1185 3294 1535 3351 incursiones
1572 3297 1836 3362 hostium.
1873 3309 1980 3354 tam
2013 3299 2108 3372 qui

537 3384 814 3450 videntur,
851 3401 1015 3454 quam
1045 3386 1139 3453 qui
1172 3401 1281 3440 non
1314 3387 1589 3443 videntur.

609 3474 744 3532 Tam
788 3478 954 3531 nobili
987 3477 1148 3545 fonti,
1182 3494 1248 3533 ex
1276 3493 1386 3549 quo
1425 3481 1676 3537 ebullivit
1727 3483 1900 3553 gratia
1930 3492 1984 3539 et
2011 3485 2110 3539 mi-

536 3566 836 3622 sericordia
864 3567 1069 3632 divina,
1104 3569 1329 3638 propius
1360 3585 1506 3626 nunc
1533 3573 1882 3637 accedamus.
1914 3591 2109 3646 nempe

537 3658 887 3728 receptaculo
930 3660 1060 3715 huic
1102 3661 1435 3726 venerando,
1477 3664 1531 3720 in
1577 3681 1686 3735 quo
1725 3683 1862 3722 zona
1895 3670 2108 3737 pretio-

539 3748 757 3803 sissima
791 3759 1152 3805 conservatur
1194 3752 1342 3808 illius
1385 3753 1575 3810 Matris
1633 3758 1798 3813 simul
1831 3773 1897 3814 ac
1929 3758 2109 3832 Virgi-

541 3841 647 3903 nis,
681 3857 803 3911 quas
837 3858 1075 3899 massam
1109 3845 1324 3915 generis
1368 3848 1599 3904 humani
1637 3850 1919 3906 adorando
1951 3864 2111 3924 partu

538 3946 643 3987 suo
671 3933 738 3987 ad
777 3948 1032 4002 magnum
1069 3937 1251 3990 evexit
1283 3937 1475 3993 decus.

607 4025 846 4079 Adorate
903 4027 1121 4097 hymnis
1181 4028 1496 4095 Dominum,
1554 4030 1800 4089 Virtutes
1845 4035 2111 4090 caelorum

537 4116 826 4181 universae,
847 4118 1004 4186 cujus
1021 4128 1071 4173 et
1093 4117 1445 4180 Genitriccm.
1481 4124 1679 4195 lingua:
1698 4140 1891 4180 omnes
1910 4135 2115 4180 morta-

539 4207 700 4268 lium.
722 4207 1024 4278 gloriﬁcate
1051 4228 1065 4264 :
1120 4211 1275 4267 vobis
1309 4213 1509 4283 quippe
1542 4216 1689 4270 dono
1737 4214 1884 4270 dedit
1915 4232 2111 4271 zonam

542 4312 721 4357 suam.
761 4299 813 4353 in
843 4300 998 4368 cujus
1020 4315 1145 4356 vere
1172 4311 1289 4357 tuto
1311 4318 1374 4358 ac
1399 4306 1628 4359 salutari
1653 4307 1884 4372 ambitu,
1915 4309 2112 4364 merito

541 4395 776 4457 possunt
803 4390 1076 4458 refugium
1111 4407 1358 4461 qn:erere
1397 4394 1602 4449 iideles.

619 4478 858 4550 Urgeant
879 4482 1049 4537 nubes
1081 4482 1240 4538 hodie
1256 4484 1483 4541 imbrem
1501 4487 1728 4557 justitia:
1751 4489 1818 4544 de
1835 4491 2112 4560 supernis,

539 4570 984 4639 quandoquidem
1026 4590 1169 4628 nunc
1199 4577 1461 4646 deposita:
1489 4577 1578 4633 hic
1604 4595 1754 4634 zona:
1790 4590 1895 4636 tua:
1929 4583 2112 4653 agitur

544 4658 831 4725 festivitas,
864 4679 898 4717 υ
938 4680 1062 4733 qua}
1103 4666 1218 4736 ipsa
1262 4683 1323 4728 es
1354 4685 1572 4738 quoque
1613 4671 1785 4726 nubes
1827 4688 1955 4728 vere
2002 4674 2113 4728 Deo

543 4755 897 4823 gratissima!
962 4759 1127 4813 simul
1181 4775 1342 4815 omne
1411 4762 1675 4833 quidquid
1731 4765 1861 4819 vivit
1920 4767 2106 4822 exsul—

542 4846 713 4901 tando
738 4855 922 4903 cantet
953 4868 966 4903 :
1001 4851 1328 4908 Benedictus
1353 4853 1531 4911 Deus!

1236 4943 1348 5000 Ode
1392 4950 1446 5001 8.

615 5037 676 5092 In
707 5036 1022 5092 sanctuario
1044 5035 1288 5107 profanis
1303 5049 1354 5092 et
1376 5041 1560 5110 impiis
1591 5041 1895 5107 inaccesso,
1931 5044 2108 5100 instar

545 5125 728 5181 throni
756 5126 1040 5196 cujusdam
1067 5129 1203 5180 sacri
1230 5129 1514 5198 reponitur
1537 5147 1751 5188 summa
1774 5149 1897 5188 cum
1918 5150 2112 5205 pompa

543 5227 600 5274 et
644 5214 826 5270 laetitia
876 5215 982 5272 iate
1030 5217 1264 5285 loculus,
1311 5222 1405 5288 qui
1453 5223 1630 5278 unica:
1660 5223 1751 5279 Dei
1786 5226 2110 5290 Genitricis,

541 5323 595 5369 et
627 5313 966 5366 intemeratae
1007 5312 1253 5366 omnium
1291 5315 1493 5382 reginae
1526 5331 1716 5369 zonam
1754 5317 1808 5370 in
1854 5334 1976 5372 sese
2004 5319 2119 5373 coi-

541 5405 775 5460 iocatam
806 5411 979 5468 tenet;
1012 5419 1078 5458 ex
1125 5418 1227 5470 qua
1274 5403 1492 5474 quidem
1527 5407 1592 5460 iis
1637 5408 1731 5476 qui
1778 5411 1966 5463 multis
1989 5421 2119 5466 sunt

545 5495 782 5567 peccatis
810 5495 966 5550 fracti
994 5510 1060 5550 ac
1093 5495 1380 5565 debilitati,
1425 5497 1582 5567 plena
1617 5503 1751 5556 tanti
1793 5503 1922 5556 mali
1953 5504 2116 5574 quies

543 5605 609 5646 ac
636 5588 904 5644 medicina
943 5590 996 5643 in
1036 5601 1284 5659 promptu
1315 5594 1486 5646 adest.

615 5678 826 5734 Revera
865 5693 960 5750 per
997 5689 1215 5736 sanctas
1249 5698 1444 5737 manus
1476 5693 1617 5750 tuas,
1653 5685 1803 5740 iilnm
1839 5703 1902 5740 ex
1943 5697 1994 5741 te
2034 5689 2117 5743 in-

547 5780 832 5828 carnatnm
877 5771 985 5844 ³7
1025 5771 1079 5825 in
1119 5770 1279 5827 terris
1324 5773 1633 5841 Dominum,
1686 5786 1780 5829 tuo
1829 5777 2113 5831 accinxiin

549 5862 793 5934 cingulo,
839 5863 933 5933 qui
979 5877 1167 5918 omnes
1217 5879 1354 5919 verae
1402 5865 1584 5934 pietati
1622 5867 1832 5922 deditos
1878 5869 2112 5937 quodam

2135 3416 2188 3481 Ο

2143 4832 2194 4891 D

2892 2835 3024 2906 ’ῼδὴ
3061 2833 3126 2900 ς’·

2295 2932 2363 2985 Ἥ
2419 2929 2640 2984 πάντων
2694 2927 2987 2998 βασίλισσα
3036 2929 3172 2996 πρδς
3232 2923 3507 2992 οὐρανίους
3567 2921 3775 2988 σκηνὰς

2209 3025 2525 3096 ἀπαίρουσα
2572 3020 2966 3076 καταλέλοιπεν
3004 3017 3158 3070 δλόον
3203 3016 3266 3082 τῇ
3301 3009 3527 3081 βασιλίδι
3576 3005 3768 3060 πασῶν

2209 3118 2319 3172 τῶν
2352 3116 2565 3170 πόλεων
2600 3113 2701 3185 τὴν
2737 3111 2937 3180 ταύτης
2983 3107 3174 3175 ζώνην,
3214 3103 3280 3157 δι’
3307 3096 3372 3173 ἧς
3404 3099 3768 3171 περιζώσεται

2212 3210 2515 3282 ἐπιδρομῆς
2544 3205 2756 3278 ὁρατῶν
2796 3202 2886 3257 καὶ
2913 3199 3154 3272 ἀοράτων
3190 3195 3418 3266 ἐχθρῶν.

2285 3490 2445 3561 Πηγῇ
2492 3487 2589 3542 νῦν
2625 3484 3000 3557 προσίλθομεν
3056 3475 3438 3544 ἀποσταζούσῃ
3477 3472 3637 3544 χάριν
3693 3467 3791 3522 καὶ

2215 3582 2362 3646 ἕλεος
2392 3585 2459 3653 τῇ
2505 3580 2650 3652 σορῷ
2690 3580 2758 3649 τῇ
2792 3577 2972 3646 τιμία,
3014 3576 3081 3644 τῇ
3131 3570 3434 3640 κατεχούσῃ
3481 3563 3658 3629 ζώνην
3693 3561 3792 3633 τὴν

2215 3671 2484 3741 πάντιμον
2513 3668 2615 3739 τῆς
2659 3666 2970 3738 τιμησάσης
3011 3662 3314 3732 ἀνθρώπων
3347 3657 3408 3711 τδ
3450 3656 3680 3725 φύραμα
3707 3668 3790 3705 τι·-

2220 3762 2327 3834 μίῳ
2358 3762 2506 3832 τόκῳ
2533 3759 2728 3829 αὐτῆς,
2750 3754 3028 3828 Παρθένου
3053 3771 3114 3805 τε
3145 3752 3240 3806 καὶ
3272 3748 3509 3820 Μητρός.

2285 4042 2497 4096 Αἰνεῖτε
2526 4039 2618 4094 τδν
2633 4038 2860 4110 Κύριον,
2878 4037 3148 4104 Δυνάμεις
3174 4032 3344 4084 πᾶσαι
3369 4030 3426 4082 αἱ
3449 4026 3791 4099 ὲπουράνιαιο

2216 4135 2315 4206 τὴν
2333 4133 2524 4188 τοῦτον
2539 4130 2826 4196 τεκοῦσαν,
2843 4126 3144 4201 ἀνθρώπων
3161 4123 3404 4193 γλῶσσαι
3421 4121 3613 4187 πᾶσαι,
3639 4117 3796 4182 δοξά-

2220 4244 2370 4290 σατε,
2403 4227 2484 4280 ὅτι
2529 4225 2633 4295 τὴν
2668 4223 2846 4292 ζώνην
2878 4219 3050 4288 αὐτῆς
3106 4215 3424 4287 ἐδωρήσατο
3471 4209 3795 4280 καταφυγὴν

2218 4319 2394 4389 ἀληθῆ
2424 4317 2520 4372 καὶ
2547 4314 2823 4386 σωτηρίαν
2854 4312 3087 4372 πιστοῖς.

2301 4408 2648 4464 Ῥανάτωσαν
2681 4405 2888 4460 ἀνωθεν
2917 4396 3265 4468 δικαιοσύνην
3302 4393 3525 4462 νεφέλαι
3553 4390 3793 4462 σήμερον

2219 4501 2514 4558 καταθέσει
2546 4498 2646 4569 τῆς
2677 4495 2856 4566 ζώνης
2885 4497 2984 4564 τῆς
3013 4493 3134 4562 σῆς,
3169 4488 3367 4558 νεφέλη
3404 4484 3792 4554 θεοχαρίτωτε,

2221 4593 2315 4649 καὶ
2370 4591 2680 4663 μελῳδείτω
2720 4589 2868 4660 ψυχὴ
2901 4589 3050 4641 πᾶσα
3095 4584 3396 4654 χαίρουσαο
3430 4574 3734 4646 Εὐλογητὸς
3768 4576 3796 4626 ὁ

2220 4687 2378 4750 Θεδς.

2890 4942 3014 5016 ’ῼδὴ
3043 4941 3113 5016 ηὐ

2284 5042 2484 5115 Θρδνος
2506 5041 2760 5113 καθάπερ
2782 4947 3014 5108 ἆγιοῗδίίἱ
3026 4961 3182 5106 uti»;
3216 5033 3530 5090 ἀνατίθεται
3559 5030 3708 5085 ἔνδον
3735 5030 3796 5081 ὲν

2214 5137 2433 5199 ἀδύτοις
2469 5135 2635 5207 ἱεροῖς
2684 5131 3022 5203 φαιδρότατα
3056 5129 3156 5198 τῆς
3191 5128 3358 5198 μόνης
3386 5125 3670 5188 θεόπαιδος
3699 5124 3796 5177 καὶ

2220 5227 2488 5297 βασιλίδος
2539 5227 2758 5281 πάντων
2783 5223 2980 5292 ἁγνῆς,
3031 5220 3208 5290 ζώνην
3248 5216 3561 5289 κεκτημένη
3589 5217 3795 5268 ἐπαναο

2220 5316 2631 5387 παυομένην,ὲξ
2657 5310 2850 5387 ἧςτοῖς
2876 5310 3142 5366 κοπιῶσιν
3165 5311 3221 5362 ὲν
3244 5309 3466 5372 πολλαῖς
3493 5304 3797 5378 ἁμαρτίαις

2219 5408 2527 5471 ἀνάπαυσις
2549 5407 2732 5459 τελεία
2769 5405 3102 5477 προέρχεται
3133 5399 3405 5468 ἀφθόνως.

2308 5682 2431 5736 Ἐπὶ
2458 5683 2556 5748 τῆς
2591 5682 2694 5751 γῆς
2733 5680 2822 5735 τὸν
2849 5678 3054 5752 Κύριον
3084 5677 3248 5746 ἱερῶς
3274 5675 3667 5747 ὲσωμάτωσας.
3700 5675 3798 5726 καὶ

2223 5777 2411 5843 χερσὶν
2443 5773 2626 5838 ἁγίαις
2661 5769 2877 5840 ἀληθῶς
2927 5768 3214 5832 διέζωσας,
3242 5767 3335 5820 τὸν
3362 5763 3803 5838 περιζωννύοντσ.

2222 5865 2348 5930 τοὺς
2381 5862 2736 5928 εὐσεϐοῦντας
2763 5862 2994 5933 δύναμιν
3016 5876 3030 5890 ⁶
3064 5859 3158 5913 νῦν
3186 5859 3242 5915 δὲ
3274 5858 3519 5915 ἀναϐᾶσα
3550 5853 3800 5924 οὐρανῶν
