4134 6336
340 386 477 452 1025

1751 367 2121 433 MARIALE.

3454 363 3594 433 1026

339 497 572 568 θῄσασα,
602 493 783 563 χαῖρε,
815 490 1109 553 Δέσποινα,
1133 484 1204 540 δι’
1240 494 1313 558 ης
1330 481 1510 556 χαρᾶς
1539 478 1921 552 ⁴πληρούμεθα,

2036 476 2499 534 immarcescibilis
2522 475 2757 534 clnoruit
2776 493 2791 533 :
2810 476 3005 549 gaude,
3034 473 3286 542 Domina,
3316 490 3414 548 per
3427 474 3594 550 quam

338 592 434 642 καὶ
460 584 604 655 ζωὴν
637 578 1105 654 κληροωμοῦμεν.

420 677 825 748 Ῥητορεύουσα
856 674 916 727 οὐ
949 672 1128 726 σθένει
1160 669 1404 735 γλῶσσα,
1438 665 1728 730 Δέσποινα,
1759 664 1923 735 ὑμνο-

341 769 570 842 λογῆσαὶ
596 785 654 821 σε
683 785 695 796 ·
721 765 863 835 ὑπὲρ
895 764 1007 835 γὰρ
1032 760 1103 817 τὰ
1122 762 1375 833 Σεραφὶμ
1400 758 1641 829 ύιμδθηςι
1667 756 1926 827 κυήσασα

340 862 433 916 τὸν
465 861 692 932 βασιλέα
709 856 968 929 Χριστὸν,
1006 855 1066 909 ὃν
1096 852 1306 908 ἱκέτευε
1336 849 1521 919 πάσης
1568 846 1687 901 νῦν·
1720 845 1922 916 ϐλάϐης

345 951 615 1028 ῥύσασθαι
642 951 769 1015 τοὺς
798 948 1005 1011 πιστῶς
1036 962 1098 999 σε
1137 940 1603 1027 προσκυνοῦντας.

416 1127 672 1199 Euenus!
713 1142 773 1179 σε
812 1122 1194 1197 μακαρίζοντα
1215 1122 1287 1175 τά
1309 1120 1524 1192 πέρατα
1547 1119 1642 1172 καὶ
1678 1117 1925 1188 ἀνακρά-

347 1220 431 1287 ζει
454 1236 567 1274 σοι·
594 1220 789 1290 Χαῖρε,
827 1219 857 1270 ό
887 1221 1051 1288 τόμος
1085 1217 1144 1269 ὲν
1165 1207 1209 1283 ᾧ
1241 1212 1492 1283 δακτύλῳ
1547 1212 1925 1279 ἐγγέγραπται

352 1313 570 1386 Πατρδς
598 1315 627 1366 ό
656 1313 849 1381 Λόγος,
887 1310 1048 1379 ἁγνὴ,
1085 1308 1145 1362 ὃν
1175 1306 1384 1362 ἱκέτευε
1427 1303 1595 1377 βισλῳ
1622 1302 1768 1374 ζωῆς
1801 1301 1926 1365 τοὺς

347 1407 566 1471 δούλους
588 1423 682 1460 σου
711 1402 1086 1477 καταγράψαι,
1107 1400 1362 1456 Θεοτόκε.

404 1580 740 1652 ’ἱκετεύομεν
752 1578 993 1634 οἰδοῦλοί
1019 1594 1113 1631 σου
1143 1577 1240 1632 καὶ
1262 1576 1520 1649 κλινομεν
1545 1575 1677 1643 γόνυ
1700 1572 1928 1644 καρδίας

344 1666 504 1739 ἡμῶν
531 1683 546 1695 ·
569 1667 750 1722 κλῖνον
780 1667 839 1720 τὸ
868 1666 961 1730 οὓς
994 1684 1111 1733 σου,
1138 1665 1299 1738 ἁγνὴ,
1326 1668 1420 1721 καὶ
1448 1664 1626 1719 σῶσον
1656 1664 1786 1730 τοὺς
1813 1663 1929 1717 θλι-

342 1759 471 1830 ψεσι
491 1758 878 1829 βυοιζομὲνους
900 1760 1071 1829 ἡμᾶς,
1122 1757 1220 1812 καὶ
1247 1758 1591 1830 συντήρησον
1634 1757 1815 1827 πάσης
1839 1758 1930 1828 ιχ·-

344 1852 492 1923 θρῶν
515 1851 769 1916 ἁλώσεως
789 1850 889 1921 τὴν
922 1851 1021 1921 σὴν
1049 1849 1224 1914 πόλιν,
1256 1851 1509 1905 Θεοτόκε.

989 2050 1115 2122 ᾭδὴ
1143 2048 1213 2122 71'-

426 2164 603 2236 Νηδύῖ
624 2163 714 2219 τὸν
750 2164 925 2233 Λόγον
958 2163 1223 2229 ύπεδέξω,
1265 2163 1358 2219 τδν
1392 2162 1570 2218 πάντα
1593 2161 1934 2233 βαστάζοντα

352 2254 684 2320 ἐϐάστασας,
710 2254 945 2323 γάλακτι
965 2252 1268 2324 ἐξέθρεψας
1289 2252 1523 2324 νεύματι
1547 2253 1639 2306 τὸν
1664 2252 1935 2324 τρέφοντα

352 2351 455 2420 τὴν
504 2348 834 2416 οἰκουμένην
866 2344 1106 2407 ἃπασαν,
1160 2345 1322 2415 ἁγνὴ,
1359 2338 1404 2412 ᾧ
1457 2342 1772 2415 ψάλλομενο
1829 2342 1934 2396 Τὸν

353 2440 557 2511 Κύριον
586 2440 827 2509 ὑμνεῖτε,
858 2437 927 2490 τά
948 2436 1107 2508 ἔργα,
1127 2438 1221 2491 καὶ
1250 2433 1593 2507 ὐπερυψοῦτε
1623 2436 1704 2499 εἰς
1726 2434 1932 2499 πάντας

351 2529 483 2592 τοὺς
506 2528 731 2590 αἰῶνας.

433 2620 677 2688 Μωῡσῆς
708 2618 1033 2700 κατενόησεν
1059 2618 1118 2672 ὲν
1148 2618 1294 2690 βάτῳ
1335 2616 1396 2670 τὺ
1440 2616 1585 2688 μέγα
1637 2619 1934 2689 μυστήριον

353 2708 450 2762 τοῦ
481 2709 641 2762 τόκου
670 2725 767 2763 σου
786 2726 802 2743 ·
835 2709 1023 2772 παῖδες
1054 2706 1459 2778 προεικόνησαν
1485 2706 1645 2760 τοῦτο
1702 2705 1936 2778 ἐμφανέ-

355 2818 527 2855 στατα
561 2802 731 2871 μέσον
762 2800 932 2871 πυρὸς
987 2796 1290 2870 ἱστάμενοι,
1335 2799 1435 2853 καὶ
1474 2799 1553 2871 μὴ
1587 2798 1932 2870 φλεγόμενοι,

355 2896 599 2967 ἀκήρατε
625 2895 758 2963 ἁγία
799 2893 1042 2966 Παρθένε
1059 2909 1077 2925 ”
1097 2892 1219 2948 ὅθεν
1240 2909 1302 2947 σε
1327 2892 1603 2964 ὑμνοῦμεν
1625 2893 1704 2958 εἰς
1727 2892 1936 2957 πάντας

352 2992 480 3054 τοὺς
504 2989 726 3057 αἰῶνας.

424 3083 491 3137 0i
526 3081 717 3155 πρώην
742 3084 924 3156 ἀπάτῃ
946 3082 1330 3155 γυμνωθέντες
1377 3081 1571 3153 στολὴν
1622 3079 1932 3154 ἀφθαρσίας

2022 567 2313 638 imple-mur
2342 569 2561 641 gaudio,
2586 576 2641 625 et
2661 568 2962 638 accipimus
2996 567 3369 625 hereditatem
3444 566 3593 624 vita.

2094 658 2281 715 Deﬁcit
2308 660 2515 731 lingua,
2545 660 2673 715 dum
2709 661 2778 715 de
2803 668 2854 715 te
2884 659 3148 729 loquitur,
3173 675 3209 714 o
3236 660 3483 725 Domina,
3537 659 3593 714 in

2025 750 2280 807 laudibus
2310 752 2418 807 tuis
2450 769 2465 805 :
2492 754 2697 821 etenim
2726 767 2892 823 supra
2921 750 3216 807 Cherubim
3270 753 3507 807 exaltata
3533 768 3596 808 es

2023 844 2243 913 pariens
2278 859 2458 913 regem
2487 842 2788 909 Christum,
2846 859 3007 914 quem
3052 844 3363 913 deprecare,
3409 855 3467 897 ut
3526 844 3599 898 ab

2023 936 2173 992 omni
2201 938 2423 994 laesione
2456 938 2647 993 liberet
2677 952 2823 992 nunc
2855 952 3047 993 omnes
3079 936 3173 1007 qui
3206 946 3259 991 te
3298 942 3423 990 cum
3446 939 3597 991 omni

1936 1068 1937 1071 η
2024 1030 2130 1085 ﬁde
2159 1032 2410 1086 adorant.

2096 1121 2302 1191 Insigni
2325 1122 2483 1175 laude
2521 1129 2571 1176 te
2595 1121 2875 1176 celebrant
2928 1135 2993 1176 ac
3049 1118 3363 1179 beatiﬁcant
3411 1134 3603 1175 omnes

2026 1213 2161 1269 ﬁnes
2194 1222 2370 1277 terrm,
2400 1214 2702 1267 clamantes
2732 1213 2797 1266 ad
2844 1224 2894 1267 te
2926 1231 2939 1267 :
2980 1210 3192 1276 Gaude,
3238 1211 3514 1273 volumen,
3544 1210 3601 1264 in

2026 1321 2138 1378 quo
2186 1306 2450 1377 scriptum
2509 1316 2593 1361 est
2644 1306 2812 1374 digito
2879 1302 3057 1357 Patris
3112 1300 3392 1369 Verbum;
3455 1300 3604 1372 quod

2028 1400 2342 1468 deprecare,
2376 1413 2410 1453 o
2447 1408 2598 1454 casta
2632 1397 2880 1469 Deipara.
2929 1408 2987 1452 ut
3016 1397 3072 1451 in
3122 1396 3266 1451 libro
3322 1396 3448 1450 vita
3502 1395 3604 1450 de-

2029 1492 2236 1550 seribat
2271 1508 2461 1549 servos
2507 1503 2653 1549 tuos.

2102 1585 2468 1656 Deprecamur
2502 1594 2553 1641 te
2578 1584 2721 1640 servi
2758 1584 2857 1651 tui,
2880 1591 2935 1640 et
2958 1582 3288 1639 inclinamus
3311 1595 3453 1652 genu
3480 1595 3607 1637 cor-

2029 1678 2116 1735 dis
2165 1678 2335 1733 nostri
2367 1697 2383 1735 ;
2425 1678 2627 1734 inclina
2662 1689 2741 1741 tu,
2791 1694 2823 1733 ο
2855 1676 3170 1747 purissima,
3201 1689 3388 1730 aurem
3430 1683 3604 1737 tuam,

2032 1782 2088 1827 et
2105 1772 2255 1826 salva
2282 1786 2404 1836 nos,
2436 1771 2531 1841 qui
2564 1770 2617 1824 in
2661 1769 2930 1839 profundo
2951 1768 3364 1824 tribulationum
3393 1766 3610 1822 demer-

1964 1835 2008 1891 Β
2034 1864 2246 1937 gimur;
2265 1835 2502 1928 custodi,
2534 1878 2568 1919 o
2607 1835 2857 1934 Deipara,
2888 1863 3164 1918 civitatem
3197 1868 3343 1916 luam
3368 1860 3436 1916 ab
3455 1858 3607 1915 omni

2032 1956 2385 2013 inimicorum
2409 1957 2834 2027 expugnatione.

2634 2064 2740 2136 33
2768 2062 2882 2121 Ode
2916 2064 2968 2121 8.

2104 2180 2148 2235 0
2176 2188 2327 2234 casta
2354 2221 2371 2246 ,
2408 2176 2645 2233 Verbum
2676 2181 2727 2233 in
2754 2193 2910 2235 utero
2945 2178 3234 2250 suscepisti
3260 2196 3275 2235 :
3302 2188 3607 2251 portantem

2033 2271 2215 2327 omnia
2244 2272 2498 2343 portasti,
2531 2273 2745 2327 uutristi
2781 2274 3108 2327 nutrientem
3158 2282 3293 2327 nutu
3347 2288 3447 2328 suo
3484 2272 3612 2326 uni—

2034 2378 2256 2420 versum
2283 2374 2554 2419 terrarum
2588 2362 2774 2418 orbem
2801 2380 2817 2429 ;
2850 2365 2937 2418 cui
2969 2364 3251 2434 psallimus
3280 2381 3295 2419 :
3322 2362 3612 2418 Dominum

2034 2452 2272 2522 laudate,
2305 2470 2490 2527 opera,
2521 2462 2573 2511 et
2598 2456 3002 2527 superexaltate
3029 2456 3084 2511 in
3109 2455 3294 2511 omnia
3325 2457 3548 2513 secula.

2106 2632 2320 2706 Moyses
2365 2635 2631 2694 intellexit
2689 2636 2744 2692 in
2791 2651 2931 2692 ruoo
2974 2651 3230 2705 magnum
3285 2635 3609 2707 mysterium

2034 2735 2225 2796 partus
2255 2728 2333 2783 tni
2365 2728 2561 2798 :pueri
2590 2730 3015 2799 preligurarunt
3065 2728 3203 2783 illud
3263 2727 3613 2801 apertissime

2037 2827 2245 2875 stantes
2276 2819 2331 2875 in
2353 2819 2534 2875 medio
2564 2820 2708 2891 ignis
2743 2820 2866 2876 sine
2895 2820 3003 2873 ulla
3062 2818 3281 2875 laesione
3306 2837 3322 2887 ;
3370 2821 3513 2875 unde
3536 2827 3611 2883 te.

2037 2912 2265 2983 oVirgo
2321 2912 2576 2969 inviolata
2634 2926 2699 2969 ac
2749 2922 2962 2980 sancta,
2997 2913 3285 2969 laudamus
3323 2912 3379 2968 in
3428 2913 3615 2969 omnia

2038 3005 2262 3062 saecula.

2114 3097 2364 3154 Versutia
2396 3098 2568 3155 hostis
2588 3109 2746 3155 antea
2775 3099 2984 3164 nudati,
3019 3098 3157 3155 stola
3187 3098 3615 3155 immortalitatis

353 3173 682 3248 ἱνεὸύθημεν
698 3179 765 3247 τῇ
793 3176 1065 3249 κυοφοριᾳ
1086 3191 1205 3243 σου,
1230 3176 1329 3229 καὶ
1361 3174 1415 3229 οἰ
1468 3173 1826 3246 καθεζόμενοι
1880 3174 1937 3226 ἒν

2043 3188 2219 3245 induti
2248 3207 2440 3247 sumus
2494 3199 2651 3261 partu
2680 3198 2817 3247 tuo:
2865 3200 3073 3247 etcum
3116 3190 3429 3248 sederemus
3449 3190 3503 3245 in
3532 3199 3615 3247 te-

358 3268 540 3321 σκότει
577 3265 998 3339 παριπτώσεων
1048 3264 1163 3334 φῶς
1207 3266 1703 3333 κατωπτεύσαμεν,
1761 3265 1936 3333 φωτὸς

357 3363 802 3431 κατοικητήριον,
830 3360 1017 3430 Κόρη·
1042 3359 1166 3412 ὅθεν
1202 3376 1263 3413 σε
1295 3358 1575 3431 ύμνοῦμεν
1606 3360 1685 3422 εἰς
1728 3359 1936 3424 πάντας

359 3452 487 3513 τοὺς
511 3450 738 3513 αἰῶνας.

434 3540 638 3612 Νεκροὶ
659 3540 749 3595 διὰ
785 3540 878 3595 σοῦ
927 3539 1349 3607 ζ’ωοποιοῖινται⁸
1379 3540 1526 3614 ζωὴν
1571 3540 1681 3614 γὰρ
1736 3541 1836 3613 τὴν
1854 3543 1941 3596 ἐν·

363 3633 666 3688 υπόστατον
698 3633 960 3705 ὲκύησαςο
989 3633 1206 3689 εὖλαλοι
1229 3636 1279 3688 οἱ
1304 3634 1492 3690 ἄλαλοι
1515 3634 1707 3707 πρώην
1722 3652 1942 3707 χρημα-

362 3724 629 3792 τίζοντες,
663 3724 856 3798 λεπροὶ
886 3726 1374 3799 ἀποκαθαίρονται,
1434 3726 1580 3781 νόσοι
1629 3726 1937 3792 διώκονται,

362 3818 690 3889 πνευμάτων
716 3819 915 3890 ἀερίων
943 3820 1013 3873 τά
1031 3817 1212 3892 πλήθη
1244 3820 1529 3891 ἥττηνται,
1550 3817 1795 3892 Παρθένε
1811 3817 1940 3893 βρο-

358 3911 472 3963 τῶν
501 3911 534 3982 ἡ
568 3911 837 3982 σωτηρία.

444 4002 508 4055 'll
524 4004 712 4075 κόσμῳ
730 4002 967 4059 τεκοῦσα
989 4005 1287 4078 σωτηρίαν,
1301 3998 1450 4079 δι’ἦς
1462 4004 1570 4059 ἀπὸ
1589 4003 1693 4077 γῆς
1710 4006 1792 4068 εἰς
1807 4003 1941 4074 ὕψος

359 4095 627 4167 ἡροημεν,
660 4098 895 4167 χαίροις,
943 4098 1370 4169 παντευλόγητε,
1444 4097 1624 4169 σκέπη
1661 4097 1758 4151 καὶ
1808 4114 1943 4169 κρα-

361 4189 601 4258 ταξωμα,
654 4190 829 4260 τεῖχος
880 4190 977 4245 καὶ
1032 4190 1300 4262 ὀχύρωμα
1370 4189 1480 4244 τῶν
1536 4189 1942 4261 μελῳδούντων,

362 4280 502 4348 ἁγνή
530 4295 545 4309 ·
577 4281 680 4332 Τὸν
714 4282 917 4350 Κύριον
945 4283 1188 4352 ὑμνεῖτε,
1208 4283 1277 4335 τὰ
1297 4284 1457 4355 ἔργα,
1491 4283 1583 4336 καὶ
1599 4280 1943 4353 ὑπερυψοῦτε

364 4368 444 4433 τίς
480 4370 687 4431 πάντας
717 4372 840 4433 τοὺς
871 4372 1094 4436 αἰῶνας.

1002 4505 1127 4578 ᾮδὴ
1160 4507 1227 4561 θ’.

440 4639 561 4695 Ἵνα
596 4656 679 4696 σοι
714 4642 895 4695 πιστοὶ
920 4642 978 4696 τὸ
1010 4646 1187 4713 Χαῖρε
1211 4649 1611 4721 κραυγάζωμεν
1640 4654 1688 4706 οἰ
1735 4651 1825 4706 διὰ
1848 4653 1943 4707 σοῦ

363 4732 467 4805 τῆς
498 4732 675 4805 χαρᾶς
703 4734 921 4804 μέτοχοι
948 4736 1228 4806 γενόμενοι
1259 4741 1355 4809 τῆς
1381 4742 1575 4809 ἀϊδίου,
1613 4743 1773 4815 ῥῦσαι
1799 4746 1946 4816 ἡμᾶς

369 4825 706 4897 πειρασμοῦ,
738 4826 1085 4899 βαρὸαρικῆς
1126 4831 1401 4899 ἁλώσεως,
1436 4835 1529 4887 καὶ
1556 4835 1737 4906 πάσης
1781 4838 1947 4909 άλλης

368 4918 585 4989 πληγῆς
635 4916 724 4971 διὰ
773 4917 999 4986 πλῆθος,
1021 4922 1198 4993 Κόρη,
1227 4924 1643 4994 παραπτὼσεων
1688 4928 1949 5002 ἐπιούσης

365 5007 580 5081 βροτοῖς
639 5008 1066 5079 ἁμαρτάνουσιν.

441 5185 654 5259 Ὠφθης
680 5187 959 5260 φωτισμὺς
1002 5188 1163 5261 ἡμῶν
1194 5197 1287 5245 καὶ
1310 5190 1627 5257 βεϐαίωσις,
1655 5193 1776 5247 ὅθεν
1810 5192 1949 5265 βοῶ-

372 5279 469 5347 μέν
499 5294 617 5333 σοι’
655 5280 849 5352 Χαῖρε,
881 5281 1080 5354 ἄστρον
1136 5283 1332 5338 άόυτον
1364 5285 1584 5354 εἰσάγον
1633 5285 1824 5356 κόσμῳ
1856 5286 1947 5340 τὸν

373 5371 546 5440 μέγαν
561 5373 713 5445 ἥλιον
727 5390 740 5404 ·
764 5378 943 5446 χαῖρε,
965 5374 1125 5447 Ἐδὲμ
1143 5375 1401 5443 ἀνοίξασα
1418 5377 1487 5448 ri;
1491 5396 1517 5429 ν
1530 5378 1941 5448 κεκλεισμένην,

369 5465 508 5534 ἁγνή
536 5483 548 5495 ·
572 5470 748 5538 χαῖρε,
780 5467 938 5520 στύλε
975 5468 1167 5539 πύρινε
1197 5470 1491 5541 εἰσάγουσα
1551 5471 1630 5535 εἰς
1688 5471 1786 5543 τὴν
1830 5472 1941 5525 ἄνω

364 5556 509 5628 ζωὴν
536 5558 594 5612 τὸ
623 5558 960 5630 ἀνθρώπινον
984 5562 1159 5632 γένος.

433 5736 660 5808 Στῶμεν
693 5739 937 5804 εὒλαὸὢς
983 5741 1042 5793 ἐν
1075 5743 1208 5813 οἴκῳ
1256 5744 1391 5799 Θεοῦ
1450 5744 1607 5817 ἡμῶν
1640 5747 1733 5799 καί
1753 5745 1948 5814 £1601]-

362 5846 549 5897 σιυμεν
570 5847 584 5859 “
620 5833 1022 5903 Χαῖρε,κόσμου
1050 5836 1347 5912 Δέσποινα·
1381 5841 1561 5912 χαῖρε,
1594 5840 1803 5912 Μαρία,
1835 5842 1948 5895 κυ-

2040 3283 2224 3339 nebris
2270 3292 2641 3353 peccatorum,
2707 3284 2893 3339 lumen
2959 3284 3310 3355 aspeximus,
3341 3299 3376 3338 ο
3412 3283 3613 3354 puella,

2039 3373 2262 3431 luminis
2298 3375 2710 3433 habitaculum:
2749 3391 2923 3450 quare
2972 3387 3024 3431 te
3061 3376 3347 3432 laudamus
3398 3378 3452 3431 in
3491 3392 3615 3432 om-
3664 3416 3667 3417 ν

2040 3471 2129 3523 nia
2163 3470 2385 3526 smcula.

2111 3560 2457 3618 Suscitantur
2483 3577 2579 3634 per
2602 3571 2652 3618 te
2676 3562 2744 3618 ad
2791 3564 2956 3617 vitam
2991 3561 3237 3631 mortui';
3275 3562 3438 3617 vitam
3466 3562 3613 3618 enim

2041 3658 2432 3715 subsistentem
2474 3657 2732 3727 peperisti
2762 3673 2776 3709 :
2819 3655 3043 3711 facundi
3075 3654 3213 3710 ﬁunt
3241 3670 3304 3710 ac
3333 3655 3548 3718 diserti,
3574 3657 3613 3710 ii

2042 3751 2132 3822 qui
2151 3750 2317 3822 paulo
2331 3757 2459 3805 ante
2481 3748 2627 3820 loqui
2657 3747 2969 3804 nesciebant
2991 3764 3009 3803 :
3035 3748 3235 3818 leprosi
3258 3749 3613 3811 mundantnr,

2041 3844 2221 3901 morbi
2252 3843 2616 3915 depelluntur,
2647 3856 2932 3897 aereorum
2967 3840 3259 3909 spirituum
3284 3841 3611 3913 multiplecs

2040 3937 2217 3994 turba:
2253 3937 2479 3992 devicta
2500 3943 2651 4000 sunt,
2673 3948 2707 3987 o
2747 3933 2910 4003 Virgo
2940 3931 3088 3987 salus
3113 3931 3417 3986 hominum.

2115 4027 2421 4085 lnnumeris
2448 4026 2919 4083 benedictionibus
2940 4025 3240 4089 cumulata,
3268 4040 3390 4094 qua:
3412 4023 3616 4080 mundo

2042 4122 2274 4179 salutem
2303 4119 2585 4190 peperisti,
2632 4130 2919 4188 perquam
2973 4131 3003 4170 a
3062 4124 3205 4172 terra
3272 4116 3326 4171 in
3383 4116 3618 4171 sublime

2042 4212 2234 4269 elevati
2264 4224 2473 4275 sumus,
2505 4209 2697 4281 gaude,
2729 4223 2765 4263 ο
2788 4218 2935 4264 casta
2983 4208 3270 4279 protectio,
3327 4217 3382 4263 et
3427 4208 3614 4274 robur,

2044 4318 2237 4360 murus
2265 4313 2318 4359 et
2343 4302 2626 4357 munimen
2664 4301 3018 4357 canentium:
3059 4298 3346 4354 Dominum
3378 4298 3616 4365 laudate,

2044 4411 2234 4469 opera,
2267 4403 2322 4452 et
2350 4394 2749 4466 superexaltate
2782 4394 2837 4448 in
2864 4392 3044 4447 omnia
3084 4391 3302 4448 smcula.

2710 4502 2822 4560 Ode
2838 4503 2893 4560 9.

2115 4644 2161 4700 Ο
2194 4644 2398 4710 Puella,
2451 4653 2511 4699 ut
2545 4643 2641 4699 tibi
2676 4639 2859 4695 Gaude
2903 4640 3204 4695 clamemus
3252 4654 3351 4693 nos
3394 4638 3617 4705 ﬁdeles,

2047 4737 2140 4808 qui
2176 4753 2271 4808 per
2302 4744 2352 4792 te
2405 4735 2587 4808 gaudii
2632 4734 2924 4805 participes
2981 4733 3108 4788 facti
3173 4748 3384 4799 sumus,
3451 4732 3619 4789 libera

2050 4843 2152 4883 nos
2199 4842 2229 4881 a
2258 4828 2479 4896 perenni
2529 4826 2848 4888 tentatione,
2888 4840 2917 4879 a
2949 4824 3304 4879 barbarorum
3339 4839 3618 4895 expugna.

2049 4922 2220 4984 tione,
2253 4928 2306 4974 et
2338 4919 2406 4975 ab
2436 4921 2585 4974 omni
2634 4918 2739 4973 alia
2782 4919 2959 4990 plaga,
2988 4934 3109 4990 qua:
3129 4926 3346 4988 propter
3373 4918 3620 4971 multitu-

2050 5012 2231 5066 dinem
2256 5021 2629 5083 peccatorum,
2665 5011 2988 5067 mos-talibus
3034 5010 3388 5081 peccantibus
3455 5010 3617 5067 adve-

2051 5106 2165 5160 nire
2193 5108 2349 5161 solet.

2122 5195 2563 5253 Stabilimentnm
2593 5204 2646 5252 et
2691 5196 3017 5251 illuminatio
3083 5205 3267 5251 nostra
3311 5194 3451 5250 facta
3518 5211 3616 5251 es:

2049 5300 2219 5358 quare
2248 5286 2313 5341 ad
2345 5284 2454 5359 35,
2484 5294 2537 5342 te
2559 5286 2896 5342 clamamus:
2940 5286 3147 5348 Gaude,
3175 5295 3383 5341 astrum
3413 5286 3619 5340 inocci-

2050 5379 2241 5445 dunm,
2297 5381 2445 5449 quod
2524 5377 2729 5433 mundo
2811 5394 3066 5449 magnum
3125 5378 3293 5433 solem
3355 5376 3618 5444 attuiisti;

2060 5470 2256 5542 gaude,
2283 5485 2316 5524 ο
2343 5479 2513 5533 casta,
2536 5484 2660 5540 qua:
2691 5469 3004 5539 paradisum
3027 5467 3189 5525 Edent
3217 5469 3462 5524 clausum
3494 5484 3622 5539 ape-

2061 5563 2216 5619 ruisti
2243 5580 2258 5630 ;
2290 5562 2488 5633 gaude,
2520 5562 2775 5617 columna
2803 5562 2980 5633 ignea,
3015 5577 3137 5633 qua:
3179 5564 3476 5618 humanum
3527 5578 3623 5635 ge-

2058 5672 2162 5712 nus
2192 5656 2245 5711 in
2277 5670 2570 5725 supernam
2610 5655 2772 5710 vitam
2806 5654 3176 5710 introduxisti.

2127 5747 2191 5802 Et
2220 5748 2470 5819 religiose
2499 5757 2709 5803 stemus
2735 5746 2792 5802 in
2829 5748 2995 5803 domo
3022 5747 3114 5803 Dei
3140 5750 3333 5814 nostri,
3393 5757 3448 5803 et
3508 5751 3623 5803 cla-

2056 5856 2307 5909 NHIHIS;
2353 5840 2562 5908 Gaude,
2594 5842 2783 5897 mundi
2823 5842 3009 5914 regina
3038 5856 3054 5908 ;
3080 5843 3272 5913 gaude,
3301 5841 3465 5898 Maria
3500 5858 3620 5898 om-
