4098 6322
452 454 593 519 1039

1538 446 1601 506 S.
1648 442 1961 505 JOSEPHI
1997 442 2309 505 HYMNOG
2322 439 2555 500 RAPHI

3552 428 3691 492 1040

448 588 567 625 rum
589 570 985 629 ministrorum,
1016 560 1445 619 renerandorum
1486 560 1859 631 apostolorum
1878 570 2008 613 tuo-

2126 557 2433 611 ἀποστόλων
2466 573 2582 612 σου.
2616 551 2903 624 ἱεραρχῶν,
2932 549 3248 623 προφητῶν.
3278 548 3367 603 καὶ
3401 547 3693 619 μαρτύρων

458 681 597 728 rum,
658 661 1093 721 hierarcharnm,
1148 656 1559 725 prephetarum,
1620 658 1676 705 et
1721 658 2022 721 martyrum

453 758 995 830 gloriosissimorum,
1030 749 1516 817 confessorumque
1548 754 1795 801 tuorum.

522 850 814 909 Horresco,
845 859 878 897 o
907 844 1023 898 sole
1048 857 1162 905 rex,
1187 854 1252 895 ae
1280 838 1633 894 vehementer
1671 833 1905 888 formido
1932 847 2021 888 se-

448 938 683 995 cundum
711 935 1001 991 adventum
1033 941 1207 995 tuum,
1238 946 1361 985 cum
1391 928 1491 983 sim
1514 935 1663 981 totus
1694 923 2015 988 damnatus,

448 1045 502 1091 et
534 1034 738 1089 auxilio
769 1030 1104 1098 consilioque
1138 1026 1475 1089 destitutus;
1539 1012 1827 1092 propterea
1861 1026 2017 1073 ante-

448 1144 612 1198 quam
646 1127 770 1180 linis
823 1124 1093 1189 adveniat,
1127 1121 1193 1176 ad
1230 1130 1281 1175 te
1310 1120 1513 1180 clamo,
1561 1132 1595 1171 ο
1624 1113 1849 1168 Domine
1879 1110 2017 1166 :Per

448 1235 567 1274 eam
601 1233 724 1287 qua:
762 1226 812 1271 te
844 1214 1050 1285 genuit,
1083 1228 1245 1283 parce
1302 1210 1457 1272 mihi,
1485 1216 1541 1264 et
1594 1213 1746 1261 salva
1776 1218 1885 1269 me,
1923 1202 2026 1258 tui-

450 1312 708 1375 sericors,
740 1313 876 1363 bone
909 1317 963 1363 et
988 1315 1198 1361 amator
1229 1304 1534 1359 hominum.

2131 648 2390 713 εὐκλεῶν,
2432 648 2524 699 καὶ
2551 648 2716 699 ὁσίων
2742 662 2857 698 σου.

2201 829 2413 901 Opis-no
2436 826 2701 896 :rou,p.dve
2745 824 2991 895 βασιλεῦ,
3042 821 3141 893 τὴν
3190 820 3446 894 δευτέραν
3488 837 3697 891 παρου-

2131 923 2252 977 σίαν
2283 921 2378 975 καὶ
2401 920 2639 980 δέδοικα.
2668 918 2787 980 ὅλος
2811 916 3134 987 κατάκριτος
3156 911 3499 985 ὴπορημὶνδς
3521 910 3698 981 ὑπάρ-

2128 1030 2259 1086 χων,
2290 1012 2459 1082 Κύριε
2487 1028 2502 1043 ·
2532 1010 2613 1064 διδ
2633 1008 2739 1078 πρὸ
2759 1006 2945 1071 τέλους
2971 1023 3055 1061 σοι
3083 1006 3220 1077 βοῶ·
3252 1004 3351 1058 Διά
3381 1002 3480 1074 τῆς
3502 999 3695 1055 asaroti-

2134 1124 2232 1177 σης
2268 1122 2349 1170 σε,
2381 1106 2565 1174 φεῖσαι
2598 1102 2692 1155 καὶ
2734 1099 2909 1155 σῶσόν
2950 1115 3041 1171 με,
3069 1096 3321 1168 ὲλεῆμον,
3366 1092 3565 1164 dra“,
3599 1092 3697 1148 καὶ

2132 1198 2505 1271 φιλάνθρωπε.

1933 1426 2044 1501 44
2072 1426 2167 1487 ix.

1152 1554 1221 1610 1η
1253 1555 1645 1610 sanctissimam
1705 1550 1988 1622 Deiparant
2040 1546 2225 1604 Canon
2251 1544 2334 1603 IX
2358 1546 2472 1621 (45)
2542 1544 2933 1602 Paracleticas.

1117 1692 1233 1749 Ode
1266 1694 1322 1749 i.

521 1805 961 1881 Ozsanctissima,
993 1815 1105 1859 tota
1137 1800 1609 1871 immaculataﬂfi)
1639 1809 1693 1855 et
1716 1814 1875 1869 pura,
1903 1812 2025 1868 qua:

452 1900 690 1955 Verbum
718 1897 808 1953 Dei
828 1897 978 1951 omni
999 1898 1291 1951 sanctitate
1315 1894 1589 1963 superius,
1630 1905 1795 1963 supra
1818 1898 2025 1946 natum

2780 1683 2896 1742 Ode
2922 1684 2980 1741 5.

2203 1796 2289 1850 Ab
2318 1795 2590 1851 horrenda
2614 1794 3009 1866 disquisitione,
3036 1809 3099 1851 ac
3131 1793 3501 1861 damnatione,
3519 1791 3586 1848 ab
3599 1791 3692 1846 ho-

2129 1884 2374 1943 minibus
2405 1886 2630 1958 iniquis,
2663 1886 2757 1957 qui
2781 1886 2956 1957 gratis
2996 1885 3329 1941 conturbant
3376 1900 3485 1949 me,
3537 1892 3696 1953 atque

452 1992 674 2047 modum
714 1990 974 2062 genuisti,
996 2002 1189 2043 omnes
1220 1986 1523 2049 sanetilica,
1555 1992 1610 2039 et
1647 1983 1915 2053 guberna,
1938 1989 2021 2036 at-
2051 1993 2100 2055 Β
2127 1976 2196 2033 ab
2211 1979 2362 2034 omni
2393 1994 2461 2034 an
2476 1978 2654 2051 gustia
2672 1994 2795 2050 quae
2824 1994 2911 2035 me
2933 1977 3160 2044 invadit,
3183 1976 3355 2035 libera
3372 1992 3458 2032 me
3479 1991 3697 2032 servum

450 2101 555 2155 que
580 2100 610 2139 a
638 2084 989 2153 passiouibus
1004 2080 1263 2145 emunda,
1290 2088 1343 2134 et
1359 2078 1429 2133 ab
1458 2074 1738 2149 ingruenti
1767 2073 2020 2146 periculo

451 2178 784 2249 quantocius
816 2176 1009 2231 libera.

1062 2284 1390 2341 Ἠωοιοείοη.

520 2387 567 2442 Ο
601 2382 959 2457 patrocinium
985 2379 1228 2435 omnium
1262 2375 1524 2439 ﬁdelium,
1549 2369 1765 2435 assiste,
1794 2377 1848 2425 et
1867 2363 2021 2423 ansi-

452 2482 588 2535 liare
658 2476 791 2532 mihi
846 2488 876 2527 a
913 2470 1178 2527 molestiis
1212 2469 1346 2523 vitae
1402 2466 1797 2528 circumvento,
1847 2473 2027 2531 neque

2131 2078 2297 2142 tuum.
2327 2071 2598 2139 inutilem,
2640 2067 3175 2138 tibi,ocastissima,
3217 2067 3448 2126 ferventi
3501 2064 3700 2124 all’eetu

2129 2162 2546 2232 Supplicantem.

2652 2248 3001 2307 Theotocion.

2194 2360 2443 2419 Concede
2464 2360 2621 2428 mihi,
2654 2360 2907 2427 Domina,
2939 2358 3144 2418 imbres
3182 2357 3549 2432 lscrymarum
3573 2358 3703 2429 qui-

2127 2453 2230 2511 bus
2266 2454 2562 2510 abluantur
2592 2453 2787 2510 sordes
2832 2450 3021 2510 miseri
3047 2450 3229 2509 cordis
3249 2450 3376 2519 mei,
3403 2462 3459 2508 et
3484 2451 3553 2507 ab
3612 2451 3702 2507 in-

454 2570 739 2642 permittas
776 2580 864 2620 me
898 2562 1154 2618 ﬂuctibus
1182 2560 1329 2615 illius
1360 2554 1666 2613 immodicis
1693 2552 1910 2625 agitari,
1958 2564 2025 2606 ac
2124 2546 2445 2617 gruentibus
2474 2546 2730 2617 periculis
2777 2544 2948 2601 libera
2994 2558 3103 2612 me,
3126 2553 3187 2601 ut
3238 2554 3531 2617 scmperte
3584 2558 3702 2601 rna-

454 2634 700 2727 couteri;
732 2658 827 2717 sed
847 2653 1080 2713 extende
1101 2651 1293 2709 auxilii
1325 2651 1400 2707 tul
1425 2663 1675 2713 manum,
1720 2654 1771 2703 te
1808 2657 2023 2715 precor,
2122 2636 2376 2708 gnincem
2403 2652 2530 2694 eum
2570 2637 2779 2727 ltetitia,
2800 2650 2834 2692 o
2860 2634 2973 2692 Deo
3003 2636 3351 2694 charissima.

455 2772 489 2811 ο
516 2753 713 2826 puella.

1115 2836 1232 2893 Ode
1258 2836 1322 2891 5.

2194 2815 2478 2887 Tanquam
2494 2829 2559 2871 ea
2585 2830 2708 2883 qua:
2737 2724 2975 2869 gginfin
3005 2813 3244 2883 pluviam
3266 2813 3576 2884 suscepisti,
3603 2814 3701 2869 de-

520 2937 566 2993 0
592 2936 713 2992 l'ons
743 2947 899 3004 pure,
945 2946 1011 2987 es
1033 2944 1145 3001 quo
1207 2927 1462 2983 Christus
1512 2918 1812 2983 emanavit,
1852 2913 2020 2986 irriga
2122 2908 2269 2963 sicca
2299 2906 2786 2962 intercessionibus
2807 2905 2917 2959 tuis
2948 2902 3171 3004 numina
3188 2904 3514 2960 delictorum
3538 2919 3690 2958 meo-

453 3029 691 3083 animam
717 3039 917 3089 meam,
945 3038 1067 3093 qua:
1094 3020 1341 3075 omnium
1384 3016 1701 3087 passionum
1730 3017 1866 3067 metu
1917 3005 2018 3061 ad-

455 3124 708 3186 nritur,et
747 3113 1212 3188 abingruentibus
1248 3108 1516 3166 molestiis
1543 3105 1694 3165 salva
1720 3115 1829 3158 me.

1044 3220 1383 3277 Theotociott.

523 3318 751 3390 0Virgo
787 3330 943 3387 pura,
972 3312 1333 3385 patrocinium
1396 3306 1665 3372 omnium,
1721 3298 1871 3374 quod
1900 3309 2013 3390 non

454 3410 823 3471 confunditur,
858 3414 1076 3477 protcge
1108 3416 1215 3467 me,
1240 3412 1296 3459 et
1328 3401 1499 3457 libera
1536 3412 1625 3455 me
1655 3396 1725 3453 ab
1766 3389 2025 3465 operibus

453 3502 819 3567 confusionis,
843 3507 895 3555 te
912 3510 1120 3569 precor,
1155 3504 1213 3551 et
1242 3496 1312 3551 ab
1350 3491 1662 3550 hominibus
1677 3488 1771 3561 qui
1802 3497 2020 3558 semper

450 3600 675 3657 student
705 3595 906 3652 inferre
940 3590 1142 3646 malum
1169 3588 1323 3643 mihi.

1067 3679 1175 3754 ω
1196 3678 1311 3735 Ode
1334 3679 1389 3735 4.

523 3774 1135 3849 Deprecor,ol)omina,
1171 3771 1466 3829 bonitatem
1526 3778 1699 3836 tuam,
1761 3767 2027 3824 auxiliare

456 3871 610 3935 milii,
643 3870 771 3923 dum
826 3867 1228 3933 tribulationes.
1274 3877 1329 3923 et
1380 3864 1715 3921 tentationes
1758 3859 2028 3916 invadunt

456 3978 563 4026 me,
589 3970 642 4015 et
658 3958 977 4031 gravissima
1006 3964 1325 4028 tempestate
1345 3953 1626 4024 exagitant
1661 3966 1758 4008 cor
1806 3961 2013 4005 meum.

1058 4065 1397 4123 Tlteotocion.

528 4182 603 4235 Nc
626 4180 892 4250 despicias
914 4195 1001 4234 me
1060 4184 1378 4246 tempestate
1404 4174 1707 4245 jactatum;
1755 4190 1825 4231 ne
1863 4173 2023 4229 dere-

456 4274 673 4343 linquas
704 4290 790 4327 me
844 4270 1247 4325 calamitatibus
1288 4267 1689 4323 circumdatum
1711 4276 1765 4323 et
1801 4267 2022 4324 assidue

457 4370 731 4431 attritum,
766 4379 803 4418 e
836 4363 1080 4431 Deipara,
1116 4360 1376 4415 auxilium
1407 4358 1665 4415 ﬁdelium.

532 4544 641 4615 (lii)
666 4540 858 4615 Graeca
890 4536 1294 4615 d_e5l1nl;EDlT.
1334 4568 1405 4579 —
1441 4538 1540 4615 llic
1572 4536 2017 4615 Josephiucanon

458 4608 568 4671 non
598 4608 774 4665 solum
807 4620 890 4664 est
916 4611 969 4663 in
1001 4608 1057 4663 S.
1090 4608 1394 4679 Deiparam,
1414 4610 1507 4663 sed
1528 4611 1689 4664 etiam
1714 4612 1765 4663 in
1790 4610 2025 4666 Michae-

463 4688 565 4740 Iem
596 4681 892 4751 principem
920 4681 1164 4752 caelestis
1216 4679 1440 4752 militiis.
1471 4690 1523 4752 et
1570 4693 1790 4734 sanctos
1838 4683 2021 4752 Acyn—

462 4748 623 4810 dinos
700 4761 1060 4818 sanctumque
1104 4748 1407 4818 Nicolaum.
1463 4748 1595 4813 Quae
1648 4765 1778 4804 vero
1853 4748 2024 4806 in'eo

458 4833 617 4879 erant
642 4836 747 4875 non
786 4817 1108 4889 pertinentia
1139 4817 1205 4873 ad
1230 4818 1286 4870 υ.
1316 4818 1610 4887 Virginem,
1630 4834 1754 4873 cum
1788 4821 1893 4874 hue
1917 4836 2024 4875 non

457 4896 731 4952 facerent,
754 4889 1006 4944 consulto
1035 4890 1238 4942 omissa
1269 4898 1415 4941 sunt.
1450 4889 1773 4957 Desumptus
1817 4899 1899 4945 est
1925 4906 2025 4943 au-

464 4977 571 5019 tem
595 4978 660 5015 ex
683 4961 917 5030 quodam
939 4974 1041 5013 ms.
1062 4958 1401 5030 bibliothecae
1422 4957 1636 5030 Gryptae
1668 4960 1904 5014 Ferraue
1925 4960 2027 5015 sub

462 5027 814 5092 numero—95,
844 5030 997 5097 cujus
1035 5029 1223 5083 titulus
1251 5037 1371 5081 est:
1418 5027 1651 5081 (Iunones
1701 5030 2026 5083 Anastasimi

459 5116 511 5157 ct
575 5100 1087 5156 Stauroanastasimi
1163 5111 1210 5150 ct
1272 5097 1589 5150 Anabuthmi
1662 5098 2025 5152 Octatdtorum

460 5174 639 5227 Echus
664 5172 885 5236 primus,
912 5173 962 5221 in
989 5185 1096 5237 quo
1130 5169 1267 5222 libro
1299 5176 1425 5220 sunt
1494 5170 1638 5221 iures
1662 5170 1751 5221 alii
1783 5183 2025 5223 canones

464 5244 711 5289 (eiusdem
754 5237 1001 5289 Jusenlii.
1065 5254 1130 5289 ex
1178 5238 1379 5289 auibus
1429 5183 1725 5289 'lPlieotoeia
1776 5241 2025 5289 superius

464 5244 711 5311 ejusdem
754 5236 1019 5307 Iosephi,
1065 5254 1130 5292 ex
1178 5238 1379 5307 quibus
1429 5236 1725 5292 Theotoe'ta
1776 5241 2027 5307 superius

462 5310 689 5366 adduxi.

540 5379 650 5448 (46)
680 5375 883 5431 Totalis
930 5373 1262 5448 B.Vi_rginis
1292 5376 1660 5430 Immaculatio
1699 5392 1805 5429 non
1851 5385 2028 5448 potest

462 5446 592 5504 cuin
626 5448 807 5516 aliqua
846 5447 1058 5501 macula
1088 5446 1223 5499 bene
1257 5448 1548 5511 cohaerere,
1589 5461 1915 5514 quocunque
1945 5447 2027 5499 in-

464 5518 633 5575 stanti
658 5519 739 5569 vel
768 5523 1020 5585 tempore
1048 5519 1117 5570 sit
1150 5516 1263 5569 haec
1294 5517 1505 5571 macula
1540 5527 1841 5580 contracta,
1872 5527 2032 5585 atque

466 5592 589 5643 ideo
619 5587 819 5641 obnixe
864 5596 918 5640 et
950 5586 1262 5640 necessario
1292 5588 1583 5639 tenendum
1621 5587 1678 5639 S.
1708 5585 2031 5655 .losephutn,

466 5663 596 5712 dum
630 5657 912 5726 [)eiparam
948 5667 1114 5711 totam
1146 5657 1548 5709 immaculatum
1577 5656 1854 5718 salutavit,
1886 5658 2031 5711 illam

462 5730 669 5782 nullius
719 5728 921 5794 peccati
968 5726 1204 5785 macula,
1247 5727 1409 5778 etiam
1472 5729 1524 5780 in
1583 5728 1759 5795 primo
1787 5727 2032 5793 instanti,

458 5798 635 5851 (uisse
657 5796 994 5863 deturpatam
1025 5796 1338 5849 credidisse.

532 5868 649 5932 id?)
686 5866 822 5931 Quid
852 5878 935 5920 est
972 5866 1255 5934 Dciparam
1288 5882 1407 5921 esse
1442 5867 2032 5936 itnmat'ulalissint:itn,

2052 4717 2103 4777 D

2119 3012 2267 3064 rum,
2295 3008 2349 3055 et
2376 2999 2736 3054 tentationum
2778 2996 2981 3052 imbres
3004 2994 3288 3062 imminue,
3308 3003 3363 3053 et
3402 2994 3551 3051 salva
3580 3010 3689 3050 me.

2683 3086 3019 3142 Theotocion.

2186 3181 2231 3238 0
2258 3180 2488 3237 Domina
2513 3193 2672 3249 pura,
2704 3193 2826 3249 qua:
2855 3177 3029 3233 caelos
3053 3175 3272 3233 excedis
3316 3173 3691 3247 amplitudine,

2118 3271 2418 3344 libera“
2438 3285 2536 3327 nos
2562 3269 2838 3340 supplices
2876 3277 3001 3325 tuos
3020 3268 3089 3324 ab
3120 3267 3270 3323 omni
3315 3267 3566 3337 angustis
3591 3282 3607 3329 ;
3638 3274 3696 3321 et

2050 3374 2097 3436 α
2129 3366 2184 3422 in
2213 3362 2565 3420 tribulatione
2589 3360 2879 3417 consolare
2898 3373 3088 3415 omnes
3111 3356 3429 3415 dilatatione
3451 3358 3613 3425 bona,
3636 3364 3697 3412 ut

2126 3465 2181 3515 te
2200 3454 2399 3512 debitis
2426 3451 2685 3509 laudibus
2722 3449 3113 3507 beatiﬂcemus.

2821 3541 2934 3597 Ode
2958 3542 3013 3599 9.

2191 3639 2241 3697 0
2269 3638 2500 3697 Domina
2519 3637 2708 3708 Virgo,
2736 3638 2887 3708 eripe
2918 3652 3007 3693 me
3034 3651 3064 3691 a
3084 3635 3202 3691 luto
3224 3632 3451 3706 peccati,
3503 3634 3559 3690 in
3604 3648 3701 3691 co-

2125 3730 2250 3788 dem
2287 3730 2543 3797 intisum;
2568 3738 2623 3784 et
2653 3728 3047 3799 periclitantem
3080 3724 3251 3781 libera
3294 3738 3326 3779 a
3384 3724 3697 3779 tentationi-

2128 3825 2233 3880 bus
2264 3822 2701 3878 adversariorum
2724 3835 2786 3875 ac
2816 3819 3081 3873 malorum
3112 3814 3414 3881 hominum,
3454 3816 3547 3887 qui
3575 3830 3700 3888 gra-

2124 3919 2197 3974 tis
2222 3914 2555 3973 conturbant
2578 3926 2685 3977 me,
2720 3918 2776 3965 et
2805 3908 3041 3980 graviter
3068 3921 3158 3963 me
3197 3904 3485 3963 invadunt.

2726 3998 3064 4054 Theetocion.

2194 4098 2276 4152 Tu
2313 4110 2435 4166 quae
2483 4091 2622 4148 lucis
2670 4105 2730 4146 es
2786 4088 3175 4156 habitaculum,
3224 4102 3261 4144 o
3304 4087 3697 4145 immaculatis-

2122 4190 2261 4247 sima
2281 4186 2430 4257 (47);
2472 4184 2669 4239 anima:
2700 4196 2833 4237 meae
2851 4181 3106 4237 tenebras
3130 4189 3186 4237 et
3219 4180 3577 4237 tentationum
3609 4198 3697 4238 ne-

2123 4275 2283 4331 bulos
2306 4271 2559 4327 celeriter
2573 4270 2800 4340 expelle,
2819 4278 2873 4324 et
2894 4284 2925 4324 a
2960 4268 3118 4324 malis
3147 4268 3521 4340 ingruentibus
3543 4271 3696 4328 salva

2124 4380 2235 4432 me,
2262 4378 2474 4437 precor,
2510 4363 2639 4419 dum
2669 4371 2723 4418 te
2752 4361 2981 4418 ﬁdeliter
3002 4360 3273 4417 collaudo.

2128 4542 2233 4599 nisi
2258 4544 2429 4613 ipsam
2461 4540 2747 4613 privilegio
2768 4540 3207 4611 singularissimo
3228 4554 3299 4613 ac,
3323 4541 3692 4613 prmrogativa

2132 4611 2327 4667 omnes
2350 4629 2443 4679 per
2463 4611 2867 4680 generationem
2903 4612 3205 4666 naturalem
3252 4612 3324 4665 ab
3361 4611 3569 4666 Adamo
3594 4613 3692 4667 de-

2132 4684 2454 4739 scendentes
2488 4684 2542 4737 in
2575 4683 2861 4746 mnditia,
2899 4682 3151 4749 puritate,
3175 4683 3486 4751 etcarentia
3513 4685 3686 4751 cujus-

2129 4769 2346 4822 cunque
2406 4753 2642 4822 macula;
2703 4752 3032 4822 superasse?
3088 4750 3339 4822 Admissa
3399 4750 3589 4807 autem
3631 4754 3681 4803 in

2132 4822 2193 4877 Β.
2216 4820 2435 4890 Virgine
2469 4821 2679 4876 macula
2700 4820 2905 4890 peccati
2925 4820 3423 4890 originalis,plures
3439 4838 3501 4875 ex
3523 4830 3689 4891 poste-

2132 4895 2205 4946 ris
2225 4894 2372 4953 Λύκε,
2389 4894 2563 4960 quoad
2584 4892 2789 4960 peccati
2820 4895 3113 4944 carentiam
3148 4892 3200 4943 in
3221 4892 3503 4956 munditia,
3522 4900 3573 4945 et
3596 4907 3690 4960 pu-

2130 4965 2314 5027 ritate,
2355 4978 2385 5015 a
2411 4962 2471 5016 B.
2505 4960 2725 5030 Virgine
2750 4975 2859 5014 non
2884 4970 3271 5030 superarentur
3303 4978 3315 5014 :
3351 4977 3474 5015 nam
3497 4976 3691 5015 omnes

2131 5032 2364 5085 infantes
2400 5029 2736 5093 innocentes,
2768 5030 2860 5100 qui
2901 5042 3020 5100 post
3064 5029 3388 5099 baptismum
3445 5033 3689 5087 moriun-

2134 5113 2240 5162 tur,
2266 5111 2552 5170 antequam
2594 5101 2659 5153 ad
2692 5099 2851 5170 usum
2895 5099 3123 5170 rationis
3158 5103 3494 5167 perveniant,
3529 5111 3687 5167 quot-

2132 5181 2266 5241 quot
2307 5169 2470 5224 etiam
2512 5171 2678 5223 adnlti
2726 5169 2945 5241 perfecti
2990 5169 3174 5237 jndicii
3214 5186 3277 5224 ac
3329 5172 3557 5225 rationis
3588 5186 3688 5223 es-

2129 5240 2333 5310 pertes,
2346 5252 2521 5293 totum
2537 5242 2787 5308 νίιλρρυιέ
2806 5240 3037 5293 Stadium
3061 5244 3641 5307 percurreruttt,,m0tlo
3657 5255 3689 5293 at

2131 5320 2355 5379 peccato
2376 5311 2633 5379 originali
2649 5310 2865 5362 lavacro
2887 5310 3309 5379 regenerationis
3333 5310 3687 5375 mundentnr,

2131 5376 2317 5434 essent
2352 5376 2504 5447 mque
2538 5379 2865 5433 immuculati
2899 5376 2965 5430 ac
2994 5376 3154 5445 Virgo
3184 5380 3531 5445 beatissima;
3558 5390 3687 5434 sunt

2131 5449 2274 5500 enim
2308 5464 2467 5517 pares
2508 5450 2684 5516 quoad
2728 5450 2935 5517 peccati
2981 5449 3209 5502 actualis
3236 5450 3553 5512 earentiam,
3585 5464 3691 5506 nec

2130 5517 2446 5571 beatissima
2473 5517 2633 5588 Virgo
2670 5518 2901 5588 abjpsis
2928 5518 2985 5571 in
3007 5519 3348 5588 immanitate
3374 5520 3550 5588 alabe
3573 5521 3689 5573 ori-

2132 5589 2297 5655 ginnli
2372 5586 2676 5659 dissideret.
2744 5586 2897 5641 Unde
2948 5587 3239 5659 deducitur
3286 5587 3357 5659 ΔΒ.
3414 5587 3686 5659 Virgine-

2128 5660 2303 5726 qnoad
2334 5658 2538 5726 peccati
2573 5659 2934 5723 Impurum
2983 5658 3207 5725 reiiquis
3248 5657 3319 5713 ab
3349 5657 3556 5713 Adamn
3582 5660 3680 5712 de-

2133 5727 2529 5797 scendentibus
2563 5729 2782 5795 speciali
2826 5727 3105 5795 privilegio
3138 5742 3244 5797 non
3281 5740 3555 5797 praestare,
3586 5743 3687 5783 nec

2131 5812 2256 5849 vere
2279 5814 2307 5850 a
2346 5796 2403 5849 3.
2438 5795 2679 5865 Joseptm
2701 5808 2753 5851 et
2784 5798 2905 5852 aliis
2937 5797 3139 5865 passim
3175 5795 3430 5854 Patribus
3456 5800 3684 5853 Salutari

2132 5867 2710 5922 inttnuculutissiuitrut.
