4098 6322
405 343 546 407 1015

1797 342 2161 411 ΜΑΗΙΑΙΕ.

3504 326 3640 393 1016

398 468 460 514 εν
493 457 1094 530 Πνεύματιθεηγορίαις
1122 458 1291 530 ἱεραῖς
1317 458 1637 531 Θεοπρεπῶς
1665 459 1973 530 κατονσμά-
1998 515 2003 524 η

2101 457 2283 513 lciniis
2338 457 2391 513 in
2441 455 2649 527 Spiritu
2687 454 2953 511 divinitus
2983 461 3055 521 te,
3095 466 3128 508 o
3155 448 3487 534 castissima,
3519 462 3646 517 por-

399 554 512 618 ζει,
545 552 806 618 πάναγνε,
831 551 1008 620 πύλην
1038 551 1134 604 καὶ
1162 551 1288 621 ὅρος
1319 554 1635 607 κατάσκιον.

470 636 554 694 Τὰ
582 640 805 710 ὄμματα
833 638 1086 709 φώτισον,
1132 639 1376 709 Παρθένε
1399 678 1414 703 ,
1442 641 1539 711 τῆς
1563 639 1789 711 καρδίας
1850 657 1978 711 μου,

400 731 617 801 λάμψον
635 748 727 803 μοι
744 732 937 786 ἀκτῖνα
955 732 1264 800 μετανοίας,
1280 731 1507 796 σκότους
1525 749 1592 803 με
1615 731 1779 803 ῥῦσαι
1792 733 1980 787 διαιω-

401 825 665 891 νίζοντος,
710 822 852 895 πύλη
899 822 995 878 τοῦ
1022 824 1223 892 φωτὸς,
1258 823 1607 896 Χριστιανῶν
1666 824 1884 879 πάντων
1920 822 1984 879 τδ

403 915 746 987 προσφύγιον
767 916 877 969 τῶν
901 915 1109 979 πιστῶς
1147 915 1535 987 ἀνυμνούντων
1564 933 1649 971 σε.

489 1007 675 1080 ’Υμνῶ
701 1025 783 1074 σε,
809 1008 943 1078 μόνη
964 1008 1307 1080 πανύμνητεο
1343 1008 1554 1075 δοξάζω
1573 1025 1657 1073 σε,
1687 1008 1778 1062 ἀεὶ
1801 1006 1982 1061 θεοδό-

407 1102 592 1169 ξαστε,
625 1102 719 1157 καὶ
743 1101 1034 1173 μακαρίζω
1068 1118 1129 1155 σε
1158 1101 1227 1173 ἢν
1242 1102 1428 1169 γενεαὶ
1459 1100 1826 1171 μακαρίζουσι
1871 1099 1989 1153 τῶν

406 1194 634 1265 γενεῶν,
662 1193 903 1267 Παρθένε
924 1193 1357 1267 θεομακάριστε.

486 1357 822 1432 Ἱλαστήριον
845 1395 864 1425 ,
914 1356 1252 1429 πανάμωμε,
1302 1355 1600 1425 γεγένησαι
1637 1352 1988 1425 ἁμαρτανόνο

407 1468 520 1507 των
545 1451 653 1517 ἀεὶ,
679 1448 915 1505 τεκοῦσα
944 1449 1238 1522 ὑπερφυῶς
1258 1450 1352 1503 τοῦ
1381 1450 1588 1519 κόσμου
1624 1447 1717 1501 τὸν
1760 1447 1985 1517 αίροντα

391 1542 510 1611 ,την
546 1542 820 1614 ἁμαρτίαν
848 1541 1108 1613 Χριστὸν,
1132 1533 1179 1609 ᾧ
1201 1541 1589 1612 κραυγάζομεν
1608 1556 1621 1571 ο
1662 1539 1723 1595 '0
1750 1537 1859 1593 τῶν
1874 1554 1985 1592 πα-

408 1637 587 1710 τέρων
615 1634 820 1707 Κύριος
849 1634 945 1690 καὶ
972 1635 1128 1701 Θεὸς,
1153 1633 1445 1706 εὐλογητὸς
1476 1629 1557 1689 εῖν

2081 559 2214 612 tam,
2246 556 2303 604 et
2332 560 2568 603 montem
2602 548 2918 602 umbrosum
2953 542 3272 600 nominavit.

2150 632 2423 705 lllumina,
2456 655 2491 694 o
2524 638 2709 710 Virgo.
2740 638 2931 693 oculos
2957 636 3137 691 cordis
3170 632 3299 696 mei,
3328 629 3521 699 eﬂ‘ulge
3553 640 3649 684 su-

2080 745 2177 801 per
2206 744 2292 784 me
2320 730 2655 801 paenitentia:
2682 728 2865 795 radio;
2896 744 2925 781 a
2959 725 3195 781 tenebris
3224 718 3650 794 perennantibus

2081 822 2251 878 libera
2282 836 2392 886 tne,
2435 835 2470 879 o
2508 832 2664 892 porta
2707 821 2869 882 lucis.
2908 818 3176 889 refugium
3208 814 3454 871 omnium
3491 808 3653 866 Chri-

2082 911 2389 966 stianorum
2425 917 2478 965 te
2504 910 2734 966 ﬁdeliter
2765 908 3126 964 laudantium.

2154 1001 2345 1058 Laudo
2385 1011 2456 1067 te,
2485 1017 2519 1057 o
2545 1002 2663 1057 sola
2696 999 2859 1068 digna
2889 999 3038 1054 omni
3068 997 3229 1053 laude
3262 1012 3277 1050 :
3306 992 3550 1065 gloriﬁeo
3577 996 3651 1054 te,

2083 1110 2119 1150 o
2145 1109 2362 1165 semper
2387 1108 2417 1148 a
2463 1091 2579 1149 Deo
2618 1090 3112 1163 gloriﬁcatissima;
3148 1095 3204 1144 et
3230 1084 3481 1142 beatiﬁco
3517 1089 3591 1147 te,
3620 1095 3655 1132 ο

2091 1182 2252 1255 Virgo
2295 1183 2493 1241 divina
2523 1182 2860 1239 beatitudine
2905 1178 3248 1241 felicissima,
3290 1189 3457 1247 quam
3494 1184 3659 1243 gene-

2085 1279 2329 1333 rationes
2357 1277 2768 1348 generationum
2802 1276 3017 1330 beatam
3056 1270 3351 1342 appellant.

2160 1368 2533 1438 Expiatorium
2582 1366 2725 1423 facta
2772 1381 2855 1430 es,
2898 1380 2933 1420 ο
2975 1362 3291 1435 purissima,
3330 1369 3520 1414 eorum
3565 1352 3663 1424 qui

2087 1461 2309 1518 assidue
2350 1460 2698 1529 delinquunt,
2743 1472 2909 1528 supra
2952 1464 3159 1511 natura:
3212 1451 3457 1507 ordinem
3500 1446 3664 1502 enixa

2087 1550 2388 1615 Christum,
2436 1548 2532 1619 qui
2588 1547 2731 1603 tollit
2780 1554 3067 1618 peccatum
3118 1541 3349 1607 mundi,
3396 1538 3465 1595 ad
3497 1550 3664 1608 quem

2088 1644 2390 1698 clamamus
2436 1658 2451 1697 :
2512 1640 2776 1697 Dominus
2849 1655 2916 1696 ac
2962 1638 3107 1695 Dens
3164 1645 3404 1709 patrum,
3441 1627 3669 1686 benedi-

2089 1745 2212 1792 ειυς
2248 1750 2331 1790 88.

487 1828 554 1881 ὀ
589 1825 772 1896 θαῦμα
794 1826 1051 1881 ἒπέκεινα
1084 1825 1408 1897 θαυμάτωνί
1466 1825 1592 1887 Ilio;
1638 1823 1846 1887 τίκτεις
1897 1823 1991 1877 καὶ

2162 1848 2211 1905 0
2258 1846 2606 1913 miraculum,
2659 1844 2805 1917 quod
2850 1842 3037 1901 omnia
3077 1841 3346 1899 miracula
3380 1848 3668 1897 transcen-

424 1922 610 1992 μένεις
661 1919 1069 1991 παρθενεύουσα
1096 1958 1113 1983 ,
1173 1919 1421 1988 πάναγνε
1455 1917 1773 1987 Θεόνυμφε;
1816 1915 1989 1984 Λόγον

416 2011 525 2081 γὰρ
556 2009 849 2082 ἐγέννησας
868 2010 964 2065 τὸν
996 2009 1077 2081 τῷ
1114 2009 1290 2082 Πατρὶ
1331 2007 1687 2078 συνάναρχον,
1718 2000 1764 2073 ᾧ
1789 2006 1990 2069 πάντες

416 2100 714 2173 ψάλλομεν·
740 2100 847 2156 Τὸν
884 2100 1089 2173 Κύριον
1126 2101 1370 2172 ὑμνεῖτε,
1401 2098 1472 2154 τὰ
1506 2099 1670 2173 ἔργα,
1699 2098 1793 2152 καὶ
1826 2097 1997 2169 ὑπερο

419 2189 618 2262 ιιψοῦτε
644 2191 724 2256 είς
753 2193 960 2254 πάντας
988 2191 1115 2255 τοὺς
1137 2190 1362 2256 αἰῶνας.

486 2278 693 2349 οέγγος
718 2280 1008 2351 ἀστραπῆς
1044 2278 1140 2333 τοῦ
1173 2277 1333 2333 τόκου
1364 2296 1459 2334 σου
1479 2277 1689 2350 ἔλαμψε
1739 2276 1837 2333 καὶ
1861 2292 1995 2331 κατ-

422 2373 709 2446 εφαίόρυνε
731 2373 914 2426 πᾶσαν
936 2374 1037 2444 τὴν
1050 2370 1297 2442 ὑφήλιον,
1318 2369 1417 2426 καὶ
1443 2371 1536 2425 τὸν
1562 2371 1874 2443 προστάτην
1898 2368 1994 2424 τοῦ

426 2466 652 2529 σκότους
672 2463 864 2532 ὤλεσε,
880 2463 1249 2534 Θεογεννῆτορ
1279 2461 1545 2533 πάναγνε,
1566 2463 1818 2533 ἀγγέλων
1856 2460 1992 2517 καύ-

426 2573 601 2628 χημα.
640 2558 735 2611 καὶ
788 2555 1092 2628 ἀνθρώπων
1140 2555 1359 2610 πάντων
1417 2554 1479 2610 τὸ
1524 2555 1836 2627 διάσωσμα,
1884 2553 2000 2609 τῶν

425 2646 725 2713 ἀπαύστοις
754 2648 960 2718 φωναῖς
980 2645 1372 2719 εὐφημούντων
1395 2661 1483 2702 σε.

439 2876 543 2934 Ἕκ
558 2877 666 2935 τοῦ
684 2878 956 2946 Κανόνος
982 2879 1071 2945 είς
1093 2877 1209 2948 τὴν
1234 2879 1417 2950 ὁσίαν
1436 2876 1667 2950 μητέρα
1693 2877 1866 2950 ήμῶν
1890 2879 1999 2933 Δο-

918 2949 1165 3021 μνίκανι
1196 2949 1388 3019 ἡμέρᾳ
1409 2948 1502 3018 η’.

437 3075 439 3078 ὑ
494 3094 608 3151 Καὶ
637 3096 745 3168 πρὸ
770 3094 934 3150 τόκου
961 3093 1222 3197 ἄφθορος,
1248 3090 1411 3199 sm.
1438 3092 1533 3147 atat
1564 3093 1703 3162 μετὰ
1730 3092 1834 3163 τὴν
1863 3089 2001 3163 κύη-
2028 3139 2074 3199 c

429 3205 515 3242 σιν
532 3189 731 3259 Μήτηρ
751 3185 912 3251 Θεοῦ,
947 3183 1242 3257 ὑπερφυῶς
1263 3183 1546 3253 διέμεινας
1575 3199 1591 3213 ⁸
1621 3184 1746 3237 ὅθεν
1780 3200 1843 3237 σε
1894 3201 2000 3237 πο-

428 3279 644 3350 θήσασα
673 3278 802 3349 θείῳ
818 3275 1098 3346 ιΙνεύματι
1128 3277 1162 3346 η
1190 3275 1451 3345 Δομνίκα,
1478 3274 1656 3328 ὀπίσω
1699 3291 1793 3328 σου
1832 3273 2005 3346 ἄφθο-

431 3386 525 3443 ρος
555 3367 840 3443 προσήχθη
863 3368 942 3440 τῷ
973 3366 1307 3439 παμϐασιλεϊ
1329 3367 1444 3439 Υἱῷ
1474 3384 1595 3437 σου,
1622 3367 1882 3440 ἄχραντε.

503 3562 854 3635 Δυνάμωσον,
903 3563 1272 3637 Μνᾶχραντε,
1318 3565 1381 3620 τδ
1434 3565 1661 3633 ἀσθενές
1710 3584 1837 3639 μου,
1912 3569 2010 3623 Δέ-

436 3672 651 3724 σποινα,
667 3656 896 3729 δύναμιν
918 3657 1017 3730 τὴν
1037 3659 1131 3714 τοῦ
1145 3659 1401 3729 Ὑψίστου
1424 3661 1649 3729 τέξασα,
1667 3661 1768 3733 τὴν
1785 3662 1848 3716 τὸ
1871 3657 2009 3718 εἶναι

434 3750 570 3803 πᾶσι
600 3748 993 3821 προσέχουσαν,
1022 3750 1115 3806 καὶ
1138 3750 1410 3823 Δομνίκας
1441 3753 1543 3824 τὴν
1580 3752 1803 3826 μνήμην
1833 3771 2008 3827 μεγα-

435 3841 699 3897 λύνασαν.

498 3959 841 4031 Νεκρὼσεως
866 3961 993 4025 τοὺς
1022 3960 1257 4031 χιτῶνας
1276 3957 1453 4030 Ἀδὰμ
1471 3959 1759 4025 ὲξεδύσατο
1787 3964 1854 4035 τῇ
1888 3963 2013 4037 θείᾳ

432 4057 685 4124 γεννήσει
712 4068 827 4120 σου,
858 4054 955 4107 καὶ
977 4052 1079 4124 τὴν
1106 4052 1301 4124 στολὴν
1328 4052 1665 4125 ἠμφιάσατο,
1725 4054 1886 4126 μόνος
1943 4058 2013 4128 ἦν

433 4144 697 4214 ὲξύφανεν
721 4148 779 4197 ἐν
805 4147 873 4216 τῇ
891 4145 1087 4216 γαστρί
1114 4160 1210 4199 σου
1232 4148 1261 4200 ὁ
1288 4144 1461 4213 Λόγος
1491 4146 1940 4218 σωματούμενος.

506 4234 701 4302 ”Δγιον
736 4233 962 4303 Κύριον,
997 4230 1319 4306 Κυριοτόκε,
1356 4236 1452 4291 τοῦ
1506 4237 1703 4303 παντὸς
1760 4239 2009 4308 τέτοκας,

433 4322 497 4374 ὃν
522 4322 587 4375 ὲκ
613 4322 793 4392 ψυχῆς
817 4324 1055 4394 Δομνίκα
1109 4325 1371 4392 ποθοῦσα,
1426 4327 1617 4384 παθῶν
1671 4328 2017 4401 φθοροποιῶν

438 4415 846 4488 κατακυριεύει,
868 4417 1133 4491 Παρθένε,
1154 4420 1401 4491 ὑμνοῦσα
1425 4439 1511 4480 σε.

508 4615 586 4668 Δι’
609 4614 731 4686 ἐμὲ,
760 4614 879 4669 κατ’
917 4615 1018 4684 ἐμὲ
1069 4616 1406 4688 ἐχρημάτισε
1468 4617 1670 4690 βρέφος
1726 4620 1759 4674 ὀ
1820 4624 2016 4677 παντέ-

439 4709 601 4773 λειος,
664 4707 1028 4773 ἀνακαινίξων
1093 4726 1161 4780 με
1211 4708 1592 4765 παλαιωθέντα
1653 4710 1871 4778 πάθεσι,
1928 4713 2019 4768 διὰ

439 4800 559 4869 σοῦ,
595 4801 836 4871 παναγία
860 4801 1153 4873 θεόνυμφε.

521 4914 695 4986 Ἰσχύς
729 4932 853 4986 μου,
892 4915 985 4970 καὶ
1012 4914 1272 4988 ⁴ύμνησις,
1300 4918 1395 4971 καὶ
1428 4921 1677 4993 σωτηρία
1710 4922 1946 4995 ὑπάρχει
1987 4926 2017 4978 ό

438 5011 664 5083 Κύριος,
682 5012 801 5078 ὃλσε
834 5011 1057 5085 Μητέρα
1075 5014 1351 5083 πάναγνον
1375 5017 1469 5071 καὶ
1486 5017 1709 5089 νύμφην
1731 5020 2017 5090 ἀνύμφευ-

436 5124 528 5159 τον
558 5105 1044 5179 προεκλεξάμενος,
1073 5107 1131 5160 ὃν
1165 5108 1305 5179 ὑπὲρ
1332 5109 1442 5164 τῶν
1472 5110 1674 5167 δούλων
1696 5129 1791 5166 σου
1820 5113 1907 5168 ἀεὶ
1940 5115 2015 5186 μὴ

439 5199 691 5274 διαλίπῃς
720 5200 1068 5271 πρεσϐεύειν,
1104 5200 1365 5272 ἄχραντε.

527 5312 584 5366 '0
604 5316 923 5387 ύπερούσιος
956 5316 1086 5383 Θεὸς
1109 5316 1386 5373 ούσιοῦται
1413 5318 1481 5373 δι’
1505 5321 1653 5391 ἡμᾶς
1674 5322 1739 5376 ἐκ
1766 5321 1876 5375 τῶν
1907 5321 2016 5377 σῶν

447 5402 787 5472 σπλάγχνων,
820 5408 918 5479 τὴν
948 5409 1247 5480 φθαρεῖσαν
1287 5413 1476 5467 οὐσίαν
1508 5415 1873 5484 ζάνακαινίσαι
1914 5417 2015 5484 ζη-

444 5492 577 5580 τῶν,
606 5495 674 5548 δι’
706 5492 910 5565 οἶκτον,
940 5502 1209 5572 Παρθένε,
1232 5505 1329 5559 καὶ
1361 5505 1532 5577 ἔλεον,
1560 5506 1589 5560 ὁ
1622 5507 2016 5580 δεδοξασμένος

444 5579 526 5645 τίς
553 5581 760 5648 πᾶντας
781 5588 909 5651 τοὺς
935 5589 1163 5655 αἰῶνας.
1420 5583 1423 5585 ί

512 5767 703 5823 ιιδείσαί
720 5784 845 5841 μου,
873 5769 1066 5843 Κύριε,
1100 5777 1448 5849 φεῖσαι,ιόταν
1473 5782 1675 5855 μέλλῃς
1704 5801 1772 5856 με
1795 5785 2003 5858 κρῖναι,

2095 1940 2199 1996 diti
2230 1940 2519 2006 Quomodo
2548 1938 2716 2008 paris,
2745 1945 2799 1993 et
2828 1949 3116 2007 permanes
3142 1934 3333 2005 Virgo,
3356 1948 3392 1990 ο
3418 1931 3668 1989 castissi-

2098 2047 2186 2086 ma
2209 2046 2407 2101 sponsa
2436 2029 2564 2083 Dei?
2594 2028 2862 2084 Nimirum
2895 2026 3133 2083 Verbum
3158 2025 3306 2082 Patri
3336 2034 3668 2082 coaeternum

2097 2122 2356 2194 genuisti,
2412 2121 2503 2176 cui
2551 2135 2743 2176 omnes
2778 2118 3113 2188 psallimus:
3174 2116 3438 2186 Laudate,
3485 2116 3672 2173 omnia

2096 2228 2281 2284 opera,
2308 2221 2363 2268 et
2396 2213 2797 2283 superexaltate
2822 2211 3111 2268 Dominum
3142 2211 3196 2266 in
3231 2211 3416 2267 omnia
3439 2209 3665 2267 mula.

2164 2303 2334 2361 Iubar
2361 2303 2591 2377 fulgoris
2624 2313 2812 2375 partus
2857 2301 2935 2359 tui
2979 2301 3203 2367 eﬂ‘ulsit,
3246 2311 3413 2374 atque
3444 2301 3668 2357 univer-

2097 2411 2219 2452 sum
2253 2406 2522 2453 terrarum
2559 2396 2747 2451 orbem
2786 2396 3068 2452 lzetissimo
3093 2396 3299 2451 lumine
3325 2393 3582 2465 perfudit,
3610 2407 3675 2447 ac

2098 2490 2449 2546 tenebrarum
2483 2489 2785 2560 principem
2829 2488 3089 2559 perdidit,
3119 2503 3154 2542 o
3183 2486 3279 2543 Dei
3301 2486 3545 2542 Genitrix
3577 2499 3673 2539 ca-

2095 2581 2362 2649 stissima,
2408 2583 2728 2653 angelorum
2784 2580 3064 2652 gloriatio,
3098 2589 3262 2651 atque
3291 2576 3537 2635 omnium
3574 2577 3675 2631 lto-

2100 2676 2308 2732 minum
2341 2675 2514 2743 salus,
2548 2673 2642 2746 qui
2688 2673 3092 2732 incessantibus
3134 2671 3362 2730 vocibus
3395 2678 3447 2727 te
3477 2684 3676 2727 conce-

2101 2768 2334 2823 lebrant.
3283 2763 3286 2767 ’

2103 2892 2192 2949 Ea:
2243 2893 2456 2950 Conone
2530 2895 2587 2949 in
2658 2904 2895 2949 sanctam
2952 2892 3182 2948 Matrem
3263 2898 3499 2947 nostram

2664 2964 3029 3029 nurtcant,.dt'c
3054 2965 3109 3020 8.

3566 2889 3678 2946 Do-

2175 3109 2314 3164 Ante
2332 3117 2546 3179 partum
2573 3108 2911 3179 incorrupta,
2932 3107 3098 3165 etiam
3124 3113 3248 3179 post
3271 3114 3486 3178 partum
3512 3104 3680 3174 Virgo

2106 3202 2462 3274 permansisti
2497 3217 2663 3273 supra
2712 3212 2925 3257 natura:
2968 3201 3243 3265 ordinem,
3280 3215 3315 3256 o
3360 3199 3453 3255 Dei
3489 3198 3678 3254 Mater.

2106 3293 2473 3361 Quamobrem
2506 3292 2614 3364 5o
2646 3293 2905 3351 Domnica
2936 3303 2990 3350 te
3019 3293 3073 3348 in
3114 3291 3321 3363 Spiritu
3367 3304 3557 3346 sancto
3585 3291 3685 3345 de-

2107 3388 2381 3453 siderans,
2408 3398 2532 3458 post
2548 3396 2600 3444 te
2628 3390 2943 3460 incorrupta
2966 3388 3201 3445 adducta
3218 3394 3322 3455 est,
3345 3401 3379 3442 o
3400 3385 3682 3452 inviolata,

2108 3483 2221 3553 regi
2254 3481 2496 3537 omnium
2524 3480 2666 3537 Filio
2682 3491 2797 3539 tuo.

2179 3573 2509 3641 Corrobora,
2553 3589 2588 3629 o
2622 3575 3103 3631 intemeratissima
3152 3576 3402 3643 Domina,
3453 3575 3686 3631 inﬁrmi-

2113 3675 2278 3720 tatem
2322 3681 2521 3734 meam,
2551 3674 2607 3721 tu
2640 3681 2764 3737 quae
2804 3666 3060 3724 virtutem
3094 3667 3362 3723 Altissimi
3404 3670 3683 3738 peperisti,

2109 3772 2233 3827 quae
2281 3757 2540 3815 omnibus
2595 3757 2691 3816 dat
2743 3773 2888 3828 esse,
2946 3768 3003 3816 et
3046 3758 3320 3816 Domniea:
3361 3760 3681 3816 memoriam

2112 3849 2447 3919 magnidcat.

2182 3958 2391 4016 Tunica
2434 3960 2779 4017 mortalitatis
2812 3960 2965 4016 exuit
3006 3958 3271 4026 Adamus,
3311 3957 3494 4016 divino
3527 3971 3684 4029 partu

2112 4063 2227 4120 tuo,
2281 4064 2335 4111 et
2382 4055 2557 4110 induit
2603 4070 2664 4111 se
2718 4055 2878 4121 stola,
2927 4070 3089 4126 quam
3136 4056 3481 4109 incarnatum
3554 4052 3687 4110 Ver-

2112 4150 2243 4204 bum
2303 4148 2478 4204 solum
2526 4148 2581 4204 iu
2646 4158 2804 4204 utero
2861 4157 2955 4204 tuo
3023 4147 3323 4205 contexuit.

2187 4240 2450 4297 Sanctum
2475 4241 2720 4296 omnium
2752 4241 3041 4296 Dominum
3070 4242 3349 4313 peperisti,
3382 4259 3415 4298 o
3442 4243 3689 4300 Domini-

2114 4350 2269 4407 para,
2336 4350 2502 4406 quem
2571 4350 2638 4389 ex
2703 4335 2886 4390 animo
2950 4332 3209 4391 Domnica
3268 4338 3687 4406 concupiscens.

2118 4428 2433 4498 passionum
2481 4425 2887 4483 mortiferarum
2940 4426 3278 4496 dominatur,
3321 4436 3394 4495 te,
3429 4443 3463 4483 ο
3502 4427 3688 4501 Virgo,

2118 4521 2457 4575 collaudans.

2186 4631 2415 4700 Propter
2438 4645 2524 4683 me
2557 4628 2733 4685 factus
2756 4638 2838 4684 est
2864 4628 3062 4683 similis
3091 4629 3194 4682 mei
3231 4627 3412 4684 infans
3444 4628 3553 4694 ille,
3591 4632 3684 4700 qui

2116 4731 2200 4777 est
2226 4721 2658 4793 perfectissimus
2678 4764 2698 4789 ,
2733 4731 2792 4776 ut
2822 4735 2907 4774 me
2940 4719 3290 4789 passionibus
3329 4719 3686 4778 inveteratum

2116 4822 2401 4869 renovaret
2429 4829 2523 4882 per
2553 4824 2624 4880 te,
2651 4827 2684 4867 o
2712 4811 3061 4867 sanctissima
3094 4808 3187 4864 Dei
3222 4824 3445 4880 sponsa.

2189 4926 2470 4984 Fortitudo
2497 4943 2633 4991 mea,
2667 4934 2722 4981 et
2751 4926 2871 4981 laus
2898 4934 2953 4979 et
2982 4924 3139 4979 salus
3156 4938 3272 4978 mea
3295 4931 3386 4979 est-
3401 4921 3687 4992 Dominus,

2116 5019 2209 5089 qui
2253 5028 2305 5072 te
2351 5018 2576 5074 Matrem
2628 5015 3183 5080 intaminatissimam,
3215 5023 3271 5069 et
3308 5029 3567 5084 sponsam
3606 5017 3689 5070 iu-

2119 5124 2342 5182 nuptam
2377 5111 2572 5182 elegit;
2597 5109 2740 5181 apud
2769 5123 2931 5179 quem
2960 5124 3030 5164 ne
3062 5107 3443 5178 praetermittas
3469 5108 3690 5165 assidue

2115 5218 2216 5272 pro
2246 5202 2421 5259 servis
2452 5203 2562 5258 tuis
2581 5202 2936 5267 intercedere,
2969 5217 3004 5256 ο
3034 5201 3318 5255 inviolata.

2189 5316 2743 5387 Supersubstantialis
2768 5315 2911 5371 Deus
2929 5316 2987 5371 ﬁt
3006 5315 3314 5371 substantia
3345 5322 3564 5386 propter
3584 5329 3687 5371 nos

2114 5428 2182 5467 ex
2223 5412 2519 5468 visceribus
2569 5413 2697 5477 tuis,
2734 5412 3097 5468 substantiam
3134 5420 3447 5482 corruptam
3503 5411 3686 5467 redin-

2115 5512 2329 5573 tegrare
2356 5502 2599 5574 cupiens,
2640 5518 2674 5558 o
2706 5500 2891 5573 Virgo,
2930 5511 3148 5572 propter
3180 5517 3335 5557 suam
3372 5502 3685 5557 misericor-

2114 5594 2280 5660 diam,
2332 5601 2388 5651 et
2432 5595 2723 5665 pietatem,
2776 5592 2869 5663 qui
2924 5600 3011 5648 est
3064 5592 3333 5663 gloriosus
3389 5589 3445 5645 in
3500 5591 3685 5645 omnia

2113 5687 2332 5744 smcula.

2189 5780 2360 5838 Parce
2388 5780 2545 5848 mihi,
2575 5780 2824 5849 Domine,
2852 5794 3013 5852 parce
3041 5794 3166 5835 cum
3200 5780 3414 5834 veneris
3446 5777 3508 5832 ad
3537 5776 3681 5845 indi.
