4078 6294
484 412 616 478 1051

1571 409 1633 469 S.
1673 407 1989 469 JOSEPIII
2025 403 2593 468 HYMNOGRAPHI

3603 390 3744 458 1052

484 536 639 592 nino,
684 544 715 583 0
759 529 922 598 Virgo
955 523 1236 581 inviolata.
1276 536 1372 591 per
1407 519 1678 586 lanceam,
1710 537 1819 590 qua
1861 522 2050 575 vulnea

2168 519 2376 582 τελείως
2403 518 2671 584 ἐξέλιπον,
2713 506 2903 583 ἀφ’οὗ
2925 511 3096 583 λόγχῃ
3157 514 3369 583 ἐτρώθη
3481 512 3580 581 τὴν
3641 509 3742 580 σὴν

484 633 662 678 ratum
705 631 789 676 est
833 619 1068 672 Verbum
1115 613 1224 686 55,
1253 613 1410 678 illud,
1446 612 1593 683 quod
1642 623 1857 667 uterum
1901 625 2055 667 tuum

485 716 835 784 itnpollututtt
884 710 1231 771 inltabitavit,
1280 706 1440 776 cujus
1494 705 1818 762 dulcissimo
1871 719 2059 759 amore

485 822 683 877 precor
723 815 776 858 te
811 818 959 857 nunc
994 810 1052 854 ut
1084 801 1342 853 vulneres
1372 814 1470 854 eor
1507 813 1714 853 meum.

552 897 814 953 Cuhibuit
849 910 1020 957 mors,
1051 893 1143 947 ubi
1187 893 1252 946 ad
1306 902 1358 947 te
1392 889 1660 960 pervenit,
1706 888 2060 944 irreirenahi-

484 991 588 1044 leni
623 990 882 1058 impetum
909 986 1044 1055 (50);
1067 992 1122 1038 tu
1152 985 1294 1037 enim
1319 985 1437 1038 sola
1470 982 1900 1036 immortalitatis
1932 981 2058 1035 fon-

485 1093 595 1136 tem
626 1079 907 1151 peperisti,
941 1095 976 1133 o
1011 1079 1240 1146 Deipara
1270 1092 1489 1146 semper
1521 1078 1696 1146 virgo.

555 1177 838 1246 Tanquam
869 1173 1269 1243 amplissimum
1298 1173 1563 1241 palatium
1615 1170 1931 1224 inhabitans
1965 1185 2061 1223 rex

483 1269 733 1324 omnium
776 1275 1026 1321 sanctum
1064 1274 1280 1318 uterum
1318 1271 1494 1328 tuum,
1531 1271 1854 1332 corporatus
1895 1276 2062 1330 appao

484 1361 617 1426 ruit,
651 1373 686 1414 ο
712 1358 942 1412 Domina
969 1355 1287 1425 purissima.

559 1453 644 1507 Me
680 1465 829 1505 nunc
869 1450 1164 1504 multorum
1203 1455 1548 1516 peccatorum
1593 1448 1835 1515 pondere
1866 1461 2060 1515 grava-

485 1554 628 1609 tum,
676 1543 925 1605 subleva,
996 1539 1342 1602 oinviolata,
1413 1537 1782 1592 corroborans
1844 1552 1932 1593 me
1988 1536 2057 1592 ad

485 1634 818 1705 portandum
854 1631 1195 1686 levissimum
1225 1630 1417 1699 jugum
1448 1628 1681 1682 Christi.

555 1727 806 1780 Pelliceis
851 1723 1200 1778 mortalitatis
1245 1721 1447 1775 tunicis
1482 1720 1705 1774 indutus
1734 1729 1817 1773 est
1850 1719 2063 1788 primus

485 1828 678 1886 pater;
725 1815 955 1870 Creator
1017 1814 1164 1868 enim
1225 1812 1322 1865 illo
1381 1809 1776 1880 superindutus
1833 1817 1938 1876 est,
1992 1823 2058 1864 ex

2160 609 2405 680 γαστέρα
2430 609 2527 680 τὴν
2557 607 2860 676 ἀμόλυντον
2890 605 3123 675 οἰκήσας
3156 605 3348 671 Λόγος·
3386 597 3449 655 οὗ
3485 602 3564 671 τῷ
3613 603 3743 669 γλυ-

2161 703 2380 772 κυτάτῳ
2400 700 2494 753 νῦν
2527 699 2736 771 τρῶσαι
2765 698 2929 770 ἔρωτι
2983 697 3086 766 τήν
3148 695 3380 766 καρδίαν
3449 711 3552 764 μου
3601 693 3739 747 καθ-

2164 789 2394 844 ικετεύω
2423 805 2505 842 σε.

2235 899 2406 968 Ἐστη
2438 898 2601 969 μέχρι
2636 895 2775 949 σουὸ
2807 893 3038 955 Θάνατος
3076 892 3177 961 τῆς
3220 891 3596 962 ἀκατασχέτου
3649 892 3746 962 ὀρ-

2166 993 2300 1063 μῆς·
2327 993 2394 1045 σὺ
2422 992 2530 1060 γὰρ
2564 991 2699 1061 μόνη
2731 988 2918 1051 ἔτεκες
2944 984 3044 1058 τὴν
3073 985 3261 1058 πηγὴν
3289 986 3387 1057 τῆς
3418 984 3744 1049 ἀθανασίας,

2161 1085 2391 1139 Θεοτόκε
2429 1100 2538 1154 μητ
2548 1083 2874 1155 ροπάρθενε.

2244 1178 2330 1240 Ὡς
2357 1176 2620 1229 παλάτιον
2653 1175 2970 1247 εὐρύχωρον
3020 1177 3377 1250 κατοικήσας,
3405 1173 3435 1226 ὁ
3487 1171 3751 1242 βασιλεὺς

2160 1269 2269 1322 τῶν
2299 1269 2436 1321 ὅλων
2461 1268 2558 1338 τὴν
2591 1268 2753 1335 ἁγίαν
2783 1284 2877 1320 σου
2914 1268 3133 1340 μήτραν
3170 1266 3331 1338 ὤφθη
3372 1261 3712 1336 σωματοῦμε
3731 1291 3748 1303 -

2163 1369 2274 1416 νος,
2300 1352 2612 1422 πανάμωμε
2644 1353 2936 1408 Δέσποινα.

2234 1442 2635 1514 Βεῦαρυμένον,
2689 1443 2950 1514 ᾶχραντε,
3007 1441 3090 1516 τῷ
3153 1443 3340 1513 φόρτῳ
3375 1439 3487 1496 τῶν
3530 1436 3749 1493 πολλῶν

2163 1535 2579 1608 ἁμαρτημάτων
2611 1536 2914 1608 ἐλάφρυνόν
2941 1555 3014 1608 με
3065 1537 3182 1600 νῦν.
3215 1535 3409 1607 φέρειν
3460 1533 3552 1589 τὸν
3580 1533 3748 1604 ζυγὸν

2162 1627 2540 1697 ἐνδυναμοῦσα
2567 1629 2806 1700 Χριστοῦ
2834 1630 2896 1682 τὸ
2927 1629 3322 1699 ἐλαφρότατον.

2232 1719 2576 1792 Νεκρὼσεως
2599 1721 2962 1791 δερματίνους
2979 1720 3214 1792 χιτῶνας
3242 1718 3519 1774 meeum
3548 1717 3577 1771 ὁ
3603 1735 3733 1788 προ-

2163 1813 2375 1885 πάτωρ·
2398 1815 2428 1867 ὁ
2461 1813 2572 1886 γὰρ
2595 1815 2834 1883 Κτίστης
2856 1813 3019 1869 αὑτὸν
3041 1813 3376 1879 ἐπενδύεται,
3399 1813 3467 1867 ἐκ
3493 1811 3608 1866 τῶν
3634 1810 3732 1865 σῶν

484 1909 797 1966 visceribus
835 1908 966 1975 tuis,
1011 1924 1046 1963 ο
1101 1905 1422 1978 purissima,
1471 1903 1818 1960 ineﬂ‘abiliter
1875 1903 2063 1959 incar-

2168 1879 2420 1978 αἱμάτων
2447 1879 2757 1977 σαρκωοεὶς
2781 1879 2924 1975 υπὲρ
2955 1904 3136 1974 λόγον,
3178 1903 3515 1975 πανὰμωμε.

486 2013 676 2058 natus.

559 2093 675 2158 Ille,
723 2093 818 2164 qui
869 2093 923 2146 in
973 2099 1175 2146 terram
1222 2099 1482 2159 tauquam
1534 2087 1709 2143 imber
1757 2085 2058 2152 descendit,

484 2185 739 2255 irrigavit
785 2184 1015 2240 scientia
1046 2183 1230 2238 divina
1274 2183 1585 2236 universam
1615 2191 1840 2246 terram,
1877 2190 2062 2252 teque,

486 2293 523 2333 ο
571 2273 737 2349 Virgo
780 2284 957 2343 casta,
1007 2275 1267 2332 omnibus
1327 2273 1539 2346 angelis
1589 2273 2061 2330 honorabiliorem

489 2368 691 2424 eﬂ'ecit.

466 2531 470 2535 ρ
561 2461 935 2518 lntellectuale
966 2458 1358 2517 candelabrum
1402 2467 1452 2512 te
1477 2459 1628 2522 olim,
1662 2456 1756 2512 Dei
1799 2457 2057 2529 genitrix,

487 2554 755 2624 propheta
801 2553 1176 2624 prmsignavit,
1224 2551 1404 2604 ferens
1446 2551 1748 2619 lampadem
1796 2551 2059 2616 divinam,

490 2661 615 2716 quae
644 2646 973 2702 illuminavit
1014 2660 1131 2708 eos,
1160 2644 1255 2713 qui
1295 2643 1547 2715 plurimis
1588 2646 1858 2699 malorum
1905 2655 2061 2702 tene-

489 2737 606 2792 bris
634 2737 788 2806 prius
815 2745 972 2792 erant
1001 2735 1207 2791 obfusi.

559 2825 727 2882 Lucis
771 2827 1146 2884 habitaculum
1174 2824 1316 2880 facta
1352 2839 1410 2879 es
1450 2839 1466 2878 :
1499 2834 1784 2895 propterea
1813 2824 2064 2882 illumina

492 2932 605 2986 me,
642 2932 676 2973 ο
708 2919 910 2989 puella,
943 2918 1217 2974 universis
1253 2915 1458 2970 inimici
1489 2917 1874 2972 vexationibus
1910 2919 2068 2974 obte-

491 3009 804 3078 nebratum,
855 3019 914 3066 ut
949 3027 1074 3067 cum
1118 3010 1224 3066 ﬁde
1255 3009 1601 3078 magniﬁcam
1641 3017 1714 3077 te,
1759 3025 1795 3066 ο
1830 3011 2066 3068 sanctis-

491 3103 634 3159 sima
670 3101 842 3159 Mater
867 3100 1055 3176 Virgo.

2249 2091 2310 2148 '0
2347 2092 2594 2157 καταϐὰς
2635 2091 2731 2146 ἐπὶ
2782 2092 2884 2163 τῆς
2939 2090 3049 2163 γῆς
3090 2091 3164 2158 ὡς
3228 2091 3406 2158 ὑετὸς,
3473 2090 3745 2162 Παρθένε,

2167 2184 2502 2253 θεογνωσίαν
2534 2185 2719 2239 πᾶσαν
2771 2184 3002 2255 ήρδευσε
3056 2185 3158 2254 τὴν
3203 2184 3328 2254 γῆν,
3371 2184 3469 2237 καὶ
3506 2183 3748 2251 ἀνέδειξέ

2169 2293 2231 2330 σε
2267 2276 2377 2331 τῶν
2403 2276 2651 2346 ἀγγέλων
2683 2275 2926 2342 πάντων,
2960 2277 3126 2347 ἁγνὴ,
3149 2276 3510 2348 τιμιωτέραν.

2237 2462 2457 2535 Νοητήν
2480 2481 2536 2518 σε
2564 2464 2787 2536 λυχνίαν
2803 2462 3153 2536 προέγραψεν
3179 2465 3208 2517 ὁ
3225 2463 3513 2535 προφήτης
3534 2463 3594 2516 τὸ
3606 2463 3750 2518 θεῖον

2169 2557 2497 2626 λαμπάδιον,
2516 2558 2905 2628 Θεογεννῆτορ,
2932 2559 3207 2628 φέρουσαν
3229 2557 3292 2610 τὸ
3325 2554 3591 2626 φωτίσαν,
3622 2557 3749 2621 τοὺς

2170 2649 2364 2722 πρώην
2395 2650 2812 2720 ἐσκοτισμένους
2837 2651 2945 2704 τῶν
2975 2651 3164 2704 κακῶν
3185 2652 3301 2714 ταῖς
3322 2649 3547 2714 πολλαῖς
3569 2652 3749 2720 ἀμαυ-

2175 2742 2434 2814 ρὼσεσιν.

2240 2834 2421 2897 Φωτὸς
2454 2835 2770 2908 οἰκητήριον
2813 2834 3025 2903 ἐγένου·
3075 2834 3156 2888 διὸ
3201 2833 3622 2904 φωταγώγησᾶν
3649 2853 3745 2906 με,

2167 2919 2330 2995 κόρη,
2388 2925 2807 2998 ἀμαυρούμενον
2834 2926 3043 2987 πάσαις
3091 2922 3183 2974 τοῦ
3221 2922 3416 2992 ἐχθροῦ
3446 2925 3569 2984 ταῖς
3604 2926 3740 2976 ἀπι-

2165 3013 2364 3079 στίαις,
2421 3015 2567 3076 ὅπως
2614 3013 2673 3066 ἐν
2718 3009 2913 3065 πίστει
2975 3027 3058 3078 σε,
3091 3009 3356 3079 παναγία,
3419 3009 3731 3079 μεγαλύνω,

2169 3104 2626 3178 Μητροπάρθενε.

913 3219 1000 3275 Ea:
1052 3217 1265 3279 Conone
1314 3225 1373 3280 in
1431 3224 1532 3282 SS.
1586 3223 1958 3296 Speusippum,
1991 3221 2356 3294 Eleusipputrt,
2402 3233 2454 3278 et
2493 3222 2895 3292 Melanippam,
2921 3221 3009 3277 die
3037 3221 3286 3292 16(50').

562 3329 742 3396 Terra.
785 3333 994 3388 inarata
1038 3335 1365 3405 apparuisti,
1399 3351 1432 3390 ο
1473 3337 1881 3408 augustissima,
1934 3349 2059 3406 quae
2082 3339 2128 3401 C
2163 3334 2254 3389 Dei
2275 3333 2522 3389 Genitrix
2547 3334 2897 3402 castissima;
2925 3344 3163 3390 mentem
3196 3332 3486 3404 tranquilla
3524 3330 3747 3386 hostili-

492 3423 703 3492 spicam
753 3425 913 3481 nobis
950 3426 1248 3497 protulisti,
1288 3427 1529 3483 universi
1582 3429 1906 3482 nutritorem
1956 3427 2066 3482 Do-

492 3512 705 3568 minum
735 3514 921 3571 Jcsum
963 3531 1032 3573 ex
1076 3533 1188 3589 quo
1237 3534 1339 3576 nos
1378 3521 1750 3586 comedentes,
1792 3520 1862 3575 ad
1898 3521 2064 3574 vitam

493 3621 842 3662 revocamur.

566 3699 736 3753 Deum
769 3715 836 3755 ex
866 3705 918 3753 te
949 3700 1292 3757 inearnatum
1324 3701 1592 3769 videntes,
1628 3718 1664 3760 ο
1696 3701 1866 3774 Virgo
1917 3713 2066 3758 casta

500 3788 756 3859 Deipara,
786 3789 894 3860 55
938 3800 989 3846 te
1030 3796 1248 3863 proprie
1291 3794 1636 3860 conﬁtemur,
1667 3812 1790 3866 qua:
1821 3796 2067 3850 omnium

494 3879 903 3937 reformationis
967 3884 1176 3956 absque
1251 3887 1360 3941 ulla
1471 3888 1812 3945 dubitatione
1899 3902 2067 3943 causa

493 3971 673 4030 fuisti.

567 4066 1056 4138 Superessentialis
1086 4072 1198 4135 ille,
1228 4075 1322 4146 qui
1352 4076 1534 4131 carnis
1580 4083 1698 4132 erat
1729 4090 1949 4145 expers,
1998 4089 2067 4130 ex

493 4161 817 4216 venerandis
868 4165 1228 4234 sanguinibus
1263 4169 1366 4222 luis
1413 4168 1729 4223 incarnatus
1757 4174 1863 4233 est,
1912 4183 1945 4222 ο
1976 4182 2070 4221 ca-

493 4252 734 4310 stissima
758 4272 773 4322 ;
816 4264 871 4310 et
900 4272 1033 4311 caro
1062 4259 1182 4314 sine
1211 4261 1317 4314 ulla
1345 4263 1646 4319 mutatione
1688 4261 1890 4325 factus.
1925 4276 2065 4328 cum

495 4343 811 4400 hominibus
838 4358 1195 4404 conversatus
1225 4359 1328 4406 est.

563 4433 782 4491 Natura:
827 4439 972 4506 leges
1023 4441 1075 4495 in
1125 4452 1196 4509 te,
1239 4459 1272 4498 ο
1307 4444 1603 4513 purissima
1644 4443 1835 4517 Virgo,
1875 4461 2065 4502 revera

495 4524 872 4585 innovantur:
930 4532 1092 4605 Virgo
1130 4537 1332 4606 quippe
1382 4546 1505 4607 post
1562 4547 1780 4609 partum
1851 4555 2067 4607 manes,

493 4622 640 4675 velut
669 4633 792 4677 ante
815 4635 1052 4692 partum,
1075 4627 1354 4685 Christum
1392 4631 1761 4702 legislatorem
1795 4634 1979 4688 enixa.

2170 3429 2272 3483 bus
2297 3427 2676 3481 invasionibus
2712 3426 2865 3480 velut
2920 3424 3337 3496 tempeatatibus
3381 3424 3667 3495 iactatam,
3695 3431 3754 3479 et

2169 3535 2266 3576 cor
2300 3535 2478 3573 meum
2506 3529 2757 3590 pacatum
2785 3519 2973 3582 redde,
3000 3535 3033 3574 ο
3065 3519 3271 3589 puella.

2240 3609 2440 3666 Rosam
2477 3611 2529 3665 in
2569 3612 2748 3666 medio
2773 3613 3057 3680 spinarum
3083 3620 3134 3666 te
3170 3627 3296 3665 vere
3326 3609 3537 3665 invenit
3562 3608 3615 3663 in
3646 3610 3754 3664 bu-

2165 3703 2256 3773 jus
2286 3705 2474 3759 mundi
2493 3705 2858 3769 convallibus,
2881 3715 3077 3759 ocasta
3109 3701 3475 3773 Virgo,JeSus
3501 3703 3754 3758 omnium

2169 3795 2470 3866 plantator,
2518 3805 2684 3864 atque
2731 3811 2797 3850 ex
2851 3804 3010 3851 utero
3043 3805 3137 3850 tuo
3182 3806 3363 3861 natus,
3421 3810 3523 3850 nos
3549 3795 3756 3851 divinae

2170 3888 2501 3957 cognitionis
2526 3888 2862 3942 suavissimo
2889 3887 3129 3958 perfudit
3166 3887 3357 3942 odore.

2241 3978 2319 4034 ’l‘e
2351 3981 2639 4049 spirituale
2663 3981 3076 4045 candelabrum,
3125 3997 3246 4050 qlia:
3286 3981 3463 4036 lucem
3500 3981 3752 4038 inacces-

2171 4071 2384 4127 sibilem
2414 4071 2730 4141 suscepisti,
2771 4077 3116 4141 agnovimus,
3149 4087 3182 4127 ο
3211 4070 3376 4143 Virgo
3404 4072 3593 4134 Maria.
3629 4090 3756 4144 qua:

2171 4163 2417 4219 omnium
2446 4164 2684 4218 ﬁdelium
2719 4165 2931 4221 animas
2961 4165 3305 4234 illuminasti,
3333 4173 3387 4222 et
3418 4164 3626 4237 peecati
3664 4174 3745 4221 te-

2169 4255 2370 4312 nebras
2393 4257 2706 4312 eliminasti.

2245 4344 2485 4402 Vocibus
2515 4347 2816 4416 gratiarum
2875 4346 3094 4403 actione
3128 4347 3306 4418 plenis
3345 4347 3412 4402 ad
3459 4356 3512 4402 te
3540 4346 3751 4403 clama-

2172 4457 2331 4496 mus:
2370 4442 2506 4505 Ave,
2562 4440 2939 4495 immaterialis
2974 4441 3116 4497 lucis
3155 4441 3527 4497 habitaculum
3566 4442 3748 4512 puris-

2171 4535 2409 4598 simum;
2468 4547 2588 4596 ave,
2631 4549 2798 4588 causa
2849 4533 3214 4589 deiﬁcationis
3269 4536 3566 4600 omnium;
3628 4550 3746 4599 ave,

2171 4626 2570 4681 maledictionis
2605 4625 2896 4684 dissolutio
2923 4645 2938 4692 ;
2985 4643 3108 4696 ave,
3139 4629 3537 4700 terrigenarum
3560 4626 3739 4697 expul-

563 4713 888 4770 Miserabilis
942 4719 1139 4775 animm
1187 4738 1318 4777 mea:
1356 4723 1705 4791 passionibus
1755 4726 1995 4790 medere,
2028 4739 2061 4780 ο
2095 4709 2138 4765 υ
2168 4735 2356 4777 serum
2394 4719 2690 4774 revocatio.

548 4832 633 4885 Ea:
674 4833 885 4887 Conone
906 4835 962 4890 in
991 4835 1052 4891 S.
1085 4836 1439 4909 Neap/imum,
1462 4850 1776 4912 martyrem,
1827 4841 1914 4896 die
1942 4842 2037 4897 Ἡ.

564 5018 734 5072 Enixa
772 5030 982 5075 natura:
1012 5022 1350 5086 Creatorem,
1395 5023 1711 5079 universam
1760 5024 2065 5094 terrigena-

2176 4839 2279 4893 Ἐκ
2305 4835 2414 4890 τοῦ
2436 4837 2704 4904 Κανόνος
2719 4839 2804 4902 εὶς
2819 4838 2926 4892 τὸν
2941 4838 3114 4908 ἅγιον
3129 4837 3402 4908 μάρτιφα
3419 4840 3737 4908 Νεόφυτον,

2785 4909 2978 4982 ἡμέρᾳ
3031 4908 3141 4963 καί·

2239 5023 2488 5079 Τεκοῦσα
2521 5024 2614 5077 τὸν
2643 5021 2804 5091 φύσει
2832 5017 3178 5088 Δημιουργὺν
3208 5016 3448 5080 ἐθέωσας
3479 5017 3610 5086 ὅλην
3641 5016 3738 5086 τὴν

491 5127 610 5163 rum
644 5112 1009 5166 substantiam
1055 5114 1356 5179 deiticasti;
1399 5127 1681 5187 propterea
1743 5129 1794 5172 te
1851 5121 2063 5189 proprie

2168 5119 2355 5172 οὐσίαν
2395 5119 2502 5170 τῶν
2538 5112 2810 5185 γηγενῶν·
2844 5111 2926 5163 διό
2956 5127 3017 5163 σε
3064 5109 3270 5181 κυρίως
3314 5110 3578 5162 Θεοτὸκον
3611 5109 3744 5179 ὁμο-

495 5201 776 5270 Deiparam
806 5208 1152 5272 conﬁtentur,
1187 5223 1221 5259 υ
1270 5207 1432 5279 Virgo
1457 5210 1548 5264 Dei
1573 5225 1798 5280 sponsa.

564 5291 831 5361 llymnum
883 5295 974 5348 tibi
1040 5312 1258 5365 semper
1317 5302 1564 5369 rependit
1623 5303 1679 5356 in
1749 5304 2050 5373 gratiarum

489 5387 757 5439 actionem
788 5389 1098 5444 mortalium
1133 5405 1324 5459 genus,
1360 5409 1392 5448 ο
1433 5394 1525 5449 Dei
1561 5394 1757 5464 Mater,
1797 5412 1921 5451 eum
1965 5413 2062 5467 per

489 5489 540 5533 te
568 5481 1034 5537 inunortalitatem
1060 5484 1167 5556 56
1192 5496 1504 5544 assecutum
1536 5491 1626 5546 sit.

525 5708 535 5716 .
569 5636 815 5716 amvi/"el
852 5642 1088 5716 ut_vertit
1150 5642 1210 5698 Ρ.
1249 5644 1434 5699 Simon
1464 5646 1817 5714 Vuagnereek
1841 5648 1895 5702 in
1948 5650 2062 5704 Μα-

491 5708 644 5786 riane
666 5708 866 5765 Pietate
889 5712 1212 5789 Graecorum,
1240 5733 1296 5769 ιι.
1315 5717 1402 5789 97.
1430 5735 1447 5765 ι
1474 5708 1787 5782 Μαι-ξοιιιιιε
1818 5721 2067 5789 νιτρρὶρί-

493 5791 601 5831 tem
630 5785 886 5847 impetum
940 5785 1231 5851 reprimere
1258 5788 1398 5839 nulla
1433 5804 1515 5840 .'cs
1545 5790 1739 5851 potuit,
1772 5785 1836 5843 ad
1871 5803 1921 5846 te
1975 5785 2068 5847 us-

493 5864 598 5917 que
627 5866 964 5918 perveniens,
988 5857 1216 5910 attonita
1247 5860 1385 5913 stetit
1417 5875 1430 5925 ;
1474 5881 1491 5911 ι
1522 5860 1574 5912 id
1601 5871 1681 5915 est
1713 5861 1908 5917 intacta
1943 5878 2067 5932 per-

2167 5209 2457 5280 λογοῦμεν,
2503 5205 2742 5277 Παρυένε
2765 5202 2931 5256 Θεόνυ
2943 5220 3072 5269 μφε.

2246 5302 2454 5370 ’Ὕμνον
2479 5298 2836 5372 χαριστήριον
2881 5293 3036 5363 γένος
3089 5292 3297 5364 βροτῶν
3327 5293 3415 5345 ἀεὶ
3450 5290 3606 5361 νέμει
3637 5308 3745 5355 σοι,

2171 5394 2372 5466 Μῆτερ
2403 5393 2564 5460 Θεοῦ,
2590 5393 2692 5464 τήν
2717 5389 3021 5444 ἀθανασίαν
3043 5386 3134 5442 διὰ
3157 5386 3251 5440 σοῦ
3293 5386 3746 5456 κληρωσάμενον.

2170 5650 2418 5704 mansisti
2451 5649 2519 5702 ab
2547 5647 2777 5713 originis
2803 5645 2982 5711 culpa.
3016 5659 3138 5712 quae
3187 5652 3273 5697 est
3304 5656 3450 5695 mors
3485 5640 3738 5713 quaedyn

2176 5720 2473 5787 spiritualis
2506 5720 2573 5773 ab
2604 5708 2816 5771 Ailanlo
2850 5708 2906 5769 in
2935 5708 3071 5787 alios
3097 5708 3580 5787 etnnestt'anl'usa.
3618 5708 3758 5787 Vitio.

2178 5779 2238 5845 1".
2276 5792 2492 5843 Petrum
2542 5789 2828 5843 Possinutn
2863 5787 2915 5838 in
2969 5783 3237 5838 Vincentio
3280 5782 3444 5846 Victo,
3500 5797 3618 5853 cap.
3659 5779 3752 5836 η.

2251 5862 2384 5931 (630‘)
2415 5863 2605 5916 Graeca
2635 5861 2689 5913 in
2717 5857 3000 5928 impressis
3037 5856 3255 5912 Menaeis
3283 5855 3505 5911 desunt.
