4078 6294
316 365 456 436 1053

1723 377 2091 443 MARIALE.

3449 374 3590 443 1051

396 481 694 546 Ἑκουσίως
722 485 1114 555 πτωχεύσαντα
1158 487 1379 561 πλούτῳ
1421 489 1762 563 ἂγαθότητος
1795 495 1889 546 τὸν

2067 491 2498 560 Superdivinum
2534 492 2711 559 illum,
2737 492 2831 564 qui
2877 499 3074 563 sponte
3119 489 3298 548 factus
3333 503 3420 546 est
3449 509 3586 563 pau~

316 577 605 649 ὑπέρθεον,
639 578 892 645 Θεοτόκε,
926 580 1267 653 ἀπεκύησας,
1301 582 1402 654 τὴν
1423 584 1585 654 ἡμῶν
1618 583 1898 655 πτωχείαν

317 669 782 743 κατοικτείροντα.

387 761 464 816 Τὸ
492 761 598 834 πρδ
623 762 844 817 πάντων
873 763 1107 830 αίώνων,
1131 765 1297 837 κόρη,
1322 767 1728 839 παναμὼμητε,
1755 769 1900 823 θεῖον

320 857 618 927 μυστήριον
668 855 1122 928 ἀποκεκρυμὼον
1155 858 1244 912 διὰ
1300 860 1396 914 σοῦ
1445 860 1753 933 ἐγνωρίσθη
1786 863 1900 925 τοῖς

319 948 573 1020 πέρασιν,
599 948 628 1000 ὁ
659 947 808 1015 Υἱὸς,
850 949 944 1004 καὶ
975 951 1147 1020 Λόγος
1167 953 1196 1006 6
1224 953 1318 1006 τοῦ
1349 953 1486 1007 Θεοῦ
1517 955 1655 1026 σὰρξ
1675 971 1900 1026 χρημα-

319 1040 474 1105 τίσας
499 1042 594 1094 καὶ
617 1039 848 1109 θεώσας,
881 1042 1148 1115 Παρθένε,
1178 1044 1270 1099 τὸν
1298 1044 1608 1118 ἄνθρωπον.

402 1215 833 1290 ’Υπέρλαμπρος
864 1201 1184 1293 ἀνεδείχθης
1212 1221 1458 1295 καθέδρα
1502 1221 1769 1293 βασιλέως
1807 1221 1904 1277 ού-

325 1307 511 1380 ρανιου
534 1309 799 1382 Παρθένε,
829 1313 888 1364 ἐν
983 1314 1148 1385 σαρκὶ
1176 1315 1526 1370 ἀνεπαύσατο
1556 1315 1750 1381 θέλων,
1805 1319 1902 1371 καὶ

321 1399 416 1452 τὸν
453 1399 622 1455 πολὺν
648 1401 804 1471 ἡμῶν
821 1401 991 1457 κόπον
1020 1405 1302 1474 ἁφείλατο,
1335 1407 1430 1460 καὶ
1458 1406 1644 1477 ἵδρυσε
1674 1407 1752 1477 τῷ
1782 1424 1890 1461 παο
1927 1439 1936 1444 -

320 1495 514 1565 τρικῷ,
544 1492 620 1559 ὡς
652 1493 945 1566 ηὑδόκησε,
982 1496 1157 1570 θρόνῳ
1174 1498 1266 1552 τὸν
1284 1499 1591 1568 ἄνθρωπον.

399 1676 609 1750 Ὠφθης
624 1677 873 1747 ἀγγέλων
888 1676 1186 1749 ύπερτέρα,
1199 1675 1394 1749 βουλῆς
1423 1679 1492 1732 ’Λ
1508 1677 1706 1748 γγελον
1735 1697 1907 1748 μεγα-

322 1767 423 1840 λης
459 1773 734 1837 τετοκυῖα,
763 1770 995 1824 Θεοτόκε
1026 1769 1188 1842 ἁγνὴ,
1236 1765 1280 1840 ᾧ
1303 1773 1504 1834 πάντες
1531 1770 1903 1843 μελιρδοῦμεν.

323 1861 631 1939 Εὐλογητὸς
657 1857 729 1932 εἴ,
760 1862 934 1934 Κύριε
969 1863 1000 1916 δ
1029 1861 1187 1929 Θεὸς,
1219 1864 1298 1927 είς
1338 1863 1465 1927 τοὺς
1500 1862 1729 1927 αἰῶνας.

396 2041 535 2096 Νέον
565 2042 777 2096 παιδίον
797 2043 1155 2112 τέτοκας,τδν
1184 2017 1506 2117 πρὸ-πάσης
1532 2045 1636 2117 τῆς
1666 2048 1902 2113 κτίσεως

323 2133 502 2203 φύντα
552 2135 618 2187 ὲκ
664 2135 878 2206 Πατρὸς
940 2135 1385 2207 ἀνερμηνεύτως,
1434 2139 1703 2206 πάναγνεο
1738 2140 1905 2195 αὑτὸν

324 2215 420 2275 οὖν
478 2219 690 2274 ἱκέτευε
736 2221 1119 2275 παλαιωθέντα
1165 2223 1472 2295 πταίσμασι
1529 2223 1628 2280 νῦν
1674 2226 1907 2282 ἀνακαι-

304 2312 475 2368 νίσαι
505 2311 601 2366 καὶ
637 2311 846 2382 βοῶντά
899 2328 964 2381 με
1005 2311 1200 2367 σῶσαι·
1232 2313 1297 2366 Οί
1349 2313 1561 2380 παῖδες,
1603 2314 1904 2385 εὐλογεῖτεο

330 2405 842 2477 ίερείς,ὰνυμνείτεο
865 2404 1016 2471 λαὸς,
1041 2405 1388 2478 ὑπερυψοῦτε
1409 2407 1646 2480 Χριστὸν
1667 2410 1748 2472 είς
1776 2410 1903 2475 τοὺς

329 2495 553 2558 αίῶνας.
1879 2544 1887 2550 .

400 2587 473 2639 Σὺ
497 2587 737 2657 φέρουσα
760 2579 965 2658 οἷάπερ
994 2585 1151 2651 λαόὶς
1172 2586 1266 2640 τδν
1288 2588 1564 2659 οὐράνιον,
1595 2586 1902 2660 Θεόνυμφε,

327 2677 599 2748 ἄνθρακα,
644 2677 714 2730 τὰ
751 2677 1223 2748 φρυγανώδημου
1269 2677 1502 2748 καρδίας
1547 2678 1694 2750 πάθη
1733 2680 1906 2737 κατά-

330 2764 524 2834 φλεξον
554 2766 646 2819 καὶ
675 2765 776 2835 τῆς
799 2769 1027 2837 γεέννης
1059 2765 1155 2820 τοῦ
1185 2767 1356 2838 πυρὸς
1382 2766 1663 2838 λύτρωσαί
1695 2785 1762 2840 με
1791 2769 1907 2824 δέο-

331 2873 454 2927 μαι,
485 2855 573 2910 ἵνα
605 2854 814 2922 δοξάζω
850 2871 910 2909 σε
946 2857 1046 2930 τὴν
1094 2855 1288 2910 ἐλπίδα
1340 2856 1447 2911 τῶν
1482 2856 1716 2924 πιστῶν,
1762 2875 1904 2915 παν-

327 2947 622 3017 αμὼμητε.

341 3039 437 3095 Ἐκ
463 3040 568 3096 τοῦ
593 3041 870 3107 Κανόνας
892 3041 980 3116 είς
1000 3040 1110 3116 rex
1138 3039 1311 3116 ἅγιον
1329 3041 1604 3112 μάρτυρα
1639 3043 1906 3116 Ἅγαθάγ-

839 3114 1043 3181 foder,
1078 3111 1270 3180 ἡμέρᾳ
1297 3118 1408 3178 κγ.

405 3221 775 3294 Σαρκωθέντα
826 3219 1032 3291 Κύριον
1104 3218 1173 3272 δι’
1231 3219 1640 3290 εὑσπλαγχνίαν
1697 3219 1908 3292 ἄφατον

331 3312 596 3384 ικύησας,
655 3310 922 3383 Παρθένε,
950 3311 1012 3364 ὃν
1071 3310 1490 3388 Ἀγαθάγγελος
1524 3311 1772 3382 ποθήσας
1802 3313 1910 3378 ἔξω

333 3407 538 3475 σαρκὸς
565 3403 816 3474 γέγονεν,
840 3402 1080 3474 ἀθλήσας
1101 3403 1442 3475 παραδόξως,
1479 3406 1601 3475 μεθ’
1625 3399 1688 3459 οὗ
1713 3406 1906 3478 ὑμνοῦ·

335 3496 435 3567 μέν
470 3512 550 3549 σε.

409 3589 474 3642 Ὢ
503 3586 815 3658 παραδόξου
851 3587 1199 3659 μυστηρίουλί
1228 3588 1354 3652 Πῶς
1377 3590 1411 3660 ἡ
1464 3589 1742 3663 Παρθένος
1771 3591 1910 3646 πλα·

329 3682 531 3753 ⁴τυτέρα
552 3679 664 3734 τῶν
693 3679 940 3749 οὐρανῶν
967 3679 1205 3750 ἐδείχθη,
1234 3682 1292 3733 ὲν
1315 3681 1469 3752 νηδύῖ
1491 3675 1584 3737 τὸν
1617 3684 1908 3757 ἀπεριὸρι-

332 3789 459 3827 στον
484 3774 948 3844 ἀστενοχωρήτως
975 3776 1266 3844 truncam;

401 3957 798 4032 Μακαρίζομέν
837 3974 897 4013 σε
937 3958 1045 4022 ἀεὶ,
1078 3957 1393 4030 Θεοκυῆτορ
1437 3957 1805 4032 εὐλογημένη,
1839 3961 1911 4016 δι’

329 4045 399 4124 ἦς
429 4052 586 4122 δόξης
608 4050 1080 4124 ἡξιὼθημιν,-καὶ
1107 4051 1200 4105 τὸν
1247 4050 1380 4122 πρὶν
1420 4049 1800 4123 Παράδεισον,
1850 4053 1911 4108 δν

330 4146 720 4216 ἀπωλέσαμεν,
756 4144 1124 4215 ἀπελὰδομεν.

413 4238 682 4309 Ῥυομένη
711 4237 935 4309 φάνηθι,
966 4236 1335 4308 ἀπειρόγαμε,
1375 4236 1587 4302 πάντας
1617 4239 1762 4310 ἡμᾶς
1790 4255 1910 4294 πει-

334 4331 564 4402 ρασμῶν
600 4349 661 4385 τε
712 4332 808 4385 καὶ
858 4329 1140 4398 κινδύνων,
1172 4331 1270 4385 καὶ
1311 4331 1544 4402 θλίψεων
1598 4333 1728 4396 τοὺς
1756 4333 1910 4405 πόθῳ

335 4423 642 4494 ὑμωῦντάς
674 4439 759 4479 σε.

1999 586 2095 654 per
2125 580 2194 636 ob
2223 585 2443 639 divitias
2470 584 2734 640 bonitatis
2770 599 2914 650 suae,
2945 584 3228 654 peperisti,
3259 599 3294 639 ο
3317 583 3577 655 Deipara,

1998 685 2373 747 paupertatem
2402 687 2648 733 nostram
2679 677 3158 734 commiseratum.

2069 768 2394 840 Mystetium
2456 770 2588 825 illud
2645 770 2917 834 divinum,
2961 776 3089 824 ante
3143 768 3328 824 omnia
3379 767 3585 826 smnia

1999 863 2407 923 absconditum.
2427 877 2522 932 per
2547 872 2600 918 te
2622 862 2903 932 cognitum
2933 870 3018 916 est
3041 862 3108 915 ab
3131 862 3392 917 omnibus
3425 872 3588 915 terra:

2002 951 2225 1017 tlnibus,
2269 964 2304 1004 ο
2351 948 2516 1020 Virgo
2580 949 2756 1019 puella
2805 947 3319 1003 immaculatissima
3353 965 3367 1002 :
3405 945 3583 1004 Filius

2003 1041 2217 1098 scilicet
2248 1049 2378 1096 tuus
2409 1049 2464 1097 et
2493 1038 2730 1096 Verbum
2753 1039 2870 1107 Dei,
2898 1039 3049 1111 quod
3067 1055 3200 1096 caro
3236 1039 3444 1095 factum
3467 1049 3577 1103 est,

2003 1141 2171 1201 atque
2197 1131 2478 1188 hominem
2509 1131 2804 1188 deilieavit.

2075 1223 2437 1279 Lueidissima
2470 1223 2718 1280 cmlestis
2752 1221 2912 1294 regis
2957 1221 3221 1278 cathedra
3257 1220 3404 1278 facta
3443 1238 3526 1289 es,
3554 1237 3590 1278 ο

2005 1312 2193 1384 Virgo,
2227 1314 2280 1368 in
2308 1329 2413 1384 qua
2446 1315 2760 1369 incarnatus
2785 1321 2981 1382 sponte
3007 1312 3298 1382 requievit,
3321 1321 3378 1367 et
3398 1314 3590 1368 abstu-

2005 1407 2066 1463 lit
2097 1407 2324 1460 multam
2356 1406 2736 1462 lassitudinem
2780 1412 3064 1472 nostram;
3107 1412 3274 1474 atque
3310 1405 3589 1460 hominem

2007 1499 2063 1553 in
2123 1507 2357 1567 paterno
2411 1497 2634 1565 throno,
2690 1496 3158 1568 quemadmodum
3207 1495 3315 1551 sibi
3357 1495 3593 1567 placuit,

2012 1590 2325 1645 collocavit.

2084 1679 2385 1736 Sublimior
2408 1679 2618 1752 angelis
2642 1677 2964 1749 apparuisti,
2994 1676 3178 1747 magni
3205 1677 3422 1734 consilii
3473 1677 3591 1731 An-

2013 1771 2396 1844 gelumenixa,
2445 1788 2478 1828 o
2516 1783 2671 1827 casta
2706 1770 2936 1840 Deipara
2965 1810 2980 1837 ,
3035 1770 3127 1824 cui
3167 1783 3365 1824 omnes
3401 1769 3592 1822 modu-

1932 1845 1980 1906 Β
2007 1866 2184 1922 lantes
2216 1865 2469 1922 canimus
2507 1881 2524 1919 :
2558 1851 3016 1933 Benedictus-es,
3045 1863 3276 1918 Domine
3317 1859 3486 1928 Deus,
3534 1859 3592 1914 in

2008 1955 2243 2013 saecula.

2077 2045 2290 2103 Novum
2319 2058 2549 2116 puerum
2575 2041 2863 2116 peperisti,
2895 2056 2930 2099 ο
2950 2041 3291 2107 castissima,
3323 2043 3416 2114 qui
3458 2051 3587 2099 ante

2007 2153 2228 2194 omnem
2251 2145 2562 2194 creaturam
2595 2133 2942 2191 ineﬂ‘abiliter
2987 2145 3152 2190 natus
3178 2144 3264 2189 est
3292 2150 3358 2189 ex
3404 2135 3591 2191 Patre.

2005 2229 2192 2302 Ipsum
2215 2243 2348 2300 ergo
2376 2241 2524 2282 nunc
2560 2226 2881 2296 deprecare,
2908 2233 2971 2282 ut
2998 2241 3085 2280 me
3106 2225 3348 2294 peccatis
3377 2227 3588 2283 invete-

2007 2333 2186 2378 ratum
2212 2330 2525 2384 renovet,et
2551 2317 2770 2374 salvum
2796 2317 2986 2383 faciat,
3007 2319 3133 2372 dum
3161 2319 3380 2374 clamo:
3409 2319 3594 2386 Pueri,

2007 2416 2312 2474 benedicite
2333 2432 2348 2482 ;
2369 2413 2704 2478 sacerdotes.
2723 2412 2944 2469 laudate
2967 2431 2984 2482 ;
3002 2412 3259 2484 populus,
3279 2414 3597 2485 superexal-

2004 2514 2124 2564 tate
2152 2507 2436 2564 Christum
2478 2507 2532 2560 in
2567 2504 2793 2562 saecula.

2079 2596 2188 2664 Tu,
2221 2611 2254 2652 ο
2288 2595 2380 2653 Dei
2406 2611 2628 2667 sponsa,
2668 2610 2794 2666 qua:
2838 2592 2988 2650 velut
3049 2593 3265 2664 forceps
3307 2594 3592 2651 caelestem

2006 2691 2307 2749 carbonem
2339 2689 2593 2761 portasti,
2623 2688 2918 2744 fruticosas
2940 2685 3126 2743 cordis
3160 2687 3268 2742 mei
3299 2688 3589 2759 passiones

2004 2783 2299 2851 eombure;
2326 2793 2380 2838 et
2411 2782 2480 2837 ab
2510 2782 2634 2853 igne
2668 2781 2953 2852 gehenna,
2979 2794 3193 2851 quaeso,
3217 2774 3518 2846 libera'me,
3534 2787 3598 2835 ut

2007 2876 2307 2948 gloriﬁeem
2340 2881 2393 2930 te
2425 2888 2580 2945 spem
2629 2871 2899 2940 fidelium,
2935 2884 2970 2928 ο
2996 2869 3148 2925 omni
3189 2869 3352 2926 laude
3375 2869 3594 2942 dignis-

2007 2969 2170 3025 sima.

2005 3061 2092 3116 Ea:
2113 3060 2329 3117 Canens
2353 3059 2409 3114 in
2437 3057 2500 3115 S.
2524 3055 2978 3128 Agathaugelum,
3015 3063 3342 3125 martyrem,
3380 3051 3466 3108 die
3496 3050 3592 3108 25.

2081 3233 2432 3292 lncarnatum
2457 3231 2530 3288 ob
2564 3229 2895 3287 ineli‘abilem
2920 3229 3177 3302 pietatem
3200 3243 3358 3286 suam
3394 3225 3588 3282 Domi-

2011 3345 2138 3385 num
2171 3327 2450 3401 peperisti,
2482 3342 2517 3383 ο
2547 3325 2736 3399 Virgo,
2766 3341 2929 3396 quem
2953 3324 3360 3398 Agathangelus
3387 3339 3596 3380 concu-

2009 3423 2252 3494 piscens,
2276 3438 2307 3477 e
2332 3436 2498 3477 carne
2526 3420 2695 3476 exivit
2716 3427 2837 3488 post
2860 3417 3245 3473 admirandum
3270 3426 3551 3474 certamen
3575 3457 3593 3484 ,

2010 3530 2136 3571 cum
2175 3530 2286 3585 quo
2313 3525 2366 3569 te
2386 3513 2786 3570 collaudamus.

2080 3607 2126 3664 0
2155 3605 2480 3662 admirabile
2519 3603 2838 3676 mysterium
2867 3603 2882 3658 ι
2917 3600 3208 3670 Quomodo
3255 3599 3423 3673 Virgo
3468 3616 3598 3673 spa-

2011 3699 2204 3756 tiosior
2238 3699 2394 3755 caelis
2444 3697 2587 3754 iacta
2640 3706 2745 3764 est,
2810 3696 3134 3765 concipiens
3164 3697 3217 3750 in
3257 3703 3415 3771 utero
3476 3695 3598 3751 sine

2011 3794 2122 3849 ulla
2154 3793 2527 3849 eoarctatione
2549 3790 2652 3862 57
2682 3791 2837 3844 illum
2867 3788 2962 3861 qui
2993 3789 3147 3844 nullo
3188 3789 3427 3844 termino
3454 3801 3592 3843 con-

2010 3887 2156 3945 cludi
2191 3883 2516 3941 autdeﬁniri
2554 3881 2767 3954 potest?

2084 3977 2314 4048 Semper
2341 3986 2392 4031 te
2417 3975 2816 4037 beatiﬁcamus,
2836 3986 2870 4028 ο
2901 3970 2995 4028 Dei
3014 3970 3260 4028 Genitrix
3284 3971 3595 4039 benedicta,

2011 4083 2106 4140 per
2129 4082 2294 4138 quam
2333 4065 2506 4138 gloria
2553 4062 2704 4135 digni
2735 4061 2864 4117 facti
2899 4077 3113 4128 sumus,
3163 4071 3216 4117 et
3251 4061 3576 4118 Para-lisum

2012 4161 2163 4217 illum
2195 4158 2508 4228 antiquum,
2541 4171 2702 4226 quem
2733 4155 3122 4220 amiseramus,
3147 4154 3479 4225 recepimus.

2081 4251 2318 4311 Ostende
2337 4260 2410 4314 te,
2431 4265 2464 4304 o
2490 4247 2660 4318 Virgo
2679 4248 2930 4317 innupta.
2965 4245 3329 4300 liberatricem
3348 4246 3596 4302 omnium

2010 4357 2264 4404 nostrum
2284 4361 2310 4397 ιι
2333 4341 2748 4407 tentationihus,
2773 4339 3101 4410 periculiset
3122 4337 3596 4409 tribulationibus,

2011 4440 2140 4494 dum
2186 4445 2237 4492 te
2267 4451 2392 4491 cum
2427 4433 2623 4488 affectu
2667 4429 3067 4487 collaudamns.

415 4514 718 4586 Ῥᾳθυμίαν
766 4514 934 4569 ὕπνου
965 4513 1341 4588 θανατηφόρου
1379 4517 1710 4587 ἀπάλλαξον,
1742 4518 1903 4589 ἁγνὴ,

2083 4530 2281 4584 Libera
2312 4542 2420 4593 me,
2453 4543 2486 4580 ο
2519 4534 2692 4592 casta,
2717 4523 3048 4579 amortil’ero
3077 4521 3423 4594 negligentiae
3447 4536 3596 4578 som-

334 4607 590 4680 καὶπρὸς
616 4606 831 4672 ἐνθέους
866 4609 1164 4680 γρηγορεϊν
1196 4625 1265 4678 με
1313 4607 1535 4679 ὕμνους,
1590 4612 1686 4665 καὶ
1736 4612 1909 4675 καλὰς

332 4699 596 4775 ἐργασίας
657 4698 964 4772 ὲνίσχυσον,
1007 4701 1304 4770 Δέσποινα,
1345 4701 1436 4755 ῐνα
1482 4702 1633 4776 πόθῳ
1682 4704 1910 4776 ὑμνολοο

332 4794 414 4866 γίὀ
441 4811 524 4847 σε.

415 4883 848 4956 Ἀνερμηνεύτου
875 4883 1034 4954 λόγος
1069 4883 1344 4958 ἐδείχθης,
1394 4889 1660 4961 Παρθένε,
1700 4905 1906 4961 μυστη-

335 4978 472 5050 ρίου.
505 4978 639 5032 Θεὸν
684 4979 793 5049 γὰρ
824 4979 882 5032 ὲν
915 4980 1083 5033 πᾶσιν
1124 4980 1256 5033 ὄντα
1290 4980 1573 5050 ἀχώρητον
1606 4983 1909 5052 ἁστενοχω-

333 5074 512 5144 ρήτως
557 5073 779 5143 χωρεῖς,
805 5099 808 5103 ε
839 5073 936 5125 καὶ
987 5073 1210 5136 τίκτεις,
1254 5074 1348 5127 καὶ
1400 5073 1596 5142 μαξοίς
1647 5072 1905 5144 ἔθρεψας,

334 5165 662 5236 βουληθέντα
694 5167 1033 5237 οἱκτειρῆσαι
1068 5167 1213 5237 ἡμᾶς
1239 5167 1365 5228 τοὺς
1400 5166 1664 5218 Θεοτόκον
1684 5182 1743 5218 σε
1775 5168 1908 5238 ὁμου

331 5253 644 5324 λογοῦντας.

417 5350 666 5420 ’ἰσχυρὰν
701 5353 1066 5426 παράκλησιν,
1098 5354 1191 5407 καὶ
1221 5353 1654 5424 ἀκαταὶσχυντον
1687 5352 1901 5416 ἐλπίδα,

336 5439 514 5507 τεῖχος
541 5439 989 5513 ἀπροσμάχητον,
1040 5445 1130 5498 καὶ
1166 5442 1318 5496 θείαν
1344 5444 1693 5515 προστασίαν
1723 5445 1751 5497 ὁ
1776 5445 1904 5508 λαός

335 5543 429 5580 σου
450 5525 562 5599 ἔχει
587 5545 666 5595 σε,
695 5530 723 5582 δ
750 5548 811 5582 σε
859 5533 1119 5599 δοξάζων,
1163 5534 1434 5602 Παρθένε,
1469 5536 1564 5588 καὶ
1601 5536 1904 5606 σωζόμενος

331 5618 526 5691 κράζει
575 5619 954 5690 ἐμμελέστατα
986 5643 1000 5657 ·
1031 5627 1338 5698 Εὖλογείτε,
1365 5628 1432 5682 τὰ
1477 5627 1615 5700 ἔργα.
1668 5630 1900 5702 Κυρίου,

332 5713 626 5779 ἀπαύστως
648 5714 738 5766 ’δι
763 5714 985 5785 Κύριον.

2012 4638 2116 4686 no;
2149 4630 2204 4676 et
2235 4619 2531 4675 corrobora
2586 4631 2695 4677 me,
2742 4615 2999 4680 Domina,
3042 4613 3108 4668 ad
3147 4612 3484 4683 vigilandum
3532 4612 3589 4667 in

2010 4710 2230 4783 hymnis
2253 4708 2476 4770 divinis,
2510 4721 2575 4761 ac
2597 4703 2755 4761 bonis
2777 4703 3057 4776 operibus,
3086 4710 3145 4757 ut
3166 4716 3291 4758 eum
3319 4700 3518 4756 alieetu
3543 4709 3598 4756 te

2008 4798 2238 4856 laudare
2270 4798 2504 4854 valeam.

2081 4892 2485 4961 lnexplicahilis
2510 4888 2754 4960 mySterii
2781 4885 3010 4943 verbum
3042 4885 3184 4942 facta
3212 4899 3293 4951 es,
3322 4900 3355 4938 ο
3390 4882 3596 4952 Virgo;

2009 4984 2180 5040 Deum
2214 4986 2360 5039 enim
2418 4983 2512 5054 qui
2550 4984 2604 5037 in
2644 4981 2904 5037 omnibus
2935 4987 3018 5036 est
3057 4977 3592 5046 incomprehensibi-

2007 5075 2094 5142 lis,
2123 5076 2241 5131 sine
2267 5075 2643 5130 coarclatione
2666 5069 3153 5142 comprehendisti,
3197 5082 3262 5122 ac
3298 5068 3583 5138 peperisti,

2007 5180 2175 5238 atque
2212 5165 2800 5230 uberibusnuli-ivisti,
2847 5179 2970 5219 cum
3024 5161 3286 5219 voluisset
3333 5161 3582 5218 misereri

2007 5263 2202 5327 nostri,
2227 5261 2398 5331 quite
2428 5259 2728 5328 Deiparam
2752 5257 3100 5311 conﬁtemur.

2079 5355 2315 5425 Populus
2347 5365 2493 5418 tuus,
2529 5349 2764 5422 oVirgo,
2789 5349 2884 5421 qui
2929 5347 3199 5419 gleriﬁcat
3231 5356 3303 5413 te,
3341 5344 3503 5400 habet
3541 5353 3592 5400 te

2005 5447 2239 5502 validam
2269 5444 2700 5507 advocationem,
2729 5451 2783 5497 et
2807 5440 3260 5502 consolationem,
3286 5453 3438 5506 spem
3463 5453 3590 5508 quae

2008 5559 2113 5596 non
2150 5539 2524 5600 t‘onfumlitur,
2556 5552 2774 5591 murum
2813 5535 2904 5605 ιι·ιὶ
2962 5549 3070 5589 non
3101 5540 3274 5601 potest
3300 5546 3587 5600 expugna-

2007 5633 2074 5695 ri,
2102 5644 2155 5687 et
2184 5629 2576 5702 protectionem
2616 5628 2883 5699 divinam,
2913 5638 2967 5682 et
2998 5626 3232 5682 salutem
3266 5629 3581 5686 assecutus,

2005 5724 2204 5778 clantat
2262 5721 2606 5777 suavissimis
2648 5719 2911 5776 vocibus:
2967 5716 3285 5776 Benedicite
3335 5728 3582 5782 semper,

2009 5832 2168 5887 nera
2204 5815 2436 5878 Homini,
2482 5814 2797 5872 Matinum.
