4098 6322
491 363 628 434 1055

1585 367 1647 429 S.
1689 365 2002 429 JOSEPHI
2041 362 2606 428 HYMNOGRAPHI

3601 354 3738 420 1056

559 479 823 535 Mundum
865 476 1168 545 illuminas,
1216 494 1250 536 ο
1299 483 1616 550 purissima,
1672 481 1850 538 lucem
1882 481 2059 537 eli‘un-

2231 480 2492 544 Φωτίζεις
2529 479 2622 532 τὸν
2680 475 2907 548 κόσμον,
2938 472 3269 530 Massiuae
3311 474 3372 527 τδ
3428 471 3567 542 φῶς,
3602 489 3748 524 παν-

482 566 642 631 dens,
675 583 799 638 qum
835 577 961 622 ante
1003 569 1202 624 stecula
1242 584 1308 625 ex
1347 568 1510 625 Patre
1551 585 1716 641 supra
1744 573 1944 627 mentis
1970 586 2063 625 ca-

481 665 658 729 ptum,
692 662 1026 715 coruscarit.
1060 661 1187 715 Ideo
1215 659 1395 717 clamo
1424 660 1492 716 ad
1526 671 1578 719 te
1613 682 1628 718 :
1670 663 1892 733 Expelle
1915 672 2065 718 tene-

2165 571 2388 644 ἀμωμε,
2425 573 2484 624 τὸ
2514 570 2737 639 λάμψειν
2764 570 2872 640 πρὸ
2899 567 3114 623 αἰώνων
3140 569 3206 623 ἐκ
3234 566 3325 621 τοῦ
3358 565 3568 636 ηατρὺς
3599 564 3742 634 ὑπὲρ

2167 663 2314 717 νοῦν.
2345 665 2443 716 Διά
2472 662 2631 715 τοῦτό
2661 679 2743 715 σοι
2767 660 2900 732 βοῶ·
2923 661 2998 714 Τὸ
3029 659 3222 724 σκότος
3250 657 3546 722 ἀπέλαυον,
3577 657 3742 725 ἁγνὴ.

482 754 610 804 bras
649 751 1089 808 turbulentarum
1153 753 1547 819 cogitationum
1583 769 1614 810 e
1644 755 1810 812 corde
1839 767 1982 820 meo,
2011 764 2068 810 ut

2172 754 2237 808 bc
2263 756 2362 822 τῆς
2391 755 2532 824 ἐμῆς
2576 754 2802 828 καρδίας
2832 754 2942 809 τῶν
2978 751 3230 810 ἀτάκτων
3254 748 3558 821 λογισμῶν,
3594 749 3746 814 ὅπως

483 850 558 910 te,
588 857 623 899 ο
650 852 824 910 casta,
861 842 1018 899 lauda
1032 857 1089 899 re
1119 845 1354 914 possim.

2173 848 2400 918 ἀνυμνῶ
2432 865 2518 908 σε.

1071 957 1232 1028 (50")
1258 957 1343 1016 Ea:
1409 959 1623 1017 Canone
1653 962 1709 1017 in
1735 958 1839 1018 SS.
1886 961 2195 1028 Claudium,
2239 965 2508 1021 Asterium
2534 975 2583 1021 et
2623 964 2884 1030 Neonem,
2940 966 3025 1020 die
3044 964 3136 1020 26.

549 1070 817 1129 lnetl'abili
844 1089 1070 1146 prorsus
1101 1076 1263 1131 modo
1297 1075 1536 1132 Verbum
1561 1078 1886 1135 continuisti
1916 1081 2073 1135 simi-
2175 1094 2304 1140 eant
2340 1093 2413 1147 te,
2447 1091 2510 1138 ut
2566 1083 2796 1154 gloriam
2828 1092 2882 1137 et
2924 1083 3101 1137 lucem
3141 1088 3555 1150 consumantur
3580 1089 3744 1135 aeter-

481 1166 534 1223 le
564 1168 726 1223 nobis
749 1167 951 1224 factum
977 1180 1202 1240 propter
1225 1184 1498 1223 summam
1525 1170 1820 1225 bonitatem
1845 1187 1860 1236 ;
1904 1180 2071 1241 atque

484 1258 618 1314 illud
655 1257 798 1314 idem
830 1258 884 1313 in
921 1259 1139 1317 duabus
1167 1261 1567 1326 voluntatibus,
1600 1269 1768 1331 atque
1805 1277 1912 1317 una
1948 1278 2069 1333 perc

485 1365 620 1407 sona
655 1366 782 1406 vere
811 1352 1072 1421 peperisti
1099 1370 1112 1408 :
1140 1363 1434 1422 propterea
1465 1364 1517 1408 te
1563 1352 1657 1410 Dei
1700 1352 1928 1409 Matrem
1961 1355 2063 1410 im-

484 1442 817 1500 maculatam
857 1453 1025 1514 atque
1070 1443 1413 1511 inviolatam,
1444 1461 1478 1502 o
1504 1445 1691 1518 Virgo,
1736 1448 2064 1519 pronuntia-

555 1627 667 1700 58
705 1627 976 1700 llymnum
1020 1628 1076 1684 in
1118 1631 1420 1700 gratiarum
1466 1630 1737 1686 actionem
1770 1632 1869 1686 tibi
1905 1631 2064 1689 oll'ert

485 1734 659 1791 genus
701 1720 1025 1785 humanum,
1060 1722 1208 1792 quod
1255 1738 1353 1794 per
1379 1731 1431 1780 te
1472 1723 1937 1781 immortalitatem
1968 1741 2059 1783 ac-

485 1813 629 1883 cepit
649 1812 703 1867 in
737 1822 965 1869 sortem.

2170 1191 2322 1239 nam,
2363 1191 2396 1229 ο
2444 1176 2606 1248 Virgo
2647 1175 3184 1241 immaculatissima,
3218 1189 3341 1245 quas
3369 1187 3430 1229 es
3472 1173 3746 1230 auxilium

2165 1266 2432 1322 ﬁdelium.

2237 1358 2499 1415 Stabilem
2525 1374 2612 1415 me
2654 1358 2761 1426 fac,
2795 1376 2829 1415 o
2878 1358 3068 1430 Virgo,
3103 1356 3605 1415 intercessionibus
3632 1356 3746 1412 tuis

2167 1449 2222 1504 in
2264 1461 2417 1519 petra
2479 1449 2589 1522 59
2640 1452 2927 1518 veritatis;
2966 1461 3019 1506 et
3077 1466 3108 1506 a
3170 1450 3482 1506 seductoris
3531 1448 3747 1504 insidiis

2169 1542 2507 1612 supplantari
2539 1559 2821 1613 nunquam
2848 1545 2998 1601 sinas
3031 1557 3140 1613 me,
3177 1557 3213 1600 o
3245 1542 3358 1600 Deo
3385 1539 3741 1608 charissima,

2169 1645 2230 1689 ut
2261 1645 2311 1690 te
2333 1652 2459 1691 cum
2486 1636 2592 1690 [ide
2616 1638 2830 1690 beatam
2861 1635 3151 1707 appellem.

2239 1723 2524 1796 Tanquam
2578 1725 2981 1796 propitiatorio,
3014 1733 3274 1796 tanquam
3331 1722 3563 1780 ferventi
3596 1723 3732 1795 apud

2169 1816 2340 1873 Deum
2401 1819 2709 1888 patrocinio
2767 1818 3083 1887 locupletati
3136 1832 3335 1873 sumus
3376 1827 3429 1873 te
3468 1832 3572 1872 nos
3602 1817 3741 1872 servi

561 1903 790 1960 Domina
822 1921 852 1960 a
880 1905 1116 1961 maritali
1169 1915 1292 1963 toro
1338 1908 1621 1973 immunis,
1655 1924 1777 1980 quas
1822 1907 2059 1966 Verbum
2089 1925 2137 1985 Β
2169 1912 2272 1976 tui,
2303 1926 2336 1967 ο
2363 1910 2621 1966 inviolata
2649 1911 2719 1968 ab
2748 1912 2899 1966 omni
2932 1911 3056 1966 labe
3090 1907 3354 1966 immunis
3389 1925 3407 1964 :
3440 1909 3612 1966 libera
3644 1925 3747 1966 nos

485 1992 832 2053 incarnatum
862 1998 1146 2069 peperisti,
1201 1999 1449 2054 illumina
1491 2001 1736 2056 animam
1781 2018 1980 2070 meam,
2011 2013 2067 2059 et

485 2104 519 2150 ι
556 2091 804 2161 gehenna
829 2107 894 2148 ac
915 2093 1186 2162 supplicio
1214 2093 1383 2149 libera
1407 2111 1514 2150 me.

554 2181 634 2237 Ne
652 2197 837 2240 cesses
863 2184 1073 2256 eripere
1097 2201 1183 2241 me
1205 2201 1233 2240 a
1261 2188 1601 2256 captivitate,
1629 2196 1681 2243 et
1708 2203 1740 2242 a
1773 2188 2062 2246 mortifera

485 2280 833 2344 tempestate,
862 2289 984 2346 quae
1014 2277 1215 2350 premit
1255 2293 1342 2334 me
1397 2280 1660 2349 undique,
1705 2290 1761 2336 et
1786 2296 1817 2336 a
1858 2283 2066 2353 gravis-

485 2363 645 2420 simis
672 2365 1046 2436 passionibus,
1086 2383 1212 2440 quae
1256 2384 1343 2425 me
1375 2370 1442 2425 ad
1491 2380 1720 2426 mortem
1748 2372 1994 2443 adigunt,
2030 2389 2066 2431 ο

485 2457 669 2528 puella
740 2460 1127 2528 sanctissima,
1203 2473 1552 2532 peccatorum
1601 2466 1943 2535 praesidium,
2000 2480 2067 2524 ac

485 2561 800 2620 promptum
833 2552 1115 2608 hominum
1148 2555 1439 2610 auxilium.

561 2639 788 2698 Uterum
810 2655 961 2700 tuum
987 2647 1248 2704 Dominus
1284 2648 1584 2720 ingressus,
1612 2659 1874 2721 tanquam
1898 2667 2067 2723 spon-

486 2749 587 2790 sus
619 2737 1021 2804 pulcherrimus
1059 2741 1129 2796 ab
1165 2741 1359 2796 eodem
1413 2743 1910 2811 supernaturaliter
1941 2758 2064 2814 pro-

487 2829 676 2892 cessit,
708 2837 873 2898 atque
909 2831 1163 2888 homines
1212 2831 1623 2888 immortalitate
1667 2833 1966 2901 decoravit,
1998 2849 2064 2888 ac

487 2921 722 2978 salvavit
748 2937 865 2990 eos,
898 2923 992 2995 qui
1031 2933 1087 2981 te
1107 2939 1290 2980 veram
1325 2924 1611 2997 Deiparam
1642 2936 1852 2982 castam
1892 2939 2063 2995 agno-

487 3024 670 3070 scunt.

560 3104 672 3161 Lux
704 3122 772 3164 ex
815 3117 971 3166 utero
997 3118 1090 3165 tuo
1129 3119 1349 3175 exorta,
1391 3118 1663 3167 terrarum
1709 3109 1899 3167 orbem
1935 3109 2062 3164 illu-

489 3199 742 3267 minavit,
789 3217 823 3258 ο
856 3201 1051 3275 Virgo,
1102 3220 1167 3260 ac
1205 3205 1515 3261 diemonum
1571 3205 1828 3262 nebulam
1851 3245 1869 3271 ,
1900 3214 2065 3276 atque

2168 2005 2237 2061 ab
2272 2005 2492 2061 aeternis
2522 2006 2836 2070 tormentis,
2864 2004 2998 2059 dum
3032 2013 3156 2060 tuas
3187 2002 3380 2060 laudes
3407 2011 3722 2058 cantamus.

2235 2093 2559 2151 lncarnatus
2609 2103 2694 2152 est
2747 2096 2885 2150 citra
2933 2095 3297 2150 mutationem
3354 2093 3620 2148 Dominus
3679 2108 3747 2146 ea

2166 2188 2337 2243 castis
2371 2187 2734 2259 sanguinibus
2787 2187 2919 2252 tuis,
2959 2201 2996 2242 o
3031 2183 3194 2255 Virgo
3224 2194 3334 2241 tota
3365 2200 3526 2257 pura,
3579 2195 3749 2255 atque

2167 2294 2361 2335 omnes
2384 2296 2485 2337 nos
2514 2295 2766 2336 errorum
2795 2281 3007 2351 laqueis
3034 2279 3354 2352 implicitos,
3386 2278 3457 2333 ad
3497 2277 3746 2332 divinam

2169 2372 2334 2428 vitam
2359 2387 2579 2439 revoca,
2601 2373 2733 2429 dum
2767 2373 3078 2441 laudamus,
3101 2389 3136 2432 ο
3159 2370 3310 2428 omni
3346 2370 3510 2428 laude
3535 2371 3751 2443 dignis-

2168 2466 2334 2522 sima.

2243 2557 2450 2615 Divina:
2487 2559 2932 2630 compunctionis
2989 2559 3197 2615 imbres
3227 2559 3375 2616 stilla
3427 2573 3594 2629 super
3632 2572 3744 2625 me,

2167 2652 2474 2708 castissima
2508 2652 2758 2719 Domina,
2794 2661 2854 2705 nt
2899 2655 3138 2723 lugeam,
3193 2662 3364 2722 atque
3402 2653 3624 2707 abluam
3660 2666 3747 2706 me

2167 2750 2342 2797 totum
2388 2757 2418 2796 a
2453 2742 2713 2797 sordibus
2753 2741 3149 2799 immensarum
3201 2749 3552 2812 peccatorum
3589 2756 3746 2798 meo-

2165 2849 2226 2888 τυ
2236 2849 2314 2888 ιιι.

2234 2923 2449 2977 Peccati
2481 2921 2661 2991 gladio
2718 2921 3003 2976 sauciatus
3056 2934 3122 2974 ac
3179 2919 3449 2989 dejectus,
3489 2927 3742 2974 mortuus

2164 3029 2312 3070 sum.
2352 3013 2434 3068 Tu
2469 3027 2591 3083 quae
2648 3011 2911 3084 peperisti
2961 3010 3264 3072 Christum,
3304 3009 3401 3081 qui
3426 3017 3601 3064 morte
3635 3024 3736 3063 sua

2166 3105 2392 3161 sustulit
2423 3115 2679 3168 mortem,
2727 3104 2944 3159 vivilico
2993 3101 3296 3174 patrocinio
3343 3112 3463 3163 tuo,
3495 3101 3615 3179 vita
3654 3114 3743 3155 re-

2168 3199 2340 3253 stitue
2365 3212 2474 3264 me,
2502 3205 2560 3252 et
2592 3195 2782 3250 saluti.

490 3293 814 3362 ignorantiae
865 3297 1120 3355 tenebras
1151 3299 1517 3371 undequaque
1548 3299 1770 3370 penitus
1805 3298 2066 3354 elimina-

2241 3287 2644 3344 Sacratissima:
2673 3286 3066 3358 prophetarum
3097 3285 3298 3356 linguae
3316 3283 3752 3354 praenuntiantes

491 3385 591 3445 vit,
622 3384 780 3443 Jesus
810 3386 950 3444 lucis
972 3390 1151 3446 dator.

562 3474 815 3533 Animam
859 3494 1036 3535 meam
1088 3482 1407 3549 passionum
1472 3482 1666 3537 morbo
1723 3489 2064 3554 peremptam

492 3566 618 3621 vita:
665 3569 914 3635 restitue,
959 3584 994 3625 o
1040 3571 1347 3640 benedicta,
1403 3589 1528 3646 qua:
1576 3575 1743 3631 vitam
1803 3575 2064 3646 peperisti

491 3657 736 3712 omnium
769 3659 1078 3729 Dominum,
1116 3665 1204 3718 cui
1228 3654 1572 3720 modulantes
1590 3665 1869 3718 canimus.

567 3746 612 3802 Ο
641 3749 823 3804 divina
857 3753 1029 3823 gratia
1086 3753 1424 3824 plenissima,
1481 3771 1604 3826 qua
1633 3755 1785 3809 velut
1829 3756 2066 3824 forceps,

495 3841 772 3897 caelestem
818 3846 1108 3901 carbonem
1149 3849 1294 3903 ulnis
1317 3848 1430 3904 tuis
1471 3849 1667 3914 tulisti,
1707 3849 1907 3902 animae
1938 3864 2072 3901 mea:

497 3948 694 4004 pravas
726 3936 1038 3994 ali‘ectiones
1069 3956 1258 4006 exure,
1285 3951 1341 3996 et
1366 3942 1435 3995 ab
1462 3941 1585 4012 igne
1609 3939 1894 3994 tremendo
1923 3941 2076 4007 eripe

496 4037 551 4082 et
576 4029 722 4083 salva
763 4046 866 4095 me,
897 4041 956 4087 ut
996 4042 1045 4087 te
1090 4033 1397 4104 gloriﬁcare
1453 4033 1684 4102 possim,
1742 4048 1775 4086 ο
1829 4031 2072 4086 ﬁdelium

498 4123 668 4177 tutela
697 4139 762 4180 ac
801 4129 1087 4194 protectio,
1116 4126 1236 4198 quae
1270 4144 1379 4182 non
1412 4126 1770 4182 confunditur
1818 4141 1922 4179 nec
1948 4139 2077 4178 cru-

500 4212 697 4273 bescit.

503 4305 588 4361 Ea:
615 4308 825 4364 Conone
872 4312 928 4365 in
961 4311 1018 4366 S.
1067 4310 1328 4365 Joannem
1368 4311 1819 4381 Chrysostomum,
1863 4307 1950 4361 die
1977 4305 2069 4360 27.

570 4397 615 4456 Ο
645 4401 923 4458 benedicta
957 4413 1011 4457 et
1043 4403 1301 4472 gloriosa,
1330 4405 1568 4459 concede
1599 4404 1667 4458 iis
1727 4403 1822 4473 qui
1862 4399 2070 4472 gloriﬁ-

835 4517 946 4590 α)
969 4516 1221 4571 mensus
1271 4514 1741 4572 Festinamus.

507 4649 588 4705 Ea:
608 4649 893 4706 Canonciu
932 4649 991 4706 S.
1036 4647 1330 4704 Simeonem
1371 4648 1761 4715 Theodochum,
1794 4664 1887 4703 seu
1943 4645 2073 4701 Dei-

1091 4720 1283 4790 ferum,
1315 4722 1400 4776 die
1428 4723 1482 4776 5.

575 4838 669 4892 ille
695 4836 789 4908 qui
837 4836 1030 4907 plenus
1082 4847 1202 4891 erat
1240 4847 1579 4905 evacuatur;
1637 4835 1727 4907 qui
1785 4841 1906 4892 erat
1953 4844 2078 4888 ante

503 4932 725 4999 sazcula,
786 4931 976 5002 incipit
1029 4946 1184 4997 esse;
1221 4932 1460 4987 Verbum
1502 4931 1560 4985 ﬁt
1597 4930 1900 4999 palpabile;
1957 4928 2072 4997 pla-

505 5037 715 5083 amator
741 5025 1077 5095 plasmatur;
1115 5022 1688 5093 incomprehensibilis
1714 5020 2076 5089 comprehcn-

505 5121 654 5176 ditur
681 5121 734 5173 in
767 5129 922 5173 ntcro
948 5128 1042 5172 tuo
1081 5127 1430 5186 corporatns,
1468 5116 1576 5169 Deo
1601 5131 1633 5168 o
1659 5113 2018 5168 charissima.

581 5211 682 5271 Ubi
713 5208 927 5264 Simeoi-
976 5209 1108 5262 vidit
1156 5217 1206 5262 te
1257 5207 1602 5276 spiritualem
1643 5203 1934 5272 forcipem,
2001 5199 2081 5253 l‘e-

508 5314 716 5358 rentem
772 5302 1015 5355 divinum
1062 5301 1213 5354 illum
1254 5300 1575 5360 carbonem,
1605 5297 1699 5364 qui
1750 5311 1814 5349 ex
1851 5293 2076 5361 sangui-

511 5391 673 5451 nibus
705 5392 811 5445 tuis
844 5406 1046 5459 corpus
1079 5390 1287 5458 accepit
1312 5387 1685 5452 iiieﬂaliiliter,
1720 5399 1843 5439 cum
1879 5383 2080 5451 gaudio

512 5493 565 5544 te
596 5484 940 5545 bealilicasit,
966 5503 998 5536 (ι
1039 5485 1354 5554 purissima.

583 5577 686 5644 Qui
726 5592 886 5632 manu
923 5574 1026 5630 [πει-ι
1053 5575 1329 5638 universa,
1365 5574 1416 5626 in
1444 5587 1609 5628 manu
1639 5578 1913 5640 perpetuis
1961 5566 2082 5622 Vir-

2112 4533 2163 4592 ο

2175 3388 2513 3436 vocaverunt
2546 3386 2598 3434 te
2627 3388 2864 3433 mentem
2900 3377 3178 3446 pinguem,
3205 3390 3239 3429 ο
3275 3373 3454 3443 puella
3481 3375 3752 3429 immacu-

2173 3469 2445 3527 latissima
2507 3479 2561 3526 et
2604 3469 2954 3536 castissima;
2983 3477 3198 3538 portam
3233 3465 3583 3520 ineti'abiliter
3621 3464 3754 3520 cﬂ‘e-

2174 3573 2386 3620 rentem
2431 3563 2604 3618 solem
2661 3561 2911 3633 jnstitiaa,
2963 3560 3058 3630 qui
3111 3559 3278 3614 corda
3330 3566 3520 3614 nostra
3549 3559 3754 3615 divinis

2175 3656 2565 3726 splendoribus
2617 3655 2914 3720 illuminat,
2969 3651 3103 3708 dum
3164 3650 3516 3713 clamamus;
3564 3649 3753 3706 Domi-

2177 3763 2331 3812 tium,
2360 3757 2471 3801 etc.

2250 3838 2295 3892 Α
2359 3836 2873 3892 formidolosissima
2944 3832 3272 3888 necessitate
3337 3832 3505 3887 libera
3569 3847 3754 3905 me,_o

2177 3931 2343 4003 Virgo
2369 3940 2541 3995 casta,
2577 3942 2703 3981 cum
2743 3935 2958 3996 tempus
2982 3925 3180 3988 aderit,
3208 3940 3320 3994 quo
3343 3925 3514 3982 Filius
3549 3942 3614 3981 ac
3648 3925 3750 3979 Do-

2173 4027 2356 4079 minus
2386 4033 2514 4077 tuus
2549 4021 2748 4083 veniet,
2789 4033 2918 4071 vero
2963 4017 3175 4086 judicio
3208 4029 3408 4073 cuncta
3448 4020 3738 4074 discussu-

2173 4133 2292 4179 rus,
2320 4123 2483 4184 atque
2503 4113 2799 4181 unicuique
2823 4126 2920 4181 pro
2945 4112 3139 4165 merito
3181 4112 3402 4178 prazmia
3451 4113 3531 4166 vel
3565 4125 3757 4180 prunas

2181 4221 2537 4277 repensurus,
2574 4203 2884 4257 astantibus
2935 4217 3060 4257 cum
3093 4212 3331 4257 tremore
3355 4202 3629 4259 universis
3660 4218 3756 4257 su~

2181 4299 2335 4372 perni
2364 4299 2641 4354 exercitus
2669 4295 2984 4352 ordinibus.

2612 4497 2769 4554 MHN
2839 4496 3332 4554 ΦΕΒΡΟΥΔΡΙΟΣ.

2183 4636 2284 4691 Ἐκ
2308 4632 2412 4688 τοῦ
2437 4630 2707 4695 Κανόνος
2743 4630 2830 4694 εις
2864 4631 2970 4684 τὸν
3006 4630 3180 4698 ἅγιον
3212 4627 3458 4699 Συμεὼν
3478 4629 3588 4684 τὸν
3615 4631 3745 4685 Osco

2708 4700 2916 4770 ὃόχον.
2964 4703 3172 4770 Ἡμέρᾳ
3199 4699 3269 4771 γ’.

2259 4819 2318 4872 '0
2351 4817 2565 4890 πλήρης
2612 4817 2932 4878 κεκένωται,
2982 4815 3010 4867 ὁ
3055 4813 3385 4884 προαιώνιος
3433 4814 3684 4885 ἄρχεται,
3726 4810 3756 4864 ὸ

2178 4916 2349 4983 Λόγος
2381 4910 2705 4980 παχύνεται,
2733 4909 2761 4960 ὁ
2789 4909 3034 4977 πλάστης
3065 4907 3382 4968 πλάττεται,
3415 4909 3443 4960 ὁ
3471 4905 3757 4976 ὰχὼρητος

2182 5009 2442 5079 χωρεῖται
2477 5005 2538 5056 ὲν
2578 5002 2756 5072 κοιλίᾳ
2796 5003 2863 5072 τῇ
2907 5003 2973 5072 σῇ
3011 4999 3456 5071 σωματούμενος,
3487 4996 3758 5068 Θεοχαρίο

2185 5117 2346 5155 τωτε.

2257 5194 2478 5264 Νοητὴν
2519 5193 2715 5248 λοιϐίδα.
2752 5207 2812 5243 σε
2849 5188 3097 5260 ἄνθρακα
3133 5189 3404 5258 φέρουσαν
3449 5184 3613 5249 θεῖον,
3665 5182 3766 5237 τὸν

2189 5285 2255 5339 ὲκ
2281 5287 2391 5337 τῶν
2444 5288 2552 5337 σῶν
2593 5283 2840 5354 αἱμάτων
2877 5280 3282 5351 σωμκτωθέντα.
3340 5279 3482 5348 ὑπὲρ
3543 5276 3695 5341 νοῦν,
3730 5276 3766 5329 6

2185 5380 2410 5452 Συμεὼν
2441 5383 2515 5444 ὠς
2545 5379 2756 5447 ἔϐλεψε,
2785 5377 3116 5445 πκνὰμωμε,
3152 5373 3361 5444 χαίρων
3390 5372 3759 5441 ἐμακάριζεν.

2265 5566 2322 5618 '0
2347 5564 2491 5636 χειρὶ
2520 5561 2590 5615 τὰ
2618 5560 2796 5614 πάντα
2839 5557 3019 5628 φέρων
3057 5559 3114 5611 ὲν
3146 5557 3303 5627 χερσὶ
3349 5554 3763 5627 βαπτιζόμενος

515 5670 658 5746 ginis
699 5680 963 5741 gestatus,
1017 5669 1147 5723 fecit
1201 5669 1446 5723 eamdem
1497 5667 1631 5735 ipsis
1680 5662 1966 5720 cherubim
2020 5677 2068 5717 at

2183 5659 2281 5728 τῆς
2321 5654 2734 5724 ’Δειπαρθένου,
2789 5649 2994 5721 ταύτην
3023 5648 3292 5721 χερουσὶμ
3348 5647 3752 5720 ἀπειργάσατο,

591 5845 745 5916 (50³⁸)
780 5843 953 5915 Hujus
975 5843 1214 5900 (lunonis
1243 5859 1303 5898 ac
1330 5841 1608 5912 sequentis
1639 5841 1858 5895 Gratus
1893 5847 2072 5894 textus
2102 5833 2447 5891 desideratur
2479 5830 2533 5884 in
2561 5825 2778 5883 Menaeis
2804 5823 3100 5895 impressis.
