  <div class='ocr_page' id='page_1' title='image "/cluster/home/n/w/nwhite01/storage/ocr_20150623/105/mdp.39015008714183/536.png"; bbox 0 0 4078 6294; ppageno 0'>
   <div class='ocr_carea' id='block_1_1' title="bbox 317 402 453 468">
    <p class='ocr_par' dir='ltr' id='par_1_1' title="bbox 317 402 453 468">
     <span class='ocr_line' id='line_1_1' title="bbox 317 402 453 468; baseline -0.007 -1"><span class='ocrx_word' id='word_1_1' title='bbox 317 402 453 468; x_wconf 73' lang='grc'><strong>1037</strong></span> 
     </span>
    </p>
   </div>
   <div class='ocr_carea' id='block_1_2' title="bbox 1717 393 2084 455">
    <p class='ocr_par' dir='ltr' id='par_1_2' title="bbox 1717 393 2084 455">
     <span class='ocr_line' id='line_1_2' title="bbox 1717 393 2084 455; baseline -0.003 -1"><span class='ocrx_word' id='word_1_2' title='bbox 1717 393 2084 455; x_wconf 82' lang='lat' dir='ltr'><strong>MARIALE.</strong></span> 
     </span>
    </p>
   </div>
   <div class='ocr_carea' id='block_1_3' title="bbox 3425 386 3564 453">
    <p class='ocr_par' dir='ltr' id='par_1_3' title="bbox 3425 386 3564 453">
     <span class='ocr_line' id='line_1_3' title="bbox 3425 386 3564 453; baseline -0.029 -1"><span class='ocrx_word' id='word_1_3' title='bbox 3425 386 3564 453; x_wconf 84' lang='lat'><strong>1058</strong></span> 
     </span>
    </p>
   </div>
   <div class='ocr_carea' id='block_1_4' title="bbox 317 505 1907 589">
    <p class='ocr_par' dir='ltr' id='par_1_4' title="bbox 317 508 1892 589">
     <span class='ocr_line' id='line_1_4' title="bbox 317 508 1892 589; baseline -0.011 -12"><span class='ocrx_word' id='word_1_4' title='bbox 317 521 412 577; x_wconf 76' lang='grc' dir='ltr'><strong>καὶ</strong></span> <span class='ocrx_word' id='word_1_5' title='bbox 450 515 694 589; x_wconf 74' lang='grc' dir='ltr'><strong>σεραφὶμ</strong></span> <span class='ocrx_word' id='word_1_6' title='bbox 735 513 1015 583; x_wconf 80' lang='grc' dir='ltr'><strong>ἀνωτέραν</strong></span> <span class='ocrx_word' id='word_1_7' title='bbox 1042 511 1119 576; x_wconf 84' lang='grc' dir='ltr'>ὡς</span> <span class='ocrx_word' id='word_1_8' title='bbox 1166 512 1494 583; x_wconf 83' lang='grc' dir='ltr'><strong>γεννήτριαν</strong></span> <span class='ocrx_word' id='word_1_9' title='bbox 1537 508 1605 581; x_wconf 84' lang='grc' dir='ltr'><strong>ἢν</strong></span> <span class='ocrx_word' id='word_1_10' title='bbox 1637 509 1892 581; x_wconf 77' lang='grc' dir='ltr'><strong>ὑμνήσω-</strong></span> 
     </span>
    </p>
   </div>
   <div class='ocr_carea' id='block_1_5' title="bbox 2006 505 3563 589">
    <p class='ocr_par' dir='ltr' id='par_1_5' title="bbox 2006 505 3563 579">
     <span class='ocr_line' id='line_1_5' title="bbox 2006 505 3563 579; baseline -0.005 -15"><span class='ocrx_word' id='word_1_11' title='bbox 2006 508 2277 579; x_wconf 81' lang='lat' dir='ltr'><strong>seraphim</strong></span> <span class='ocrx_word' id='word_1_12' title='bbox 2312 509 2719 571; x_wconf 83' lang='lat' dir='ltr'><strong>sublimiorem,</strong></span> <span class='ocrx_word' id='word_1_13' title='bbox 2744 518 3001 577; x_wconf 84' lang='lat' dir='ltr'><strong>tanquam</strong></span> <span class='ocrx_word' id='word_1_14' title='bbox 3028 505 3350 578; x_wconf 76' lang='lat' dir='ltr'><strong>genitricem</strong></span> <span class='ocrx_word' id='word_1_15' title='bbox 3383 518 3563 568; x_wconf 86' lang='lat' dir='ltr'><strong>suam,</strong></span> 
     </span>
    </p>
   </div>
   <div class='ocr_carea' id='block_1_6' title="bbox 321 607 1294 685">
    <p class='ocr_par' dir='ltr' id='par_1_6' title="bbox 321 607 1294 685">
     <span class='ocr_line' id='line_1_6' title="bbox 321 607 1294 685; baseline -0.006 -19"><span class='ocrx_word' id='word_1_16' title='bbox 321 631 441 685; x_wconf 87' lang='grc' dir='ltr'><strong>μεν,</strong></span> <span class='ocrx_word' id='word_1_17' title='bbox 477 611 572 665; x_wconf 80' lang='grc' dir='ltr'><strong>καὶ</strong></span> <span class='ocrx_word' id='word_1_18' title='bbox 601 607 846 671; x_wconf 76' lang='grc' dir='ltr'><strong>εὐσεϐῶς</strong></span> <span class='ocrx_word' id='word_1_19' title='bbox 880 608 1294 679; x_wconf 80' lang='grc' dir='ltr'><strong>μακαρίσωμεν.</strong></span> 
     </span>
    </p>
   </div>
   <div class='ocr_carea' id='block_1_7' title="bbox 387 691 1888 770">
    <p class='ocr_par' dir='ltr' id='par_1_7' title="bbox 387 691 1888 770">
     <span class='ocr_line' id='line_1_7' title="bbox 387 691 1888 770; baseline -0.029 13"><span class='ocrx_word' id='word_1_20' title='bbox 387 703 478 770; x_wconf 70' lang='grc' dir='ltr'><strong>Μὴ</strong></span> <span class='ocrx_word' id='word_1_21' title='bbox 502 698 706 768; x_wconf 72' lang='grc' dir='ltr'>φλέξας</span> <span class='ocrx_word' id='word_1_22' title='bbox 740 697 842 768; x_wconf 66' lang='grc' dir='ltr'><strong>τὴν</strong></span> <span class='ocrx_word' id='word_1_23' title='bbox 876 697 1093 767; x_wconf 76' lang='grc' dir='ltr'><strong>μήτραν</strong></span> <span class='ocrx_word' id='word_1_24' title='bbox 1126 713 1221 748; x_wconf 83' lang='grc' dir='ltr'><strong>σου</strong></span> <span class='ocrx_word' id='word_1_25' title='bbox 1253 696 1283 750; x_wconf 82' lang='grc' dir='ltr'><strong>ὁ</strong></span> <span class='ocrx_word' id='word_1_26' title='bbox 1312 692 1473 765; x_wconf 79' lang='grc' dir='ltr'><strong>φύσει</strong></span> <span class='ocrx_word' id='word_1_27' title='bbox 1507 691 1888 756; x_wconf 73' lang='grc' dir='ltr'><strong>ἀναλλοίωτος,</strong></span> 
     </span>
    </p>
   </div>
   <div class='ocr_carea' id='block_1_8' title="bbox 321 784 1892 861">
    <p class='ocr_par' dir='ltr' id='par_1_8' title="bbox 321 784 1892 861">
     <span class='ocr_line' id='line_1_8' title="bbox 321 784 1892 861; baseline -0.007 -14"><span class='ocrx_word' id='word_1_28' title='bbox 321 793 612 861; x_wconf 70' lang='grc' dir='ltr'><strong>ἄνθρωπος</strong></span> <span class='ocrx_word' id='word_1_29' title='bbox 650 789 810 859; x_wconf 76' lang='grc' dir='ltr'><strong>ὤφθη</strong></span> <span class='ocrx_word' id='word_1_30' title='bbox 851 791 918 841; x_wconf 71' lang='grc' dir='ltr'><strong>ἐκ</strong></span> <span class='ocrx_word' id='word_1_31' title='bbox 965 787 1058 841; x_wconf 80' lang='grc' dir='ltr'><strong>σοῦ</strong></span> <span class='ocrx_word' id='word_1_32' title='bbox 1088 787 1426 856; x_wconf 82' lang='grc' dir='ltr'><strong>τικτόμενος,</strong></span> <span class='ocrx_word' id='word_1_33' title='bbox 1473 785 1566 838; x_wconf 79' lang='grc' dir='ltr'><strong>καὶ</strong></span> <span class='ocrx_word' id='word_1_34' title='bbox 1613 784 1738 848; x_wconf 74' lang='grc' dir='ltr'><strong>τοὺς</strong></span> <span class='ocrx_word' id='word_1_35' title='bbox 1785 785 1892 836; x_wconf 80' lang='grc' dir='ltr'><strong>ἁπ-</strong></span> 
     </span>
    </p>
   </div>
   <div class='ocr_carea' id='block_1_9' title="bbox 315 874 1890 953">
    <p class='ocr_par' dir='ltr' id='par_1_9' title="bbox 315 874 1890 953">
     <span class='ocr_line' id='line_1_9' title="bbox 315 874 1890 953; baseline -0.008 -15"><span class='ocrx_word' id='word_1_36' title='bbox 315 883 595 946; x_wconf 76' lang='grc' dir='ltr'><strong>ωσθέντας</strong></span> <span class='ocrx_word' id='word_1_37' title='bbox 631 883 700 952; x_wconf 82' lang='grc' dir='ltr'><strong>τῇ</strong></span> <span class='ocrx_word' id='word_1_38' title='bbox 755 880 933 953; x_wconf 81' lang='grc' dir='ltr'>φθορᾷ</span> <span class='ocrx_word' id='word_1_39' title='bbox 985 879 1192 943; x_wconf 79' lang='grc' dir='ltr'><strong>πάντας</strong></span> <span class='ocrx_word' id='word_1_40' title='bbox 1224 876 1556 940; x_wconf 82' lang='grc' dir='ltr'><strong>ἀνεσώσατο,</strong></span> <span class='ocrx_word' id='word_1_41' title='bbox 1608 874 1890 945; x_wconf 75' lang='grc' dir='ltr'><strong>Θεομῆτορ</strong></span> 
     </span>
    </p>
   </div>
   <div class='ocr_carea' id='block_1_10' title="bbox 319 973 656 1044">
    <p class='ocr_par' dir='ltr' id='par_1_10' title="bbox 319 973 656 1044">
     <span class='ocr_line' id='line_1_10' title="bbox 319 973 656 1044; baseline -0.003 -17"><span class='ocrx_word' id='word_1_42' title='bbox 319 973 656 1044; x_wconf 77' lang='grc' dir='ltr'><strong>πανόιμωμε.</strong></span> 
     </span>
    </p>
   </div>
   <div class='ocr_carea' id='block_1_11' title="bbox 391 1057 1891 1137">
    <p class='ocr_par' dir='ltr' id='par_1_11' title="bbox 391 1057 1891 1137">
     <span class='ocr_line' id='line_1_11' title="bbox 391 1057 1891 1137; baseline -0.007 -19"><span class='ocrx_word' id='word_1_43' title='bbox 391 1062 669 1137; x_wconf 78' lang='grc' dir='ltr'><strong>Θηρεῦσαῐ</strong></span> <span class='ocrx_word' id='word_1_44' title='bbox 702 1079 771 1134; x_wconf 80' lang='grc' dir='ltr'><strong>με</strong></span> <span class='ocrx_word' id='word_1_45' title='bbox 815 1059 938 1116; x_wconf 74' lang='grc' dir='ltr'><strong>καθ’</strong></span> <span class='ocrx_word' id='word_1_46' title='bbox 969 1060 1208 1131; x_wconf 71' lang='grc' dir='ltr'><strong>ἑκάστην</strong></span> <span class='ocrx_word' id='word_1_47' title='bbox 1251 1059 1408 1130; x_wconf 79' lang='grc' dir='ltr'><strong>ζητεῖ</strong></span> <span class='ocrx_word' id='word_1_48' title='bbox 1436 1059 1465 1111; x_wconf 82' lang='grc' dir='ltr'>ὁ</span> <span class='ocrx_word' id='word_1_49' title='bbox 1504 1057 1891 1129; x_wconf 74' lang='grc' dir='ltr'><strong>παμπόνηρος,</strong></span> 
     </span>
    </p>
   </div>
   <div class='ocr_carea' id='block_1_12' title="bbox 323 1150 1890 1226">
    <p class='ocr_par' dir='ltr' id='par_1_12' title="bbox 323 1150 1890 1226">
     <span class='ocr_line' id='line_1_12' title="bbox 323 1150 1890 1226; baseline -0.01 -12"><span class='ocrx_word' id='word_1_50' title='bbox 323 1157 438 1214; x_wconf 79' lang='grc' dir='ltr'><strong>ἀλλ’</strong></span> <span class='ocrx_word' id='word_1_51' title='bbox 470 1154 635 1211; x_wconf 77' lang='grc' dir='ltr'><strong>αὐτοῦ</strong></span> <span class='ocrx_word' id='word_1_52' title='bbox 671 1171 742 1226; x_wconf 75' lang='grc' dir='ltr'><strong>με</strong></span> <span class='ocrx_word' id='word_1_53' title='bbox 795 1154 907 1209; x_wconf 83' lang='grc' dir='ltr'><strong>τῶν</strong></span> <span class='ocrx_word' id='word_1_54' title='bbox 942 1154 1189 1222; x_wconf 78' lang='grc' dir='ltr'><strong>παγίδων</strong></span> <span class='ocrx_word' id='word_1_55' title='bbox 1234 1152 1562 1223; x_wconf 74' lang='grc' dir='ltr'><strong>ὲξάρπασον,</strong></span> <span class='ocrx_word' id='word_1_56' title='bbox 1602 1150 1890 1211; x_wconf 81' lang='grc' dir='ltr'><strong>Δέσποινα,</strong></span> 
     </span>
    </p>
   </div>
   <div class='ocr_carea' id='block_1_13' title="bbox 324 1240 1892 1320">
    <p class='ocr_par' dir='ltr' id='par_1_13' title="bbox 324 1240 1892 1320">
     <span class='ocr_line' id='line_1_13' title="bbox 324 1240 1892 1320; baseline -0.008 -16"><span class='ocrx_word' id='word_1_57' title='bbox 324 1251 420 1304; x_wconf 74' lang='grc' dir='ltr'><strong>καὶ</strong></span> <span class='ocrx_word' id='word_1_58' title='bbox 447 1250 512 1320; x_wconf 78' lang='grc' dir='ltr'><strong>τῇ</strong></span> <span class='ocrx_word' id='word_1_59' title='bbox 549 1245 672 1319; x_wconf 74' lang='grc' dir='ltr'><strong>θείᾳ</strong></span> <span class='ocrx_word' id='word_1_60' title='bbox 715 1244 894 1318; x_wconf 72' lang='grc' dir='ltr'><strong>σκέπῃ</strong></span> <span class='ocrx_word' id='word_1_61' title='bbox 947 1245 1057 1299; x_wconf 83' lang='grc' dir='ltr'><strong>τῶν</strong></span> <span class='ocrx_word' id='word_1_62' title='bbox 1101 1243 1389 1314; x_wconf 76' lang='grc' dir='ltr'><strong>πτερύγων</strong></span> <span class='ocrx_word' id='word_1_63' title='bbox 1414 1296 1418 1301; x_wconf 73' lang='grc'><strong>,</strong></span> <span class='ocrx_word' id='word_1_64' title='bbox 1448 1258 1542 1295; x_wconf 89' lang='grc' dir='ltr'><strong>σου</strong></span> <span class='ocrx_word' id='word_1_65' title='bbox 1589 1240 1729 1294; x_wconf 81' lang='grc' dir='ltr'><strong>σῶον</strong></span> <span class='ocrx_word' id='word_1_66' title='bbox 1768 1255 1892 1292; x_wconf 89' lang='grc' dir='ltr'><strong>συν-</strong></span> 
     </span>
    </p>
   </div>
   <div class='ocr_carea' id='block_1_14' title="bbox 322 1343 584 1413">
    <p class='ocr_par' dir='ltr' id='par_1_14' title="bbox 322 1343 584 1413">
     <span class='ocr_line' id='line_1_14' title="bbox 322 1343 584 1413; baseline 0 -18"><span class='ocrx_word' id='word_1_67' title='bbox 322 1343 584 1413; x_wconf 75' lang='grc' dir='ltr'><strong>τήρησον.</strong></span> 
     </span>
    </p>
   </div>
   <div class='ocr_carea' id='block_1_15' title="bbox 393 1445 1894 1522">
    <p class='ocr_par' dir='ltr' id='par_1_15' title="bbox 393 1445 1894 1522">
     <span class='ocr_line' id='line_1_15' title="bbox 393 1445 1894 1522; baseline -0.005 -14"><span class='ocrx_word' id='word_1_68' title='bbox 393 1454 468 1508; x_wconf 85' lang='grc' dir='ltr'><strong>Οὐ</strong></span> <span class='ocrx_word' id='word_1_69' title='bbox 503 1453 749 1515; x_wconf 81' lang='grc' dir='ltr'><strong>κενώσας</strong></span> <span class='ocrx_word' id='word_1_70' title='bbox 769 1453 798 1505; x_wconf 87' lang='grc' dir='ltr'><strong>ό</strong></span> <span class='ocrx_word' id='word_1_71' title='bbox 829 1450 1202 1522; x_wconf 79' lang='grc' dir='ltr'><strong>πληρέστατος</strong></span> <span class='ocrx_word' id='word_1_72' title='bbox 1250 1449 1344 1502; x_wconf 80' lang='grc' dir='ltr'><strong>τὸν</strong></span> <span class='ocrx_word' id='word_1_73' title='bbox 1370 1448 1642 1519; x_wconf 77' lang='grc' dir='ltr'><strong>ἄχραντον</strong></span> <span class='ocrx_word' id='word_1_74' title='bbox 1687 1445 1894 1500; x_wconf 80' lang='grc' dir='ltr'>κόλπον</span> 
     </span>
    </p>
   </div>
   <div class='ocr_carea' id='block_1_16' title="bbox 323 1537 1893 1616">
    <p class='ocr_par' dir='ltr' id='par_1_16' title="bbox 323 1537 1893 1616">
     <span class='ocr_line' id='line_1_16' title="bbox 323 1537 1893 1616; baseline -0.006 -17"><span class='ocrx_word' id='word_1_75' title='bbox 323 1546 419 1599; x_wconf 83' lang='grc' dir='ltr'><strong>τοῦ</strong></span> <span class='ocrx_word' id='word_1_76' title='bbox 451 1547 649 1614; x_wconf 84' lang='grc' dir='ltr'><strong>φύντος</strong></span> <span class='ocrx_word' id='word_1_77' title='bbox 680 1545 916 1616; x_wconf 72' lang='grc' dir='ltr'><strong>Πατρὸς,</strong></span> <span class='ocrx_word' id='word_1_78' title='bbox 953 1542 1048 1597; x_wconf 79' lang='grc' dir='ltr'><strong>σοῦ</strong></span> <span class='ocrx_word' id='word_1_79' title='bbox 1093 1543 1151 1596; x_wconf 69' lang='grc' dir='ltr'><strong>ιν</strong></span> <span class='ocrx_word' id='word_1_80' title='bbox 1181 1543 1297 1606; x_wconf 87' lang='grc' dir='ltr'>τοῖς</span> <span class='ocrx_word' id='word_1_81' title='bbox 1341 1540 1588 1604; x_wconf 76' lang='grc' dir='ltr'>κόλποις,</span> <span class='ocrx_word' id='word_1_82' title='bbox 1620 1537 1783 1608; x_wconf 78' lang='grc' dir='ltr'><strong>ἁγνὴ,</strong></span> <span class='ocrx_word' id='word_1_83' title='bbox 1818 1537 1893 1601; x_wconf 82' lang='grc' dir='ltr'><strong>ὡς</strong></span> 
     </span>
    </p>
   </div>
   <div class='ocr_carea' id='block_1_17' title="bbox 327 1626 1894 1711">
    <p class='ocr_par' dir='ltr' id='par_1_17' title="bbox 327 1626 1894 1711">
     <span class='ocr_line' id='line_1_17' title="bbox 327 1626 1894 1711; baseline -0.006 -20"><span class='ocrx_word' id='word_1_84' title='bbox 327 1639 525 1711; x_wconf 72' lang='grc' dir='ltr'>βρέφος</span> <span class='ocrx_word' id='word_1_85' title='bbox 604 1634 916 1700; x_wconf 76' lang='grc' dir='ltr'><strong>καθέζεται.</strong></span> <span class='ocrx_word' id='word_1_86' title='bbox 983 1633 1412 1704; x_wconf 74' lang='grc' dir='ltr'><strong>ἑτοιμαζόμενος</strong></span> <span class='ocrx_word' id='word_1_87' title='bbox 1473 1626 1557 1694; x_wconf 77' lang='grc' dir='ltr'><strong>οἷς</strong></span> <span class='ocrx_word' id='word_1_88' title='bbox 1624 1628 1894 1701; x_wconf 71' lang='grc' dir='ltr'><strong>ἠθέλησεν</strong></span> 
     </span>
    </p>
   </div>
   <div class='ocr_carea' id='block_1_18' title="bbox 323 1723 1700 1805">
    <p class='ocr_par' dir='ltr' id='par_1_18' title="bbox 323 1723 1700 1805">
     <span class='ocr_line' id='line_1_18' title="bbox 323 1723 1700 1805; baseline -0.006 -18"><span class='ocrx_word' id='word_1_89' title='bbox 323 1731 679 1805; x_wconf 69' lang='grc' dir='ltr'><strong>ὁμοιωθῆναι,</strong></span> <span class='ocrx_word' id='word_1_90' title='bbox 709 1729 974 1800; x_wconf 78' lang='grc' dir='ltr'><strong>ἄχραντε,</strong></span> <span class='ocrx_word' id='word_1_91' title='bbox 1011 1727 1164 1799; x_wconf 76' lang='grc' dir='ltr'><strong>ἱερὰν</strong></span> <span class='ocrx_word' id='word_1_92' title='bbox 1185 1725 1374 1796; x_wconf 81' lang='grc' dir='ltr'>σαφῶς</span> <span class='ocrx_word' id='word_1_93' title='bbox 1405 1723 1700 1795; x_wconf 83' lang='grc' dir='ltr'><strong>καθέδραν.</strong></span> 
     </span>
    </p>
   </div>
   <div class='ocr_carea' id='block_1_19' title="bbox 410 1924 1896 2000">
    <p class='ocr_par' dir='ltr' id='par_1_19' title="bbox 410 1924 1896 2000">
     <span class='ocr_line' id='line_1_19' title="bbox 410 1924 1896 2000; baseline -0.003 -16"><span class='ocrx_word' id='word_1_94' title='bbox 410 1931 499 1994; x_wconf 85' lang='grc' dir='ltr'><strong>Ὦς</strong></span> <span class='ocrx_word' id='word_1_95' title='bbox 528 1930 737 2000; x_wconf 79' lang='grc' dir='ltr'><strong>κρίνον,</strong></span> <span class='ocrx_word' id='word_1_96' title='bbox 766 1929 843 1990; x_wconf 80' lang='grc' dir='ltr'><strong>ὡς</strong></span> <span class='ocrx_word' id='word_1_97' title='bbox 871 1926 1105 1998; x_wconf 73' lang='grc' dir='ltr'>εΰοσμόν</span> <span class='ocrx_word' id='word_1_98' title='bbox 1132 1945 1192 1981; x_wconf 83' lang='grc' dir='ltr'><strong>σε</strong></span> <span class='ocrx_word' id='word_1_99' title='bbox 1215 1927 1390 1998; x_wconf 79' lang='grc' dir='ltr'>ῥόδον,</span> <span class='ocrx_word' id='word_1_100' title='bbox 1420 1925 1495 1991; x_wconf 84' lang='grc' dir='ltr'>ὡς</span> <span class='ocrx_word' id='word_1_101' title='bbox 1525 1925 1668 1980; x_wconf 79' lang='grc' dir='ltr'><strong>θεῖον</strong></span> <span class='ocrx_word' id='word_1_102' title='bbox 1687 1924 1896 1997; x_wconf 78' lang='grc' dir='ltr'><strong>ὀσφρά-</strong></span> 
     </span>
    </p>
   </div>
   <div class='ocr_carea' id='block_1_20' title="bbox 327 2019 1898 2093">
    <p class='ocr_par' dir='ltr' id='par_1_20' title="bbox 327 2019 1898 2093">
     <span class='ocr_line' id='line_1_20' title="bbox 327 2019 1898 2093; baseline -0.002 -19"><span class='ocrx_word' id='word_1_103' title='bbox 327 2022 440 2074; x_wconf 86' lang='grc' dir='ltr'><strong>διον</strong></span> <span class='ocrx_word' id='word_1_104' title='bbox 461 2022 722 2093; x_wconf 74' lang='grc' dir='ltr'><strong>ἐθρέψατο</strong></span> <span class='ocrx_word' id='word_1_105' title='bbox 742 2021 915 2089; x_wconf 83' lang='grc' dir='ltr'>Λόγος</span> <span class='ocrx_word' id='word_1_106' title='bbox 939 2022 968 2074; x_wconf 87' lang='grc' dir='ltr'><strong>ό</strong></span> <span class='ocrx_word' id='word_1_107' title='bbox 1005 2020 1292 2090; x_wconf 82' lang='grc' dir='ltr'><strong>ὐπέρθεος,</strong></span> <span class='ocrx_word' id='word_1_108' title='bbox 1323 2021 1565 2089; x_wconf 78' lang='grc' dir='ltr'><strong>πάναγνε</strong></span> <span class='ocrx_word' id='word_1_109' title='bbox 1590 2019 1898 2088; x_wconf 80' lang='grc' dir='ltr'><strong>Θεόνυμφε,</strong></span> 
     </span>
    </p>
   </div>
   <div class='ocr_carea' id='block_1_21' title="bbox 330 2109 1902 2184">
    <p class='ocr_par' dir='ltr' id='par_1_21' title="bbox 330 2109 1902 2184">
     <span class='ocr_line' id='line_1_21' title="bbox 330 2109 1902 2184; baseline -0.003 -18"><span class='ocrx_word' id='word_1_110' title='bbox 330 2113 426 2166; x_wconf 75' lang='grc' dir='ltr'><strong>καί</strong></span> <span class='ocrx_word' id='word_1_111' title='bbox 456 2130 550 2166; x_wconf 87' lang='grc' dir='ltr'><strong>σου</strong></span> <span class='ocrx_word' id='word_1_112' title='bbox 600 2111 701 2184; x_wconf 81' lang='grc' dir='ltr'><strong>τὴν</strong></span> <span class='ocrx_word' id='word_1_113' title='bbox 754 2115 968 2183; x_wconf 76' lang='grc' dir='ltr'><strong>μήτραν</strong></span> <span class='ocrx_word' id='word_1_114' title='bbox 1007 2110 1226 2182; x_wconf 72' lang='grc' dir='ltr'><strong>ᾤκησεν</strong></span> <span class='ocrx_word' id='word_1_115' title='bbox 1271 2110 1582 2176; x_wconf 76' lang='grc' dir='ltr'><strong>εῠωδιάζων</strong></span> <span class='ocrx_word' id='word_1_116' title='bbox 1611 2110 1770 2180; x_wconf 76' lang='grc' dir='ltr'>ἡμῶν</span> <span class='ocrx_word' id='word_1_117' title='bbox 1804 2109 1902 2180; x_wconf 77' lang='grc' dir='ltr'><strong>τὴν</strong></span> 
     </span>
    </p>
   </div>
   <div class='ocr_carea' id='block_1_22' title="bbox 332 2201 1902 2276">
    <p class='ocr_par' dir='ltr' id='par_1_22' title="bbox 332 2201 1902 2276">
     <span class='ocr_line' id='line_1_22' title="bbox 332 2201 1902 2276; baseline -0.001 -17"><span class='ocrx_word' id='word_1_118' title='bbox 332 2206 499 2276; x_wconf 77' lang='grc' dir='ltr'><strong>φύσιν</strong></span> <span class='ocrx_word' id='word_1_119' title='bbox 564 2204 834 2269; x_wconf 75' lang='grc' dir='ltr'><strong>δυσωδίας</strong></span> <span class='ocrx_word' id='word_1_120' title='bbox 886 2203 1248 2274; x_wconf 81' lang='grc' dir='ltr'><strong>πλησθεῖσαν,</strong></span> <span class='ocrx_word' id='word_1_121' title='bbox 1307 2202 1410 2276; x_wconf 73' lang='grc' dir='ltr'><strong>τὴν</strong></span> <span class='ocrx_word' id='word_1_122' title='bbox 1467 2202 1528 2272; x_wconf 70' lang='lat' dir='ltr'><strong>te</strong></span> <span class='ocrx_word' id='word_1_123' title='bbox 1581 2201 1902 2275; x_wconf 64' lang='grc' dir='ltr'><strong>⁵ἀμαρτῑιιις,</strong></span> 
     </span>
    </p>
   </div>
   <div class='ocr_carea' id='block_1_23' title="bbox 330 2297 796 2369">
    <p class='ocr_par' dir='ltr' id='par_1_23' title="bbox 330 2297 796 2369">
     <span class='ocr_line' id='line_1_23' title="bbox 330 2297 796 2369; baseline -0.009 -13"><span class='ocrx_word' id='word_1_124' title='bbox 330 2299 518 2369; x_wconf 82' lang='grc' dir='ltr'><strong>Μαρία</strong></span> <span class='ocrx_word' id='word_1_125' title='bbox 544 2297 796 2352; x_wconf 80' lang='grc' dir='ltr'><strong>Θεοτὸκε.</strong></span> 
     </span>
    </p>
   </div>
   <div class='ocr_carea' id='block_1_24' title="bbox 401 2407 1904 2482">
    <p class='ocr_par' dir='ltr' id='par_1_24' title="bbox 401 2407 1904 2482">
     <span class='ocr_line' id='line_1_24' title="bbox 401 2407 1904 2482; baseline -0.001 -18"><span class='ocrx_word' id='word_1_126' title='bbox 401 2413 667 2465; x_wconf 66' lang='grc' dir='ltr'><strong>Φανεῖσαν</strong></span> <span class='ocrx_word' id='word_1_127' title='bbox 714 2409 946 2482; x_wconf 73' lang='grc' dir='ltr'><strong>Μητέρα</strong></span> <span class='ocrx_word' id='word_1_128' title='bbox 997 2427 1060 2464; x_wconf 80' lang='grc' dir='ltr'><strong>σι</strong></span> <span class='ocrx_word' id='word_1_129' title='bbox 1093 2407 1232 2465; x_wconf 80' lang='grc' dir='ltr'><strong>Θεοῦ</strong></span> <span class='ocrx_word' id='word_1_130' title='bbox 1261 2409 1338 2474; x_wconf 84' lang='grc' dir='ltr'><strong>ὡς</strong></span> <span class='ocrx_word' id='word_1_131' title='bbox 1376 2408 1591 2480; x_wconf 74' lang='grc' dir='ltr'><strong>εόλεψσ,</strong></span> <span class='ocrx_word' id='word_1_132' title='bbox 1645 2407 1904 2474; x_wconf 74' lang='grc' dir='ltr'><strong>Θιοτόκε,</strong></span> 
     </span>
    </p>
   </div>
   <div class='ocr_carea' id='block_1_25' title="bbox 331 2492 1906 2570">
    <p class='ocr_par' dir='ltr' id='par_1_25' title="bbox 331 2492 1906 2570">
     <span class='ocr_line' id='line_1_25' title="bbox 331 2492 1906 2570; baseline -0.001 -17"><span class='ocrx_word' id='word_1_133' title='bbox 331 2501 358 2554; x_wconf 86' lang='grc' dir='ltr'><strong>ό</strong></span> <span class='ocrx_word' id='word_1_134' title='bbox 389 2498 786 2568; x_wconf 80' lang='grc' dir='ltr'><strong>πρεσόύτατος,</strong></span> <span class='ocrx_word' id='word_1_135' title='bbox 835 2497 1038 2569; x_wconf 67' lang='grc' dir='ltr'><strong>ἔφησεν</strong></span> <span class='ocrx_word' id='word_1_136' title='bbox 1086 2492 1287 2570; x_wconf 78' lang='grc' dir='ltr'><strong>οἷάπερ</strong></span> <span class='ocrx_word' id='word_1_137' title='bbox 1340 2499 1647 2570; x_wconf 76' lang='grc' dir='ltr'><strong>προφήτης·</strong></span> <span class='ocrx_word' id='word_1_138' title='bbox 1691 2495 1822 2551; x_wconf 77' lang='grc' dir='ltr'><strong>Ἰδοὺ</strong></span> <span class='ocrx_word' id='word_1_139' title='bbox 1875 2498 1906 2552; x_wconf 81' lang='grc' dir='ltr'><strong>ό</strong></span> 
     </span>
    </p>
   </div>
   <div class='ocr_carea' id='block_1_26' title="bbox 335 2583 1908 2654">
    <p class='ocr_par' dir='ltr' id='par_1_26' title="bbox 335 2583 1908 2654">
     <span class='ocr_line' id='line_1_26' title="bbox 335 2583 1908 2654; baseline -0.002 -11"><span class='ocrx_word' id='word_1_140' title='bbox 335 2590 426 2654; x_wconf 63' lang='grc' dir='ltr'><strong>σὸς</strong></span> <span class='ocrx_word' id='word_1_141' title='bbox 469 2589 597 2654; x_wconf 74' lang='grc' dir='ltr'><strong>Υἱὸς</strong></span> <span class='ocrx_word' id='word_1_142' title='bbox 639 2589 722 2654; x_wconf 77' lang='grc' dir='ltr'><strong>εις</strong></span> <span class='ocrx_word' id='word_1_143' title='bbox 772 2588 1071 2644; x_wconf 81' lang='grc' dir='ltr'><strong>ἀνάστασιν</strong></span> <span class='ocrx_word' id='word_1_144' title='bbox 1129 2588 1224 2643; x_wconf 80' lang='grc' dir='ltr'><strong>καὶ</strong></span> <span class='ocrx_word' id='word_1_145' title='bbox 1279 2587 1489 2641; x_wconf 71' lang='grc' dir='ltr'><strong>πτῶσιν</strong></span> <span class='ocrx_word' id='word_1_146' title='bbox 1533 2585 1644 2640; x_wconf 83' lang='grc' dir='ltr'><strong>τῶν</strong></span> <span class='ocrx_word' id='word_1_147' title='bbox 1693 2583 1908 2640; x_wconf 71' lang='grc' dir='ltr'><strong>πολλῶν</strong></span> 
     </span>
    </p>
   </div>
   <div class='ocr_carea' id='block_1_27' title="bbox 333 2679 1836 2752">
    <p class='ocr_par' dir='ltr' id='par_1_27' title="bbox 333 2679 1836 2752">
     <span class='ocr_line' id='line_1_27' title="bbox 333 2679 1836 2752; baseline 0 -18"><span class='ocrx_word' id='word_1_148' title='bbox 333 2683 537 2748; x_wconf 79' lang='grc' dir='ltr'><strong>κεῖται,</strong></span> <span class='ocrx_word' id='word_1_149' title='bbox 565 2681 857 2747; x_wconf 74' lang='grc' dir='ltr'><strong>Δέσποινα,</strong></span> <span class='ocrx_word' id='word_1_150' title='bbox 885 2681 983 2736; x_wconf 76' lang='grc' dir='ltr'><strong>καὶ</strong></span> <span class='ocrx_word' id='word_1_151' title='bbox 1003 2681 1084 2746; x_wconf 72' lang='grc' dir='ltr'><strong>εἰς</strong></span> <span class='ocrx_word' id='word_1_152' title='bbox 1117 2681 1346 2752; x_wconf 78' lang='grc' dir='ltr'><strong>σημεῖον</strong></span> <span class='ocrx_word' id='word_1_153' title='bbox 1375 2679 1836 2752; x_wconf 67' lang='grc' dir='ltr'><strong>δυσερμήνευτον.</strong></span> 
     </span>
    </p>
   </div>
   <div class='ocr_carea' id='block_1_28' title="bbox 361 2901 1912 2970">
    <p class='ocr_par' dir='ltr' id='par_1_28' title="bbox 361 2901 1912 2970">
     <span class='ocr_line' id='line_1_28' title="bbox 361 2901 1912 2970; baseline -0.001 -11"><span class='ocrx_word' id='word_1_154' title='bbox 361 2905 447 2959; x_wconf 67' lang='grc' dir='ltr'><strong>εκ</strong></span> <span class='ocrx_word' id='word_1_155' title='bbox 467 2901 576 2959; x_wconf 76' lang='grc' dir='ltr'><strong>τοῦ</strong></span> <span class='ocrx_word' id='word_1_156' title='bbox 591 2904 862 2969; x_wconf 73' lang='grc' dir='ltr'><strong>Κανόνας</strong></span> <span class='ocrx_word' id='word_1_157' title='bbox 881 2905 970 2970; x_wconf 82' lang='grc' dir='ltr'><strong>εις</strong></span> <span class='ocrx_word' id='word_1_158' title='bbox 988 2902 1091 2958; x_wconf 69' lang='grc' dir='ltr'>τόν</span> <span class='ocrx_word' id='word_1_159' title='bbox 1119 2903 1293 2958; x_wconf 75' lang='grc' dir='ltr'><strong>ὅσιον</strong></span> <span class='ocrx_word' id='word_1_160' title='bbox 1311 2902 1649 2969; x_wconf 69' lang='grc' dir='ltr'><strong>Βουκόλον,</strong></span> <span class='ocrx_word' id='word_1_161' title='bbox 1669 2901 1912 2958; x_wconf 75' lang='grc' dir='ltr'><strong>ἐπίσκο-</strong></span> 
     </span>
    </p>
   </div>
   <div class='ocr_carea' id='block_1_29' title="bbox 717 2973 1504 3045">
    <p class='ocr_par' dir='ltr' id='par_1_29' title="bbox 717 2973 1504 3045">
     <span class='ocr_line' id='line_1_29' title="bbox 717 2973 1504 3045; baseline -0.009 0"><span class='ocrx_word' id='word_1_162' title='bbox 717 2988 838 3029; x_wconf 72' lang='grc' dir='ltr'><strong>πον</strong></span> <span class='ocrx_word' id='word_1_163' title='bbox 874 2975 1067 3045; x_wconf 71' lang='grc' dir='ltr'><strong>Σμύρι</strong></span> <span class='ocrx_word' id='word_1_164' title='bbox 1079 2991 1175 3042; x_wconf 76' lang='grc' dir='ltr'><strong>ης.</strong></span> <span class='ocrx_word' id='word_1_165' title='bbox 1205 2973 1397 3043; x_wconf 72' lang='grc' dir='ltr'><strong>ἡμέρᾳ</strong></span> <span class='ocrx_word' id='word_1_166' title='bbox 1427 2973 1504 3038; x_wconf 78' lang='grc' dir='ltr'><strong>ς’.</strong></span> 
     </span>
    </p>
   </div>
   <div class='ocr_carea' id='block_1_30' title="bbox 411 3123 1904 3200">
    <p class='ocr_par' dir='ltr' id='par_1_30' title="bbox 411 3123 1904 3200">
     <span class='ocr_line' id='line_1_30' title="bbox 411 3123 1904 3200; baseline -0.005 -16"><span class='ocrx_word' id='word_1_167' title='bbox 411 3128 473 3184; x_wconf 89' lang='grc' dir='ltr'>Ὅ</span> <span class='ocrx_word' id='word_1_168' title='bbox 504 3128 580 3200; x_wconf 83' lang='grc' dir='ltr'>τῷ</span> <span class='ocrx_word' id='word_1_169' title='bbox 603 3128 780 3200; x_wconf 76' lang='grc' dir='ltr'><strong>Πατρὶ</strong></span> <span class='ocrx_word' id='word_1_170' title='bbox 827 3128 1190 3199; x_wconf 78' lang='grc' dir='ltr'><strong>συνυπάρχων</strong></span> <span class='ocrx_word' id='word_1_171' title='bbox 1239 3125 1553 3197; x_wconf 81' lang='grc' dir='ltr'><strong>Μονογενὴς</strong></span> <span class='ocrx_word' id='word_1_172' title='bbox 1584 3125 1725 3194; x_wconf 76' lang='grc' dir='ltr'><strong>ὑπὲρ</strong></span> <span class='ocrx_word' id='word_1_173' title='bbox 1755 3123 1904 3190; x_wconf 80' lang='grc' dir='ltr'>νοῦν,</span> 
     </span>
    </p>
   </div>
   <div class='ocr_carea' id='block_1_31' title="bbox 1995 601 3244 673">
    <p class='ocr_par' dir='ltr' id='par_1_31' title="bbox 1995 601 3244 673">
     <span class='ocr_line' id='line_1_31' title="bbox 1995 601 3244 673; baseline -0.003 -16"><span class='ocrx_word' id='word_1_174' title='bbox 1995 616 2159 673; x_wconf 89' lang='lat' dir='ltr'><strong>quam</strong></span> <span class='ocrx_word' id='word_1_175' title='bbox 2197 601 2507 666; x_wconf 87' lang='lat' dir='ltr'><strong>laudemus,</strong></span> <span class='ocrx_word' id='word_1_176' title='bbox 2536 610 2590 655; x_wconf 90' lang='lat' dir='ltr'><strong>et</strong></span> <span class='ocrx_word' id='word_1_177' title='bbox 2619 603 2814 655; x_wconf 83' lang='lat' dir='ltr'><strong>devote</strong></span> <span class='ocrx_word' id='word_1_178' title='bbox 2845 601 3244 655; x_wconf 82' lang='lat' dir='ltr'><strong>beatiﬁcemus.</strong></span> 
     </span>
    </p>
   </div>
   <div class='ocr_carea' id='block_1_32' title="bbox 2065 689 3564 763">
    <p class='ocr_par' dir='ltr' id='par_1_32' title="bbox 2065 689 3564 763">
     <span class='ocr_line' id='line_1_32' title="bbox 2065 689 3564 763; baseline -0.004 -15"><span class='ocrx_word' id='word_1_179' title='bbox 2065 692 2164 748; x_wconf 83' lang='lat' dir='ltr'><strong>Ille</strong></span> <span class='ocrx_word' id='word_1_180' title='bbox 2194 691 2289 763; x_wconf 90' lang='lat' dir='ltr'><strong>qui</strong></span> <span class='ocrx_word' id='word_1_181' title='bbox 2321 701 2518 747; x_wconf 85' lang='lat' dir='ltr'><strong>natura</strong></span> <span class='ocrx_word' id='word_1_182' title='bbox 2573 701 2658 747; x_wconf 89' lang='lat' dir='ltr'><strong>cst</strong></span> <span class='ocrx_word' id='word_1_183' title='bbox 2697 692 3076 757; x_wconf 67' lang='lat' dir='ltr'><strong>immutabilis,</strong></span> <span class='ocrx_word' id='word_1_184' title='bbox 3111 690 3368 761; x_wconf 36' lang='lat' dir='ltr'><strong>apparuit.</strong></span> <span class='ocrx_word' id='word_1_185' title='bbox 3399 689 3564 743; x_wconf 88' lang='lat' dir='ltr'><strong>homo</strong></span> 
     </span>
    </p>
   </div>
   <div class='ocr_carea' id='block_1_33' title="bbox 1993 781 3561 846">
    <p class='ocr_par' dir='ltr' id='par_1_33' title="bbox 1993 781 3561 846">
     <span class='ocr_line' id='line_1_33' title="bbox 1993 781 3561 846; baseline -0.004 -9"><span class='ocrx_word' id='word_1_186' title='bbox 1993 793 2160 838; x_wconf 88' lang='lat' dir='ltr'><strong>natus</strong></span> <span class='ocrx_word' id='word_1_187' title='bbox 2188 796 2256 837; x_wconf 80' lang='lat' dir='ltr'><strong>ex</strong></span> <span class='ocrx_word' id='word_1_188' title='bbox 2287 792 2360 846; x_wconf 86' lang='lat' dir='ltr'><strong>te,</strong></span> <span class='ocrx_word' id='word_1_189' title='bbox 2394 797 2496 837; x_wconf 89' lang='lat' dir='ltr'><strong>nec</strong></span> <span class='ocrx_word' id='word_1_190' title='bbox 2539 795 2722 836; x_wconf 73' lang='lat' dir='ltr'><strong>tamen</strong></span> <span class='ocrx_word' id='word_1_191' title='bbox 2758 791 2975 836; x_wconf 80' lang='lat' dir='ltr'><strong>uterum</strong></span> <span class='ocrx_word' id='word_1_192' title='bbox 3019 793 3171 836; x_wconf 89' lang='lat' dir='ltr'><strong>tuum</strong></span> <span class='ocrx_word' id='word_1_193' title='bbox 3232 781 3561 840; x_wconf 72' lang='lat' dir='ltr'><strong>combussit,</strong></span> 
     </span>
    </p>
   </div>
   <div class='ocr_carea' id='block_1_34' title="bbox 1991 868 3563 944">
    <p class='ocr_par' dir='ltr' id='par_1_34' title="bbox 1991 868 3563 944">
     <span class='ocr_line' id='line_1_34' title="bbox 1991 868 3563 944; baseline -0.004 -15"><span class='ocrx_word' id='word_1_194' title='bbox 1991 887 2297 944; x_wconf 79' lang='lat' dir='ltr'><strong>omnesque</strong></span> <span class='ocrx_word' id='word_1_195' title='bbox 2351 888 2383 928; x_wconf 85' lang='lat' dir='ltr'><strong>a</strong></span> <span class='ocrx_word' id='word_1_196' title='bbox 2434 872 2790 943; x_wconf 77' lang='lat' dir='ltr'><strong>corruptione</strong></span> <span class='ocrx_word' id='word_1_197' title='bbox 2829 883 3046 944; x_wconf 83' lang='lat' dir='ltr'><strong>ereptos</strong></span> <span class='ocrx_word' id='word_1_198' title='bbox 3067 872 3338 939; x_wconf 85' lang='lat' dir='ltr'><strong>liberavit,</strong></span> <span class='ocrx_word' id='word_1_199' title='bbox 3387 885 3420 926; x_wconf 88' lang='grc' dir='ltr'><strong>ο</strong></span> <span class='ocrx_word' id='word_1_200' title='bbox 3468 868 3563 923; x_wconf 91' lang='lat' dir='ltr'><strong>Dei</strong></span> 
     </span>
    </p>
   </div>
   <div class='ocr_carea' id='block_1_35' title="bbox 1991 963 2519 1036">
    <p class='ocr_par' dir='ltr' id='par_1_35' title="bbox 1991 963 2519 1036">
     <span class='ocr_line' id='line_1_35' title="bbox 1991 963 2519 1036; baseline -0.009 -14"><span class='ocrx_word' id='word_1_201' title='bbox 1991 963 2164 1022; x_wconf 65' lang='lat' dir='ltr'><strong>later</strong></span> <span class='ocrx_word' id='word_1_202' title='bbox 2198 963 2519 1036; x_wconf 88' lang='lat' dir='ltr'><strong>purissima.</strong></span> 
     </span>
    </p>
   </div>
   <div class='ocr_carea' id='block_1_36' title="bbox 2064 1052 3568 1127">
    <p class='ocr_par' dir='ltr' id='par_1_36' title="bbox 2064 1052 3568 1127">
     <span class='ocr_line' id='line_1_36' title="bbox 2064 1052 3568 1127; baseline -0.003 -14"><span class='ocrx_word' id='word_1_203' title='bbox 2064 1058 2345 1115; x_wconf 86' lang='lat' dir='ltr'><strong>Pessimus</strong></span> <span class='ocrx_word' id='word_1_204' title='bbox 2384 1058 2558 1112; x_wconf 87' lang='lat' dir='ltr'><strong>hostis</strong></span> <span class='ocrx_word' id='word_1_205' title='bbox 2591 1054 2841 1127; x_wconf 84' lang='lat' dir='ltr'><strong>quotidie</strong></span> <span class='ocrx_word' id='word_1_206' title='bbox 2870 1069 2958 1109; x_wconf 90' lang='lat' dir='ltr'><strong>me</strong></span> <span class='ocrx_word' id='word_1_207' title='bbox 3005 1053 3202 1110; x_wconf 77' lang='lat' dir='ltr'><strong>venari</strong></span> <span class='ocrx_word' id='word_1_208' title='bbox 3241 1052 3461 1120; x_wconf 83' lang='lat' dir='ltr'><strong>studet;</strong></span> <span class='ocrx_word' id='word_1_209' title='bbox 3512 1059 3568 1109; x_wconf 90' lang='lat' dir='ltr'><strong>at</strong></span> 
     </span>
    </p>
   </div>
   <div class='ocr_carea' id='block_1_37' title="bbox 1994 1142 3566 1220">
    <p class='ocr_par' dir='ltr' id='par_1_37' title="bbox 1994 1142 3566 1220">
     <span class='ocr_line' id='line_1_37' title="bbox 1994 1142 3566 1220; baseline -0.006 -13"><span class='ocrx_word' id='word_1_210' title='bbox 1994 1158 2054 1207; x_wconf 89' lang='lat' dir='ltr'><strong>tu</strong></span> <span class='ocrx_word' id='word_1_211' title='bbox 2084 1151 2155 1207; x_wconf 87' lang='lat' dir='ltr'><strong>ab</strong></span> <span class='ocrx_word' id='word_1_212' title='bbox 2207 1149 2331 1220; x_wconf 83' lang='lat' dir='ltr'><strong>ejus</strong></span> <span class='ocrx_word' id='word_1_213' title='bbox 2378 1148 2593 1219; x_wconf 79' lang='lat' dir='ltr'><strong>laqueis</strong></span> <span class='ocrx_word' id='word_1_214' title='bbox 2642 1149 2794 1218; x_wconf 85' lang='lat' dir='ltr'><strong>eripe</strong></span> <span class='ocrx_word' id='word_1_215' title='bbox 2818 1159 2928 1210; x_wconf 84' lang='lat' dir='ltr'><strong>me,</strong></span> <span class='ocrx_word' id='word_1_216' title='bbox 2980 1144 3247 1211; x_wconf 87' lang='lat' dir='ltr'><strong>Domina,</strong></span> <span class='ocrx_word' id='word_1_217' title='bbox 3297 1152 3356 1199; x_wconf 87' lang='lat' dir='ltr'><strong>et</strong></span> <span class='ocrx_word' id='word_1_218' title='bbox 3383 1142 3566 1198; x_wconf 80' lang='lat' dir='ltr'><strong>divina</strong></span> 
     </span>
    </p>
   </div>
   <div class='ocr_carea' id='block_1_38' title="bbox 1995 1237 3494 1315">
    <p class='ocr_par' dir='ltr' id='par_1_38' title="bbox 1995 1237 3494 1315">
     <span class='ocr_line' id='line_1_38' title="bbox 1995 1237 3494 1315; baseline -0.007 -15"><span class='ocrx_word' id='word_1_219' title='bbox 1995 1243 2331 1315; x_wconf 83' lang='lat' dir='ltr'><strong>protectione</strong></span> <span class='ocrx_word' id='word_1_220' title='bbox 2359 1241 2571 1297; x_wconf 84' lang='lat' dir='ltr'><strong>alarum</strong></span> <span class='ocrx_word' id='word_1_221' title='bbox 2613 1247 2834 1296; x_wconf 88' lang='lat' dir='ltr'><strong>tuarum</strong></span> <span class='ocrx_word' id='word_1_222' title='bbox 2856 1237 3067 1294; x_wconf 84' lang='lat' dir='ltr'><strong>salvum</strong></span> <span class='ocrx_word' id='word_1_223' title='bbox 3093 1249 3362 1294; x_wconf 85' lang='lat' dir='ltr'><strong>conserva</strong></span> <span class='ocrx_word' id='word_1_224' title='bbox 3385 1248 3494 1292; x_wconf 85' lang='lat' dir='ltr'><strong>me.</strong></span> 
     </span>
    </p>
   </div>
   <div class='ocr_carea' id='block_1_39' title="bbox 2064 1444 3572 1522">
    <p class='ocr_par' dir='ltr' id='par_1_39' title="bbox 2064 1444 3572 1522">
     <span class='ocr_line' id='line_1_39' title="bbox 2064 1444 3572 1522; baseline -0.007 -14"><span class='ocrx_word' id='word_1_225' title='bbox 2064 1452 2163 1508; x_wconf 86' lang='lat' dir='ltr'><strong>ille</strong></span> <span class='ocrx_word' id='word_1_226' title='bbox 2193 1451 2284 1522; x_wconf 88' lang='lat' dir='ltr'><strong>qui</strong></span> <span class='ocrx_word' id='word_1_227' title='bbox 2315 1459 2432 1507; x_wconf 86' lang='lat' dir='ltr'><strong>erat</strong></span> <span class='ocrx_word' id='word_1_228' title='bbox 2457 1449 2835 1521; x_wconf 85' lang='lat' dir='ltr'><strong>plenissimus,</strong></span> <span class='ocrx_word' id='word_1_229' title='bbox 2865 1461 2978 1504; x_wconf 90' lang='lat' dir='ltr'><strong>non</strong></span> <span class='ocrx_word' id='word_1_230' title='bbox 3003 1459 3281 1504; x_wconf 82' lang='lat' dir='ltr'><strong>evacuans</strong></span> <span class='ocrx_word' id='word_1_231' title='bbox 3304 1444 3572 1500; x_wconf 86' lang='lat' dir='ltr'><strong>immacu-</strong></span> 
     </span>
    </p>
   </div>
   <div class='ocr_carea' id='block_1_40' title="bbox 1997 1535 3570 1612">
    <p class='ocr_par' dir='ltr' id='par_1_40' title="bbox 1997 1535 3570 1612">
     <span class='ocr_line' id='line_1_40' title="bbox 1997 1535 3570 1612; baseline -0.003 -16"><span class='ocrx_word' id='word_1_232' title='bbox 1997 1541 2167 1598; x_wconf 81' lang='lat' dir='ltr'><strong>latum</strong></span> <span class='ocrx_word' id='word_1_233' title='bbox 2193 1543 2377 1596; x_wconf 84' lang='lat' dir='ltr'><strong>sinum</strong></span> <span class='ocrx_word' id='word_1_234' title='bbox 2407 1541 2606 1604; x_wconf 85' lang='lat' dir='ltr'><strong>Patris,</strong></span> <span class='ocrx_word' id='word_1_235' title='bbox 2636 1556 2666 1595; x_wconf 89' lang='lat' dir='ltr'><strong>a</strong></span> <span class='ocrx_word' id='word_1_236' title='bbox 2692 1554 2806 1612; x_wconf 88' lang='lat' dir='ltr'><strong>quo</strong></span> <span class='ocrx_word' id='word_1_237' title='bbox 2842 1547 3007 1596; x_wconf 87' lang='lat' dir='ltr'><strong>natus</strong></span> <span class='ocrx_word' id='word_1_238' title='bbox 3027 1545 3170 1606; x_wconf 88' lang='lat' dir='ltr'><strong>erat,</strong></span> <span class='ocrx_word' id='word_1_239' title='bbox 3209 1538 3265 1593; x_wconf 88' lang='lat' dir='ltr'><strong>in</strong></span> <span class='ocrx_word' id='word_1_240' title='bbox 3298 1535 3422 1594; x_wconf 91' lang='lat' dir='ltr'><strong>sinu</strong></span> <span class='ocrx_word' id='word_1_241' title='bbox 3451 1543 3570 1604; x_wconf 90' lang='lat' dir='ltr'><strong>tuo,</strong></span> 
     </span>
    </p>
   </div>
   <div class='ocr_carea' id='block_1_41' title="bbox 1995 1627 3572 1701">
    <p class='ocr_par' dir='ltr' id='par_1_41' title="bbox 1995 1627 3572 1701">
     <span class='ocr_line' id='line_1_41' title="bbox 1995 1627 3572 1701; baseline -0.004 -12"><span class='ocrx_word' id='word_1_242' title='bbox 1995 1649 2030 1689; x_wconf 86' lang='grc' dir='ltr'><strong>ο</strong></span> <span class='ocrx_word' id='word_1_243' title='bbox 2063 1643 2215 1690; x_wconf 88' lang='lat' dir='ltr'><strong>casta</strong></span> <span class='ocrx_word' id='word_1_244' title='bbox 2269 1643 2324 1688; x_wconf 89' lang='lat' dir='ltr'><strong>et</strong></span> <span class='ocrx_word' id='word_1_245' title='bbox 2377 1633 2754 1698; x_wconf 83' lang='lat' dir='ltr'><strong>immaculata,</strong></span> <span class='ocrx_word' id='word_1_246' title='bbox 2829 1638 3094 1701; x_wconf 91' lang='lat' dir='ltr'><strong>tanquam</strong></span> <span class='ocrx_word' id='word_1_247' title='bbox 3150 1628 3338 1686; x_wconf 80' lang='lat' dir='ltr'><strong>infans</strong></span> <span class='ocrx_word' id='word_1_248' title='bbox 3383 1627 3572 1694; x_wconf 85' lang='lat' dir='ltr'><strong>sedet,</strong></span> 
     </span>
    </p>
   </div>
   <div class='ocr_carea' id='block_1_42' title="bbox 1996 1719 3575 1797">
    <p class='ocr_par' dir='ltr' id='par_1_42' title="bbox 1996 1719 3575 1797">
     <span class='ocr_line' id='line_1_42' title="bbox 1996 1719 3575 1797; baseline -0.003 -17"><span class='ocrx_word' id='word_1_249' title='bbox 1996 1739 2314 1797; x_wconf 70' lang='lat' dir='ltr'><strong>praeparans</strong></span> <span class='ocrx_word' id='word_1_250' title='bbox 2333 1725 2465 1789; x_wconf 89' lang='lat' dir='ltr'><strong>illis,</strong></span> <span class='ocrx_word' id='word_1_251' title='bbox 2480 1725 2684 1796; x_wconf 85' lang='lat' dir='ltr'><strong>quibus</strong></span> <span class='ocrx_word' id='word_1_252' title='bbox 2709 1723 2882 1780; x_wconf 83' lang='lat' dir='ltr'><strong>voluit</strong></span> <span class='ocrx_word' id='word_1_253' title='bbox 2908 1721 3231 1789; x_wconf 79' lang='lat' dir='ltr'><strong>assimilari,</strong></span> <span class='ocrx_word' id='word_1_254' title='bbox 3255 1719 3575 1778; x_wconf 84' lang='lat' dir='ltr'><strong>cathedram</strong></span> 
     </span>
    </p>
   </div>
   <div class='ocr_carea' id='block_1_43' title="bbox 1922 1815 2556 1912">
    <p class='ocr_par' dir='ltr' id='par_1_43' title="bbox 1922 1815 2556 1912">
     <span class='ocr_line' id='line_1_43' title="bbox 1922 1815 2556 1912; baseline -0.005 -38"><span class='ocrx_word' id='word_1_255' title='bbox 1922 1850 1973 1912; x_wconf 68' lang='grc' dir='ltr'><strong>Β</strong></span> <span class='ocrx_word' id='word_1_256' title='bbox 1999 1831 2208 1874; x_wconf 81' lang='lat' dir='ltr'><strong>sacram</strong></span> <span class='ocrx_word' id='word_1_257' title='bbox 2243 1815 2556 1873; x_wconf 77' lang='lat' dir='ltr'><strong>manifeste.</strong></span> 
     </span>
    </p>
   </div>
   <div class='ocr_carea' id='block_1_44' title="bbox 2075 1927 3572 2000">
    <p class='ocr_par' dir='ltr' id='par_1_44' title="bbox 2075 1927 3572 2000">
     <span class='ocr_line' id='line_1_44' title="bbox 2075 1927 3572 2000; baseline -0.001 -15"><span class='ocrx_word' id='word_1_258' title='bbox 2075 1929 2363 2000; x_wconf 80' lang='lat' dir='ltr'><strong>Tanquam</strong></span> <span class='ocrx_word' id='word_1_259' title='bbox 2391 1928 2591 1995; x_wconf 91' lang='lat' dir='ltr'><strong>lilium,</strong></span> <span class='ocrx_word' id='word_1_260' title='bbox 2629 1939 2889 2000; x_wconf 76' lang='lat' dir='ltr'><strong>tanquam</strong></span> <span class='ocrx_word' id='word_1_261' title='bbox 2941 1927 3327 1987; x_wconf 84' lang='lat' dir='ltr'><strong>suavissimam</strong></span> <span class='ocrx_word' id='word_1_262' title='bbox 3358 1939 3572 1996; x_wconf 85' lang='lat' dir='ltr'><strong>rosam,</strong></span> 
     </span>
    </p>
   </div>
   <div class='ocr_carea' id='block_1_45' title="bbox 2003 2022 3578 2096">
    <p class='ocr_par' dir='ltr' id='par_1_45' title="bbox 2003 2022 3578 2096">
     <span class='ocr_line' id='line_1_45' title="bbox 2003 2022 3578 2096; baseline 0 -19"><span class='ocrx_word' id='word_1_263' title='bbox 2003 2033 2266 2095; x_wconf 85' lang='lat' dir='ltr'><strong>tanquam</strong></span> <span class='ocrx_word' id='word_1_264' title='bbox 2297 2023 2544 2079; x_wconf 89' lang='lat' dir='ltr'><strong>divinum</strong></span> <span class='ocrx_word' id='word_1_265' title='bbox 2572 2023 2922 2079; x_wconf 82' lang='lat' dir='ltr'><strong>olfactorium</strong></span> <span class='ocrx_word' id='word_1_266' title='bbox 2955 2022 3176 2096; x_wconf 76' lang='lat' dir='ltr'><strong>collegit</strong></span> <span class='ocrx_word' id='word_1_267' title='bbox 3212 2032 3266 2080; x_wconf 85' lang='lat' dir='ltr'><strong>te</strong></span> <span class='ocrx_word' id='word_1_268' title='bbox 3293 2022 3578 2079; x_wconf 82' lang='lat' dir='ltr'><strong>divinissi-</strong></span> 
     </span>
    </p>
   </div>
   <div class='ocr_carea' id='block_1_46' title="bbox 2003 2115 3577 2187">
    <p class='ocr_par' dir='ltr' id='par_1_46' title="bbox 2003 2115 3577 2187">
     <span class='ocr_line' id='line_1_46' title="bbox 2003 2115 3577 2187; baseline -0.003 -13"><span class='ocrx_word' id='word_1_269' title='bbox 2003 2133 2153 2174; x_wconf 88' lang='lat' dir='ltr'><strong>mum</strong></span> <span class='ocrx_word' id='word_1_270' title='bbox 2189 2116 2454 2184; x_wconf 85' lang='lat' dir='ltr'><strong>Verbum,</strong></span> <span class='ocrx_word' id='word_1_271' title='bbox 2489 2131 2523 2171; x_wconf 90' lang='grc' dir='ltr'><strong>ο</strong></span> <span class='ocrx_word' id='word_1_272' title='bbox 2551 2116 2869 2172; x_wconf 84' lang='lat' dir='ltr'><strong>castissima</strong></span> <span class='ocrx_word' id='word_1_273' title='bbox 2904 2115 3002 2171; x_wconf 91' lang='lat' dir='ltr'><strong>Dei</strong></span> <span class='ocrx_word' id='word_1_274' title='bbox 3035 2130 3276 2187; x_wconf 88' lang='lat' dir='ltr'><strong>sponsa;</strong></span> <span class='ocrx_word' id='word_1_275' title='bbox 3307 2122 3577 2185; x_wconf 86' lang='lat' dir='ltr'><strong>tuumque</strong></span> 
     </span>
    </p>
   </div>
   <div class='ocr_carea' id='block_1_47' title="bbox 2002 2207 3577 2280">
    <p class='ocr_par' dir='ltr' id='par_1_47' title="bbox 2002 2207 3577 2280">
     <span class='ocr_line' id='line_1_47' title="bbox 2002 2207 3577 2280; baseline -0.002 -15"><span class='ocrx_word' id='word_1_276' title='bbox 2002 2217 2223 2266; x_wconf 82' lang='lat' dir='ltr'><strong>uterum</strong></span> <span class='ocrx_word' id='word_1_277' title='bbox 2261 2208 2612 2272; x_wconf 86' lang='lat' dir='ltr'><strong>inhabitavit,</strong></span> <span class='ocrx_word' id='word_1_278' title='bbox 2635 2209 2805 2264; x_wconf 86' lang='lat' dir='ltr'><strong>odore</strong></span> <span class='ocrx_word' id='word_1_279' title='bbox 2845 2207 3082 2280; x_wconf 89' lang='lat' dir='ltr'><strong>implens</strong></span> <span class='ocrx_word' id='word_1_280' title='bbox 3113 2207 3269 2264; x_wconf 80' lang='lat' dir='ltr'><strong>suavi</strong></span> <span class='ocrx_word' id='word_1_281' title='bbox 3317 2213 3577 2263; x_wconf 87' lang='lat' dir='ltr'><strong>naturam</strong></span> 
     </span>
    </p>
   </div>
   <div class='ocr_carea' id='block_1_48' title="bbox 2003 2298 3373 2373">
    <p class='ocr_par' dir='ltr' id='par_1_48' title="bbox 2003 2298 3373 2373">
     <span class='ocr_line' id='line_1_48' title="bbox 2003 2298 3373 2373; baseline 0.001 -18"><span class='ocrx_word' id='word_1_282' title='bbox 2003 2301 2223 2373; x_wconf 77' lang='lat' dir='ltr'><strong>plenam</strong></span> <span class='ocrx_word' id='word_1_283' title='bbox 2258 2298 2434 2356; x_wconf 75' lang='lat' dir='ltr'><strong>fetore</strong></span> <span class='ocrx_word' id='word_1_284' title='bbox 2456 2300 2701 2372; x_wconf 85' lang='lat' dir='ltr'><strong>peccati,</strong></span> <span class='ocrx_word' id='word_1_285' title='bbox 2730 2301 2837 2372; x_wconf 72' lang='grc' dir='ltr'><strong>ει</strong></span> <span class='ocrx_word' id='word_1_286' title='bbox 2868 2315 2904 2356; x_wconf 91' lang='lat' dir='ltr'><strong>o</strong></span> <span class='ocrx_word' id='word_1_287' title='bbox 2929 2299 3099 2356; x_wconf 78' lang='lat' dir='ltr'><strong>llaria</strong></span> <span class='ocrx_word' id='word_1_288' title='bbox 3119 2299 3373 2371; x_wconf 86' lang='lat' dir='ltr'><strong>Deipara.</strong></span> 
     </span>
    </p>
   </div>
   <div class='ocr_carea' id='block_1_49' title="bbox 2078 2409 3578 2484">
    <p class='ocr_par' dir='ltr' id='par_1_49' title="bbox 2078 2409 3578 2484">
     <span class='ocr_line' id='line_1_49' title="bbox 2078 2409 3578 2484; baseline -0.002 -15"><span class='ocrx_word' id='word_1_289' title='bbox 2078 2410 2183 2469; x_wconf 79' lang='lat' dir='ltr'><strong>Ubi</strong></span> <span class='ocrx_word' id='word_1_290' title='bbox 2219 2412 2442 2469; x_wconf 84' lang='lat' dir='ltr'><strong>Simeon</strong></span> <span class='ocrx_word' id='word_1_291' title='bbox 2476 2427 2642 2469; x_wconf 71' lang='lat' dir='ltr'><strong>senex</strong></span> <span class='ocrx_word' id='word_1_292' title='bbox 2671 2412 2808 2468; x_wconf 81' lang='lat' dir='ltr'><strong>vidit</strong></span> <span class='ocrx_word' id='word_1_293' title='bbox 2842 2421 2915 2478; x_wconf 86' lang='lat' dir='ltr'><strong>te,</strong></span> <span class='ocrx_word' id='word_1_294' title='bbox 2955 2427 2991 2468; x_wconf 92' lang='grc' dir='ltr'><strong>ο</strong></span> <span class='ocrx_word' id='word_1_295' title='bbox 3015 2412 3274 2484; x_wconf 77' lang='lat' dir='ltr'><strong>Deipara,</strong></span> <span class='ocrx_word' id='word_1_296' title='bbox 3303 2421 3429 2469; x_wconf 81' lang='lat' dir='ltr'><strong>esse</strong></span> <span class='ocrx_word' id='word_1_297' title='bbox 3457 2409 3578 2468; x_wconf 72' lang='lat' dir='ltr'><strong>Ila-</strong></span> 
     </span>
    </p>
   </div>
   <div class='ocr_carea' id='block_1_50' title="bbox 2008 2502 3579 2576">
    <p class='ocr_par' dir='ltr' id='par_1_50' title="bbox 2008 2502 3579 2576">
     <span class='ocr_line' id='line_1_50' title="bbox 2008 2502 3579 2576; baseline 0.001 -18"><span class='ocrx_word' id='word_1_298' title='bbox 2008 2512 2148 2558; x_wconf 87' lang='lat' dir='ltr'><strong>trem</strong></span> <span class='ocrx_word' id='word_1_299' title='bbox 2200 2502 2318 2571; x_wconf 87' lang='lat' dir='ltr'><strong>Dei,</strong></span> <span class='ocrx_word' id='word_1_300' title='bbox 2374 2504 2515 2559; x_wconf 75' lang='lat' dir='ltr'><strong>dixit</strong></span> <span class='ocrx_word' id='word_1_301' title='bbox 2567 2513 2829 2575; x_wconf 80' lang='lat' dir='ltr'><strong>tanquam</strong></span> <span class='ocrx_word' id='word_1_302' title='bbox 2883 2504 3183 2576; x_wconf 88' lang='lat' dir='ltr'><strong>propheta:</strong></span> <span class='ocrx_word' id='word_1_303' title='bbox 3240 2502 3385 2558; x_wconf 77' lang='lat' dir='ltr'><strong>Ecce</strong></span> <span class='ocrx_word' id='word_1_304' title='bbox 3433 2502 3579 2561; x_wconf 80' lang='lat' dir='ltr'><strong>ﬁlius</strong></span> 
     </span>
    </p>
   </div>
   <div class='ocr_carea' id='block_1_51' title="bbox 2006 2595 3576 2664">
    <p class='ocr_par' dir='ltr' id='par_1_51' title="bbox 2006 2595 3576 2664">
     <span class='ocr_line' id='line_1_51' title="bbox 2006 2595 3576 2664; baseline 0.003 -16"><span class='ocrx_word' id='word_1_305' title='bbox 2006 2601 2138 2650; x_wconf 86' lang='lat' dir='ltr'><strong>tuus</strong></span> <span class='ocrx_word' id='word_1_306' title='bbox 2199 2596 2254 2650; x_wconf 87' lang='lat' dir='ltr'><strong>in</strong></span> <span class='ocrx_word' id='word_1_307' title='bbox 2315 2597 2801 2664; x_wconf 83' lang='lat' dir='ltr'><strong>resurrectionem,</strong></span> <span class='ocrx_word' id='word_1_308' title='bbox 2862 2603 2920 2651; x_wconf 91' lang='lat' dir='ltr'><strong>et</strong></span> <span class='ocrx_word' id='word_1_309' title='bbox 2988 2598 3205 2651; x_wconf 89' lang='lat' dir='ltr'><strong>ruinam</strong></span> <span class='ocrx_word' id='word_1_310' title='bbox 3281 2595 3576 2652; x_wconf 85' lang='lat' dir='ltr'><strong>multorum</strong></span> 
     </span>
    </p>
   </div>
   <div class='ocr_carea' id='block_1_52' title="bbox 2008 2686 3581 2761">
    <p class='ocr_par' dir='ltr' id='par_1_52' title="bbox 2008 2686 3581 2761">
     <span class='ocr_line' id='line_1_52' title="bbox 2008 2686 3581 2761; baseline 0.002 -21"><span class='ocrx_word' id='word_1_311' title='bbox 2008 2689 2223 2756; x_wconf 88' lang='lat' dir='ltr'><strong>positus</strong></span> <span class='ocrx_word' id='word_1_312' title='bbox 2265 2695 2372 2752; x_wconf 88' lang='lat' dir='ltr'><strong>est,</strong></span> <span class='ocrx_word' id='word_1_313' title='bbox 2414 2703 2449 2743; x_wconf 91' lang='lat'><strong>0</strong></span> <span class='ocrx_word' id='word_1_314' title='bbox 2489 2687 2741 2755; x_wconf 87' lang='lat' dir='ltr'><strong>Domina,</strong></span> <span class='ocrx_word' id='word_1_315' title='bbox 2785 2696 2840 2744; x_wconf 87' lang='lat' dir='ltr'><strong>et</strong></span> <span class='ocrx_word' id='word_1_316' title='bbox 2880 2688 2939 2743; x_wconf 83' lang='lat' dir='ltr'><strong>in</strong></span> <span class='ocrx_word' id='word_1_317' title='bbox 2973 2689 3189 2761; x_wconf 73' lang='lat' dir='ltr'><strong>signum</strong></span> <span class='ocrx_word' id='word_1_318' title='bbox 3226 2686 3462 2745; x_wconf 79' lang='lat' dir='ltr'><strong>diﬂicilis</strong></span> <span class='ocrx_word' id='word_1_319' title='bbox 3495 2688 3581 2743; x_wconf 82' lang='lat' dir='ltr'><strong>itt-</strong></span> 
     </span>
    </p>
   </div>
   <div class='ocr_carea' id='block_1_53' title="bbox 2011 2779 2441 2848">
    <p class='ocr_par' dir='ltr' id='par_1_53' title="bbox 2011 2779 2441 2848">
     <span class='ocr_line' id='line_1_53' title="bbox 2011 2779 2441 2848; baseline 0.009 -16"><span class='ocrx_word' id='word_1_320' title='bbox 2011 2779 2441 2848; x_wconf 85' lang='lat' dir='ltr'><strong>terpretationis.</strong></span> 
     </span>
    </p>
   </div>
   <div class='ocr_carea' id='block_1_54' title="bbox 2011 2901 3577 3031">
    <p class='ocr_par' dir='ltr' id='par_1_54' title="bbox 2011 2901 3577 3031">
     <span class='ocr_line' id='line_1_54' title="bbox 2011 2901 3577 3031; baseline 0.001 -72"><span class='ocrx_word' id='word_1_321' title='bbox 2011 2901 2098 2959; x_wconf 77' lang='lat' dir='ltr'><strong>Ea:</strong></span> <span class='ocrx_word' id='word_1_322' title='bbox 2155 2905 2368 2963; x_wconf 74' lang='lat' dir='ltr'><strong>Catiane</strong></span> <span class='ocrx_word' id='word_1_323' title='bbox 2424 2907 2478 2961; x_wconf 83' lang='lat' dir='ltr'><strong>in</strong></span> <span class='ocrx_word' id='word_1_324' title='bbox 2532 2905 2592 2962; x_wconf 87' lang='lat' dir='ltr'><strong>S.</strong></span> <span class='ocrx_word' id='word_1_325' title='bbox 2655 2905 2936 3031; x_wconf 40' lang='lat' dir='ltr'><strong>Bay-013m,</strong></span> <span class='ocrx_word' id='word_1_326' title='bbox 2967 2907 3266 2977; x_wconf 74' lang='lat' dir='ltr'><strong>episcopum</strong></span> <span class='ocrx_word' id='word_1_327' title='bbox 3312 2905 3577 2976; x_wconf 65' lang='lat' dir='ltr'><strong>Smyrna,</strong></span> 
     </span>
     <span class='ocr_line' id='line_1_55' title="bbox 2753 2994 2886 3031; baseline 0 0"><span class='ocrx_word' id='word_1_328' title='bbox 2753 2994 2798 3031; x_wconf 78' lang='lat' dir='ltr'><strong>te</strong></span> <span class='ocrx_word' id='word_1_329' title='bbox 2863 3014 2886 3031; x_wconf 89' lang='lat'><em>.</em></span> 
     </span>
    </p>
   </div>
   <div class='ocr_carea' id='block_1_55' title="bbox 2753 2994 2886 3034">
    <p class='ocr_par' dir='ltr' id='par_1_55' title="bbox 2753 2994 2886 3034">
     <span class='ocr_line' id='line_1_56' title="bbox 2753 2994 2886 3034; baseline 0.023 -3"><span class='ocrx_word' id='word_1_330' title='bbox 2753 2994 2798 3031; x_wconf 74' lang='grc' dir='ltr'><strong>ιε</strong></span> <span class='ocrx_word' id='word_1_331' title='bbox 2827 2994 2886 3034; x_wconf 78' lang='grc' dir='ltr'><strong>υο</strong></span> 
     </span>
    </p>
   </div>
   <div class='ocr_carea' id='block_1_56' title="bbox 2085 3129 3580 3202">
    <p class='ocr_par' dir='ltr' id='par_1_56' title="bbox 2085 3129 3580 3202">
     <span class='ocr_line' id='line_1_57' title="bbox 2085 3129 3580 3202; baseline -0.001 -16"><span class='ocrx_word' id='word_1_332' title='bbox 2085 3130 2408 3202; x_wconf 78' lang='lat' dir='ltr'><strong>Unigenitus</strong></span> <span class='ocrx_word' id='word_1_333' title='bbox 2437 3131 2531 3201; x_wconf 91' lang='lat' dir='ltr'><strong>qui</strong></span> <span class='ocrx_word' id='word_1_334' title='bbox 2556 3142 2640 3187; x_wconf 91' lang='lat' dir='ltr'><strong>est</strong></span> <span class='ocrx_word' id='word_1_335' title='bbox 2656 3132 2818 3189; x_wconf 89' lang='lat' dir='ltr'><strong>simul</strong></span> <span class='ocrx_word' id='word_1_336' title='bbox 2843 3145 2966 3186; x_wconf 88' lang='lat' dir='ltr'><strong>cum</strong></span> <span class='ocrx_word' id='word_1_337' title='bbox 2994 3130 3174 3196; x_wconf 86' lang='lat' dir='ltr'><strong>Patre,</strong></span> <span class='ocrx_word' id='word_1_338' title='bbox 3199 3129 3251 3185; x_wconf 90' lang='lat' dir='ltr'><strong>iu</strong></span> <span class='ocrx_word' id='word_1_339' title='bbox 3282 3140 3440 3187; x_wconf 83' lang='lat' dir='ltr'><strong>utero</strong></span> <span class='ocrx_word' id='word_1_340' title='bbox 3461 3137 3580 3197; x_wconf 87' lang='lat' dir='ltr'><strong>tuo,</strong></span> 
     </span>
    </p>
   </div>
   <div class='ocr_carea' id='block_1_57' title="bbox 333 3203 1907 3296">
    <p class='ocr_par' dir='ltr' id='par_1_57' title="bbox 333 3217 1906 3296">
     <span class='ocr_line' id='line_1_58' title="bbox 333 3217 1906 3296; baseline -0.004 -20"><span class='ocrx_word' id='word_1_341' title='bbox 333 3222 393 3276; x_wconf 67' lang='lat' dir='ltr'><strong>iv</strong></span> <span class='ocrx_word' id='word_1_342' title='bbox 422 3225 605 3296; x_wconf 72' lang='grc' dir='ltr'>μήτρᾳ</span> <span class='ocrx_word' id='word_1_343' title='bbox 634 3237 726 3275; x_wconf 73' lang='grc' dir='ltr'><strong>σου</strong></span> <span class='ocrx_word' id='word_1_344' title='bbox 775 3220 1080 3290; x_wconf 73' lang='grc' dir='ltr'><strong>σαρκωθεὶς</strong></span> <span class='ocrx_word' id='word_1_345' title='bbox 1122 3218 1465 3289; x_wconf 80' lang='grc' dir='ltr'><strong>θεοπρεπῶς,</strong></span> <span class='ocrx_word' id='word_1_346' title='bbox 1509 3220 1635 3281; x_wconf 78' lang='grc' dir='ltr'><strong>τοὺς</strong></span> <span class='ocrx_word' id='word_1_347' title='bbox 1680 3217 1906 3288; x_wconf 82' lang='grc' dir='ltr'><strong>βροτοὺς</strong></span> 
     </span>
    </p>
   </div>
   <div class='ocr_carea' id='block_1_58' title="bbox 2006 3203 3582 3296">
    <p class='ocr_par' dir='ltr' id='par_1_58' title="bbox 2015 3219 3582 3291">
     <span class='ocr_line' id='line_1_59' title="bbox 2015 3219 3582 3291; baseline -0.001 -14"><span class='ocrx_word' id='word_1_348' title='bbox 2015 3236 2049 3277; x_wconf 94' lang='lat' dir='ltr'><strong>o</strong></span> <span class='ocrx_word' id='word_1_349' title='bbox 2085 3232 2262 3286; x_wconf 85' lang='lat' dir='ltr'><strong>casta,</strong></span> <span class='ocrx_word' id='word_1_350' title='bbox 2295 3221 2641 3278; x_wconf 78' lang='lat' dir='ltr'><strong>ineﬂ‘ahilitcr</strong></span> <span class='ocrx_word' id='word_1_351' title='bbox 2670 3221 3014 3288; x_wconf 88' lang='lat' dir='ltr'><strong>incarnatus,</strong></span> <span class='ocrx_word' id='word_1_352' title='bbox 3052 3229 3211 3291; x_wconf 83' lang='lat' dir='ltr'><strong>prout</strong></span> <span class='ocrx_word' id='word_1_353' title='bbox 3254 3219 3399 3276; x_wconf 84' lang='lat' dir='ltr'><strong>Deus</strong></span> <span class='ocrx_word' id='word_1_354' title='bbox 3423 3221 3582 3276; x_wconf 53' lang='lat' dir='ltr'><strong>decc-</strong></span> 
     </span>
    </p>
   </div>
   <div class='ocr_carea' id='block_1_59' title="bbox 334 3309 1902 3384">
    <p class='ocr_par' dir='ltr' id='par_1_59' title="bbox 334 3309 1902 3384">
     <span class='ocr_line' id='line_1_60' title="bbox 334 3309 1902 3384; baseline -0.003 -15"><span class='ocrx_word' id='word_1_355' title='bbox 334 3315 588 3383; x_wconf 71' lang='grc' dir='ltr'><strong>ἔθέωσεν,</strong></span> <span class='ocrx_word' id='word_1_356' title='bbox 612 3313 773 3384; x_wconf 79' lang='grc' dir='ltr'><strong>ἁγνὴ,</strong></span> <span class='ocrx_word' id='word_1_357' title='bbox 804 3313 893 3368; x_wconf 81' lang='grc' dir='ltr'><strong>διὰ</strong></span> <span class='ocrx_word' id='word_1_358' title='bbox 917 3311 1120 3384; x_wconf 78' lang='grc' dir='ltr'><strong>πλῆθος</strong></span> <span class='ocrx_word' id='word_1_359' title='bbox 1146 3311 1447 3384; x_wconf 73' lang='grc' dir='ltr'><strong>οἰκτιρμῶν</strong></span> <span class='ocrx_word' id='word_1_360' title='bbox 1479 3313 1509 3366; x_wconf 82' lang='grc' dir='ltr'><strong>ὁ</strong></span> <span class='ocrx_word' id='word_1_361' title='bbox 1534 3309 1902 3381; x_wconf 75' lang='grc' dir='ltr'><strong>ὑπεράγαθος.</strong></span> 
     </span>
    </p>
   </div>
   <div class='ocr_carea' id='block_1_60' title="bbox 403 3588 1909 3662">
    <p class='ocr_par' dir='ltr' id='par_1_60' title="bbox 403 3588 1909 3662">
     <span class='ocr_line' id='line_1_61' title="bbox 403 3588 1909 3662; baseline 0 -16"><span class='ocrx_word' id='word_1_362' title='bbox 403 3591 584 3662; x_wconf 77' lang='grc' dir='ltr'><strong>Διμὴν</strong></span> <span class='ocrx_word' id='word_1_363' title='bbox 617 3588 774 3660; x_wconf 79' lang='grc' dir='ltr'><strong>γενοῦ</strong></span> <span class='ocrx_word' id='word_1_364' title='bbox 801 3607 916 3661; x_wconf 87' lang='grc' dir='ltr'><strong>μοι,</strong></span> <span class='ocrx_word' id='word_1_365' title='bbox 942 3589 1035 3645; x_wconf 77' lang='grc' dir='ltr'><strong>καὶ</strong></span> <span class='ocrx_word' id='word_1_366' title='bbox 1057 3589 1313 3661; x_wconf 83' lang='grc' dir='ltr'>φρουρὸς,</span> <span class='ocrx_word' id='word_1_367' title='bbox 1345 3590 1465 3654; x_wconf 77' lang='grc' dir='ltr'><strong>ταῖς</strong></span> <span class='ocrx_word' id='word_1_368' title='bbox 1489 3589 1692 3657; x_wconf 74' lang='grc' dir='ltr'><strong>δειναῖς</strong></span> <span class='ocrx_word' id='word_1_369' title='bbox 1718 3606 1909 3662; x_wconf 76' lang='grc' dir='ltr'><strong>τρικυο</strong></span> 
     </span>
    </p>
   </div>
   <div class='ocr_carea' id='block_1_61' title="bbox 339 3678 1908 3754">
    <p class='ocr_par' dir='ltr' id='par_1_61' title="bbox 339 3678 1908 3754">
     <span class='ocr_line' id='line_1_62' title="bbox 339 3678 1908 3754; baseline -0.002 -16"><span class='ocrx_word' id='word_1_370' title='bbox 339 3681 494 3754; x_wconf 55' lang='grc' dir='ltr'><strong>παλαις</strong></span> <span class='ocrx_word' id='word_1_371' title='bbox 541 3681 651 3735; x_wconf 87' lang='grc' dir='ltr'>τῶν</span> <span class='ocrx_word' id='word_1_372' title='bbox 703 3679 891 3734; x_wconf 84' lang='grc' dir='ltr'><strong>παθῶν</strong></span> <span class='ocrx_word' id='word_1_373' title='bbox 934 3679 1230 3742; x_wconf 82' lang='grc' dir='ltr'><strong>ἀνενδότως</strong></span> <span class='ocrx_word' id='word_1_374' title='bbox 1277 3678 1662 3751; x_wconf 73' lang='grc' dir='ltr'><strong>χειμαζομένῳ</strong></span> <span class='ocrx_word' id='word_1_375' title='bbox 1722 3681 1813 3738; x_wconf 71' lang='grc' dir='ltr'><strong>ἀεὶ</strong></span> <span class='ocrx_word' id='word_1_376' title='bbox 1843 3683 1908 3735; x_wconf 69' lang='grc' dir='ltr'><strong>ἐν</strong></span> 
     </span>
    </p>
   </div>
   <div class='ocr_carea' id='block_1_62' title="bbox 338 3772 1764 3847">
    <p class='ocr_par' dir='ltr' id='par_1_62' title="bbox 338 3772 1764 3847">
     <span class='ocr_line' id='line_1_63' title="bbox 338 3772 1764 3847; baseline 0 -19"><span class='ocrx_word' id='word_1_377' title='bbox 338 3774 602 3847; x_wconf 71' lang='grc' dir='ltr'><strong>θαλάσσῃ,</strong></span> <span class='ocrx_word' id='word_1_378' title='bbox 633 3772 795 3844; x_wconf 79' lang='grc' dir='ltr'><strong>ἁγνὴ,</strong></span> <span class='ocrx_word' id='word_1_379' title='bbox 833 3775 900 3846; x_wconf 73' lang='grc' dir='ltr'><strong>τῇ</strong></span> <span class='ocrx_word' id='word_1_380' title='bbox 931 3772 1027 3828; x_wconf 77' lang='grc' dir='ltr'><strong>τοῦ</strong></span> <span class='ocrx_word' id='word_1_381' title='bbox 1059 3772 1199 3843; x_wconf 82' lang='grc' dir='ltr'><strong>βίου,</strong></span> <span class='ocrx_word' id='word_1_382' title='bbox 1225 3773 1364 3842; x_wconf 84' lang='grc' dir='ltr'><strong>μόνη</strong></span> <span class='ocrx_word' id='word_1_383' title='bbox 1386 3773 1474 3827; x_wconf 74' lang='grc' dir='ltr'><strong>ἀεὶ</strong></span> <span class='ocrx_word' id='word_1_384' title='bbox 1505 3773 1764 3846; x_wconf 73' lang='grc' dir='ltr'><strong>παρθένε.</strong></span> 
     </span>
    </p>
   </div>
   <div class='ocr_carea' id='block_1_63' title="bbox 407 3865 1910 3938">
    <p class='ocr_par' dir='ltr' id='par_1_63' title="bbox 407 3865 1910 3938">
     <span class='ocr_line' id='line_1_64' title="bbox 407 3865 1910 3938; baseline -0.002 -18"><span class='ocrx_word' id='word_1_385' title='bbox 407 3865 674 3929; x_wconf 69' lang='grc' dir='ltr'><strong>ι¹νωστῶς</strong></span> <span class='ocrx_word' id='word_1_386' title='bbox 701 3867 761 3918; x_wconf 69' lang='grc' dir='ltr'><strong>ἐν</strong></span> <span class='ocrx_word' id='word_1_387' title='bbox 793 3866 942 3936; x_wconf 77' lang='grc' dir='ltr'><strong>βάτῳ</strong></span> <span class='ocrx_word' id='word_1_388' title='bbox 999 3882 1060 3919; x_wconf 89' lang='grc' dir='ltr'><strong>σε</strong></span> <span class='ocrx_word' id='word_1_389' title='bbox 1100 3867 1305 3936; x_wconf 76' lang='grc' dir='ltr'><strong>Μωσῆς</strong></span> <span class='ocrx_word' id='word_1_390' title='bbox 1333 3865 1584 3928; x_wconf 81' lang='grc' dir='ltr'><strong>ἑώρακεν</strong></span> <span class='ocrx_word' id='word_1_391' title='bbox 1626 3865 1789 3938; x_wconf 82' lang='grc' dir='ltr'><strong>ἱερῶς</strong></span> <span class='ocrx_word' id='word_1_392' title='bbox 1809 3880 1910 3918; x_wconf 82' lang='grc' dir='ltr'><strong>τυ-</strong></span> 
     </span>
    </p>
   </div>
   <div class='ocr_carea' id='block_1_64' title="bbox 337 3958 1912 4030">
    <p class='ocr_par' dir='ltr' id='par_1_64' title="bbox 337 3958 1912 4030">
     <span class='ocr_line' id='line_1_65' title="bbox 337 3958 1912 4030; baseline -0.001 -17"><span class='ocrx_word' id='word_1_393' title='bbox 337 3958 635 4030; x_wconf 78' lang='grc' dir='ltr'><strong>πουμένην,</strong></span> <span class='ocrx_word' id='word_1_394' title='bbox 667 3958 767 4029; x_wconf 75' lang='grc' dir='ltr'><strong>τὴν</strong></span> <span class='ocrx_word' id='word_1_395' title='bbox 798 3960 891 4013; x_wconf 84' lang='grc' dir='ltr'><strong>τοῦ</strong></span> <span class='ocrx_word' id='word_1_396' title='bbox 917 3959 1089 4028; x_wconf 75' lang='grc' dir='ltr'>πυρὸς</span> <span class='ocrx_word' id='word_1_397' title='bbox 1115 3958 1416 4028; x_wconf 86' lang='grc' dir='ltr'><strong>μέλλουσαν</strong></span> <span class='ocrx_word' id='word_1_398' title='bbox 1440 3958 1760 4030; x_wconf 77' lang='grc' dir='ltr'><strong>λοχιύτριαν</strong></span> <span class='ocrx_word' id='word_1_399' title='bbox 1784 3960 1912 4014; x_wconf 72' lang='grc' dir='ltr'><strong>ἅναο</strong></span> 
     </span>
    </p>
   </div>
   <div class='ocr_carea' id='block_1_65' title="bbox 337 4049 1583 4122">
    <p class='ocr_par' dir='ltr' id='par_1_65' title="bbox 337 4049 1583 4122">
     <span class='ocr_line' id='line_1_66' title="bbox 337 4049 1583 4122; baseline 0.002 -18"><span class='ocrx_word' id='word_1_400' title='bbox 337 4053 572 4121; x_wconf 81' lang='grc' dir='ltr'><strong>φανῆναι</strong></span> <span class='ocrx_word' id='word_1_401' title='bbox 606 4050 908 4122; x_wconf 78' lang='grc' dir='ltr'><strong>μυστικῶς,</strong></span> <span class='ocrx_word' id='word_1_402' title='bbox 935 4049 1166 4104; x_wconf 81' lang='grc' dir='ltr'><strong>Θεοτόκε</strong></span> <span class='ocrx_word' id='word_1_403' title='bbox 1196 4050 1285 4104; x_wconf 78' lang='grc' dir='ltr'><strong>ἀεὶ</strong></span> <span class='ocrx_word' id='word_1_404' title='bbox 1320 4050 1583 4121; x_wconf 76' lang='grc' dir='ltr'><strong>παρθένε.</strong></span> 
     </span>
    </p>
   </div>
   <div class='ocr_carea' id='block_1_66' title="bbox 406 4141 1910 4215">
    <p class='ocr_par' dir='ltr' id='par_1_66' title="bbox 406 4141 1910 4215">
     <span class='ocr_line' id='line_1_67' title="bbox 406 4141 1910 4215; baseline 0 -19"><span class='ocrx_word' id='word_1_405' title='bbox 406 4143 621 4213; x_wconf 81' lang='grc' dir='ltr'>Νόμους</span> <span class='ocrx_word' id='word_1_406' title='bbox 645 4143 744 4213; x_wconf 79' lang='grc' dir='ltr'><strong>τῆς</strong></span> <span class='ocrx_word' id='word_1_407' title='bbox 767 4143 984 4213; x_wconf 74' lang='grc' dir='ltr'><strong>φύσεως</strong></span> <span class='ocrx_word' id='word_1_408' title='bbox 1026 4141 1234 4213; x_wconf 83' lang='grc' dir='ltr'>Ἰησοῦς</span> <span class='ocrx_word' id='word_1_409' title='bbox 1263 4143 1293 4196; x_wconf 80' lang='grc' dir='ltr'>ὁ</span> <span class='ocrx_word' id='word_1_410' title='bbox 1319 4144 1752 4215; x_wconf 74' lang='grc' dir='ltr'><strong>πανυπερούσιος</strong></span> <span class='ocrx_word' id='word_1_411' title='bbox 1774 4143 1910 4208; x_wconf 72' lang='grc' dir='ltr'><strong>Θεὸς</strong></span> 
     </span>
    </p>
   </div>
   <div class='ocr_carea' id='block_1_67' title="bbox 338 4231 1910 4305">
    <p class='ocr_par' dir='ltr' id='par_1_67' title="bbox 338 4231 1910 4305">
     <span class='ocr_line' id='line_1_68' title="bbox 338 4231 1910 4305; baseline 0.002 -19"><span class='ocrx_word' id='word_1_412' title='bbox 338 4233 669 4303; x_wconf 75' lang='grc' dir='ltr'><strong>καινοτομεϊ.</strong></span> <span class='ocrx_word' id='word_1_413' title='bbox 701 4231 1104 4303; x_wconf 82' lang='grc' dir='ltr'><strong>παναμώμητε,</strong></span> <span class='ocrx_word' id='word_1_414' title='bbox 1136 4232 1232 4286; x_wconf 84' lang='grc' dir='ltr'><strong>σοῦ</strong></span> <span class='ocrx_word' id='word_1_415' title='bbox 1258 4233 1324 4286; x_wconf 68' lang='grc' dir='ltr'><strong>ἐκ</strong></span> <span class='ocrx_word' id='word_1_416' title='bbox 1364 4233 1463 4304; x_wconf 80' lang='grc' dir='ltr'><strong>τῆς</strong></span> <span class='ocrx_word' id='word_1_417' title='bbox 1492 4234 1687 4305; x_wconf 77' lang='grc' dir='ltr'><strong>νηδύος</strong></span> <span class='ocrx_word' id='word_1_418' title='bbox 1718 4236 1910 4290; x_wconf 65' lang='lat' dir='ltr'><strong>direct.-</strong></span> 
     </span>
    </p>
   </div>
   <div class='ocr_carea' id='block_1_68' title="bbox 343 4322 1766 4401">
    <p class='ocr_par' dir='ltr' id='par_1_68' title="bbox 343 4322 1766 4401">
     <span class='ocr_line' id='line_1_69' title="bbox 343 4322 1766 4401; baseline 0.006 -27"><span class='ocrx_word' id='word_1_419' title='bbox 343 4323 608 4394; x_wconf 79' lang='grc' dir='ltr'><strong>κτόμινος</strong></span> <span class='ocrx_word' id='word_1_420' title='bbox 634 4323 664 4375; x_wconf 78' lang='grc' dir='ltr'><strong>ὁ</strong></span> <span class='ocrx_word' id='word_1_421' title='bbox 695 4322 857 4394; x_wconf 84' lang='grc' dir='ltr'>μόνος</span> <span class='ocrx_word' id='word_1_422' title='bbox 903 4324 1175 4389; x_wconf 75' lang='grc' dir='ltr'><strong>οὑσιώσας</strong></span> <span class='ocrx_word' id='word_1_423' title='bbox 1205 4334 1267 4381; x_wconf 87' lang='grc' dir='ltr'><strong>το</strong></span> <span class='ocrx_word' id='word_1_424' title='bbox 1291 4327 1402 4382; x_wconf 76' lang='grc' dir='ltr'><strong>πᾶν</strong></span> <span class='ocrx_word' id='word_1_425' title='bbox 1443 4326 1766 4401; x_wconf 79' lang='grc' dir='ltr'><strong>βουλήματι.</strong></span> 
     </span>
    </p>
   </div>
   <div class='ocr_carea' id='block_1_69' title="bbox 423 4499 1991 4616">
    <p class='ocr_par' dir='ltr' id='par_1_69' title="bbox 423 4499 1991 4616">
     <span class='ocr_line' id='line_1_70' title="bbox 423 4499 1991 4616; baseline 0.011 -65"><span class='ocrx_word' id='word_1_426' title='bbox 423 4499 489 4616; x_wconf 68' lang='lat' dir='ltr'><strong>:H</strong></span> <span class='ocrx_word' id='word_1_427' title='bbox 538 4499 835 4616; x_wconf 41' lang='grc' dir='ltr'><strong>ἶτὶῖληῑτῇς</strong></span> <span class='ocrx_word' id='word_1_428' title='bbox 863 4501 1087 4607; x_wconf 62' lang='grc' dir='ltr'><strong>χάριτος</strong></span> <span class='ocrx_word' id='word_1_429' title='bbox 1140 4506 1176 4575; x_wconf 73' lang='grc' dir='ltr'>ἡ</span> <span class='ocrx_word' id='word_1_430' title='bbox 1225 4505 1486 4573; x_wconf 74' lang='grc' dir='ltr'><strong>ἀνοίξασα</strong></span> <span class='ocrx_word' id='word_1_431' title='bbox 1548 4510 1762 4581; x_wconf 74' lang='grc' dir='ltr'>βροτοῖς</span> <span class='ocrx_word' id='word_1_432' title='bbox 1810 4512 1910 4584; x_wconf 80' lang='grc' dir='ltr'><strong>τὴν</strong></span> <span class='ocrx_word' id='word_1_433' title='bbox 1942 4558 1991 4616; x_wconf 59' lang='grc' dir='ltr'><strong>υ</strong></span> 
     </span>
    </p>
   </div>
   <div class='ocr_carea' id='block_1_70' title="bbox 340 4591 1911 4673">
    <p class='ocr_par' dir='ltr' id='par_1_70' title="bbox 340 4591 1911 4673">
     <span class='ocr_line' id='line_1_71' title="bbox 340 4591 1911 4673; baseline 0.009 -28"><span class='ocrx_word' id='word_1_434' title='bbox 340 4591 517 4664; x_wconf 79' lang='grc' dir='ltr'><strong>πύλην</strong></span> <span class='ocrx_word' id='word_1_435' title='bbox 536 4592 634 4662; x_wconf 82' lang='grc' dir='ltr'><strong>τὴν</strong></span> <span class='ocrx_word' id='word_1_436' title='bbox 662 4592 933 4665; x_wconf 77' lang='grc' dir='ltr'><strong>οὐράνιον,</strong></span> <span class='ocrx_word' id='word_1_437' title='bbox 959 4594 1059 4665; x_wconf 80' lang='grc' dir='ltr'><strong>τῆς</strong></span> <span class='ocrx_word' id='word_1_438' title='bbox 1081 4598 1368 4666; x_wconf 79' lang='grc' dir='ltr'><strong>μετανοίας</strong></span> <span class='ocrx_word' id='word_1_439' title='bbox 1390 4600 1564 4665; x_wconf 80' lang='grc' dir='ltr'><strong>πύλας</strong></span> <span class='ocrx_word' id='word_1_440' title='bbox 1587 4621 1677 4672; x_wconf 91' lang='grc' dir='ltr'><strong>μοι</strong></span> <span class='ocrx_word' id='word_1_441' title='bbox 1709 4604 1911 4673; x_wconf 73' lang='grc' dir='ltr'><strong>τηλαυο</strong></span> 
     </span>
    </p>
   </div>
   <div class='ocr_carea' id='block_1_71' title="bbox 338 4685 1908 4758">
    <p class='ocr_par' dir='ltr' id='par_1_71' title="bbox 338 4685 1908 4758">
     <span class='ocr_line' id='line_1_72' title="bbox 338 4685 1908 4758; baseline 0.006 -16"><span class='ocrx_word' id='word_1_442' title='bbox 338 4688 452 4758; x_wconf 82' lang='grc' dir='ltr'><strong>γῶς</strong></span> <span class='ocrx_word' id='word_1_443' title='bbox 504 4685 790 4754; x_wconf 78' lang='grc' dir='ltr'><strong>διάνοιξον,</strong></span> <span class='ocrx_word' id='word_1_444' title='bbox 827 4687 1116 4751; x_wconf 80' lang='grc' dir='ltr'><strong>Δέσποινα,</strong></span> <span class='ocrx_word' id='word_1_445' title='bbox 1151 4686 1246 4742; x_wconf 78' lang='grc' dir='ltr'><strong>καὶ</strong></span> <span class='ocrx_word' id='word_1_446' title='bbox 1300 4691 1484 4746; x_wconf 81' lang='grc' dir='ltr'><strong>πυλῶν</strong></span> <span class='ocrx_word' id='word_1_447' title='bbox 1530 4692 1625 4748; x_wconf 81' lang='grc' dir='ltr'><strong>τοῦ</strong></span> <span class='ocrx_word' id='word_1_448' title='bbox 1678 4695 1908 4752; x_wconf 81' lang='grc' dir='ltr'><strong>θανάτου</strong></span> 
     </span>
    </p>
   </div>
   <div class='ocr_carea' id='block_1_72' title="bbox 338 4781 734 4852">
    <p class='ocr_par' dir='ltr' id='par_1_72' title="bbox 338 4781 734 4852">
     <span class='ocr_line' id='line_1_73' title="bbox 338 4781 734 4852; baseline 0.003 -18"><span class='ocrx_word' id='word_1_449' title='bbox 338 4781 734 4852; x_wconf 66' lang='grc' dir='ltr'><strong>ἔλευθέρωσον.</strong></span> 
     </span>
    </p>
   </div>
   <div class='ocr_carea' id='block_1_73' title="bbox 408 4893 1911 4980">
    <p class='ocr_par' dir='ltr' id='par_1_73' title="bbox 408 4893 1911 4980">
     <span class='ocr_line' id='line_1_74' title="bbox 408 4893 1911 4980; baseline 0.007 -31"><span class='ocrx_word' id='word_1_450' title='bbox 408 4893 792 4967; x_wconf 79' lang='grc' dir='ltr'><strong>Λυτρωοέντες</strong></span> <span class='ocrx_word' id='word_1_451' title='bbox 847 4893 950 4964; x_wconf 79' lang='grc' dir='ltr'><strong>τῆς</strong></span> <span class='ocrx_word' id='word_1_452' title='bbox 984 4893 1218 4967; x_wconf 78' lang='grc' dir='ltr'><strong>ἀρχαίας</strong></span> <span class='ocrx_word' id='word_1_453' title='bbox 1259 4898 1589 4966; x_wconf 81' lang='grc' dir='ltr'><strong>ἀποφάσεως</strong></span> <span class='ocrx_word' id='word_1_454' title='bbox 1637 4902 1718 4973; x_wconf 81' lang='grc' dir='ltr'>τῷ</span> <span class='ocrx_word' id='word_1_455' title='bbox 1767 4904 1911 4980; x_wconf 79' lang='grc' dir='ltr'>τόκῳ</span> 
     </span>
    </p>
   </div>
   <div class='ocr_carea' id='block_1_74' title="bbox 339 4984 1908 5066">
    <p class='ocr_par' dir='ltr' id='par_1_74' title="bbox 339 4984 1908 5066">
     <span class='ocr_line' id='line_1_75' title="bbox 339 4984 1908 5066; baseline 0.004 -25"><span class='ocrx_word' id='word_1_456' title='bbox 339 5005 458 5050; x_wconf 85' lang='grc' dir='ltr'><strong>σου,</strong></span> <span class='ocrx_word' id='word_1_457' title='bbox 490 4986 823 5056; x_wconf 84' lang='grc' dir='ltr'><strong>πανὰμωμε,</strong></span> <span class='ocrx_word' id='word_1_458' title='bbox 854 4984 1205 5056; x_wconf 82' lang='grc' dir='ltr'><strong>ἀνυμνοῦμέν</strong></span> <span class='ocrx_word' id='word_1_459' title='bbox 1225 5004 1285 5040; x_wconf 87' lang='grc' dir='ltr'><strong>σε</strong></span> <span class='ocrx_word' id='word_1_460' title='bbox 1331 4992 1381 5042; x_wconf 78' lang='grc' dir='ltr'><strong>οι</strong></span> <span class='ocrx_word' id='word_1_461' title='bbox 1412 4991 1696 5056; x_wconf 81' lang='grc' dir='ltr'><strong>σωθέντες,</strong></span> <span class='ocrx_word' id='word_1_462' title='bbox 1747 4996 1908 5066; x_wconf 83' lang='grc' dir='ltr'><strong>κόρη,</strong></span> 
     </span>
    </p>
   </div>
   <div class='ocr_carea' id='block_1_75' title="bbox 339 5078 1911 5158">
    <p class='ocr_par' dir='ltr' id='par_1_75' title="bbox 339 5078 1911 5158">
     <span class='ocr_line' id='line_1_76' title="bbox 339 5078 1911 5158; baseline -0.001 -25"><span class='ocrx_word' id='word_1_463' title='bbox 339 5081 428 5135; x_wconf 81' lang='grc' dir='ltr'><strong>διὰ</strong></span> <span class='ocrx_word' id='word_1_464' title='bbox 459 5078 577 5142; x_wconf 71' lang='grc' dir='ltr'>σοῦ,</span> <span class='ocrx_word' id='word_1_465' title='bbox 605 5079 839 5147; x_wconf 86' lang='grc' dir='ltr'><strong>βοῶντες</strong></span> <span class='ocrx_word' id='word_1_466' title='bbox 875 5079 970 5132; x_wconf 77' lang='grc' dir='ltr'><strong>καὶ</strong></span> <span class='ocrx_word' id='word_1_467' title='bbox 1013 5078 1265 5147; x_wconf 82' lang='grc' dir='ltr'><strong>λέγοντες</strong></span> <span class='ocrx_word' id='word_1_468' title='bbox 1319 5083 1556 5146; x_wconf 77' lang='grc' dir='ltr'><strong>πιστῶς⁶</strong></span> <span class='ocrx_word' id='word_1_469' title='bbox 1594 5085 1911 5158; x_wconf 74' lang='grc' dir='ltr'><strong>Εὐλογημέ-</strong></span> 
     </span>
    </p>
   </div>
   <div class='ocr_carea' id='block_1_76' title="bbox 337 5171 1425 5244">
    <p class='ocr_par' dir='ltr' id='par_1_76' title="bbox 337 5171 1425 5244">
     <span class='ocr_line' id='line_1_77' title="bbox 337 5171 1425 5244; baseline 0.002 -19"><span class='ocrx_word' id='word_1_470' title='bbox 337 5189 430 5238; x_wconf 89' lang='grc' dir='ltr'>νος</span> <span class='ocrx_word' id='word_1_471' title='bbox 453 5173 481 5225; x_wconf 80' lang='grc' dir='ltr'>ὀ</span> <span class='ocrx_word' id='word_1_472' title='bbox 509 5171 720 5244; x_wconf 78' lang='grc' dir='ltr'>καρπός</span> <span class='ocrx_word' id='word_1_473' title='bbox 749 5171 849 5243; x_wconf 76' lang='grc' dir='ltr'><strong>τῆς</strong></span> <span class='ocrx_word' id='word_1_474' title='bbox 878 5174 978 5241; x_wconf 86' lang='grc' dir='ltr'><strong>σῆς</strong></span> <span class='ocrx_word' id='word_1_475' title='bbox 1001 5172 1229 5241; x_wconf 85' lang='grc' dir='ltr'><strong>κοιλίας,</strong></span> <span class='ocrx_word' id='word_1_476' title='bbox 1265 5175 1425 5244; x_wconf 81' lang='grc' dir='ltr'><strong>ἁγνή.</strong></span> 
     </span>
    </p>
   </div>
   <div class='ocr_carea' id='block_1_77' title="bbox 420 5282 1908 5362">
    <p class='ocr_par' dir='ltr' id='par_1_77' title="bbox 420 5282 1908 5362">
     <span class='ocr_line' id='line_1_78' title="bbox 420 5282 1908 5362; baseline 0.007 -27"><span class='ocrx_word' id='word_1_477' title='bbox 420 5282 601 5354; x_wconf 84' lang='grc' dir='ltr'><strong>Ίερῶς</strong></span> <span class='ocrx_word' id='word_1_478' title='bbox 629 5286 850 5354; x_wconf 65' lang='grc' dir='ltr'><strong>ἐμυεῖτο</strong></span> <span class='ocrx_word' id='word_1_479' title='bbox 876 5283 947 5337; x_wconf 81' lang='grc' dir='ltr'>τὰ</span> <span class='ocrx_word' id='word_1_480' title='bbox 999 5289 1068 5338; x_wconf 81' lang='grc' dir='ltr'><strong>σὰ</strong></span> <span class='ocrx_word' id='word_1_481' title='bbox 1096 5288 1374 5358; x_wconf 79' lang='grc' dir='ltr'><strong>μυστήρια</strong></span> <span class='ocrx_word' id='word_1_482' title='bbox 1422 5290 1739 5362; x_wconf 78' lang='grc' dir='ltr'>προφητῶν,</span> <span class='ocrx_word' id='word_1_483' title='bbox 1773 5293 1908 5346; x_wconf 81' lang='grc' dir='ltr'><strong>Θεο-</strong></span> 
     </span>
    </p>
   </div>
   <div class='ocr_carea' id='block_1_78' title="bbox 342 5372 1908 5454">
    <p class='ocr_par' dir='ltr' id='par_1_78' title="bbox 342 5372 1908 5454">
     <span class='ocr_line' id='line_1_79' title="bbox 342 5372 1908 5454; baseline 0.01 -29"><span class='ocrx_word' id='word_1_484' title='bbox 342 5372 490 5436; x_wconf 80' lang='grc' dir='ltr'><strong>τόκε,</strong></span> <span class='ocrx_word' id='word_1_485' title='bbox 529 5377 557 5426; x_wconf 85' lang='grc' dir='ltr'>ὀ</span> <span class='ocrx_word' id='word_1_486' title='bbox 584 5375 727 5438; x_wconf 86' lang='grc' dir='ltr'><strong>θεῖος</strong></span> <span class='ocrx_word' id='word_1_487' title='bbox 751 5377 1026 5446; x_wconf 82' lang='grc' dir='ltr'><strong>σύλλογος,</strong></span> <span class='ocrx_word' id='word_1_488' title='bbox 1081 5380 1366 5450; x_wconf 71' lang='grc' dir='ltr'><strong>πόρρωθεν</strong></span> <span class='ocrx_word' id='word_1_489' title='bbox 1405 5383 1592 5452; x_wconf 85' lang='grc' dir='ltr'><strong>μαθὼν</strong></span> <span class='ocrx_word' id='word_1_490' title='bbox 1630 5386 1723 5438; x_wconf 77' lang='grc' dir='ltr'><strong>καὶ</strong></span> <span class='ocrx_word' id='word_1_491' title='bbox 1774 5403 1908 5454; x_wconf 86' lang='grc' dir='ltr'><strong>τρα-</strong></span> 
     </span>
    </p>
   </div>
   <div class='ocr_carea' id='block_1_79' title="bbox 343 5463 1911 5544">
    <p class='ocr_par' dir='ltr' id='par_1_79' title="bbox 343 5463 1911 5544">
     <span class='ocr_line' id='line_1_80' title="bbox 343 5463 1911 5544; baseline 0.01 -27"><span class='ocrx_word' id='word_1_492' title='bbox 343 5463 449 5527; x_wconf 84' lang='grc' dir='ltr'><strong>νῶς</strong></span> <span class='ocrx_word' id='word_1_493' title='bbox 481 5466 826 5537; x_wconf 74' lang='grc' dir='ltr'><strong>ἐκτιθέμενος</strong></span> <span class='ocrx_word' id='word_1_494' title='bbox 860 5471 956 5536; x_wconf 77' lang='grc' dir='ltr'><strong>τὰς</strong></span> <span class='ocrx_word' id='word_1_495' title='bbox 996 5473 1298 5544; x_wconf 81' lang='grc' dir='ltr'><strong>θεοσημίας</strong></span> <span class='ocrx_word' id='word_1_496' title='bbox 1340 5477 1436 5529; x_wconf 81' lang='grc' dir='ltr'><strong>τοῦ</strong></span> <span class='ocrx_word' id='word_1_497' title='bbox 1488 5477 1634 5531; x_wconf 76' lang='grc' dir='ltr'><strong>θείου</strong></span> <span class='ocrx_word' id='word_1_498' title='bbox 1687 5477 1911 5531; x_wconf 77' lang='grc' dir='ltr'><strong>τοκετοῦ</strong></span> 
     </span>
    </p>
   </div>
   <div class='ocr_carea' id='block_1_80' title="bbox 343 5572 462 5610">
    <p class='ocr_par' dir='ltr' id='par_1_80' title="bbox 343 5572 462 5610">
     <span class='ocr_line' id='line_1_81' title="bbox 343 5572 462 5610; baseline 0.017 -2"><span class='ocrx_word' id='word_1_499' title='bbox 343 5572 462 5610; x_wconf 87' lang='grc' dir='ltr'><strong>σου.</strong></span> 
     </span>
    </p>
   </div>
   <div class='ocr_carea' id='block_1_81' title="bbox 410 5651 1908 5732">
    <p class='ocr_par' dir='ltr' id='par_1_81' title="bbox 410 5651 1908 5732">
     <span class='ocr_line' id='line_1_82' title="bbox 410 5651 1908 5732; baseline 0.011 -30"><span class='ocrx_word' id='word_1_500' title='bbox 410 5651 566 5723; x_wconf 71' lang='grc' dir='ltr'><strong>Φωνῇ</strong></span> <span class='ocrx_word' id='word_1_501' title='bbox 619 5653 875 5721; x_wconf 76' lang='grc' dir='ltr'><strong>ἀγγέλου,</strong></span> <span class='ocrx_word' id='word_1_502' title='bbox 911 5656 1153 5728; x_wconf 77' lang='grc' dir='ltr'><strong>μεγάλης</strong></span> <span class='ocrx_word' id='word_1_503' title='bbox 1189 5660 1454 5728; x_wconf 75' lang='grc' dir='ltr'><strong>Ἄγγελον</strong></span> <span class='ocrx_word' id='word_1_504' title='bbox 1500 5659 1716 5730; x_wconf 80' lang='grc' dir='ltr'><strong>βουλῆς,</strong></span> <span class='ocrx_word' id='word_1_505' title='bbox 1749 5661 1908 5732; x_wconf 78' lang='grc' dir='ltr'><strong>ἁγνὴ,</strong></span> 
     </span>
    </p>
   </div>
   <div class='ocr_carea' id='block_1_82' title="bbox 342 5744 1910 5824">
    <p class='ocr_par' dir='ltr' id='par_1_82' title="bbox 342 5744 1910 5824">
     <span class='ocr_line' id='line_1_83' title="bbox 342 5744 1910 5824; baseline 0.006 -27"><span class='ocrx_word' id='word_1_506' title='bbox 342 5744 577 5815; x_wconf 79' lang='grc' dir='ltr'><strong>Χριστὸν</strong></span> <span class='ocrx_word' id='word_1_507' title='bbox 622 5746 970 5819; x_wconf 77' lang='grc' dir='ltr'><strong>Ἐμμανονὴλ</strong></span> <span class='ocrx_word' id='word_1_508' title='bbox 1001 5751 1482 5817; x_wconf 75' lang='grc' dir='ltr'><strong>ἁποτέτοκας,τοῐς</strong></span> <span class='ocrx_word' id='word_1_509' title='bbox 1514 5756 1761 5824; x_wconf 75' lang='grc' dir='ltr'><strong>ἀγγέλοις</strong></span> <span class='ocrx_word' id='word_1_510' title='bbox 1782 5756 1910 5818; x_wconf 81' lang='grc' dir='ltr'><strong>τοὺς</strong></span> 
     </span>
    </p>
   </div>
   <div class='ocr_carea' id='block_1_83' title="bbox 341 5837 1907 5917">
    <p class='ocr_par' dir='ltr' id='par_1_83' title="bbox 341 5837 1907 5917">
     <span class='ocr_line' id='line_1_84' title="bbox 341 5837 1907 5917; baseline 0.006 -27"><span class='ocrx_word' id='word_1_511' title='bbox 341 5837 493 5891; x_wconf 79' lang='grc' dir='ltr'><strong>κάτω</strong></span> <span class='ocrx_word' id='word_1_512' title='bbox 530 5839 888 5906; x_wconf 76' lang='grc' dir='ltr'><strong>συνάπτοντα,</strong></span> <span class='ocrx_word' id='word_1_513' title='bbox 951 5841 1088 5912; x_wconf 69' lang='grc' dir='ltr'><strong>μόνη</strong></span> <span class='ocrx_word' id='word_1_514' title='bbox 1139 5843 1477 5916; x_wconf 70' lang='grc' dir='ltr'><strong>εὐλογημένη</strong></span> <span class='ocrx_word' id='word_1_515' title='bbox 1511 5889 1524 5913; x_wconf 93' lang='grc'>,</span> <span class='ocrx_word' id='word_1_516' title='bbox 1584 5848 1722 5917; x_wconf 85' lang='grc' dir='ltr'>μόνη</span> <span class='ocrx_word' id='word_1_517' title='bbox 1772 5863 1907 5901; x_wconf 82' lang='grc' dir='ltr'><strong>παν-</strong></span> 
     </span>
    </p>
   </div>
   <div class='ocr_carea' id='block_1_84' title="bbox 1958 3311 3583 3384">
    <p class='ocr_par' dir='ltr' id='par_1_84' title="bbox 1958 3311 3583 3384">
     <span class='ocr_line' id='line_1_85' title="bbox 1958 3311 3583 3384; baseline 0.001 -17"><span class='ocrx_word' id='word_1_518' title='bbox 1958 3351 1963 3357; x_wconf 73' lang='grc'><strong>.</strong></span> <span class='ocrx_word' id='word_1_519' title='bbox 2017 3311 2130 3378; x_wconf 88' lang='lat' dir='ltr'><strong>bat,</strong></span> <span class='ocrx_word' id='word_1_520' title='bbox 2186 3311 2447 3368; x_wconf 85' lang='lat' dir='ltr'><strong>mortales</strong></span> <span class='ocrx_word' id='word_1_521' title='bbox 2497 3311 2748 3368; x_wconf 86' lang='lat' dir='ltr'><strong>homines</strong></span> <span class='ocrx_word' id='word_1_522' title='bbox 2792 3312 3085 3377; x_wconf 82' lang='lat' dir='ltr'><strong>deiﬁcavit,</strong></span> <span class='ocrx_word' id='word_1_523' title='bbox 3132 3321 3354 3384; x_wconf 89' lang='lat' dir='ltr'><strong>propter</strong></span> <span class='ocrx_word' id='word_1_524' title='bbox 3397 3311 3583 3368; x_wconf 89' lang='lat' dir='ltr'><strong>multi-</strong></span> 
     </span>
    </p>
   </div>
   <div class='ocr_carea' id='block_1_85' title="bbox 2015 3400 3586 3474">
    <p class='ocr_par' dir='ltr' id='par_1_85' title="bbox 2015 3400 3586 3474">
     <span class='ocr_line' id='line_1_86' title="bbox 2015 3400 3586 3474; baseline 0.001 -16"><span class='ocrx_word' id='word_1_525' title='bbox 2015 3400 2264 3458; x_wconf 86' lang='lat' dir='ltr'><strong>tudinem</strong></span> <span class='ocrx_word' id='word_1_526' title='bbox 2295 3400 2712 3457; x_wconf 87' lang='lat' dir='ltr'><strong>miserationum</strong></span> <span class='ocrx_word' id='word_1_527' title='bbox 2741 3416 2991 3471; x_wconf 82' lang='lat' dir='ltr'><strong>suarum,</strong></span> <span class='ocrx_word' id='word_1_528' title='bbox 3023 3409 3284 3473; x_wconf 86' lang='lat' dir='ltr'><strong>tanquam</strong></span> <span class='ocrx_word' id='word_1_529' title='bbox 3309 3401 3586 3474; x_wconf 76' lang='lat' dir='ltr'><strong>benignis-</strong></span> 
     </span>
    </p>
   </div>
   <div class='ocr_carea' id='block_1_86' title="bbox 2015 3496 2213 3552">
    <p class='ocr_par' dir='ltr' id='par_1_86' title="bbox 2015 3496 2213 3552">
     <span class='ocr_line' id='line_1_87' title="bbox 2015 3496 2213 3552; baseline 0.01 -2"><span class='ocrx_word' id='word_1_530' title='bbox 2015 3496 2213 3552; x_wconf 77' lang='lat' dir='ltr'><strong>simus.</strong></span> 
     </span>
    </p>
   </div>
   <div class='ocr_carea' id='block_1_87' title="bbox 2087 3585 3584 3658">
    <p class='ocr_par' dir='ltr' id='par_1_87' title="bbox 2087 3585 3584 3658">
     <span class='ocr_line' id='line_1_88' title="bbox 2087 3585 3584 3658; baseline -0.002 -15"><span class='ocrx_word' id='word_1_531' title='bbox 2087 3586 2290 3645; x_wconf 85' lang='lat' dir='ltr'><strong>Portus</strong></span> <span class='ocrx_word' id='word_1_532' title='bbox 2335 3592 2458 3644; x_wconf 77' lang='lat' dir='ltr'><strong>esto</strong></span> <span class='ocrx_word' id='word_1_533' title='bbox 2497 3587 2633 3644; x_wconf 89' lang='lat' dir='ltr'><strong>mihi</strong></span> <span class='ocrx_word' id='word_1_534' title='bbox 2684 3596 2739 3644; x_wconf 90' lang='lat' dir='ltr'><strong>et</strong></span> <span class='ocrx_word' id='word_1_535' title='bbox 2770 3585 3044 3654; x_wconf 85' lang='lat' dir='ltr'><strong>custodia,</strong></span> <span class='ocrx_word' id='word_1_536' title='bbox 3078 3585 3418 3658; x_wconf 72' lang='lat' dir='ltr'><strong>gravissimis</strong></span> <span class='ocrx_word' id='word_1_537' title='bbox 3457 3601 3584 3657; x_wconf 76' lang='lat' dir='ltr'><strong>pas-</strong></span> 
     </span>
    </p>
   </div>
   <div class='ocr_carea' id='block_1_88' title="bbox 2015 3679 3586 3752">
    <p class='ocr_par' dir='ltr' id='par_1_88' title="bbox 2015 3679 3586 3752">
     <span class='ocr_line' id='line_1_89' title="bbox 2015 3679 3586 3752; baseline -0.001 -16"><span class='ocrx_word' id='word_1_538' title='bbox 2015 3680 2234 3736; x_wconf 85' lang='lat' dir='ltr'><strong>sionum</strong></span> <span class='ocrx_word' id='word_1_539' title='bbox 2261 3679 2518 3752; x_wconf 87' lang='lat' dir='ltr'><strong>procellis</strong></span> <span class='ocrx_word' id='word_1_540' title='bbox 2548 3681 2669 3736; x_wconf 87' lang='lat' dir='ltr'><strong>sine</strong></span> <span class='ocrx_word' id='word_1_541' title='bbox 2702 3679 3110 3736; x_wconf 83' lang='lat' dir='ltr'><strong>intermissione</strong></span> <span class='ocrx_word' id='word_1_542' title='bbox 3137 3694 3351 3750; x_wconf 83' lang='lat' dir='ltr'><strong>semper</strong></span> <span class='ocrx_word' id='word_1_543' title='bbox 3376 3679 3586 3750; x_wconf 73' lang='lat' dir='ltr'><strong>iactato</strong></span> 
     </span>
    </p>
   </div>
   <div class='ocr_carea' id='block_1_89' title="bbox 2015 3773 3460 3843">
    <p class='ocr_par' dir='ltr' id='par_1_89' title="bbox 2015 3773 3460 3843">
     <span class='ocr_line' id='line_1_90' title="bbox 2015 3773 3460 3843; baseline -0.003 -13"><span class='ocrx_word' id='word_1_544' title='bbox 2015 3773 2071 3830; x_wconf 89' lang='lat' dir='ltr'><strong>in</strong></span> <span class='ocrx_word' id='word_1_545' title='bbox 2102 3773 2240 3828; x_wconf 87' lang='lat' dir='ltr'><strong>mari</strong></span> <span class='ocrx_word' id='word_1_546' title='bbox 2267 3774 2390 3830; x_wconf 71' lang='lat' dir='ltr'><strong>vita:</strong></span> <span class='ocrx_word' id='word_1_547' title='bbox 2419 3773 2615 3843; x_wconf 82' lang='lat' dir='ltr'><strong>hujus,</strong></span> <span class='ocrx_word' id='word_1_548' title='bbox 2648 3787 2684 3828; x_wconf 90' lang='grc' dir='ltr'><strong>ο</strong></span> <span class='ocrx_word' id='word_1_549' title='bbox 2713 3782 2863 3828; x_wconf 83' lang='lat' dir='ltr'><strong>casta</strong></span> <span class='ocrx_word' id='word_1_550' title='bbox 2892 3773 3008 3829; x_wconf 89' lang='lat' dir='ltr'><strong>sola</strong></span> <span class='ocrx_word' id='word_1_551' title='bbox 3040 3787 3258 3843; x_wconf 86' lang='lat' dir='ltr'><strong>semper</strong></span> <span class='ocrx_word' id='word_1_552' title='bbox 3284 3773 3460 3843; x_wconf 73' lang='lat' dir='ltr'><strong>virgo.</strong></span> 
     </span>
    </p>
   </div>
   <div class='ocr_carea' id='block_1_90' title="bbox 2085 3863 3585 3937">
    <p class='ocr_par' dir='ltr' id='par_1_90' title="bbox 2085 3863 3585 3937">
     <span class='ocr_line' id='line_1_91' title="bbox 2085 3863 3585 3937; baseline -0.002 -17"><span class='ocrx_word' id='word_1_553' title='bbox 2085 3865 2371 3922; x_wconf 71' lang='lat' dir='ltr'><strong>Mauil’este</strong></span> <span class='ocrx_word' id='word_1_554' title='bbox 2419 3866 2475 3920; x_wconf 89' lang='lat' dir='ltr'><strong>in</strong></span> <span class='ocrx_word' id='word_1_555' title='bbox 2519 3867 2656 3920; x_wconf 91' lang='lat' dir='ltr'><strong>rubo</strong></span> <span class='ocrx_word' id='word_1_556' title='bbox 2689 3880 2786 3936; x_wconf 87' lang='lat' dir='ltr'><strong>per</strong></span> <span class='ocrx_word' id='word_1_557' title='bbox 2820 3880 3041 3922; x_wconf 86' lang='lat' dir='ltr'><strong>sacrum</strong></span> <span class='ocrx_word' id='word_1_558' title='bbox 3073 3874 3258 3937; x_wconf 83' lang='lat' dir='ltr'><strong>typum</strong></span> <span class='ocrx_word' id='word_1_559' title='bbox 3289 3873 3342 3921; x_wconf 87' lang='lat' dir='ltr'><strong>te</strong></span> <span class='ocrx_word' id='word_1_560' title='bbox 3382 3863 3585 3935; x_wconf 76' lang='lat' dir='ltr'><strong>ﬁgura-</strong></span> 
     </span>
    </p>
   </div>
   <div class='ocr_carea' id='block_1_91' title="bbox 2017 3952 3582 4030">
    <p class='ocr_par' dir='ltr' id='par_1_91' title="bbox 2017 3952 3582 4030">
     <span class='ocr_line' id='line_1_92' title="bbox 2017 3952 3582 4030; baseline -0.003 -15"><span class='ocrx_word' id='word_1_561' title='bbox 2017 3969 2127 4015; x_wconf 83' lang='lat' dir='ltr'><strong>tam</strong></span> <span class='ocrx_word' id='word_1_562' title='bbox 2160 3959 2295 4014; x_wconf 84' lang='lat' dir='ltr'><strong>vidit</strong></span> <span class='ocrx_word' id='word_1_563' title='bbox 2313 3958 2551 4030; x_wconf 75' lang='lat' dir='ltr'><strong>Moyses,</strong></span> <span class='ocrx_word' id='word_1_564' title='bbox 2583 3957 2822 4014; x_wconf 74' lang='lat' dir='ltr'><strong>futuram</strong></span> <span class='ocrx_word' id='word_1_565' title='bbox 2849 3956 3065 4030; x_wconf 82' lang='lat' dir='ltr'><strong>mystici</strong></span> <span class='ocrx_word' id='word_1_566' title='bbox 3083 3956 3225 4028; x_wconf 69' lang='lat' dir='ltr'><strong>ignis</strong></span> <span class='ocrx_word' id='word_1_567' title='bbox 3242 3952 3582 4028; x_wconf 72' lang='lat' dir='ltr'><strong>genitricem,</strong></span> 
     </span>
    </p>
   </div>
   <div class='ocr_carea' id='block_1_92' title="bbox 2014 4050 2738 4120">
    <p class='ocr_par' dir='ltr' id='par_1_92' title="bbox 2014 4050 2738 4120">
     <span class='ocr_line' id='line_1_93' title="bbox 2014 4050 2738 4120; baseline -0.004 -13"><span class='ocrx_word' id='word_1_568' title='bbox 2014 4065 2050 4107; x_wconf 87' lang='grc' dir='ltr'>ο</span> <span class='ocrx_word' id='word_1_569' title='bbox 2075 4050 2302 4120; x_wconf 86' lang='lat' dir='ltr'><strong>Deipara</strong></span> <span class='ocrx_word' id='word_1_570' title='bbox 2324 4065 2540 4120; x_wconf 81' lang='lat' dir='ltr'><strong>semper</strong></span> <span class='ocrx_word' id='word_1_571' title='bbox 2562 4050 2738 4120; x_wconf 72' lang='lat' dir='ltr'><strong>virgo.</strong></span> 
     </span>
    </p>
   </div>
   <div class='ocr_carea' id='block_1_93' title="bbox 2088 4139 3589 4214">
    <p class='ocr_par' dir='ltr' id='par_1_93' title="bbox 2088 4139 3589 4214">
     <span class='ocr_line' id='line_1_94' title="bbox 2088 4139 3589 4214; baseline -0.002 -18"><span class='ocrx_word' id='word_1_572' title='bbox 2088 4141 2310 4198; x_wconf 60' lang='lat' dir='ltr'><strong>Natura;</strong></span> <span class='ocrx_word' id='word_1_573' title='bbox 2350 4142 2520 4214; x_wconf 76' lang='lat' dir='ltr'><strong>leges,</strong></span> <span class='ocrx_word' id='word_1_574' title='bbox 2568 4141 2736 4197; x_wconf 64' lang='lat' dir='ltr'><strong>Iesus</strong></span> <span class='ocrx_word' id='word_1_575' title='bbox 2775 4141 2928 4196; x_wconf 90' lang='lat' dir='ltr'><strong>omni</strong></span> <span class='ocrx_word' id='word_1_576' title='bbox 2976 4139 3282 4196; x_wconf 82' lang='lat' dir='ltr'><strong>substantia</strong></span> <span class='ocrx_word' id='word_1_577' title='bbox 3336 4141 3589 4211; x_wconf 84' lang='lat' dir='ltr'><strong>superior</strong></span> 
     </span>
    </p>
   </div>
   <div class='ocr_carea' id='block_1_94' title="bbox 2018 4231 3588 4300">
    <p class='ocr_par' dir='ltr' id='par_1_94' title="bbox 2018 4231 3588 4300">
     <span class='ocr_line' id='line_1_95' title="bbox 2018 4231 3588 4300; baseline -0.002 -11"><span class='ocrx_word' id='word_1_578' title='bbox 2018 4233 2184 4300; x_wconf 86' lang='lat' dir='ltr'><strong>Deus,</strong></span> <span class='ocrx_word' id='word_1_579' title='bbox 2219 4235 2522 4300; x_wconf 80' lang='lat' dir='ltr'><strong>renovavit,</strong></span> <span class='ocrx_word' id='word_1_580' title='bbox 2551 4249 2616 4289; x_wconf 81' lang='lat' dir='ltr'><strong>ex</strong></span> <span class='ocrx_word' id='word_1_581' title='bbox 2649 4245 2807 4290; x_wconf 89' lang='lat' dir='ltr'><strong>utero</strong></span> <span class='ocrx_word' id='word_1_582' title='bbox 2838 4243 2932 4288; x_wconf 91' lang='lat' dir='ltr'><strong>tuo</strong></span> <span class='ocrx_word' id='word_1_583' title='bbox 2965 4241 3152 4296; x_wconf 86' lang='lat' dir='ltr'><strong>natus,</strong></span> <span class='ocrx_word' id='word_1_584' title='bbox 3184 4248 3219 4286; x_wconf 94' lang='grc' dir='ltr'><strong>ο</strong></span> <span class='ocrx_word' id='word_1_585' title='bbox 3250 4235 3399 4286; x_wconf 90' lang='lat' dir='ltr'><strong>omni</strong></span> <span class='ocrx_word' id='word_1_586' title='bbox 3426 4231 3588 4287; x_wconf 85' lang='lat' dir='ltr'><strong>laude</strong></span> 
     </span>
    </p>
   </div>
   <div class='ocr_carea' id='block_1_95' title="bbox 2015 4325 3590 4397">
    <p class='ocr_par' dir='ltr' id='par_1_95' title="bbox 2015 4325 3590 4397">
     <span class='ocr_line' id='line_1_96' title="bbox 2015 4325 3590 4397; baseline -0.004 -14"><span class='ocrx_word' id='word_1_587' title='bbox 2015 4326 2341 4383; x_wconf 82' lang='lat' dir='ltr'><strong>celebranda</strong></span> <span class='ocrx_word' id='word_1_588' title='bbox 2362 4368 2378 4394; x_wconf 93' lang='lat'><strong>,</strong></span> <span class='ocrx_word' id='word_1_589' title='bbox 2407 4327 2504 4397; x_wconf 89' lang='lat' dir='ltr'><strong>qui</strong></span> <span class='ocrx_word' id='word_1_590' title='bbox 2537 4325 2690 4382; x_wconf 89' lang='lat' dir='ltr'><strong>solus</strong></span> <span class='ocrx_word' id='word_1_591' title='bbox 2717 4325 2846 4382; x_wconf 78' lang='lat' dir='ltr'><strong>fecit</strong></span> <span class='ocrx_word' id='word_1_592' title='bbox 2867 4335 2926 4380; x_wconf 89' lang='lat' dir='ltr'><strong>ut</strong></span> <span class='ocrx_word' id='word_1_593' title='bbox 2952 4332 3098 4380; x_wconf 83' lang='lat' dir='ltr'><strong>esset</strong></span> <span class='ocrx_word' id='word_1_594' title='bbox 3121 4325 3303 4379; x_wconf 87' lang='lat' dir='ltr'><strong>omnis</strong></span> <span class='ocrx_word' id='word_1_595' title='bbox 3329 4325 3590 4378; x_wconf 80' lang='lat' dir='ltr'><strong>substan-</strong></span> 
     </span>
    </p>
   </div>
   <div class='ocr_carea' id='block_1_96' title="bbox 2017 4420 2558 4476">
    <p class='ocr_par' dir='ltr' id='par_1_96' title="bbox 2017 4420 2558 4476">
     <span class='ocr_line' id='line_1_97' title="bbox 2017 4420 2558 4476; baseline -0.009 0"><span class='ocrx_word' id='word_1_596' title='bbox 2017 4420 2089 4476; x_wconf 88' lang='lat' dir='ltr'><strong>tia</strong></span> <span class='ocrx_word' id='word_1_597' title='bbox 2127 4421 2408 4473; x_wconf 87' lang='lat' dir='ltr'><strong>voluntate</strong></span> <span class='ocrx_word' id='word_1_598' title='bbox 2435 4433 2558 4472; x_wconf 90' lang='lat' dir='ltr'><strong>sua.</strong></span> 
     </span>
    </p>
   </div>
   <div class='ocr_carea' id='block_1_97' title="bbox 2091 4503 3585 4582">
    <p class='ocr_par' dir='ltr' id='par_1_97' title="bbox 2091 4503 3585 4582">
     <span class='ocr_line' id='line_1_98' title="bbox 2091 4503 3585 4582; baseline -0.007 -15"><span class='ocrx_word' id='word_1_599' title='bbox 2091 4511 2136 4567; x_wconf 92' lang='grc' dir='ltr'><strong>Ο</strong></span> <span class='ocrx_word' id='word_1_600' title='bbox 2190 4518 2346 4581; x_wconf 80' lang='lat' dir='ltr'><strong>porta</strong></span> <span class='ocrx_word' id='word_1_601' title='bbox 2407 4511 2618 4582; x_wconf 68' lang='lat' dir='ltr'><strong>gratim,</strong></span> <span class='ocrx_word' id='word_1_602' title='bbox 2671 4524 2796 4578; x_wconf 70' lang='lat' dir='ltr'><strong>quae</strong></span> <span class='ocrx_word' id='word_1_603' title='bbox 2822 4506 3140 4564; x_wconf 87' lang='lat' dir='ltr'><strong>hominibus</strong></span> <span class='ocrx_word' id='word_1_604' title='bbox 3190 4503 3315 4563; x_wconf 63' lang='lat' dir='ltr'><strong>caeli</strong></span> <span class='ocrx_word' id='word_1_605' title='bbox 3371 4514 3585 4574; x_wconf 87' lang='lat' dir='ltr'><strong>portam</strong></span> 
     </span>
    </p>
   </div>
   <div class='ocr_carea' id='block_1_98' title="bbox 2015 4601 3588 4673">
    <p class='ocr_par' dir='ltr' id='par_1_98' title="bbox 2015 4601 3588 4673">
     <span class='ocr_line' id='line_1_99' title="bbox 2015 4601 3588 4673; baseline -0.005 -14"><span class='ocrx_word' id='word_1_606' title='bbox 2015 4604 2300 4673; x_wconf 83' lang='lat' dir='ltr'><strong>aperuisti,</strong></span> <span class='ocrx_word' id='word_1_607' title='bbox 2334 4604 2479 4672; x_wconf 88' lang='lat' dir='ltr'><strong>aperi</strong></span> <span class='ocrx_word' id='word_1_608' title='bbox 2505 4602 2660 4666; x_wconf 79' lang='lat' dir='ltr'><strong>mihi,</strong></span> <span class='ocrx_word' id='word_1_609' title='bbox 2703 4601 2952 4664; x_wconf 88' lang='lat' dir='ltr'><strong>Domina,</strong></span> <span class='ocrx_word' id='word_1_610' title='bbox 2985 4612 3230 4668; x_wconf 88' lang='lat' dir='ltr'><strong>patenter</strong></span> <span class='ocrx_word' id='word_1_611' title='bbox 3255 4609 3440 4670; x_wconf 88' lang='lat' dir='ltr'><strong>portas</strong></span> <span class='ocrx_word' id='word_1_612' title='bbox 3474 4612 3588 4668; x_wconf 77' lang='grc' dir='ltr'><strong>ρω-</strong></span> 
     </span>
    </p>
   </div>
   <div class='ocr_carea' id='block_1_99' title="bbox 2019 4695 3193 4766">
    <p class='ocr_par' dir='ltr' id='par_1_99' title="bbox 2019 4695 3193 4766">
     <span class='ocr_line' id='line_1_100' title="bbox 2019 4695 3193 4766; baseline -0.003 -15"><span class='ocrx_word' id='word_1_613' title='bbox 2019 4697 2286 4764; x_wconf 67' lang='lat' dir='ltr'><strong>nitentiae,</strong></span> <span class='ocrx_word' id='word_1_614' title='bbox 2322 4707 2376 4751; x_wconf 89' lang='lat' dir='ltr'><strong>et</strong></span> <span class='ocrx_word' id='word_1_615' title='bbox 2403 4710 2434 4751; x_wconf 87' lang='lat' dir='ltr'><strong>a</strong></span> <span class='ocrx_word' id='word_1_616' title='bbox 2463 4697 2636 4766; x_wconf 89' lang='lat' dir='ltr'><strong>portis</strong></span> <span class='ocrx_word' id='word_1_617' title='bbox 2663 4695 2850 4749; x_wconf 90' lang='lat' dir='ltr'><strong>mortis</strong></span> <span class='ocrx_word' id='word_1_618' title='bbox 2886 4696 3053 4750; x_wconf 88' lang='lat' dir='ltr'><strong>libera</strong></span> <span class='ocrx_word' id='word_1_619' title='bbox 3086 4709 3193 4748; x_wconf 90' lang='lat' dir='ltr'><strong>me.</strong></span> 
     </span>
    </p>
   </div>
   <div class='ocr_carea' id='block_1_100' title="bbox 2090 4900 3586 4977">
    <p class='ocr_par' dir='ltr' id='par_1_100' title="bbox 2090 4900 3586 4977">
     <span class='ocr_line' id='line_1_101' title="bbox 2090 4900 3586 4977; baseline -0.007 -15"><span class='ocrx_word' id='word_1_620' title='bbox 2090 4907 2326 4962; x_wconf 81' lang='lat' dir='ltr'><strong>Liberati</strong></span> <span class='ocrx_word' id='word_1_621' title='bbox 2367 4922 2462 4977; x_wconf 88' lang='lat' dir='ltr'><strong>per</strong></span> <span class='ocrx_word' id='word_1_622' title='bbox 2509 4915 2725 4977; x_wconf 88' lang='lat' dir='ltr'><strong>partum</strong></span> <span class='ocrx_word' id='word_1_623' title='bbox 2793 4912 2947 4958; x_wconf 90' lang='lat' dir='ltr'><strong>tuum</strong></span> <span class='ocrx_word' id='word_1_624' title='bbox 2980 4902 3049 4956; x_wconf 85' lang='lat' dir='ltr'><strong>ab</strong></span> <span class='ocrx_word' id='word_1_625' title='bbox 3087 4901 3322 4970; x_wconf 75' lang='lat' dir='ltr'><strong>antiquae</strong></span> <span class='ocrx_word' id='word_1_626' title='bbox 3357 4900 3586 4953; x_wconf 64' lang='lat' dir='ltr'><strong>damna-</strong></span> 
     </span>
    </p>
   </div>
   <div class='ocr_carea' id='block_1_101' title="bbox 2021 4990 3583 5066">
    <p class='ocr_par' dir='ltr' id='par_1_101' title="bbox 2021 4990 3583 5066">
     <span class='ocr_line' id='line_1_102' title="bbox 2021 4990 3583 5066; baseline -0.008 -11"><span class='ocrx_word' id='word_1_627' title='bbox 2021 5001 2186 5055; x_wconf 85' lang='lat' dir='ltr'><strong>tionis</strong></span> <span class='ocrx_word' id='word_1_628' title='bbox 2216 4998 2508 5060; x_wconf 85' lang='lat' dir='ltr'><strong>sententia,</strong></span> <span class='ocrx_word' id='word_1_629' title='bbox 2540 5013 2572 5052; x_wconf 93' lang='lat' dir='ltr'><strong>o</strong></span> <span class='ocrx_word' id='word_1_630' title='bbox 2603 4995 2918 5066; x_wconf 86' lang='lat' dir='ltr'><strong>purissima,</strong></span> <span class='ocrx_word' id='word_1_631' title='bbox 2945 4994 3228 5048; x_wconf 84' lang='lat' dir='ltr'><strong>laudamus</strong></span> <span class='ocrx_word' id='word_1_632' title='bbox 3254 5002 3325 5055; x_wconf 85' lang='lat' dir='ltr'><strong>te,</strong></span> <span class='ocrx_word' id='word_1_633' title='bbox 3355 4990 3583 5043; x_wconf 72' lang='lat' dir='ltr'><strong>salutem</strong></span> 
     </span>
    </p>
   </div>
   <div class='ocr_carea' id='block_1_102' title="bbox 2020 5084 3582 5160">
    <p class='ocr_par' dir='ltr' id='par_1_102' title="bbox 2020 5084 3582 5160">
     <span class='ocr_line' id='line_1_103' title="bbox 2020 5084 3582 5160; baseline -0.006 -15"><span class='ocrx_word' id='word_1_634' title='bbox 2020 5107 2115 5160; x_wconf 87' lang='lat' dir='ltr'><strong>per</strong></span> <span class='ocrx_word' id='word_1_635' title='bbox 2143 5101 2193 5145; x_wconf 88' lang='lat' dir='ltr'><strong>te</strong></span> <span class='ocrx_word' id='word_1_636' title='bbox 2223 5091 2527 5154; x_wconf 80' lang='lat' dir='ltr'><strong>consecuti,</strong></span> <span class='ocrx_word' id='word_1_637' title='bbox 2567 5093 2893 5151; x_wconf 83' lang='lat' dir='ltr'><strong>clamantes,</strong></span> <span class='ocrx_word' id='word_1_638' title='bbox 2924 5095 2979 5143; x_wconf 88' lang='lat' dir='ltr'><strong>et</strong></span> <span class='ocrx_word' id='word_1_639' title='bbox 3008 5100 3133 5141; x_wconf 88' lang='lat' dir='ltr'><strong>cum</strong></span> <span class='ocrx_word' id='word_1_640' title='bbox 3166 5084 3270 5139; x_wconf 80' lang='lat' dir='ltr'><strong>ﬁde</strong></span> <span class='ocrx_word' id='word_1_641' title='bbox 3290 5085 3534 5139; x_wconf 82' lang='lat' dir='ltr'><strong>dicentes</strong></span> <span class='ocrx_word' id='word_1_642' title='bbox 3567 5099 3582 5136; x_wconf 91' lang='lat'><strong>:</strong></span> 
     </span>
    </p>
   </div>
   <div class='ocr_carea' id='block_1_103' title="bbox 2021 5175 3413 5246">
    <p class='ocr_par' dir='ltr' id='par_1_103' title="bbox 2021 5175 3413 5246">
     <span class='ocr_line' id='line_1_104' title="bbox 2021 5175 3413 5246; baseline -0.007 -9"><span class='ocrx_word' id='word_1_643' title='bbox 2021 5183 2348 5239; x_wconf 75' lang='lat' dir='ltr'><strong>Beiiedictus</strong></span> <span class='ocrx_word' id='word_1_644' title='bbox 2380 5183 2590 5236; x_wconf 77' lang='lat' dir='ltr'><strong>fructus</strong></span> <span class='ocrx_word' id='word_1_645' title='bbox 2618 5180 2824 5236; x_wconf 85' lang='lat' dir='ltr'><strong>ventris</strong></span> <span class='ocrx_word' id='word_1_646' title='bbox 2852 5179 2950 5246; x_wconf 86' lang='lat' dir='ltr'><strong>tui,</strong></span> <span class='ocrx_word' id='word_1_647' title='bbox 2979 5192 3014 5232; x_wconf 93' lang='lat' dir='ltr'><strong>o</strong></span> <span class='ocrx_word' id='word_1_648' title='bbox 3041 5187 3193 5232; x_wconf 85' lang='lat' dir='ltr'><strong>casta</strong></span> <span class='ocrx_word' id='word_1_649' title='bbox 3217 5175 3413 5246; x_wconf 85' lang='lat' dir='ltr'><strong>puella.</strong></span> 
     </span>
    </p>
   </div>
   <div class='ocr_carea' id='block_1_104' title="bbox 2085 5290 3589 5367">
    <p class='ocr_par' dir='ltr' id='par_1_104' title="bbox 2085 5290 3589 5367">
     <span class='ocr_line' id='line_1_105' title="bbox 2085 5290 3589 5367; baseline -0.006 -16"><span class='ocrx_word' id='word_1_650' title='bbox 2085 5298 2315 5354; x_wconf 78' lang='lat' dir='ltr'><strong>Divinns</strong></span> <span class='ocrx_word' id='word_1_651' title='bbox 2365 5298 2752 5367; x_wconf 84' lang='lat' dir='ltr'><strong>prophetarum</strong></span> <span class='ocrx_word' id='word_1_652' title='bbox 2812 5303 2989 5351; x_wconf 64' lang='lat' dir='ltr'><strong>cattus</strong></span> <span class='ocrx_word' id='word_1_653' title='bbox 3049 5307 3206 5348; x_wconf 87' lang='lat' dir='ltr'><strong>sacre</strong></span> <span class='ocrx_word' id='word_1_654' title='bbox 3269 5290 3589 5346; x_wconf 87' lang='lat' dir='ltr'><strong>initiabatur</strong></span> 
     </span>
    </p>
   </div>
   <div class='ocr_carea' id='block_1_105' title="bbox 2019 5385 3590 5461">
    <p class='ocr_par' dir='ltr' id='par_1_105' title="bbox 2019 5385 3590 5461">
     <span class='ocr_line' id='line_1_106' title="bbox 2019 5385 3590 5461; baseline -0.004 -17"><span class='ocrx_word' id='word_1_655' title='bbox 2019 5391 2295 5461; x_wconf 85' lang='lat' dir='ltr'><strong>mysteriis</strong></span> <span class='ocrx_word' id='word_1_656' title='bbox 2336 5390 2469 5456; x_wconf 90' lang='lat' dir='ltr'><strong>tuis,</strong></span> <span class='ocrx_word' id='word_1_657' title='bbox 2503 5403 2537 5444; x_wconf 91' lang='grc' dir='ltr'><strong>ο</strong></span> <span class='ocrx_word' id='word_1_658' title='bbox 2567 5387 2833 5460; x_wconf 84' lang='lat' dir='ltr'><strong>Deipara,</strong></span> <span class='ocrx_word' id='word_1_659' title='bbox 2878 5387 3070 5458; x_wconf 90' lang='lat' dir='ltr'><strong>procul</strong></span> <span class='ocrx_word' id='word_1_660' title='bbox 3108 5385 3358 5450; x_wconf 89' lang='lat' dir='ltr'><strong>edoctus,</strong></span> <span class='ocrx_word' id='word_1_661' title='bbox 3391 5393 3444 5440; x_wconf 91' lang='lat' dir='ltr'><strong>et</strong></span> <span class='ocrx_word' id='word_1_662' title='bbox 3473 5400 3590 5439; x_wconf 80' lang='lat' dir='ltr'><strong>ma-</strong></span> 
     </span>
    </p>
   </div>
   <div class='ocr_carea' id='block_1_106' title="bbox 2018 5481 3365 5557">
    <p class='ocr_par' dir='ltr' id='par_1_106' title="bbox 2018 5481 3365 5557">
     <span class='ocr_line' id='line_1_107' title="bbox 2018 5481 3365 5557; baseline -0.005 -15"><span class='ocrx_word' id='word_1_663' title='bbox 2018 5485 2215 5542; x_wconf 79' lang='lat' dir='ltr'><strong>nifeste</strong></span> <span class='ocrx_word' id='word_1_664' title='bbox 2245 5500 2528 5557; x_wconf 76' lang='lat' dir='ltr'><strong>exponens</strong></span> <span class='ocrx_word' id='word_1_665' title='bbox 2558 5483 2816 5539; x_wconf 88' lang='lat' dir='ltr'><strong>vaticinia</strong></span> <span class='ocrx_word' id='word_1_666' title='bbox 2847 5481 3019 5538; x_wconf 87' lang='lat' dir='ltr'><strong>divini</strong></span> <span class='ocrx_word' id='word_1_667' title='bbox 3050 5491 3238 5552; x_wconf 90' lang='lat' dir='ltr'><strong>partus</strong></span> <span class='ocrx_word' id='word_1_668' title='bbox 3264 5481 3365 5536; x_wconf 87' lang='lat' dir='ltr'><strong>tui.</strong></span> 
     </span>
    </p>
   </div>
   <div class='ocr_carea' id='block_1_107' title="bbox 2091 5664 3584 5735">
    <p class='ocr_par' dir='ltr' id='par_1_107' title="bbox 2091 5664 3584 5735">
     <span class='ocr_line' id='line_1_108' title="bbox 2091 5664 3584 5735; baseline -0.003 -12"><span class='ocrx_word' id='word_1_669' title='bbox 2091 5668 2196 5723; x_wconf 85' lang='lat' dir='ltr'><strong>Per</strong></span> <span class='ocrx_word' id='word_1_670' title='bbox 2229 5681 2419 5721; x_wconf 86' lang='lat' dir='ltr'><strong>vocem</strong></span> <span class='ocrx_word' id='word_1_671' title='bbox 2450 5665 2651 5735; x_wconf 79' lang='lat' dir='ltr'><strong>angeli,</strong></span> <span class='ocrx_word' id='word_1_672' title='bbox 2685 5665 2869 5734; x_wconf 72' lang='lat' dir='ltr'><strong>magni</strong></span> <span class='ocrx_word' id='word_1_673' title='bbox 2893 5665 3108 5720; x_wconf 87' lang='lat' dir='ltr'><strong>consilii</strong></span> <span class='ocrx_word' id='word_1_674' title='bbox 3149 5664 3414 5734; x_wconf 80' lang='lat' dir='ltr'><strong>Angelum</strong></span> <span class='ocrx_word' id='word_1_675' title='bbox 3446 5677 3584 5718; x_wconf 80' lang='lat' dir='ltr'><strong>con-</strong></span> 
     </span>
    </p>
   </div>
   <div class='ocr_carea' id='block_1_108' title="bbox 2018 5757 3589 5831">
    <p class='ocr_par' dir='ltr' id='par_1_108' title="bbox 2018 5757 3589 5831">
     <span class='ocr_line' id='line_1_109' title="bbox 2018 5757 3589 5831; baseline 0 -17"><span class='ocrx_word' id='word_1_676' title='bbox 2018 5760 2232 5831; x_wconf 86' lang='lat' dir='ltr'><strong>cepisti,</strong></span> <span class='ocrx_word' id='word_1_677' title='bbox 2257 5772 2289 5811; x_wconf 93' lang='lat' dir='ltr'><strong>o</strong></span> <span class='ocrx_word' id='word_1_678' title='bbox 2308 5771 2482 5824; x_wconf 85' lang='lat' dir='ltr'><strong>casta,</strong></span> <span class='ocrx_word' id='word_1_679' title='bbox 2500 5759 2782 5814; x_wconf 80' lang='lat' dir='ltr'><strong>Christum</strong></span> <span class='ocrx_word' id='word_1_680' title='bbox 2807 5759 3240 5821; x_wconf 85' lang='lat' dir='ltr'><strong>Emmanuelem,</strong></span> <span class='ocrx_word' id='word_1_681' title='bbox 3264 5759 3354 5828; x_wconf 86' lang='lat' dir='ltr'><strong>qui</strong></span> <span class='ocrx_word' id='word_1_682' title='bbox 3377 5757 3589 5825; x_wconf 76' lang='lat' dir='ltr'><strong>angelis</strong></span> 
     </span>
    </p>
   </div>
   <div class='ocr_carea' id='block_1_109' title="bbox 2018 5848 3584 5923">
    <p class='ocr_par' dir='ltr' id='par_1_109' title="bbox 2018 5848 3584 5923">
     <span class='ocr_line' id='line_1_110' title="bbox 2018 5848 3584 5923; baseline -0.003 -15"><span class='ocrx_word' id='word_1_683' title='bbox 2018 5851 2268 5908; x_wconf 82' lang='lat' dir='ltr'><strong>homines</strong></span> <span class='ocrx_word' id='word_1_684' title='bbox 2313 5850 2423 5923; x_wconf 75' lang='grc'><strong>62</strong></span> <span class='ocrx_word' id='word_1_685' title='bbox 2462 5849 2768 5920; x_wconf 78' lang='lat' dir='ltr'><strong>conjunxit,</strong></span> <span class='ocrx_word' id='word_1_686' title='bbox 2815 5866 2848 5906; x_wconf 94' lang='lat' dir='ltr'><strong>o</strong></span> <span class='ocrx_word' id='word_1_687' title='bbox 2889 5850 3005 5906; x_wconf 87' lang='lat' dir='ltr'><strong>sola</strong></span> <span class='ocrx_word' id='word_1_688' title='bbox 3047 5849 3347 5916; x_wconf 82' lang='lat' dir='ltr'><strong>benedicta,</strong></span> <span class='ocrx_word' id='word_1_689' title='bbox 3389 5863 3422 5906; x_wconf 88' lang='grc' dir='ltr'><strong>ο</strong></span> <span class='ocrx_word' id='word_1_690' title='bbox 3465 5848 3584 5904; x_wconf 83' lang='lat' dir='ltr'><strong>sola</strong></span> 
     </span>
    </p>
   </div>
  </div>
