4078 6294
487 405 624 472 1059

1597 399 1655 460 S.
1701 395 2015 458 IOSEPHI
2057 388 2616 457 HYMNOGRAPHI

3608 381 3761 449 1060

485 519 637 572 omni
668 515 826 570 laude
860 513 1179 586 dignissima
1213 512 1390 584 puella
1423 511 1534 582 (51)
1558 550 1572 574 ,
1614 527 1648 565 o
1684 512 1801 566 sola
1836 511 2059 565 deilica-

2205 524 2396 578 μνητε,
2451 505 2590 576 μόνη
2666 504 2700 575 ἡ
2756 501 2907 558 αἰτία
2971 501 3070 572 τῆς
3136 499 3327 571 ἡμῶν,
3381 497 3540 574 κόρη,
3621 499 3768 552 θεώ-

487 611 654 662 tinnis
683 617 888 663 nostrae
914 622 1103 662 causa.

491 735 572 789 Ex
602 734 812 791 Canone
851 735 905 788 in
935 733 995 788 S.
1026 731 1727 854 Partheniizmﬁepiscopum
1754 727 2072 798 Lampsace-

1108 819 1256 854 num.
1333 819 1377 854 te
1440 842 1453 854 .

1108 819 1256 866 num,
1293 819 1377 855 ate
1413 819 1453 854 ι.

559 931 604 986 Ο
628 929 910 993 inviolata,
946 944 1068 999 quae
1101 929 1270 983 Deum
1309 929 1515 982 bonum
1549 925 1830 996 peperisti,
1864 924 2072 978 bonum

489 1022 642 1077 cﬁice
666 1023 927 1076 miserum
962 1036 1060 1075 cor
1089 1035 1270 1073 meum
1297 1019 1597 1073 multarum
1621 1018 1933 1086 passionum
1964 1031 2076 1069 nia-

489 1115 607 1169 litia
653 1115 1039 1183 depravatum;
1083 1122 1136 1166 et
1177 1113 1250 1166 da
1298 1113 1428 1165 mihi
1470 1113 1613 1165 vires
1644 1111 1709 1163 ad
1735 1102 2071 1164 etiicicndam

491 1208 838 1263 voluntatem
890 1206 1272 1274 Redemptoris
1322 1205 1521 1267 nostri,
1575 1202 1669 1273 qui
1720 1205 1837 1256 vult
1883 1217 2074 1258 omnes

493 1299 750 1354 homines
784 1299 969 1353 salvos
997 1297 1138 1352 ﬁeri.

565 1415 710 1470 Inter
764 1412 1023 1474 homines
1070 1417 1424 1467 conversatus
1477 1417 1562 1463 est
1624 1407 1921 1469 Dominus,
1983 1406 2076 1475 qni

497 1523 564 1562 ex
599 1517 652 1560 te
683 1520 906 1564 carnem
943 1503 1310 1574 inexplicabili
1340 1500 1504 1555 modo
1533 1500 1745 1570 accepit
1781 1518 1794 1553 :
1821 1498 2075 1554 eumdem

499 1613 632 1668 ergo
659 1597 972 1666 deprecare.
1013 1610 1046 1650 ο
1085 1595 1544 1658 ετιηαιίεείηιτιιιιι
1582 1593 1910 1645 misereatur
1948 1589 2074 1655 mei,

499 1690 588 1758 qui
631 1704 662 1743 a
709 1688 982 1758 serpentis
1053 1685 1254 1742 ictibus
1300 1685 1353 1739 in
1401 1684 1701 1740 certamine
1741 1696 1975 1753 superor
2004 1696 2069 1736 ac

499 1780 751 1850 dejicior.

2173 616 2331 662 σεως.

2185 728 2280 781 Ἐκ
2307 725 2414 781 τοῦ
2446 727 2717 790 Κανόνας
2747 726 2834 790 εἰς
2883 723 2994 776 τὸν
3035 723 3208 777 ὅσιον
3241 720 3586 790 Παρθένιον,
3615 721 3758 773 ἐπί-

2486 811 2725 850 σκοπον
2754 794 3122 863 Admittian
3159 794 3347 861 ἡμέρᾳ
3373 790 3441 852 C'.

2257 926 2488 994 Ἀγαθὸν
2538 926 2794 996 κυήσασα
2841 922 2998 986 Θεὸν,
3028 924 3287 995 ἄχραντε,
3328 921 3598 991 ἀγάθυνον
3654 919 3764 992 τὴν

2175 1020 2233 1073 ἐν
2257 1019 2469 1080 πολλοῖς
2523 1015 2928 1084 κεκακωμένην
2968 1013 3168 1068 πάθεσι
3206 1013 3472 1084 ταπεινὴν
3526 1011 3760 1082 καρδίαν

2180 1127 2306 1181 μου,
2330 1108 2420 1162 καὶ
2447 1107 2509 1161 τὸ
2537 1106 2750 1175 θέλημα
2777 1103 3017 1158 ἐκτελεῖν
3043 1104 3420 1173 ἐνδυνάμωσον
3451 1102 3542 1155 τοῦ
3577 1101 3763 1173 σωθῆ-

2175 1219 2266 1257 ναι
2292 1201 2501 1264 πάντας
2527 1199 2773 1264 θέλοντος
2805 1199 3130 1268 ἀνθρώπους
3158 1194 3430 1267 λυτρωτοῦ
3469 1195 3646 1266 ἡμῶν.

2263 1404 2556 1476 Ὠμίλησεν
2582 1402 2898 1474 ἀνθρώποις
2919 1403 2985 1456 ἐκ
3018 1401 3113 1456 σοῦ
3143 1403 3244 1472 τὴν
3282 1401 3462 1475 σάρκα
3493 1401 3523 1455 ὁ
3551 1399 3763 1473 Κύριος

2179 1497 2418 1568 φορέσας
2439 1498 2710 1567 ἀνερμηνε
2720 1497 2878 1559 ύτωςο
2899 1494 3060 1548 αὑτὸν
3082 1492 3175 1548 οὖν
3198 1492 3610 1563 ὲκδυσώπησον,
3626 1510 3762 1544 πανο

2181 1589 2338 1656 αγία,
2398 1587 2492 1641 τοῦ
2521 1587 2866 1660 οἰκτειρῆσαί
2900 1604 2968 1657 με
3002 1586 3478 1656 καταπονούμενον
3523 1583 3764 1655 προσϐο-

2177 1679 2294 1745 λαῖς
2316 1680 2409 1733 τοῦ
2434 1678 2612 1750 ὄφεως
2634 1679 2727 1732 καὶ
2754 1679 3115 1751 δωρούμενον.

569 1872 736 1937 Sana,
794 1889 828 1929 ο
879 1870 1069 1941 Virgo,
1126 1870 1357 1925 vulnera
1413 1867 1613 1922 anima:
1660 1880 1795 1922 mea:
1841 1873 2079 1920 mentem

2254 1867 2337 1921 Τὰ
2373 1865 2666 1936 τραύματα
2706 1865 2808 1937 τῆς
2844 1865 3021 1937 ψυχῆς
3052 1866 3460 1938 μου,ῐῙαρΘένε,
3485 1866 3765 1938 θεράπευ-

499 1980 674 2021 meam
709 1981 739 2020 a
773 1965 1124 2037 passionibus
1167 1963 1550 2024 dilaceralam,
1602 1967 1657 2015 et
1693 1974 1721 2013 a
1765 1967 2079 2028 transgres-

500 2058 750 2114 sionibus
839 2058 1227 2113 mandatorum
1294 2053 1600 2110 Salvator-is
1669 2050 2085 2108 obtenebratam

502 2148 756 2220 paciﬁca.

571 2265 618 2317 Α
653 2263 811 2320 malis
842 2262 1237 2318 inlraarentibus
1279 2261 1411 2315 mibi
1445 2261 1513 2317 ob
1538 2259 1851 2314 invasiones
1883 2259 2083 2326 Alieni,

503 2369 561 2414 et
598 2374 626 2412 a
656 2358 944 2412 tormentis
984 2357 1203 2411 aeternis
1237 2354 1366 2408 milii
1409 2354 1705 2409 reservatis
1771 2353 1938 2408 libera
1970 2367 2079 2418 me,

505 2461 725 2519 precor,
769 2445 1261 2501 intercessionibus
1292 2442 1404 2498 tuis
1450 2443 1592 2512 apud
1633 2455 1938 2496 amatorem
1980 2441 2083 2497 lio-

504 2538 737 2594 minum.

578 2630 658 2686 Ne
685 2639 896 2685 statuas
924 2643 1033 2695 me,
1063 2629 1116 2683 in
1145 2628 1230 2684 die
1253 2626 1469 2697 judicii,
1488 2627 1631 2681 inter
1657 2627 1980 2692 damnatos;
2017 2642 2086 2683 ne

507 2719 806 2790 ignominia
867 2729 1026 2774 notes
1081 2735 1186 2785 me,
1257 2718 1312 2772 in
1367 2717 1629 2772 omnibus
1686 2718 2082 2781 insensibilem,

517 2810 662 2865 Deus
686 2825 864 2874 mens,
890 2819 944 2864 et
971 2808 1146 2864 factor
1183 2824 1359 2875 meus,
1383 2824 1506 2863 eum
1537 2808 1742 2864 habeas
1767 2808 2084 2864 advocatam

507 2917 609 2971 pro
653 2917 740 2956 me
769 2901 1058 2957 Dominam
1091 2902 1263 2964 illam,
1295 2917 1417 2971 quae
1443 2901 1562 2958 sine
1591 2902 1802 2958 semine
1839 2903 2090 2972 concepit

512 3008 577 3046 ac
606 2993 818 3064 peperit
848 3003 922 3048 te.

584 3083 843 3140 Sanctior
904 3086 1160 3156 supernis
1229 3086 1596 3156 potestatibus
1652 3086 1986 3156 apparuisti,

509 3177 1050 3235 immaculatissima'
1107 3178 1278 3234 Deum
1336 3179 1483 3233 enim
1540 3179 1872 3248 corporasti,
1925 3192 2159 3251 quemc
2194 3195 2340 3250 μεων
2377 3197 2390 3212 ·

582 3378 693 3453 (5i)
729 3379 950 3453 Egregia
1006 3379 1246 3448 Dciparte
1301 3379 1420 3433 laus
1486 3388 1589 3441 est,
1643 3381 1818 3449 ipsam
1884 3388 2087 3434 statum

515 3451 704 3522 gratiae
740 3451 890 3504 nullo
942 3465 1183 3518 unquam
1235 3457 1456 3517 peccato
1501 3459 1826 3522 temeratum
1870 3463 2090 3518 semper

514 3520 794 3582 habuisse,
817 3529 869 3573 et
889 3531 1038 3574 extra
1068 3522 1379 3575 communia
1405 3529 1614 3574 natura:
1636 3520 1933 3588 inquinata;
1961 3534 2090 3587 pro-

512 3592 604 3646 cul
633 3605 662 3644 a
698 3590 1083 3645 maledictione
1134 3598 1188 3643 et
1241 3589 1584 3657 subiectione
1628 3590 1895 3645 daemonis
1944 3589 2091 3658 posi-

518 3673 630 3716 tam
669 3660 862 3715 fuisse.
890 3659 1002 3714 llac
1040 3659 1203 3730 igitur
1255 3659 1432 3730 laude,
1462 3675 1570 3728 qua
1603 3660 1717 3728 ipsa
1763 3660 2086 3729 dignissima

515 3741 624 3794 est,
662 3730 820 3784 debet
858 3731 927 3784 ab
969 3729 1227 3783 omnibus
1279 3729 1374 3798 qui
1412 3745 1530 3783 eam
1579 3731 1806 3784 laudare
1863 3732 2093 3800 cupiunt

513 3800 795 3856 celebrari.
831 3801 994 3854 Porro
1023 3815 1146 3854 esse
1176 3800 1333 3853 istam
1363 3800 1607 3869 Deiparae
1638 3802 1799 3855 laude
1820 3815 1869 3852 m
1919 3801 2091 3854 unde-

516 3871 1042 3940 qnaque__eximiam,
1076 3879 1226 3924 extra
1278 3884 1493 3922 omnem
1535 3871 1928 3924 dubitationem
1972 3884 2092 3940 esse

517 3938 698 3994 debet.
728 3938 796 3992 Ut
816 3941 1049 3994 maxime
1078 3941 1385 3994 mirandum
1418 3940 1475 3991 lit
1504 3943 1853 4001 Abulensem,
1876 3938 2089 3993 tametsi

519 4015 588 4065 de
617 4009 801 4062 Mariae
839 4011 1197 4078 conceptione
1245 4011 1449 4078 optime
1479 4013 1824 4073 sentientem,
1862 4024 2093 4077 eamque

520 4082 822 4134 immunem
852 4094 880 4132 a
912 4088 1138 4147 peccato
1166 4077 1334 4132 l'uisée
1359 4077 1737 4144 allii-mantela,
1765 4087 1926 4146 atque
1952 4080 2003 4133 id
2040 4087 2093 4132 et

525 4150 696 4226 tutius
749 4159 803 4226 et
838 4149 995 4226 plane
1026 4149 1319 4226 eligibilius
1370 4151 1993 4226 esse_pronuntiantem_,
2027 4163 2093 4202 eo

520 4219 738 4274 tandem
765 4219 1051 4272 devenisse
1069 4229 1124 4270 ut
1162 4218 1402 4271 diceret:
1449 4237 1466 4268 ι
1503 4217 1619 4271 Non
1661 4221 1859 4272 mutari
1885 4221 1935 4271 in
1965 4221 2089 4283 hoc,

522 4291 606 4342 vel
648 4288 818 4341 minui
871 4286 1114 4359 Deiparat
1161 4286 1374 4341 laudem
1417 4302 1478 4341 ac
1513 4290 1762 4359 gloriam,
1789 4291 1832 4342 si
1880 4290 2094 4343 dicatur

525 4359 824 4413 incurrisse
849 4357 1115 4425 originale
1133 4367 1439 4426 peccatum,
1461 4357 1732 4428 utﬁputant
1749 4359 1842 4427 qui
1868 4375 1972 4412 non
2003 4375 2094 4427 pe-

527 4437 1015 4482 netrantnaturam
1041 4429 1244 4495 peccati
1270 4428 1551 4496 originalis
1583 4447 1596 4481 :
1632 4448 1650 4479 ι
1684 4445 1808 4482 cum
1835 4444 1941 4482 non
1971 4445 2095 4497 par-

524 4514 590 4552 va
614 4498 786 4566 gloria
821 4498 910 4560 sit,
937 4497 1048 4567 Deo
1078 4498 1310 4552 similem
1345 4509 1605 4567 perpetuo
1633 4514 1774 4563 esse,
1806 4507 1859 4554 et
1911 4501 2092 4553 habitu

525 4567 987 4638 dissimilitudinis
1034 4567 1158 4638 Dei,
1188 4569 1332 4637 quod
1357 4580 1639 4638 peccatum
1682 4569 1947 4638 originale
1986 4581 2091 4629 est.

528 4653 744 4707 semper
771 4637 1036 4701 caruisse,
1067 4637 1368 4708 itidemque
1393 4639 1512 4693 labe
1543 4640 1747 4708 peccati
1776 4637 1969 4693 natura
1996 4655 2092 4693 sua

530 4695 958 4778 corr'nmpentis,
993 4695 1048 4761 et
1079 4695 1391 4772 inﬁcieiitis,
1415 4695 1933 4764 imo'inlerlicientis
1976 4711 2095 4762 ani-
2128 4695 2170 4749 θ

529 4794 697 4842 mam,
722 4777 815 4832 Dei
861 4778 1123 4833 beneficio
1156 4779 1320 4834 eximi
1350 4796 1362 4831 :
1399 4780 1539 4833 sicut
1570 4795 1599 4833 e
1652 4781 1930 4834 contrario
1983 4796 2089 4834 non

531 4849 851 4919 minuirejus
869 4849 1007 4914 laus,
1039 4850 1130 4919 qui
1160 4864 1221 4902 ea
1255 4855 1467 4902 macula
1496 4849 1717 4904 sordere
1748 4850 2096 4919 supponitur.

529 4918 665 4972 Vide
689 4918 1006 4988 Velasquez,
1032 4918 1108 4972 De
1134 4919 1310 4972 Maria
1332 4920 1666 4972 innuaculute
1682 4918 1950 4986 conrepta,
1972 4920 2096 4973 libr.

529 5003 591 5052 tt,
642 4990 914 5044 dissertet.
980 4989 1033 5053 5,
1091 4999 1278 5042 annot.
1335 4989 1504 5055 l,nbi
1575 4990 1812 5044 ostendit
1871 4994 2102 5045 sanctis-

535 5061 727 5111 simam
771 5057 1048 5128 Virginem
1088 5075 1186 5128 p‘ro
1217 5060 1481 5128 dignitate
1527 5059 1737 5112 laudari
1769 5075 1881 5111 non
1917 5075 2097 5128 posse,

534 5129 638 5181 nisi
688 5130 1073 5182 communibus
1125 5130 1368 5197 Deipara:
1425 5130 1678 5182 laudibus
1711 5130 1802 5182 illa
1843 5129 2096 5194 addatur,

541 5197 680 5267 ~[uod
725 5199 982 5253 nimirum
1020 5198 1188 5251 fuerit
1218 5200 1572 5254 immaculate
1600 5208 1882 5267 concepta.

609 5265 774 5321 Porro
813 5270 1134 5322 Ambrosius
1185 5269 1515 5322 Catharinns
1567 5272 1621 5323 in
1684 5265 1787 5321 sua
1837 5269 2098 5336 disputat.

543 5335 646 5389 Pro
699 5338 1044 5390 immaculata
1076 5341 1431 5408 conceptione,
1479 5340 1602 5392 libr.
1632 5353 1671 5399 l,
1701 5355 1865 5407 agens
1911 5335 2100 5393 contra

543 5409 844 5477 'ionnullos,
878 5409 971 5477 qui
997 5408 1247 5462 dicebant
1277 5411 1342 5462 ad
1383 5409 1599 5462 laudem
1635 5410 1813 5460 Mariae
1841 5424 1946 5461 non
1978 5412 2103 5462 atti-

538 5475 663 5530 ner'e
694 5475 1072 5545 prieservatam
1126 5480 1293 5532 fuisse
1321 5494 1347 5530 a
1401 5481 1516 5531 labe
1562 5478 1765 5546 peccati
1797 5482 2098 5546 originalis.

543 5557 615 5599 ait
650 5549 789 5600 inter
831 5550 937 5601 alia
973 5568 985 5601 :
1019 5567 1037 5598 ι
1067 5546 1217 5612 Quod
1255 5549 1761 5616 insuperatljieinnt
1795 5563 1981 5617 parum
2034 5552 2100 5602 ad

543 5619 753 5669 tandem
805 5617 1042 5671 Dominae
1073 5620 1299 5671 attinere
1340 5620 1442 5672 hoc
1477 5620 1620 5686 quod
1661 5619 1736 5671 illi
1776 5619 2103 5673 ascribimns

543 5689 880 5755 privilegium
941 5690 1382 5755 pra-servationis
1435 5690 1504 5740 ab
1557 5689 1827 5755 originali,
1879 5705 2102 5756 prorsus

540 5759 869 5823 limpinainle
900 5769 1000 5810 est.
1038 5760 1140 5814 An.
1174 5773 1379 5824 qua-so,
1411 5774 1602 5826 parum
1637 5759 1758 5809 mali
1790 5760 2102 5813 existimant

540 5833 741 5894 peccati
778 5838 847 5881 lue
873 5831 1092 5891 'itatein,
1129 5829 1217 5880 Dei
1253 5829 1384 5881 iram
1420 5843 1578 5896 atque
1608 5828 1967 5892 inimicitiam,
1993 5831 2103 5884 dia-

2184 1979 2294 2026 σον,
2325 1960 2415 2013 τὸν
2437 1960 2561 2014 νοῦν
2598 1977 2701 2031 μου
2741 1962 3060 2030 εἰρήνευσον
3095 1962 3202 2016 ὑπὸ
3230 1963 3419 2017 παθῶν
3444 1965 3766 2034 σπαραττὸ-

2187 2070 2367 2124 μενον,
2391 2052 2487 2104 atati.
2521 2054 2638 2115 ταῖς
2662 2053 3004 2124 παραϐάσεσι
3033 2054 3141 2108 τῶν
3174 2055 3403 2110 ἐντολῶν
3443 2055 3536 2110 τοῦ
3569 2056 3766 2129 Σωτῆ-

2187 2162 2280 2215 ρος
2299 2144 2706 2216 σκοτιζόμενον.

2269 2255 2403 2310 Ἀπὸ
2434 2256 2625 2310 παθῶν
2658 2256 3058 2329 ἀμαυρώσεως,
3095 2260 3255 2333 κόρη,
3296 2261 3406 2316 ἀπὸ
3437 2264 3750 2320 σκανδάλων

2179 2347 2290 2402 τῶν
2331 2347 2777 2419 προσγινομένων
2827 2351 2950 2412 ταῖς
2996 2351 3396 2422 ὲπηρείαιςτοῢ
3429 2353 3764 2426 Ἀλλοτρίου,

2186 2440 2462 2510 μενουσῶν
2517 2458 2576 2494 τε
2637 2440 2889 2510 βασάνων
2933 2443 3168 2498 αἰωνξων
3223 2447 3357 2517 πρὸς
3416 2448 3506 2500 τὸν
3574 2448 3771 2517 φιλάν-

2187 2533 2406 2603 θρωπον
2439 2533 2602 2605 ῥῦσαί
2628 2551 2695 2605 με
2722 2539 2842 2598 ταῖς
2870 2539 3010 2602 σαῖς,
3031 2538 3288 2606 δυσωπῶ,
3320 2541 3758 2612 παρακλήσεσι-θ.

2252 2626 2346 2697 Μὴ
2379 2627 2586 2697 στήσῃς
2629 2644 2695 2699 με
2738 2629 2794 2680 ὲν
2825 2629 3006 2700 ήιιέρᾳ
3043 2631 3142 2701 τῆς
3210 2631 3365 2703 δίκης
3411 2633 3762 2704 κατάκριτον,

2188 2721 2265 2792 μὴ
2291 2720 2648 2792 στηλιτεύσῃς
2676 2739 2743 2792 με
2775 2722 2871 2776 ἐπὶ
2913 2723 3130 2777 πάντων
3159 2723 3249 2776 τὸν
3280 2723 3622 2793 ἀναίσθητον,
3657 2726 3764 2779 Θεέ

2191 2831 2314 2884 μου,
2359 2813 2560 2883 ποιητά
2610 2831 2732 2883 μου,
2764 2815 2903 2884 ἔχων
2947 2815 3292 2867 ἱκετεύουσαν
3342 2815 3444 2883 τὴν
3487 2813 3760 2868 τεκοῦσαν

2187 2903 2445 2973 ἀσπόρως
2475 2921 2534 2958 σε
2559 2904 2874 2958 Δέσποιναν.

2275 3085 2530 3158 ⁹Ωρὰθης,
2576 3084 2901 3154 πανάμωμε,
2949 3083 3228 3153 ἁγιωτέρα
3283 3084 3393 3139 τῶν
3434 3083 3544 3138 ἄνω
3586 3082 3751 3137 δυνά-

2439 3179 2571 3234 Θεὸν
2599 3177 2705 3249 γὰρ
2738 3176 3128 3247 ὲσωμάτωσας,
3159 3177 3218 3230 ὃν
3264 3177 3442 3242 τάξεις
3471 3174 3758 3247 ἀσώματοι

2198 3379 2304 3433 boli
2341 3379 2686 3441 servitutem,
2717 3387 2768 3432 et
2795 3377 2838 3432 si
2873 3377 2998 3448 quis
3025 3392 3196 3448 parvo
3222 3385 3497 3432 momento
3529 3375 3617 3432 bis
3638 3385 3768 3431 tan-

2192 3452 2263 3503 tis
2298 3451 2457 3504 malis
2507 3449 2794 3503 teneatur?
2825 3450 2894 3501 At
2935 3465 3040 3502 non
3086 3451 3160 3502 ita
3201 3450 3441 3519 sentiunt
3464 3449 3557 3519 qui
3609 3449 3775 3519 spiri-

2195 3521 2430 3574 tualibus
2470 3519 2646 3573 ocuiis
2680 3534 2791 3573 rem
2826 3520 3178 3589 perspiciunt.
3207 3516 3388 3584 Quare
3414 3516 3775 3589 ab'haciadeo

2193 3592 2396 3644 misera
2439 3592 2752 3644 conditione
2788 3588 3052 3658 singulari
3086 3592 3231 3643 dono
3271 3598 3547 3643 servatam
3597 3588 3772 3648 fuisse

2193 3675 2451 3728 magnum
2503 3675 2625 3714 esse
2671 3660 3030 3723 arbitrantur,
3067 3660 3209 3714 sicut
3241 3668 3296 3713 et
3347 3660 3436 3713 illa
3489 3659 3772 3719 exsultans

2193 3731 2246 3784 in
2279 3729 2474 3799 spiritu
2507 3729 2754 3798 professa
2785 3741 2868 3784 est
2901 3729 3034 3783 Luc.
3072 3747 3083 3782 ι
3113 3748 3126 3783 :
3168 3730 3308 3793 Quia
3337 3731 3459 3798 fecit
3485 3730 3616 3784 milii
3651 3747 3769 3784 ηια-

2191 3817 2292 3869 gna
2321 3801 2410 3868 qui
2432 3810 2612 3868 potens
2641 3807 2738 3853 est.
2770 3799 2925 3863 Quod
2960 3801 3004 3853 si
3037 3814 3259 3867 parvum
3293 3802 3457 3854 etiam
3488 3815 3553 3853 ex
3581 3816 3638 3855 se
3667 3801 3768 3856 hoc

2193 3871 2396 3923 donum
2429 3869 2830 3939 proﬁterentur,
2875 3886 3130 3939 magnum
3172 3880 3352 3922 tamen
3402 3869 3642 3938 profecto
3667 3873 3767 3925 lie-

2193 3949 2297 4003 ret,
2330 3936 2444 3993 tum
2472 3942 2783 4008 pratstantia
2827 3936 3127 4004 donatori‘s,
3158 3951 3271 3993 tum
3312 3936 3474 3993 etiam
3526 3940 3769 4009 singula-

2194 4009 2355 4064 ritate
2383 4009 2523 4079 ejus,
2561 4010 2649 4062 cui
2688 4009 2788 4063 soli
2824 4009 3080 4064 donatum
3112 4019 3231 4076 est;
3268 4025 3414 4073 nam,
3452 4020 3509 4064 ut
3546 4011 3768 4079 quidam

2193 4080 2408 4154 egregie
2457 4079 2616 4154 dixit,
2679 4093 2706 4131 a
2753 4080 2965 4154 magnis
3006 4081 3343 4154 principibus
3379 4080 3537 4154 etiam
3590 4083 3771 4133 minu-

2194 4151 2335 4219 tulis'
2354 4151 2512 4204 donis
2554 4152 2850 4214 lionestari,
2877 4166 3133 4219 magnum
3164 4162 3217 4203 et
3251 4151 3548 4206 favorabile
3581 4167 3769 4205 cense-

2195 4212 2304 4275 t'ur.
2333 4220 2577 4289 Denique
2617 4221 2661 4274 si
2688 4222 2767 4273 vir
2801 4212 2891 4274 ille
2919 4212 3284 4289 spiritualium
3326 4236 3509 4276 rerum
3537 4221 3769 4290 diligens

2195 4292 2537 4360 examinator
2580 4301 2743 4354 atque
2775 4292 3076 4346 aestimator
3124 4293 3363 4360 prudens
3410 4292 3768 4360 Augustinus,

2195 4375 2414 4415 carnem
2448 4359 2761 4429 Mariiejam
2793 4359 3134 4415 deniortuam
3157 4378 3254 4431 pro
3277 4364 3473 4431 quovis
3505 4359 3769 4430 temporis

2235 4443 2398 4485 uncto
2453 4433 2742 4484 obnoxiam
2797 4432 3130 4500 corruptioni
3210 4448 3314 4483 non
3388 4440 3597 4497 poterat
3653 4433 3771 4484 sine

2195 4447 2398 4555 puneto
2453 4447 2742 4484 onnoxiam
2797 4447 3130 4500 corrupttom
3210 4448 3314 4483 non
3388 4447 3597 4497 poterat
3653 4447 3771 4484 sine

2215 4516 2423 4554 iorrore
2450 4501 2801 4570 cogitaret'ut
2848 4503 3078 4569 ipsemet
3129 4502 3635 4570 testatur).quanto
3668 4502 3771 4555 hoc

2197 4579 2344 4626 certe
2369 4572 2549 4624 minus
2575 4571 2641 4623 de
2676 4573 3045 4627 sacratissima
3076 4573 3252 4624 anima
3285 4573 3370 4624 illa
3397 4574 3766 4638 cogitandum,

2199 4641 2343 4710 quod
2370 4653 2589 4708 peccato
2619 4651 2893 4710 corrupta,
2931 4643 3073 4708 quod
3113 4643 3312 4695 diaboli
3356 4642 3609 4710 potestati
3645 4642 3765 4694 sub-

2194 4714 2358 4781 jecta,
2396 4713 2540 4779 quod
2577 4710 2684 4764 Deo
2719 4714 2932 4766 tandem
2969 4712 3191 4781 inimica
3226 4712 3388 4765 etiam
3424 4728 3518 4779 pro
3571 4714 3766 4779 quovis

2203 4791 2480 4836 momento
2520 4796 2642 4836 vere
2680 4782 2786 4836 dici
2840 4783 3116 4848 potuerit?
3170 4780 3274 4835 Sed
3341 4784 3468 4849 quid
3543 4783 3774 4836 ulterius

2209 4866 2394 4904 moror
2419 4854 2442 4904 ’ἶ
2469 4868 2592 4904 cum
2630 4860 2684 4905 et
2728 4855 2828 4905 hoc
2859 4852 2912 4905 iii
2961 4852 3082 4907 loco
3121 4853 3204 4904 isti
3237 4868 3302 4905 cx
3330 4851 3598 4905 diametro
3647 4867 3772 4904 cum

2208 4923 2473 4975 sententia
2532 4923 2590 4972 Β.
2625 4922 2845 4975 'l‘liomie
2891 4922 3238 4991 depugnent?
3289 4922 3423 4975 Nam
3477 4925 3620 4990 quod
3676 4921 3777 4988 ipsi

2208 4992 2344 5044 adi-0
2393 4994 2540 5059 parvi
2581 4993 2807 5054 faciunt,
2840 4991 3078 5045 Thomas
3121 4992 3235 5060 ipse
3270 5001 3458 5046 contra
3497 4997 3632 5046 atleo
3663 5008 3778 5043 nia-

2207 5061 2450 5129 gnilacit,
2489 5071 2547 5115 nt
2612 5061 2815 5116 idcirco
2847 5072 3005 5130 neget
3062 5062 3244 5116 Maria:
3290 5065 3600 5127 convenire,
3632 5061 3777 5130 quod

2209 5133 2372 5184 nimis
2416 5134 2690 5186 excelsum
2767 5131 3078 5201 videbatur,
3129 5146 3193 5185 co
3255 5132 3396 5201 quod
3469 5149 3560 5200 per
3644 5134 3776 5183 illud

2206 5203 2410 5269 aequari
2461 5203 2737 5257 videretur
2766 5201 3006 5254 Christo.
3039 5200 3147 5256 Nos
3181 5200 3380 5265 tamen,
3409 5211 3466 5253 ut
3502 5201 3614 5254 suis
3648 5202 3778 5254 locis

2208 5273 2630 5332 declarabimns,
2667 5283 2719 5325 et
2749 5287 3002 5340 magnum
3027 5287 3146 5326 esse
3174 5271 3426 5336 fatentur,
3457 5288 3556 5326 nec
3595 5282 3777 5324 tamen

2207 5343 2343 5396 adeo
2388 5359 2643 5411 magnum
2680 5354 2738 5395 ut
2772 5345 2837 5396 ad
2882 5342 3082 5395 Christi
3124 5341 3456 5407 Maiestatem
3501 5341 3775 5394 ascendat.

2209 5412 2390 5473 Quare
2449 5415 2699 5466 lrivoluin
2743 5423 2825 5465 est
2889 5413 3109 5481 penitus
3144 5414 3284 5480 quod
3324 5412 3614 5475 addebant,
3645 5413 3780 5481 satis

2205 5499 2323 5535 eam
2373 5492 2430 5534 ut
2472 5483 2560 5536 llei
2621 5483 2848 5536 Matrem
2893 5480 3182 5545 celebrari,
3219 5483 3378 5551 idque
3427 5482 3602 5535 solum
3660 5480 3780 5534 loco

2209 5554 2388 5605 omnis
2422 5553 2633 5617 laudis;
2666 5569 2790 5604 nam
2829 5556 2927 5607 liae
2972 5553 3087 5621 ipsa
3127 5555 3335 5606 ratione
3368 5551 3781 5617 concluderent,

2209 5636 2277 5674 ne
2312 5623 2566 5676 laudetur
2621 5635 2678 5675 ut
2736 5621 2920 5690 Virgo,
2953 5639 3022 5676 ne
3057 5625 3271 5676 colatur
3316 5633 3374 5676 ut
3417 5623 3783 5689 sanctiﬁcata,

2209 5701 2452 5746 taceatur
2492 5706 2545 5746 et
2577 5693 2891 5759 Assumptio
2921 5696 3040 5760 ejus
3084 5694 3339 5760 gloriosa,
3365 5702 3418 5746 et
3450 5695 3536 5746 alii
3585 5709 3788 5762 praero-

2211 5763 2510 5885 ggativarum
2550 5765 2714 5831 tituli,
2750 5763 2951 5833 quibus
2981 5764 3242 5819 abundat.
3289 5783 3308 5817 ι
3345 5763 3435 5820 Sic
3453 5763 3787 5820 Catlrarinus

2233 5848 2330 5885 oco
2365 5842 2549 5885 uitato.
3482 5848 3487 5853 '

2233 5848 2330 5888 oco
2365 5842 2549 5888 ett-ato.
3482 5848 3487 5853 '
