4078 6294
288 348 418 415 ίθϐὗ

1721 343 2084 410 MARIALE.

3394 342 3529 406 1066

282 464 555 536 ἄφραστον
578 458 677 531 τῆς
705 456 913 532 σεπτῆς
937 459 1156 533 λοχείας
1182 477 1282 515 σου
1318 462 1417 533 τῆς
1459 460 1651 531 ἁγνῆς.
1679 476 1855 514 ποικι-

1965 464 2147 526 partus
2210 450 2286 508 lui
2331 451 2657 509 venerabilis
2706 460 2759 506 et
2821 450 2997 521 casti;
3029 464 3125 523 per
3161 452 3343 508 varias
3395 454 3534 524 ligu-

282 555 561 628 λοτρόπως
585 553 661 619 ὡς
695 552 1004 626 δχώρησαν,
1039 553 1199 609 τοῦτο
1227 555 1622 628 προήγγειλαν.

361 728 618 798 ’Δγίασον
640 771 645 781 .
671 727 772 800 τὴν
818 727 999 803 ψυχήν
1051 746 1173 802 μου,
1204 730 1475 802 Παρθένε,
1500 732 1535 803 ἡ
1579 731 1669 786 τὸν
1700 730 1855 800 ἅγιον

278 820 534 892 κυήσασα
585 820 782 889 Δόγον,
815 820 907 874 τὸν
952 820 1169 893 ἀληθῶς
1224 824 1282 877 ἑν
1313 821 1515 892 ἁγίοις,
1549 822 1625 885 ὡς
1671 821 1852 893 θέμις,

280 908 702 981 ἀναπαυόμενον
740 910 903 980 μόνον
944 911 1078 967 Θεὸν
1110 914 1289 988 ἡμῶν,
1318 918 1413 970 xui.
1464 916 1608 969 δίδου
1638 932 1731 987 μοι
1781 915 1856 979 ὡς

279 1002 499 1073 ἀληθῶς
531 1005 881 1074 κατανύξεως
901 1006 1165 1082 ὄμϐρους,
1207 1010 1537 1082 πανάμωμε.

354 1093 456 1150 Σοῦ
504 1098 604 1166 τὴν
632 1097 797 1165 νηδὺν
848 1098 925 1169 μὴ
972 1101 1319 1171 καταφλέξαν
1353 1105 1454 1173 τῆς
1504 1101 1759 1173 θεότητος
1793 1101 1855 1157 τὺ

284 1187 419 1260 πῦρ,
462 1188 903 1263 παρθεωμῆτορ,
931 1192 1279 1265 σωματοῖηαι
1313 1197 1378 1249 ἐκ
1409 1193 1503 1249 σοῦ
1537 1197 1608 1251 τὰ
1645 1197 1859 1267 πέρατα

282 1280 538 1351 φωτίζων
586 1285 708 1349 ταῖς
760 1284 973 1352 θεῖκαῖς
1022 1285 1377 1359 λαμπρότησι
1406 1302 1420 1315 ·
1448 1288 1540 1343 διὰ
1588 1286 1747 1344 τοῦτό
1796 1304 1856 1342 σε

283 1372 454 1444 ὑμνοῦ
461 1390 582 1444 μεν.

366 1466 427 1522 '0
466 1467 718 1542 βουλήσει
778 1469 955 1527 πάντα
994 1472 1253 1538 ἐκτελῶν,
1278 1471 1593 1545 πανάμωμε
1630 1470 1858 1543 εὐλογη-

288 1562 450 1633 μένη,
482 1560 766 1635 βουληθεὶς
793 1563 891 1618 καὶ
925 1565 1141 1637 μήτραν
1178 1566 1277 1636 τὴν
1318 1564 1417 1637 σὴν
1449 1566 1857 1636 κατεσκήνωσε.

284 1655 381 1708 καὶ.
402 1653 542 1728 σάρξ
566 1655 781 1729 ὡράθη,
814 1657 910 1712 καὶ
940 1657 1143 1711 ὲθίωσέ
1195 1675 1263 1731 με
1315 1658 1596 1729 φθαρέντα
1627 1657 1689 1710 τὸ
1719 1656 1857 1726 πρό-

281 1762 443 1819 τερον
478 1746 574 1803 τοῦ
591 1749 911 1815 ἀπατεῶνος
949 1731 1185 1822 κακίστη
1219 1749 1545 1820 συμϐουλίᾳ.

1956 563 2081 612 ras,
2120 545 2584 618 quemadmodum
2645 559 2841 617 capere
2894 554 3219 614 potuerant,
3274 561 3535 617 praemio-

1957 641 2231 696 tiaverunt
2257 638 2409 693 illud.

2028 731 2321 789 Sanctiﬁca
2350 730 2590 785 animam
2614 745 2818 795 meam,
2845 746 2879 785 ο
2907 729 3095 801 Virgo,
3120 746 3245 802 qua:
3272 740 3529 788 sanctum

1958 822 2201 879 Verbum
2226 821 2493 895 genuisti,
2524 822 2669 893 quod
2699 823 2753 877 in
2776 824 2982 878 sanctis
2996 825 3131 890 suis,
3164 825 3307 879 sicut
3322 841 3541 896 atquum

1956 927 2060 983 est,
2098 916 2415 986 requiescit,
2439 916 2663 970 unicum
2701 915 2873 971 Deum
2910 926 3269 985 nostrum;et
3306 917 3374 973 da
3408 919 3542 973 mihi

1960 1023 2104 1065 vera:
2148 1007 2594 1079 compunrtionis
2661 1008 2883 1071 imbres,
2930 1024 2965 1064 ο
3008 1010 3541 1065 immaculatissima.

2029 1099 2177 1173 Ignis
2212 1098 2458 1167 deitatis,
2501 1101 2593 1172 qui
2643 1100 2933 1158 universos
2958 1110 3117 1159 terra:
3166 1102 3303 1159 lines
3343 1103 3546 1159 divinis

1959 1191 2657 1263 splendoribusilluminat,
2691 1206 2758 1247 ex
2792 1201 2949 1247 utero
2989 1200 3084 1247 tuo
3137 1208 3339 1259 corpus
3379 1208 3542 1247 acre-

1958 1284 2059 1357 pit,
2092 1298 2192 1341 nec
2235 1294 2418 1342 tamen
2456 1286 2610 1341 illum
2667 1286 2974 1341 combussit
3028 1303 3043 1339 :
3096 1294 3384 1357 propterea
3410 1294 3482 1352 te,
3514 1302 3547 1341 ο

1966 1377 2131 1449 Virgo
2149 1376 2343 1442 Mater,
2372 1378 2775 1435 collaudamus.

2033 1468 2140 1537 Qui
2202 1471 2487 1527 voluntate
2522 1486 2621 1527 sua
2667 1470 2900 1542 perfecit
2943 1471 3225 1537 universa,
3281 1472 3336 1527 in
3393 1481 3549 1527 utero

1962 1568 2080 1626 tuo,
2140 1576 2175 1617 ο
2225 1572 2336 1617 tota
2380 1563 2733 1618 immaculata
2780 1578 2847 1619 ac
2887 1563 3201 1628 benedicta,
3245 1563 3548 1621 voluntarie

1962 1653 2250 1721 habitavit,
2304 1664 2362 1711 et
2385 1671 2516 1711 caro
2546 1655 2726 1713 factus
2755 1665 2860 1723 est,
2888 1672 3083 1728 meque
3110 1657 3263 1726 prius
3312 1658 3551 1728 pessimo

1961 1746 2266 1817 deceptoris
2299 1746 2535 1803 consilio
2561 1735 2936 1819 depravatum,
2970 1746 3260 1803 deiﬁcavit.

352 1815 566 1909 δρίττω
605 1856 725 1905 σου,
763 1840 892 1911 μόνε
932 1815 1184 1912 βασιλεῦ,
1206 1815 1307 1912 τὴν
1344 1815 1606 1911 δευτέραν
1649 1857 1860 1915 παρου-

2036 1836 2323 1906 Formido,
2391 1854 2425 1895 o
2475 1839 2591 1895 Rex
2655 1842 2838 1906 unice,
2898 1840 3202 1898 secundum
3255 1840 3551 1898 adventum

285 1928 409 1982 σίαν
433 1929 527 1983 καὶ
550 1930 789 1995 δέδοικα,
842 1930 1063 2005 ἄμετρα
1117 1930 1351 1995 πταίσας
1408 1947 1514 1998 σοι,
1545 1932 1643 1985 καὶ
1691 1947 1863 2002 μεταο

284 2018 483 2088 γνώσει
509 2021 589 2093 μὴ
634 2022 1014 2094 βελτιοῦμενος
1041 2038 1057 2056 ⁸
1093 2021 1211 2079 ἀλλ’
1249 2024 1327 2087 ὡς
1366 2022 1633 2095 ὑπάρχων
1657 2023 1864 2093 ἀγαθὸς

284 2107 637 2182 ὲπίστρεψον,
678 2110 856 2167 σῶσόν
889 2129 991 2185 με,
1022 2112 1122 2185 τῆς
1168 2114 1452 2187 κυησάσης
1500 2132 1560 2169 σε
1607 2114 1864 2170 εὐποσδέο

285 2216 462 2269 κτοις,
501 2203 700 2275 Ἰησοῦ,
718 2205 1117 2278 παρακλήσεσι.

298 2399 394 2458 Ἐκ
421 2400 531 2459 τοῦ
571 2403 1103 2504 xarnﬁoi‘el'sﬁdr
1133 2407 1323 2504 ἐνέοι·
1358 2410 1697 2504 Πορφύριον
1729 2412 1851 2467 ἐπει

643 2491 887 2531 assertor
902 2476 1097 2547 Γάζης
1128 2476 1323 2550 ἡμέρᾳ
1363 2476 1477 2546 κςδ.

356 2566 607 2639 Ὀμόρον
650 2567 1010 2643 είσδεξαμένη
1050 2570 1145 2625 σοῦ
1178 2571 1236 2627 ἐν
1267 2575 1335 2644 τῇ
1377 2572 1531 2644 νηδύϊ
1566 2574 1656 2629 τὸν
1694 2576 1863 2649 οὐρά-

286 2672 426 2723 νιον,
457 2658 993 2735 Θεοτόκε,Παρθένε,
1018 2663 1292 2737 ἁμαρτίας
1321 2665 1449 2731 τοὺς
1476 2664 1718 2739 ὄμϐρους
1739 2670 1866 2743 ἑξή-

287 2767 479 2824 ρανας·
960 2784 961 2787 γ

371 2839 562 2896 Ῥῦσαί
596 2860 665 2913 με
687 2844 1009 2915 πρεσϐείαις
1048 2862 1144 2900 σου
1172 2846 1284 2903 τῶν
1310 2846 1404 2902 τοῦ
1437 2850 1633 2923 ἐχθροῦ
1668 2848 1863 2922 βελῶν,

283 2931 545 3006 ἀχραντε,
579 2936 677 2991 καὶ
693 2937 971 3010 λογισμῶν
998 2937 1108 2995 τῶν
1133 2938 1597 3013 ἐπιεμσαινόντων
1629 2945 1865 3015 ἀφειδῶς

283 3029 350 3099 τῇ
378 3027 575 3101 καρδία
596 3045 724 3099 μου.

351 3117 722 3192 Νεκρωθιντα
767 3122 1159 3192 μι,·πάναγνε,
1192 3124 1353 3177 πάλιν
1404 3124 1751 3197 ἀνεζώωσας,
1786 3128 1860 3194 ὡς

280 3211 537 3282 κυήσασα
568 3209 666 3282 τὴν
698 3211 846 3283 ζωὴν
877 3212 978 3286 τὴν
1021 3215 1412 3284 ὲνυπόστατον,
1453 3216 1546 3271 τὸν
1579 3217 1709 3272 Υίὸν
1764 3222 1860 3273 καὶ

281 3302 459 3368 Λόγον
485 3302 578 3358 τοῦ
606 3304 953 3377 Γεννήτορος.

353 3393 544 3464 Μόνην
580 3394 785 3462 γενεῶν
812 3396 875 3449 ἐκ
902 3395 1096 3451 πασῶν
1124 3416 1181 3452 σε
1202 3399 1485 3467 ἐξελέξατο
1504 3404 1533 3457 ὀ
1554 3402 1863 3477 πλαστουρ-

286 3482 405 3550 γδς,
435 3487 531 3539 καὶ
563 3486 896 3542 ἀναπλάττει
932 3490 1081 3561 ἡμᾶς
1129 3492 1187 3545 ὲν
1218 3492 1305 3546 σοὶ
1352 3493 1602 3567 οἰκήσας,
1633 3498 1864 3554 Θεοτόκε

300 3575 677 3649 Ἀειπάρθενε.

356 3668 741 3743 Νικρούμενον
789 3673 887 3729 καὶ
938 3675 1116 3751 φθορᾷ
1152 3678 1469 3752 ὑπαχθέντα
1498 3682 1591 3738 τὸν
1646 3686 1864 3757 πρωτό-

285 3760 546 3831 πλαστον,
586 3764 835 3838 nepam
864 3768 1199 3843 Μαρία,-τδν
1239 3775 1520 3847 νεκρωτὴν
1554 3776 1650 3832 τοῦ
1698 3778 1866 3834 θανά-

284 3875 380 3913 του
438 3862 698 3927 τεκοῦσα,
736 3864 821 3927 εἰς
879 3865 1196 3937 ἀφθαρσίαν
1240 3870 1574 3939 μετήγαγες,
1603 3872 1861 3946 ἀχραντε,

284 3954 379 4008 καὶ
408 3952 619 4021 ἔδειξας
648 3954 775 4021 τοὺς
821 3960 1077 4030 γηγενεῖς
1133 3960 1441 4033 οὐρανίους,
1486 3963 1620 4019 Θεὸν
1677 3981 1864 4036 σωμα-

282 4062 529 4104 τωσασα.

356 4140 659 4213 υἶκτειρον,
675 4142 850 4199 σῶσόν
875 4160 966 4215 με,
998 4145 1269 4218 Παρθένε,
1300 4146 1393 4201 τδν
1424 4150 1745 4223 οἰκτίρμονα
1775 4170 1865 4207 τε·-

283 4230 458 4285 κοῦσα
484 4230 618 4285 Θεδν
646 4233 841 4303 Λόγον,
873 4237 968 4292 καὶ
996 4240 1140 4306 φωτὶ
1176 4238 1258 4311 τῷ
1293 4240 1355 4294 ἐν
1393 4241 1480 4295 σοὶ
1512 4243 1865 4314 καταύγασον

287 4321 531 4391 βοῶντα⁸
566 4323 972 4397 Εὐλογημένος,
1009 4331 1276 4401 πάναγνε,
1305 4334 1336 4387 ό
1383 4335 1594 4405 καρπὸς
1627 4337 1727 4409 τῆς
1764 4338 1864 4410 σῆς

287 4413 516 4478 κοιλίας.

1965 1942 2145 1999 ιιιιιω,
2177 1940 2234 1989 et
2271 1930 2463 1998 timeo,
2488 1947 2614 1987 cum
2652 1932 2921 1987 immensa
2947 1940 3175 2002 peccata
3209 1931 3344 1986 inte
3392 1948 3549 1987 com-

1966 2024 2235 2089 miserim,
2281 2023 2430 2079 nulla
2467 2039 2565 2094 per
2612 2024 2993 2095 paenitentiam
3053 2023 3196 2079 facta
3238 2024 3293 2078 in
3355 2024 3551 2080 melius

1964 2116 2297 2172 mutatione.
2334 2115 2443 2172 Sed
2471 2122 2527 2171 tu
2592 2126 2852 2185 tanquam
2885 2116 2997 2188 66
3041 2116 3219 2173 bonus
3267 2127 3551 2186 converte,

1963 2219 2020 2267 et
2060 2208 2212 2267 salva
2265 2223 2376 2275 me,
2407 2225 2441 2267 ο
2477 2208 2630 2276 Jesu,
2662 2225 2760 2281 per
2819 2207 3232 2280 acceptissimas
3284 2207 3549 2268 interces-

1964 2304 2151 2360 siones
2195 2302 2476 2377 genitricis
2505 2312 2633 2371 tuae.

1965 2412 2045 2467 Ea:
2090 2430 2293 2469 canone
2339 2415 2395 2470 in
2413 2413 2473 2469 S.
2504 2413 2862 2539 Ρονρᾶιέτίἔὲι
2890 2414 3191 2486 episropum
3241 2415 3552 2482 Caunum,

2041 2578 2083 2630 0
2115 2575 2282 2648 Virgo
2304 2575 2559 2648 Deipara,
2580 2590 2707 2631 cum
2732 2576 3012 2633 caelestem
3046 2578 3275 2634 imbrem
3310 2579 3363 2634 in
3394 2589 3554 2636 utero

1966 2675 2061 2723 tuo
2087 2668 2403 2741 suscepisti,
2435 2669 2647 2741 peccati
2681 2669 2884 2725 imbres
2917 2671 3232 2726 exsiccasti.

2038 2847 2232 2903 Libera
2286 2862 2396 2913 me,
2419 2861 2455 2904 o
2511 2845 2803 2911 inviolata,
2837 2844 3334 2901 intercessionibus
3367 2847 3476 2903 tuis
3512 2864 3547 2905 ι

1962 2941 2167 3013 jaculis
2192 2940 2393 3007 hostis,
2428 2950 2485 2996 et
2517 2954 2547 2996 a
2600 2937 3028 3011 cogitationibus
3063 2938 3266 3010 pravis,
3292 2955 3416 3010 quae
3463 2942 3546 2997 in-

1965 3042 2177 3089 stanter
2199 3034 2597 3103 superveniunt
2630 3030 2786 3089 cordi
2821 3045 2961 3086 meo.

2039 3123 2122 3181 Me
2157 3132 2438 3180 mortuum
2488 3122 2559 3179 ad
2595 3123 2763 3177 vitam
2812 3122 3106 3189 revocasti,
3135 3139 3169 3179 ο
3215 3124 3551 3187 castissima.

1965 3216 2165 3286 quippe
2193 3230 2319 3285 quae
2335 3213 2499 3269 vitam
2523 3213 2912 3270 subsistentem
2932 3214 3192 3286 genuisti,
3215 3214 3413 3274 Filium
3446 3221 3554 3272 scio

1968 3308 2095 3363 licet
2122 3322 2187 3364 ac
2224 3304 2457 3361 Verbum
2485 3304 2787 3363 Genitoris.

2035 3398 2113 3455 Te
2141 3398 2339 3462 solam,
2371 3413 2405 3455 o
2444 3396 2679 3467 Deipara
2731 3411 2950 3468 semper
3000 3396 3183 3472 Virgo,
3214 3416 3281 3457 ex
3329 3404 3550 3460 cunctis

1966 3491 2412 3562 generationibus
2436 3489 2599 3562 elegit
2620 3487 2871 3558 Creator,
2894 3500 2950 3549 et
2974 3506 3100 3549 cum
3136 3494 3193 3549 in
3218 3503 3271 3551 te
3306 3495 3555 3552 habitas-

1966 3598 2070 3651 set,
2099 3601 2198 3641 nos
2222 3583 2565 3643 reformavit.

2036 3678 2449 3750 Protoplastum
2506 3688 2811 3745 mortuum,
2853 3687 2907 3735 et
2936 3680 3281 3751 corruptioni
3332 3681 3552 3753 subjec-

1966 3776 2105 3835 tum,
2144 3769 2214 3824 ad
2266 3768 2733 3827 immortalitatem
2780 3772 3137 3837 transtulisti.
3186 3790 3221 3830 ο
3285 3775 3548 3830 inviolata

1968 3856 2139 3931 Virgo
2165 3859 2358 3927 Maria,
2390 3874 2514 3916 cum
2547 3861 2741 3917 mortis
2772 3863 3223 3934 interemptorem
3258 3867 3545 3938 peperisti;

1965 3961 2022 4009 et
2064 3952 2368 4024 terrigenas
2417 3953 2670 4011 caelestes
2712 3954 3015 4022 reddidisti,
3051 3972 3178 4012 cum
3210 3957 3377 4013 Deum
3417 3975 3544 4017 eor-

1966 4044 2196 4114 parasti.

2039 4137 2299 4194 Miserere
2330 4137 2462 4203 mei,
2501 4148 2556 4195 et
2584 4139 2734 4195 salva
2767 4154 2877 4203 me,
2909 4155 2945 4195 ο
2990 4136 3179 4212 Virgo,
3212 4157 3335 4212 qua:
3364 4142 3534 4201 Deum

1971 4230 2212 4287 Verbum
2262 4231 2649 4289 miseratorem
2691 4233 2986 4304 peperisti;
3018 4241 3073 4288 et
3103 4234 3245 4296 luce.
3285 4251 3406 4307 quae
3461 4249 3548 4294 est

1967 4322 2021 4376 in
2064 4330 2136 4387 te,
2169 4320 2419 4379 illumina
2457 4338 2545 4377 me
2587 4325 2963 4381 clamantem:
3003 4323 3353 4395 Benedictus,
3390 4344 3424 4383 ο
3453 4345 3547 4385 ca-

1967 4413 2233 4483 stissima,
2262 4413 2473 4471 fructus
2498 4417 2702 4471 ventris
2724 4417 2825 4472 tui.

373 4506 462 4571 Ὠς
512 4508 790 4582 ἀνωτέραν
845 4528 907 4565 σε
954 4512 1175 4568 πάντων
1217 4514 1327 4569 τῶν
1383 4517 1728 4589 ποιημάτων,
1767 4521 1861 4577 καὶ

2040 4505 2118 4562 Te
2149 4516 2407 4578 tanquam
2439 4516 2707 4565 creaturis
2755 4508 3015 4566 omnibus
3047 4510 3460 4579 sublimiorem,
3489 4529 3546 4574 et

287 4600 538 4673 οὐρανῶν
602 4600 971 4671 πλατυτέραν,
1011 4606 1451 4678 παρθενομῆτορ,
1500 4609 1786 4682 ἠγάπησεν
1834 4616 1863 4669 ό

286 4694 401 4757 υίός
441 4710 558 4759 σου,
587 4694 683 4747 καὶ
706 4694 889 4765 σάρκα
912 4698 976 4748 ὲκ
1012 4696 1107 4750 σοῦ
1152 4697 1472 4754 ἀνελάϐετο.

355 4789 543 4842 Φεῖσαί
571 4805 694 4860 μου,
725 4788 930 4860 Σῶτερ,
959 4791 988 4841 ό
1009 4790 1223 4860 τεχθεὶς
1260 4792 1355 4844 δια)⁸
1383 4792 1622 4861 φυλάξας
1646 4794 1746 4866 τὴν
1773 4814 1863 4849 τε-

283 4880 489 4937 κοῦσαν
520 4897 581 4933 σε
629 4880 866 4951 ἄφθορον
901 4880 1041 4951 μετά
1072 4881 1174 4952 τὴν
1206 4880 1424 4951 κύησιν,
1459 4884 1587 4937 ὅταν
1634 4885 1863 4958 καθίσῃς

288 4976 476 5049 κρίναι
504 4978 575 5027 τὰ.
612 4974 751 5046 ἔργα
784 4990 911 5044 μου,
943 4974 1041 5036 τὰς
1078 4974 1311 5044 ἀνομίας
1341 4976 1600 5046 παρορῶν
1630 4981 1727 5032 καὶ
1763 4980 1863 5043 τὰς

283 5068 563 5140 ἁμαρτίας
597 5085 724 5137 μου,
760 5067 835 5131 ὼς
869 5065 1276 5139 ἀναμάρτητος,
1310 5067 1559 5136 ἐλεήμων
1594 5070 1669 5133 ὼς
1706 5071 1859 5139 Θεὸς,

284 5163 376 5217 καὶ
424 5161 825 5233 φιλάνθρωπος.

299 5274 396 5327 Ἐκ
425 5275 531 5330 τοῦ
573 5275 838 5337 κανόνος
883 5276 971 5337 είς
1011 5272 1117 5328 τὸν
1147 5273 1325 5327 ὅσιον
1372 5277 1711 5341 Προκόπιον
1755 5281 1865 5334 τὸν

669 5347 1085 5414 Δεκαπολίτην
1128 5346 1312 5414 ἡμέρᾳ
1362 5344 1469 5406 κζ’.

362 5457 789 5527 Σεσαρκωμένον
809 5460 901 5513 τὸν
928 5461 1100 5530 Λόγον
1143 5459 1463 5532 θεοπρεπῶς
1492 5462 1858 5528 συλλαὸοὖσα,

293 5549 553 5616 πάναγνε,
586 5548 679 5601 τὸν
718 5551 848 5620 πρὶν
875 5551 1137 5622 ἀσαρκον,
1170 5555 1302 5623 ἡμῖν
1333 5553 1473 5626 ὑπὲρ
1507 5555 1670 5624 φύσιν
1708 5558 1863 5611 τέτο-

288 5658 427 5720 κας,
469 5641 650 5710 ἁγνὴ,
708 5641 849 5709 μετὰ
892 5644 1146 5714 γέννησιν
1202 5645 1468 5717 παρθένος
1514 5644 1867 5718 διαμείνασα(

594 5904 851 5965 Ριτιιοιι.
906 5904 1023 5965 Gn.
1068 5904 1192 5965 CV.

1972 4599 2131 4654 cmlis
2173 4598 2308 4671 ipsis
2363 4599 2641 4666 latiorem,
2682 4601 2876 4657 dilexit
2923 4601 3069 4658 ﬁlius
3112 4612 3263 4671 tuus,
3292 4619 3326 4660 ο
3382 4605 3549 4681 Virgo

1970 4690 2163 4759 Mater,
2195 4699 2249 4747 et
2272 4708 2495 4749 carnem
2529 4693 2771 4763 suscepit
2795 4709 2860 4749 ex
2896 4702 2968 4750 te.

2043 4783 2212 4839 l’arce
2276 4784 2435 4849 mihi,
2499 4785 2771 4852 Salvator,
2809 4786 2902 4856 qui
2948 4794 3149 4865 natus,
3197 4786 3538 4848 Genitriccm

1975 4884 2123 4929 tuam
2164 4884 2287 4947 post
2318 4886 2535 4948 partum
2590 4877 2961 4948 incorruptam
3010 4881 3378 4948 conservasti,
3417 4899 3545 4940 cum

1972 4968 2180 5024 sederis
2204 4980 2261 5024 ut
2287 4972 2501 5040 iudices
2533 4985 2699 5041 Opera
2736 4986 2852 5026 mea
2882 4988 2899 5027 :
2929 4970 3289 5030 dissimulans
3338 4976 3545 5047 iniqui.

1974 5072 2113 5117 tates
2145 5079 2317 5127 meas,
2343 5076 2396 5120 et
2426 5072 2648 5134 peccata
2686 5073 3100 5135 mea,tanquam
3141 5064 3547 5142 impcecabilis;

1975 5156 2291 5212 misericors
2320 5166 2383 5211 ut
2410 5155 2578 5223 Deus,
2602 5165 2657 5212 et
2676 5164 2888 5213 amator
2910 5156 3191 5213 hominum"

1970 5268 2078 5339 67
2136 5267 2221 5321 Ex
2272 5284 2471 5324 canone
2526 5271 2582 5323 in
2772 5267 3093 5342 ffocopium
3137 5269 3496 5339 Decapolimm
3527 5315 3547 5342 ,

2660 5339 2746 5392 die
2766 5339 2858 5394 27.

2040 5449 2177 5504 Cum
2207 5449 2469 5516 Verbum,
2501 5453 2648 5522 quod
2672 5462 2828 5507 antea
2862 5469 2892 5508 a
2930 5469 3095 5509 carne
3128 5464 3243 5509 erat
3266 5456 3511 5512 immune

1968 5557 2034 5595 ex
2062 5552 2112 5596 te
2145 5542 2513 5608 inc-amatum,
2547 5558 2611 5599 eo
2644 5545 2807 5599 modo
2832 5558 2941 5616 quo
2965 5543 3076 5600 Deo
3105 5546 3331 5615 dignum
3358 5562 3425 5603 ac
3452 5548 3549 5604 de-

1972 5651 2101 5691 cens
2159 5644 2299 5699 erat,
2345 5637 2715 5705 concepisses,
2748 5652 2782 5691 o
2831 5639 3138 5695 castissima
3175 5639 3359 5710 Virgo,
3387 5640 3549 5697 nobis

1972 5744 2136 5799 supra
2180 5738 2390 5784 natura:
2440 5730 2689 5787 ordinem
2745 5732 3029 5803 peperisti,
3079 5748 3141 5788 ac
3175 5741 3296 5804 post
3328 5742 3544 5806 partum

1974 5822 2123 5891 virgo
2144 5823 2529 5892 perseverasti.

2993 5917 3070 5978 34
