4078 6294
504 247 638 314 106⁵7

1628 253 1689 313 S.
1731 251 2047 313 JOSEPHI
2086 251 2644 312 HYMNOGRAPHI

3617 251 3758 318 1068

569 361 707 430 (δι’)
742 359 958 414 Natura:
995 355 1159 426 leges,
1194 356 1355 415 Iesus
1379 359 1471 430 qui
1502 369 1586 416 est
1620 361 1762 417 Deus
1785 362 1937 416 omni
1965 360 2203 417 essentia
2229 361 2503 431 superior,
2535 361 2838 430 innovavit,
2870 376 2903 416 ο
2943 360 3011 417 ab
3037 362 3190 419 omni
3221 362 3436 418 macula
3468 363 3756 433 immunis,

500 466 565 505 ex
593 458 748 502 utero
777 456 869 501 tuo
903 455 1164 511 exortus;
1200 446 1296 517 qui
1324 448 1477 503 solus
1501 449 1666 503 rebus
1706 449 1982 504 universis
2007 450 2258 504 concedit
2291 464 2439 513 esse,
2472 449 2755 505 voluntate
2779 465 2902 507 sua.

567 535 616 591 Ο
639 544 790 604 porta
813 533 1020 603 gratiae,
1055 549 1176 603 quae
1201 533 1527 590 mortalibus
1549 535 1816 590 caelorum
1840 543 2053 607 portam
2088 536 2346 606 aperuisti
2369 553 2383 603 ;
2405 535 2618 607 patelac
2643 537 2804 602 mihi,
2839 537 3092 600 Domina.
3117 538 3453 610 poenitentia:
3473 549 3676 610 portas,
3702 551 3759 596 et

501 641 531 679 a
560 625 732 694 portis
763 622 955 677 mortis
986 623 1156 676 libera
1193 638 1302 678 me.

567 714 651 767 Ab
678 712 900 781 antiqua
950 709 1357 765 maledictionis
1410 709 1684 765 sententia
1738 709 2001 779 redempti
2063 724 2159 780 per
2207 718 2427 780 partum
2457 719 2636 774 tuum,
2665 726 2698 766 ο
2752 711 3175 770 inviolatissima
3205 715 3413 780 Puella,
3441 730 3505 770 ac
3565 731 3669 787 per
3705 725 3759 772 te

510 799 726 864 salvari,
761 805 813 851 te
867 796 1122 851 laudibus
1159 797 1499 862 extollimus,
1541 796 1844 852 clamantes
1874 803 1928 851 et
1958 811 2084 852 cum
2125 796 2231 853 ﬁde
2261 797 2508 855 dicentes
2551 817 2566 855 :
2596 798 2889 857 Benedicta
2942 811 3023 869 tu,
3057 819 3181 874 quae
3205 803 3374 858 Deum
3407 804 3758 860 incarnatum

504 886 788 958 peperisti.

571 973 824 1028 Divinum
853 970 1251 1041 Pr0phetarum
1281 971 1577 1042 collegium
1637 973 1920 1043 mysteriis
1954 973 2067 1029 tuis
2102 982 2320 1030 sacrum
2367 976 2422 1031 in
2478 991 2690 1032 morem
2745 975 3024 1034 initiatum
3079 978 3204 1046 fuit,
3232 995 3266 1035 o
3299 978 3551 1051 Deipara,
3589 980 3755 1053 longe

499 1071 624 1118 ante
648 1063 927 1126 edoctum,
964 1069 1019 1114 et
1054 1061 1204 1117 clare
1233 1075 1515 1130 exponens
1547 1059 1718 1115 divini
1748 1068 1940 1129 partus
1973 1059 2052 1115 tui
2089 1061 2306 1120 divinas
2333 1065 2758 1136 appellationes.

569 1147 647 1204 Ad
686 1165 868 1204 vocem
898 1148 1097 1219 angeli,
1127 1149 1310 1218 magni
1348 1146 1567 1202 consilii
1600 1147 1867 1216 Angelum
1908 1145 2188 1204 Christum
2238 1151 2651 1210 Emmanuelem
2711 1157 2765 1209 in
2823 1169 2991 1211 carne
3041 1157 3331 1228 peperisti,
3368 1158 3458 1227 qui
3505 1157 3761 1214 homines

501 1238 710 1308 angelis
745 1237 1024 1307 copulavit
1054 1254 1067 1302 ;
1103 1251 1136 1291 o
1169 1234 1337 1306 Virgo
1366 1235 1548 1306 puella
1578 1234 1694 1290 sola
1727 1233 2040 1302 benedicta,
2074 1237 2192 1294 sola
2224 1241 2485 1299 omnibus
2517 1243 2773 1300 laudibus
2805 1243 3154 1313 celebranda,
3182 1247 3299 1301 sola
3353 1261 3518 1302 causa
3554 1255 3763 1302 nostra:

499 1326 884 1381 deiﬁcationis.

501 1446 584 1500 Ea:
639 1464 838 1502 canone
869 1449 922 1503 iu
963 1445 1033 1518 S,
1063 1445 1275 1500 Patrem
1308 1455 1545 1518 nostrum
1591 1444 1913 1502 Cassianum
1951 1461 2059 1501 con-

2196 1446 2298 1500 Ἐκ
2340 1444 2449 1501 τοῦ
2477 1448 2734 1513 κανόνος
2757 1449 2844 1515 εις
2871 1447 2978 1501 τὸν
2999 1446 3174 1502 ὅσιον
3199 1447 3431 1518 Πατέρα
3457 1447 3630 1518 ἡμῶν
3648 1451 3752 1506 καὶ

1009 1517 1142 1588 [esse
1151 1534 1280 1584 rem,
1318 1518 1402 1572 dei
1432 1516 1524 1572 29.

571 1629 732 1687 Omni
768 1640 1019 1686 creatura
1070 1630 1273 1687 visibili
1310 1629 1488 1702 atque”
1521 1629 1781 1686 invisibili
1825 1629 2077 1700 superior

496 1725 813 1795 apparuisti,
841 1740 873 1780 ο
899 1732 1047 1780 casta
1078 1741 1296 1796 semper
1317 1724 1511 1796 Virgo;
1536 1724 1734 1780 etenim
1758 1723 2072 1780 Creatorem

495 1816 780 1888 prperisti,
811 1816 900 1870 cui
930 1817 1191 1888 placitum
1228 1815 1335 1871 fuit
1371 1816 1653 1871 incarnari
1691 1815 1745 1869 in
1768 1823 1924 1870 utero
1954 1825 2069 1869 tuo.

495 1908 756 1964 Eumdem
806 1924 932 1964 cum
980 1910 1094 1981 68
1131 1909 1330 1965 ﬁducia
1362 1924 1424 1965 ac
1478 1909 1732 1964 libertate
1780 1906 2074 1978 deprecare

493 2016 591 2071 pro
627 2004 804 2057 salute
835 2001 1146 2056 animarum
1177 2012 1492 2057 nostrarum

565 2093 731 2160 Sana,
760 2109 976 2165 precor,
1012 2109 1046 2150 ο
1075 2093 1395 2164 purissima,
1430 2092 1925 2149 intercessionibus
1958 2089 2069 2145 tuis

491 2190 732 2244 animam
790 2204 992 2253 meam,
1025 2203 1145 2258 qua:
1197 2203 1228 2243 a
1275 2187 1627 2259 passionibus
1674 2197 1840 2256 atque
1887 2182 2069 2239 omni-

492 2283 650 2352 genis
690 2282 1051 2352 prssimorum
1088 2282 1401 2336 daemonum
1456 2279 1764 2336 assultibus
1801 2292 2068 2350 oppressa

490 2375 815 2445 languescit.

559 2464 830 2534 Tempore
892 2473 1194 2528 carentem,
1251 2463 1356 2520 sub
1403 2472 1649 2534 tempore
1705 2462 2064 2520 constitutum

490 2556 842 2612 iucll’abiliter
873 2555 1158 2627 peperisti,
1188 2571 1221 2610 ο
1254 2555 1786 2622 immaculatissima,
1815 2544 1912 2627 qui
1947 2556 2068 2612 luce

488 2649 771 2720 perfundit
821 2658 1042 2704 sanctos
1079 2664 1230 2713 suos,
1250 2649 1345 2719 qui
1373 2649 1427 2704 in
1459 2650 1564 2705 ﬁde
1595 2650 1800 2719 optime
1830 2665 1890 2704 se
1938 2663 2064 2719 ges-

485 2750 703 2806 serunt,
736 2751 790 2797 ct
841 2742 1144 2812 principem
1189 2743 1457 2796 malorum
1506 2750 1818 2813 serpentem
1879 2740 2064 2796 humi-

487 2836 777 2892 liaverunt.

559 2935 681 2991 Vita
712 2951 772 2990 ex
828 2944 902 2999 te,
943 2949 977 2989 ο
1025 2933 1212 3004 Virgo,
1259 2947 1425 3003 supra
1479 2932 1680 2988 mentis
1737 2939 2066 3002 conceptum

481 3037 698 3090 exorta,
734 3027 947 3083 hostem
999 3025 1301 3088 interemit,
1345 3024 1439 3093 qui
1497 3040 1597 3080 nos
1644 3039 1838 3080 omnes
1892 3035 2068 3079 morte

482 3121 772 3186 aﬁ‘ecerat;
829 3128 885 3174 et
927 3118 1193 3173 mundum
1229 3125 1281 3173 te
1341 3117 1682 3174 incessanter
1731 3116 2066 3185 laudantem,

481 3214 796 3269 vivilicavit.

553 3301 838 3374 Tanquam
892 3302 1174 3374 pulchram
1212 3316 1276 3357 ac
1323 3301 1632 3372 speciosam
1665 3302 2066 3373 concupiscens

483 3405 534 3448 te
565 3394 967 3466 pulcherrimus
997 3391 1182 3462 Jcsus,
1207 3409 1241 3449 o
1270 3394 1657 3461 mundissima,
1693 3411 1758 3449 ex
1785 3403 1836 3450 te
1864 3409 2065 3450 secun-

483 3486 612 3540 dum
651 3502 872 3542 carnem
900 3497 1060 3542 natus
1087 3495 1194 3551 cst,
1244 3496 1298 3541 et
1344 3501 1433 3542 me
1466 3496 1691 3558 propter
1728 3486 2060 3544 immensam

483 3577 919 3632 misericordiam
956 3592 1111 3632 suam
1143 3577 1441 3632 deiﬁcavit.

559 3669 857 3726 Thalamus
892 3670 985 3725 Dei
1016 3669 1200 3735 Verbi,
1237 3679 1291 3726 et
1315 3672 1550 3728 thronus
1589 3672 1709 3743 ejus
1738 3672 2058 3744 igniformis

476 3763 620 3820 facta
653 3778 735 3828 es,
765 3779 798 3817 ο
851 3772 999 3819 casta
1028 3782 1042 3819 :
1077 3764 1133 3818 in
1185 3780 1304 3834 quo
1343 3765 1486 3820 idem
1546 3762 1809 3832 Verbum,
1839 3776 2060 3836 propter

479 3872 752 3911 summam
795 3856 1092 3911 bonitatem
1147 3871 1327 3923 suam,
1383 3857 1728 3913 ineat-natum
1765 3857 2055 3928 requievit.

479 3949 658 4018 Ipsum
712 3962 842 4018 ergo
871 3947 1192 4017 deprecare,
1241 3957 1300 4002 ut
1351 3948 1458 4003 mei
1501 3949 1850 4017 misereatur,
1888 3959 2053 4019 atque

475 4056 604 4109 erga
638 4055 725 4094 me
762 4039 1475 4109 ostendatcompassionem
1512 4057 1690 4095 suam.

546 4131 801 4186 Miseram
838 4131 1078 4186 animam
1112 4147 1290 4187 meam
1317 4135 1507 4189 multis
1536 4133 1704 4190 Belial
1741 4137 2051 4205 aggressio-
2082 4172 2127 4234 ς

2421 1518 2807 1588 ὀμολογητὴν
2839 1519 3168 1583 Κασιανόν,
3211 1517 3402 1588 ἡμέρᾳ.
3434 1517 3544 1574 κθ’.

2263 1628 2578 1699 ’Υπερτέρα
2609 1631 2881 1703 πέφηνας,
2912 1630 3072 1704 ἁγνὴ,
3100 1632 3284 1703 πάσης
3312 1633 3546 1704 ἀοράτου
3573 1652 3633 1687 τε
3661 1635 3756 1688 καὶ

2175 1719 2401 1790 ὁρατῆς,
2459 1723 2836 1793 ’Δειπάρθενε,
2878 1724 3151 1786 κτίσεωςο
3205 1724 3297 1778 τὸν
3356 1725 3467 1796 γὰρ
3515 1726 3758 1794 κτίστην

2173 1813 2424 1880 τέτοκας,
2453 1814 2529 1878 ὼς
2576 1816 2846 1887 ηὑδόκησ*
2911 1817 3264 1889 σαρκωθῆναι
3323 1818 3382 1872 ἐν
3417 1820 3599 1891 μήτρᾳ
3636 1836 3758 1885 σου,

2171 1905 2230 1960 ὃν
2263 1907 2361 1960 σὺν
2379 1907 2661 1980 παρρησίᾳ
2681 1908 2950 1980 πρέσϐευε
2980 1909 3218 1982 σωθῆναι
3244 1909 3342 1976 τὰς
3362 1910 3541 1983 ψυχὰς
3571 1909 3760 1983 ἡμῶν.

2257 2090 2589 2163 Ἰάτρευσον,
2640 2096 2972 2168 πανάμωμε,
3007 2094 3105 2168 τὴν
3151 2095 3330 2168 ψυχήν
3387 2113 3511 2167 μου,
3543 2095 3761 2169 δέομαι,

2171 2179 2572 2247 ὲξασθενοῢσαν
2617 2186 2836 2254 πάθεσι,
2879 2188 2975 2241 καὶ
3017 2187 3302 2250 παντοίαις
3349 2189 3761 2242 ὲπαναστάσεσι

2169 2277 2280 2333 τῶν
2313 2278 2593 2334 κακίστων
2626 2280 2920 2354 δαιμόνων,
2955 2283 3258 2355 μεσιτείαις
3279 2302 3394 2340 σου.

2238 2465 2346 2519 Τὸν
2394 2465 2626 2537 ἄχρονον
2667 2466 2773 2521 ὑπὸ
2830 2468 3022 2541 χρόνον
3056 2469 3354 2542 γενόμενον
3401 2472 3628 2536 τέτοκας
3654 2473 3760 2545 ὰῤ-

2169 2559 2370 2631 ρήτως,
2421 2563 2734 2633 πανάμωμε
2762 2601 2779 2628 ,
2829 2564 2921 2617 τὸν
2971 2564 3100 2628 τοὺς
3129 2564 3311 2630 ὁσίους
3367 2564 3756 2638 λαμπρύνοντα

2169 2651 2350 2706 πίστει
2377 2652 2836 2723 ἀριστεύσαντας,
2873 2655 3088 2712 καὶτὸν
3141 2657 3452 2728 ἀρχέκακον
3483 2658 3605 2728 ὅφιν
3651 2675 3753 2711 τα-

2167 2741 2566 2808 πεινώσαντας.

2251 2928 2347 2982 Ἐκ
2394 2929 2550 3002 σοῦή
2590 2931 2704 3003 ζωὴ
2735 2931 2874 3002 ὑπὲρ
2918 2932 3064 2995 νοῦν,
3100 2929 3366 3001 Παρθένε,
3413 2927 3738 2984 ἀνατείλασα

2167 3020 2363 3092 ἐχθρὸν
2386 3021 2747 3089 ἐθανάτωσεν,
2777 3023 3022 3085 ἅπαντας
3044 3022 3187 3093 ἡμᾶς
3206 3020 3301 3074 τὸν
3328 3017 3732 3083 θανατώσαντα,

2167 3117 2265 3170 καὶ
2289 3115 2510 3182 ecum:
2543 3116 2742 3184 κόσμον
2763 3113 3058 3177 ἀπαύστως
3085 3112 3432 3185 ἁνυμνοῦντά.
3458 3129 3536 3168 σε.

2247 3295 2339 3361 Ὦς
2380 3297 2573 3370 καλὴν,
2626 3295 2700 3360 ὡς
2726 3295 2935 3368 ὡραίαν
2987 3294 3232 3366 ποθήσας
3281 3311 3342 3348 σε
3366 3295 3396 3347 ὁ
3422 3293 3750 3360 καλλοποιὺς

2176 3389 2407 3460 Ἰησοῦς,
2432 3390 2841 3462 παναμώμητε,
2869 3391 2934 3444 ἐκ
2966 3389 3062 3443 σοῦ
3088 3391 3254 3460 σαρκὶ
3279 3389 3629 3475 γεγέννηται,
3650 3388 3751 3442 καὶ

2163 3482 2277 3536 θεοῖ
2303 3499 2372 3555 με
2402 3483 2470 3536 δι’
2508 3478 2690 3538 οἶκτον
2717 3484 3052 3555 ἀμέτρητον.

2235 3668 2460 3732 Παστὰς
2487 3668 2869 3740 ὲχρημάτισας
2897 3667 2992 3723 τοῦ
3019 3669 3156 3722 Θεοῦ
3195 3669 3393 3739 Λόγου,
3420 3669 3516 3723 καὶ
3559 3668 3748 3741 θρόνος

2158 3762 2530 3833 πυρίμορφος,
2565 3762 2625 3815 ἑν
2662 3751 2707 3828 ᾧ
2755 3759 3177 3814 ἑπανεπαύσατο
3207 3760 3237 3813 ὁ
3283 3760 3456 3830 Λόγος
3508 3760 3746 3832 σαρκού-

2161 3871 2342 3926 μενος,
2387 3854 2454 3908 δι’
2514 3851 2693 3925 ἄκραν
2744 3853 3060 3923 ἀγαθότητα
3090 3869 3106 3885 ⁶
3145 3853 3337 3908 τοῦτον
3380 3848 3475 3908 οὖν
3509 3852 3743 3920 ἱκέτευε,

2158 3949 2319 4020 ἁγνὴ,
2342 3946 2794 4018 κατοικτειρῆσαι
2835 3946 2929 4001 καὶ
2948 3946 3172 4018 ἐλεῆσαι
3211 3947 3381 4019 ἡμᾶς.

2241 4131 2713 4204 Ἐξασθενήσασαν
2746 4129 2970 4196 πολλαῖς
3015 4130 3115 4203 τὴν
3162 4129 3358 4186 ἀθλίαν
3395 4146 3495 4200 μου
3532 4128 3730 4198 ψυχὴν,

472 4225 639 4280 nibus
665 4232 828 4294 atque
857 4224 1056 4280 ictibus
1087 4225 1438 4292 inﬁrmatam,
1464 4228 1719 4296 precibus
1756 4229 1860 4284 tuis
1885 4231 2049 4285 robo-

2164 4224 2492 4297 Θεοκυῆτορ,
2524 4223 2852 4296 προσϐολαῖς
2892 4223 2987 4277 τοῦ
3026 4222 3248 4293 Βελίαρ,
3279 4226 3400 4287 ταῖς
3443 4223 3729 4294 ρωστικαῖς

471 4316 764 4370 ratricibus
823 4332 953 4371 sana
1007 4326 1172 4388 atque
1218 4318 1545 4374 incolumem
1602 4319 1776 4387 eﬂice,
1817 4336 1849 4376 ο
1886 4320 2049 4394 Virgo

472 4408 566 4463 llei
600 4411 860 4480 genitrix,
900 4418 958 4463 ut
988 4420 1035 4462 te
1061 4409 1114 4464 in
1139 4412 1322 4464 omnia
1346 4412 1545 4466 saecula
1566 4412 1883 4484 gloriﬁcem.

539 4499 798 4555 Naturam
849 4501 1006 4571 primi
1082 4503 1322 4573 parentis
1373 4515 1690 4576 corruptam
1745 4509 2041 4575 renovasti,

463 4593 627 4649 enixa
679 4608 845 4662 supra
896 4602 1110 4649 naturae
1167 4595 1419 4652 ordinem
1454 4639 1469 4662 ,
1510 4598 1777 4653 universae
1830 4610 2042 4655 natura:

464 4687 830 4752 conditorem,
879 4696 932 4741 et
972 4687 1127 4757 virgo
1180 4704 1560 4767 perseverans,
1602 4705 1766 4759 quem
1799 4691 1927 4744 olim
1984 4692 2041 4746 in

461 4795 625 4834 cruce
675 4780 996 4848 pendentem
1043 4781 1262 4849 intuita,
1292 4781 1758 4850 lamentabaris,o
1806 4783 2041 4839 sanctis-

462 4877 600 4927 sima
642 4871 804 4942 Virgo
837 4873 1030 4928 Mater.

940 4989 1193 5044 MENSIS
1219 4988 1550 5045 MARTIUS.

452 5102 566 5174 69
602 5107 686 5157 Ex
739 5121 937 5159 canone
975 5107 1029 5158 in
1056 5105 1114 5160 S.
1145 5104 1466 5178 Hesychium
1515 5114 1827 5175 martyrem,
1856 5107 1942 5160 die
1977 5107 2032 5161 2.

527 5267 654 5325 Post
690 5281 906 5338 partum
947 5272 1098 5340 virgo
1141 5272 1484 5340 permansiin
1518 5286 1663 5334 vere,
1701 5269 1880 5338 qualis
1913 5284 2039 5324 eras

449 5373 577 5417 ante
608 5372 828 5432 partum
864 5383 876 5418 :
912 5365 1116 5435 quippe
1162 5367 1420 5434 peperisti
1485 5365 1824 5425 Creatorem,
1874 5377 2032 5432 quem

445 5458 764 5526 deprecare,
796 5475 829 5515 ο
885 5458 1422 5523 immaculatissima,
1463 5475 1560 5529 pro
1607 5455 1785 5512 salute
1831 5456 2035 5509 collau-

444 5553 691 5606 dantium
715 5565 787 5609 te.

2158 4337 2256 4374 σου
2284 4321 2481 4382 λιταῖς,
2513 4319 2781 4390 Παρθένε,
2815 4319 2945 4388 ὑγιῆ
2973 4317 3314 4388 ἀπέργασαι,
3343 4317 3430 4370 ἵνα
3457 4331 3514 4369 σε
3529 4313 3734 4380 δοξάζω

2153 4414 2232 4477 είς
2259 4413 2469 4474 πάντας
2499 4413 2628 4475 τοὺς
2660 4411 2886 4475 αἰῶνας.

2224 4508 2532 4579 Φθαρεῖσαν
2581 4507 2863 4569 ἐκαίνισας
2896 4503 2995 4574 τὴν
3040 4504 3202 4573 φύσιν
3231 4502 3326 4557 τοῦ
3366 4503 3737 4575 προπάτορος,

2153 4601 2294 4673 ὑπὲρ
2332 4599 2496 4670 φύσιν
2521 4598 2760 4653 τεκοῦσα
2782 4600 2876 4652 καὶ
2901 4596 3315 4668 παρθενεύουσα
3347 4595 3565 4665 φύσεως
3594 4596 3733 4648 ἁπά-

2155 4710 2256 4763 σης
2310 4693 2404 4746 τὸν
2438 4692 2707 4763 πλάστην,
2739 4691 2799 4743 ὃν
2828 4691 2886 4744 ὲν
2916 4687 3137 4758 σταυρῷ
3170 4687 3530 4759 κρεμάμενον
3562 4687 3722 4740 πάλαι

2152 4783 2424 4855 ἠλάλαζες
2453 4783 2752 4856 βλέπουσα,
2790 4782 3038 4850 παναγία
3060 4779 3518 4852 Μητροπὰρθενε.

2676 4989 2833 5044 ΜΗΝ
2872 4987 3196 5042 ΜΑΡἹΊΟΣ.

2160 5085 2258 5140 Ἐκ
2283 5083 2392 5138 τοῦ
2414 5085 2673 5149 κανόνος
2693 5082 2909 5221 εἰςὶὸέ
2926 5080 3096 5203 (Erigor
3119 5081 3389 5151 μάρτυρα
3417 5081 3731 5150 Ἠσύχιον,

2819 5171 2862 5221 μ
2892 5171 2973 5221 ρει
3005 5195 3024 5216 α
3055 5158 3088 5208 ὀ

2819 5158 2973 5221 μέρει
3005 5158 3088 5216 β’.

2218 5273 2492 5344 Παρθένος
2510 5273 2791 5342 διέμεινας
2816 5270 2956 5340 μετὰ
2980 5270 3160 5335 τόκον,
3202 5270 3277 5334 ὡς
3312 5269 3418 5342 πρὸ
3442 5267 3532 5320 τοῦ
3564 5267 3729 5321 τόκου

2145 5365 2383 5433 ἀληθῶς,
2434 5367 2528 5419 τὸν
2583 5365 2828 5434 κτίστην
2869 5361 3128 5427 τεκοῦσα,
3160 5361 3219 5413 ὃν
3275 5362 3516 5432 αίττισαι,
3551 5359 3731 5413 πανά-

2149 5474 2330 5528 μωμε,
2368 5457 2610 5526 σωθῆναι
2635 5457 2759 5518 τοὺς
2785 5451 3088 5515 ὑμνοῦντας
3120 5470 3202 5508 σε.

512 5709 653 5783 (54⁸)
686 5712 988 5782 Sequentcs
1027 5708 1261 5779 strophae
1293 5710 1347 5764 in
1378 5708 1595 5778 vulgato
1641 5716 1787 5760 textu
1818 5704 2149 5760 Menaeorum
2184 5704 2590 5760 desiderantur.
