4098 6322
389 312 527 380 1069

1823 317 2184 378 MARIALE.

3490 324 3626 381 1070

461 429 630 500 Ἔστη
653 429 814 503 μέχρι
835 429 930 485 σοῦ
954 430 981 485 ὁ
1010 431 1265 496 Θάνατος·
1292 431 1390 503 τῆς
1412 432 1711 494 ἀθανασίας
1732 432 1840 502 γὰρ
1856 434 1954 500 τὴν
1987 441 2002 494 Α

2130 432 2373 489 Perstitit
2422 447 2569 489 mors
2622 448 2792 503 usque
2839 434 2905 488 ad
2968 441 3040 498 te,
3073 447 3107 486 ο
3160 430 3536 498 sanctissima;
3566 443 3621 487 tu

388 521 575 591 πηγὴν
600 521 1219 593 ἁπεκύησας,παναγία,
1245 521 1481 595 Χριστὸν
1505 525 1594 577 τὸν
1616 522 1776 594 μόνον
1792 522 1961 593 ὑπερ-

386 612 590 681 άγαθον
616 613 750 668 Θεὸν
766 616 798 685 ἡ
804 614 943 683 μῶν.

460 705 566 760 Τὸν
619 706 898 778 ἀκήρατον
930 707 1125 779 βότρυν
1166 707 1537 780 βλαστήσασα,
1565 707 1724 779 κόρη.
1759 704 1959 759 ἀθανα-

386 794 510 862 σίας
548 799 779 869 γλεῦκος
810 800 1190 866 ἁποστὰζοντα
1231 804 1416 872 πᾶσιν,
1452 799 1662 873 ὤφθης,
1699 796 1961 869 παναμὼ-

389 902 534 961 μητι
559 891 655 947 καὶ
693 892 879 964 μήτηρ
910 892 1221 961 ἀλόχευτος.

425 1203 438 1217 .
457 1169 530 1222 Σὺ
561 1166 697 1238 μόνη
719 1163 814 1219 ἐπὶ
841 1165 943 1234 ﬁt;
970 1163 1061 1218 τὸν
1104 1163 1356 1235 οὒράνιον
1396 1163 1644 1227 τέτοκας.
1687 1163 1955 1232 πανάμωο

390 1280 479 1334 με,
506 1261 639 1316 Θεὸν
671 1259 864 1329 Λόγον,
896 1259 955 1311 ὃν
983 1258 1144 1330 ύμνεί
1172 1259 1320 1312 πᾶσα
1360 1257 1557 1321 κτίσις,
1615 1256 1691 1321 ὡς
1723 1256 1958 1328 Ποιητὴν

386 1356 483 1410 καὶ
511 1353 735 1425 Κύριον.

459 1449 703 1519 Οίκήσας
734 1465 827 1503 σου
851 1448 949 1518 τὴν
976 1448 1139 1516 ἁγίαν
1156 1445 1364 1502 κοιλίαν
1387 1445 1416 1499 ὁ
1447 1444 1674 1516 Κύριος,
1706 1442 1955 1508 Θεοτόκε,

385 1545 483 1614 τῆς
508 1545 738 1616 Τριάδος
768 1544 980 1616 τερπνᾶ
1010 1541 1337 1611 καταγώγια
1375 1541 1583 1595 ἐκτελεί
1609 1541 1737 1605 τοὺς
1778 1538 1959 1593 πίστει

386 1635 647 1706 ἀληθείας
673 1652 734 1689 σε
774 1635 871 1689 νῦν
914 1634 1342 1707 μακαρίζοντας.

459 1728 921 1809 Νενεκρωμένους
955 1728 1103 1800 ἡμᾶς
1146 1728 1212 1799 τῇ
1268 1723 1516 1798 ἁμαρτίᾳ
1555 1722 1788 1787 πάντας,
1814 1718 1959 1809 ζωὴν

2062 524 2209 579 cutim
2269 525 2691 581 immortalitatis
2752 525 2955 580 fontem
3028 524 3287 595 peperisti
3342 522 3624 581 Christum

2062 615 2283 671 unicum
2322 619 2586 687 optimum
2625 615 2791 671 Deum
2824 626 3094 672 nostrum.

2134 709 2605 779 lneorruptibiiem
2649 709 2889 775 botrum,
2935 722 3001 765 ex
3051 724 3159 779 quo
3201 708 3629 765 immortalitatis

2061 812 2302 855 mustum
2374 800 2544 856 emuit
2597 801 2866 857 universis
2903 840 2919 865 ,
2972 801 3316 871 germinasti,
3367 816 3401 858 ο
3448 802 3629 872 puella

2060 894 2321 949 immunis
2378 893 2447 949 ab
2502 894 2650 949 omni
2706 892 2851 959 labe,
2896 902 2958 948 et
3012 892 3154 947 facta
3195 908 3255 948 es
3295 902 3465 947 mater
3512 894 3630 948 sine

2067 995 2440 1039 maternarum
2480 985 2799 1055 passionum
2833 992 2887 1039 et
2920 984 3037 1039 sine
3066 984 3432 1055 corruptionis
3471 997 3631 1053 expe-

2056 1078 2231 1132 rimen
2240 1088 2311 1131 to.

2130 1167 2210 1221 Tu
2260 1167 2377 1223 sola
2427 1167 2704 1223 cmlestem
2742 1167 2908 1220 Deum
2949 1165 3182 1220 Verbum
3234 1165 3289 1220 in
3340 1174 3482 1220 terra
3542 1180 3632 1235 pe-

2057 1262 2268 1332 peristi,
2301 1276 2335 1317 o
2390 1260 2789 1325 mundissima;
2848 1275 3011 1328 quem
3066 1260 3325 1313 universa
3375 1267 3633 1312 creatura

2058 1363 2318 1424 tanquam
2351 1353 2667 1409 Creatorem
2698 1353 3102 1422 Dominumque
3132 1349 3426 1405 collaudat.

2132 1443 2421 1508 Dominus,
2458 1444 2551 1513 qui
2593 1443 2649 1498 in
2689 1451 2885 1498 sancto
2911 1452 3068 1497 utero
3096 1452 3190 1494 tuo
3222 1438 3563 1503 inltabitavit,
3599 1454 3634 1491 ο

2059 1536 2287 1608 Deipara
2309 1578 2325 1601 ,
2365 1536 2608 1608 jucunda
2632 1535 2917 1592 Trinitatis
2941 1534 3180 1605 hospitia
3203 1533 3365 1588 ciiicit
3397 1547 3514 1596 eos,
3539 1531 3633 1602 qui

2060 1644 2205 1686 nunc
2233 1639 2285 1685 te
2313 1612 2440 1685 cum
2463 1646 2589 1685 vera
2631 1628 2733 1685 ﬁde
2761 1629 3093 1684 beatiﬁcauit.

2129 1719 2241 1775 Nos
2268 1735 2459 1776 omnes
2496 1730 2720 1790 peccato
2750 1710 3085 1790 percmptOs,
3125 1727 3182 1773 tu
3226 1718 3399 1771 \itam
3449 1714 3632 1783 enisa,

386 1820 645 1882 τεκοῦσα,
676 1802 1021 1882 ἀνεζὼωσαςο
1052 1817 1133 1871 διό
1185 1834 1269 1872 σοι
1291 1813 1701 1888 κραυγάξομεν,
1730 1806 1957 1881 θεοκυῆο
1991 1802 2002 1860 1

2067 1810 2378 1875 viviﬁcasti;
2406 1821 2689 1882 propterea
2716 1811 2783 1867 ad
2820 1818 2874 1867 te
2900 1811 3225 1875 clamamus,
3273 1824 3307 1863 ο
3347 1808 3437 1863 Dei
3474 1808 3629 1878 geni-

391 1928 488 1979 τορ
511 1911 670 1983 κόρη,
705 1910 793 1964 ἀεὶ
829 1909 1217 1982 δεδοξασμένῃ.

476 2002 535 2055 '0
571 2002 861 2071 ἱερώτατός
897 2018 954 2055 σε
981 2002 1139 2057 καλεῖ
1164 2000 1453 2074 προφήτης
1493 1997 1672 2070 πύλην
1724 1994 1962 2051 ἁόιόδευ-

393 2111 507 2158 τον,
536 2095 798 2165 ἄχραντε,
831 2096 859 2147 ό
887 2092 1127 2165 Κτίστης
1166 2093 1234 2149 δι’
1285 2090 1355 2167 ἧς
1395 2092 1635 2163 διῆλθεν,
1666 2088 1743 2153 ὡς
1799 2086 1959 2158 μόνος

392 2183 885 2268 ἐπίσταταιηπάλιν
912 2181 1305 2254 κεκλεισμένην
1338 2182 1535 2250 λιπὼν,
1574 2182 1651 2244 ὡς
1704 2178 1811 2251 πρὸ
1848 2178 1945 2232 τοῦ

390 2275 575 2332 τόκου.
1828 2341 1836 2348 ,

462 2366 581 2428 Φῶς
632 2365 766 2436 ἡμίν
815 2363 1088 2418 ἀνέτειλεν
1138 2363 1204 2417 ὲκ
1256 2361 1370 2429 σοῦ,
1407 2363 1739 2433 πανάμωμε,
1777 2361 1804 2415 ὁ
1851 2361 1960 2417 τῶν

391 2457 532 2512 ὅλων
567 2457 725 2529 μόνος
758 2457 985 2531 Κύριος,
1017 2456 1113 2511 καὶ
1157 2456 1575 2527 κατελάμπρυνε
1615 2455 1716 2520 τὰς
1742 2458 1961 2513 πάντων

394 2549 618 2620 καρδίας
660 2550 870 2614 θεῖκαῖς
913 2547 1266 2618 ὲπιγνώσεσι.
1303 2549 1396 2601 καὶ
1442 2549 1633 2612 σκότος
1686 2549 1963 2617 ἀγνωσίας

395 2643 661 2715 ἐμείωσεν
692 2659 708 2675 ο
747 2644 870 2699 ὅθεν
894 2660 954 2698 σε
982 2643 1187 2708 πάντες
1216 2640 1617 2714 μακαρίζομεν.

2063 1905 2191 1970 trix,
2220 1905 2398 1974 puella
2434 1918 2648 1975 semper
2680 1904 2942 1971 gloriosa.

2135 1997 2559 2053 Sacratissimus
2603 1998 2871 2067 prepheta
2921 2002 3136 2066 portam
3168 2004 3221 2051 te
3260 2003 3439 2062 vocat,
3488 2008 3523 2049 ο
3553 1994 3639 2048 in-

2064 2083 2287 2147 violata,
2349 2098 2445 2153 per
2505 2098 2671 2154 quam
2724 2083 2860 2139 nulli
2926 2093 3077 2154 patet
3114 2085 3317 2151 aditus,
3369 2091 3427 2140 et
3484 2083 3636 2140 solus

2062 2174 2287 2232 Creator
2320 2177 2593 2243 transit-it,
2629 2177 2773 2232 sicut
2800 2180 2918 2247 ipse
2949 2178 3101 2233 solus
3120 2177 3291 2243 novit,
3324 2177 3637 2245 relinquens

2062 2284 2183 2324 eam
2244 2269 2488 2326 clausam
2546 2271 3012 2341 quemadmodum
3050 2283 3165 2328 erat
3215 2282 3345 2329 ante
3394 2283 3633 2343 partum.

2136 2360 2256 2417 Lux
2304 2362 2466 2417 nobis
2500 2378 2566 2417 ex
2617 2373 2669 2418 te
2715 2373 2835 2420 orta
2888 2375 3056 2429 est,o
3103 2366 3416 2435 purissima,
3444 2369 3641 2425 unicus

2067 2454 2313 2509 omnium
2369 2454 2654 2522 Dominus,
2690 2455 2783 2525 qui
2820 2456 3023 2513 divinis
3065 2458 3475 2529 cognitionibus
3527 2476 3642 2518 om-

2069 2545 2218 2600 nium
2267 2544 2433 2601 corda
2464 2545 2724 2613 illustrat,
2752 2547 2861 2618 7o
2901 2556 2956 2603 et
3009 2548 3330 2619 ignorantiae
3385 2553 3640 2609 tenebras

2069 2636 2364 2693 imminuit.
2408 2637 2565 2695 Unde
2618 2647 2670 2695 te
2727 2656 2921 2697 omnes
2972 2641 3186 2697 beatam
3234 2658 3638 2715 nuncupamus.

1234 2753 1319 2809 Ex
1356 2772 1556 2811 canone
1575 2757 1632 2810 in
1657 2753 1717 2810 S.
1744 2754 2067 2809 Theodotum
2089 2764 2400 2823 martyrem,
2427 2754 2512 2807 die
2535 2756 2570 2807 2
2593 2752 2776 2823 (54“).

467 2846 713 2906 Humana
744 2852 935 2905 natura
962 2850 1091 2907 olim
1122 2865 1219 2921 per
1251 2849 1437 2905 dolum
1479 2863 1639 2907 serva
1686 2848 1828 2904 iacta
1872 2856 1959 2904 est

394 2940 751 2997 seductionis.
791 2941 929 2998 Cum
987 2949 1169 2997 autem
1214 2953 1297 3008 tu,
1334 2940 1619 3005 inviolata,
1674 2938 1959 2995 Christum

392 3032 672 3102 peperisti,
718 3033 1024 3089 libertatem
1078 3034 1305 3102 adepta,
1368 3032 1583 3102 magnis
1634 3029 1860 3085 vocibus
1908 3037 1961 3083 te

390 3137 542 3194 grata
564 3134 875 3182 veneratur.
1945 3117 1948 3120 i

461 3215 676 3272 Medere
731 3216 899 3272 menti
939 3228 1093 3278 meai,
1118 3228 1157 3266 ο
1186 3212 1522 3275 castissima,
1552 3226 1678 3281 qua:
1731 3209 1957 3281 pessimi

392 3308 658 3363 Draconis
681 3305 879 3361 ictibus
935 3319 1193 3375 percussa
1242 3305 1587 3374 languescitj,
1636 3310 1694 3359 et
1724 3300 1963 3373 peccatis

391 3401 609 3469 captiva
635 3397 891 3451 deservit.

465 3488 888 3543 Lucidissimum
919 3484 1135 3542 Domini
1182 3484 1478 3550 Palatium,
1516 3487 1745 3544 Domina
1798 3506 1963 3547 sanc-

394 3580 627 3647 tissima,
648 3576 803 3634 eiiice
854 3593 956 3633 nos
988 3578 1187 3634 domus
1218 3576 1458 3647 Spiritus
1496 3580 1695 3647 sancti,
1721 3580 1851 3637 dum
1907 3583 1961 3637 in

394 3670 559 3727 domo
589 3676 780 3726 sancta
813 3678 905 3725 tua
933 3667 1151 3723 laudem
1183 3666 1416 3723 Domino
1445 3668 1750 3727 oilerimus.

463 3764 635 3821 Deum
682 3761 959 3819 hominem
1014 3759 1220 3817 factum
1260 3759 1578 3828 concepisti,
1613 3777 1646 3816 ο
1692 3760 1961 3831 Domina;

392 3871 679 3931 propterea
707 3855 1082 3928 generationes
1105 3847 1519 3924 generationum
1543 3860 1594 3908 te
1622 3853 1964 3911 incessanter

393 3952 605 4008 beatam
641 3950 854 4006 dicunt.

460 4042 712 4099 Christus
741 4040 883 4097 Deus
917 4049 1122 4103 noster,
1156 4038 1251 4110 qui
1284 4038 1337 4093 in
1365 4045 1525 4094 utero
1546 4044 1642 4092 tuo
1673 4036 1961 4103 habitavit,

391 4135 823 4199 oimmaculata,
877 4140 1161 4205 peceatum
1219 4133 1272 4186 in
1322 4130 1642 4186 hominibus
1708 4129 1964 4185 habitans

406 4250 509 4303 Ἐκ
540 4247 645 4301 τοῦ
677 4247 941 4311 κανόνος
964 4248 1053 4312 εἰς
1093 4245 1240 4311 τοὺς
1261 4243 1469 4313 ἁγίους
1490 4242 1796 4312 μάρτυρας
1828 4243 1964 4298 Θεό-

500 4317 715 4384 δωρον,
743 4313 1227 4378 Κωνστιιντῐνον,
1259 4330 1315 4367 κ.
1355 4331 1406 4367 τ.
1438 4317 1526 4379 λη
1558 4313 1749 4383 ἡμέρᾳ
1780 4319 1856 4376 ς’.

480 4429 786 4501 Ὗπεραγία
816 4430 1079 4498 Παρθένε,
1110 4430 1217 4483 τῶν
1241 4428 1488 4499 ἀθλητῶν
1519 4430 1662 4485 θεῖον
1684 4431 1964 4499 ὲγκαλλώο-

2069 2847 2300 2917 expulit,
2338 2855 2393 2902 et
2438 2846 2513 2903 ob
2539 2862 2704 2904 suum
2738 2849 2793 2904 in
2835 2850 3087 2907 homines
3119 2866 3387 2922 amorem,
3415 2855 3638 2911 eosdem

2069 2940 2265 2995 domos
2297 2956 2427 2996 suas
2458 2940 2659 2999 eﬂ‘ecit.

2139 3030 2259 3088 Una
2286 3046 2412 3088 cum
2458 3033 2711 3104 supernis
2760 3035 2969 3100 choris,
3010 3051 3200 3092 omnes
3247 3037 3315 3094 ad
3356 3046 3407 3095 te
3435 3040 3643 3095 ciama-

2070 3137 2226 3187 mus;
2270 3117 2404 3188 Avc,
2454 3123 2624 3178 Mater
2674 3124 2811 3190 Dei;
2850 3126 3052 3181 omium
3112 3125 3438 3193 animatum,
3492 3129 3641 3197 pala-

2070 3216 2206 3270 tium
2251 3216 2734 3286 gloriosissimum,
2784 3228 2837 3273 et
2882 3220 3118 3275 thronus
3173 3220 3385 3293 igneus,
3420 3222 3474 3277 in
3530 3235 3645 3291 quo

2066 3305 2320 3363 Christus
2350 3308 2650 3362 secundum
2685 3323 2907 3374 carnem
2934 3311 3225 3379 requievit.

2139 3398 2224 3453 Ab
2294 3398 2445 3453 omni
2504 3398 2924 3468 inquinamento
3013 3401 3308 3457 humanam
3392 3412 3645 3461 naturam

2069 3491 2419 3557 emundasti,
2470 3504 2503 3545 ο
2555 3491 2811 3547 inviolata
2843 3530 2861 3558 ,
2936 3494 3380 3561 supercuelestem
3471 3496 3643 3553 ﬁlium

2069 3582 2234 3641 enixa
2267 3582 2547 3638 hominem
2594 3582 2822 3649 factum,
2856 3596 3067 3652 nosque
3094 3583 3390 3649 renovusti,
3431 3587 3526 3655 qui
3547 3604 3644 3642 ve-

2073 3685 2273 3734 tustate
2293 3674 2526 3731 confecti
2546 3690 2764 3730 eramus
2792 3684 2870 3730 :et
2892 3668 3039 3728 nunc
3055 3674 3380 3744 clamamus,
3401 3692 3435 3733 ο
3456 3690 3641 3735 casta;

2071 3769 2337 3831 Laudate,
2364 3770 2547 3824 omnia
2581 3782 2769 3839 opera,
2812 3766 3135 3820 Dominum.

2143 3857 2368 3923 Lucem,
2401 3873 2524 3929 qua:
2551 3874 2581 3912 a
2630 3858 2791 3913 Patre
2839 3866 2965 3912 ante
3016 3854 3304 3911 luciferum
3335 3863 3647 3915 coruscavit

2073 3948 2450 4015 iueﬂ‘abiliter,
2471 3948 2731 4022 peperisti
2762 3948 2942 4014 nobis,
2968 3962 3002 4004 ο
3028 3946 3215 4020 Virgo,
3240 3957 3295 4003 et
3326 3950 3648 4022 ignorantiae

2074 4044 2325 4100 tenebras
2346 4044 2643 4114 dissipans,
2671 4057 2779 4111 eos,
2811 4041 2905 4114 qui
2936 4041 2989 4096 in
3020 4042 3227 4112 peccati
3261 4044 3450 4099 umbra
3478 4044 3638 4101 sede-

2073 4138 2226 4203 bant,
2257 4137 2579 4193 illuminasti
2602 4146 2765 4207 atque
2787 4133 3135 4191 exhilarasti.

2073 4251 2176 4322 71
2198 4250 2283 4306 Ea:
2313 4266 2513 4305 canone
2533 4252 2587 4305 in
2606 4248 2707 4306 SS.
2728 4247 3528 4322 Theodorum,Constantinum,
3543 4263 3643 4308 etc.

2631 4332 2913 4391 martyres,
2948 4321 3033 4374 die
3063 4320 3125 4375 6.‘

2143 4428 2188 4486 Ο
2217 4431 2563 4489 sanctissima
2602 4431 2785 4503 Virgo,
2811 4431 3055 4486 divinum
3094 4431 3427 4486 athletarum
3454 4432 3643 4499 decus,

397 4536 601 4590 πισμα,
618 4522 653 4590 η
670 4521 919 4591 κυήσασα
938 4522 1171 4591 Χριστὸν
1194 4521 1284 4574 τὸν
1301 4522 1521 4591 ὡραῖον,
1540 4525 1791 4579 κάλλεσιν
1809 4526 1971 4580 αὐτὸν

2076 4538 2200 4595 qua:
2249 4524 2529 4581 Christum
2582 4523 2842 4581 decorum
2880 4523 3286 4594 pulchritudine
3347 4524 3673 4599 peperisti,

398 4613 703 4667 καλλιῶσαι
722 4612 822 4684 τὴν
848 4612 984 4684 ἐμὴν
1008 4613 1185 4686 ψυχὴν
1228 4612 1460 4669 ἱκέτευε.

477 4708 677 4775 Ἀγίων
702 4707 874 4777 δῆμος
907 4705 1147 4760 ἑναθλῶν
1177 4709 1595 4776 τεσσαράκοντα
1620 4709 1713 4763 δύο
1746 4728 1803 4765 σε
1826 4710 1964 4765 Θεοῦ

394 4798 488 4852 τοῦ
513 4798 740 4869 ὑψίστου
770 4799 991 4869 Μητέρα
1032 4798 1322 4867 παναληθῆ
1359 4801 1658 4869 ἐκήρυττεν
1681 4803 1961 4872 ἐμφανῶς,

393 4891 737 4964 δυναμοῦσαν
763 4892 984 4951 τούτοις
1023 4916 1026 4942 ;
1152 4891 1325 4954 τείαις
1354 4907 1470 4944 σου.

476 5074 672 5146 Ἀγνὴν
702 5074 914 5145 μητέρα
946 5089 1003 5125 σε
1026 5073 1074 5126 οἱ
1106 5071 1242 5125 θεῖοι
1272 5070 1548 5144 μάρτυρες
1586 5073 1959 5146 ἐπιστάμενοι,

394 5170 556 5239 κόρη,
575 5169 666 5222 καὶ
684 5168 783 5239 τὴν
804 5167 863 5220 ὲν
880 5168 966 5221 σοὶ
984 5164 1144 5230 δόξαν
1163 5164 1521 5236 κλεϊζόμενοι,
1541 5166 1640 5232 τὰς
1662 5168 1962 5234 ἀθανάτους

394 5257 606 5327 δωρεὰς
633 5258 692 5309 ὲν
733 5255 975 5327 ὑψίστοις
1001 5254 1410 5329 ἐκληρώσαντο.

472 5348 603 5410 Νοός
634 5365 735 5416 μου
773 5349 969 5414 ἴθυνον,
1000 5346 1258 5412 δυσωπῶ,
1287 5346 1544 5418 ἄχραντε,
1571 5348 1811 5420 κινήσεις
1837 5349 1970 5420 πρὸς

2070 4616 2326 4671 eumdem
2360 4630 2530 4672 exora
2564 4624 2625 4670 ut
2649 4617 2867 4671 decoret
2896 4615 3136 4668 animam
3160 4628 3359 4669 meam.

2144 4708 2517 4778 Quadraginta
2540 4708 2775 4763 duorum
2808 4716 3107 4776 martyrum
3140 4716 3454 4763 sanctorum
3485 4710 3643 4765 turba

2070 4799 2380 4863 decertans,
2441 4806 2494 4854 te
2554 4798 2646 4854 Dei
2711 4799 2961 4856 altissimi
3025 4798 3249 4854 Matrem
3301 4800 3641 4857 verissimam

2073 4888 2361 4946 manifeste
2399 4890 2750 4960 praedicabat,
2790 4906 2913 4959 quae
2944 4890 3170 4946 eosdem
3199 4890 3642 4960 ,intereessioni-

2073 4980 2177 5037 bus
2212 4982 2321 5036 tuis
2352 4982 2403 5036 in
2435 4983 2734 5037 certamine
2789 4982 3112 5037 roborabas.

2140 5070 2358 5126 Castam
2391 5080 2619 5128 matrem
2656 5073 2889 5127 scientes
2920 5081 2971 5127 te
2995 5088 3114 5128 esse
3152 5071 3319 5128 divini
3354 5084 3641 5147 martyres,

2069 5180 2102 5217 ο
2126 5168 2322 5235 puella,
2351 5176 2610 5237 tuamque
2639 5166 2866 5237 gloriam
2906 5168 3265 5235 celebrantes,
3311 5167 3643 5225 immortalia

2068 5259 2208 5313 dona
2234 5260 2285 5312 in
2315 5262 2547 5316 excelsis
2576 5260 3053 5315 h:ereditaverunt.
3116 5332 3117 5335 η

2140 5350 2336 5407 Mentis
2380 5370 2512 5409 meae
2546 5362 2728 5409 motus
2753 5354 2950 5425 dirige,
2978 5360 3033 5408 te
3054 5369 3270 5424 precor,
3299 5370 3333 5409 ο
3363 5354 3642 5415 inviolata,

395 5438 530 5491 Θεὸν
573 5440 691 5491 ὁδὸν
726 5438 870 5509 ζωῆς
913 5436 1340 5510 χρηματίζοντα,
1379 5440 1475 5494 καὶ
1515 5441 1621 5493 τῶν
1658 5441 1970 5509 ὰθλοφόρων

2070 5441 2136 5494 ad
2160 5441 2350 5509 Deum,
2380 5444 2471 5513 qui
2509 5454 2594 5499 est
2616 5445 2700 5498 via
2725 5446 2869 5511 vitae,
2895 5454 2948 5501 et
2980 5458 3276 5518 martyrum
3298 5447 3645 5515 triumphan-

394 5529 815 5600 ὲξωμαλίσαντα
849 5530 947 5595 τὰς
1000 5530 1218 5601 τρίϐους
1269 5531 1368 5594 τὰς
1419 5529 1689 5603 φερούσας
1724 5533 1857 5602 πρὸς
1904 5534 1970 5586 τὰ

2073 5535 2207 5590 tium
2240 5538 2467 5595 semitas
2499 5537 2565 5593 ad
2592 5537 2834 5597 coelestia
2860 5542 3218 5611 perducentes
3257 5542 3639 5611 complanavit.

391 5622 647 5691 οὐράνια.

469 5744 833 5819 (54“)Grteca
859 5743 1063 5800 desunt
1081 5742 1136 5797 in
1166 5741 1383 5802 Menaeis
1419 5745 1725 5817 impressis.
