4098 6322
443 305 575 375 1οΉ

1567 315 1629 377 S.
1668 315 1984 378 JOSEPHI
2025 317 2584 382 IIYMNOGRAPHI

3539 320 3677 390 1072

509 424 740 495 Deipara
791 422 969 493 puella
1011 430 1208 494 praeter
1261 430 1469 481 naturae
1511 424 1675 498 leges,
1726 442 1792 482 ac
1839 443 2000 498 supra

2179 431 2446 503 Νομίμων
2476 447 2535 484 σε
2582 430 2810 486 ἄνευθεν
2859 431 2968 484 τῶν
3002 431 3102 503 τῆς
3149 430 3388 501 φύσεως,
3435 433 3637 505 Χριστδ
3665 475 3682 502 ,

434 517 678 586 ejusdem
739 525 949 571 naturae
1007 515 1279 581 ordinem,
1312 520 1520 589 peperit
1571 529 1643 588 te,
1677 534 1710 574 ο
1761 520 2002 588 Christe,

430 607 524 678 qui
572 618 840 677 martyres
877 607 1119 678 legitime
1144 623 1246 679 pro
1276 608 1381 664 fide
1427 618 1702 665 certantes
1735 623 1862 664 vere
1909 625 2004 666 co-

430 698 662 753 ronasﬁ.

508 789 766 845 Volumen
808 789 1046 845 maxime
1095 806 1297 845 novum
1357 805 1438 858 es,
1481 806 1516 846 o
1565 791 1847 860 inviolata,
1881 809 2006 865 qua:

431 881 667 938 Verbum
698 881 755 936 in
781 890 833 937 te
859 882 1124 952 scriptum
1157 883 1419 948 habuisti,
1450 882 1596 953 quod
1637 884 1690 939 in
1740 886 1881 940 libro
1915 886 1999 940 vi-

427 974 673 1030 ventium
725 973 943 1030 divinos
975 974 1227 1029 Athletas
1270 990 1400 1030 suos
1452 974 1759 1046 descripsit,
1801 977 1891 1048 qui
1940 992 2002 1031 ea

427 1083 550 1139 quae
582 1067 783 1138 scripta
813 1076 940 1122 sunt
971 1068 1320 1124 exactissime
1347 1069 1803 1138 adimpleverunt.

499 1155 730 1212 Divinos
759 1157 1120 1227 archangelus
1162 1166 1420 1226 tanquam
1448 1159 1754 1214 divinarum
1792 1159 2004 1229 nuptia-

426 1266 549 1305 rum
588 1265 791 1321 auspex
819 1265 1085 1319 apparens
1111 1249 1228 1312 tibi,
1267 1266 1300 1305 ο
1322 1261 1472 1304 casta
1512 1260 1565 1304 et
1596 1251 1872 1316 inviolata,
1893 1252 2003 1306 cla-

427 1340 594 1396 marit
626 1358 640 1393 :
669 1339 849 1406 Salve,
869 1358 901 1395 0
929 1341 1081 1412 ignee
1114 1340 1205 1395 Dei
1240 1342 1452 1406 throne,
1476 1352 1774 1413 martyrum
1809 1343 2002 1397 trium-

426 1433 733 1503 phantium,
752 1433 845 1504 qui
874 1430 1040 1488 Deum
1067 1433 1121 1486 in
1146 1448 1309 1487 carne
1326 1430 1734 1488 manifestatum
1764 1432 1999 1488 confessi

425 1534 575 1588 sunt,
605 1527 1029 1580 ﬁrmamentum.

498 1619 542 1672 Ο
573 1617 712 1672 lucis
735 1615 1164 1686 receptaculum,
1195 1615 1304 1672 Deo
1324 1615 1676 1680 charissima,
1717 1614 1997 1670 illumina-

427 1709 551 1765 tivis
583 1709 752 1783 radiis
785 1710 889 1763 tuis
919 1707 1133 1763 illustra
1163 1724 1258 1763 cor
1287 1725 1492 1776 meum,
1521 1709 1789 1764 socordiae
1823 1709 1996 1763 nubes

2111 524 2408 595 ὑπερφυῶς
2465 522 2700 594 ἐκύησεν
2735 523 3060 595 ἠΘεοτόκος
3127 524 3264 596 κόρη
3314 523 3390 591 ὡς
3439 527 3680 597 ἀληθῶς,

2104 617 2353 686 νομίμως
2374 615 2500 680 τοὺς
2522 617 2810 687 μάοτυοας
2833 615 3238 690 ὲναθλήσαντας
3269 617 3450 672 πίστει
3483 635 3684 690 στεφα-

2103 724 2178 760 νω
2187 724 2375 762 σαντα.

2177 798 2377 868 Τόμος,
2411 799 2671 868 ἄχραντε,
2727 797 3048 864 καινότατος
3091 799 3432 870 ὑπάρχουσα,
3457 802 3550 856 τὸν
3579 804 3684 856 Λό-

2105 904 2200 956 γον
2232 889 2643 959 ἐγγραφόμενον
2668 891 2728 944 ἑν
2758 893 2843 946 σοὶ
2864 892 3124 964 ἔσχηκας,
3147 892 3237 944 τὸν
3259 893 3315 946 ἑν
3343 892 3512 964 βίϐλῳ
3542 881 3682 959 ζών-

2102 998 2213 1034 των
2256 982 2380 1045 τοὺς
2429 983 2598 1039 αὐτοῦ
2648 987 3007 1056 ἐγγράψαντα
3063 986 3242 1050 θείους
3296 985 3558 1060 ἀθλητὰς,
3611 989 3682 1044 τὰ

2103 1077 2465 1147 γεγραμμένα
2500 1077 2757 1148 ἐμμελῶς
2783 1078 3310 1151 ἀποπληρώσαντας.

2174 1169 2563 1240 Νυμφοστόλος
2590 1173 2780 1241 φανείς
2811 1190 2892 1228 σοι
2914 1171 3057 1238 θεῖος
3084 1172 3448 1246 ἀρχάγγελος·
3480 1175 3681 1247 Χαῖρε,

2105 1262 2295 1335 πύρινε
2332 1264 2488 1334 θρόνε
2538 1263 2699 1330 θεοῦ,
2736 1265 2864 1319 ἐϐόα
2903 1282 3007 1330 σοι,
3049 1265 3282 1335 ἀχραντε
3313 1264 3485 1337 ἁγνὴ,
3520 1266 3682 1321 ἀθλο-

2103 1355 2285 1424 φόρων
2327 1355 2656 1428 κραταίωμα
2708 1357 3162 1429 ὁμολογησάντων
3193 1355 3325 1412 Θεὸν
3381 1358 3547 1430 σαρκὶ
3577 1375 3683 1429 φα-

2106 1455 2285 1500 νεντα.

2178 1626 2358 1690 Φωτὸς
2405 1625 2628 1698 δοχεῖον,
2663 1626 3046 1698 θεοχαρίτωτε,
3083 1629 3437 1697 φωτιστικαῖς
3480 1629 3677 1699 αὕγαίς

2103 1739 2196 1775 σου
2239 1722 2340 1792 τὴν
2385 1721 2613 1791 καρδίαν
2663 1739 2766 1793 μου
2812 1719 3068 1792 φώτισον,
3110 1722 3383 1794 ῥᾳθυμίας
3423 1724 3491 1778 τά
3537 1726 3678 1796 νέφη

427 1801 724 1872 depellons,
750 1814 813 1854 ac
859 1799 1066 1870 peccati
1128 1801 1380 1855 tenebras
1409 1800 1738 1868 eliminatis;
1771 1811 1851 1864 tu,
1879 1814 2000 1870 quae

2103 1814 2392 1879 dubitanda,
2424 1813 2520 1867 καὶ
2553 1813 2614 1866 τὸ
2637 1812 2736 1883 τῆς
2765 1813 3040 1884 ἁμαρτίας
3070 1815 3260 1877 σκότος
3293 1813 3609 1886 ἑξαίρουσα,
3641 1817 3676 1889 ἡ

428 1895 598 1949 Deum
620 1892 768 1948 omni
791 1891 999 1963 peccati
1029 1891 1148 1945 labe
1177 1900 1453 1947 carentem
1481 1890 1764 1962 peperisti.

558 2031 666 2103 72
708 2029 793 2086 Ea:
848 2047 1048 2103 magna
1092 2031 1145 2084 in
1166 2029 1267 2085 SS.
1311 2041 1568 2103 martyres
1594 2028 1890 2098 Basileum,

927 2100 1198 2173 Ephrwm,
1226 2115 1351 2168 etc.,
1373 2100 1466 2156 die
1485 2103 1534 2156 7.

494 2217 804 2274 Primorum
852 2226 1139 2287 parentum
1177 2232 1335 2286 poena
1390 2217 1604 2272 sublata
1643 2225 1748 2282 est,
1780 2232 1815 2272 ο
1845 2226 1998 2273 casta

424 2321 479 2366 et
507 2309 788 2378 inviolata,
824 2309 1082 2366 ineffabili
1117 2319 1275 2379 partu
1310 2319 1440 2376 tuo;
1475 2318 1638 2378 atque
1673 2308 1783 2364 illis
1808 2309 1998 2378 pristi-

427 2418 535 2459 nus
561 2403 627 2466 ad
659 2401 982 2457 Paradisum
1013 2402 1190 2470 patuit
1220 2401 1526 2471 ingressus,
1558 2399 1917 2470 quamobrem
1946 2409 1999 2457 to

426 2507 624 2561 magna
652 2504 786 2547 voce
815 2489 1220 2547 concelebrant.

499 2583 544 2636 0
581 2579 748 2651 Virgo
777 2587 889 2636 tota
919 2588 1067 2635 casta
1098 2587 1154 2634 et
1189 2577 1466 2644 inviolata,
1514 2578 1767 2648 peperisti
1807 2577 1997 2632 Domi-

430 2664 560 2731 num
594 2672 748 2728 illum
795 2671 1258 2742 potentissimum,
1306 2671 1400 2741 qui
1436 2671 1686 2726 homines
1716 2672 1786 2726 ab
1824 2671 1998 2727 hostis

429 2775 694 2838 potestate
728 2764 998 2821 liberavit.
1047 2774 1057 2785 '

499 2857 762 2914 Homines
819 2866 1072 2913 mortuos
1139 2855 1469 2923 viviﬁcasti,
1502 2852 1776 2927 oVirgo,
1830 2870 1996 2927 supra

427 2951 608 3007 omnis
651 2948 1003 3021 cogitationis
1045 2958 1264 3020 captum
1299 2947 1461 3003 enixa
1507 2946 1789 3004 Christum
1826 2946 1996 3000 Deum

431 3053 704 3108 nostrum,
747 3041 842 3113 qui
889 3052 1113 3114 propter
1159 3057 1316 3098 suam
1360 3041 1795 3097 misericordiam
1832 3040 1996 3094 homo

428 3136 608 3194 factus
635 3143 720 3190 est

502 3232 699 3287 Beatus
729 3239 814 3286 est
847 3228 936 3284 ille
962 3228 1214 3300 populus,
1246 3229 1338 3300 qui
1366 3226 1612 3298 agnoscit
1641 3237 1714 3292 te,
1740 3242 1775 3281 ο
1801 3226 1968 3282 imma

429 3324 786 3389 culatissima,
811 3322 1055 3378 omnium
1073 3321 1288 3376 Domini
1314 3321 1558 3387 Matrem,
1582 3331 1779 3376 etcum
1803 3317 1997 3374 affectu

433 3425 484 3470 te
514 3415 808 3469 beatificat.

502 3503 578 3559 Te
604 3503 738 3574 legis
775 3501 1002 3569 umbrae,
1033 3511 1085 3557 te
1115 3502 1506 3572 prepbetarum
1539 3503 1831 3572 aenigmata
1866 3512 1996 3570 pra:-

431 3597 762 3668 ﬂgurabant,
793 3610 827 3651 ο
855 3593 1021 3666 Virgo
1071 3595 1390 3666 purissima,
1451 3611 1574 3666 quae
1622 3609 1719 3665 per
1763 3590 1998 3646 Verbum

431 3689 704 3746 ineﬂabile
760 3688 910 3743 illum
945 3695 1275 3757 conccptura
1317 3702 1379 3743 ac
1423 3691 1670 3758 paritura
1717 3699 1862 3745 eras,
1909 3682 2001 3752 qni

429 3785 633 3840 mundo
662 3781 893 3837 salutem
916 3779 1152 3835 afferret.

502 3877 593 3933 Dei
632 3872 894 3941 Verbum,
946 3872 1093 3944 quod
1139 3887 1305 3928 manu
1351 3888 1451 3928 sua
1503 3872 1670 3928 Evam
1723 3868 2002 3935 formavit,

430 3969 720 4025 universos
751 3966 1050 4020 reformare
1078 3965 1287 4028 volens.
1315 3980 1380 4019 ex
1409 3975 1562 4019 utero
1594 3972 1706 4029 tuo,
1737 3976 1771 4016 o
1802 3961 2001 4032 puella,

432 4061 728 4116 humanam
766 4057 996 4112 formam
1029 4057 1258 4126 accepit,
1291 4056 1561 4127 incipiens
1587 4072 1730 4122 esse,
1760 4070 1885 4109 cum
1919 4063 2003 4108 ta-

430 4168 555 4208 men
602 4151 749 4207 Patrl
792 4165 858 4206 ac
891 4148 1122 4221 Spiritui
1175 4162 1366 4205 sancto
1418 4151 1489 4205 sit
1524 4161 1898 4212 coaeternum,
1947 4155 2003 4201 et

429 4243 729 4315 coaequale.

501 4337 646 4393 Deus
677 4335 1236 4405 supersubstantialis,
1269 4351 1335 4391 ex
1371 4345 1422 4391 te
1453 4343 1637 4400 natus,
1664 4332 1997 4399 oinviolata,

430 4430 599 4485 homo
637 4427 912 4499 apparuit,
965 4442 1090 4482 cum
1127 4427 1342 4483 duabus
1397 4428 1632 4489 naturis,
1668 4425 1999 4496 operationi—

2101 1905 2194 1958 τὸν
2223 1907 2609 1978 ἀναμάρτητον
2635 1905 2769 1961 Θεὸν
2793 1907 3177 1976 ἀποκυήσασα.

2114 2041 2216 2096 Ἐκ
2249 2041 2356 2097 τοῦ
2397 2039 2660 2106 κανόνος
2685 2043 2773 2105 είς
2799 2041 2941 2108 τοὺς
2982 2041 3193 2109 ἁγίους
3222 2039 3531 2111 μάρτυρας
3562 2043 3677 2096 Ba-

2321 2060 2356 2095 v
2397 2058 2660 2106 xaroroc
2685 2058 2773 2105 εις
2799 2058 2941 2108 τους
2982 2058 3193 2109 αγιους
3249 2058 3310 2094 ια
3347 2058 3493 2111 τυρα

2320 2113 2580 2177 castor,
2626 2113 2900 2182 Ἐφραίμ,
2927 2128 2982 2166 κ.
3012 2129 3065 2165 τ.
3095 2116 3184 2180 3.,
3208 2058 3397 2182 raging
3424 2111 3493 2177 ζ’.

2183 2227 2380 2299 Ἐλύθη
2425 2226 2535 2281 τῶν
2571 2228 2960 2298 προπατόρων,
3010 2227 3268 2298 ἀχραντε,
3296 2228 3358 2280 τὸ
3396 2227 3674 2297 ἐπιτίμιον

2100 2320 2165 2390 τῇ
2208 2319 2350 2389 ὑπὲρ
2389 2316 2514 2371 νοῦν
2565 2319 2758 2387 κυήσει
2804 2335 2920 2384 σου,
2972 2318 3134 2389 ἁγνὴ,
3163 2319 3258 2372 καὶ
3302 2317 3404 2391 τὴν
3449 2318 3674 2390 πρώτην

2100 2407 2376 2462 ἀπέλαϐον
2405 2407 2497 2460 τοῦ
2530 2407 2870 2477 Παραδείσου
2896 2407 3122 2477 εἴσοδον,
3155 2408 3551 2479 μεγαλοφῶνως
3584 2409 3672 2462 εὐ-

2101 2500 2412 2571 φημοῦντες
2436 2517 2520 2554 σε.

2186 2591 2475 2661 Ῥυόμενον
2489 2591 2618 2654 τοὺς
2640 2589 2866 2662 βροτοὺς
2884 2589 2984 2660 τῆς
3000 2588 3320 2654 δυναστείας
3338 2589 3429 2644 τοῦ
3451 2588 3541 2660 exe
3551 2587 3670 2659 ροῦ,

2101 2683 2367 2754 πάναγνε,
2409 2683 2501 2736 τὸν
2537 2683 2763 2737 δυνατὸν
2807 2683 3046 2754 Κύριον,
3096 2682 3333 2752 ἀχραντε
3383 2681 3670 2753 Παρθένε,

2099 2775 2356 2846 ἑκύησας.

2171 2866 2630 2936 Νενεκρωμένους
2680 2861 2937 2926 ὲζὼωσας
2971 2862 3098 2925 τοὺς
3150 2860 3496 2932 ἀνθρώπους,
3525 2859 3669 2930 ζωὴν

2097 2954 2196 3027 τὴν
2253 2954 2614 3008 ὲνυπόστατον
2661 2949 2914 3016 τεκοῦσα,
2967 2950 3232 3021 Παρθένε,
3290 2949 3433 3020 ὑπὲρ
3485 2949 3666 3003 πᾶσαν

2100 3047 2308 3100 ἔννοιαν
2337 3043 2572 3119 Χριστὸν
2604 3043 2695 3097 τὸν
2714 3042 2848 3096 Θεὸν
2868 3042 3047 3114 ημῶν,
3072 3040 3359 3112 ἄνθρωπον
3389 3039 3458 3097 δι’
3486 3034 3663 3095 οἶκτον

2021 3139 2066 3201 c
2098 3133 2410 3204 γενόμενον.

2173 3224 2458 3296 Μακάριός
2491 3224 2641 3278 ἔστιν
2662 3224 2691 3278 ό
2713 3223 2838 3287 λαδς
2863 3225 2892 3279 ό
2915 3221 3200 3294 γινώσκων
3226 3238 3311 3288 σε,
3335 3221 3668 3293 Μνάμωμε,

2099 3321 2196 3376 τοῦ
2222 3320 2494 3376 Δεσπότου
2542 3319 2654 3374 τῶν
2679 3321 2937 3376 ἁπάντων
2970 3320 3207 3395 μητέρα,
3245 3319 3344 3374 καὶ
3372 3316 3524 3390 πόθῳ
3561 3331 3671 3386 μαι

2100 3412 2316 3486 καρίζει
2346 3429 2428 3468 σε.

2169 3505 2357 3575 Νόμου
2388 3521 2448 3559 σε
2476 3505 2534 3560 σε
2578 3504 2751 3568 σκιαὶ,
2792 3502 3092 3576 προφητῶν
3120 3519 3180 3557 τε
3211 3499 3515 3573 αἰνίγματα
3540 3515 3675 3570 προ-

2099 3597 2422 3665 διετύπουν,
2474 3596 2739 3668 Παρθένε,
2773 3596 2874 3668 τὴν
2910 3595 3139 3669 ἀρρήτῳ
3182 3594 3342 3665 Λόγῳ
3380 3591 3676 3662 κυοφοριαν

2101 3689 2398 3760 ἐσχηκυῖαν
2451 3685 2824 3752 διασώζουσαν
2868 3685 3096 3757 κόσμον,
3127 3684 3462 3755 πανάμωμε.

2183 3863 2242 3917 Ὀ
2269 3862 2572 3925 διαπλάσας
2615 3859 2760 3933 χειρὶ
2785 3860 2882 3932 τὴν
2930 3858 3076 3914 Εὕαν
3108 3860 3280 3929 Λόγος
3312 3840 3472 3923 Θεοῧ,
3507 3857 3669 3929 κόρη,

2102 3957 2412 4012 ἀναπλάσαι
2455 3955 2701 4017 ἅπαντας
2729 3952 3033 4025 βουληθεὶς,
3065 3956 3129 4006 ὲκ
3156 3953 3392 4023 γαστρός
3413 3969 3510 4006 σου
3539 3953 3672 4006 ἀνα-

2103 4048 2398 4103 πλάττεται
2427 4046 2600 4118 ἀρχὴν
2648 4046 2962 4116 δεχόμενος,
2994 4047 3022 4098 ὁ
3045 4044 3123 4113 τῷ
3159 4044 3333 4116 Πατρὶ
3364 4044 3460 4099 καὶ
3495 4043 3670 4097 Πνεῦ-

2106 4159 2235 4212 ματι
2266 4140 2570 4213 σύνθρονος.

2183 4325 2384 4397 Ὦράοη
2417 4324 2488 4388 ὡς
2507 4324 2790 4392 ἄνθρωπος
2816 4324 2880 4379 ὲκ
2903 4323 2994 4378 σοῦ
3012 4325 3436 4397 ἀποτικτόμξνος
3462 4328 3490 4381 ό
3512 4326 3672 4397 ὑπερ·

2105 4420 2309 4484 οὑσιος,
2357 4419 2578 4482 διπλοῦς
2619 4420 2736 4483 ταῖς
2779 4419 3026 4488 φύσεσιν,
3076 4419 3332 4489 ἀχραντε,
3370 4420 3671 4491 ἐνεργείαις

429 4523 533 4580 bus
561 4529 615 4576 et
649 4489 1020 4575 v'olnntatibus
1046 4536 1061 4586 ;
1091 4520 1198 4575 illis
1227 4519 1520 4575 manifeste
1558 4533 1849 4589 apparens,
1879 4518 2000 4588 qui-

2103 4516 2200 4570 καὶ
2247 4513 2536 4582 θελήσεσι*
2587 4505 2669 4574 οἷς
2727 4511 2986 4582 ὡμοιώθη
3041 4512 3322 4584 βουληθεὶς
3371 4489 3670 4585 ὲμερανιξό-

431 4615 537 4668 bus
568 4618 766 4681 sponte
797 4609 994 4665 similis
1019 4609 1198 4666 factus
1222 4617 1329 4664 est.
1382 4609 1750 4675 Quamobrem
1785 4608 1859 4662 illi
1888 4609 2003 4662 cla-

431 4720 646 4760 mamus
679 4722 694 4757 :
725 4701 924 4757 Omnia
949 4717 1135 4772 opera,
1157 4701 1376 4756 laudate
1407 4699 1717 4757 Dominum.

498 4794 685 4848 Puella
720 4791 829 4847 Deo
853 4792 1180 4848 charissima
1220 4791 1400 4848 ferens
1430 4793 1482 4846 in
1516 4792 1661 4848 ulnis
1695 4791 1998 4861 Christum,

429 4887 520 4956 qui
549 4901 712 4941 manu
740 4884 842 4939 fert
891 4885 1169 4949 universa,
1199 4896 1421 4954 Stuporc
1451 4885 1698 4954 perculsa
1732 4885 2007 4940 cxclama~

431 4981 521 5034 bat
552 4977 741 5033 dicens
783 4997 797 5030 :
831 4976 1117 5043 Quomodo
1165 4989 1218 5033 te
1259 4987 1313 5032 et
1357 4977 1557 5033 Filium
1595 4989 1649 5034 et
1686 4977 2000 5032 Creatorem

430 5086 610 5126 meum
643 5068 821 5135 video,
857 5084 890 5124 0
915 5070 1486 5141 incomprehensibilis
1515 5071 1538 5122 ’ἰ

429 5205 533 5278 73
555 5203 636 5260 Et:
669 5219 868 5258 canone
891 5204 946 5257 in
968 5203 1023 5259 S.
1053 5203 1410 5330 andggtum,
1434 5217 1481 5260 et
1515 5205 1685 5260 socios
1714 5214 1998 5275 martyres,

1133 5292 1180 5330 te
1280 5316 1294 5330 .

1133 5292 1180 5330 ιε
1209 5292 1294 5330 ‘IU.

500 5385 544 5440 A
566 5385 818 5441 sordibus
837 5386 1175 5457 passionum,
1197 5403 1228 5442 a
1249 5395 1568 5458 tempestate
1589 5387 1998 5458 cogitationum,

428 5496 455 5533 a
488 5478 690 5548 jaculis
724 5478 971 5548 maligni,
1003 5482 1074 5536 ab
1103 5481 1255 5534 omni
1287 5481 1492 5549 impetu
1527 5479 1712 5534 hostili
1755 5480 1926 5543 salva,
1968 5497 2002 5532 o

431 5572 659 5641 lieipara
689 5569 1038 5626 immaculata
1072 5587 1136 5627 ac
1169 5581 1281 5627 tota
1314 5586 1471 5640 pura,
1510 5570 1724 5627 animas
1771 5571 1999 5625 laudan~

429 5667 567 5721 tium
595 5662 926 5718 ineffabilem
961 5677 1179 5735 partum
1212 5675 1391 5722 tuum.

498 5754 578 5811 Re
619 5755 858 5813 caelestis
926 5759 1146 5829 quidem
1199 5775 1356 5816 mens
1413 5758 1692 5830 explicare
1747 5757 1927 5828 valet,
1959 5770 1995 5814 ο

2109 4623 2305 4677 μενος,
2342 4599 2384 4675 ᾧ
2415 4603 2666 4676 βοῶμενο
2733 4603 2918 4659 Πάντα
2964 4605 3032 4671 τᾴ
3083 4606 3256 4677 ἔργα,
3309 4605 3529 4677 ὑμνεῖτε
3581 4606 3671 4660 τὸν

2105 4700 2332 4771 Κύριον.

2174 4794 2423 4864 Φέρουσα
2467 4792 2702 4860 Χριστὸν
2730 4793 2788 4843 ἐν
2816 4791 3086 4862 ἀγκάλαις
3137 4791 3282 4864 χειρὶ
3315 4792 3406 4846 τὸν
3437 4794 3672 4864 φέροντα

2102 4888 2170 4940 τὰ
2201 4887 2380 4939 πάντα
2405 4887 2438 4955 ἠ
2466 4885 2856 4954 Θεοχαρίτωτος
2890 4887 3047 4957 κόρη,
3099 4885 3512 4957 ὲκπληττομὲνη
3541 4885 3674 4939 ἐϐόα

2103 4977 2364 5046 λέγουσα·
2425 4977 2546 5039 Πῶς
2599 4977 2695 5029 καὶ
2745 4977 2872 5031 Υἱὸν
2917 4977 3170 5051 γνωρίζω
3199 4995 3257 5032 σε
3294 4980 3389 5033 καὶ
3435 4980 3675 5051 Ποιητήν

2106 5088 2229 5139 μου,
2267 5070 2618 5136 ἁκατάληπτε
2639 5087 2654 5136 ;

2115 5205 2211 5259 Ἐκ
2244 5204 2349 5279 τοῦ
2379 5204 2639 5279 κανόνος
2674 5207 2762 5279 είς
2795 5205 2936 5272 τοὺς
2963 5207 3171 5277 ἁγίους
3210 5208 3516 5279 μάρτυρας
3561 5211 3673 5267 Κό-

2280 5275 2516 5342 δρᾶτον,
2549 5277 2642 5329 καὶ
2674 5277 2814 5342 τοὺς
2846 5279 2966 5330 σὺν
3004 5275 3184 5344 αὐτῷ,
3213 5275 3417 5348 ’ἡμέρα
3443 5275 3497 5341 ι’.

2192 5387 2357 5450 Ἰλύος
2380 5387 2444 5438 ὲκ
2479 5385 2689 5448 παθῶν,
2738 5385 3014 5456 λογισμῶν
3043 5391 3360 5461 τρικυμίας,
3402 5392 3466 5445 ὲκ
3499 5391 3673 5463 βελῶν

2104 5479 2196 5532 τοῦ
2234 5479 2494 5550 πονηροῦ,
2532 5481 2596 5532 ἐκ
2630 5481 2815 5551 πάσης
2847 5482 3153 5554 προσϐολῆς
3196 5487 3444 5551 ἐναντίας
3470 5487 3672 5542 διασω-

2107 5589 2218 5639 cev,
2251 5572 2485 5643 ἄκραν-τε
2515 5573 2839 5646 Θεοκυῆτορ,
2873 5576 2968 5641 τὰς
2994 5577 3172 5650 ψυχὰς
3202 5579 3314 5634 τῶν
3355 5581 3672 5649 ὑμνούντων

2107 5683 2202 5719 σου
2234 5667 2325 5720 τὸν
2354 5666 2733 5734 ἀνέκφραστον
2761 5668 2939 5735 τόκον,
2971 5670 3235 5741 πάναγνε.

2179 5756 2323 5821 Νοῦς
2374 5757 2495 5811 οὐδὲ
2543 5757 2791 5830 οὐράνιος
2843 5764 2942 5833 τὴν
2978 5764 3118 5836 ὑπὲρ
3165 5763 3291 5822 νοῦν
3325 5782 3418 5820 σου
3449 5765 3668 5838 λοχείαν
