4078 6294
486 420 619 488 1077
1934 404 2300 471 ΗᾹΒῙΑιΕ.
2599 465 2603 469 .
3611 409 3747 473 1078

481 535 816 605 πανάμωμε,
857 530 1198 601 λάμπρννον,
1239 526 1387 592 ὅπως
1421 524 1576 599 ὑμνῶ
1607 524 1701 580 καὶ
1738 524 1948 593 δοξάζω
1985 525 2056 578 τὰ
2086 527 2126 584 Α

2195 524 2352 581 ιεδτὶε
2382 522 2639 590 oll‘usum,
2665 522 2788 578 luce
2816 521 3176 592 paenitentiae,
3226 532 3287 578 ut
3313 523 3529 579 laudem
3558 537 3608 581 et
3633 527 3751 597 glo-

484 626 749 699 μεγαλεϊὰ
776 644 893 680 σου.

2195 615 2380 672 ilicem
2416 615 2686 687 magnalia
2718 624 2834 671 tua.

1332 768 1443 840 76
1484 766 1566 822 Ex
1586 782 1789 821 canone
1810 765 1863 819 in
1891 762 1949 819 S.
1974 762 2178 832 Papam
2208 770 2516 830 martyrem,
2547 760 2634 815 die
2652 760 2717 815 16
2743 759 2904 830 (55‘).

562 915 847 985 Tanquam
878 912 1086 985 angelis
1116 910 1360 969 sanctior
1403 910 1696 977 exsisteus,
1732 906 1903 963 Deum
1934 921 2066 961 san-
2171 903 2357 966 enixa,
2392 901 2651 974 abyssum
2704 902 2970 957 malorum
3001 918 3254 960 meorum
3284 902 3527 970 exsicca,
3567 919 3602 959 ο
3643 903 3754 959 Do-

487 1023 663 1077 ctum,
703 1007 1077 1071 sanctissima,
1149 1002 1493 1074 concepisti,
1556 1002 1651 1072 qui
1719 1000 2066 1056 sanctitatem
2174 997 2323 1051 mina
2344 993 3138 1059 sanctissima,intercessione
3161 1004 3277 1063 tua,
3309 1006 3367 1053 et
3390 997 3756 1068 cogitationes

488 1104 721 1174 largitur
762 1102 1023 1158 omnibus
1070 1114 1194 1156 sese
1233 1098 1577 1153 incessanter
1609 1090 2069 1167 gloriﬁcantibus,
2174 1082 2621 1156 compunctionis
2652 1084 2895 1140 concede
2925 1086 3083 1142 mihi.

490 1206 826 1265 sanctosque
856 1194 1034 1265 ipsius
1067 1201 1342 1264 martyres
1376 1188 1790 1245 venerantibus.
2246 1178 2574 1237 Benedictus
2595 1177 2806 1236 fructus
2832 1187 2961 1236 tuus
2983 1179 3135 1237 omni
3164 1179 3545 1241 benedictione
3567 1196 3755 1236 cumu-

561 1288 781 1346 Canens
832 1287 1101 1359 propheta
1152 1284 1321 1342 David
1358 1291 1432 1349 te,
1482 1282 1574 1337 Dei
1605 1280 1819 1347 later,
1867 1276 2074 1334 montis
2175 1271 2503 1339 latissimus,
2535 1284 2569 1327 ο
2596 1269 3044 1328 benedictissima
3088 1270 3335 1335 Domina,
3363 1274 3758 1358 quemdepre-

490 1379 711 1454 pinguis
785 1348 1009 1434 nomine
1070 1348 1520 1433 manifestissime
1584 1370 2034 1445 pmsignillcavit
2057 1410 2074 1435 ,
2176 1382 2328 1445 care,
2358 1375 2419 1422 ut
2447 1365 2736 1422 benedieat
2757 1364 2937 1431 nobis,
2964 1363 3059 1436 qui
3085 1372 3140 1421 te
3168 1374 3379 1421 castam
3407 1364 3502 1421 Dei
3530 1348 3756 1424 latrem

490 1490 557 1528 ex
583 1486 696 1544 quo
726 1470 953 1528 advenit
994 1469 1253 1528 Christus
1274 1508 1290 1537 ,
1319 1466 1417 1539 qui
1446 1465 1670 1522 malitiae
1696 1472 1916 1520 montes
1939 1476 2076 1519 con-
2180 1457 2531 1529 agnovimus.

492 1566 666 1623 trivit.
2253 1549 2441 1621 Dejice
2475 1549 2799 1606 fortitudine
2837 1558 2952 1615 tua,
2984 1544 3153 1619 Virgo
3200 1546 3487 1613 inviolala,
3535 1546 3759 1602 univer-

566 1655 860 1730 Templum
898 1665 1151 1713 sanctum
1188 1650 1514 1726 apparuisti,
1551 1666 1586 1707 o
1619 1648 1788 1722 Virgo
1824 1648 2076 1719 innupta,
2181 1659 2300 1702 sam
2328 1642 2504 1699 hostis
2537 1642 2936 1705 fortitudinem,
2972 1654 3186 1710 nosque
3211 1639 3409 1694 virtute
3435 1639 3758 1700 corrobora.

492 1754 642 1825 quod
672 1728 842 1809 Deum
876 1751 1021 1809 inse
1067 1746 1365 1811 continuit,
1395 1734 1687 1802 universis
1727 1741 2075 1799 sanctitatem
2181 1742 2245 1790 ut
2289 1733 2530 1790 divinam
2581 1732 2677 1788 lilii
2728 1730 2809 1787 tui
2863 1730 3201 1785 voluntatem
3256 1728 3525 1799 perlicere
3573 1728 3760 1783 valea-

492 1818 839 1916 largientem,
878 1851 1101 1914 propter
1134 1837 1570 1895 misericordiam
1622 1852 1780 1894 suam
1825 1834 2074 1892 ineﬂabi-
2113 1825 2153 1881 Β
2184 1840 2329 1893 ωυε,
2388 1839 2423 1880 0
2461 1823 2778 1895 praesidium
2832 1820 3186 1877 formidabile
3227 1834 3418 1876 eorum
3471 1818 3569 1890 qui
3605 1819 3762 1874 invo-

492 1937 624 2001 lem,
657 1946 716 1993 et
742 1937 1004 2008 pietatem
1038 1948 1268 2006 prorsus
1304 1930 1752 1986 ineuarrabilem.

565 2026 665 2091 Te,
694 2042 728 2081 ο
750 2028 857 2081 Deo
886 2023 1239 2091 charissima,
1274 2021 1668 2091 Prophetarum
1699 2020 1907 2076 chorus
1936 2033 2076 2091 prae-

494 2119 825 2175 monstravit
851 2117 967 2173 fore
1010 2114 1288 2172 Creatoris
1334 2114 1583 2179 Matrem,
1614 2127 1777 2183 quem
1809 2113 1931 2168 sine
1962 2112 2072 2167 ulla

494 2212 910 2269 intermissione
958 2223 1201 2282 precare,
1270 2217 1331 2265 ut
1376 2207 1707 2264 misereatur
1760 2205 2074 2260 animarum

496 2316 836 2364 nostrarum.

562 2401 836 2473 Abyssum
857 2396 1248 2454 misericordiae
1284 2404 1341 2452 et
1359 2395 1776 2451 miserationum
1794 2392 2077 2448 Christum

506 2557 741 2623 Ἐκ.τοῦ
780 2558 1039 2623 κανόνος
1066 2558 1156 2623 εις
1186 2555 1295 2609 τὸν
1322 2554 1497 2623 ἅγιον
1529 2551 1808 2623 Ἅλέξιον
1839 2550 1947 2605 τὸν
1974 2549 2080 2605 ἄν·

846 2622 1085 2699 θρωπον
1114 2622 1219 2682 τοῦ
1239 2622 1408 2690 Θεοῦ,
1430 2622 1623 2695 ἡμέρᾳ
1646 2622 1732 2689 ιζ’.

583 2756 642 2813 '0
670 2757 807 2814 Θεοῦ
834 2757 1183 2830 συνάναρχος
1214 2756 1343 2822 Υἱὸς
1368 2755 1525 2828 ἔσχεν
1557 2755 1634 2821 ὡς
1664 2753 1848 2810 αἰτίαν
1885 2772 1944 2810 σε
1977 2754 2079 2826 τῆς

494 2854 633 2925 πρὸς
661 2855 830 2926 ἡμᾶς,
851 2851 1121 2925 Παρθένε,
1149 2851 1470 2924 ὁμοιώσεως
1495 2853 1667 2924 μόνην
1686 2850 1829 2922 ὑπὲρ
1855 2852 2079 2905 ἃπασαν

494 2946 698 3012 κτίσιν,
746 2947 1008 3019 ἄχραντε,
1056 2944 1304 3017 καθαράν
1353 2962 1412 2998 σε
1462 2943 1801 3015 εὑράμενοςσ
1854 2942 1978 2996 ὅθεν
2017 2959 2078 2995 σε

494 3038 774 3113 ὑμνοΰμιν
803 3040 976 3095 πᾶσαι
1007 3039 1192 3109 γενεαὶ
1223 3039 1317 3093 καὶ
1347 3035 1752 3109 μακαρίζομεν.

2183 1926 2312 1973 cant
2346 1917 2432 1972 te!

2254 2005 2418 2078 Virgo
2446 2016 2622 2069 casta,
2653 2014 2709 2062 et
2735 2001 3112 2067 immaculata,
3148 2016 3270 2071 quae
3298 1999 3394 2056 Dei
3446 2006 3763 2069 receptacu-

2184 2096 2296 2153 lum
2330 2095 2676 2169 apparuisti,
2711 2110 2800 2149 me
2854 2091 3110 2164 plurimis
3140 2090 3381 2161 peccatis
3428 2089 3760 2144 maculatum

2183 2192 2445 2257 eniunda,
2464 2203 2681 2261 precor,
2694 2203 2727 2241 ο
2750 2184 3352 2257 Deipara,purillcativa
3367 2183 3764 2239 intercessione

2184 2292 2320 2351 tua,
2371 2290 2427 2338 et
2486 2282 2545 2338 in
2597 2282 2687 2337 die
2731 2278 2927 2353 judicii
2980 2293 3011 2335 a
3055 2276 3428 2335 damnationis
3491 2276 3764 2333 sententia

2186 2376 2355 2432 libera
2383 2390 2491 2433 me.

2186 2528 2295 2599 77
2329 2526 2416 2584 Ea:
2456 2544 2659 2584 canone
2684 2529 2738 2583 in
2771 2527 2832 2584 S.
2862 2527 3111 2582 Alexium
3136 2526 3397 2581 hominem
3425 2525 3546 2586 Dei.
3567 2524 3654 2581 die
3678 2527 3761 2582 l7.

2259 2737 2353 2794 Dei
2383 2736 2579 2803 Filius,
2617 2738 2693 2793 illi
2726 2746 3055 2805 coaeternus,
3096 2736 3292 2793 habuit
3323 2743 3395 2800 te,
3427 2749 3461 2789 o
3490 2730 3658 2804 Virgo
3684 2733 3767 2787 in-

2189 2831 2413 2898 violata;
2466 2839 2729 2901 tanquam
2783 2845 3032 2896 causam,
3070 2844 3178 2900 qua
3225 2828 3426 2884 similis
3464 2809 3653 2882 lactus
3682 2835 3769 2881 est

2188 2924 2371 2990 nobis,
2402 2939 2530 2979 cum
2572 2932 2623 2980 te
2656 2922 2827 2980 solam
2863 2938 3032 2993 super
3064 2936 3282 2977 omnem
3322 2929 3632 2975 creaturam
3682 2919 3766 2973 in-

2187 3016 2429 3071 venisset
2466 3030 2657 3086 puram
2700 3012 2857 3087 (56):
2896 3014 3040 3068 unde
3078 3027 3271 3068 omnes
3310 3011 3692 3085 generationes
3718 3021 3769 3067 te

2189 3109 2494 3176 laudamus,
2534 3124 2599 3165 ac
2630 3110 2845 3165 beatam
2879 3107 3235 3179 appellamus.

577 3221 640 3275 '0
674 3221 788 3275 ἄνω
828 3220 1143 3294 ἀθεώρητος
1172 3222 1288 3285 τοῖς
1315 3220 1593 3290 ἀγγέλοις,
1622 3218 1859 3289 ἄχραντε
1882 3261 1897 3285 ,
1932 3220 2085 3274 κάτω
2112 3231 2126 3285 t

2258 3202 2362 3269 Qui
2386 3203 2642 3272 superius
2667 3203 2720 3258 in
2752 3202 2896 3259 caelo
2921 3210 3006 3257 est
3048 3201 3257 3271 angelis
3282 3198 3596 3266 invisibilis,
3632 3198 3770 3254 iule-

498 3317 564 3370 ὲκ
604 3314 702 3369 σοῦ
752 3314 1045 3383 γενόμενος
1114 3313 1422 3385 καθορᾶται
1487 3312 1694 3376 τέλειος
1756 3309 2078 3383 ἄνθρωπος,

498 3405 873 3478 ἀπολλύμενον
898 3406 1103 3466 κόσμον
1131 3405 1542 3463 ἀνακτώμενος.

570 3588 864 3662 Θηλάσασα
908 3590 1000 3645 τὸν
1039 3589 1260 3661 δοτῆρα,
1311 3587 1587 3661 Παρθένε,
1635 3588 1728 3641 τοῦ
1784 3587 2080 3658 γάλακτος,

501 3683 776 3737 πεινῶσαν
812 3683 909 3737 καὶ
953 3683 1246 3738 στένουσαν
1286 3680 1383 3736 νῦν
1427 3683 1528 3753 τὴν
1556 3682 1789 3752 καρδίαν
1839 3698 1941 3753 μου
1992 3679 2085 3733 κό-

502 3794 659 3847 ρεσον
691 3780 871 3850 πάσης
903 3776 1253 3847 ἐπιγνώσεως
1278 3776 1374 3830 καὶ
1400 3775 1745 3840 κατανύξεως
1770 3773 1942 3837 Θείας,
1974 3775 2086 3826 ἱκε-

500 3872 642 3924 τεύω
667 3889 749 3926 σε.
1826 3854 1829 3855 ν

584 3961 641 4014 '0
672 3960 787 4032 φῶς
833 3960 1104 4017 κατοικῶν
1154 3960 1254 4031 τὴν
1306 3959 1470 4029 ἁγίαν
1509 3956 1724 4030 ᾠκησέν
1775 3973 1867 4009 σου
1902 3953 2086 4025 νηδὺν,

501 4055 662 4127 ἁγνὴ,
717 4055 924 4125 κόσμον
970 4053 1348 4125 ἀπολλύμενον
1391 4054 1576 4107 σκότει
1626 4051 1901 4120 ἀγνωσίας
1954 4048 2087 4101 ἀνα-

505 4147 803 4214 κτώμενος,
829 4146 890 4201 ὃν
937 4147 1150 4201 ἱκέτευε
1187 4148 1395 4211 πάντας
1420 4145 1659 4215 φωτίσαι
1689 4143 1814 4205 τοὺς
1857 4138 2089 4210 ὑμνοῦν-

505 4241 604 4302 τας
636 4256 719 4294 σε.
758 4235 761 4237 ’

582 4332 795 4403 Νόμους
823 4333 1061 4402 φύσεως,
1094 4332 1334 4404 ἄχραντε
1367 4332 1660 4390 Δέσποινα.
1695 4325 2089 4399 ὁΔημιουργὸς

509 4426 932 4491 καινουργῆσας,
952 4422 1054 4491 τῆς
1078 4422 1307 4483 κτίσεως
1325 4423 1391 4474 ἐκ
1410 4420 1504 4474 σοῦ
1526 4419 1787 4492 ἀρρήτως
1812 4414 2088 4476 τίκτεται,

512 4516 608 4569 καὶ
637 4516 752 4568 θεοῖ
775 4530 843 4585 με
872 4514 938 4567 δι’
966 4516 1205 4585 ἄμετρον
1237 4513 1411 4578 ἔλεος.

584 4700 837 4767 Μεγαλου
887 4694 1133 4757 διάκονος
1184 4694 1249 4747 σὺ
1291 4690 1594 4763 μυστηρίου
1644 4688 1863 4756 ἐγένου,
1916 4683 2094 4738 πανά-

515 4808 705 4865 μωρία⁸
739 4790 871 4844 Θεὸν
904 4788 1014 4860 γὰρ
1044 4786 1419 4854 ὲσωμὰτωσας
1454 4781 1706 4853 μεγάλων
1734 4776 1921 4833 κακῶν
1946 4777 2096 4848 ἡμᾶς

512 4884 988 4957 ἀπολυτρούμενον
1024 4881 1154 4945 τούς
1184 4896 1244 4933 σε
1272 4876 1698 4950 μεγαλύνοντας,
1730 4871 1893 4943 ἁγνὴ,
1940 4870 2097 4924 εὐλο-

515 4982 730 5054 γημένη
759 4978 1146 5052 θεοχαρίτωτε.

598 5075 927 5136 Ῥεύσαντας
956 5072 1105 5142 ἡμᾶς
1136 5070 1202 5140 τῇ
1239 5066 1405 5121 πάλαι
1444 5063 1759 5137 παραϐάσει
1803 5059 2095 5118 ἀνακαινί-

516 5172 625 5235 ζων
656 5171 684 5225 ὁ
708 5168 1092 5241 φιλάνθρωπος
1120 5161 1439 5237 esseom»;
1465 5160 1812 5228 οεσὰρκωται
1843 5155 1903 5219 ἐξ
1926 5154 2100 5225 ἀφθό-

594 5353 729 5422 ίῦἱὶ“)
760 5352 947 5407 Graeca
980 5351 1177 5422 desunt
1210 5348 1270 5422 iu
1296 5343 1511 5422 Illengeis
1540 5338 1848 5422 impressis.

594 5408 854 5491 (56)'Nou
897 5421 1193 5476 invenisset
1224 5417 1331 5491 ξι)θί
1373 5414 1542 5491 Filius
1583 5412 1641 5465 ll.
1673 5408 1965 5491 Virginum
1999 5421 2095 5490 so-

523 5479 627 5547 lam
663 5479 822 5572 omni
843 5502 1089 5572 creatura
1104 5489 1413 5572 puriorem,
1444 5487 1488 5541 si
1517 5487 1629 5539 iure
1669 5496 1780 5561 non
1808 5479 1972 5533 fuerit
1999 5481 2099 5572 iiu-

525 5563 708 5617 munis
775 5565 844 5616 ali
886 5558 1139 5631 originali
1191 5560 1427 5621 macula,
1460 5572 1566 5626 qua
1624 5558 1782 5631 primi
1844 5558 2099 5631 parentes

522 5641 818 5689 caruerunt
856 5621 1023 5687 (ιι-εειῘὶ
1065 5634 1117 5685 in
1162 5631 1374 5701 iustitia
1406 5639 1458 5682 et
1478 5621 1782 5701 sanctitate
1826 5621 2096 5701 veritatis.

523 5706 659 5760 Cum
690 5712 871 5759 autem
917 5702 1088 5756 solam
1121 5691 1271 5756 omni
1319 5709 1565 5755 creatura
1619 5691 1894 5764 puriorem
1945 5691 2100 5764 inve-

529 5779 722 5838 uisset,
763 5775 819 5828 in
851 5788 914 5827 ea
944 5772 1136 5825 habuit
1173 5786 1394 5825 causam
1450 5784 1555 5839 qua
1590 5760 1785 5822 similis
1810 5760 2099 5839 uobis-lic-

531 5830 637 5913 im,
662 5830 855 5914 nempe
881 5857 1151 5914 summam
1186 5830 1500 5914 puritatem,
1533 5839 1784 5914 sinequa
1806 5834 1898 5914 υιιξ
1934 5830 2103 5886 Filius

534 5922 588 5976 in
617 5906 682 5977 ea
708 5906 818 5974 nou
843 5914 1033 5971 fuisset
1065 5906 1400 5968 incarnatus.
1434 5912 1547 5967 Non
1578 5909 1722 5965 enim
1754 5906 1970 5963 decebat
2000 5919 2103 5974 pu-

2188 3297 2308 3353 rius
2369 3297 2423 3351 in
2470 3304 2615 3351 terra
2647 3308 2811 3352 natus
2843 3310 2908 3350 ex
2938 3303 3015 3361 te,
3042 3310 3075 3349 o
3099 3294 3387 3359 inviolata,
3413 3295 3482 3349 ab
3512 3292 3773 3349 omnibus

2184 3388 2525 3459 conspicitur
2579 3387 2853 3459 perfectus
2921 3388 3127 3455 homo,
3178 3386 3449 3459 perditum
3507 3385 3775 3441 mundum

2185 3490 2637 3551 recuperaturos.

2257 3573 2304 3629 0
2336 3571 2521 3643 Virgo,
2554 3589 2678 3644 qua:
2709 3573 2953 3629 datorem
2988 3573 3149 3628 lactis
3179 3572 3420 3637 iactasti,
3452 3587 3551 3626 cor
3592 3586 3773 3626 meum

2188 3665 2496 3723 famescens
2522 3682 2586 3723 ac
2605 3682 2828 3739 gemens
2850 3667 3011 3735 satia,
3031 3681 3246 3737 precor,
3279 3667 3430 3721 omni
3463 3665 3776 3737 cognitione

2191 3777 2254 3817 ac
2277 3762 2702 3832 compunctione
2740 3760 2951 3821 divina.

2263 3944 2367 4013 Qui
2403 3943 2617 4000 habitat
2643 3944 2696 3998 in
2729 3943 2872 4009 luce,
2940 3942 2994 3998 in
3022 3951 3214 4000 sancto
3252 3952 3410 3999 utero
3431 3950 3527 3997 tuo
3558 3938 3775 3995 habita-

2193 4040 2291 4104 vit,
2324 4054 2357 4093 ο
2386 4048 2573 4104 casta,
2630 4048 2693 4093 ut
2732 4036 2998 4092 mundum
3047 4035 3104 4090 in
3152 4034 3392 4091 tenebris
3457 4033 3779 4103 ignorantiae

2194 4140 2516 4201 pereuntem
2581 4141 2969 4200 recuperaret;
3025 4129 3282 4186 eumdem
3340 4129 3663 4198 deprecare,
3719 4136 3778 4179 ut

2193 4240 2385 4281 omnes
2414 4238 2464 4279 te
2492 4222 2775 4279 laudantes
2806 4222 3098 4280 illnmiuet.‘

2266 4317 2402 4372 Cum
2441 4324 2824 4371 creaturarum
2876 4316 3127 4371 conditor
3191 4323 3398 4370 natum
3430 4313 3577 4384 leges
3617 4314 3780 4369 iuun-

2195 4419 2416 4479 vasset,
2456 4427 2487 4465 o
2522 4409 2752 4465 Domina
2806 4408 3101 4472 inviolata,
3143 4424 3209 4463 ex
3240 4416 3292 4462 te
3322 4406 3585 4462 ineﬂabili
3616 4405 3781 4459 modo

2196 4514 2358 4559 natus
2385 4513 2488 4569 cst,
2532 4514 2584 4557 ct
2610 4518 2695 4558 me
2737 4511 2962 4574 propter
2989 4502 3316 4557 immensam
3350 4498 3781 4555 misericordiam

2124 4581 2175 4641 θ
2203 4613 2357 4653 suam
2382 4597 2672 4653 deiﬁcavit.

2276 4688 2453 4759 Magni
2487 4687 2730 4760 mysterii
2759 4686 3008 4741 ministra
3031 4685 3171 4740 facta
3195 4700 3255 4739 es
3285 4690 3370 4750 tu,
3400 4699 3433 4737 ο
3461 4680 3784 4736 immacula-

2200 4782 2446 4847 tissima;
2482 4782 2648 4836 Dcum
2677 4780 2822 4834 enim
2854 4777 3181 4847 corporastl,
3208 4776 3301 4846 qui
3331 4790 3362 4830 a
3390 4773 3604 4843 magnis
3630 4771 3788 4827 malis
3836 4834 3839 4837 δ

2203 4874 2434 4929 redemit
2452 4888 2571 4937 nos,
2592 4873 2751 4943 quite
2769 4870 3112 4942 magniﬁcam
3122 4884 3206 4933 us,
3223 4882 3257 4923 0
3274 4876 3449 4931 casta,
3475 4865 3784 4931 benedicta,

2204 4963 2315 5020 Deo
2346 4964 2698 5021 charissima.

2275 5057 2406 5120 Nos,
2440 5056 2533 5128 qui
2586 5066 2805 5127 propter
2836 5052 3116 5123 antiquam
3155 5045 3647 5118 transgressionem
3684 5044 3782 5099 de—

2205 5149 2539 5227 ﬂuxeramus
2586 5150 2641 5203 in
2690 5146 3108 5216 corruptionem
3137 5183 3152 5209 ,
3215 5143 3438 5195 Amator
3506 5137 3788 5192 hominum

2201 5337 2415 5405 ritatem
2452 5332 2719 5387 inﬁnitam
2745 5346 2809 5405 ex
2842 5327 3033 5405 illatre,
3059 5341 3181 5397 quae
3204 5322 3494 5405 aliquando
3516 5323 3787 5405 containi-

2207 5418 2330 5463 nata
2381 5404 2591 5469 fuisset,
2627 5398 2894 5471 progigni,
2922 5410 3048 5471 cum
3076 5393 3493 5471 praeteritarum
3542 5393 3786 5448 sordium

2209 5479 2325 5548 ipsa
2358 5463 2885 5548 quoquc'iueuioaria
2915 5463 3187 5548 offendere
3232 5466 3423 5548 soleat.
3451 5463 3791 5532 Quapmpter

2210 5495 2325 5548 ipsa
2398 5491 2577 5542 uoquc
2605 5491 2868 5527 memoria
2915 5491 3187 5523 uuenucrc
3232 5491 3423 5521 sumat.
3451 5491 3783 5532 ριιιψιυιιιιςι

2210 5491 2431 5603 dum
2458 5544 2731 5614 Iosephus
2763 5540 3045 5614 Deiparam
3079 5538 3251 5593 solam
3280 5552 3308 5614 ξι
3347 5536 3452 5587 ι)ρο
3477 5548 3790 5614 ειψςιχοιιι·

2211 5601 2317 5675 lies
2340 5601 2619 5673 creaturas
2665 5601 2900 5683 puritate
2953 5611 3246 5683 fulgentem
3281 5608 3557 5683 iuventam
3589 5601 3781 5683 fuisse,

2207 5673 2511 5757 eademque
2538 5689 2605 5743 de
2642 5673 2808 5757 causa
2861 5682 2943 5757 iu‘
2971 5673 3061 5757 Dei
3089 5677 3316 5757 Matrem
3374 5678 3601 5757 electam
3642 5673 3795 5757 afﬁr-

2211 5742 2585 5828 Masillam
2612 5756 2681 5812 ab
2718 5756 2834 5827 ipsa
2863 5750 3216 5823 origiuariam
3254 5746 3524 5805 maculam
3566 5742 3793 5815 propul-

2211 5843 2316 5891 sat.
