4098 6322
405 378 543 443 1079

1539 396 1599 455 S.
1639 398 1953 462 JOSEl’llI
1997 405 2554 469 BYMNOGRAPHI

3520 405 3657 476 1080

402 496 803 556 renovaturus,
865 488 1352 565 incorruptibiliter
1401 498 1720 561 incarnatus
1777 521 1862 564 est
1908 525 1973 565 ex

2082 529 2176 583 pou
2209 532 2324 578 σου,
2361 515 2693 585 πανάμωμε,
2735 513 2948 586 νηδύος,
2986 513 3082 572 καὶ
3108 514 3382 591 ipsaque
3408 515 3656 582 ἅπαντας

401 577 688 647 impolluta
731 589 888 636 utero
933 590 1048 651 tuo,
1081 599 1114 640 ο
1147 589 1461 659 purissima,
1520 605 1684 666 atque
1727 613 1920 658 omnes
1948 618 1974 656 a

2080 577 2355 677 άμαρτιας
2395 577 2765 679 καταφθοράς,
2787 577 3206 683 παναμώμητί.

401 670 610 737 peccati
646 672 1000 744 corruptione
1047 676 1322 750 liberavit,
1358 698 1391 739 ο
1424 684 1686 746 immunis
1716 692 1786 748 ab
1828 697 1980 751 omni

401 761 615 815 macula
651 762 788 833 (57).

472 851 552 904 Ad
586 861 637 908 te
665 852 935 913 Gabrielis
957 861 1187 918 vocibus
1227 865 1515 925 latebundi
1545 871 1867 943 clamamus,
1894 877 1979 933 di-

398 952 588 1000 centes
618 964 633 1000 :
667 945 848 1012 Salve,
877 965 910 1007 ο
939 967 1070 1022 ager
1099 954 1345 1027 inarate;
1376 962 1546 1031 salve,
1581 980 1615 1022 o
1640 968 1982 1026 maledictio-

403 1036 490 1092 nis
520 1038 751 1096 solutio:
778 1043 950 1110 salve,
982 1059 1016 1099 ο
1039 1045 1162 1103 fons
1192 1065 1348 1122 aqua:
1376 1055 1547 1124 vivm;
1583 1059 1752 1124 salve.
1777 1061 1979 1132 gloria-

405 1129 479 1185 tio
506 1139 825 1189 sanctorum
881 1135 1114 1209 Deipara
1141 1156 1360 1214 semper
1385 1145 1570 1220 Virgo.

401 1289 513 1364 78
551 1290 636 1348 Ea:
683 1311 884 1352 canone
925 1298 982 1353 in
1026 1299 1130 1356 SS.
1186 1301 1613 1379 Chrysanthum,
1662 1322 1713 1368 et
1754 1314 1980 1372 Darium

933 1380 1218 1442 martyres,
1242 1375 1328 1430 die
1361 1379 1451 1434 l9.

472 1512 577 1580 Qui
614 1517 916 1573 secundum
947 1530 1199 1580 naturam
1238 1525 1479 1584 divinam
1508 1538 1592 1585 est
1623 1533 1979 1589 inaccessibi-

403 1601 492 1670 Iis,
547 1609 886 1666 accessibilis
942 1616 1197 1683 apparuit
1247 1619 1427 1682 mihi.
1477 1637 1543 1677 ex
1595 1631 1684 1686 te,
1731 1639 1764 1680 ο
1815 1625 1979 1696 Virgo

401 1712 568 1754 carne
613 1716 871 1773 suscepta
903 1721 917 1759 :
947 1722 1110 1776 quem
1163 1710 1323 1765 Daria
1362 1715 1759 1785 concupiscens
1783 1759 1798 1782 ,
1842 1733 1978 1774 conv

401 1800 611 1848 stanter
653 1795 988 1866 decertavit,
1036 1809 1091 1856 et
1135 1802 1188 1857 in
1233 1818 1451 1876 sponsa:
1493 1822 1698 1868 morem
1735 1810 1802 1866 ad
1849 1826 1977 1867 eum

401 1885 653 1972 adducta~
673 1898 776 1945 est.

473 1973 668 2048 Filius,
719 1982 813 2052 qui
839 1998 906 2039 ex
941 1993 1094 2042 utero
1143 1996 1262 2054 tuo,
1296 2004 1330 2045 ο
1360 1989 1528 2063 Virgo
1572 1992 1854 2062 inviolata,
1887 2011 1980 2050 se-

401 2069 642 2126 cundum
661 2087 882 2128 carnem
909 2087 1072 2134 natus
1088 2089 1196 2147 est,
1219 2082 1569 2154 desponsavit
1589 2086 1692 2143 sibi
1719 2104 1978 2159 sponsam

399 2171 606 2216 castam
649 2174 944 2236 martyrem
987 2168 1229 2227 Dariam.

471 2250 1051 2324 lncomprebcnsibilis
1078 2262 1169 2316 ille
1196 2263 1264 2319 ab
1294 2265 1444 2323 omni
1472 2265 1770 2334 intellectu.
1803 2271 1896 2343 qui
1927 2283 1978 2328 te

400 2354 524 2413 post
578 2357 796 2415 partum
846 2350 1112 2422 virginem
1180 2359 1562 2426 conservavit,
1617 2363 1976 2432 quemadmo-

399 2436 529 2490 dum
580 2438 766 2495 l‘ueras
805 2453 930 2497 ante
977 2453 1217 2514 partum,
1258 2462 1325 2502 ex
1373 2458 1446 2516 te,
1505 2465 1540 2506 ο
1576 2451 1856 2520 inviolata,
1895 2455 1980 2508 in-

400 2537 662 2584 carnatus
722 2539 846 2597 est,
909 2531 1125 2590 Dariam
1197 2547 1490 2610 martyrem
1547 2540 1654 2597 sibi
1714 2555 1974 2614 sponsam

400 2634 703 2678 OSCISOCIIS.

471 2711 607 2778 Quis
636 2723 789 2768 tuum
826 2716 1005 2772 valeat
1041 2719 1318 2790 explicare
1352 2722 1697 2794 mysterium,
1722 2738 1759 2781 ο
1782 2726 1980 2784 castis-

399 2800 584 2856 sima?
644 2803 811 2860 Deum
864 2808 1010 2862 enim
1065 2807 1345 2878 Verbum,
1397 2827 1561 2882 supra
1628 2815 1978 2886 cogitationis

400 2892 660 2963 verbique
701 2909 1051 2967 conceptum,
1081 2899 1355 2970 duplicem
1385 2902 1440 2956 in
1468 2914 1665 2962 natura
1692 2906 1976 2976 peperisti.

470 2985 547 3042 Te
575 2994 834 3058 tanquam
867 3006 1068 3047 novum
1099 3008 1330 3063 puerum
1363 2993 1527 3068 Virgo
1557 2997 1787 3068 peperit,
1823 3006 1980 3055 aute-

399 3080 662 3135 szeculare
705 3079 976 3149 Verbum,
1035 3086 1182 3153 quod
1248 3086 1441 3156 pueilze
1495 3089 1975 3160 concupiscentes,

399 3180 661 3243 tanquam
708 3189 922 3245 sponsa
956 3185 1079 3247 post
1106 3177 1254 3233 illam
1291 3180 1540 3237 adducta:
1566 3189 1698 3237 sunt
1727 3179 1826 3238 tibi
1857 3197 1979 3238 om-

399 3264 552 3320 nium
585 3264 741 3338 Regi.

473 3356 578 3427 Qui
625 3361 927 3417 secundum
978 3362 1220 3420 divinam
1271 3366 1638 3424 substantiam
1681 3376 1764 3425 est
1810 3368 1981 3424 incir-

401 3452 791 3523 cumscriptus,
858 3453 913 3508 in
965 3455 1092 3510 sinu
1146 3463 1281 3525 tuo,
1334 3470 1370 3512 ο
1417 3457 1622 3530 Virgo,
1682 3457 1860 3514 factus
1896 3467 1980 3515 est

400 3542 598 3599 similis
655 3544 816 3601 nobis
867 3546 1168 3603 secundum
1225 3562 1445 3604 carnem
1506 3550 1975 3622 circumscriptus.

400 3629 695 3692 Benedicta
737 3653 798 3693 es
829 3648 883 3692 tu
915 3638 1056 3694 inter
1087 3639 1372 3708 mulieres,
1402 3656 1435 3696 0
1465 3641 1688 3698 domina
1716 3643 1979 3700 immunis

401 3725 473 3779 ab
493 3727 643 3781 omni
672 3731 906 3784 macula.

473 3819 606 3875 Cum
641 3829 694 3878 te
723 3831 982 3894 tanquam
1029 3839 1213 3881 rosam
1250 3825 1304 3880 in
1338 3826 1517 3882 medio
1566 3827 1849 3896 spinarum
1878 3828 1982 3883 hu-

397 3913 491 3985 jus
541 3915 700 3981 vine,
761 3916 1063 3972 invenisset
1116 3918 1259 3974 Deus
1307 3918 1714 3975 immaculatam
1767 3919 1982 3989 (58),o

403 4007 744 4076 castissima,
801 4009 1070 4065 habitavit
1110 4009 1165 4066 in
1220 4022 1376 4068 utero
1429 4019 1524 4066 tuo
1577 4011 1880 4078 inviolato,
1925 4020 1982 4067 et

403 4099 634 4170 mystica
657 4102 1029 4157 suaveolentia
1058 4103 1279 4172 replevit
1307 4105 1571 4160 mundum
1606 4105 1934 4162 clamantem
1966 4124 1980 4160 :

402 4188 598 4245 Omnia
639 4206 827 4260 Opera,
864 4193 1080 4248 laudate
1119 4193 1436 4250 Dominum.

475 4282 712 4339 Horrore
759 4285 1081 4353 quatiuntur
1130 4300 1285 4342 mens
1314 4297 1368 4343 et
1412 4302 1526 4354 cor,
1581 4288 1712 4344 dum
1764 4300 1976 4362 partum

405 4385 583 4438 tuum.
611 4391 644 4426 o
670 4378 871 4446 puella,
901 4380 1221 4450 recogitant.
1249 4379 1416 4434 Deum
1443 4381 1610 4449 enim,
1641 4397 1802 4453 quem
1828 4384 1978 4438 nulla

403 4468 662 4536 Cogitatio
716 4471 1177 4540 comprehendere
1229 4480 1439 4542 potest,
1501 4475 1828 4543 concepisti,
1882 4476 1978 4545 qui

2150 871 2342 942 Φωνήν
2379 888 2460 926 σοι
2503 871 2853 945 προσάγομεν
2893 873 2989 930 τοῦ
3034 874 3279 948 Γαϐριὴλ
3320 877 3653 950 γηθόμενοι·

2079 960 2275 1032 Χαῖρε,
2323 961 2574 1030 λέγοντες
2593 1001 2611 1028 ,
2663 963 2816 1037 χώρα
2846 966 2882 1038 ἡ
2917 963 3290 1039 ἀγεώργητος,
3341 969 3525 1041 χαῖρε,
3555 971 3657 1038 τῆς

2083 1055 2332 1127 κατάρας
2365 1057 2400 1126 ἡ
2428 1053 2602 1122 λύσις,
2629 1060 2812 1128 χαῖρε,
2855 1057 3012 1131 πηγὴ
3057 1057 3247 1124 ὕδατος
3291 1060 3388 1115 τοῦ
3430 1061 3657 1128 ζῶντος.

2081 1143 2247 1198 ὁσίων
2279 1143 2340 1199 τὸ
2365 1142 2654 1217 καύχημα,
2684 1146 2919 1203 Θεοτύκσ
2951 1148 3303 1221 semipes-ae.

2097 1302 2200 1358 Ἐκ
2229 1301 2337 1359 τοῦ
2364 1304 2625 1385 κανῴὋς
2648 1307 2738 1385 εἷς
2767 1305 3479 1385 τοὺς-ἁγίους-μάρζνρας
3507 1313 3652 1385 Χρύ-

2363 1377 2598 1432 σαν-θον
2628 1377 2728 1432 καὶ
2759 1377 3028 1448 Δαρείαν,
3067 1377 3273 1450 ἡμέρα
3288 1377 3376 1436 ιθτ

2163 1532 2224 1586 '0
2246 1531 2407 1604 φύσει
2433 1535 2499 1604 τῇ
2535 1533 2693 1605 θεϊκῇ
2725 1533 3022 1605 ἀπρόσιτος
3063 1534 3320 1606 προσιτδς
3353 1536 3509 1610 ὤφθη
3541 1556 3653 1611 μοι,

2082 1626 2147 1679 kx
2179 1623 2270 1678 σοῦ
2289 1666 2305 1693 ,
2336 1623 2616 1697 Ιιαρθένε,
2649 1627 2827 1697 σάρκα
2854 1628 3212 1698 προσλαϐών·
3244 1629 3305 1685 ὃν
3326 1630 3531 1704 Δαρεὶα
3561 1652 3654 1687 πο-

2084 1717 2298 1789 θήσασα
2345 1719 2690 1791 καρτερικώτς
2743 1720 3028 1794 meam,
3077 1722 3173 1778 καὶ
3201 1726 3487 1797 νυμφικῶς
3510 1726 3649 1800 αὐτῷ

2083 1810 2476 1880 προσήνεκται.

2155 1988 2331 2062 Σαρκὶ
2362 1989 2576 2062 τεχθεὶς
2607 1994 2673 2047 ὲκ
2702 1993 2940 2068 γαστρός
2967 2011 3064 2050 σου
3093 1996 3193 2068 τῆς
3221 1995 3495 2070 παρθένου
3521 1999 3658 2067 υἱὸς,

2083 2081 2344 2154 άχραντε,
2403 2085 2625 2158 νύμφην
2661 2086 2836 2162 ἁγνὴν
2892 2089 3150 2162 μάρτυρα
3193 2091 3375 2167 ἑαυτῷ
3424 2095 3663 2167 Δαρεῐαν

2087 2177 2473 2249 μνηστεύεται.

2157 2270 2513 2346 Συντηρήσας
2542 2292 2602 2329 σε
2625 2277 2919 2351 παρθένον,
2944 2280 3023 2347 ὡς
3053 2280 3160 2352 πρὸ
3183 2280 3282 2336 τοῦ
3304 2279 3488 2346 τόκου,
3519 2283 3662 2351 μετὰ

2082 2362 2176 2417 τὸν
2200 2363 2379 2431 τόκον,
2434 2364 2697 2438 άχραντε,
2728 2371 2794 2426 ἐκ
2831 2371 2926 2429 σοῦ
2967 2372 3260 2446 ἑσαρκώθη
3303 2375 3335 2428 δ
3362 2373 3660 2448 ὸπερινόη-

2082 2470 2208 2519 τος,
2255 2455 2488 2528 Δαρείαν
2529 2459 2631 2530 τὴν
2673 2461 2931 2534 μάρτυρα
2981 2462 3203 2538 νύμφην
3233 2465 3411 2537 ἑαυτῷ
3455 2466 3662 2540 ἑπαγό-

2087 2563 2266 2618 μενος.

2153 2727 2251 2792 Τίς
2271 2728 2495 2785 δύναται
2527 2729 2587 2787 τδ
2616 2733 2707 2789 σδν
2732 2734 3070 2808 ἑρμηνεῦσαι
3106 2740 3432 2812 μυστήριον,
3455 2734 3502 2797 ὧ
3523 2744 3660 2798 πάν-

2083 2837 2247 2888 avus;
2273 2822 2408 2878 Θεὸν
2430 2823 2604 2893 Λόγον
2639 2826 2750 2900 γὰρ
2791 2828 2934 2902 ὑπὲρ
2959 2830 3084 2885 νοῦν
3109 2831 3201 2886 καὶ
3225 2831 3404 2902 λόγον,
3429 2831 3655 2888 διπλοῦν

2084 2915 2150 2984 τῇ
2180 2913 2344 2982 φύσει
2381 2915 2634 2982 τέτοκας.
3595 2955 3599 2957 ·

2153 3005 2291 3059 Νέον
2323 3023 2382 3060 σε
2412 3008 2489 3071 ὡς
2515 3009 2731 3064 παιδίον
2763 3010 3038 3083 nepam;
3063 3010 3263 3084 ἐκύησε
3287 3012 3377 3067 τὸν
3404 3011 3643 3085 προαιώο

2084 3114 2196 3152 νιον
2228 3099 2423 3168 Λόγον,
2456 3099 2516 3154 ὃν
2549 3101 2810 3156 ποθοῦσαι
2837 3104 2995 3174 κόραι
3025 3103 3229 3177 ταύτης
3261 3106 3436 3161 ὀπίσω
3459 3123 3543 3160 σοι
3569 3104 3652 3178 τῷ

2085 3190 2304 3246 πάντων
2337 3191 2550 3262 βασιλιῖ
2578 3194 2864 3266 νυμφικῶς
2894 3196 3303 3272 ἀπηνέχθησαν.

2168 3365 2227 3418 '0
2259 3367 2383 3421 κατ’
2413 3366 2604 3423 ούσῐαν
2634 3369 2736 3442 τὴν
2774 3368 2962 3443 θεῖκὴν
2991 3371 3066 3428 ὣν
3093 3373 3506 3446 ἀπερίγραπτος
3533 3376 3660 3432 κόλ-

2081 3475 2207 3522 ποις
2246 3475 2365 3522 σου,
2398 3459 2671 3532 Παρθένσ,
2701 3463 2896 3533 γέγονε
2924 3464 3049 3518 καθ’
3073 3467 3222 3537 ἡμᾶς
3252 3470 3319 3538 τῇ
3361 3470 3526 3539 σαρκὶ
3557 3487 3657 3526 πε-

2083 3551 2510 3624 ριγραφόμενος.
2548 3554 2901 3629 Εὐλογημένη
2935 3557 3000 3614 σὺ
3026 3561 3082 3613 ὲν
3099 3560 3346 3630 γυναιξὶν
3369 3561 3658 3634 ὑπάρχεις,

2078 3643 2394 3716 πανάμωμε
2419 3644 2713 3703 Δέσποινα.

2163 3820 2254 3887 Ὦς
2281 3823 2436 3896 ῥόδον
2468 3825 2528 3880 ιν
2567 3824 2717 3895 μέσῳ
2764 3825 3018 3880 ἀκανθῶν
3060 3825 3156 3881 τοῦ
3197 3827 3334 3899 βίου,
3387 3829 3658 3899 πάναγνε,

2079 3914 2214 3981 Θεὸς
2235 3916 2540 3989 εὑράμενος
2560 3931 2618 3968 σε
2636 3915 2734 3988 τὴν
2749 3916 3072 3988 ἀμώμητον,
3091 3918 3278 3990 ῷκησε
3299 3920 3398 3991 τὴν
3415 3922 3658 3990 γαστέρα

2083 4026 2178 4063 σου
2221 4009 2322 4079 τὴν
2370 4009 2660 4079 ἄχραντον,
2702 4010 2798 4063 καὶ
2839 4009 3069 4074 εὐωδίας
3121 4012 3394 4082 μυστικῆς
3454 4014 3659 4083 κόσμοδ

2082 4099 2405 4173 ἐπλήρωσεν
2445 4098 2724 4153 ἐκϐοῶντα
2752 4113 2768 4130 ·
2808 4101 2995 4157 Πάντα
3024 4101 3091 4157 τά
3118 4101 3282 4174 ἔργα,
3310 4102 3531 4175 ὑμνεῖτε
3567 4104 3661 4160 τὸν

2082 4194 2311 4262 Κύριον.

2149 4287 2366 4360 Φρίττει
2416 4285 2676 4356 λογισμὸς
2718 4284 2819 4339 καὶ
2857 4285 3054 4358 καρδία
3104 4286 3501 4352 κατανοοῦντες
3552 4289 3656 4361 τὴν

2081 4383 2299 4454 λοχείαν
2353 4381 2452 4453 τὴν
2499 4381 2891 4454 ἀκατανὸητον,
2945 4383 3117 4453 κόρηο
3164 4381 3298 4436 Θεὸν
3333 4382 3441 4453 γὰρ
3483 4381 3658 4452 Λόγον

2083 4477 2461 4547 ὲκυοςρόρησας
2502 4475 2594 4528 τὸν
2628 4475 2717 4529 διὰ
2753 4475 2848 4528 σοῦ
2880 4475 3144 4546 ῥυόμενον
3188 4473 3370 4546 πάσης
3410 4474 3657 4548 ἀνάγκης

399 4577 499 4632 per
531 4573 582 4616 te
615 4559 811 4617 liberat
842 4563 910 4618 ab
951 4565 1105 4620 omni
1161 4564 1492 4622 necessitate
1520 4581 1618 4620 eos
1646 4565 1741 4636 qui
1791 4577 1844 4622 te
1881 4568 1974 4622 ho-

2081 4569 2204 4631 τοὺς
2231 4566 2506 4638 τιμῶντάς
2533 4583 2616 4622 σε.

397 4664 618 4712 norant.

469 4862 907 4934 (57)'Sa3pissime
920 4861 1252 4932 SJosephus
1266 4878 1323 4918 se
1338 4863 1612 4934 egregium
1631 4877 1728 4934 pro
1739 4863 1827 4917 Dei
1835 4876 1979 4932 paras

396 4936 760 5014 immunitate
782 4935 850 5014 ab
898 4935 1163 5014 originali.
1190 4935 1824 5014 ﬁdejussorem__pra:bet,
1846 4948 1968 5014 cuin

398 5019 506 5058 non
538 5008 714 5061 solum
749 5006 857 5065 hic.
899 5007 992 5061 sed
1036 5005 1167 5059 alibi
1199 5019 1319 5058 eam
1365 5005 1690 5073 depraadicet
1713 5005 1794 5058 'ab
1820 5005 1969 5057 omni

396 5075 611 5130 macula
698 5085 752 5130 et
829 5077 950 5130 labe
1006 5075 1324 5141 immunem,
1379 5076 1447 5128 ab
1507 5074 1658 5130 omni
1728 5075 1848 5129 labe
1918 5080 1973 5126 et

399 5146 884 5224 macula_l_ibcram
917 5185 931 5206 ,
967 5148 1135 5224 omni
1159 5146 1275 5200 labe
1316 5153 1372 5224 et
1413 5147 1634 5224 _macula
1669 5152 1967 5224 carentem,

396 5217 466 5270 ab
495 5216 643 5270 omni
674 5217 790 5271 labe
822 5231 1070 5273 vacuam.
1092 5219 1156 5270 ab
1182 5217 1328 5270 omni
1359 5215 1477 5270 labe
1503 5219 1800 5287 puram,ab
1823 5215 1969 5267 omni

396 5302 553 5339 nva
580 5290 860 5350 mundam,
890 5303 1010 5355 qum
1057 5288 1496 5356 elogia-absolute
1542 5288 1768 5355 prolata,
1807 5295 1863 5339 ut
1907 5300 1967 5339 ea

399 5359 608 5426 profert
641 5358 700 5412 S.
731 5357 1021 5428 Josephus,
1044 5358 1311 5428 maculam
1332 5357 1520 5421 etiam,
1555 5359 1729 5411 labem
1762 5365 1817 5411 et
1848 5371 1958 5410 nce-

400 5442 524 5481 vum
561 5429 762 5498 peccati
790 5429 1070 5498 originalis
1094 5444 1124 5482 a
1167 5427 1223 5481 Β.
1268 5427 1484 5497 Virgine
1513 5429 1786 5498 ablegant.

477 5501 592 5570 (58)
623 5498 679 5554 Si
733 5500 792 5557 Β.
824 5498 986 5568 Virgo
1023 5509 1276 5565 tanquam
1331 5514 1453 5552 rosa
1488 5498 1540 5552 in
1579 5498 1965 5570 mediospina-

400 5568 520 5624 rum
579 5571 742 5639 hujus
773 5571 896 5625 vitae
943 5571 1297 5624 immaculata
1351 5570 1567 5624 iuventa
1603 5585 1708 5624 non
1747 5568 1962 5634 fuisset,

396 5640 452 5696 in
477 5658 539 5696 ea
574 5639 665 5696 Dei
711 5639 882 5697 Filius
917 5656 1014 5710 per
1041 5644 1290 5710 humanae
1322 5640 1504 5696 carnis
1534 5643 1966 5710 assumptionem

396 5726 505 5767 non
545 5709 931 5767 inhabitasset.’
962 5710 1099 5766 Hinc
1142 5709 1399 5767 Nicolaus
1430 5711 1680 5766 Cosanus
1712 5709 1768 5765 S.
1806 5715 1870 5766 ιι.
1902 5713 1964 5766 Ε.

396 5782 692 5838 cardinalis
737 5782 859 5836 libr.
893 5797 944 5836 ν.
985 5783 1173 5836 Exerc.
1208 5781 1276 5836 ad
1315 5781 1403 5835 illa
1453 5781 1612 5835 verba
1643 5801 1656 5835 :
1693 5781 1890 5838 Caelum
1920 5794 1969 5839 et

400 5862 544 5905 terra
573 5851 894 5920 transibunt,
931 5852 1045 5908 haec
1075 5852 1373 5908 litterarum
1423 5854 1789 5909 monumentis
1836 5869 1966 5910 con-

2083 4863 2407 4942 signavitzf
2450 4859 2614 4942 Virgo
2649 4861 2904 4942 gloriosa
2929 4876 3052 4916 cum
3086 4861 3650 4942 essetprzedestinata

2071 4931 2194 4988 ante
2225 4932 2449 4996 saecula,
2474 4941 2532 4984 ut
2563 4949 2625 4985 ex
2654 4931 2768 4999 ipsa
2798 4933 3062 5002 reciperet
3086 4933 3178 4987 Dei
3205 4931 3374 4988 Filius
3401 4942 3650 4988 naturam

2071 5003 2386 5068 humanam,
2427 5013 2482 5056 et
2531 5002 2622 5056 Dei
2653 5003 2828 5057 Filius
2879 5005 3032 5056 lieret
3081 5004 3223 5057 lilius
3285 5003 3546 5067 hominis,
3580 5006 3656 5057 ita

2070 5083 2330 5144 concepta
2366 5083 2469 5132 est.
2507 5085 2565 5144 ut
2593 5073 2816 5144 dignum
2844 5073 2908 5127 ad
2944 5073 3046 5127 hoc
3085 5075 3452 5144 habitaculum
3479 5075 3655 5130 ﬁeret.

2071 5142 2298 5197 Induere
2320 5159 2378 5197 se
2408 5142 2596 5198 debuit
2647 5142 2788 5198 Deus
2847 5143 3185 5213 humanitate
3254 5143 3453 5208 Mariae,
3485 5161 3659 5213 quare

2072 5217 2309 5269 humana
2343 5225 2535 5269 natura
2586 5213 2823 5285 Virginis
2877 5214 3037 5283 digna
3081 5212 3219 5269 facta
3250 5226 3332 5268 est
3374 5215 3442 5267 ab
3474 5212 3653 5271 initio.

2070 5287 2203 5339 {Nam
2252 5286 2351 5339 etsi
2406 5288 2516 5352 ipsa
2543 5295 2806 5352 concepta
2873 5285 2975 5339 fuit
3002 5300 3070 5338 ex
3139 5285 3276 5338 virili
3336 5286 3545 5340 semine
3569 5287 3656 5342 via

2075 5356 2479 5426 propagationis
2524 5357 2590 5409 ab
2637 5358 2832 5420 Adam,
2857 5365 2910 5410 et
2954 5365 3215 5426 quantum
3250 5355 3316 5408 ad
3353 5369 3509 5409 suum
3548 5356 3658 5410 iui-

2075 5425 2211 5482 tium
2258 5426 2489 5508 indiguit
2539 5427 2849 5492 liberatore,
2882 5429 3010 5495 quia
3046 5427 3100 5479 in
3145 5425 3335 5508 Adam,
3367 5426 3471 5479 nisi
3520 5426 3660 5508 lihe-

2073 5506 2262 5553 reutur
2295 5507 2390 5550 aut
2422 5508 2839 5566 prmserventur,
2884 5512 3092 5556 omnes,
3120 5498 3452 5562 moriuntur,
3486 5507 3546 5550 ut
3599 5498 3656 5552 in

2076 5569 2294 5622 Christo
2317 5583 2508 5621 omnes
2541 5567 2922 5630 viviﬁcantur;
2956 5577 3135 5621 tamen
3162 5567 3303 5621 sicut
3325 5567 3506 5622 anima
3531 5568 3652 5636 ejus

2077 5638 2380 5696 rationalis.
2419 5639 2567 5692 nullo
2599 5648 2843 5706 tempore
2876 5638 2995 5700 fuit.
3030 5648 3325 5706 antequam
3358 5649 3503 5694 esset
3532 5655 3657 5694 cor-

2078 5710 2193 5778 pori
2242 5709 2411 5773 unita,
2451 5711 2521 5763 ita
2569 5709 2682 5778 ipsa
2729 5708 2856 5761 dum
2899 5716 3201 5770 crearetur,
3241 5717 3430 5764 sancta
3474 5720 3657 5764 creata

2079 5780 2199 5845 fuit,
2233 5779 2314 5834 sic
2363 5781 2526 5833 etiam
2577 5781 2720 5849 quod
2765 5780 2910 5833 nulla
2967 5779 3257 5834 duratione
3313 5778 3417 5835 ῐυίι
3469 5795 3655 5837 verum

2078 5852 2260 5908 dicere
2292 5849 2563 5922 Virginem
2611 5851 2781 5908 fuisse
2814 5852 2918 5906 sub
2950 5860 3192 5921 peccato.
3233 5869 3251 5902 ι
3289 5849 3380 5907 Sic
3403 5849 3512 5906 ille.
