4098 6322
438 379 574 449 1081

1897 384 2261 451 MARIALE.

3569 387 3707 455 1082

1066 502 1176 576 79
1208 500 1292 557 Ex
1323 502 1535 560 Conone
1568 504 1623 557 in
1654 501 1712 558 S.
1744 502 2003 576 Cyrillum
2042 503 2342 574 epirwprtm
2368 503 2630 573 Calauius,
2672 502 2755 559 die
2788 504 2844 559 ll
2900 504 3059 577 (58‘).

507 618 795 676 Fortitudo
827 632 971 684 mea,
998 618 1143 686 laus,
1176 627 1232 676 et
1255 620 1407 677 salus
1453 636 1573 675 mea
1602 618 1860 677 Christus
1905 627 2011 687 est,
2044 607 2091 662 λ
2188 623 2321 679 Esto
2355 624 2488 679 mihi
2519 625 2899 695 gubernatrix,
2932 642 2965 679 ο
2987 623 3183 694 Virgo,
3216 624 3272 679 in
3301 624 3493 696 pelago
3528 631 3705 680 tenta-

360 786 365 788 τ
435 729 471 771 o
500 714 847 781 castissima;
893 713 987 783 qui
1027 728 1093 767 ex
1135 722 1189 769 te
1230 722 1491 783 tanquam
1532 713 1698 768 homo
1748 722 1910 769 natus
1932 721 2021 770 est

436 806 586 862 circa
616 804 1055 876 corruptionem.
1092 814 1317 875 propter
1350 819 1508 860 suam
1542 804 1773 861 multam
1800 804 2020 861 miseri-

436 897 707 966 cordiam,
735 906 794 954 et
821 896 1003 956 factus
1030 905 1119 953 est
1143 898 1291 968 quod
1315 913 1423 955 non
1452 906 1594 956 erat.

508 991 900 1050 Oimmensam
948 991 1195 1063 mysterii
1245 991 1675 1062 profunditatem
1708 1010 1723 1048 :
1758 990 1907 1049 Deus
1936 993 2020 1048 in-

437 1095 703 1141 carnatur
752 1093 805 1141 et
837 1082 1084 1140 nascitur
1109 1098 1177 1140 ex
1209 1083 1387 1155 puella
1436 1082 1778 1154 incorrupta,
1812 1092 1867 1139 et
1891 1097 2021 1139 cor-

439 1180 748 1250 ruptionem
785 1176 1040 1234 dissolvit
1066 1190 1167 1248 per
1200 1178 1491 1247 passiones
1520 1190 1660 1250 quas
1696 1175 1847 1234 subit
1870 1178 2021 1234 solus

439 1271 618 1326 bonus
644 1278 701 1325 et
728 1276 943 1323 amator
972 1264 1282 1325 hominum.

505 1363 797 1434 Quomodo
824 1360 1066 1419 Verbum
1099 1360 1401 1433 peperisti?
1431 1363 1710 1434 quomodo
1742 1371 1869 1437 post
1894 1377 2023 1435 par-

442 1464 556 1513 tum
590 1455 932 1525 incorrupta,
958 1450 1141 1524 qualis
1166 1459 1294 1509 ante
1326 1452 1534 1522 fueras,
1574 1454 1951 1527 permansisti,
1985 1467 2022 1509 ο

446 1545 611 1618 Virgo
645 1545 1153 1603 immaculatissima
1172 1547 1199 1603 ἲ
1222 1545 1513 1615 Quomodo
1543 1548 1792 1605 omnium
1839 1548 2021 1603 nutri-

440 1648 615 1697 torem
643 1639 854 1708 aluisti,
875 1640 1189 1698 voluntarie
1209 1650 1562 1713 apparentem
1583 1640 1848 1697 infantem
1867 1654 2024 1694 man-

437 1743 653 1791 suetum
696 1749 760 1791 ac
792 1733 1110 1806 placidum?
1147 1737 1190 1791 0
1230 1735 1533 1791 novitatem
1584 1733 1843 1790 miraculi
1897 1731 2019 1799 tui,

438 1825 737 1896 purissima
756 1825 770 1880 ε

508 1916 670 1973 Salva
692 1932 802 1985 me,
824 1933 860 1974 ο
884 1917 1274 1986 mundissima,
1297 1933 1328 1973 a
1349 1916 1694 1989 gravissimis
1719 1915 1981 1987 periculis
2006 1934 2022 1972 :

2126 711 2337 789 tionum
2387 715 2557 787 hujus
2610 717 2737 772 vitae
2787 716 3255 786 periculosissime
3304 714 3610 780 ﬂuctuanti,
3652 722 3708 769 et

2125 806 2301 876 dirige
2326 820 2415 863 me
2441 808 2495 862 in
2525 815 2743 880 portum
2779 807 2998 871 salutis,
3021 818 3075 862 et
3105 806 3257 861 salva
3289 821 3397 863 me.

2196 895 2433 954 Mentem
2479 913 2659 953 meam
2712 898 3074 969 plurimarum
3106 897 3452 970 .‘passionum
3513 897 3707 952 morbo

2125 998 2464 1061 peremptam
2492 989 2728 1055 vivitica,
2760 1006 2795 1045 o
2826 989 3370 1054 immaculatissima;
3392 995 3447 1045 et
3469 987 3539 1043 da
3569 987 3707 1044 mihi

2128 1081 2295 1146 vires,
2326 1090 2388 1137 ut
2416 1081 2526 1137 Deo
2558 1081 2759 1153 placita
2804 1079 3019 1138 efﬁcere
3074 1081 3308 1153 possim,
3360 1088 3421 1137 ut
3460 1079 3708 1150 magniﬁ-

2125 1188 2245 1230 cem
2296 1183 2353 1229 te
2396 1172 2617 1231 fervens
2666 1174 3076 1245 patrocinium,
3117 1182 3173 1228 et
3229 1186 3381 1245 spem
3434 1170 3707 1227 Christia-

2127 1280 2351 1322 norum.

2195 1356 2417 1415 Curasti
2468 1355 2854 1413 contritionem
2909 1355 3041 1412 Ade
3093 1354 3322 1420 terreni,
3373 1355 3506 1410 dum
3541 1353 3710 1409 Deum

2130 1449 2469 1506 Salvatorem
2534 1449 2839 1521 peperisti,
2886 1465 2920 1504 ο
2968 1448 3362 1506 illibatissima.
3442 1444 3709 1500 Eumdem

2126 1558 2292 1599 exora
2338 1557 2442 1613 pro
2488 1541 2772 1597 curatione
2828 1542 3117 1612 plagarum
3157 1541 3356 1597 anima:
3400 1553 3558 1607 meae,
3589 1553 3712 1609 qua:

2127 1634 2421 1691 insanabili
2455 1634 2649 1690 morbo
2684 1635 2915 1690 laborat.

2201 1729 2337 1784 Cum
2369 1727 2534 1783 ferret
2566 1738 2826 1798 tanquam
2856 1741 3050 1784 recens
3073 1735 3261 1781 natum
3286 1724 3551 1781 infantem
3576 1722 3712 1778 Ver—

2129 1820 2259 1877 bum
2307 1822 2452 1893 quod
2484 1829 2570 1877 est
2598 1828 2725 1876 ante
2754 1820 2955 1876 saecula
2980 1858 2999 1885 ,
3034 1820 3345 1875 veneranda
3376 1818 3556 1888 puella
3580 1804 3713 1873 ’stu-

2127 1928 2263 1983 pore
2310 1911 2581 1983 perculsa,
2618 1912 2735 1983 80
2773 1910 2853 1966 sic
2885 1910 3214 1981 loquebatur
3251 1908 3394 1965 :Fili
3442 1908 3540 1975 mi,
3577 1924 3713 1979 quo-

440 2008 591 2079 erige
644 2022 733 2065 me
766 2024 799 2065 a
830 2009 1124 2066 libidinum
1167 1980 1419 2067 mearum
1474 1980 1862 2082 sterquilinio;
1909 2019 1963 2065 et
1994 2025 2028 2067 a
2060 1980 2102 2034 Β
2128 1980 2457 2061 modo—fero
2495 2014 2571 2069 te,
2616 1980 2713 2073 qui
2744 2011 2878 2059 nutu
2929 1980 3182 2060 contines
3231 2001 3532 2057 universa?
3573 2016 3714 2072 quo-

436 2096 775 2168 captivitate,
828 2107 884 2155 et
931 2101 1223 2157 vexatione
1286 2101 1685 2173 pessimorum,
1714 2103 2024 2159 daemonum

440 2186 612 2245 libera
644 2204 753 2258 me,
780 2189 909 2247 dum
933 2199 987 2248 te
1013 2192 1210 2249 devote
1241 2192 1518 2249 collaudo.

454 2280 559 2335 Ἐκ
620 2278 728 2359 τοῦ
779 2283 1041 2359 θιαγόνας
1076 2285 1167 2350 εις
1192 2284 1332 2359 prda-
1393 2283 1599 2359 ἅγιονΔ
1630 2286 2027 2359 ιερομάρτυρα

654 2303 728 2336 ου
779 2303 1041 2349 arar-arar;
1076 2303 1167 2350 εις
1223 2303 1332 2339 τον
1393 2303 1569 2354 αγιον
1630 2303 1812 2355 ιερο·‹

650 2352 980 2409 Βασίλειον
1012 2356 1443 2425 πρεσϐύτερον,
1484 2354 1677 2426 ἡμέρᾳ
1706 2303 1812 2427 κβ.

524 2440 587 2499 ὀ
612 2442 693 2518 τῷ
743 2445 921 2518 [Itath
951 2447 1323 2519 συνυπάρχων
1365 2447 1690 2520 Μονογενὴς
1744 2447 2027 2520 βουληθεὶς

443 2533 737 2607 κατῴκησέ
784 2553 881 2592 σου
911 2537 1012 2609 τὴν
1038 2538 1315 2609 ἄχραντον
1344 2539 1530 2609 νηδὺν,
1560 2540 1656 2595 καὶ
1681 2539 1875 2613 βροτὸς
1902 2542 2025 2610 ἐγέ-

444 2642 591 2694 νετο,
651 2628 815 2702 ἁγνὴ,
854 2628 1030 2686 σῶσαι
1084 2629 1258 2686 θϋων
1316 2631 1445 2696 τοὺς
1499 2630 1729 2705 βροτοὺς
1773 2632 1840 2688 δι’
1885 2634 2027 2703 ἁγα-

442 2717 667 2794 θότητα.

514 2814 797 2887 Γνωρισας
815 2811 1106 2887 πόρρωθεν
1124 2811 1225 2889 τὴν
1251 2812 1350 2887 σὴν
1382 2813 1651 2887 σύλληψιν
1682 2813 1914 2881 Ἡσαΐας
1937 2816 2027 2871 διὰ

443 2907 778 2982 πνεύματος,
810 2908 974 2979 κόρη,
1002 2898 1366 2980 διετράνωσεν
1388 2906 1563 2979 αὐτὴν
1593 2907 1733 2981 βοῶν
1752 2922 1771 2942 °
1811 2908 1941 2964 Ἰδοὺ
1966 2912 2029 2965 ἐν

444 3000 643 3076 γαστρὶ
670 2999 707 3072 ἡ
738 2999 1016 3072 Παρθένιος
1049 2997 1142 3056 τδν
1172 2997 1309 3057 Θεὸν
1339 2998 1703 3075 συλλήψεται.

418 3245 421 3247 Α
533 3179 723 3254 Ὑμνῶ
769 3194 856 3247 σε,
887 3177 1185 3245 Δέσποινα,
1214 3181 1317 3254 τὴν
1357 3179 1779 3255 πολυῦμνητον·
1817 3183 2027 3256 εὐλογῶ

2129 2098 2294 2164 modo
2324 2107 2376 2153 te
2413 2096 2555 2153 lacte
2609 2095 2796 2152 nutrio
2845 2098 3195 2163 nutritorem,
3232 2094 3598 2161 Salvatorem,
3648 2108 3715 2150 ac

2128 2187 2302 2245 Deum
2322 2191 2347 2241 ἰ

2130 2282 2216 2339 Ea:
2262 2299 2466 2338 canone
2491 2282 2547 2337 in
2562 2280 2904 2405 S.Basili:m
2921 2280 3287 2405 gemmarum
3314 2289 3364 2334 et
3398 2287 3707 2351 martyrem,

2846 2368 2892 2405 re
2998 2388 3014 2404 .

2846 2368 2892 2407 ιθ
2921 2368 3014 2405 22.

2197 2445 2548 2518 Unigenitus,
2578 2444 2677 2517 qui
2716 2444 2882 2502 simul
2915 2453 3001 2500 est
3045 2458 3172 2499 cum
3219 2443 3407 2508 Patre,
3468 2442 3714 2497 baoltare

2126 2540 2302 2596 voluit
2335 2538 2657 2594 inviolatum
2711 2546 2929 2592 uterum
2963 2547 3141 2603 tuum,
3178 2550 3212 2590 ο
3239 2543 3427 2603 casta;
3460 2544 3515 2590 et
3549 2534 3725 2588 homo‘

2128 2631 2308 2689 factus
2348 2642 2435 2689 est
2463 2639 2525 2687 nt
2570 2630 2821 2687 homines
2881 2637 3111 2705 propter
3179 2641 3336 2685 suam
3411 2626 3712 2682 bonitatem

2127 2725 2311 2783 salvos
2331 2724 2559 2781 faceret.

2197 2816 2337 2873 Cum
2386 2831 2417 2871 ο
2464 2816 2628 2887 longe
2695 2813 3113 2887 conceptionem
3189 2822 3340 2870 tuam
3392 2812 3579 2870 lsaias.
3614 2827 3713 2882 per

2135 2909 2394 2981 spiritum
2444 2906 2793 2980 agnovisset,
2826 2922 2861 2964 ο
2900 2908 3079 2979 puella
3106 2949 3121 2972 ,
3156 2908 3310 2963 clare
3341 2904 3712 2961 manifestavit

2130 3002 2280 3059 illam
2319 3004 2638 3060 exclamans
2672 3020 2689 3059 :
2726 3002 2864 3059 Ecce
2893 2999 3060 3073 Virgo
3095 2999 3267 3057 Deum
3300 2999 3356 3055 in
3388 3006 3547 3055 utero
3579 3012 3715 3054 con-

2130 3098 2316 3168 cipiet.

2198 3186 2391 3244 Laudo
2419 3194 2493 3249 te,
2528 3183 2783 3251 Domina,
2828 3185 2978 3241 omni
3020 3183 3178 3242 laude
3210 3184 3535 3255 dignissima
3564 3207 3580 3242 :
3615 3198 3711 3241 oe-

446 3290 538 3337 σε,
587 3271 869 3344 Παρθένε,
912 3271 983 3326 δι’
1026 3266 1094 3344 ἧς
1144 3270 1330 3343 βροτοὶ
1375 3272 1580 3338 πάντες
1627 3272 2024 3347 sermonm,

2134 3281 2330 3338 nedico
2362 3289 2436 3345 te,
2471 3275 2653 3349 Virgo,
2685 3293 2783 3349 per
2820 3293 2984 3349 quam
3020 3291 3214 3334 omnes
3259 3276 3513 3333 homines
3541 3277 3711 3332 bene-

444 3365 542 3420 κα“ι
582 3365 684 3435 τῆς
731 3364 984 3437 κατάρας
1051 3362 1271 3437 άληθῶς
1326 3364 1425 3437 τῆς
1488 3365 1725 3439 ἀρχαίας
1788 3368 2029 3441 ἐλυτρώ-

446 3457 647 3528 Θημεν.

516 3547 632 3620 Τὴν
682 3547 962 3622 άνωτέραν
1008 3546 1119 3602 τῶν
1173 3564 1234 3619 χε
1245 3546 1469 3621 ρουσὶμ,
1532 3548 1634 3622 τὴν
1689 3548 2029 3625 ὑψηλοτέραν

445 3638 715 3712 οὐρανῶν,
758 3640 859 3712 τὴν
891 3639 1206 3712 ὑπερτέραν
1246 3641 1350 3713 τῆς
1396 3640 1654 3709 κτίσεως,
1691 3643 1801 3697 τῶν
1847 3644 2030 3714 σοφῶν

446 3732 749 3807 μαρτύρων
788 3733 849 3790 τδ
894 3732 1313 3808 περιτείχισμα,
1366 3736 1469 3806 τὴν
1527 3734 1700 3808 μόνην
1765 3735 2029 3794 Θεοτόκον

444 3827 791 3899 τιμήσωμεν.

528 3916 716 3988 ’Υμνῶ
747 3934 828 3984 σι,
856 3916 1201 3990 standumst,
1232 3916 1301 3989 ἢν
1329 3915 1562 3989 ὑμνοῦσι
1588 3919 1843 3989 στρατιαὶ
1866 3922 2027 3977 imu-

448 4010 650 4085 ρανεων
674 4009 905 4078 τάξεων,
934 4010 1033 4065 καὶ
1058 4010 1301 4066 δυσωπῶ
1329 4026 1415 4077 σε,
1460 4010 1611 4085 πάθη
1658 4028 1764 4085 μου
1795 4013 1894 4085 τῆς
1920 4015 2025 4085 ψυο

444 4104 548 4176 χῆς
585 4104 889 4175 ιάτρευσον,
924 4103 1182 4176 άχραντε,
1232 4102 1333 4158 καὶ
1380 4104 1552 4179 πυρὸς
1596 4104 1818 4160 αἰωνίου
1870 4106 2025 4162 ἐλευ.

447 4196 713 4268 θόρωσον.

444 4300 447 4303 '
517 4287 827 4360 Παρθενίαν
882 4288 1025 4361 μετὰ
1070 4288 1232 4345 τόκον
1286 4287 1658 4362 ἀδιάφθορον,
1739 4291 2025 4363 Παρθένε,

448 4376 812 4446 διαμένουσαν
859 4378 1225 4447 κατανοοῦσα,
1258 4378 1337 4452 τῷ
1369 4382 1435 4437 ὲκ
1466 4382 1560 4437 σοῦ
1590 4383 1838 4455 τεχθέντι
1883 4386 2027 4460 ὑπὲρ

445 4466 575 4523 νοῦν
599 4466 759 4532 ὶσόας
796 4469 1009 4540 Σωτῆρι
1033 4472 1128 4525 καὶ
1151 4471 1294 4544 Θεῷ*
1328 4473 1638 4547 Εὐλογητὸς
1666 4470 1739 4544 si,
1779 4478 1809 4532 ὁ
1839 4477 1975 4544 Θεὸς
1998 4481 2026 4534 ὁ

443 4559 559 4614 τῶν
583 4557 836 4632 πατέρων
864 4561 1045 4632 ἡμῶν.

517 4740 804 4815 Σωτηριαν
841 4739 1148 4814 ἀνθρώπων
1175 4744 1332 4811 γένος
1351 4743 1579 4817 ἠξίωται
1605 4746 1694 4802 διὰ
1737 4746 1855 4814 σοῦ,
1880 4765 2022 4804 παν-

448 4836 584 4907 αγῑα
631 4836 1032 4908 θιοχαριτωτεο
1070 4836 1207 4909 μόνη
1268 4836 1382 4909 γάρ
1445 4840 1579 4910 ἡμῖν
1628 4838 1720 4895 τὸν
1789 4840 2025 4914 Σωτῆρα

447 4929 690 5004 iniqua;
708 4969 724 4995 ,
754 4928 815 4983 ὃν
848 4927 1237 5002 ὐτπερυψοῦμεν
1265 4931 1345 4995 εις
1375 4931 1584 4998 πάντας
1614 4932 1741 4997 τοὺς
1790 4933 2019 5000 αξῶνας.

515 5110 747 5185 ⁴ιυρικτὸς
777 5112 807 5166 ὁ
845 5110 1044 5184 τρόπος
1081 5110 1110 5164 ὁ
1150 5110 1251 5183 τῆς
1307 5108 1524 5182 λοχείας
1570 5126 1662 5166 σου
1686 5127 1702 5145 ·
1742 5110 1874 5178 Θεὸς
1913 5114 2024 5187 γάρ

453 5203 547 5278 ἢν,
603 5204 847 5278 Παρθένε
868 5246 882 5269 ,
929 5202 1235 5276 σαρκωθεὶς
1263 5203 1292 5257 ὁ
1321 5202 1642 5275 τικτόμενος
1665 5243 1682 5269 ,
1717 5203 1777 5258 ὃν
1811 5204 2023 5260 ἱκέτευε

454 5299 688 5367 φρικτῆς
737 5298 1013 5360 κολάσεως
1050 5298 1260 5357 πάντας
1312 5295 1437 5358 τοὺς
1489 5294 1803 5365 άδιστάκτῳ
1840 5295 2024 5350 πίστει

455 5389 727 5457 τιμῶντάς
758 5407 840 5456 σε,
869 5393 1045 5463 μῆτερ
1077 5389 1426 5460 άπειρὸγαμε
1459 5387 1653 5459 σεμνὴ,
1710 5387 2025 5459 ἀπολυτρώ-

453 5475 671 5532 σασθαι.

471 5567 571 5625 Ἐκ
594 5569 702 5625 τοῦ
730 5573 993 5640 κανόνος
1018 5577 1106 5640 εὶς
1138 5573 1248 5646 τὸν
1274 5574 1450 5629 ὅσιον
1470 5574 1702 5645 Πατέρα
1725 5573 1897 5646 ἡμῶν
1922 5574 2027 5629 Νίσ-

981 5660 1162 5707 atura,
1190 5645 1379 5713 ἡμέρᾳ
1409 5645 1520 5715 κγ’.

535 5733 600 5790 Ἠ
635 5732 777 5804 πύλη
802 5735 900 5803 τῆς
927 5735 1067 5807 πρὸς
1106 5736 1253 5806 ἡμᾶς
1282 5753 1399 5805 σου,
1421 5736 1617 5811 Κύριε,
1667 5738 2021 5811 συγκαταϐά-

525 5848 663 5926 (58‘)
692 5848 880 5909 Graeca
919 5848 1302 5909 desiderantur
1325 5850 1380 5907 in
1405 5851 1645 5911 Mentiris.

2132 3374 2262 3433 dicti
2295 3388 2516 3437 sumus,
2569 3380 2736 3443 atque
2765 3372 2836 3427 ab
2869 3371 3096 3443 antiqua
3152 3369 3539 3428 maledictione
3583 3384 3713 3425 vere

2130 3464 2365 3524 liberati.

2204 3560 2594 3616 Sublimiorem
2626 3557 2949 3626 Cherubim,
2980 3557 3338 3613 excelsiorem
3368 3554 3542 3621 caelis,
3568 3553 3709 3609 emi-

2129 3654 2435 3709 nentiorem
2465 3651 2617 3708 omni
2649 3662 2901 3708 creatura
2926 3690 2943 3720 ,
3000 3648 3534 3719 sapientissimorum
3567 3663 3714 3703 mar-

2129 3755 2311 3816 tyrum
2364 3746 2767 3800 munimentum
2817 3755 2884 3799 ac
2914 3741 3139 3810 vallum,
3195 3740 3371 3797 solam
3420 3738 3709 3809 Deiparam

2130 3836 2356 3908 hymnis
2395 3834 2762 3891 ltonoreutus.

2202 3929 2390 3986 Laudo
2437 3941 2531 3994 te,
2566 3944 2599 3985 ο
2637 3942 2853 3985 summe
2907 3924 3236 3992 laudabilis,
3277 3938 3439 3994 qnam
3487 3920 3712 3975 laudant

2129 4021 2277 4079 acies
2308 4021 2616 4078 cmlestium
2649 4018 3028 4082 exercituum;
3058 4024 3113 4071 et
3144 4028 3337 4086 precor
3370 4023 3442 4078 te,
3474 4026 3508 4066 o
3538 4010 3713 4065 invio-

2128 4114 2263 4182 lata,
2299 4126 2360 4171 ut
2386 4114 2583 4169 anima:
2606 4128 2743 4167 meae
2772 4108 3160 4166 aﬁ‘ectionibus
3196 4103 3488 4169 medearis,
3515 4115 3711 4171 meque

2128 4205 2198 4263 ab
2225 4205 2350 4277 igne
2390 4205 2593 4261 liberes
2618 4202 2974 4273 sempiterno.

2197 4299 2336 4354 Cum
2386 4296 2752 4368 virginitatem
2794 4304 2940 4349 tuam
2990 4297 3116 4363 post
3178 4296 3395 4361 partum
3454 4285 3711 4341 incorru-

2128 4399 2279 4461 ptam
2332 4390 2705 4461 permansisse
2756 4399 3163 4459 cognosceres,
3232 4382 3625 4448 cxclamabas,
3677 4396 3712 4438 ο

2129 4481 2316 4556 Virgo,
2358 4482 2628 4540 Salvatori
2660 4496 2724 4537 ac
2751 4479 2884 4545 Deo,
2931 4478 3026 4551 qui
3066 4493 3132 4534 ex
3171 4485 3223 4532 te
3273 4490 3461 4547 supra,
3489 4490 3707 4530 omnem

2129 4575 2330 4633 mentis
2350 4585 2570 4647 captum
2605 4582 2770 4630 natus
2794 4580 2920 4628 est:
2949 4568 3276 4625 Benedictus
3315 4582 3397 4636 es,
3436 4566 3578 4624 Deus
3604 4582 3707 4638 pa-

2058 4668 2102 4723 D
2131 4673 2279 4721 trum
2317 4675 2662 4721 nostrorum.

2202 4757 2307 4814 Per
2347 4766 2402 4815 te
2452 4758 2751 4813 humanum
2784 4770 2956 4828 genus
2999 4753 3175 4827 salute
3220 4752 3447 4823 dignum
3500 4749 3710 4807 factum

2130 4861 2237 4921 est,
2277 4865 2314 4906 ο
2346 4849 2695 4907 sanctissima
2741 4863 2804 4907 ac
2843 4848 2957 4903 Deo
2999 4846 3327 4902 charissima
3361 4862 3376 4899 :
3406 4844 3525 4899 sola
3560 4845 3710 4899 enim

2131 4945 2290 5002 nobis
2329 4941 2670 4999 Salvatorem
2703 4941 2982 5014 peperisti,
3030 4954 3196 5010 quem
3235 4936 3713 5009 superexaltamus

2132 5036 2186 5093 in
2214 5036 2396 5093 omnia
2432 5034 2659 5091 sarcula.

2203 5126 2495 5183 Pavendus
2538 5134 2624 5182 est
2653 5124 2848 5181 modus
2896 5133 3087 5195 partus
3136 5122 3236 5189 tui,
3261 5136 3294 5177 o
3326 5118 3531 5189 Virgo:
3568 5116 3713 5176 Deus

2131 5217 2279 5274 cnim
2318 5218 2643 5273 incarnatus
2692 5232 2757 5270 ex
2810 5225 2861 5278 te
2901 5222 3065 5269 natus
3118 5222 3201 5269 est
3229 5229 3243 5266 :
3275 5226 3438 5281 quem
3479 5209 3711 5280 suppch

2132 5326 2320 5377 exora,
2351 5319 2407 5364 ut
2431 5324 2462 5363 a
2490 5309 2737 5380 pavendo
2763 5306 3033 5378 supplicio
3062 5305 3261 5375 eripiat
3296 5316 3508 5365 clunes,
3534 5300 3628 5370 qui
3658 5310 3713 5356 te

2134 5403 2462 5459 inconcussa
2522 5402 2626 5458 [ide
2695 5410 3052 5466 venerantur,
3099 5414 3134 5454 o
3178 5394 3485 5451 veneranda
3541 5392 3715 5450 Mater

2158 5513 2389 5550 llllllDla.

2158 5513 2267 5550 nun
2373 5535 2389 5550 .

2134 5513 2150 5551 ι
2203 5508 2429 5659 sinis;
2470 5602 2669 5641 canone
2694 5586 2747 5641 in
2781 5584 2841 5642 S.
2882 5584 2949 5640 P.
2988 5582 3061 5639 Ν.
3108 5582 3384 5651 Niconem,
3430 5582 3516 5636 die
3542 5580 3636 5635 2'5.

2201 5747 2366 5807 Porta
2394 5747 2507 5817 im,
2547 5763 2644 5821 per
2693 5761 2859 5820 quam
2907 5744 2975 5803 ad
3008 5761 3131 5816 nos,
3174 5743 3424 5811 Domine,
3476 5739 3708 5797 descen-
