4098 6322
489 446 626 511 1083

1613 449 1676 508 S.
1716 447 2031 508 JOSEPHI
2073 447 2386 508 HYMNOG
2400 450 2633 509 RAPHI

3597 445 3733 514 1084

480 557 629 621 disti,
655 552 1052 624 supernaturali
1081 553 1237 607 modo
1259 550 1443 621 genuit
1470 552 1758 617 orientem,
1786 561 1840 607 et
1861 553 2055 617 solem,

2171 571 2320 618 σεως,
2355 555 2619 626 ἀνατολὴν
2646 559 2738 610 καὶ
2765 555 2916 625 ἥλιον
2951 555 3043 609 xui.
3100 556 3217 626 φῶς
3281 557 3567 626 μυστικῶς
3600 575 3730 627 συγ-

480 657 534 699 et
596 645 771 698 lucem
831 645 1057 713 mystice
1097 644 1439 695 advocatam.
1475 650 1640 709 atque
1692 640 2051 702 accersitam,

481 735 652 792 llr-um
683 735 890 790 scilicet
945 744 995 789 et
1063 734 1359 800 hominem,
1409 745 1601 788 natura
1661 733 1862 806 duplici
1914 747 2055 799 prae—

481 830 671 884 ditum.

557 923 856 992 Martyrum
881 928 1059 977 coetus
1091 918 1424 974 occisionem
1467 927 1637 981 tuam,
1661 915 1908 981 Domine,
1935 917 2058 972 imi-

481 1023 632 1071 tatus
653 1025 737 1069 est
782 1025 946 1084 atque
997 1012 1048 1066 in
1081 1028 1139 1066 se
1166 1012 1458 1079 expressit,
1488 1025 1612 1064 cum
1659 1014 1972 1080 agnovisset
2008 1021 2060 1066 te

484 1123 549 1162 ex
585 1105 806 1176 Virgine
837 1107 1066 1173 innupta
1105 1113 1355 1157 exortum
1381 1118 1525 1158 esse.

559 1199 840 1269 Tanquam
902 1200 1049 1252 omni
1101 1206 1352 1253 creatura
1416 1197 1782 1266 superiorem,
1836 1196 2062 1251 Greater

486 1292 675 1347 dilexit
702 1300 774 1355 te,
809 1307 842 1345 o
864 1290 1029 1361 Virgo
1054 1302 1246 1354 mater,
1287 1289 1494 1347 faciens
1527 1300 1576 1345 te
1597 1291 1826 1345 Matrem
1862 1304 2056 1355 suam;

485 1401 652 1456 quam
711 1385 876 1438 etiam
945 1385 1308 1454 deprecantur
1352 1393 1654 1454 martyrum
1710 1383 1885 1437 turba:
1934 1397 2059 1436 cum

486 1473 635 1526 «ιιιιηί
665 1473 868 1526 honore
893 1487 956 1528 ac
982 1472 1350 1527 veneratione.

559 1564 760 1621 Lucem
793 1566 937 1620 illam
961 1545 1084 1621 sine
1113 1575 1375 1635 tempore,
1401 1581 1522 1634 qua:
1550 1574 1635 1620 est
1672 1566 1932 1636 splendor
1957 1565 2059 1621 Pa-

487 1658 614 1724 tris,
643 1659 900 1728 genuisti,
929 1674 962 1713 o
992 1657 1522 1722 immaculatissima,
1560 1655 1757 1712 factam
1794 1659 1897 1713 sub
1927 1667 2064 1713 tem-

491 1765 640 1820 p-ire,
678 1758 900 1820 propter
926 1751 1145 1805 divitias
1178 1749 1440 1804 bonitatis
1467 1764 1601 1805 sua.

560 1839 846 1911 Templum
878 1850 932 1896 et
961 1842 1224 1912 palatium
1268 1841 1364 1896 Del
1407 1843 1709 1897 animatum
1759 1858 2065 1914 agnoscens

2163 647 2494 718 καλούμενον
2525 647 2820 719 ὑπερφυῶς
2845 647 3167 719 γεγέννηκε,
3193 647 3416 702 διπλοῦν
3448 649 3548 722 τὴν
3571 650 3736 720 φύσιν

2161 740 2255 793 τὸν
2282 739 2664 810 Θεάνθρωπον.

2236 916 2546 987 Μαρτὺρων
2583 917 2754 988 δῆμος
2803 915 2904 987 τὴν
2933 915 3033 986 σὴν
3074 913 3464 972 ἀπεικονῐσατο
3499 919 3741 988 σφαγὴν,

2165 1013 2434 1076 Δέσποτα,
2458 1009 2785 1078 ἐπεγνωκὼς
2814 1012 2979 1082 κόρης
3022 1027 3081 1062 σε
3112 1011 3173 1079 ἐξ
3205 1012 3586 1084 ἀπειρογάμου
3619 1013 3746 1084 βλα-

2169 1105 2465 1174 στήσαντα.

2247 1197 2336 1260 Ὧς
2362 1196 2710 1268 ὑπάρχουσαν
2736 1196 2838 1267 τῆς
2873 1196 3106 1260 κτίσεως
3128 1198 3406 1269 ἀνωτέραν
3439 1200 3468 1252 ὁ
3507 1199 3744 1271 Ποιητής

2168 1289 2425 1360 ὴγάπησέ
2447 1306 2528 1351 σε,
2549 1288 2999 1360 Παρθενομῆτορ,
3023 1288 3206 1354 δείξας
3228 1307 3285 1343 σε
3315 1290 3528 1362 μητέρα
3551 1289 3739 1353 αὑτοῦ.

2169 1385 2234 1455 ἣν
2267 1383 2360 1437 καὶ
2404 1381 2743 1436 λιτανεύουσι
2782 1382 2948 1452 δῆμοι
2992 1382 3245 1453 ἀθλητῶν
3297 1381 3741 1452 εὑπρεπέστατα.

2247 1560 2365 1624 Φῶς
2426 1560 2653 1628 ἄχρονον
2709 1559 2842 1629 ἡμῖν
2887 1557 2982 1612 τοῦ
3035 1559 3246 1629 Πατρὸς
3304 1558 3364 1612 τδ
3407 1556 3743 1629 ἐπαὺγασμα

2171 1654 2486 1724 ἐγέννησας,
2526 1652 2630 1706 ὑπὸ
2658 1651 2851 1723 χρόνον
2889 1651 3228 1723 ἀγαθότητος
3263 1650 3479 1723 πλούτῳ
3511 1652 3739 1722 γενόμε-

2171 1769 2280 1818 νον,
2314 1749 2644 1819 πανάμωμε.

2242 1844 2388 1898 Ναόν
2416 1861 2474 1897 σε
2502 1842 2595 1896 τοῦ
2614 1842 2749 1897 Θεοῦ
2775 1844 2870 1898 καὶ
2903 1840 3166 1897 παλάτιον
3189 1839 3430 1911 ἔμψυχον
3453 1838 3561 1893 τῶν
3582 1839 3735 1893 ἀθλο-

489 1941 545 1988 te
585 1943 886 2006 martyrum
919 1935 1373 2005 triumphantium
1431 1937 1660 1999 chorus,
1707 1946 1762 1990 te
1813 1936 2063 1998 Domina,

2172 1940 2354 2008 φόρων
2409 1937 2600 2009 χορεία
2651 1935 2970 2005 ἐπιγνοῦσα,
3014 1934 3308 1998 Δέσποινα,
3369 1932 3642 1988 λιτανεὺει
3678 1949 3736 1986 σε

491 2027 840 2097 deprecatur,
881 2044 1003 2098 quae
1052 2029 1166 2084 sola
1208 2028 1500 2086 mulierum
1542 2030 1897 2100 opprobrium
1941 2030 2069 2085 abs-

493 2117 688 2173 tulisti.
1645 2127 1649 2130 '

571 2207 804 2266 Verbum
833 2208 1034 2278 Patris,
1075 2212 1282 2282 absque
1314 2212 1422 2267 ulla
1451 2212 1782 2283 virginitatis
1812 2223 1918 2269 tuae
1945 2228 2069 2268 cor-

491 2302 767 2372 ruptione,
809 2302 864 2357 in
922 2311 976 2357 te
1029 2305 1328 2370 habitavit;
1360 2317 1414 2360 et
1463 2305 1883 2362 celeberrimum
1920 2319 2069 2358 mar-

492 2403 672 2463 tyrum
707 2395 939 2452 chorum
964 2398 1207 2463 attraxit,
1245 2407 1296 2453 te
1340 2397 1630 2470 Deiparam
1662 2408 1892 2467 castam,
1925 2413 2067 2471 prae-

491 2486 784 2542 dicantem.

564 2579 862 2648 Perrumpe
913 2580 1129 2650 pondus
1167 2598 1329 2651 grave
1380 2584 1648 2640 malorum
1705 2603 1979 2656 meorum,
2035 2608 2068 2647 ο

496 2681 605 2726 tnta
641 2677 790 2727 casta
839 2683 1002 2742 atque
1045 2673 1326 2738 inviolata,
1385 2684 1439 2728 et
1480 2677 1628 2730 omni
1660 2677 1818 2733 laude
1863 2683 2070 2751 dignis-

492 2777 651 2829 sum,
680 2781 802 2836 quae
832 2777 987 2834 partu
1032 2777 1122 2822 tuo
1174 2768 1303 2824 Δότε
1331 2769 1544 2839 lapsum
1575 2776 1843 2843 reparasti
1871 2794 1885 2842 ;
1919 2786 1971 2831 et
2005 2778 2072 2832 il-

490 2855 697 2912 lumina
730 2874 835 2925 me,
864 2869 921 2913 ut
952 2861 1192 2916 clamare
1220 2864 1424 2931 possim
1459 2872 1640 2920 mente
1690 2882 1860 2937 pura:
1896 2868 2070 2926 Bene-

491 2945 678 3011 dicite,
704 2949 888 3003 omnia
921 2964 1113 3019 opera,
1145 2951 1454 3006 Dominum.

561 3038 724 3094 Lucis
747 3040 1118 3097 habitaculum
1153 3043 1296 3100 faeta
1329 3061 1412 3109 es,
1459 3046 1606 3101 illius
1637 3049 1959 3122 scilicetqul
2000 3067 2068 3107 ex

493 3142 546 3185 te
591 3146 809 3204 propter
838 3151 940 3191 nos
966 3147 1127 3191 natus
1156 3147 1270 3206 est;
1309 3156 1468 3210 quem
1507 3142 1628 3198 sine
1658 3146 2069 3203 intermissione

2171 2031 2268 2104 τὴν
2295 2031 2462 2103 μόνην
2494 2029 2771 2100 γυναικῶν
2799 2028 3086 2102 ἀραμένην
3122 2027 3185 2083 τὸ
3212 2027 3434 2090 ὄνειδος.

2240 2213 2333 2283 Μὴ
2364 2211 2684 2284 διαφθείρας
2713 2213 2815 2282 τὴν
2841 2209 3143 2283 παρθενίαν
3160 2210 3297 2272 ὅλως
3317 2207 3418 2279 τὴν
3449 2208 3550 2282 σὴν
3572 2211 3749 2279 Λόγος

2171 2304 2266 2358 τοῦ
2331 2304 2564 2376 Πατρδς,
2618 2303 2930 2374 ἐσκήνωσεν
2972 2303 3066 2355 ἐπὶ
3118 2301 3241 2364 σοὶ,
3296 2301 3393 2354 καὶ
3453 2301 3754 2373 μαρτύρων

2175 2398 2528 2453 ἐπεσπάσατο
2573 2396 2733 2470 χορὸν
2757 2395 3025 2467 ἀοίδιμον,
3056 2394 3322 2450 Θεοτόκον
3350 2396 3524 2468 ἁγνήν
3552 2413 3613 2450 σε
3645 2414 3743 2468 κη-

2175 2491 2460 2563 ρὺττοντα.

2255 2583 2448 2656 Ῥἧξον
2466 2583 2574 2636 τῶν
2606 2584 2794 2650 κακῶν
2822 2601 2924 2654 μου
2954 2584 3013 2640 τὺ
3040 2585 3107 2656 βα
3118 2584 3182 2658 pii
3207 2585 3450 2658 φορτίον,
3481 2585 3747 2655 πάναγνε,

2172 2681 2205 2748 ὴ
2261 2677 2622 2749 ἀνορθώσασα
2671 2676 2846 2750 Ἀδὰμ
2887 2678 2990 2752 τὴν
3044 2678 3342 2744 ἔκπτωσιν,
3373 2678 3632 2750 ἄχραντε,
3680 2681 3748 2749 τῇ

2173 2774 2368 2841 κυήσει
2394 2789 2510 2836 σου,
2544 2771 2890 2844 πανὺμνητε,
2923 2773 3019 2828 καὶ
3069 2771 3483 2845 φωταγώγησον
3534 2771 3666 2847 βοᾷν
3691 2775 3752 2830 ὲν

2173 2866 2398 2938 καθαρῷ
2431 2866 2678 2941 λογισμῷ
2699 2882 2714 2898 °
2773 2869 3082 2938 Εὑλογεῖτε,
3138 2869 3314 2923 πάντα
3347 2871 3418 2923 τὰ
3471 2870 3629 2940 ἔργα,
3657 2870 3750 2923 τὸν

2173 2961 2401 3034 Κύριον.

2242 3056 2422 3120 Φωτὸς
2449 3056 2765 3126 οἰκητήριον
2791 3053 2976 3125 ὤφθης
3005 3052 3100 3108 τοῦ
3135 3055 3201 3109 δι’
3229 3056 3380 3133 ἡμᾶς
3423 3055 3487 3110 ἐκ
3522 3053 3616 3109 σοῦ
3651 3072 3742 3109 τε·

2175 3148 2413 3218 χθέντος,
2445 3147 2504 3200 ὃν
2533 3146 2890 3210 ἀδιαλείπτως
2910 3145 3152 3201 ausam
3184 3152 3596 3220 φωταγωγῆσαι
3617 3149 3746 3212 τοὺς

491 3225 786 3296 deprecare
821 3239 878 3281 ut
905 3230 1107 3285 lumine
1143 3245 1246 3285 suo
1293 3234 1586 3303 perfundat
1629 3252 1746 3303 eos,
1801 3239 1894 3309 qui
1935 3249 2004 3306 te,
2037 3258 2064 3297 ο

2176 3240 2550 3314 ἀνυμνοῦντάς
2590 3257 2668 3307 σε,
2725 3239 2820 3294 καὶ
2848 3240 3133 3309 Θεοτὸκον,
3184 3243 3431 3317 πάναγνε
3473 3242 3750 3317 Παρθενο-

491 3318 803 3374 castissima
863 3318 1022 3392 Virgo
1059 3319 1262 3389 Mater,
1295 3324 1609 3383 collaudant
1671 3345 1736 3384 ac
1784 3329 2070 3402 Deiparam

497 3412 849 3469 conﬁtentur.

502 3505 613 3576 82
666 3505 749 3561 Ea:
798 3524 998 3562 canone
1042 3509 1095 3563 in
1128 3508 1385 3586 Synariin
1447 3514 1751 3586 archangeli
1787 3515 2070 3582 Gabrielia,

1176 3581 1260 3635 die
1290 3583 1378 3638 26.

566 3687 760 3743 Statim
792 3700 956 3760 atque
986 3689 1204 3748 Gabriel
1235 3695 1369 3750 vidit
1408 3707 1459 3753 te
1492 3710 1700 3756 castam
1753 3703 1904 3758 omni
1949 3704 2073 3761 labe

491 3792 787 3850 carentem,
818 3785 1016 3840 illustri
1056 3802 1187 3855 voce
1231 3790 1564 3845 exclamavit
1642 3811 1774 3862 uve,
1814 3797 2070 3862 Domina,

491 3875 714 3932 thalami
749 3879 954 3944 nescia,
1008 3880 1290 3935 hominum
1323 3883 1492 3950 salus,
1522 3888 1836 3959 angelorum
1869 3891 2070 3963 gloria-

493 3967 569 4021 tio
596 3979 649 4023 et
677 3983 952 4026 venustas.

565 4059 878 4128 Agnoscens
905 4065 1122 4120 Gabriel
1144 4069 1466 4138 mysterium
1497 4071 1627 4125 olim
1659 4073 2068 4142 absconditum,

495 4152 559 4201 ad
602 4162 652 4205 te
681 4152 1030 4216 clamabat,0
1079 4159 1255 4225 puella
1303 4177 1317 4212 :
1377 4163 1512 4229 Ave,
1551 4162 1643 4217 Dei
1695 4166 1976 4234 palatium,
2016 4168 2068 4224 in

491 4256 600 4310 quo
633 4244 965 4312 inhabitans,
985 4263 1177 4304 omnes
1205 4251 1478 4317 homines,
1504 4263 1692 4311 utnote
1727 4259 2069 4329 misericors,

489 4335 785 4391 deilicabit.

558 4428 693 4483 Cum
721 4443 769 4483 te
791 4439 959 4485 totam
983 4448 1011 4484 a
1040 4433 1246 4504 Spiritui
1277 4448 1470 4492 saneto
1496 4441 1859 4499 castiﬁeatam
1895 4447 2070 4505 vidis-

491 4535 570 4579 set
597 4523 841 4588 Gabriel,
873 4543 905 4578 ο
949 4527 1479 4598 immaculatissima,
1529 4536 1857 4593 exclamavit
1896 4543 1962 4596 ad
2007 4553 2062 4598 te

2178 3334 2373 3406 μῆτορ,
2415 3332 2910 3401 καταγγέλλοντας.

2189 3515 2288 3569 Ἐκ
2320 3513 2426 3569 τοῦ
2462 3516 2719 3578 κανόνος
2761 3515 2848 3579 εις
2874 3511 2990 3585 τὴν
3013 3513 3277 3577 (rural-Iw
3297 3513 3404 3567 τοῦ
3429 3514 3751 3585 ἀρχιστρα-

2527 3585 2712 3654 τήγου
2741 3583 3030 3653 Γαϐριὴλ,
3063 3585 3256 3653 ἡμέρᾳ,
3283 3590 3400 3649 σις’.

2254 3696 2454 3767 Ἀγνήν
2483 3712 2540 3748 σε
2588 3694 2931 3765 πανάμωμον
2966 3697 2994 3749 ὁ
3038 3694 3282 3767 Γαόριὴλ
3310 3696 3386 3761 ὡς
3418 3695 3651 3768 ἑώρακε,
3693 3696 3754 3750 τὸ

2173 3790 2368 3860 Χαῖρε,
2405 3787 2511 3852 σοὶ,
2566 3785 2854 3849 Δέσποινα,
2901 3783 3174 3856 λαμπρῶς
3217 3785 3467 3855 ἐϐόησεν,
3528 3786 3754 3855 ἀπειρό-

2171 3898 2339 3953 γαμε,
2380 3877 2587 3952 βροτῶν
2611 3881 2644 3949 ἡ
2683 3876 2946 3946 σωτηρία,
2976 3876 3225 3945 ἀγγέλων
3255 3875 3316 3928 τὸ
3346 3877 3613 3949 καύχημα
3654 3879 3751 3933 καὶ

2173 3993 2231 4028 σε
2240 3975 2473 4047 μνολόγη
2483 3989 2579 4043 μα.

2241 4064 2528 4135 Γνωρίζων
2548 4063 2606 4115 τὸ
2632 4060 2798 4115 πάλαι
2818 4061 3202 4130 κεκρυμμένον
3238 4062 3563 4133 μυστήριον,
3589 4065 3753 4136 κόρη,

2172 4163 2256 4217 σοι
2281 4179 2411 4214 ποτε
2432 4162 2459 4213 ὁ
2493 4155 2732 4226 Γαϐριὴλ
2765 4153 3077 4225 ὲκραύγασε
3105 4171 3119 4184 ·
3165 4154 3360 4226 Χαῖρε,
3395 4155 3532 4209 Θεοῦ
3571 4158 3752 4212 παλά-

2168 4272 2304 4318 τιον,
2325 4257 2382 4307 ὲν
2416 4246 2461 4321 ᾦ
2485 4250 2715 4322 οἰκήσας
2743 4247 2990 4310 ἅπαντας
3019 4245 3247 4317 βροτοὺς
3279 4246 3476 4302 θεώσει
3519 4249 3598 4314 ὡς
3659 4249 3754 4304 εὔ-

2172 4349 2502 4417 σπλαγχνος.

2242 4441 2411 4509 Ὅλην
2463 4456 2523 4491 σε
2567 4435 2646 4509 τῷ
2683 4433 2963 4505 Πνεὺματι
3005 4434 3033 4485 ὁ
3062 4432 3306 4505 Γαϐριὴλ
3354 4436 3755 4504 περιηγνισμέ-

2169 4553 2288 4606 νην,
2337 4534 2670 4603 πανᾶμωμε,
2707 4531 3055 4600 κατανοήσας
3102 4529 3269 4600 ὲκῦοᾷ
3322 4546 3404 4582 σοι
3455 4531 3751 4600 ἐμφανῶςο

489 4617 651 4671 claris
682 4618 904 4673 vocibus
938 4636 950 4672 :
987 4620 1122 4685 Ave,
1153 4623 1456 4693 redemptio
1487 4641 1518 4680 a
1554 4628 1941 4689 maledictione
2007 4647 2063 4692 et

2171 4632 2362 4700 Χαῖρε,
2395 4627 2531 4697 ἀρᾶς
2562 4623 2908 4697 ήλὺτρωσις,
2945 4624 3040 4675 καὶ
3073 4621 3185 4674 τῶν
3209 4623 3590 4694 πρωπατόρων
3621 4624 3752 4677 ἀνά-

489 4709 787 4777 primorum
812 4719 1096 4778 parentum
1136 4717 1434 4770 revocatio.

558 4797 693 4852 Cum
723 4801 982 4868 templum
1011 4804 1460 4861 sanctiﬁcationis
1492 4822 1667 4877 esses,
1698 4826 1731 4867 ο
1763 4813 2062 4870 intemera-

491 4893 725 4949 tissima.
775 4907 870 4960 per
909 4909 1093 4947 vocem
1156 4894 1427 4954 Gabrielis
1459 4903 1772 4973 archangeli
1805 4910 2063 4979 concepi-

488 4984 556 5038 sti
575 4999 719 5046 eum,
743 4985 835 5053 qui
869 4987 1160 5055 requiescit
1185 4990 1237 5044 in
1263 4994 1467 5047 sanctis
1489 4995 1626 5066 suis,
1649 5001 2059 5058 sanctissimum

487 5073 679 5138 Deum,
714 5077 803 5144 qui
836 5078 1118 5131 universos
1151 5083 1454 5138 sanctiﬁcat
1499 5101 1564 5142 ac
1596 5089 1845 5146 liberata
1881 5094 2061 5149 malis.

559 5167 764 5222 Divinis
785 5167 1054 5225 Gabrielis
1088 5174 1269 5228 verbis
1311 5177 1578 5234 obediens
1613 5180 1786 5246 fuisti,
1823 5200 1855 5236 ο
1887 5196 2061 5252 casta,

486 5270 539 5314 ct
570 5259 804 5315 Verbum
833 5273 1092 5316 aeternum
1142 5265 1194 5318 in
1219 5283 1383 5323 carne
1417 5274 1702 5342 perpcristi
1732 5277 1876 5344 quod
1909 5294 2065 5332 umn-

486 5353 613 5406 dum
655 5353 722 5404 ab
751 5353 1164 5407 irrationalitate
1189 5357 1458 5417 liberavit.

559 5446 756 5500 Missus
791 5455 871 5500 est
902 5449 1157 5520 princeps
1201 5456 1407 5512 militize
1450 5460 1689 5516 cmlestis
1723 5463 1967 5528 Gabriel,
2001 5475 2062 5521 ut

486 5539 583 5592 tibi
637 5539 890 5607 gaudium
943 5545 1320 5614 ammntiaret,
1360 5569 1392 5602 n
1432 5567 1578 5607 easta
1649 5555 1811 5625 Virgo
1863 5557 2054 5624 Mater,

490 5651 582 5699 per
610 5649 772 5704 quam
799 5651 923 5688 vere
950 5637 1166 5693 tristitia
1195 5645 1452 5709 cessavit,
1495 5659 1545 5702 et
1593 5652 1905 5706 maledictio
1951 5664 2063 5709 ste-

493 5727 606 5779 rilis
655 5725 794 5780 facta
849 5738 950 5792 est,
993 5746 1057 5783 ac
1111 5731 1293 5789 ﬂoruit
1344 5738 1651 5798 benedictio
1704 5747 1954 5804 fidelibus
2009 5753 2062 5802 in

491 5816 710 5869 secula.

570 5907 847 5978 1“Nimim
888 5920 1185 5984 l"-"’lntl"m
1237 5927 1397 5997 ηυξ-ξς
1454 5931 1732 5983 thronum.
1801 5941 2060 6001 tanquam

2172 4726 2271 4792 κλη
2281 4739 2384 4783 σις.

2244 4816 2388 4879 Nato;
2435 4811 2776 4882 ἀγιάσματος
2831 4808 3173 4878 ὑπάρχουσα,
3217 4808 3548 4879 πανάμωμε,
3592 4808 3743 4878 φωνῇ

2172 4909 2411 4980 Γαϐριὴλ
2440 4905 2534 4959 τοῦ
2569 4903 2934 4976 ἀρχαγγέλου,
2958 4901 3052 4954 τὸν
3081 4903 3138 4953 ὲν
3183 4901 3358 4968 ἁγίοις
3395 4901 3751 4970 ἀναπαυόμει

2172 5023 2261 5058 νον
2293 5006 2519 5063 τέτοκας
2543 4999 2823 5067 ’πανάγιον
2854 4997 3011 5064 Θεὸν,
3051 4998 3261 5060 πάντας
3317 4997 3619 5067 ἁγιάζοντα
3659 4997 3754 5051 καὶ

2171 5093 2360 5150 δεινῶν
2395 5090 2798 5161 ἐξαιρούμενον.

2251 5186 2542 5257 Ῥημάτων
2603 5183 2766 5235 θείων
2811 5181 3073 5247 ὑπήκοος,
3139 5179 3298 5247 ἁγνὴ,
3357 5179 3450 5232 τοὺ
3511 5178 3756 5250 Γαϐριὴλ

2172 5282 2569 5351 ἐχρημάτισας,
2602 5276 2811 5330 καὶτὸν
2843 5275 3192 5344 προάναρχον
3219 5272 3394 5338 Λόγον
3431 5274 3596 5344 σαρκὶ
3617 5274 3758 5326 ἀπε-

2173 5375 2406 5442 κύησας,
2442 5373 2540 5439 τῆς
2572 5369 2797 5435 ἀλογίας
2833 5373 3037 5438 κόσμον
3062 5365 3569 5435 ἀπολυτροὺμενον,

2255 5467 2559 5535 Ἀπεστάλη
2596 5463 2838 5534 Γαϐριὴλ
2870 5464 2898 5514 ὁ
2929 5459 3369 5531 ἀρχιστράτηγος
3417 5461 3596 5530 χαρὰν
3643 5477 3755 5530 μη-

2172 5563 2313 5622 νὺων
2351 5577 2449 5621 σοι,
2479 5558 2909 5630 Παρθενομῆτορ
2955 5555 3118 5624 ἁγνὴ,
3153 5553 3221 5605 δι’
3259 5548 3326 5625 ἧς
3356 5553 3498 5625 λύπη
3535 5555 3756 5607 πέπαυ-

2171 5675 2284 5720 ται,
2317 5655 2409 5708 καὶ
2438 5655 2469 5724 ἡ
2502 5653 2609 5723 ἀρὰ
2654 5649 2870 5718 ἀληθῶς
2919 5648 3340 5718 ἀπεστείρωται,
3392 5653 3484 5702 καὶ
3527 5648 3753 5715 εὐλογία

2173 5753 2372 5824 ἧνθησε
2404 5750 2514 5809 τοῖς
2548 5748 2758 5807 πιστοῖς
2785 5746 2863 5807 εἰς
2897 5745 3020 5806 τοὺς
3047 5743 3269 5806 αἰῶνας,

2258 5934 2344 5996 Ὡς
2386 5928 2574 5997 egrier
2625 5927 2716 5983 τον
2774 5925 3144 5998 πνευματικὸν
3189 5925 3281 5979 τοῦ
3339 5926 3624 5996 βασιλέως,
3674 5923 3755 5990 ὡς
