4098 6322
395 411 532 477 108⁸1

1520 418 1581 479 5ο
1619 416 1936 480 ῙΟΞΕΡΗΙ
1975 415 2538 480 HYMNOGRAPHI

3501 414 3642 484 1038

392 523 600 585 uitatis,
626 532 678 576 et
704 523 960 593 peperisti
984 525 1103 581 sine
1130 525 1342 581 semine
1376 524 1584 583 fontem
1619 527 1746 582 vitae
1775 526 1959 598 Domi-

2093 526 2300 583 εκοῦσα
2325 528 2584 597 ἀσπόρως
2620 527 2806 599 πηγὴν
2837 527 2984 600 ζωῆς
3009 528 3101 582 τὸν
3137 526 3361 598 Κύριον,
3412 543 3641 598 κεχαρι-

391 628 546 677 num,
576 629 610 667 ο
636 612 884 680 Deipara,
903 617 1082 683 gratia
1113 619 1296 687 plena,
1321 618 1474 675 salva
1511 619 1580 675 ab
1602 619 1752 675 omni
1788 629 1965 691 parte,

392 705 807 773 magniﬁcentiae
838 716 909 762 te.

463 793 571 851 Nos
597 796 689 866 qui
723 806 870 852 tuam
902 799 1296 869 protectionem
1321 801 1688 872 possidemus,
1713 817 1748 857 ο
1773 804 1970 857 imma-

393 887 596 952 culata,
625 898 681 941 et
711 892 823 945 tuis
855 890 1346 948 intercessionibus
1379 907 1411 948 ιι
1451 893 1613 948 malis
1642 893 1966 960 liberamur,

394 994 427 1033 ιι
457 994 620 1035 cruce
647 979 769 1036 Filii
797 981 874 1035 tui
898 983 953 1036 in
991 983 1249 1039 omnibus
1295 982 1573 1052 eustoditi,
1599 985 1724 1054 jure
1761 994 1813 1042 te
1845 1001 1970 1040 om-

395 1087 495 1126 nes
521 1071 774 1142 religiose
805 1075 1241 1146 magniﬁcamus.

469 1184 626 1242 Mons
653 1187 764 1254 ille,
818 1203 978 1258 quem
1025 1190 1287 1261 prepheta
1345 1190 1534 1248 Daniel
1584 1195 1830 1257 v1dit,ex
1859 1209 1970 1266 quo

397 1275 534 1346 lapis
564 1277 819 1334 Christus
845 1279 1127 1337 abscissus
1169 1293 1254 1337 est
1282 1286 1403 1339 sine
1444 1299 1635 1351 manu,
1675 1296 1971 1343 conterens

399 1369 564 1435 idola,
594 1381 648 1424 et
668 1382 916 1427 evertens
935 1373 1243 1429 daemonum
1263 1374 1486 1443 fastum,
1523 1387 1580 1434 tu
1609 1394 1690 1445 es,
1718 1394 1751 1435 o
1779 1378 1967 1451 Virgo,

397 1469 684 1531 propterea
718 1472 770 1518 te
807 1463 1197 1532 glorificamus.

466 1574 760 1632 Admirans
789 1579 1138 1634 sanctissima
1169 1595 1315 1647 eum,
1341 1582 1434 1653 qui
1474 1599 1541 1640 ex
1573 1599 1632 1639 se
1663 1593 1825 1640 natus
1849 1593 1969 1640 erat

400 1664 763 1736 ineﬂ'abiliter,
793 1681 998 1726 terrore
1027 1676 1462 1739 concutiebatur,
1480 1686 1533 1732 et
1569 1676 1968 1746 magttilicabat,

401 1766 457 1812 et
503 1760 799 1825 clamabat,
831 1762 1119 1829 Quomodo
1169 1766 1223 1819 in
1271 1767 1416 1822 ulnis
1450 1768 1586 1824 meis
1637 1768 1969 1839 complector

403 1857 476 1914 te,
507 1848 630 1916 Fili,
664 1855 919 1910 universa
949 1857 1422 1928 complectentem.

474 1963 739 2022 Palatium
774 1967 1201 2040 Deiapparuisti,
1235 1970 1486 2038 Domina,
1509 1974 1755 2029 omnium
1781 1990 1977 2044 regna-

404 2057 561 2121 toris,
594 2074 755 2129 quem
784 2062 1097 2131 deprecare,
1135 2072 1195 2118 ut
1247 2081 1335 2121 me
1384 2066 1652 2121 malorum
1702 2067 1977 2122 latronum

402 2146 763 2203 diversorium
800 2151 1002 2208 factum
1048 2169 1333 2226 expurget,
1371 2163 1426 2210 et
1457 2157 1631 2212 salvet
1655 2172 1761 2224 me,
1805 2171 1838 2212 0
1870 2156 1977 2212 im-

405 2243 699 2297 maculata.

477 2355 799 2429 Segnilicm,
831 2376 955 2431 qum
984 2368 1067 2418 est
1123 2362 1176 2418 in
1210 2379 1316 2428 me,
1354 2366 1608 2432 Domina,
1659 2375 1714 2422 et
1749 2382 1978 2423 somno-

405 2447 628 2503 lcntiam
693 2465 912 2520 gravem
959 2451 1313 2523 vigilantibus
1371 2458 1480 2513 tuis
1534 2469 1591 2513 et
1655 2459 1978 2514 venerandis

405 2539 663 2610 precibus
704 2542 847 2611 apud
885 2541 1072 2612 Deum,
1105 2545 1473 2611 immaculata.
1527 2549 1757 2618 expelle,
1789 2557 1844 2603 et
1869 2550 1976 2604 mi-

407 2645 589 2686 serere
618 2633 746 2696 mei,
778 2634 870 2704 qui
895 2650 1034 2692 cano
1070 2654 1084 2692 :
1134 2637 1242 2708 85
1269 2639 1580 2696 Laudabilis
1608 2651 1662 2696 et
1694 2641 1976 2714 superglo-

407 2723 591 2778 riosus
619 2722 760 2780 Deus
787 2735 1003 2796 patrum
1034 2741 1374 2785 nostrorum.

478 2835 780 2893 Contritam
818 2839 1100 2896 hominum
1125 2852 1378 2898 naturam
1413 2845 1636 2915 antiqua
1674 2855 1981 2917 transgres-

406 2929 583 2996 sione,
620 2929 935 2988 reformasti
991 2949 1159 3005 super
1209 2944 1484 3001 naturam,
1524 2947 1578 2991 et
1632 2937 1918 3005 deiticasti,
1948 2952 1982 2992 ο

407 3037 566 3091 pura,
622 3023 944 3092 psallentem
997 3025 1178 3097 partui
1231 3035 1327 3084 tuo
1375 3041 1392 3082 :
1437 3027 1768 3097 Benedicite,
1797 3030 1980 3085 omnia

410 3126 600 3182 Opera,
637 3126 744 3170 etc.

2069 622 2310 693 τωμένη,
2355 621 2606 688 Θεοτόκε,
2633 619 2910 692 περίσωζε
2938 619 3063 685 τοὺς
3098 618 3161 674 ob
3210 617 3639 691 μεγαλύνοντας.

2144 799 2209 853 Οἱ
2239 799 2340 869 τὴν
2367 799 2466 872 σὴν
2495 801 2834 873 προστασίαν
2864 800 3219 872 κεκτημένοι,
3249 799 3511 872 ἄχραντε,
3544 799 3643 854 καὶ
3691 800 3694 803 ’

2070 891 2196 954 ταῖς
2239 891 2361 955 σαῖς
2418 891 2646 956 ἱκεσίαις
2719 891 2830 946 τῶν
2897 891 3087 946 δεινῶν
3129 890 3508 963 λυτρούμενοι,
3567 890 3647 962 τῷ

2073 981 2294 1055 σταυρῷ
2325 981 2420 1037 τοῦ
2446 983 2579 1039 Υῑοῦ
2607 1001 2702 1039 σου
2735 985 2801 1039 ἐκ
2827 983 2992 1038 παντὶ
3014 984 3435 1057 φρουρούμενοι,
3465 998 3645 1038 κατα-

2072 1073 2250 1145 χρέως
2281 1090 2340 1128 σε
2373 1074 2576 1140 πάντες
2607 1075 2847 1140 εὐσεϐῶς
2877 1077 3276 1150 μεγαλύνομεν.

2144 1185 2219 1240 Τὸ
2245 1186 2391 1256 ὄρος,
2442 1190 2473 1243 ὁ
2523 1189 2811 1261 προφήτης
2848 1188 3049 1261 Δανιὴλ
3073 1189 3103 1243 δ
3130 1189 3406 1257 τεθέαται,
3433 1186 3497 1256 ιε
3534 1179 3600 1244 οὖ
3620 1189 3650 1244 ὁ

2073 1276 2219 1339 λίθος
2242 1280 2272 1334 ὁ
2299 1279 2536 1349 Χριστὸς
2583 1279 2795 1352 ἐτμήθη
2832 1280 3058 1336 ἄνευθεν
3110 1280 3315 1352 χειρὸς,
3349 1279 3650 1352 συντρίψας

2072 1372 2143 1424 τὰ
2158 1370 2352 1424 εἴδωλα
2370 1372 2465 1427 καὶ
2497 1370 2742 1425 καθελὼν
2765 1371 2836 1425 τὰ
2860 1370 2968 1425 τῶν
2988 1372 3261 1442 δαιμόνων
3289 1369 3648 1443 φρυάγματα,

2076 1465 2141 1517 ob
2169 1458 2241 1529 εἴ,
2271 1461 2521 1533 Παρθένεγ
2541 1478 2556 1495 ο
2586 1463 2668 1516 διό
2695 1479 2754 1516 σε
2779 1461 3098 1533 δοξάζομεν.

2145 1575 2512 1646 Θαυμάζουσα
2530 1575 2623 1630 τὸν
2663 1577 2727 1630 ὲκ
2773 1577 2976 1648 ταύτης
3005 1577 3261 1648 ἀρῥήτως
3307 1566 3646 1646 τικτόμενον,

2075 1669 2109 1739 ἡ
2141 1668 2410 1736 πάναγνος
2427 1667 2851 1739 κατεπλήττετο,
2873 1668 2968 1722 καὶ
2989 1667 3314 1737 ἑμεγὰλυνε,
3349 1667 3447 1721 καὶ
3469 1665 3646 1737 βοῶσα

2075 1760 2227 1829 ἔλεγε
2254 1776 2269 1792 ο
2320 1761 2444 1824 Πῶς
2497 1761 2556 1814 ὲν
2611 1761 2883 1830 ἀγκάλαις
2918 1778 2979 1816 σε
3033 1759 3271 1833 κατέχω,
3315 1758 3524 1826 τέκνον,
3552 1757 3644 1814 τὸν

2004 1885 2049 1942 Β
2078 1857 2253 1908 πάντα
2284 1855 2581 1927 κατέχοντα
2603 1869 2620 1922 ;

2148 1967 2419 2022 Παλάτιον
2445 1965 2580 2021 Θεοῦ
2631 1966 2903 2038 ἐδείχθης,
2952 1967 3251 2032 Δέσποινα,
3287 1964 3385 2020 τοῦ
3435 1964 3654 2020 πάντων

2080 2057 2454 2131 βασιλεύοντος
2477 2076 2493 2090 ο
2526 2057 2586 2113 ὃν
2644 2057 2857 2114 ἱκέτευε
2896 2057 3115 2132 λῃστῶν
3145 2075 3214 2130 με
3261 2056 3515 2130 πονηρῶν
3551 2057 3655 2130 ήδη

2080 2151 2342 2219 γεγονότα
2396 2150 2746 2221 καταγώγιον
2797 2149 3170 2223 ἀποκαθάραι,
3221 2149 3317 2204 καὶ
3359 2147 3533 2205 σῶσαί
3561 2166 3656 2220 με,

2080 2243 2334 2314 ἄχραντε.

2150 2358 2261 2431 Τὴν
2295 2359 2351 2413 ἒν
2375 2357 2500 2432 ἐμοὶ
2546 2359 2840 2431 ρᾳθυμίαν,
2887 2357 3179 2423 Δέσποινα,
3217 2355 3309 2410 καὶ
3345 2350 3660 2424 νυσταγμδν

2080 2451 2169 2504 τὸν
2199 2450 2435 2521 χαλεπὸν
2465 2454 2588 2515 ταῖς
2640 2450 2944 2522 ἀγρύπνοις
2973 2466 3068 2503 σου
3100 2448 3235 2521 πρὸς
3264 2447 3399 2502 Θεὸν
3454 2448 3550 2501 καὶ
3572 2461 3662 2500 σε·

2081 2547 2250 2606 πταϊς
2282 2544 2561 2614 δεήσεσιν,
2589 2542 2848 2614 ἄχραντε,
2872 2542 3167 2606 ἁπέλασον,
3193 2540 3286 2594 καὶ
3321 2537 3662 2611 μελῳδοῦντά

2083 2652 2153 2704 με
2185 2633 2473 2705 οἷκτειρον·
2493 2633 2551 2686 '0
2577 2631 2791 2697 αἰνετδς
2818 2633 2927 2686 τῶν
2951 2632 3204 2703 πατέρων
3229 2627 3361 2693 Θεὸς
3381 2627 3478 2684 καὶ
3492 2626 3660 2698 ὓπερ-

2083 2724 2314 2789 ἔνδοξος.

2156 2838 2543 2910 Συντριδεῖσαν
2582 2838 2746 2909 φύσιν
2771 2837 2879 2892 τῶν
2930 2835 3141 2909 βροτῶν
3169 2836 3235 2904 τῇ
3268 2831 3440 2886 πάλαι
3481 2845 3662 2900 παρα-

2085 2931 2242 2984 ϐάσει
2280 2929 2594 2993 ἀνέπλασας
2631 2931 2775 3002 ὑπὲρ
2802 2928 2984 2999 φύσιν,
3039 2927 3134 2979 καὶ
3183 2923 3445 2989 ιθέωσας,
3495 2921 3652 2990 ἁγνὴ.

2082 3021 2160 3091 τῷ
2209 3022 2356 3092 τόκῳ
2398 3038 2492 3076 σου
2539 3020 2861 3091 ψάλλουσαψ
2908 3017 3092 3071 Πάντα
3125 3015 3193 3070 τὰ
3225 3015 3384 3085 ἔργα,
3413 3011 3508 3066 τὸν
3541 3008 3654 3065 Κύ-

2086 3129 2202 3184 ριον
2253 3112 2494 3182 ὑμνεῖτε,
2561 3111 2656 3166 καὶ
2715 3105 3058 3181 ὑπερυψοῦτι
3115 3106 3197 3169 εἰς
3263 3101 3476 3168 πάντας
3531 3102 3656 3165 τοὺς

2085 3206 2308 3268 αἰῶνας.

479 3286 739 3342 Miserere
798 3290 980 3359 populi
1019 3291 1121 3358 tui,
1155 3290 1403 3357 Domine,
1451 3302 1506 3348 et
1551 3293 1716 3362 huius
1751 3293 1983 3349 haeredi-

2159 3299 2344 3351 Φεῖσαι
2371 3297 2466 3350 τοῦ
2492 3293 2622 3350 λαοῦ
2657 3310 2775 3357 σου,
2823 3289 3018 3362 Κύριε,
3052 3289 3150 3345 καὶ
3178 3282 3244 3362 ἧς
3276 3288 3498 3359 ἱκτήσω
3536 3283 3670 3339 ταύ-

411 3379 542 3434 tatis
601 3388 728 3444 tuae,
770 3398 934 3451 quam
1003 3384 1319 3454 possedisti,
1361 3383 1536 3440 ﬂexus
1586 3386 1843 3456 precibus
1885 3402 1983 3456 pro

413 3473 572 3527 nobis
597 3474 797 3530 oblatis
824 3475 1118 3533 Genitricis
1151 3486 1255 3532 tua:
1289 3477 1378 3532 Dei
1412 3477 1585 3542 Filiae,
1633 3488 1692 3533 ut
1744 3487 1797 3534 te
1837 3480 1985 3535 velut

413 3565 706 3622 Dominum
736 3577 790 3625 et
822 3567 1404 3626 misericordissimum
1441 3571 1832 3643 glorificemus.

2090 3407 2189 3459 της
2214 3387 2581 3459 κληρονομίας
2614 3401 2732 3450 σου,
2774 3383 2895 3445 ταῖς
2943 3379 3087 3452 ὑπερ
3122 3376 3282 3452 ἡμῶν
3333 3376 3436 3448 τῆς
3476 3391 3538 3429 σε
3571 3391 3665 3430 τε-

2092 3481 2295 3551 κούσης
2346 3480 2630 3541 θεόπαιδος
2679 3473 3088 3548 παρακλήσεσιν
3147 3468 3667 3541 ἑπικαμπτόμενος,

2102 3576 2191 3631 ἵνα
2223 3592 2282 3629 σε
2315 3575 2392 3638 ὡς
2432 3573 2711 3626 Δεσπότην
2743 3571 2836 3624 καὶ
2867 3568 3304 3640 πανοικτίρμονα
3348 3562 3670 3637 δοξάζομεν.

1161 3706 1246 3764 Ex
1273 3727 1469 3765 canone
1505 3714 1556 3766 in
1594 3709 1696 3767 SS.
1734 3722 1994 3784 martyres
2013 3713 2200 3768 Ionam
2236 3723 2286 3767 et
2317 3710 2712 3771 Baracltisium,
2753 3707 2838 3762 die
2865 3705 2957 3760 29.

1334 3827 1500 3900 (Idem
1535 3837 1621 3884 est
1651 3843 1774 3884 cum
1807 3829 2100 3900 superiori,
2135 3839 2190 3885 et
2219 3827 2342 3884 ideo
2369 3824 2724 3892 omittimus.)

840 3949 952 4020 ea
990 3947 1243 4003 nessrs
1272 3948 1571 4006 APRILIS.

2600 3940 2757 3996 ΜΗΝ
2793 3937 3177 3994 ΔΠΡΙΛΛῙΟΣ.

1020 4087 1102 4142 Ea:
1122 4103 1321 4141 canone
1347 4088 1399 4141 in
1433 4087 1535 4144 SS.
1571 4099 1829 4159 martyres
1860 4088 2189 4144 Theuduium
2213 4098 2259 4141 et
2284 4082 2697 4158 Agathopodem,
2721 4077 2806 4131 die
2835 4076 2868 4130 Δ
2887 4076 3071 4147 (58“).

494 4224 863 4288 Salvatorem,
923 4224 1185 4282 factorem
1235 4228 1517 4296 omnium,
1586 4243 1652 4284 ac
1700 4228 1994 4285 Dominum

419 4317 765 4386 concepisti,
822 4334 984 4387 quem
1051 4318 1372 4390 Agathopus
1447 4337 1552 4376 una
1616 4338 1740 4377 cum
1796 4323 1996 4381 illustri

424 4409 707 4465 Theodqu
768 4409 1080 4480 praedicavit
1129 4426 1251 4467 esse
1298 4412 1468 4468 Deum
1526 4423 1580 4469 et
1630 4413 1931 4482 hominem,
1962 4432 1996 4470 ο

433 4501 596 4572 Virgo
627 4501 819 4566 Mater,
855 4504 1002 4557 omni
1040 4503 1378 4562 beatitudine
1404 4507 1860 4563 cumulatissima.

498 4594 573 4648 Ex
601 4603 655 4650 te
677 4596 828 4652 salus
863 4597 1180 4652 hominibus
1206 4609 1395 4654 (exorta
1427 4609 1529 4664 est,
1563 4614 1596 4654 o
1626 4599 1719 4653 Dei
1749 4599 1994 4654 Genitrix

427 4685 735 4752 benedicta,
779 4697 1062 4757 propterea
1107 4697 1158 4740 te
1189 4687 1475 4743 laudamus
1533 4689 1798 4744 universa:
1830 4704 1996 4759 gene-

425 4781 687 4834 rationes.

498 4869 786 4941 Pcperisti.
842 4886 875 4924 o
951 4871 1233 4939 inviolata,
1277 4872 1717 4944 Redemptorem.
1777 4874 1870 4943 qui
1928 4875 1998 4928 ab

430 4963 617 5017 hostili
655 4963 969 5032 captivitate
1010 4963 1262 5020 homines
1288 4966 1563 5030 liberavit,
1609 4980 1778 5020 carne
1815 4975 2003 5020 nostra

431 5055 850 5109 circumdatum.

2101 4229 2260 4295 sima,
2322 4240 2445 4298 quae
2499 4214 2957 4292 impassibilitatis
3011 4213 3214 4269 fontem
3276 4212 3573 4283 peperisti,
3624 4222 3682 4270 et

2100 4336 2386 4392 compesce
2417 4311 2759 4388 tyrannidem
2793 4321 3004 4366 eorum.
3040 4320 3075 4359 ο
3111 4303 3296 4373 Virgo,
3332 4303 3428 4376 qui
3453 4305 3682 4362 assidue

2099 4412 2434 4470 conturbant
2462 4422 2526 4463 ac
2555 4404 2665 4476 87
2697 4405 3007 4473 perterrent
3028 4410 3126 4450 cor
3162 4410 3366 4450 meum.

2172 4504 2308 4560 Cum
2344 4512 2420 4564 te,
2455 4513 2487 4553 o
2527 4504 2704 4558 casta,
2734 4492 3002 4546 virtutum
3036 4486 3328 4559 splendore
3357 4497 3681 4542 exornatam

2100 4595 2398 4651 invenisset
2448 4591 2687 4645 Verbum
2745 4583 2898 4650 illud,
2959 4578 3109 4651 quod
3163 4579 3335 4632 cmlos
3386 4579 3680 4633 virtutibus

2099 4685 2341 4749 caelavit,
2371 4679 2632 4738 habitavit
2662 4677 2717 4730 in
2749 4684 2824 4737 te,
2850 4690 2883 4728 ο
2926 4670 3243 4743 purissima,
3289 4677 3345 4726 et
3383 4671 3674 4725 humanam

2036 4765 2081 4820 Β
2111 4786 2366 4832 naturam
2397 4773 2450 4827 in
2473 4771 2750 4825 caelestem
2782 4765 3071 4820 convertit.

2178 4869 2397 4934 Absque
2423 4861 2531 4915 ulla
2560 4868 2770 4912 naturae
2804 4870 2918 4909 suae
2972 4852 3274 4908 mutatione
3323 4867 3455 4906 vere
3509 4857 3680 4906 totum

2112 4959 2387 5014 hominem
2443 4969 2508 5008 cx
2557 4960 2610 5006 te
2661 4948 2805 5003 Deus
2837 4943 3155 5014 assumpsit,
3192 4958 3225 4997 ο
3274 4943 3456 4997 divina
3514 4942 3690 5011 gratia

2113 5046 2547 5107 cumulatissime
2593 5042 2859 5104 Domina;
2892 5039 3047 5106 cujus
3079 5036 3391 5106 passionem
3427 5031 3692 5089 Theodu-

510 5147 874 5200 l’razdicantes
907 5147 1337 5201 incarnationem
1374 5147 1613 5209 Domini,
1639 5147 1732 5216 qui
1759 5164 1824 5204 ex
1852 5157 1983 5203 uteri

2117 5145 2200 5198 Ius
2231 5151 2394 5212 atque
2414 5137 2733 5208 Agathopus
2765 5137 3244 5202 repraesentantes,
3273 5135 3596 5182 constantes
3621 5139 3688 5178 ac

439 5250 557 5306 tuo,
588 5238 814 5307 Deipara
856 5255 1175 5304 coruscans,
1211 5252 1437 5296 exortus
1469 5251 1572 5306 cst,
1604 5243 1827 5314 gloriosi
1862 5259 2007 5296 mar-

438 5341 585 5400 tyres
617 5331 857 5383 salutare
883 5332 1129 5402 martyrii
1166 5332 1422 5400 poculum
1450 5335 1696 5388 hetantes
1727 5334 2009 5390 biberunt.

512 5421 557 5475 0
590 5421 761 5475 Mater
808 5422 923 5486 Dci,
977 5423 1172 5476 animae
1213 5439 1347 5479 meae
1405 5428 1702 5493 pessimum
1758 5429 2010 5483 morbum

443 5531 598 5580 cura,
629 5522 683 5568 tu
736 5531 855 5581 qua:
911 5515 1178 5583 optimum
1229 5515 1468 5570 Verbum
1535 5520 1813 5589 peperisti,
1868 5521 2013 5591 quod

447 5607 733 5662 universos
757 5606 919 5661 eliicit
947 5609 1142 5664 bonos.

519 5698 732 5753 Medere
760 5700 1105 5768 passionihus
1135 5701 1329 5755 anima:
1357 5717 1512 5764 mete,
1544 5717 1576 5755 ο
1619 5704 2013 5761 immaculatis-

510 5877 666 5949 (58“)
695 5879 882 5938 Crtrca
913 5883 1109 5939 desunt
1142 5885 1194 5938 in
1219 5883 1437 5942 Menaeis
1466 5885 1763 5958 imprcsﬂs.

2117 5236 2287 5291 fortes
2315 5231 2622 5288 clamabant
2648 5225 2879 5282 :Omnia
2901 5237 3088 5293 opera,
3119 5222 3335 5277 laudate
3367 5220 3691 5276 Dominum.

2194 5330 2404 5386 lutimas
2441 5323 2660 5397 pietatis
2697 5331 2802 5375 tua:
2831 5319 3045 5388 fulgore
3077 5315 3339 5385 perfunde
3368 5325 3534 5382 atque
3567 5313 3700 5367 illu.

2122 5423 2270 5478 mina
2305 5436 2388 5474 me
2432 5418 2484 5472 in
2555 5415 2877 5486 ignorantiae.
2910 5409 3146 5464 tenebris
3196 5407 3492 5475 iacentem,
3550 5421 3585 5460 ο
3639 5415 3696 5459 tu

2123 5531 2244 5585 quae
2276 5515 2431 5567 unica
2469 5511 2605 5563 lucis
2647 5505 2892 5560 datorem
2943 5511 2999 5557 et
3033 5499 3447 5568 liedemptorem
3480 5513 3545 5553 ac
3584 5497 3687 5553 Do-

2123 5610 2328 5664 minum
2373 5607 2425 5659 in
2457 5612 2610 5658 utero
2639 5609 2730 5655 tuo
2761 5605 3082 5669 conceptum
3126 5591 3404 5664 peperisti,
3437 5593 3530 5663 qui
3555 5608 3692 5648 san-

2120 5715 2238 5760 ctos
2265 5698 2568 5757 coronavit.
