  <div class='ocr_page' id='page_1' title='image "/cluster/home/n/w/nwhite01/storage/ocr_20150623/105/mdp.39015008714183/554.png"; bbox 0 0 4098 6322; ppageno 0'>
   <div class='ocr_carea' id='block_1_1' title="bbox 349 276 488 344">
    <p class='ocr_par' dir='ltr' id='par_1_1' title="bbox 349 276 488 344">
     <span class='ocr_line' id='line_1_1' title="bbox 349 276 488 344; baseline -0.022 -2"><span class='ocrx_word' id='word_1_1' title='bbox 349 276 488 344; x_wconf 76' lang='lat'><strong>1093</strong></span> 
     </span>
    </p>
   </div>
   <div class='ocr_carea' id='block_1_2' title="bbox 1784 262 2151 327">
    <p class='ocr_par' dir='ltr' id='par_1_2' title="bbox 1784 262 2151 327">
     <span class='ocr_line' id='line_1_2' title="bbox 1784 262 2151 327; baseline 0.008 -3"><span class='ocrx_word' id='word_1_2' title='bbox 1784 262 2151 327; x_wconf 66' lang='lat' dir='ltr'><strong>MARI&#39;ALE.</strong></span> 
     </span>
    </p>
   </div>
   <div class='ocr_carea' id='block_1_3' title="bbox 3475 260 3613 326">
    <p class='ocr_par' dir='ltr' id='par_1_3' title="bbox 3475 260 3613 326">
     <span class='ocr_line' id='line_1_3' title="bbox 3475 260 3613 326; baseline -0.014 0"><span class='ocrx_word' id='word_1_3' title='bbox 3475 260 3613 326; x_wconf 79' lang='grc'><strong>1094</strong></span> 
     </span>
    </p>
   </div>
   <div class='ocr_carea' id='block_1_4' title="bbox 344 381 1930 459">
    <p class='ocr_par' dir='ltr' id='par_1_4' title="bbox 344 385 1914 459">
     <span class='ocr_line' id='line_1_4' title="bbox 344 385 1914 459; baseline -0.012 -3"><span class='ocrx_word' id='word_1_4' title='bbox 344 418 425 456; x_wconf 86' lang='grc' dir='ltr'><strong>σει</strong></span> <span class='ocrx_word' id='word_1_5' title='bbox 486 392 842 458; x_wconf 80' lang='grc' dir='ltr'><strong>πεπτωκότας</strong></span> <span class='ocrx_word' id='word_1_6' title='bbox 919 389 1267 456; x_wconf 77' lang='grc' dir='ltr'>ἁνεζώωσεν,</span> <span class='ocrx_word' id='word_1_7' title='bbox 1329 388 1467 459; x_wconf 82' lang='grc' dir='ltr'>ἁγνὴ</span> <span class='ocrx_word' id='word_1_8' title='bbox 1521 385 1914 456; x_wconf 79' lang='grc' dir='ltr'>Θεογεννῆτορ.</span> 
     </span>
    </p>
   </div>
   <div class='ocr_carea' id='block_1_5' title="bbox 2031 381 3616 459">
    <p class='ocr_par' dir='ltr' id='par_1_5' title="bbox 2031 381 3616 454">
     <span class='ocr_line' id='line_1_5' title="bbox 2031 381 3616 454; baseline 0 -15"><span class='ocrx_word' id='word_1_9' title='bbox 2031 399 2148 440; x_wconf 80' lang='lat' dir='ltr'><strong>esca</strong></span> <span class='ocrx_word' id='word_1_10' title='bbox 2213 397 2310 439; x_wconf 84' lang='lat' dir='ltr'><strong>eos</strong></span> <span class='ocrx_word' id='word_1_11' title='bbox 2369 382 2463 454; x_wconf 99' lang='lat' dir='ltr'><strong>qui</strong></span> <span class='ocrx_word' id='word_1_12' title='bbox 2520 396 2616 453; x_wconf 88' lang='lat' dir='ltr'><strong>per</strong></span> <span class='ocrx_word' id='word_1_13' title='bbox 2668 395 2854 439; x_wconf 85' lang='lat' dir='ltr'><strong>escam</strong></span> <span class='ocrx_word' id='word_1_14' title='bbox 2896 381 3232 448; x_wconf 74' lang='lat' dir='ltr'><strong>ceciderant,</strong></span> <span class='ocrx_word' id='word_1_15' title='bbox 3284 396 3439 437; x_wconf 71' lang='lat' dir='ltr'><strong>nova:</strong></span> <span class='ocrx_word' id='word_1_16' title='bbox 3491 385 3616 439; x_wconf 81' lang='lat' dir='ltr'><strong>vitae</strong></span> 
     </span>
    </p>
   </div>
   <div class='ocr_carea' id='block_1_6' title="bbox 410 565 1920 648">
    <p class='ocr_par' dir='ltr' id='par_1_6' title="bbox 410 565 1920 648">
     <span class='ocr_line' id='line_1_6' title="bbox 410 565 1920 648; baseline -0.009 -17"><span class='ocrx_word' id='word_1_17' title='bbox 410 580 479 642; x_wconf 74' lang='grc' dir='ltr'><strong>Σὲ</strong></span> <span class='ocrx_word' id='word_1_18' title='bbox 523 575 860 648; x_wconf 75' lang='grc' dir='ltr'><strong>προστασίαν</strong></span> <span class='ocrx_word' id='word_1_19' title='bbox 909 572 1142 644; x_wconf 53' lang='grc' dir='ltr'>ἔχοντες,</span> <span class='ocrx_word' id='word_1_20' title='bbox 1174 571 1436 644; x_wconf 77' lang='grc' dir='ltr'>ἄχραντε,</span> <span class='ocrx_word' id='word_1_21' title='bbox 1489 569 1540 623; x_wconf 79' lang='grc' dir='ltr'>οἱ</span> <span class='ocrx_word' id='word_1_22' title='bbox 1583 565 1762 622; x_wconf 80' lang='grc' dir='ltr'>δοῦλοί</span> <span class='ocrx_word' id='word_1_23' title='bbox 1801 583 1920 630; x_wconf 89' lang='grc' dir='ltr'>σου,</span> 
     </span>
    </p>
   </div>
   <div class='ocr_carea' id='block_1_7' title="bbox 339 659 1919 742">
    <p class='ocr_par' dir='ltr' id='par_1_7' title="bbox 339 659 1919 742">
     <span class='ocr_line' id='line_1_7' title="bbox 339 659 1919 742; baseline -0.01 -15"><span class='ocrx_word' id='word_1_24' title='bbox 339 674 436 727; x_wconf 79' lang='grc' dir='ltr'><strong>καὶ</strong></span> <span class='ocrx_word' id='word_1_25' title='bbox 465 671 600 742; x_wconf 81' lang='grc' dir='ltr'>πρὸς</span> <span class='ocrx_word' id='word_1_26' title='bbox 625 670 718 722; x_wconf 80' lang='grc' dir='ltr'><strong>τὸν</strong></span> <span class='ocrx_word' id='word_1_27' title='bbox 747 668 878 721; x_wconf 82' lang='grc' dir='ltr'>Υίόν</span> <span class='ocrx_word' id='word_1_28' title='bbox 907 683 1002 720; x_wconf 90' lang='grc' dir='ltr'><strong>σου</strong></span> <span class='ocrx_word' id='word_1_29' title='bbox 1063 667 1201 736; x_wconf 85' lang='grc' dir='ltr'>μετὰ</span> <span class='ocrx_word' id='word_1_30' title='bbox 1230 663 1362 717; x_wconf 79' lang='grc' dir='ltr'>Θεδν</span> <span class='ocrx_word' id='word_1_31' title='bbox 1418 663 1645 734; x_wconf 81' lang='grc' dir='ltr'>μεσίτην</span> <span class='ocrx_word' id='word_1_32' title='bbox 1687 659 1919 715; x_wconf 76' lang='grc' dir='ltr'>ἀκαται-</span> 
     </span>
    </p>
   </div>
   <div class='ocr_carea' id='block_1_8' title="bbox 339 751 1918 835">
    <p class='ocr_par' dir='ltr' id='par_1_8' title="bbox 339 751 1918 835">
     <span class='ocr_line' id='line_1_8' title="bbox 339 751 1918 835; baseline -0.008 -19"><span class='ocrx_word' id='word_1_33' title='bbox 339 777 587 835; x_wconf 82' lang='grc' dir='ltr'>σχυντον,</span> <span class='ocrx_word' id='word_1_34' title='bbox 655 758 919 816; x_wconf 79' lang='grc' dir='ltr'><strong>κινδύνων</strong></span> <span class='ocrx_word' id='word_1_35' title='bbox 986 759 1136 829; x_wconf 76' lang='grc' dir='ltr'>ἡμᾶς</span> <span class='ocrx_word' id='word_1_36' title='bbox 1226 756 1368 821; x_wconf 74' lang='grc' dir='ltr'>σῶζε</span> <span class='ocrx_word' id='word_1_37' title='bbox 1423 757 1518 810; x_wconf 77' lang='grc' dir='ltr'><strong>καὶ</strong></span> <span class='ocrx_word' id='word_1_38' title='bbox 1573 751 1918 825; x_wconf 80' lang='grc' dir='ltr'><strong>πειρασμῶν,</strong></span> 
     </span>
    </p>
   </div>
   <div class='ocr_carea' id='block_1_9' title="bbox 340 841 1780 928">
    <p class='ocr_par' dir='ltr' id='par_1_9' title="bbox 340 841 1780 928">
     <span class='ocr_line' id='line_1_9' title="bbox 340 841 1780 928; baseline -0.006 -18"><span class='ocrx_word' id='word_1_39' title='bbox 340 856 541 928; x_wconf 82' lang='grc' dir='ltr'>σεμνὴ,</span> <span class='ocrx_word' id='word_1_40' title='bbox 586 854 675 908; x_wconf 75' lang='grc' dir='ltr'><strong>ἵνα</strong></span> <span class='ocrx_word' id='word_1_41' title='bbox 703 850 889 906; x_wconf 78' lang='grc' dir='ltr'><strong>πίστει</strong></span> <span class='ocrx_word' id='word_1_42' title='bbox 926 855 1022 905; x_wconf 76' lang='grc' dir='ltr'><strong>καὶ</strong></span> <span class='ocrx_word' id='word_1_43' title='bbox 1051 849 1204 922; x_wconf 78' lang='grc' dir='ltr'>πόθῳ</span> <span class='ocrx_word' id='word_1_44' title='bbox 1237 850 1323 904; x_wconf 85' lang='grc' dir='ltr'>ἀεί</span> <span class='ocrx_word' id='word_1_45' title='bbox 1356 867 1415 903; x_wconf 92' lang='grc' dir='ltr'><strong>σε</strong></span> <span class='ocrx_word' id='word_1_46' title='bbox 1446 841 1780 918; x_wconf 62' lang='grc' dir='ltr'>δοξάζωμεν.</span> 
     </span>
    </p>
   </div>
   <div class='ocr_carea' id='block_1_10' title="bbox 411 1017 1924 1099">
    <p class='ocr_par' dir='ltr' id='par_1_10' title="bbox 411 1017 1924 1099">
     <span class='ocr_line' id='line_1_10' title="bbox 411 1017 1924 1099; baseline -0.009 -16"><span class='ocrx_word' id='word_1_47' title='bbox 411 1027 750 1099; x_wconf 71' lang='grc' dir='ltr'>Φλογοφόρος</span> <span class='ocrx_word' id='word_1_48' title='bbox 775 1026 850 1089; x_wconf 82' lang='grc' dir='ltr'><strong>ὡς</strong></span> <span class='ocrx_word' id='word_1_49' title='bbox 881 1023 1039 1087; x_wconf 69' lang='grc' dir='ltr'>λαδῑς</span> <span class='ocrx_word' id='word_1_50' title='bbox 1079 1021 1323 1086; x_wconf 76' lang='grc' dir='ltr'>ὑπεδέξω</span> <span class='ocrx_word' id='word_1_51' title='bbox 1352 1023 1410 1075; x_wconf 87' lang='grc' dir='ltr'>ὲν</span> <span class='ocrx_word' id='word_1_52' title='bbox 1444 1020 1645 1091; x_wconf 69' lang='grc' dir='ltr'>γαστρὶ</span> <span class='ocrx_word' id='word_1_53' title='bbox 1674 1017 1924 1086; x_wconf 78' lang='grc' dir='ltr'>ἄνθρακα</span> 
     </span>
    </p>
   </div>
   <div class='ocr_carea' id='block_1_11' title="bbox 340 1113 1924 1192">
    <p class='ocr_par' dir='ltr' id='par_1_11' title="bbox 340 1113 1924 1192">
     <span class='ocr_line' id='line_1_11' title="bbox 340 1113 1924 1192; baseline -0.008 -16"><span class='ocrx_word' id='word_1_54' title='bbox 340 1122 432 1176; x_wconf 79' lang='grc' dir='ltr'>τὸν</span> <span class='ocrx_word' id='word_1_55' title='bbox 469 1122 680 1192; x_wconf 69' lang='grc' dir='ltr'>νοητὸν,</span> <span class='ocrx_word' id='word_1_56' title='bbox 713 1119 1128 1190; x_wconf 78' lang='grc' dir='ltr'><strong>καταφλέγοντα</strong></span> <span class='ocrx_word' id='word_1_57' title='bbox 1158 1115 1318 1187; x_wconf 79' lang='grc' dir='ltr'>ἡμῶν</span> <span class='ocrx_word' id='word_1_58' title='bbox 1360 1113 1431 1167; x_wconf 83' lang='grc' dir='ltr'>τὰ</span> <span class='ocrx_word' id='word_1_59' title='bbox 1467 1113 1636 1182; x_wconf 85' lang='grc' dir='ltr'>πάθη,</span> <span class='ocrx_word' id='word_1_60' title='bbox 1684 1113 1778 1165; x_wconf 70' lang='grc' dir='ltr'><strong>καὶ</strong></span> <span class='ocrx_word' id='word_1_61' title='bbox 1807 1128 1924 1180; x_wconf 79' lang='grc' dir='ltr'><strong>φω-</strong></span> 
     </span>
    </p>
   </div>
   <div class='ocr_carea' id='block_1_12' title="bbox 341 1203 1925 1282">
    <p class='ocr_par' dir='ltr' id='par_1_12' title="bbox 341 1203 1925 1282">
     <span class='ocr_line' id='line_1_12' title="bbox 341 1203 1925 1282; baseline -0.008 -14"><span class='ocrx_word' id='word_1_62' title='bbox 341 1215 563 1279; x_wconf 78' lang='grc' dir='ltr'>τίζοντα</span> <span class='ocrx_word' id='word_1_63' title='bbox 587 1213 687 1276; x_wconf 88' lang='grc' dir='ltr'><strong>τὰς</strong></span> <span class='ocrx_word' id='word_1_64' title='bbox 717 1211 897 1282; x_wconf 76' lang='grc' dir='ltr'>ψυχὰς</span> <span class='ocrx_word' id='word_1_65' title='bbox 928 1209 1107 1281; x_wconf 82' lang='grc' dir='ltr'>ἡμῶν,</span> <span class='ocrx_word' id='word_1_66' title='bbox 1137 1207 1233 1261; x_wconf 71' lang='grc' dir='ltr'><strong>καὶ</strong></span> <span class='ocrx_word' id='word_1_67' title='bbox 1273 1206 1469 1260; x_wconf 81' lang='grc' dir='ltr'><strong>λύοντα</strong></span> <span class='ocrx_word' id='word_1_68' title='bbox 1509 1207 1571 1257; x_wconf 83' lang='grc' dir='ltr'>τὸ</span> <span class='ocrx_word' id='word_1_69' title='bbox 1604 1206 1796 1266; x_wconf 83' lang='grc' dir='ltr'>σκότος</span> <span class='ocrx_word' id='word_1_70' title='bbox 1823 1203 1925 1274; x_wconf 85' lang='grc' dir='ltr'>τῆς</span> 
     </span>
    </p>
   </div>
   <div class='ocr_carea' id='block_1_13' title="bbox 343 1299 1744 1378">
    <p class='ocr_par' dir='ltr' id='par_1_13' title="bbox 343 1299 1744 1378">
     <span class='ocr_line' id='line_1_13' title="bbox 343 1299 1744 1378; baseline -0.006 -16"><span class='ocrx_word' id='word_1_71' title='bbox 343 1304 760 1378; x_wconf 76' lang='grc' dir='ltr'>εἰδωλομανίας,</span> <span class='ocrx_word' id='word_1_72' title='bbox 791 1304 1031 1374; x_wconf 78' lang='grc' dir='ltr'>άχραντε</span> <span class='ocrx_word' id='word_1_73' title='bbox 1071 1299 1340 1373; x_wconf 77' lang='grc' dir='ltr'>Παρθένε,</span> <span class='ocrx_word' id='word_1_74' title='bbox 1371 1299 1744 1370; x_wconf 77' lang='grc' dir='ltr'>πολυΰμνητε.</span> 
     </span>
    </p>
   </div>
   <div class='ocr_carea' id='block_1_14' title="bbox 353 1523 1922 1598">
    <p class='ocr_par' dir='ltr' id='par_1_14' title="bbox 353 1523 1922 1598">
     <span class='ocr_line' id='line_1_14' title="bbox 353 1523 1922 1598; baseline -0.008 -10"><span class='ocrx_word' id='word_1_75' title='bbox 353 1535 449 1588; x_wconf 79' lang='grc' dir='ltr'><strong>Ἐκ</strong></span> <span class='ocrx_word' id='word_1_76' title='bbox 470 1533 578 1588; x_wconf 86' lang='grc' dir='ltr'>τοῦ</span> <span class='ocrx_word' id='word_1_77' title='bbox 598 1531 858 1596; x_wconf 77' lang='grc' dir='ltr'><strong>κανόνος·</strong></span> <span class='ocrx_word' id='word_1_78' title='bbox 873 1531 959 1595; x_wconf 79' lang='grc' dir='ltr'>εὶς</span> <span class='ocrx_word' id='word_1_79' title='bbox 981 1528 1089 1582; x_wconf 83' lang='grc' dir='ltr'>τὸν</span> <span class='ocrx_word' id='word_1_80' title='bbox 1104 1527 1277 1598; x_wconf 78' lang='grc' dir='ltr'>ἅγιον</span> <span class='ocrx_word' id='word_1_81' title='bbox 1290 1525 1563 1598; x_wconf 75' lang='grc' dir='ltr'>μάρτυρα</span> <span class='ocrx_word' id='word_1_82' title='bbox 1582 1523 1922 1593; x_wconf 68' lang='grc' dir='ltr'>Εὑψύχιον,</span> 
     </span>
    </p>
   </div>
   <div class='ocr_carea' id='block_1_15' title="bbox 691 1596 1577 1670">
    <p class='ocr_par' dir='ltr' id='par_1_15' title="bbox 691 1596 1577 1670">
     <span class='ocr_line' id='line_1_15' title="bbox 691 1596 1577 1670; baseline -0.007 -15"><span class='ocrx_word' id='word_1_83' title='bbox 691 1602 798 1656; x_wconf 84' lang='grc' dir='ltr'>τὸν</span> <span class='ocrx_word' id='word_1_84' title='bbox 819 1601 890 1655; x_wconf 81' lang='grc' dir='ltr'>ἐν</span> <span class='ocrx_word' id='word_1_85' title='bbox 914 1596 1260 1670; x_wconf 70' lang='grc' dir='ltr'><strong>Καισαρείᾳ,</strong></span> <span class='ocrx_word' id='word_1_86' title='bbox 1293 1596 1483 1667; x_wconf 72' lang='grc' dir='ltr'>ἡμέρᾳ</span> <span class='ocrx_word' id='word_1_87' title='bbox 1512 1598 1577 1650; x_wconf 81' lang='grc' dir='ltr'>θ’.</span> 
     </span>
    </p>
   </div>
   <div class='ocr_carea' id='block_1_16' title="bbox 2032 478 2293 532">
    <p class='ocr_par' dir='ltr' id='par_1_16' title="bbox 2032 478 2293 532">
     <span class='ocr_line' id='line_1_16' title="bbox 2032 478 2293 532; baseline 0.008 -2"><span class='ocrx_word' id='word_1_88' title='bbox 2032 478 2293 532; x_wconf 82' lang='lat' dir='ltr'><strong>restituit.</strong></span> 
     </span>
    </p>
   </div>
   <div class='ocr_carea' id='block_1_17' title="bbox 2101 569 3614 641">
    <p class='ocr_par' dir='ltr' id='par_1_17' title="bbox 2101 569 3614 641">
     <span class='ocr_line' id='line_1_17' title="bbox 2101 569 3614 641; baseline 0 -17"><span class='ocrx_word' id='word_1_89' title='bbox 2101 569 2241 624; x_wconf 89' lang='lat' dir='ltr'><strong>Cum</strong></span> <span class='ocrx_word' id='word_1_90' title='bbox 2275 579 2348 637; x_wconf 87' lang='lat' dir='ltr'><strong>te,</strong></span> <span class='ocrx_word' id='word_1_91' title='bbox 2376 586 2411 626; x_wconf 86' lang='grc' dir='ltr'><strong>ο</strong></span> <span class='ocrx_word' id='word_1_92' title='bbox 2435 572 2782 634; x_wconf 88' lang='lat' dir='ltr'><strong>intemerata,</strong></span> <span class='ocrx_word' id='word_1_93' title='bbox 2809 585 2912 626; x_wconf 81' lang='lat' dir='ltr'><strong>nos</strong></span> <span class='ocrx_word' id='word_1_94' title='bbox 2939 569 3081 626; x_wconf 88' lang='lat' dir='ltr'><strong>servi</strong></span> <span class='ocrx_word' id='word_1_95' title='bbox 3116 572 3195 625; x_wconf 92' lang='lat' dir='ltr'><strong>tui</strong></span> <span class='ocrx_word' id='word_1_96' title='bbox 3229 570 3614 641; x_wconf 79' lang='lat' dir='ltr'><strong>protectriccm</strong></span> 
     </span>
    </p>
   </div>
   <div class='ocr_carea' id='block_1_18' title="bbox 2033 662 3616 733">
    <p class='ocr_par' dir='ltr' id='par_1_18' title="bbox 2033 662 3616 733">
     <span class='ocr_line' id='line_1_18' title="bbox 2033 662 3616 733; baseline 0 -17"><span class='ocrx_word' id='word_1_97' title='bbox 2033 663 2175 733; x_wconf 86' lang='lat' dir='ltr'><strong>apud</strong></span> <span class='ocrx_word' id='word_1_98' title='bbox 2208 662 2407 717; x_wconf 80' lang='lat' dir='ltr'><strong>Filium</strong></span> <span class='ocrx_word' id='word_1_99' title='bbox 2437 671 2614 730; x_wconf 87' lang='lat' dir='ltr'><strong>tuum,</strong></span> <span class='ocrx_word' id='word_1_100' title='bbox 2645 679 2710 719; x_wconf 89' lang='lat' dir='ltr'><strong>ac</strong></span> <span class='ocrx_word' id='word_1_101' title='bbox 2755 662 3159 725; x_wconf 80' lang='lat' dir='ltr'><strong>mediatriccm.</strong></span> <span class='ocrx_word' id='word_1_102' title='bbox 3193 680 3313 733; x_wconf 72' lang='lat' dir='ltr'><strong>quae</strong></span> <span class='ocrx_word' id='word_1_103' title='bbox 3347 679 3454 718; x_wconf 89' lang='lat' dir='ltr'><strong>non</strong></span> <span class='ocrx_word' id='word_1_104' title='bbox 3483 678 3616 718; x_wconf 86' lang='lat' dir='ltr'><strong>con-</strong></span> 
     </span>
    </p>
   </div>
   <div class='ocr_carea' id='block_1_19' title="bbox 2034 753 3612 825">
    <p class='ocr_par' dir='ltr' id='par_1_19' title="bbox 2034 753 3612 825">
     <span class='ocr_line' id='line_1_19' title="bbox 2034 753 3612 825; baseline 0.001 -18"><span class='ocrx_word' id='word_1_105' title='bbox 2034 753 2309 818; x_wconf 83' lang='lat' dir='ltr'><strong>funditur,</strong></span> <span class='ocrx_word' id='word_1_106' title='bbox 2342 764 2466 825; x_wconf 89' lang='lat' dir='ltr'><strong>post</strong></span> <span class='ocrx_word' id='word_1_107' title='bbox 2500 753 2668 809; x_wconf 92' lang='lat' dir='ltr'><strong>Deum</strong></span> <span class='ocrx_word' id='word_1_108' title='bbox 2721 754 3021 809; x_wconf 83' lang='lat' dir='ltr'><strong>habeamus</strong></span> <span class='ocrx_word' id='word_1_109' title='bbox 3057 769 3072 807; x_wconf 88' lang='lat'>:</span> <span class='ocrx_word' id='word_1_110' title='bbox 3108 754 3276 808; x_wconf 85' lang='lat' dir='ltr'><strong>libera</strong></span> <span class='ocrx_word' id='word_1_111' title='bbox 3325 769 3423 807; x_wconf 86' lang='lat' dir='ltr'><strong>nos</strong></span> <span class='ocrx_word' id='word_1_112' title='bbox 3455 768 3482 806; x_wconf 89' lang='lat' dir='ltr'><strong>a</strong></span> <span class='ocrx_word' id='word_1_113' title='bbox 3516 769 3612 822; x_wconf 85' lang='lat' dir='ltr'><strong>pe-</strong></span> 
     </span>
    </p>
   </div>
   <div class='ocr_carea' id='block_1_20' title="bbox 2032 847 3616 916">
    <p class='ocr_par' dir='ltr' id='par_1_20' title="bbox 2032 847 3616 916">
     <span class='ocr_line' id='line_1_20' title="bbox 2032 847 3616 916; baseline -0.001 -16"><span class='ocrx_word' id='word_1_114' title='bbox 2032 847 2224 903; x_wconf 86' lang='lat' dir='ltr'><strong>riculis</strong></span> <span class='ocrx_word' id='word_1_115' title='bbox 2255 857 2308 902; x_wconf 92' lang='lat' dir='ltr'><strong>et</strong></span> <span class='ocrx_word' id='word_1_116' title='bbox 2340 849 2756 912; x_wconf 85' lang='lat' dir='ltr'><strong>tentationibus,</strong></span> <span class='ocrx_word' id='word_1_117' title='bbox 2785 855 2845 902; x_wconf 90' lang='lat' dir='ltr'><strong>ut</strong></span> <span class='ocrx_word' id='word_1_118' title='bbox 2875 857 2945 911; x_wconf 91' lang='lat' dir='ltr'><strong>te,</strong></span> <span class='ocrx_word' id='word_1_119' title='bbox 2979 862 3012 902; x_wconf 92' lang='lat' dir='ltr'><strong>o</strong></span> <span class='ocrx_word' id='word_1_120' title='bbox 3034 847 3370 910; x_wconf 82' lang='lat' dir='ltr'><strong>veneranda,</strong></span> <span class='ocrx_word' id='word_1_121' title='bbox 3400 862 3616 916; x_wconf 84' lang='lat' dir='ltr'><strong>semper</strong></span> 
     </span>
    </p>
   </div>
   <div class='ocr_carea' id='block_1_21' title="bbox 2035 939 3026 1012">
    <p class='ocr_par' dir='ltr' id='par_1_21' title="bbox 2035 939 3026 1012">
     <span class='ocr_line' id='line_1_21' title="bbox 2035 939 3026 1012; baseline -0.002 -17"><span class='ocrx_word' id='word_1_122' title='bbox 2035 953 2159 995; x_wconf 88' lang='lat' dir='ltr'><strong>cum</strong></span> <span class='ocrx_word' id='word_1_123' title='bbox 2192 940 2297 994; x_wconf 81' lang='lat' dir='ltr'><strong>ﬁde</strong></span> <span class='ocrx_word' id='word_1_124' title='bbox 2317 949 2370 994; x_wconf 90' lang='lat' dir='ltr'><strong>et</strong></span> <span class='ocrx_word' id='word_1_125' title='bbox 2397 939 2593 996; x_wconf 78' lang='lat' dir='ltr'><strong>affectu</strong></span> <span class='ocrx_word' id='word_1_126' title='bbox 2635 939 3026 1012; x_wconf 76' lang='lat' dir='ltr'><strong>glorificemus.</strong></span> 
     </span>
    </p>
   </div>
   <div class='ocr_carea' id='block_1_22' title="bbox 2107 1026 3617 1102">
    <p class='ocr_par' dir='ltr' id='par_1_22' title="bbox 2107 1026 3617 1102">
     <span class='ocr_line' id='line_1_22' title="bbox 2107 1026 3617 1102; baseline 0 -18"><span class='ocrx_word' id='word_1_127' title='bbox 2107 1026 2390 1101; x_wconf 84' lang='lat' dir='ltr'><strong>Tanquam</strong></span> <span class='ocrx_word' id='word_1_128' title='bbox 2423 1030 2640 1102; x_wconf 79' lang='lat' dir='ltr'><strong>forceps</strong></span> <span class='ocrx_word' id='word_1_129' title='bbox 2665 1030 2993 1086; x_wconf 73' lang='lat' dir='ltr'><strong>ﬂammifera</strong></span> <span class='ocrx_word' id='word_1_130' title='bbox 3034 1031 3328 1101; x_wconf 81' lang='lat' dir='ltr'><strong>suscepisti</strong></span> <span class='ocrx_word' id='word_1_131' title='bbox 3363 1031 3418 1084; x_wconf 90' lang='lat' dir='ltr'><strong>in</strong></span> <span class='ocrx_word' id='word_1_132' title='bbox 3453 1039 3617 1084; x_wconf 81' lang='lat' dir='ltr'><strong>utero</strong></span> 
     </span>
    </p>
   </div>
   <div class='ocr_carea' id='block_1_23' title="bbox 2032 1123 3616 1195">
    <p class='ocr_par' dir='ltr' id='par_1_23' title="bbox 2032 1123 3616 1195">
     <span class='ocr_line' id='line_1_23' title="bbox 2032 1123 3616 1195; baseline 0 -19"><span class='ocrx_word' id='word_1_133' title='bbox 2032 1124 2328 1178; x_wconf 83' lang='lat' dir='ltr'><strong>carbonem</strong></span> <span class='ocrx_word' id='word_1_134' title='bbox 2351 1125 2778 1195; x_wconf 77' lang='lat' dir='ltr'><strong>spiritalem,qui</strong></span> <span class='ocrx_word' id='word_1_135' title='bbox 2808 1126 3090 1194; x_wconf 66' lang='lat' dir='ltr'><strong>passiones</strong></span> <span class='ocrx_word' id='word_1_136' title='bbox 3120 1135 3335 1180; x_wconf 88' lang='lat' dir='ltr'><strong>nostras</strong></span> <span class='ocrx_word' id='word_1_137' title='bbox 3381 1123 3616 1177; x_wconf 89' lang='lat' dir='ltr'><strong>combu-</strong></span> 
     </span>
    </p>
   </div>
   <div class='ocr_carea' id='block_1_24' title="bbox 2033 1212 3618 1279">
    <p class='ocr_par' dir='ltr' id='par_1_24' title="bbox 2033 1212 3618 1279">
     <span class='ocr_line' id='line_1_24' title="bbox 2033 1212 3618 1279; baseline -0.002 -13"><span class='ocrx_word' id='word_1_138' title='bbox 2033 1212 2137 1278; x_wconf 88' lang='lat' dir='ltr'><strong>rit,</strong></span> <span class='ocrx_word' id='word_1_139' title='bbox 2171 1212 2385 1267; x_wconf 87' lang='lat' dir='ltr'><strong>animas</strong></span> <span class='ocrx_word' id='word_1_140' title='bbox 2416 1224 2630 1269; x_wconf 86' lang='lat' dir='ltr'><strong>nostras</strong></span> <span class='ocrx_word' id='word_1_141' title='bbox 2672 1213 2965 1279; x_wconf 81' lang='lat' dir='ltr'><strong>illuminat,</strong></span> <span class='ocrx_word' id='word_1_142' title='bbox 3005 1223 3058 1268; x_wconf 90' lang='lat' dir='ltr'><strong>ct</strong></span> <span class='ocrx_word' id='word_1_143' title='bbox 3108 1212 3427 1268; x_wconf 77' lang='lat' dir='ltr'><strong>idololatria:</strong></span> <span class='ocrx_word' id='word_1_144' title='bbox 3468 1222 3618 1264; x_wconf 84' lang='lat' dir='ltr'><strong>tene—</strong></span> 
     </span>
    </p>
   </div>
   <div class='ocr_carea' id='block_1_25' title="bbox 2031 1303 3619 1379">
    <p class='ocr_par' dir='ltr' id='par_1_25' title="bbox 2031 1303 3619 1379">
     <span class='ocr_line' id='line_1_25' title="bbox 2031 1303 3619 1379; baseline -0.002 -18"><span class='ocrx_word' id='word_1_145' title='bbox 2031 1306 2162 1361; x_wconf 83' lang='lat' dir='ltr'><strong>bras</strong></span> <span class='ocrx_word' id='word_1_146' title='bbox 2194 1305 2488 1372; x_wconf 88' lang='lat' dir='ltr'><strong>dissolviti,</strong></span> <span class='ocrx_word' id='word_1_147' title='bbox 2535 1324 2567 1360; x_wconf 93' lang='lat' dir='ltr'><strong>o</strong></span> <span class='ocrx_word' id='word_1_148' title='bbox 2587 1304 2753 1379; x_wconf 73' lang='lat' dir='ltr'><strong>Virgo</strong></span> <span class='ocrx_word' id='word_1_149' title='bbox 2773 1307 3057 1375; x_wconf 86' lang='lat' dir='ltr'><strong>inviolata,</strong></span> <span class='ocrx_word' id='word_1_150' title='bbox 3085 1307 3336 1377; x_wconf 83' lang='lat' dir='ltr'><strong>plurimis</strong></span> <span class='ocrx_word' id='word_1_151' title='bbox 3366 1303 3619 1358; x_wconf 75' lang='lat' dir='ltr'><strong>laudibus</strong></span> 
     </span>
    </p>
   </div>
   <div class='ocr_carea' id='block_1_26' title="bbox 2032 1399 2384 1456">
    <p class='ocr_par' dir='ltr' id='par_1_26' title="bbox 2032 1399 2384 1456">
     <span class='ocr_line' id='line_1_26' title="bbox 2032 1399 2384 1456; baseline 0.009 -3"><span class='ocrx_word' id='word_1_152' title='bbox 2032 1399 2384 1456; x_wconf 84' lang='lat' dir='ltr'><strong>celebranda.</strong></span> 
     </span>
    </p>
   </div>
   <div class='ocr_carea' id='block_1_27' title="bbox 2033 1534 3614 1662">
    <p class='ocr_par' dir='ltr' id='par_1_27' title="bbox 2033 1534 3614 1662">
     <span class='ocr_line' id='line_1_27' title="bbox 2033 1534 3614 1662; baseline 0.003 -74"><span class='ocrx_word' id='word_1_153' title='bbox 2033 1534 2119 1588; x_wconf 77' lang='lat' dir='ltr'><strong>Ex</strong></span> <span class='ocrx_word' id='word_1_154' title='bbox 2173 1552 2377 1590; x_wconf 83' lang='lat' dir='ltr'><strong>canone</strong></span> <span class='ocrx_word' id='word_1_155' title='bbox 2404 1537 2458 1590; x_wconf 80' lang='lat' dir='ltr'><strong>in</strong></span> <span class='ocrx_word' id='word_1_156' title='bbox 2492 1534 2553 1591; x_wconf 90' lang='lat' dir='ltr'><strong>S.</strong></span> <span class='ocrx_word' id='word_1_157' title='bbox 2596 1534 3272 1662; x_wconf 53' lang='lat' dir='ltr'><strong>Eupsychjumgmartyrcm</strong></span> <span class='ocrx_word' id='word_1_158' title='bbox 3312 1535 3614 1593; x_wconf 72' lang='lat' dir='ltr'><strong>Ctesarien-</strong></span> 
     </span>
     <span class='ocr_line' id='line_1_28' title="bbox 2669 1625 2996 1662; baseline 0.003 -1"><span class='ocrx_word' id='word_1_159' title='bbox 2669 1625 2800 1662; x_wconf 81' lang='lat' dir='ltr'><strong>sem.</strong></span> <span class='ocrx_word' id='word_1_160' title='bbox 2868 1625 2914 1661; x_wconf 73' lang='lat' dir='ltr'><strong>te</strong></span> <span class='ocrx_word' id='word_1_161' title='bbox 2984 1649 2996 1662; x_wconf 92' lang='lat'><strong>.</strong></span> 
     </span>
    </p>
   </div>
   <div class='ocr_carea' id='block_1_28' title="bbox 2669 1625 2996 1675">
    <p class='ocr_par' dir='ltr' id='par_1_28' title="bbox 2669 1625 2996 1675">
     <span class='ocr_line' id='line_1_29' title="bbox 2669 1625 2996 1675; baseline 0.003 -14"><span class='ocrx_word' id='word_1_162' title='bbox 2669 1625 2800 1675; x_wconf 80' lang='lat' dir='ltr'><strong>sem,</strong></span> <span class='ocrx_word' id='word_1_163' title='bbox 2830 1625 2914 1661; x_wconf 81' lang='lat' dir='ltr'><strong>me</strong></span> <span class='ocrx_word' id='word_1_164' title='bbox 2945 1625 2996 1662; x_wconf 70' lang='grc' dir='ltr'>υ.</span> 
     </span>
    </p>
   </div>
   <div class='ocr_carea' id='block_1_29' title="bbox 411 1709 1930 1815">
    <p class='ocr_par' dir='ltr' id='par_1_29' title="bbox 411 1709 1925 1793">
     <span class='ocr_line' id='line_1_30' title="bbox 411 1709 1925 1793; baseline -0.009 -18"><span class='ocrx_word' id='word_1_165' title='bbox 411 1720 624 1793; x_wconf 80' lang='grc' dir='ltr'>Σαρκδς</span> <span class='ocrx_word' id='word_1_166' title='bbox 665 1717 975 1790; x_wconf 76' lang='grc' dir='ltr'><strong>ὁμοιώματι</strong></span> <span class='ocrx_word' id='word_1_167' title='bbox 1010 1714 1292 1786; x_wconf 76' lang='grc' dir='ltr'>γεννηθεὶς</span> <span class='ocrx_word' id='word_1_168' title='bbox 1330 1715 1394 1767; x_wconf 79' lang='grc' dir='ltr'><strong>ὲκ</strong></span> <span class='ocrx_word' id='word_1_169' title='bbox 1426 1710 1521 1766; x_wconf 84' lang='grc' dir='ltr'>σοῦ</span> <span class='ocrx_word' id='word_1_170' title='bbox 1569 1712 1598 1764; x_wconf 89' lang='grc' dir='ltr'>ὁ</span> <span class='ocrx_word' id='word_1_171' title='bbox 1645 1709 1925 1780; x_wconf 77' lang='grc' dir='ltr'><strong>Δεσπότης</strong></span> 
     </span>
    </p>
   </div>
   <div class='ocr_carea' id='block_1_30' title="bbox 2031 1709 3611 1815">
    <p class='ocr_par' dir='ltr' id='par_1_30' title="bbox 2103 1719 3611 1791">
     <span class='ocr_line' id='line_1_31' title="bbox 2103 1719 3611 1791; baseline 0.002 -18"><span class='ocrx_word' id='word_1_172' title='bbox 2103 1719 2373 1774; x_wconf 83' lang='lat' dir='ltr'><strong>Dominus</strong></span> <span class='ocrx_word' id='word_1_173' title='bbox 2405 1720 2460 1774; x_wconf 93' lang='lat' dir='ltr'><strong>in</strong></span> <span class='ocrx_word' id='word_1_174' title='bbox 2494 1719 2855 1776; x_wconf 84' lang='lat' dir='ltr'><strong>similitudine</strong></span> <span class='ocrx_word' id='word_1_175' title='bbox 2879 1721 3061 1776; x_wconf 85' lang='lat' dir='ltr'><strong>carnis</strong></span> <span class='ocrx_word' id='word_1_176' title='bbox 3083 1722 3303 1791; x_wconf 81' lang='lat' dir='ltr'><strong>genitus</strong></span> <span class='ocrx_word' id='word_1_177' title='bbox 3337 1738 3401 1777; x_wconf 91' lang='lat' dir='ltr'><strong>ac</strong></span> <span class='ocrx_word' id='word_1_178' title='bbox 3429 1734 3611 1790; x_wconf 83' lang='lat' dir='ltr'><strong>natus,</strong></span> 
     </span>
    </p>
   </div>
   <div class='ocr_carea' id='block_1_31' title="bbox 339 1804 1923 1886">
    <p class='ocr_par' dir='ltr' id='par_1_31' title="bbox 339 1804 1923 1886">
     <span class='ocr_line' id='line_1_32' title="bbox 339 1804 1923 1886; baseline -0.009 -17"><span class='ocrx_word' id='word_1_179' title='bbox 339 1813 742 1886; x_wconf 75' lang='grc' dir='ltr'>ὲκαινούργησε</span> <span class='ocrx_word' id='word_1_180' title='bbox 787 1810 886 1881; x_wconf 81' lang='grc' dir='ltr'><strong>τήν</strong></span> <span class='ocrx_word' id='word_1_181' title='bbox 916 1809 1073 1880; x_wconf 81' lang='grc' dir='ltr'>ἡμῶν</span> <span class='ocrx_word' id='word_1_182' title='bbox 1106 1804 1594 1876; x_wconf 80' lang='grc' dir='ltr'>πεπαλαιωμένην,</span> <span class='ocrx_word' id='word_1_183' title='bbox 1623 1804 1784 1875; x_wconf 83' lang='grc' dir='ltr'><strong>κόρη,</strong></span> <span class='ocrx_word' id='word_1_184' title='bbox 1818 1804 1923 1872; x_wconf 85' lang='grc' dir='ltr'>φύ-</span> 
     </span>
    </p>
   </div>
   <div class='ocr_carea' id='block_1_32' title="bbox 344 1897 1654 1973">
    <p class='ocr_par' dir='ltr' id='par_1_32' title="bbox 344 1897 1654 1973">
     <span class='ocr_line' id='line_1_33' title="bbox 344 1897 1654 1973; baseline -0.008 -12"><span class='ocrx_word' id='word_1_185' title='bbox 344 1926 451 1971; x_wconf 87' lang='grc' dir='ltr'>σιν,</span> <span class='ocrx_word' id='word_1_186' title='bbox 481 1907 576 1959; x_wconf 72' lang='grc' dir='ltr'><strong>καὶ</strong></span> <span class='ocrx_word' id='word_1_187' title='bbox 605 1906 733 1968; x_wconf 78' lang='grc' dir='ltr'>τοὺς</span> <span class='ocrx_word' id='word_1_188' title='bbox 757 1903 988 1973; x_wconf 78' lang='grc' dir='ltr'>θνητοὺς</span> <span class='ocrx_word' id='word_1_189' title='bbox 1014 1899 1302 1972; x_wconf 79' lang='grc' dir='ltr'><strong>οὐρανίους</strong></span> <span class='ocrx_word' id='word_1_190' title='bbox 1340 1897 1654 1969; x_wconf 75' lang='grc' dir='ltr'><strong>εἰργάσατο.</strong></span> 
     </span>
    </p>
   </div>
   <div class='ocr_carea' id='block_1_33' title="bbox 417 1986 1920 2069">
    <p class='ocr_par' dir='ltr' id='par_1_33' title="bbox 417 1986 1920 2069">
     <span class='ocr_line' id='line_1_34' title="bbox 417 1986 1920 2069; baseline -0.007 -18"><span class='ocrx_word' id='word_1_191' title='bbox 417 1999 625 2069; x_wconf 83' lang='grc' dir='ltr'>Ὕμνον</span> <span class='ocrx_word' id='word_1_192' title='bbox 665 1998 1021 2068; x_wconf 72' lang='grc' dir='ltr'><strong>χαριστήριον</strong></span> <span class='ocrx_word' id='word_1_193' title='bbox 1057 1993 1167 2046; x_wconf 86' lang='grc' dir='ltr'><strong>τῶν</strong></span> <span class='ocrx_word' id='word_1_194' title='bbox 1196 1990 1445 2061; x_wconf 83' lang='grc' dir='ltr'><strong>ἀθλητῶν</strong></span> <span class='ocrx_word' id='word_1_195' title='bbox 1475 1990 1635 2060; x_wconf 76' lang='grc' dir='ltr'>χορὸς</span> <span class='ocrx_word' id='word_1_196' title='bbox 1669 1986 1784 2060; x_wconf 75' lang='grc' dir='ltr'>ᾅδει</span> <span class='ocrx_word' id='word_1_197' title='bbox 1818 2005 1920 2052; x_wconf 88' lang='grc' dir='ltr'>σοι,</span> 
     </span>
    </p>
   </div>
   <div class='ocr_carea' id='block_1_34' title="bbox 343 2078 1924 2158">
    <p class='ocr_par' dir='ltr' id='par_1_34' title="bbox 343 2078 1924 2158">
     <span class='ocr_line' id='line_1_35' title="bbox 343 2078 1924 2158; baseline -0.006 -16"><span class='ocrx_word' id='word_1_198' title='bbox 343 2087 483 2158; x_wconf 85' lang='grc' dir='ltr'>κόρη</span> <span class='ocrx_word' id='word_1_199' title='bbox 512 2103 569 2139; x_wconf 89' lang='grc' dir='ltr'><strong>σε</strong></span> <span class='ocrx_word' id='word_1_200' title='bbox 580 2084 708 2157; x_wconf 74' lang='grc' dir='ltr'>μνη,</span> <span class='ocrx_word' id='word_1_201' title='bbox 738 2084 834 2138; x_wconf 84' lang='grc' dir='ltr'>σοῦ</span> <span class='ocrx_word' id='word_1_202' title='bbox 869 2086 992 2147; x_wconf 86' lang='grc' dir='ltr'>ταῖς</span> <span class='ocrx_word' id='word_1_203' title='bbox 1021 2083 1268 2153; x_wconf 80' lang='grc' dir='ltr'>ὁδηγίαις</span> <span class='ocrx_word' id='word_1_204' title='bbox 1287 2079 1583 2151; x_wconf 79' lang='grc' dir='ltr'>νικηφόρος</span> <span class='ocrx_word' id='word_1_205' title='bbox 1609 2078 1924 2149; x_wconf 79' lang='grc' dir='ltr'>γενόμενος.</span> 
     </span>
    </p>
   </div>
   <div class='ocr_carea' id='block_1_35' title="bbox 429 2255 1926 2336">
    <p class='ocr_par' dir='ltr' id='par_1_35' title="bbox 429 2255 1926 2336">
     <span class='ocr_line' id='line_1_36' title="bbox 429 2255 1926 2336; baseline -0.009 -15"><span class='ocrx_word' id='word_1_206' title='bbox 429 2263 742 2336; x_wconf 79' lang='grc' dir='ltr'>Ὑπερτέρα</span> <span class='ocrx_word' id='word_1_207' title='bbox 769 2261 1058 2333; x_wconf 81' lang='grc' dir='ltr'><strong>δυνάμεων</strong></span> <span class='ocrx_word' id='word_1_208' title='bbox 1086 2258 1197 2314; x_wconf 85' lang='grc' dir='ltr'><strong>τῶν</strong></span> <span class='ocrx_word' id='word_1_209' title='bbox 1243 2255 1588 2328; x_wconf 71' lang='grc' dir='ltr'>ἐπουρανίων</span> <span class='ocrx_word' id='word_1_210' title='bbox 1619 2255 1681 2309; x_wconf 77' lang='grc' dir='ltr'>σὺ</span> <span class='ocrx_word' id='word_1_211' title='bbox 1707 2271 1926 2326; x_wconf 72' lang='grc' dir='ltr'>χρημασ</span> 
     </span>
    </p>
   </div>
   <div class='ocr_carea' id='block_1_36' title="bbox 344 2348 1930 2432">
    <p class='ocr_par' dir='ltr' id='par_1_36' title="bbox 344 2348 1930 2432">
     <span class='ocr_line' id='line_1_37' title="bbox 344 2348 1930 2432; baseline -0.009 -18"><span class='ocrx_word' id='word_1_212' title='bbox 344 2361 563 2423; x_wconf 85' lang='grc' dir='ltr'>τίσασα,</span> <span class='ocrx_word' id='word_1_213' title='bbox 601 2356 887 2432; x_wconf 82' lang='grc' dir='ltr'>σαρκικῶν</span> <span class='ocrx_word' id='word_1_214' title='bbox 919 2351 1110 2409; x_wconf 82' lang='grc' dir='ltr'>παθῶν</span> <span class='ocrx_word' id='word_1_215' title='bbox 1145 2352 1444 2424; x_wconf 78' lang='grc' dir='ltr'>ὑπέρτερον</span> <span class='ocrx_word' id='word_1_216' title='bbox 1469 2350 1563 2403; x_wconf 83' lang='grc' dir='ltr'>τὸν</span> <span class='ocrx_word' id='word_1_217' title='bbox 1600 2348 1755 2420; x_wconf 82' lang='grc' dir='ltr'>ὲμὺν,</span> <span class='ocrx_word' id='word_1_218' title='bbox 1779 2349 1930 2420; x_wconf 65' lang='lat' dir='ltr'><strong>[lupo</strong></span> 
     </span>
    </p>
   </div>
   <div class='ocr_carea' id='block_1_37' title="bbox 348 2447 982 2516">
    <p class='ocr_par' dir='ltr' id='par_1_37' title="bbox 348 2447 982 2516">
     <span class='ocr_line' id='line_1_38' title="bbox 348 2447 982 2516; baseline -0.003 -10"><span class='ocrx_word' id='word_1_219' title='bbox 348 2454 490 2516; x_wconf 75' lang='grc' dir='ltr'>θένε,</span> <span class='ocrx_word' id='word_1_220' title='bbox 521 2451 645 2507; x_wconf 79' lang='grc' dir='ltr'>νοῦν</span> <span class='ocrx_word' id='word_1_221' title='bbox 682 2447 982 2516; x_wconf 81' lang='grc' dir='ltr'>ἀνάδειξον.</span> 
     </span>
    </p>
   </div>
   <div class='ocr_carea' id='block_1_38' title="bbox 432 2535 1928 2616">
    <p class='ocr_par' dir='ltr' id='par_1_38' title="bbox 432 2535 1928 2616">
     <span class='ocr_line' id='line_1_39' title="bbox 432 2535 1928 2616; baseline -0.01 -16"><span class='ocrx_word' id='word_1_222' title='bbox 432 2546 604 2616; x_wconf 82' lang='grc' dir='ltr'>’Υπὲρ</span> <span class='ocrx_word' id='word_1_223' title='bbox 625 2545 735 2598; x_wconf 85' lang='grc' dir='ltr'><strong>τῶν</strong></span> <span class='ocrx_word' id='word_1_224' title='bbox 763 2544 843 2606; x_wconf 84' lang='grc' dir='ltr'><strong>είς</strong></span> <span class='ocrx_word' id='word_1_225' title='bbox 879 2544 940 2595; x_wconf 79' lang='grc' dir='ltr'>σὲ</span> <span class='ocrx_word' id='word_1_226' title='bbox 980 2541 1079 2603; x_wconf 84' lang='grc' dir='ltr'><strong>τὰς</strong></span> <span class='ocrx_word' id='word_1_227' title='bbox 1108 2537 1353 2601; x_wconf 81' lang='grc' dir='ltr'>ἐλπίδας,</span> <span class='ocrx_word' id='word_1_228' title='bbox 1389 2537 1612 2592; x_wconf 87' lang='grc' dir='ltr'>πάντων</span> <span class='ocrx_word' id='word_1_229' title='bbox 1637 2535 1928 2598; x_wconf 82' lang='grc' dir='ltr'>Δέσποινα,</span> 
     </span>
    </p>
   </div>
   <div class='ocr_carea' id='block_1_39' title="bbox 352 2625 1932 2709">
    <p class='ocr_par' dir='ltr' id='par_1_39' title="bbox 352 2625 1932 2709">
     <span class='ocr_line' id='line_1_40' title="bbox 352 2625 1932 2709; baseline -0.008 -18"><span class='ocrx_word' id='word_1_230' title='bbox 352 2639 708 2709; x_wconf 79' lang='grc' dir='ltr'><strong>κεκτημένων</strong></span> <span class='ocrx_word' id='word_1_231' title='bbox 767 2636 988 2691; x_wconf 88' lang='grc' dir='ltr'>πάντων</span> <span class='ocrx_word' id='word_1_232' title='bbox 1060 2630 1354 2703; x_wconf 74' lang='grc' dir='ltr'>πρέσὸευε,</span> <span class='ocrx_word' id='word_1_233' title='bbox 1428 2629 1579 2692; x_wconf 79' lang='grc' dir='ltr'>ὅπως</span> <span class='ocrx_word' id='word_1_234' title='bbox 1628 2625 1932 2696; x_wconf 78' lang='grc' dir='ltr'>μελλούσης</span> 
     </span>
    </p>
   </div>
   <div class='ocr_carea' id='block_1_40' title="bbox 350 2725 1159 2798">
    <p class='ocr_par' dir='ltr' id='par_1_40' title="bbox 350 2725 1159 2798">
     <span class='ocr_line' id='line_1_41' title="bbox 350 2725 1159 2798; baseline -0.004 -18"><span class='ocrx_word' id='word_1_235' title='bbox 350 2728 718 2798; x_wconf 86' lang='grc' dir='ltr'>λυτρωθῶμεν</span> <span class='ocrx_word' id='word_1_236' title='bbox 755 2725 1159 2796; x_wconf 84' lang='grc' dir='ltr'>κατακρίσεως.</span> 
     </span>
    </p>
   </div>
   <div class='ocr_carea' id='block_1_41' title="bbox 435 2809 1933 2892">
    <p class='ocr_par' dir='ltr' id='par_1_41' title="bbox 435 2809 1933 2892">
     <span class='ocr_line' id='line_1_42' title="bbox 435 2809 1933 2892; baseline -0.007 -17"><span class='ocrx_word' id='word_1_237' title='bbox 435 2820 773 2892; x_wconf 80' lang='grc' dir='ltr'>Ἀνόρθωσον</span> <span class='ocrx_word' id='word_1_238' title='bbox 805 2816 1210 2889; x_wconf 63' lang='grc' dir='ltr'>συμπωθέντα</span> <span class='ocrx_word' id='word_1_239' title='bbox 1236 2831 1303 2886; x_wconf 91' lang='grc' dir='ltr'><strong>με</strong></span> <span class='ocrx_word' id='word_1_240' title='bbox 1337 2813 1481 2881; x_wconf 82' lang='grc' dir='ltr'>ὅλον,</span> <span class='ocrx_word' id='word_1_241' title='bbox 1503 2811 1581 2876; x_wconf 87' lang='grc' dir='ltr'><strong>ὡς</strong></span> <span class='ocrx_word' id='word_1_242' title='bbox 1611 2812 1724 2874; x_wconf 87' lang='grc' dir='ltr'>τοῖς</span> <span class='ocrx_word' id='word_1_243' title='bbox 1760 2809 1933 2865; x_wconf 87' lang='grc' dir='ltr'>πάθε-</span> 
     </span>
    </p>
   </div>
   <div class='ocr_carea' id='block_1_42' title="bbox 354 2903 1935 2983">
    <p class='ocr_par' dir='ltr' id='par_1_42' title="bbox 354 2903 1935 2983">
     <span class='ocr_line' id='line_1_43' title="bbox 354 2903 1935 2983; baseline -0.009 -16"><span class='ocrx_word' id='word_1_244' title='bbox 354 2931 438 2968; x_wconf 88' lang='grc' dir='ltr'><strong>σιν</strong></span> <span class='ocrx_word' id='word_1_245' title='bbox 471 2913 760 2977; x_wconf 78' lang='grc' dir='ltr'>ἀνοίξαντα</span> <span class='ocrx_word' id='word_1_246' title='bbox 793 2911 987 2983; x_wconf 86' lang='grc' dir='ltr'>θύραν,</span> <span class='ocrx_word' id='word_1_247' title='bbox 1020 2910 1114 2962; x_wconf 75' lang='grc' dir='ltr'><strong>καὶ</strong></span> <span class='ocrx_word' id='word_1_248' title='bbox 1153 2911 1221 2980; x_wconf 79' lang='grc' dir='ltr'>τῇ</span> <span class='ocrx_word' id='word_1_249' title='bbox 1253 2908 1310 2961; x_wconf 80' lang='grc' dir='ltr'>ὲν</span> <span class='ocrx_word' id='word_1_250' title='bbox 1342 2905 1427 2960; x_wconf 80' lang='grc' dir='ltr'>σοὶ</span> <span class='ocrx_word' id='word_1_251' title='bbox 1468 2903 1649 2975; x_wconf 79' lang='grc' dir='ltr'>ἀγαθῇ</span> <span class='ocrx_word' id='word_1_252' title='bbox 1685 2903 1935 2975; x_wconf 71' lang='grc' dir='ltr'>μεσιτείᾳ</span> 
     </span>
    </p>
   </div>
   <div class='ocr_carea' id='block_1_43' title="bbox 351 2997 1934 3079">
    <p class='ocr_par' dir='ltr' id='par_1_43' title="bbox 351 2997 1934 3079">
     <span class='ocr_line' id='line_1_44' title="bbox 351 2997 1934 3079; baseline -0.008 -18"><span class='ocrx_word' id='word_1_253' title='bbox 351 3006 493 3079; x_wconf 77' lang='grc' dir='ltr'>πρὸς</span> <span class='ocrx_word' id='word_1_254' title='bbox 531 3005 826 3076; x_wconf 84' lang='grc' dir='ltr'>μετανοίας</span> <span class='ocrx_word' id='word_1_255' title='bbox 851 3002 1093 3064; x_wconf 75' lang='grc' dir='ltr'>εἰσόδους</span> <span class='ocrx_word' id='word_1_256' title='bbox 1121 2999 1412 3070; x_wconf 82' lang='grc' dir='ltr'>εἰσάγαγε,</span> <span class='ocrx_word' id='word_1_257' title='bbox 1459 2997 1556 3052; x_wconf 75' lang='grc' dir='ltr'><strong>καὶ</strong></span> <span class='ocrx_word' id='word_1_258' title='bbox 1587 2997 1761 3050; x_wconf 83' lang='grc' dir='ltr'>σῶσόν</span> <span class='ocrx_word' id='word_1_259' title='bbox 1804 3014 1873 3069; x_wconf 88' lang='grc' dir='ltr'><strong>με</strong></span> <span class='ocrx_word' id='word_1_260' title='bbox 1899 2997 1934 3067; x_wconf 86' lang='grc' dir='ltr'><strong>ή</strong></span> 
     </span>
    </p>
   </div>
   <div class='ocr_carea' id='block_1_44' title="bbox 349 3091 1693 3169">
    <p class='ocr_par' dir='ltr' id='par_1_44' title="bbox 349 3091 1693 3169">
     <span class='ocr_line' id='line_1_45' title="bbox 349 3091 1693 3169; baseline -0.007 -14"><span class='ocrx_word' id='word_1_261' title='bbox 349 3098 446 3155; x_wconf 85' lang='grc' dir='ltr'>τοῦ</span> <span class='ocrx_word' id='word_1_262' title='bbox 474 3097 674 3162; x_wconf 69' lang='grc' dir='ltr'>παντὸς</span> <span class='ocrx_word' id='word_1_263' title='bbox 702 3099 796 3152; x_wconf 82' lang='grc' dir='ltr'>τὸν</span> <span class='ocrx_word' id='word_1_264' title='bbox 819 3095 1052 3169; x_wconf 79' lang='grc' dir='ltr'>Σωτῆρα</span> <span class='ocrx_word' id='word_1_265' title='bbox 1077 3092 1315 3148; x_wconf 78' lang='grc' dir='ltr'>τεκοῦσα</span> <span class='ocrx_word' id='word_1_266' title='bbox 1345 3093 1438 3145; x_wconf 83' lang='grc' dir='ltr'><strong>καὶ</strong></span> <span class='ocrx_word' id='word_1_267' title='bbox 1466 3091 1693 3162; x_wconf 80' lang='grc' dir='ltr'>Κύριον.</span> 
     </span>
    </p>
   </div>
   <div class='ocr_carea' id='block_1_45' title="bbox 430 3270 1932 3354">
    <p class='ocr_par' dir='ltr' id='par_1_45' title="bbox 430 3270 1932 3354">
     <span class='ocr_line' id='line_1_46' title="bbox 430 3270 1932 3354; baseline -0.009 -18"><span class='ocrx_word' id='word_1_268' title='bbox 430 3282 596 3354; x_wconf 88' lang='grc' dir='ltr'>Ὀρος</span> <span class='ocrx_word' id='word_1_269' title='bbox 629 3279 920 3351; x_wconf 83' lang='grc' dir='ltr'>προφήτης</span> <span class='ocrx_word' id='word_1_270' title='bbox 947 3274 1150 3346; x_wconf 87' lang='grc' dir='ltr'>Δανιήλ</span> <span class='ocrx_word' id='word_1_271' title='bbox 1189 3292 1249 3328; x_wconf 89' lang='grc' dir='ltr'><strong>σε</strong></span> <span class='ocrx_word' id='word_1_272' title='bbox 1291 3272 1425 3344; x_wconf 84' lang='grc' dir='ltr'>θείῳ</span> <span class='ocrx_word' id='word_1_273' title='bbox 1477 3271 1760 3343; x_wconf 84' lang='grc' dir='ltr'>Πνεύματι</span> <span class='ocrx_word' id='word_1_274' title='bbox 1798 3270 1932 3323; x_wconf 72' lang='grc' dir='ltr'><strong>ἑκά-</strong></span> 
     </span>
    </p>
   </div>
   <div class='ocr_carea' id='block_1_46' title="bbox 347 3361 1935 3440">
    <p class='ocr_par' dir='ltr' id='par_1_46' title="bbox 347 3361 1935 3440">
     <span class='ocr_line' id='line_1_47' title="bbox 347 3361 1935 3440; baseline -0.007 -17"><span class='ocrx_word' id='word_1_275' title='bbox 347 3369 497 3433; x_wconf 83' lang='grc' dir='ltr'>λεσε,</span> <span class='ocrx_word' id='word_1_276' title='bbox 556 3369 829 3440; x_wconf 82' lang='grc' dir='ltr'>Παρθένε,</span> <span class='ocrx_word' id='word_1_277' title='bbox 867 3365 928 3431; x_wconf 74' lang='grc' dir='ltr'><strong>ἐξ</strong></span> <span class='ocrx_word' id='word_1_278' title='bbox 977 3361 1038 3420; x_wconf 76' lang='grc' dir='ltr'><strong>οὗ</strong></span> <span class='ocrx_word' id='word_1_279' title='bbox 1075 3365 1222 3428; x_wconf 83' lang='grc' dir='ltr'>λίθος</span> <span class='ocrx_word' id='word_1_280' title='bbox 1277 3361 1516 3434; x_wconf 80' lang='grc' dir='ltr'>Χριστὸς</span> <span class='ocrx_word' id='word_1_281' title='bbox 1565 3361 1693 3416; x_wconf 69' lang='grc' dir='ltr'>ἄνευ</span> <span class='ocrx_word' id='word_1_282' title='bbox 1751 3361 1935 3432; x_wconf 81' lang='grc' dir='ltr'>χειρὸς</span> 
     </span>
    </p>
   </div>
   <div class='ocr_carea' id='block_1_47' title="bbox 350 3452 1934 3534">
    <p class='ocr_par' dir='ltr' id='par_1_47' title="bbox 350 3452 1934 3534">
     <span class='ocr_line' id='line_1_48' title="bbox 350 3452 1934 3534; baseline -0.005 -18"><span class='ocrx_word' id='word_1_283' title='bbox 350 3462 589 3534; x_wconf 75' lang='grc' dir='ltr'>ἐτμήθη,</span> <span class='ocrx_word' id='word_1_284' title='bbox 622 3462 718 3515; x_wconf 77' lang='grc' dir='ltr'><strong>καὶ</strong></span> <span class='ocrx_word' id='word_1_285' title='bbox 757 3458 1055 3530; x_wconf 78' lang='grc' dir='ltr'>συντριὸήν</span> <span class='ocrx_word' id='word_1_286' title='bbox 1112 3458 1416 3528; x_wconf 82' lang='grc' dir='ltr'>είργάσατο</span> <span class='ocrx_word' id='word_1_287' title='bbox 1447 3453 1558 3510; x_wconf 87' lang='grc' dir='ltr'><strong>τῶν</strong></span> <span class='ocrx_word' id='word_1_288' title='bbox 1588 3455 1796 3523; x_wconf 83' lang='grc' dir='ltr'>ξοάνων</span> <span class='ocrx_word' id='word_1_289' title='bbox 1833 3452 1934 3525; x_wconf 83' lang='grc' dir='ltr'>τῆς</span> 
     </span>
    </p>
   </div>
   <div class='ocr_carea' id='block_1_48' title="bbox 350 3555 586 3625">
    <p class='ocr_par' dir='ltr' id='par_1_48' title="bbox 350 3555 586 3625">
     <span class='ocr_line' id='line_1_49' title="bbox 350 3555 586 3625; baseline -0.004 -18"><span class='ocrx_word' id='word_1_290' title='bbox 350 3555 586 3625; x_wconf 84' lang='grc' dir='ltr'>ἀπάτης.</span> 
     </span>
    </p>
   </div>
   <div class='ocr_carea' id='block_1_49' title="bbox 425 3641 1936 3716">
    <p class='ocr_par' dir='ltr' id='par_1_49' title="bbox 425 3641 1936 3716">
     <span class='ocr_line' id='line_1_50' title="bbox 425 3641 1936 3716; baseline -0.003 -18"><span class='ocrx_word' id='word_1_291' title='bbox 425 3644 725 3716; x_wconf 81' lang='grc' dir='ltr'>Συμπαθὴς</span> <span class='ocrx_word' id='word_1_292' title='bbox 771 3643 1057 3716; x_wconf 80' lang='grc' dir='ltr'>Παρθένε,</span> <span class='ocrx_word' id='word_1_293' title='bbox 1109 3645 1144 3714; x_wconf 84' lang='grc' dir='ltr'><strong>ή</strong></span> <span class='ocrx_word' id='word_1_294' title='bbox 1195 3643 1288 3696; x_wconf 79' lang='grc' dir='ltr'><strong>τὸν</strong></span> <span class='ocrx_word' id='word_1_295' title='bbox 1333 3641 1787 3714; x_wconf 83' lang='grc' dir='ltr'>συμπαθέστατον</span> <span class='ocrx_word' id='word_1_296' title='bbox 1844 3657 1936 3694; x_wconf 81' lang='grc' dir='ltr'><strong>τεο</strong></span> 
     </span>
    </p>
   </div>
   <div class='ocr_carea' id='block_1_50' title="bbox 353 3733 1933 3807">
    <p class='ocr_par' dir='ltr' id='par_1_50' title="bbox 353 3733 1933 3807">
     <span class='ocr_line' id='line_1_51' title="bbox 353 3733 1933 3807; baseline -0.003 -16"><span class='ocrx_word' id='word_1_297' title='bbox 353 3737 528 3792; x_wconf 82' lang='grc' dir='ltr'><strong>κοῦσα</strong></span> <span class='ocrx_word' id='word_1_298' title='bbox 553 3737 749 3806; x_wconf 82' lang='grc' dir='ltr'>Λόγον,</span> <span class='ocrx_word' id='word_1_299' title='bbox 773 3737 876 3804; x_wconf 48' lang='grc' dir='ltr'>,τὸν</span> <span class='ocrx_word' id='word_1_300' title='bbox 915 3733 1220 3807; x_wconf 79' lang='grc' dir='ltr'>ἀσυμπαθῆ</span> <span class='ocrx_word' id='word_1_301' title='bbox 1244 3749 1311 3805; x_wconf 89' lang='grc' dir='ltr'><strong>με</strong></span> <span class='ocrx_word' id='word_1_302' title='bbox 1336 3733 1549 3806; x_wconf 82' lang='grc' dir='ltr'>δωρεὰν</span> <span class='ocrx_word' id='word_1_303' title='bbox 1570 3733 1933 3802; x_wconf 83' lang='grc' dir='ltr'>οίκτείρησον,</span> 
     </span>
    </p>
   </div>
   <div class='ocr_carea' id='block_1_51' title="bbox 352 3825 1937 3900">
    <p class='ocr_par' dir='ltr' id='par_1_51' title="bbox 352 3825 1937 3900">
     <span class='ocr_line' id='line_1_52' title="bbox 352 3825 1937 3900; baseline -0.005 -16"><span class='ocrx_word' id='word_1_304' title='bbox 352 3828 782 3900; x_wconf 82' lang='grc' dir='ltr'>ἀπεγνωσμένον</span> <span class='ocrx_word' id='word_1_305' title='bbox 841 3828 1180 3898; x_wconf 87' lang='grc' dir='ltr'>πταίσμασιν</span> <span class='ocrx_word' id='word_1_306' title='bbox 1224 3826 1509 3898; x_wconf 77' lang='grc' dir='ltr'>ἀμέτροις,</span> <span class='ocrx_word' id='word_1_307' title='bbox 1546 3829 1640 3880; x_wconf 74' lang='grc' dir='ltr'><strong>καὶ</strong></span> <span class='ocrx_word' id='word_1_308' title='bbox 1687 3825 1763 3896; x_wconf 85' lang='grc' dir='ltr'>μὴ</span> <span class='ocrx_word' id='word_1_309' title='bbox 1815 3825 1937 3876; x_wconf 74' lang='grc' dir='ltr'>ἐπι-</span> 
     </span>
    </p>
   </div>
   <div class='ocr_carea' id='block_1_52' title="bbox 355 3917 1862 3994">
    <p class='ocr_par' dir='ltr' id='par_1_52' title="bbox 355 3917 1862 3994">
     <span class='ocr_line' id='line_1_53' title="bbox 355 3917 1862 3994; baseline -0.005 -17"><span class='ocrx_word' id='word_1_310' title='bbox 355 3925 680 3994; x_wconf 63' lang='grc' dir='ltr'>στρέφοντα,</span> <span class='ocrx_word' id='word_1_311' title='bbox 723 3921 840 3976; x_wconf 81' lang='grc' dir='ltr'>ἀλλ’</span> <span class='ocrx_word' id='word_1_312' title='bbox 877 3923 935 3977; x_wconf 75' lang='grc' dir='ltr'>ὲν</span> <span class='ocrx_word' id='word_1_313' title='bbox 980 3921 1228 3994; x_wconf 75' lang='grc' dir='ltr'>ῥαθυμίᾳ</span> <span class='ocrx_word' id='word_1_314' title='bbox 1252 3922 1343 3975; x_wconf 83' lang='grc' dir='ltr'>τὸν</span> <span class='ocrx_word' id='word_1_315' title='bbox 1376 3921 1489 3992; x_wconf 81' lang='grc' dir='ltr'>βίον</span> <span class='ocrx_word' id='word_1_316' title='bbox 1516 3917 1862 3974; x_wconf 86' lang='grc' dir='ltr'>δαπανῶντα.</span> 
     </span>
    </p>
   </div>
   <div class='ocr_carea' id='block_1_53' title="bbox 424 4101 1939 4180">
    <p class='ocr_par' dir='ltr' id='par_1_53' title="bbox 424 4101 1939 4180">
     <span class='ocr_line' id='line_1_54' title="bbox 424 4101 1939 4180; baseline -0.005 -16"><span class='ocrx_word' id='word_1_317' title='bbox 424 4109 570 4165; x_wconf 58' lang='lat' dir='ltr'><strong>hoc!</strong></span> <span class='ocrx_word' id='word_1_318' title='bbox 599 4109 698 4179; x_wconf 81' lang='grc' dir='ltr'>τῆς</span> <span class='ocrx_word' id='word_1_319' title='bbox 734 4107 1027 4180; x_wconf 83' lang='grc' dir='ltr'>μετανοίας</span> <span class='ocrx_word' id='word_1_320' title='bbox 1053 4104 1316 4175; x_wconf 77' lang='grc' dir='ltr'>αύγασον,</span> <span class='ocrx_word' id='word_1_321' title='bbox 1340 4102 1606 4175; x_wconf 72' lang='grc' dir='ltr'>ῐίαρθενε,</span> <span class='ocrx_word' id='word_1_322' title='bbox 1628 4102 1729 4173; x_wconf 82' lang='grc' dir='ltr'><strong>τῆς</strong></span> <span class='ocrx_word' id='word_1_323' title='bbox 1755 4101 1939 4174; x_wconf 79' lang='grc' dir='ltr'>ἁμαρ-</span> 
     </span>
    </p>
   </div>
   <div class='ocr_carea' id='block_1_54' title="bbox 354 4195 1935 4272">
    <p class='ocr_par' dir='ltr' id='par_1_54' title="bbox 354 4195 1935 4272">
     <span class='ocr_line' id='line_1_55' title="bbox 354 4195 1935 4272; baseline -0.006 -14"><span class='ocrx_word' id='word_1_324' title='bbox 354 4204 475 4267; x_wconf 82' lang='grc' dir='ltr'>τίας</span> <span class='ocrx_word' id='word_1_325' title='bbox 499 4202 655 4257; x_wconf 88' lang='grc' dir='ltr'>νυκτί</span> <span class='ocrx_word' id='word_1_326' title='bbox 693 4219 760 4272; x_wconf 85' lang='grc' dir='ltr'><strong>με</strong></span> <span class='ocrx_word' id='word_1_327' title='bbox 807 4201 1193 4270; x_wconf 85' lang='grc' dir='ltr'>σκοτούμενον,</span> <span class='ocrx_word' id='word_1_328' title='bbox 1244 4199 1341 4253; x_wconf 72' lang='grc' dir='ltr'><strong>καὶ</strong></span> <span class='ocrx_word' id='word_1_329' title='bbox 1406 4195 1683 4270; x_wconf 72' lang='grc' dir='ltr'>ῥᾳθυμίας</span> <span class='ocrx_word' id='word_1_330' title='bbox 1735 4196 1935 4269; x_wconf 81' lang='grc' dir='ltr'>ὁμίχλῃ</span> 
     </span>
    </p>
   </div>
   <div class='ocr_carea' id='block_1_55' title="bbox 359 4294 895 4364">
    <p class='ocr_par' dir='ltr' id='par_1_55' title="bbox 359 4294 895 4364">
     <span class='ocr_line' id='line_1_56' title="bbox 359 4294 895 4364; baseline 0 -16"><span class='ocrx_word' id='word_1_331' title='bbox 359 4313 458 4364; x_wconf 87' lang='grc' dir='ltr'><strong>συγ</strong></span> <span class='ocrx_word' id='word_1_332' title='bbox 467 4294 895 4363; x_wconf 86' lang='grc' dir='ltr'>καλυπτόμενον.</span> 
     </span>
    </p>
   </div>
   <div class='ocr_carea' id='block_1_56' title="bbox 371 4423 1936 4493">
    <p class='ocr_par' dir='ltr' id='par_1_56' title="bbox 371 4423 1936 4493">
     <span class='ocr_line' id='line_1_57' title="bbox 371 4423 1936 4493; baseline -0.006 -9"><span class='ocrx_word' id='word_1_333' title='bbox 371 4433 474 4484; x_wconf 78' lang='grc' dir='ltr'><strong>Ἐκ</strong></span> <span class='ocrx_word' id='word_1_334' title='bbox 501 4429 608 4483; x_wconf 79' lang='grc' dir='ltr'>τοῦ</span> <span class='ocrx_word' id='word_1_335' title='bbox 647 4431 911 4493; x_wconf 79' lang='grc' dir='ltr'>κανόνος</span> <span class='ocrx_word' id='word_1_336' title='bbox 957 4428 1047 4490; x_wconf 79' lang='grc' dir='ltr'>εις</span> <span class='ocrx_word' id='word_1_337' title='bbox 1075 4424 1214 4491; x_wconf 83' lang='grc' dir='ltr'>τοὺς</span> <span class='ocrx_word' id='word_1_338' title='bbox 1241 4425 1452 4493; x_wconf 79' lang='grc' dir='ltr'>ἁγίους</span> <span class='ocrx_word' id='word_1_339' title='bbox 1490 4423 1799 4493; x_wconf 75' lang='grc' dir='ltr'>μάρτυρας</span> <span class='ocrx_word' id='word_1_340' title='bbox 1839 4424 1936 4476; x_wconf 83' lang='grc' dir='ltr'><strong>Τε-</strong></span> 
     </span>
    </p>
   </div>
   <div class='ocr_carea' id='block_1_57' title="bbox 383 4493 1892 4571">
    <p class='ocr_par' dir='ltr' id='par_1_57' title="bbox 383 4493 1892 4571">
     <span class='ocr_line' id='line_1_58' title="bbox 383 4493 1892 4571; baseline -0.008 -16"><span class='ocrx_word' id='word_1_341' title='bbox 383 4500 1032 4570; x_wconf 67' lang='grc' dir='ltr'>ρέντιον,Ποιιπόνιον,</span> <span class='ocrx_word' id='word_1_342' title='bbox 1062 4496 1335 4565; x_wconf 73' lang='grc' dir='ltr'>Μάξιμον</span> <span class='ocrx_word' id='word_1_343' title='bbox 1351 4513 1408 4548; x_wconf 83' lang='grc' dir='ltr'>κ.</span> <span class='ocrx_word' id='word_1_344' title='bbox 1439 4511 1501 4571; x_wconf 37' lang='grc' dir='ltr'>τ..</span> <span class='ocrx_word' id='word_1_345' title='bbox 1521 4499 1583 4548; x_wconf 76' lang='grc' dir='ltr'>λ.</span> <span class='ocrx_word' id='word_1_346' title='bbox 1618 4493 1807 4562; x_wconf 76' lang='grc' dir='ltr'>ἡμέρᾳ</span> <span class='ocrx_word' id='word_1_347' title='bbox 1840 4499 1892 4544; x_wconf 87' lang='lat' dir='ltr'><strong>t&#39;.</strong></span> 
     </span>
    </p>
   </div>
   <div class='ocr_carea' id='block_1_58' title="bbox 440 4628 1937 4706">
    <p class='ocr_par' dir='ltr' id='par_1_58' title="bbox 440 4628 1937 4706">
     <span class='ocr_line' id='line_1_59' title="bbox 440 4628 1937 4706; baseline -0.006 -17"><span class='ocrx_word' id='word_1_348' title='bbox 440 4632 631 4706; x_wconf 83' lang='grc' dir='ltr'>’Υμνῶ</span> <span class='ocrx_word' id='word_1_349' title='bbox 665 4649 746 4699; x_wconf 89' lang='grc' dir='ltr'><strong>σε,</strong></span> <span class='ocrx_word' id='word_1_350' title='bbox 783 4631 1054 4703; x_wconf 78' lang='grc' dir='ltr'>Παρθένε,</span> <span class='ocrx_word' id='word_1_351' title='bbox 1083 4632 1167 4685; x_wconf 84' lang='grc' dir='ltr'>ὅτι</span> <span class='ocrx_word' id='word_1_352' title='bbox 1199 4630 1365 4696; x_wconf 82' lang='grc' dir='ltr'>Θεὸν,</span> <span class='ocrx_word' id='word_1_353' title='bbox 1414 4629 1735 4700; x_wconf 84' lang='grc' dir='ltr'>πανύμνητε</span> <span class='ocrx_word' id='word_1_354' title='bbox 1777 4628 1937 4698; x_wconf 87' lang='grc' dir='ltr'>μόνη,</span> 
     </span>
    </p>
   </div>
   <div class='ocr_carea' id='block_1_59' title="bbox 358 4719 1937 4795">
    <p class='ocr_par' dir='ltr' id='par_1_59' title="bbox 358 4719 1937 4795">
     <span class='ocr_line' id='line_1_60' title="bbox 358 4719 1937 4795; baseline -0.008 -12"><span class='ocrx_word' id='word_1_355' title='bbox 358 4728 733 4795; x_wconf 73' lang='grc' dir='ltr'>ἑσωμάτωσας</span> <span class='ocrx_word' id='word_1_356' title='bbox 764 4727 828 4778; x_wconf 79' lang='grc' dir='ltr'><strong>ὲκ</strong></span> <span class='ocrx_word' id='word_1_357' title='bbox 861 4723 972 4778; x_wconf 84' lang='grc' dir='ltr'><strong>τῶν</strong></span> <span class='ocrx_word' id='word_1_358' title='bbox 998 4723 1200 4794; x_wconf 85' lang='grc' dir='ltr'>τιμίων</span> <span class='ocrx_word' id='word_1_359' title='bbox 1229 4721 1341 4776; x_wconf 87' lang='grc' dir='ltr'><strong>σῶν</strong></span> <span class='ocrx_word' id='word_1_360' title='bbox 1367 4721 1640 4790; x_wconf 75' lang='grc' dir='ltr'>αἱμάτων,</span> <span class='ocrx_word' id='word_1_361' title='bbox 1677 4719 1937 4787; x_wconf 85' lang='grc' dir='ltr'>παναγία,</span> 
     </span>
    </p>
   </div>
   <div class='ocr_carea' id='block_1_60' title="bbox 358 4812 1493 4891">
    <p class='ocr_par' dir='ltr' id='par_1_60' title="bbox 358 4812 1493 4891">
     <span class='ocr_line' id='line_1_61' title="bbox 358 4812 1493 4891; baseline -0.006 -16"><span class='ocrx_word' id='word_1_362' title='bbox 358 4821 454 4876; x_wconf 73' lang='grc' dir='ltr'><strong>καὶ</strong></span> <span class='ocrx_word' id='word_1_363' title='bbox 486 4819 628 4891; x_wconf 84' lang='grc' dir='ltr'>ὑπὲρ</span> <span class='ocrx_word' id='word_1_364' title='bbox 667 4817 824 4888; x_wconf 89' lang='grc' dir='ltr'>λόγον</span> <span class='ocrx_word' id='word_1_365' title='bbox 860 4816 1106 4888; x_wconf 80' lang='grc' dir='ltr'>φρικτῶς</span> <span class='ocrx_word' id='word_1_366' title='bbox 1144 4812 1493 4885; x_wconf 80' lang='grc' dir='ltr'>ἀπεκύησας.</span> 
     </span>
    </p>
   </div>
   <div class='ocr_carea' id='block_1_61' title="bbox 431 4998 1942 5077">
    <p class='ocr_par' dir='ltr' id='par_1_61' title="bbox 431 4998 1942 5077">
     <span class='ocr_line' id='line_1_62' title="bbox 431 4998 1942 5077; baseline -0.007 -15"><span class='ocrx_word' id='word_1_367' title='bbox 431 5007 612 5062; x_wconf 87' lang='grc' dir='ltr'>Σῶσόν</span> <span class='ocrx_word' id='word_1_368' title='bbox 633 5024 724 5077; x_wconf 88' lang='grc' dir='ltr'><strong>με,</strong></span> <span class='ocrx_word' id='word_1_369' title='bbox 743 5004 1001 5074; x_wconf 82' lang='grc' dir='ltr'>κυήσασα</span> <span class='ocrx_word' id='word_1_370' title='bbox 1021 5002 1115 5058; x_wconf 79' lang='grc' dir='ltr'>τὸν</span> <span class='ocrx_word' id='word_1_371' title='bbox 1136 5000 1487 5074; x_wconf 84' lang='grc' dir='ltr'>ύπεράγαθον</span> <span class='ocrx_word' id='word_1_372' title='bbox 1509 4998 1738 5071; x_wconf 82' lang='grc' dir='ltr'>Κύριον,</span> <span class='ocrx_word' id='word_1_373' title='bbox 1765 4998 1942 5070; x_wconf 79' lang='grc' dir='ltr'>μῆτερ</span> 
     </span>
    </p>
   </div>
   <div class='ocr_carea' id='block_1_62' title="bbox 358 5093 1938 5172">
    <p class='ocr_par' dir='ltr' id='par_1_62' title="bbox 358 5093 1938 5172">
     <span class='ocr_line' id='line_1_63' title="bbox 358 5093 1938 5172; baseline -0.005 -15"><span class='ocrx_word' id='word_1_374' title='bbox 358 5101 526 5172; x_wconf 76' lang='grc' dir='ltr'>ἁγνὴ,</span> <span class='ocrx_word' id='word_1_375' title='bbox 560 5099 768 5156; x_wconf 79' lang='grc' dir='ltr'>παῦσον</span> <span class='ocrx_word' id='word_1_376' title='bbox 795 5098 894 5168; x_wconf 81' lang='grc' dir='ltr'>τῆς</span> <span class='ocrx_word' id='word_1_377' title='bbox 926 5097 1103 5168; x_wconf 69' lang='grc' dir='ltr'>ψυχῆς</span> <span class='ocrx_word' id='word_1_378' title='bbox 1135 5112 1238 5166; x_wconf 92' lang='grc' dir='ltr'><strong>μου</strong></span> <span class='ocrx_word' id='word_1_379' title='bbox 1271 5094 1645 5166; x_wconf 82' lang='grc' dir='ltr'>πολυτάραχον</span> <span class='ocrx_word' id='word_1_380' title='bbox 1674 5093 1938 5149; x_wconf 81' lang='grc' dir='ltr'>κλύδωνα.</span> 
     </span>
    </p>
   </div>
   <div class='ocr_carea' id='block_1_63' title="bbox 430 5273 1941 5351">
    <p class='ocr_par' dir='ltr' id='par_1_63' title="bbox 430 5273 1941 5351">
     <span class='ocr_line' id='line_1_64' title="bbox 430 5273 1941 5351; baseline -0.007 -13"><span class='ocrx_word' id='word_1_381' title='bbox 430 5285 521 5349; x_wconf 74' lang='grc' dir='ltr'><strong>Σὲ,</strong></span> <span class='ocrx_word' id='word_1_382' title='bbox 553 5282 866 5351; x_wconf 85' lang='grc' dir='ltr'>πανάμωμε</span> <span class='ocrx_word' id='word_1_383' title='bbox 901 5278 1191 5340; x_wconf 78' lang='grc' dir='ltr'>Δέσποινα,</span> <span class='ocrx_word' id='word_1_384' title='bbox 1220 5276 1550 5347; x_wconf 78' lang='grc' dir='ltr'>πειρασμοῖς</span> <span class='ocrx_word' id='word_1_385' title='bbox 1574 5273 1941 5345; x_wconf 87' lang='grc' dir='ltr'>κυκλούμενος</span> 
     </span>
    </p>
   </div>
   <div class='ocr_carea' id='block_1_64' title="bbox 365 5366 1938 5444">
    <p class='ocr_par' dir='ltr' id='par_1_64' title="bbox 365 5366 1938 5444">
     <span class='ocr_line' id='line_1_65' title="bbox 365 5366 1938 5444; baseline -0.006 -16"><span class='ocrx_word' id='word_1_386' title='bbox 365 5378 443 5438; x_wconf 79' lang='grc' dir='ltr'><strong>είς</strong></span> <span class='ocrx_word' id='word_1_387' title='bbox 493 5375 745 5444; x_wconf 82' lang='grc' dir='ltr'>βοήθειαν</span> <span class='ocrx_word' id='word_1_388' title='bbox 789 5371 1210 5442; x_wconf 72' lang='grc' dir='ltr'>προσκαλοῦμαι</span> <span class='ocrx_word' id='word_1_389' title='bbox 1239 5386 1252 5401; x_wconf 78' lang='grc' dir='ltr'><strong>ο</strong></span> <span class='ocrx_word' id='word_1_390' title='bbox 1312 5368 1567 5432; x_wconf 80' lang='grc' dir='ltr'>σπεῦσον,</span> <span class='ocrx_word' id='word_1_391' title='bbox 1621 5366 1794 5420; x_wconf 89' lang='grc' dir='ltr'>σῶσόν</span> <span class='ocrx_word' id='word_1_392' title='bbox 1849 5383 1938 5437; x_wconf 86' lang='grc' dir='ltr'><strong>με,</strong></span> 
     </span>
    </p>
   </div>
   <div class='ocr_carea' id='block_1_65' title="bbox 365 5466 1290 5535">
    <p class='ocr_par' dir='ltr' id='par_1_65' title="bbox 365 5466 1290 5535">
     <span class='ocr_line' id='line_1_66' title="bbox 365 5466 1290 5535; baseline -0.004 -15"><span class='ocrx_word' id='word_1_393' title='bbox 365 5467 456 5520; x_wconf 76' lang='grc' dir='ltr'>τὸν</span> <span class='ocrx_word' id='word_1_394' title='bbox 487 5466 718 5534; x_wconf 75' lang='grc' dir='ltr'>Σωτῆρα</span> <span class='ocrx_word' id='word_1_395' title='bbox 753 5466 924 5533; x_wconf 81' lang='grc' dir='ltr'>Λόγον</span> <span class='ocrx_word' id='word_1_396' title='bbox 955 5467 988 5535; x_wconf 87' lang='grc' dir='ltr'><strong>ή</strong></span> <span class='ocrx_word' id='word_1_397' title='bbox 1015 5468 1290 5534; x_wconf 81' lang='grc' dir='ltr'>κυήσασα.</span> 
     </span>
    </p>
   </div>
   <div class='ocr_carea' id='block_1_66' title="bbox 434 5553 1941 5626">
    <p class='ocr_par' dir='ltr' id='par_1_66' title="bbox 434 5553 1941 5626">
     <span class='ocr_line' id='line_1_67' title="bbox 434 5553 1941 5626; baseline -0.003 -16"><span class='ocrx_word' id='word_1_398' title='bbox 434 5556 814 5626; x_wconf 85' lang='grc' dir='ltr'>Δυτρούμενος</span> <span class='ocrx_word' id='word_1_399' title='bbox 849 5556 1140 5623; x_wconf 79' lang='grc' dir='ltr'>ὲπέφανεν,</span> <span class='ocrx_word' id='word_1_400' title='bbox 1176 5555 1435 5626; x_wconf 78' lang='grc' dir='ltr'>ἄχραντε,</span> <span class='ocrx_word' id='word_1_401' title='bbox 1469 5554 1498 5605; x_wconf 83' lang='grc' dir='ltr'><strong>ό</strong></span> <span class='ocrx_word' id='word_1_402' title='bbox 1536 5553 1666 5615; x_wconf 79' lang='grc' dir='ltr'>Υἱός</span> <span class='ocrx_word' id='word_1_403' title='bbox 1716 5569 1810 5606; x_wconf 83' lang='grc' dir='ltr'><strong>σου</strong></span> <span class='ocrx_word' id='word_1_404' title='bbox 1846 5553 1941 5606; x_wconf 76' lang='grc' dir='ltr'><strong>ἄν·-</strong></span> 
     </span>
    </p>
   </div>
   <div class='ocr_carea' id='block_1_67' title="bbox 366 5645 1938 5717">
    <p class='ocr_par' dir='ltr' id='par_1_67' title="bbox 366 5645 1938 5717">
     <span class='ocr_line' id='line_1_68' title="bbox 366 5645 1938 5717; baseline -0.001 -17"><span class='ocrx_word' id='word_1_405' title='bbox 366 5649 588 5716; x_wconf 78' lang='grc' dir='ltr'>θρωπος</span> <span class='ocrx_word' id='word_1_406' title='bbox 624 5648 920 5715; x_wconf 88' lang='grc' dir='ltr'>γενόμενος</span> <span class='ocrx_word' id='word_1_407' title='bbox 976 5647 1293 5717; x_wconf 81' lang='grc' dir='ltr'>ἀνθρώπους</span> <span class='ocrx_word' id='word_1_408' title='bbox 1318 5646 1550 5709; x_wconf 87' lang='grc' dir='ltr'>πάντας,</span> <span class='ocrx_word' id='word_1_409' title='bbox 1604 5645 1938 5715; x_wconf 82' lang='grc' dir='ltr'>πανάμωμε.</span> 
     </span>
    </p>
   </div>
   <div class='ocr_carea' id='block_1_68' title="bbox 439 5735 1937 5808">
    <p class='ocr_par' dir='ltr' id='par_1_68' title="bbox 439 5735 1937 5808">
     <span class='ocr_line' id='line_1_69' title="bbox 439 5735 1937 5808; baseline -0.002 -14"><span class='ocrx_word' id='word_1_410' title='bbox 439 5738 755 5794; x_wconf 83' lang='grc' dir='ltr'>Κατάσκιον</span> <span class='ocrx_word' id='word_1_411' title='bbox 793 5735 1050 5806; x_wconf 83' lang='grc' dir='ltr'>προεώρα</span> <span class='ocrx_word' id='word_1_412' title='bbox 1085 5753 1141 5788; x_wconf 79' lang='grc' dir='ltr'><strong>σε</strong></span> <span class='ocrx_word' id='word_1_413' title='bbox 1177 5737 1302 5808; x_wconf 74' lang='grc' dir='ltr'>ὅρος</span> <span class='ocrx_word' id='word_1_414' title='bbox 1346 5740 1376 5791; x_wconf 76' lang='grc' dir='ltr'>ὁ</span> <span class='ocrx_word' id='word_1_415' title='bbox 1418 5735 1704 5808; x_wconf 82' lang='grc' dir='ltr'>προφήτης</span> <span class='ocrx_word' id='word_1_416' title='bbox 1745 5736 1937 5792; x_wconf 74' lang='grc' dir='ltr'><strong>Ἀδδα-</strong></span> 
     </span>
    </p>
   </div>
   <div class='ocr_carea' id='block_1_69' title="bbox 2027 1814 3614 1882">
    <p class='ocr_par' dir='ltr' id='par_1_69' title="bbox 2027 1814 3614 1882">
     <span class='ocr_line' id='line_1_70' title="bbox 2027 1814 3614 1882; baseline 0.002 -15"><span class='ocrx_word' id='word_1_417' title='bbox 2027 1829 2062 1867; x_wconf 89' lang='grc' dir='ltr'><strong>ο</strong></span> <span class='ocrx_word' id='word_1_418' title='bbox 2098 1814 2299 1882; x_wconf 82' lang='lat' dir='ltr'><strong>puella,</strong></span> <span class='ocrx_word' id='word_1_419' title='bbox 2333 1822 2582 1867; x_wconf 89' lang='lat' dir='ltr'><strong>naturam</strong></span> <span class='ocrx_word' id='word_1_420' title='bbox 2621 1822 2864 1867; x_wconf 87' lang='lat' dir='ltr'><strong>nostram</strong></span> <span class='ocrx_word' id='word_1_421' title='bbox 2918 1814 3274 1868; x_wconf 72' lang='lat' dir='ltr'><strong>inveteratam</strong></span> <span class='ocrx_word' id='word_1_422' title='bbox 3311 1817 3614 1882; x_wconf 83' lang='lat' dir='ltr'><strong>renovavit,</strong></span> 
     </span>
    </p>
   </div>
   <div class='ocr_carea' id='block_1_70' title="bbox 2029 1905 3497 1974">
    <p class='ocr_par' dir='ltr' id='par_1_70' title="bbox 2029 1905 3497 1974">
     <span class='ocr_line' id='line_1_71' title="bbox 2029 1905 3497 1974; baseline 0.002 -16"><span class='ocrx_word' id='word_1_423' title='bbox 2029 1913 2193 1973; x_wconf 89' lang='lat' dir='ltr'><strong>atque</strong></span> <span class='ocrx_word' id='word_1_424' title='bbox 2232 1921 2351 1970; x_wconf 87' lang='lat' dir='ltr'><strong>eos,</strong></span> <span class='ocrx_word' id='word_1_425' title='bbox 2377 1905 2466 1974; x_wconf 92' lang='lat' dir='ltr'><strong>qui</strong></span> <span class='ocrx_word' id='word_1_426' title='bbox 2511 1905 2771 1959; x_wconf 85' lang='lat' dir='ltr'><strong>mortales</strong></span> <span class='ocrx_word' id='word_1_427' title='bbox 2801 1915 2978 1967; x_wconf 87' lang='lat' dir='ltr'><strong>erant,</strong></span> <span class='ocrx_word' id='word_1_428' title='bbox 3011 1905 3267 1960; x_wconf 74' lang='lat' dir='ltr'><strong>ccelestes</strong></span> <span class='ocrx_word' id='word_1_429' title='bbox 3295 1905 3497 1961; x_wconf 81' lang='lat' dir='ltr'><strong>effecit.</strong></span> 
     </span>
    </p>
   </div>
   <div class='ocr_carea' id='block_1_71' title="bbox 2101 1995 3617 2068">
    <p class='ocr_par' dir='ltr' id='par_1_71' title="bbox 2101 1995 3617 2068">
     <span class='ocr_line' id='line_1_72' title="bbox 2101 1995 3617 2068; baseline 0.002 -19"><span class='ocrx_word' id='word_1_430' title='bbox 2101 1995 2376 2067; x_wconf 81' lang='lat' dir='ltr'><strong>iiymnum</strong></span> <span class='ocrx_word' id='word_1_431' title='bbox 2410 1996 2464 2051; x_wconf 93' lang='lat' dir='ltr'><strong>in</strong></span> <span class='ocrx_word' id='word_1_432' title='bbox 2490 1999 2793 2068; x_wconf 78' lang='lat' dir='ltr'><strong>gratiarum</strong></span> <span class='ocrx_word' id='word_1_433' title='bbox 2834 1997 3108 2050; x_wconf 78' lang='lat' dir='ltr'><strong>actionem</strong></span> <span class='ocrx_word' id='word_1_434' title='bbox 3141 2004 3443 2068; x_wconf 87' lang='lat' dir='ltr'><strong>martyrum</strong></span> <span class='ocrx_word' id='word_1_435' title='bbox 3477 1997 3617 2053; x_wconf 79' lang='lat' dir='ltr'><strong>Cho-</strong></span> 
     </span>
    </p>
   </div>
   <div class='ocr_carea' id='block_1_72' title="bbox 2028 2081 3611 2158">
    <p class='ocr_par' dir='ltr' id='par_1_72' title="bbox 2028 2081 3611 2158">
     <span class='ocr_line' id='line_1_73' title="bbox 2028 2081 3611 2158; baseline 0.001 -15"><span class='ocrx_word' id='word_1_436' title='bbox 2028 2102 2127 2143; x_wconf 88' lang='lat' dir='ltr'><strong>rus</strong></span> <span class='ocrx_word' id='word_1_437' title='bbox 2164 2088 2260 2143; x_wconf 89' lang='lat' dir='ltr'><strong>tibi</strong></span> <span class='ocrx_word' id='word_1_438' title='bbox 2295 2089 2464 2154; x_wconf 91' lang='lat' dir='ltr'><strong>canit,</strong></span> <span class='ocrx_word' id='word_1_439' title='bbox 2497 2105 2530 2143; x_wconf 91' lang='grc' dir='ltr'><strong>ο</strong></span> <span class='ocrx_word' id='word_1_440' title='bbox 2561 2089 2742 2158; x_wconf 86' lang='lat' dir='ltr'><strong>puella</strong></span> <span class='ocrx_word' id='word_1_441' title='bbox 2776 2089 3111 2156; x_wconf 86' lang='lat' dir='ltr'><strong>veneranda,</strong></span> <span class='ocrx_word' id='word_1_442' title='bbox 3154 2104 3305 2157; x_wconf 86' lang='lat' dir='ltr'><strong>nam,</strong></span> <span class='ocrx_word' id='word_1_443' title='bbox 3360 2096 3410 2143; x_wconf 87' lang='lat' dir='ltr'><strong>te</strong></span> <span class='ocrx_word' id='word_1_444' title='bbox 3448 2081 3611 2155; x_wconf 86' lang='lat' dir='ltr'><strong>duce,</strong></span> 
     </span>
    </p>
   </div>
   <div class='ocr_carea' id='block_1_73' title="bbox 2029 2180 2826 2237">
    <p class='ocr_par' dir='ltr' id='par_1_73' title="bbox 2029 2180 2826 2237">
     <span class='ocr_line' id='line_1_74' title="bbox 2029 2180 2826 2237; baseline 0.005 -5"><span class='ocrx_word' id='word_1_445' title='bbox 2029 2180 2318 2235; x_wconf 88' lang='lat' dir='ltr'><strong>victoriam</strong></span> <span class='ocrx_word' id='word_1_446' title='bbox 2344 2191 2682 2237; x_wconf 78' lang='lat' dir='ltr'><strong>consecutus</strong></span> <span class='ocrx_word' id='word_1_447' title='bbox 2717 2192 2826 2237; x_wconf 92' lang='lat' dir='ltr'><strong>est.</strong></span> 
     </span>
    </p>
   </div>
   <div class='ocr_carea' id='block_1_74' title="bbox 2101 2271 3609 2345">
    <p class='ocr_par' dir='ltr' id='par_1_74' title="bbox 2101 2271 3609 2345">
     <span class='ocr_line' id='line_1_75' title="bbox 2101 2271 3609 2345; baseline 0.004 -19"><span class='ocrx_word' id='word_1_448' title='bbox 2101 2271 2207 2338; x_wconf 84' lang='lat' dir='ltr'><strong>Tu,</strong></span> <span class='ocrx_word' id='word_1_449' title='bbox 2253 2289 2375 2343; x_wconf 73' lang='lat' dir='ltr'><strong>qua:</strong></span> <span class='ocrx_word' id='word_1_450' title='bbox 2421 2275 2727 2330; x_wconf 79' lang='lat' dir='ltr'><strong>caelestium</strong></span> <span class='ocrx_word' id='word_1_451' title='bbox 2781 2281 3116 2344; x_wconf 77' lang='lat' dir='ltr'><strong>potestatum</strong></span> <span class='ocrx_word' id='word_1_452' title='bbox 3184 2274 3472 2331; x_wconf 85' lang='lat' dir='ltr'><strong>sublimior</strong></span> <span class='ocrx_word' id='word_1_453' title='bbox 3528 2292 3609 2345; x_wconf 70' lang='lat' dir='ltr'><strong>es;</strong></span> 
     </span>
    </p>
   </div>
   <div class='ocr_carea' id='block_1_75' title="bbox 2031 2363 3614 2436">
    <p class='ocr_par' dir='ltr' id='par_1_75' title="bbox 2031 2363 3614 2436">
     <span class='ocr_line' id='line_1_76' title="bbox 2031 2363 3614 2436; baseline 0.003 -16"><span class='ocrx_word' id='word_1_454' title='bbox 2031 2365 2204 2426; x_wconf 84' lang='lat' dir='ltr'><strong>eﬂice,</strong></span> <span class='ocrx_word' id='word_1_455' title='bbox 2242 2381 2275 2420; x_wconf 93' lang='grc' dir='ltr'><strong>ο</strong></span> <span class='ocrx_word' id='word_1_456' title='bbox 2316 2363 2500 2436; x_wconf 73' lang='lat' dir='ltr'><strong>Virgo,</strong></span> <span class='ocrx_word' id='word_1_457' title='bbox 2544 2375 2784 2420; x_wconf 83' lang='lat' dir='ltr'><strong>mentem</strong></span> <span class='ocrx_word' id='word_1_458' title='bbox 2831 2381 3009 2420; x_wconf 86' lang='lat' dir='ltr'><strong>meam</strong></span> <span class='ocrx_word' id='word_1_459' title='bbox 3038 2366 3355 2424; x_wconf 83' lang='lat' dir='ltr'><strong>carnalibus</strong></span> <span class='ocrx_word' id='word_1_460' title='bbox 3410 2382 3614 2432; x_wconf 81' lang='lat' dir='ltr'><strong>concu-</strong></span> 
     </span>
    </p>
   </div>
   <div class='ocr_carea' id='block_1_76' title="bbox 2031 2456 3437 2528">
    <p class='ocr_par' dir='ltr' id='par_1_76' title="bbox 2031 2456 3437 2528">
     <span class='ocr_line' id='line_1_77' title="bbox 2031 2456 3437 2528; baseline -0.001 -17"><span class='ocrx_word' id='word_1_461' title='bbox 2031 2456 2318 2528; x_wconf 81' lang='lat' dir='ltr'><strong>piscentiis</strong></span> <span class='ocrx_word' id='word_1_462' title='bbox 2357 2456 2724 2526; x_wconf 85' lang='lat' dir='ltr'><strong>superiorem.</strong></span> <span class='ocrx_word' id='word_1_463' title='bbox 3431 2469 3437 2477; x_wconf 85' lang='lat'><strong>&#39;</strong></span> 
     </span>
    </p>
   </div>
   <div class='ocr_carea' id='block_1_77' title="bbox 2103 2544 3617 2618">
    <p class='ocr_par' dir='ltr' id='par_1_77' title="bbox 2103 2544 3617 2618">
     <span class='ocr_line' id='line_1_78' title="bbox 2103 2544 3617 2618; baseline 0.001 -17"><span class='ocrx_word' id='word_1_464' title='bbox 2103 2546 2148 2602; x_wconf 91' lang='grc' dir='ltr'><strong>Ο</strong></span> <span class='ocrx_word' id='word_1_465' title='bbox 2181 2546 2429 2601; x_wconf 91' lang='lat' dir='ltr'><strong>omnium</strong></span> <span class='ocrx_word' id='word_1_466' title='bbox 2458 2546 2707 2608; x_wconf 88' lang='lat' dir='ltr'><strong>Domina,</strong></span> <span class='ocrx_word' id='word_1_467' title='bbox 2757 2544 3035 2600; x_wconf 80' lang='lat' dir='ltr'><strong>intcrcede</strong></span> <span class='ocrx_word' id='word_1_468' title='bbox 3067 2559 3166 2615; x_wconf 88' lang='lat' dir='ltr'><strong>pro</strong></span> <span class='ocrx_word' id='word_1_469' title='bbox 3206 2547 3488 2609; x_wconf 87' lang='lat' dir='ltr'><strong>omnibus.</strong></span> <span class='ocrx_word' id='word_1_470' title='bbox 3518 2547 3617 2618; x_wconf 86' lang='lat' dir='ltr'><strong>qui</strong></span> 
     </span>
    </p>
   </div>
   <div class='ocr_carea' id='block_1_78' title="bbox 2035 2636 3621 2707">
    <p class='ocr_par' dir='ltr' id='par_1_78' title="bbox 2035 2636 3621 2707">
     <span class='ocr_line' id='line_1_79' title="bbox 2035 2636 3621 2707; baseline 0.001 -15"><span class='ocrx_word' id='word_1_471' title='bbox 2035 2638 2093 2692; x_wconf 91' lang='lat' dir='ltr'><strong>in</strong></span> <span class='ocrx_word' id='word_1_472' title='bbox 2141 2651 2194 2693; x_wconf 88' lang='lat' dir='ltr'><strong>te</strong></span> <span class='ocrx_word' id='word_1_473' title='bbox 2226 2653 2354 2707; x_wconf 88' lang='lat' dir='ltr'><strong>spes</strong></span> <span class='ocrx_word' id='word_1_474' title='bbox 2387 2653 2518 2694; x_wconf 90' lang='lat' dir='ltr'><strong>suas</strong></span> <span class='ocrx_word' id='word_1_475' title='bbox 2545 2637 2974 2704; x_wconf 83' lang='lat' dir='ltr'><strong>collocaverunt,</strong></span> <span class='ocrx_word' id='word_1_476' title='bbox 3009 2645 3070 2691; x_wconf 91' lang='lat' dir='ltr'><strong>ut</strong></span> <span class='ocrx_word' id='word_1_477' title='bbox 3109 2651 3139 2692; x_wconf 89' lang='lat' dir='ltr'><strong>a</strong></span> <span class='ocrx_word' id='word_1_478' title='bbox 3171 2636 3354 2693; x_wconf 84' lang='lat' dir='ltr'><strong>futura</strong></span> <span class='ocrx_word' id='word_1_479' title='bbox 3389 2639 3621 2694; x_wconf 83' lang='lat' dir='ltr'><strong>damna-</strong></span> 
     </span>
    </p>
   </div>
   <div class='ocr_carea' id='block_1_79' title="bbox 2038 2727 3174 2796">
    <p class='ocr_par' dir='ltr' id='par_1_79' title="bbox 2038 2727 3174 2796">
     <span class='ocr_line' id='line_1_80' title="bbox 2038 2727 3174 2796; baseline 0 -13"><span class='ocrx_word' id='word_1_480' title='bbox 2038 2727 2186 2783; x_wconf 84' lang='lat' dir='ltr'><strong>tione</strong></span> <span class='ocrx_word' id='word_1_481' title='bbox 2223 2729 2558 2796; x_wconf 68' lang='lat' dir='ltr'><strong>liberentur.</strong></span> <span class='ocrx_word' id='word_1_482' title='bbox 3170 2779 3174 2783; x_wconf 87' lang='lat'><strong>.</strong></span> 
     </span>
    </p>
   </div>
   <div class='ocr_carea' id='block_1_80' title="bbox 2109 2818 3619 2891">
    <p class='ocr_par' dir='ltr' id='par_1_80' title="bbox 2109 2818 3619 2891">
     <span class='ocr_line' id='line_1_81' title="bbox 2109 2818 3619 2891; baseline 0 -17"><span class='ocrx_word' id='word_1_483' title='bbox 2109 2819 2271 2891; x_wconf 78' lang='lat' dir='ltr'><strong>Erige</strong></span> <span class='ocrx_word' id='word_1_484' title='bbox 2315 2836 2422 2885; x_wconf 88' lang='lat' dir='ltr'><strong>me,</strong></span> <span class='ocrx_word' id='word_1_485' title='bbox 2480 2821 2576 2891; x_wconf 90' lang='lat' dir='ltr'><strong>qui</strong></span> <span class='ocrx_word' id='word_1_486' title='bbox 2629 2827 2780 2875; x_wconf 89' lang='lat' dir='ltr'><strong>totus</strong></span> <span class='ocrx_word' id='word_1_487' title='bbox 2834 2818 3022 2888; x_wconf 87' lang='lat' dir='ltr'><strong>lapsus</strong></span> <span class='ocrx_word' id='word_1_488' title='bbox 3066 2835 3212 2883; x_wconf 91' lang='lat' dir='ltr'><strong>sum,</strong></span> <span class='ocrx_word' id='word_1_489' title='bbox 3270 2819 3473 2890; x_wconf 86' lang='lat' dir='ltr'><strong>quippe</strong></span> <span class='ocrx_word' id='word_1_490' title='bbox 3519 2819 3619 2891; x_wconf 90' lang='lat' dir='ltr'><strong>qui</strong></span> 
     </span>
    </p>
   </div>
   <div class='ocr_carea' id='block_1_81' title="bbox 2037 2911 3624 2984">
    <p class='ocr_par' dir='ltr' id='par_1_81' title="bbox 2037 2911 3624 2984">
     <span class='ocr_line' id='line_1_82' title="bbox 2037 2911 3624 2984; baseline 0.001 -16"><span class='ocrx_word' id='word_1_491' title='bbox 2037 2912 2391 2983; x_wconf 84' lang='lat' dir='ltr'><strong>passionibus</strong></span> <span class='ocrx_word' id='word_1_492' title='bbox 2426 2912 2654 2983; x_wconf 73' lang='lat' dir='ltr'><strong>ianuam</strong></span> <span class='ocrx_word' id='word_1_493' title='bbox 2712 2911 2928 2981; x_wconf 88' lang='lat' dir='ltr'><strong>aperui,</strong></span> <span class='ocrx_word' id='word_1_494' title='bbox 2990 2922 3044 2966; x_wconf 89' lang='lat' dir='ltr'><strong>et</strong></span> <span class='ocrx_word' id='word_1_495' title='bbox 3080 2912 3469 2984; x_wconf 79' lang='lat' dir='ltr'><strong>benignissima</strong></span> <span class='ocrx_word' id='word_1_496' title='bbox 3503 2929 3624 2968; x_wconf 76' lang='lat' dir='ltr'><strong>me—</strong></span> 
     </span>
    </p>
   </div>
   <div class='ocr_carea' id='block_1_82' title="bbox 2038 3003 3620 3075">
    <p class='ocr_par' dir='ltr' id='par_1_82' title="bbox 2038 3003 3620 3075">
     <span class='ocr_line' id='line_1_83' title="bbox 2038 3003 3620 3075; baseline 0.001 -14"><span class='ocrx_word' id='word_1_497' title='bbox 2038 3005 2281 3062; x_wconf 88' lang='lat' dir='ltr'><strong>diatione</strong></span> <span class='ocrx_word' id='word_1_498' title='bbox 2339 3014 2432 3060; x_wconf 87' lang='lat' dir='ltr'><strong>tua</strong></span> <span class='ocrx_word' id='word_1_499' title='bbox 2474 3003 2541 3060; x_wconf 88' lang='lat' dir='ltr'><strong>ad</strong></span> <span class='ocrx_word' id='word_1_500' title='bbox 2593 3003 2703 3074; x_wconf 77' lang='lat'><strong>92</strong></span> <span class='ocrx_word' id='word_1_501' title='bbox 2743 3003 3080 3074; x_wconf 58' lang='lat' dir='ltr'><strong>paenitentiae</strong></span> <span class='ocrx_word' id='word_1_502' title='bbox 3116 3004 3400 3075; x_wconf 79' lang='lat' dir='ltr'><strong>ingressus</strong></span> <span class='ocrx_word' id='word_1_503' title='bbox 3453 3006 3620 3062; x_wconf 87' lang='lat' dir='ltr'><strong>induc</strong></span> 
     </span>
    </p>
   </div>
   <div class='ocr_carea' id='block_1_83' title="bbox 1959 3093 3623 3164">
    <p class='ocr_par' dir='ltr' id='par_1_83' title="bbox 1959 3093 3623 3164">
     <span class='ocr_line' id='line_1_84' title="bbox 1959 3093 3623 3164; baseline -0.003 -8"><span class='ocrx_word' id='word_1_504' title='bbox 1959 3096 2004 3156; x_wconf 76' lang='grc' dir='ltr'><strong>(Ξ</strong></span> <span class='ocrx_word' id='word_1_505' title='bbox 2047 3110 2156 3162; x_wconf 86' lang='lat' dir='ltr'><strong>me,</strong></span> <span class='ocrx_word' id='word_1_506' title='bbox 2183 3103 2238 3151; x_wconf 90' lang='lat' dir='ltr'><strong>et</strong></span> <span class='ocrx_word' id='word_1_507' title='bbox 2287 3095 2438 3152; x_wconf 88' lang='lat' dir='ltr'><strong>salva</strong></span> <span class='ocrx_word' id='word_1_508' title='bbox 2474 3109 2561 3148; x_wconf 92' lang='lat' dir='ltr'><strong>me</strong></span> <span class='ocrx_word' id='word_1_509' title='bbox 2610 3102 2690 3161; x_wconf 90' lang='lat' dir='ltr'><strong>tu,</strong></span> <span class='ocrx_word' id='word_1_510' title='bbox 2725 3109 2848 3164; x_wconf 69' lang='lat' dir='ltr'><strong>quae</strong></span> <span class='ocrx_word' id='word_1_511' title='bbox 2887 3094 3133 3149; x_wconf 90' lang='lat' dir='ltr'><strong>omnium</strong></span> <span class='ocrx_word' id='word_1_512' title='bbox 3166 3093 3505 3150; x_wconf 87' lang='lat' dir='ltr'><strong>Salvatorem</strong></span> <span class='ocrx_word' id='word_1_513' title='bbox 3559 3110 3623 3151; x_wconf 88' lang='lat' dir='ltr'><strong>ac</strong></span> 
     </span>
    </p>
   </div>
   <div class='ocr_carea' id='block_1_84' title="bbox 2041 3187 2652 3258">
    <p class='ocr_par' dir='ltr' id='par_1_84' title="bbox 2041 3187 2652 3258">
     <span class='ocr_line' id='line_1_85' title="bbox 2041 3187 2652 3258; baseline -0.008 -13"><span class='ocrx_word' id='word_1_514' title='bbox 2041 3188 2336 3245; x_wconf 87' lang='lat' dir='ltr'><strong>Dominum</strong></span> <span class='ocrx_word' id='word_1_515' title='bbox 2370 3187 2652 3258; x_wconf 84' lang='lat' dir='ltr'><strong>peperisti.</strong></span> 
     </span>
    </p>
   </div>
   <div class='ocr_carea' id='block_1_85' title="bbox 2118 3278 3618 3350">
    <p class='ocr_par' dir='ltr' id='par_1_85' title="bbox 2118 3278 3618 3350">
     <span class='ocr_line' id='line_1_86' title="bbox 2118 3278 3618 3350; baseline -0.001 -14"><span class='ocrx_word' id='word_1_516' title='bbox 2118 3281 2390 3350; x_wconf 83' lang='lat' dir='ltr'><strong>Propheta</strong></span> <span class='ocrx_word' id='word_1_517' title='bbox 2424 3280 2615 3334; x_wconf 89' lang='lat' dir='ltr'><strong>Daniel</strong></span> <span class='ocrx_word' id='word_1_518' title='bbox 2647 3278 2838 3335; x_wconf 88' lang='lat' dir='ltr'><strong>divino</strong></span> <span class='ocrx_word' id='word_1_519' title='bbox 2878 3278 3086 3348; x_wconf 88' lang='lat' dir='ltr'><strong>Spiritu</strong></span> <span class='ocrx_word' id='word_1_520' title='bbox 3116 3278 3350 3342; x_wconf 62' lang='lat' dir='ltr'><strong>allis-tus,</strong></span> <span class='ocrx_word' id='word_1_521' title='bbox 3377 3289 3618 3335; x_wconf 89' lang='lat' dir='ltr'><strong>montem</strong></span> 
     </span>
    </p>
   </div>
   <div class='ocr_carea' id='block_1_86' title="bbox 2041 3371 3625 3445">
    <p class='ocr_par' dir='ltr' id='par_1_86' title="bbox 2041 3371 3625 3445">
     <span class='ocr_line' id='line_1_87' title="bbox 2041 3371 3625 3445; baseline 0.002 -16"><span class='ocrx_word' id='word_1_522' title='bbox 2041 3385 2093 3430; x_wconf 86' lang='lat' dir='ltr'><strong>te</strong></span> <span class='ocrx_word' id='word_1_523' title='bbox 2143 3375 2386 3440; x_wconf 85' lang='lat' dir='ltr'><strong>vocavit,</strong></span> <span class='ocrx_word' id='word_1_524' title='bbox 2426 3389 2461 3429; x_wconf 90' lang='grc' dir='ltr'><strong>ο</strong></span> <span class='ocrx_word' id='word_1_525' title='bbox 2494 3372 2684 3445; x_wconf 77' lang='lat' dir='ltr'><strong>Virgo,</strong></span> <span class='ocrx_word' id='word_1_526' title='bbox 2727 3388 2793 3427; x_wconf 81' lang='lat' dir='ltr'><strong>ex</strong></span> <span class='ocrx_word' id='word_1_527' title='bbox 2845 3389 2958 3442; x_wconf 86' lang='lat' dir='ltr'><strong>quo</strong></span> <span class='ocrx_word' id='word_1_528' title='bbox 3010 3371 3146 3442; x_wconf 82' lang='lat' dir='ltr'><strong>lapis</strong></span> <span class='ocrx_word' id='word_1_529' title='bbox 3200 3373 3456 3430; x_wconf 87' lang='lat' dir='ltr'><strong>Christus</strong></span> <span class='ocrx_word' id='word_1_530' title='bbox 3505 3376 3625 3432; x_wconf 86' lang='lat' dir='ltr'><strong>sine</strong></span> 
     </span>
    </p>
   </div>
   <div class='ocr_carea' id='block_1_87' title="bbox 2040 3461 3623 3531">
    <p class='ocr_par' dir='ltr' id='par_1_87' title="bbox 2040 3461 3623 3531">
     <span class='ocr_line' id='line_1_88' title="bbox 2040 3461 3623 3531; baseline 0.004 -17"><span class='ocrx_word' id='word_1_531' title='bbox 2040 3461 2298 3516; x_wconf 81' lang='lat' dir='ltr'><strong>manibus</strong></span> <span class='ocrx_word' id='word_1_532' title='bbox 2324 3461 2608 3518; x_wconf 74' lang='lat' dir='ltr'><strong>abscissus</strong></span> <span class='ocrx_word' id='word_1_533' title='bbox 2650 3471 2756 3526; x_wconf 83' lang='lat' dir='ltr'><strong>est,</strong></span> <span class='ocrx_word' id='word_1_534' title='bbox 2779 3463 2875 3531; x_wconf 88' lang='lat' dir='ltr'><strong>qui</strong></span> <span class='ocrx_word' id='word_1_535' title='bbox 2909 3462 3202 3518; x_wconf 89' lang='lat' dir='ltr'><strong>simulacra</strong></span> <span class='ocrx_word' id='word_1_536' title='bbox 3241 3464 3449 3519; x_wconf 89' lang='lat' dir='ltr'><strong>erroris</strong></span> <span class='ocrx_word' id='word_1_537' title='bbox 3487 3480 3623 3520; x_wconf 87' lang='lat' dir='ltr'><strong>con-</strong></span> 
     </span>
    </p>
   </div>
   <div class='ocr_carea' id='block_1_88' title="bbox 2040 3553 2209 3609">
    <p class='ocr_par' dir='ltr' id='par_1_88' title="bbox 2040 3553 2209 3609">
     <span class='ocr_line' id='line_1_89' title="bbox 2040 3553 2209 3609; baseline 0.006 -1"><span class='ocrx_word' id='word_1_538' title='bbox 2040 3553 2209 3609; x_wconf 76' lang='lat' dir='ltr'><strong>trivit.</strong></span> 
     </span>
    </p>
   </div>
   <div class='ocr_carea' id='block_1_89' title="bbox 2107 3644 3624 3717">
    <p class='ocr_par' dir='ltr' id='par_1_89' title="bbox 2107 3644 3624 3717">
     <span class='ocr_line' id='line_1_90' title="bbox 2107 3644 3624 3717; baseline 0.001 -16"><span class='ocrx_word' id='word_1_539' title='bbox 2107 3647 2153 3701; x_wconf 88' lang='grc' dir='ltr'>Ο</span> <span class='ocrx_word' id='word_1_540' title='bbox 2176 3644 2343 3717; x_wconf 72' lang='lat' dir='ltr'><strong>Virgo</strong></span> <span class='ocrx_word' id='word_1_541' title='bbox 2364 3645 2748 3716; x_wconf 84' lang='lat' dir='ltr'><strong>compassiotte</strong></span> <span class='ocrx_word' id='word_1_542' title='bbox 2775 3654 2990 3712; x_wconf 90' lang='lat' dir='ltr'><strong>ornata,</strong></span> <span class='ocrx_word' id='word_1_543' title='bbox 3008 3661 3129 3717; x_wconf 81' lang='lat' dir='ltr'><strong>quae</strong></span> <span class='ocrx_word' id='word_1_544' title='bbox 3150 3644 3384 3701; x_wconf 84' lang='lat' dir='ltr'><strong>Verbum</strong></span> <span class='ocrx_word' id='word_1_545' title='bbox 3409 3662 3624 3702; x_wconf 86' lang='lat' dir='ltr'><strong>summa</strong></span> 
     </span>
    </p>
   </div>
   <div class='ocr_carea' id='block_1_90' title="bbox 2039 3740 3627 3810">
    <p class='ocr_par' dir='ltr' id='par_1_90' title="bbox 2039 3740 3627 3810">
     <span class='ocr_line' id='line_1_91' title="bbox 2039 3740 3627 3810; baseline 0 -14"><span class='ocrx_word' id='word_1_546' title='bbox 2039 3741 2427 3810; x_wconf 88' lang='lat' dir='ltr'><strong>compassione</strong></span> <span class='ocrx_word' id='word_1_547' title='bbox 2487 3741 2709 3810; x_wconf 87' lang='lat' dir='ltr'><strong>plenum</strong></span> <span class='ocrx_word' id='word_1_548' title='bbox 2782 3740 3066 3809; x_wconf 88' lang='lat' dir='ltr'><strong>peperisti,</strong></span> <span class='ocrx_word' id='word_1_549' title='bbox 3121 3756 3208 3794; x_wconf 88' lang='lat' dir='ltr'><strong>me</strong></span> <span class='ocrx_word' id='word_1_550' title='bbox 3240 3741 3627 3809; x_wconf 82' lang='lat' dir='ltr'><strong>compassione</strong></span> 
     </span>
    </p>
   </div>
   <div class='ocr_carea' id='block_1_91' title="bbox 2039 3829 3631 3900">
    <p class='ocr_par' dir='ltr' id='par_1_91' title="bbox 2039 3829 3631 3900">
     <span class='ocr_line' id='line_1_92' title="bbox 2039 3829 3631 3900; baseline -0.002 -12"><span class='ocrx_word' id='word_1_551' title='bbox 2039 3839 2322 3888; x_wconf 84' lang='lat' dir='ltr'><strong>carentem</strong></span> <span class='ocrx_word' id='word_1_552' title='bbox 2345 3831 2761 3898; x_wconf 87' lang='lat' dir='ltr'><strong>commiserare,</strong></span> <span class='ocrx_word' id='word_1_553' title='bbox 2785 3831 2856 3886; x_wconf 91' lang='lat' dir='ltr'><strong>ob</strong></span> <span class='ocrx_word' id='word_1_554' title='bbox 2886 3831 3204 3886; x_wconf 90' lang='lat' dir='ltr'><strong>innumeros</strong></span> <span class='ocrx_word' id='word_1_555' title='bbox 3227 3829 3414 3900; x_wconf 85' lang='lat' dir='ltr'><strong>lapsus</strong></span> <span class='ocrx_word' id='word_1_556' title='bbox 3438 3833 3631 3899; x_wconf 80' lang='lat' dir='ltr'><strong>despe-</strong></span> 
     </span>
    </p>
   </div>
   <div class='ocr_carea' id='block_1_92' title="bbox 2043 3922 3623 3995">
    <p class='ocr_par' dir='ltr' id='par_1_92' title="bbox 2043 3922 3623 3995">
     <span class='ocr_line' id='line_1_93' title="bbox 2043 3922 3623 3995; baseline -0.002 -16"><span class='ocrx_word' id='word_1_557' title='bbox 2043 3932 2248 3990; x_wconf 88' lang='lat' dir='ltr'><strong>ratum,</strong></span> <span class='ocrx_word' id='word_1_558' title='bbox 2281 3935 2335 3979; x_wconf 87' lang='lat' dir='ltr'><strong>et</strong></span> <span class='ocrx_word' id='word_1_559' title='bbox 2373 3938 2724 3994; x_wconf 88' lang='lat' dir='ltr'><strong>nequaquam</strong></span> <span class='ocrx_word' id='word_1_560' title='bbox 2751 3925 2820 3978; x_wconf 81' lang='lat' dir='ltr'><strong>de</strong></span> <span class='ocrx_word' id='word_1_561' title='bbox 2857 3922 3222 3978; x_wconf 87' lang='lat' dir='ltr'><strong>conversione</strong></span> <span class='ocrx_word' id='word_1_562' title='bbox 3267 3924 3623 3995; x_wconf 80' lang='lat' dir='ltr'><strong>cogitantem,</strong></span> 
     </span>
    </p>
   </div>
   <div class='ocr_carea' id='block_1_93' title="bbox 2041 4016 3230 4088">
    <p class='ocr_par' dir='ltr' id='par_1_93' title="bbox 2041 4016 3230 4088">
     <span class='ocr_line' id='line_1_94' title="bbox 2041 4016 3230 4088; baseline -0.003 -14"><span class='ocrx_word' id='word_1_563' title='bbox 2041 4018 2137 4075; x_wconf 87' lang='lat' dir='ltr'><strong>sed</strong></span> <span class='ocrx_word' id='word_1_564' title='bbox 2172 4019 2226 4073; x_wconf 91' lang='lat' dir='ltr'><strong>in</strong></span> <span class='ocrx_word' id='word_1_565' title='bbox 2263 4016 2589 4088; x_wconf 75' lang='lat' dir='ltr'><strong>negligentia</strong></span> <span class='ocrx_word' id='word_1_566' title='bbox 2624 4018 2792 4072; x_wconf 86' lang='lat' dir='ltr'><strong>vitam</strong></span> <span class='ocrx_word' id='word_1_567' title='bbox 2825 4017 3230 4072; x_wconf 86' lang='lat' dir='ltr'><strong>absumentem.</strong></span> 
     </span>
    </p>
   </div>
   <div class='ocr_carea' id='block_1_94' title="bbox 2104 4107 3627 4180">
    <p class='ocr_par' dir='ltr' id='par_1_94' title="bbox 2104 4107 3627 4180">
     <span class='ocr_line' id='line_1_95' title="bbox 2104 4107 3627 4180; baseline -0.004 -13"><span class='ocrx_word' id='word_1_568' title='bbox 2104 4111 2254 4167; x_wconf 88' lang='lat' dir='ltr'><strong>Luce</strong></span> <span class='ocrx_word' id='word_1_569' title='bbox 2301 4111 2640 4180; x_wconf 69' lang='lat' dir='ltr'><strong>poenitentia:</strong></span> <span class='ocrx_word' id='word_1_570' title='bbox 2689 4111 2902 4165; x_wconf 89' lang='lat' dir='ltr'><strong>illustra</strong></span> <span class='ocrx_word' id='word_1_571' title='bbox 2959 4124 3070 4175; x_wconf 86' lang='lat' dir='ltr'><strong>me,</strong></span> <span class='ocrx_word' id='word_1_572' title='bbox 3104 4124 3137 4164; x_wconf 90' lang='grc' dir='ltr'><strong>ο</strong></span> <span class='ocrx_word' id='word_1_573' title='bbox 3185 4108 3375 4179; x_wconf 70' lang='lat' dir='ltr'><strong>Virgo,</strong></span> <span class='ocrx_word' id='word_1_574' title='bbox 3419 4107 3627 4180; x_wconf 87' lang='lat' dir='ltr'><strong>peccati</strong></span> 
     </span>
    </p>
   </div>
   <div class='ocr_carea' id='block_1_95' title="bbox 2042 4199 3631 4273">
    <p class='ocr_par' dir='ltr' id='par_1_95' title="bbox 2042 4199 3631 4273">
     <span class='ocr_line' id='line_1_96' title="bbox 2042 4199 3631 4273; baseline -0.003 -18"><span class='ocrx_word' id='word_1_575' title='bbox 2042 4214 2203 4257; x_wconf 90' lang='lat' dir='ltr'><strong>nocte</strong></span> <span class='ocrx_word' id='word_1_576' title='bbox 2232 4200 2670 4266; x_wconf 88' lang='lat' dir='ltr'><strong>obtenebratum,</strong></span> <span class='ocrx_word' id='word_1_577' title='bbox 2705 4210 2759 4256; x_wconf 90' lang='lat' dir='ltr'><strong>et</strong></span> <span class='ocrx_word' id='word_1_578' title='bbox 2783 4200 3126 4273; x_wconf 67' lang='lat' dir='ltr'><strong>negligentiae</strong></span> <span class='ocrx_word' id='word_1_579' title='bbox 3153 4199 3368 4255; x_wconf 89' lang='lat' dir='ltr'><strong>nebulis</strong></span> <span class='ocrx_word' id='word_1_580' title='bbox 3402 4213 3631 4270; x_wconf 88' lang='lat' dir='ltr'><strong>cooper-</strong></span> 
     </span>
    </p>
   </div>
   <div class='ocr_carea' id='block_1_96' title="bbox 2043 4304 2175 4349">
    <p class='ocr_par' dir='ltr' id='par_1_96' title="bbox 2043 4304 2175 4349">
     <span class='ocr_line' id='line_1_97' title="bbox 2043 4304 2175 4349; baseline 0 0"><span class='ocrx_word' id='word_1_581' title='bbox 2043 4304 2175 4349; x_wconf 88' lang='lat' dir='ltr'><strong>tum.</strong></span> 
     </span>
    </p>
   </div>
   <div class='ocr_carea' id='block_1_97' title="bbox 1964 4423 3621 4509">
    <p class='ocr_par' dir='ltr' id='par_1_97' title="bbox 1964 4423 3621 4509">
     <span class='ocr_line' id='line_1_98' title="bbox 1964 4423 3621 4509; baseline -0.003 -26"><span class='ocrx_word' id='word_1_582' title='bbox 1964 4447 2019 4509; x_wconf 79' lang='lat' dir='ltr'><strong>D</strong></span> <span class='ocrx_word' id='word_1_583' title='bbox 2048 4428 2132 4483; x_wconf 77' lang='lat' dir='ltr'><em>Ex</em></span> <span class='ocrx_word' id='word_1_584' title='bbox 2167 4428 2383 4485; x_wconf 79' lang='lat' dir='ltr'><strong>Conone</strong></span> <span class='ocrx_word' id='word_1_585' title='bbox 2421 4430 2475 4482; x_wconf 83' lang='lat' dir='ltr'><strong>in</strong></span> <span class='ocrx_word' id='word_1_586' title='bbox 2504 4426 2794 4509; x_wconf 49' lang='lat' dir='ltr'><strong>&quot;SSJHI.</strong></span> <span class='ocrx_word' id='word_1_587' title='bbox 2869 4426 3191 4509; x_wconf 58' lang='lat' dir='ltr'><strong>Terentium,</strong></span> <span class='ocrx_word' id='word_1_588' title='bbox 3241 4423 3621 4494; x_wconf 81' lang='lat' dir='ltr'><strong>Pomponium,</strong></span> 
     </span>
    </p>
   </div>
   <div class='ocr_carea' id='block_1_98' title="bbox 2491 4499 3186 4564">
    <p class='ocr_par' dir='ltr' id='par_1_98' title="bbox 2491 4499 3186 4564">
     <span class='ocr_line' id='line_1_99' title="bbox 2491 4499 3186 4564; baseline -0.004 -11"><span class='ocrx_word' id='word_1_589' title='bbox 2491 4499 2792 4553; x_wconf 76' lang='lat' dir='ltr'><strong>Maximum</strong></span> <span class='ocrx_word' id='word_1_590' title='bbox 2829 4509 2952 4564; x_wconf 84' lang='lat' dir='ltr'><strong>etc.,</strong></span> <span class='ocrx_word' id='word_1_591' title='bbox 2983 4499 3069 4551; x_wconf 75' lang='lat' dir='ltr'><strong>die</strong></span> <span class='ocrx_word' id='word_1_592' title='bbox 3100 4499 3186 4552; x_wconf 82' lang='lat' dir='ltr'><strong>lO.</strong></span> 
     </span>
    </p>
   </div>
   <div class='ocr_carea' id='block_1_99' title="bbox 2122 4632 3628 4707">
    <p class='ocr_par' dir='ltr' id='par_1_99' title="bbox 2122 4632 3628 4707">
     <span class='ocr_line' id='line_1_100' title="bbox 2122 4632 3628 4707; baseline -0.002 -17"><span class='ocrx_word' id='word_1_593' title='bbox 2122 4636 2312 4692; x_wconf 84' lang='lat' dir='ltr'><strong>Laudo</strong></span> <span class='ocrx_word' id='word_1_594' title='bbox 2345 4646 2418 4700; x_wconf 84' lang='lat' dir='ltr'><strong>te,</strong></span> <span class='ocrx_word' id='word_1_595' title='bbox 2454 4633 2670 4707; x_wconf 73' lang='lat' dir='ltr'><strong>oVirgo</strong></span> <span class='ocrx_word' id='word_1_596' title='bbox 2703 4634 2817 4690; x_wconf 86' lang='lat' dir='ltr'><strong>sola</strong></span> <span class='ocrx_word' id='word_1_597' title='bbox 2851 4633 2997 4690; x_wconf 81' lang='lat' dir='ltr'><strong>omni</strong></span> <span class='ocrx_word' id='word_1_598' title='bbox 3032 4633 3193 4688; x_wconf 80' lang='lat' dir='ltr'><strong>laude</strong></span> <span class='ocrx_word' id='word_1_599' title='bbox 3219 4632 3538 4703; x_wconf 74' lang='lat' dir='ltr'><strong>dignissima</strong></span> <span class='ocrx_word' id='word_1_600' title='bbox 3564 4648 3628 4687; x_wconf 84' lang='lat' dir='ltr'><strong>ac</strong></span> 
     </span>
    </p>
   </div>
   <div class='ocr_carea' id='block_1_100' title="bbox 2049 4721 3631 4796">
    <p class='ocr_par' dir='ltr' id='par_1_100' title="bbox 2049 4721 3631 4796">
     <span class='ocr_line' id='line_1_101' title="bbox 2049 4721 3631 4796; baseline -0.004 -14"><span class='ocrx_word' id='word_1_601' title='bbox 2049 4728 2429 4792; x_wconf 82' lang='lat' dir='ltr'><strong>sanctissima,</strong></span> <span class='ocrx_word' id='word_1_602' title='bbox 2462 4727 2726 4796; x_wconf 84' lang='lat' dir='ltr'><strong>quoniam</strong></span> <span class='ocrx_word' id='word_1_603' title='bbox 2761 4725 2930 4780; x_wconf 88' lang='lat' dir='ltr'><strong>Deum</strong></span> <span class='ocrx_word' id='word_1_604' title='bbox 2966 4739 3028 4780; x_wconf 78' lang='lat' dir='ltr'><strong>ex</strong></span> <span class='ocrx_word' id='word_1_605' title='bbox 3059 4723 3316 4795; x_wconf 86' lang='lat' dir='ltr'><strong>pretiosis</strong></span> <span class='ocrx_word' id='word_1_606' title='bbox 3346 4721 3631 4792; x_wconf 74' lang='lat' dir='ltr'><strong>sanguini-</strong></span> 
     </span>
    </p>
   </div>
   <div class='ocr_carea' id='block_1_101' title="bbox 2050 4817 3628 4888">
    <p class='ocr_par' dir='ltr' id='par_1_101' title="bbox 2050 4817 3628 4888">
     <span class='ocr_line' id='line_1_102' title="bbox 2050 4817 3628 4888; baseline -0.003 -15"><span class='ocrx_word' id='word_1_607' title='bbox 2050 4819 2151 4874; x_wconf 86' lang='lat' dir='ltr'><strong>bus</strong></span> <span class='ocrx_word' id='word_1_608' title='bbox 2185 4819 2294 4874; x_wconf 87' lang='lat' dir='ltr'><strong>tuis</strong></span> <span class='ocrx_word' id='word_1_609' title='bbox 2341 4819 2668 4888; x_wconf 83' lang='lat' dir='ltr'><strong>corporasti,</strong></span> <span class='ocrx_word' id='word_1_610' title='bbox 2704 4827 2755 4872; x_wconf 91' lang='lat' dir='ltr'><strong>et</strong></span> <span class='ocrx_word' id='word_1_611' title='bbox 2812 4833 2978 4887; x_wconf 85' lang='lat' dir='ltr'><strong>supra</strong></span> <span class='ocrx_word' id='word_1_612' title='bbox 3023 4817 3256 4872; x_wconf 87' lang='lat' dir='ltr'><strong>rationis</strong></span> <span class='ocrx_word' id='word_1_613' title='bbox 3305 4823 3628 4884; x_wconf 88' lang='lat' dir='ltr'><strong>conceptum</strong></span> 
     </span>
    </p>
   </div>
   <div class='ocr_carea' id='block_1_102' title="bbox 2050 4913 2961 4984">
    <p class='ocr_par' dir='ltr' id='par_1_102' title="bbox 2050 4913 2961 4984">
     <span class='ocr_line' id='line_1_103' title="bbox 2050 4913 2961 4984; baseline -0.007 -12"><span class='ocrx_word' id='word_1_614' title='bbox 2050 4914 2383 4972; x_wconf 80' lang='lat' dir='ltr'><strong>formidabili</strong></span> <span class='ocrx_word' id='word_1_615' title='bbox 2433 4913 2647 4969; x_wconf 87' lang='lat' dir='ltr'><strong>ratione</strong></span> <span class='ocrx_word' id='word_1_616' title='bbox 2675 4913 2961 4984; x_wconf 88' lang='lat' dir='ltr'><strong>peperisti.</strong></span> 
     </span>
    </p>
   </div>
   <div class='ocr_carea' id='block_1_103' title="bbox 2127 4996 3629 5074">
    <p class='ocr_par' dir='ltr' id='par_1_103' title="bbox 2127 4996 3629 5074">
     <span class='ocr_line' id='line_1_104' title="bbox 2127 4996 3629 5074; baseline -0.007 -14"><span class='ocrx_word' id='word_1_617' title='bbox 2127 5005 2286 5060; x_wconf 86' lang='lat' dir='ltr'><strong>Salva</strong></span> <span class='ocrx_word' id='word_1_618' title='bbox 2317 5020 2427 5067; x_wconf 86' lang='lat' dir='ltr'><strong>me,</strong></span> <span class='ocrx_word' id='word_1_619' title='bbox 2459 5002 2631 5058; x_wconf 86' lang='lat' dir='ltr'><strong>Mater</strong></span> <span class='ocrx_word' id='word_1_620' title='bbox 2675 5014 2850 5068; x_wconf 84' lang='lat' dir='ltr'><strong>casta,</strong></span> <span class='ocrx_word' id='word_1_621' title='bbox 2881 5018 3005 5074; x_wconf 81' lang='lat' dir='ltr'><strong>quae</strong></span> <span class='ocrx_word' id='word_1_622' title='bbox 3033 5000 3301 5072; x_wconf 88' lang='lat' dir='ltr'><strong>optimum</strong></span> <span class='ocrx_word' id='word_1_623' title='bbox 3336 4996 3629 5051; x_wconf 83' lang='lat' dir='ltr'><strong>Dominum</strong></span> 
     </span>
    </p>
   </div>
   <div class='ocr_carea' id='block_1_104' title="bbox 2056 5091 3629 5170">
    <p class='ocr_par' dir='ltr' id='par_1_104' title="bbox 2056 5091 3629 5170">
     <span class='ocr_line' id='line_1_105' title="bbox 2056 5091 3629 5170; baseline -0.008 -14"><span class='ocrx_word' id='word_1_624' title='bbox 2056 5100 2356 5170; x_wconf 80' lang='lat' dir='ltr'><strong>concepisti</strong></span> <span class='ocrx_word' id='word_1_625' title='bbox 2396 5117 2409 5152; x_wconf 92' lang='lat'><strong>:</strong></span> <span class='ocrx_word' id='word_1_626' title='bbox 2439 5097 2565 5152; x_wconf 85' lang='lat' dir='ltr'><strong>seda</strong></span> <span class='ocrx_word' id='word_1_627' title='bbox 2596 5097 2790 5151; x_wconf 77' lang='lat' dir='ltr'><strong>anima:</strong></span> <span class='ocrx_word' id='word_1_628' title='bbox 2820 5111 2954 5152; x_wconf 68' lang='lat' dir='ltr'><strong>mea:</strong></span> <span class='ocrx_word' id='word_1_629' title='bbox 2994 5093 3372 5165; x_wconf 86' lang='lat' dir='ltr'><strong>multipliciter</strong></span> <span class='ocrx_word' id='word_1_630' title='bbox 3424 5091 3629 5144; x_wconf 86' lang='lat' dir='ltr'><strong>tumul-</strong></span> 
     </span>
    </p>
   </div>
   <div class='ocr_carea' id='block_1_105' title="bbox 2050 5192 2648 5262">
    <p class='ocr_par' dir='ltr' id='par_1_105' title="bbox 2050 5192 2648 5262">
     <span class='ocr_line' id='line_1_106' title="bbox 2050 5192 2648 5262; baseline -0.007 -14"><span class='ocrx_word' id='word_1_631' title='bbox 2050 5204 2291 5248; x_wconf 88' lang='lat' dir='ltr'><strong>tuantem</strong></span> <span class='ocrx_word' id='word_1_632' title='bbox 2324 5192 2648 5262; x_wconf 78' lang='lat' dir='ltr'><strong>procellam.</strong></span> 
     </span>
    </p>
   </div>
   <div class='ocr_carea' id='block_1_106' title="bbox 2123 5273 3630 5343">
    <p class='ocr_par' dir='ltr' id='par_1_106' title="bbox 2123 5273 3630 5343">
     <span class='ocr_line' id='line_1_107' title="bbox 2123 5273 3630 5343; baseline -0.007 -7"><span class='ocrx_word' id='word_1_633' title='bbox 2123 5281 2221 5343; x_wconf 77' lang='lat' dir='ltr'><strong>Te,</strong></span> <span class='ocrx_word' id='word_1_634' title='bbox 2272 5296 2305 5335; x_wconf 93' lang='lat' dir='ltr'><strong>o</strong></span> <span class='ocrx_word' id='word_1_635' title='bbox 2362 5280 2589 5335; x_wconf 82' lang='lat' dir='ltr'><strong>Domina</strong></span> <span class='ocrx_word' id='word_1_636' title='bbox 2640 5287 2751 5334; x_wconf 88' lang='lat' dir='ltr'><strong>tota</strong></span> <span class='ocrx_word' id='word_1_637' title='bbox 2803 5277 3176 5342; x_wconf 88' lang='lat' dir='ltr'><strong>immaculata,</strong></span> <span class='ocrx_word' id='word_1_638' title='bbox 3239 5273 3630 5331; x_wconf 81' lang='lat' dir='ltr'><strong>tentationibus</strong></span> 
     </span>
    </p>
   </div>
   <div class='ocr_carea' id='block_1_107' title="bbox 2047 5368 3628 5428">
    <p class='ocr_par' dir='ltr' id='par_1_107' title="bbox 2047 5368 3628 5428">
     <span class='ocr_line' id='line_1_108' title="bbox 2047 5368 3628 5428; baseline -0.006 0"><span class='ocrx_word' id='word_1_639' title='bbox 2047 5373 2498 5428; x_wconf 81' lang='lat' dir='ltr'><strong>circumvallatos</strong></span> <span class='ocrx_word' id='word_1_640' title='bbox 2546 5373 2599 5424; x_wconf 90' lang='lat' dir='ltr'><strong>in</strong></span> <span class='ocrx_word' id='word_1_641' title='bbox 2650 5371 2916 5426; x_wconf 76' lang='lat' dir='ltr'><strong>auxilium</strong></span> <span class='ocrx_word' id='word_1_642' title='bbox 2976 5370 3185 5424; x_wconf 86' lang='lat' dir='ltr'><strong>advoco</strong></span> <span class='ocrx_word' id='word_1_643' title='bbox 3237 5386 3251 5423; x_wconf 88' lang='lat'><strong>:</strong></span> <span class='ocrx_word' id='word_1_644' title='bbox 3299 5368 3518 5427; x_wconf 86' lang='lat' dir='ltr'><strong>festina.</strong></span> <span class='ocrx_word' id='word_1_645' title='bbox 3572 5375 3628 5420; x_wconf 92' lang='lat' dir='ltr'><strong>et</strong></span> 
     </span>
    </p>
   </div>
   <div class='ocr_carea' id='block_1_108' title="bbox 2048 5460 3555 5533">
    <p class='ocr_par' dir='ltr' id='par_1_108' title="bbox 2048 5460 3555 5533">
     <span class='ocr_line' id='line_1_109' title="bbox 2048 5460 3555 5533; baseline -0.004 -13"><span class='ocrx_word' id='word_1_646' title='bbox 2048 5469 2198 5520; x_wconf 84' lang='lat' dir='ltr'><strong>salva</strong></span> <span class='ocrx_word' id='word_1_647' title='bbox 2237 5481 2343 5528; x_wconf 89' lang='lat' dir='ltr'><strong>me,</strong></span> <span class='ocrx_word' id='word_1_648' title='bbox 2381 5476 2435 5518; x_wconf 93' lang='lat' dir='ltr'><strong>tu</strong></span> <span class='ocrx_word' id='word_1_649' title='bbox 2472 5480 2594 5533; x_wconf 67' lang='lat' dir='ltr'><strong>qum</strong></span> <span class='ocrx_word' id='word_1_650' title='bbox 2627 5461 2866 5516; x_wconf 80' lang='lat' dir='ltr'><strong>Verbum</strong></span> <span class='ocrx_word' id='word_1_651' title='bbox 2896 5462 3238 5516; x_wconf 83' lang='lat' dir='ltr'><strong>Salvatorem</strong></span> <span class='ocrx_word' id='word_1_652' title='bbox 3278 5460 3555 5531; x_wconf 76' lang='lat' dir='ltr'><strong>peperisti.</strong></span> 
     </span>
    </p>
   </div>
   <div class='ocr_carea' id='block_1_109' title="bbox 2120 5549 3645 5622">
    <p class='ocr_par' dir='ltr' id='par_1_109' title="bbox 2120 5549 3645 5622">
     <span class='ocr_line' id='line_1_110' title="bbox 2120 5549 3645 5622; baseline -0.005 -13"><span class='ocrx_word' id='word_1_653' title='bbox 2120 5555 2164 5609; x_wconf 91' lang='grc' dir='ltr'>Ο</span> <span class='ocrx_word' id='word_1_654' title='bbox 2190 5557 2469 5622; x_wconf 87' lang='lat' dir='ltr'><strong>inviolata,</strong></span> <span class='ocrx_word' id='word_1_655' title='bbox 2501 5572 2563 5610; x_wconf 88' lang='lat' dir='ltr'><strong>ac</strong></span> <span class='ocrx_word' id='word_1_656' title='bbox 2589 5565 2698 5608; x_wconf 83' lang='lat' dir='ltr'><strong>tota</strong></span> <span class='ocrx_word' id='word_1_657' title='bbox 2724 5554 3094 5616; x_wconf 85' lang='lat' dir='ltr'><strong>immaculata,</strong></span> <span class='ocrx_word' id='word_1_658' title='bbox 3121 5553 3265 5607; x_wconf 78' lang='lat' dir='ltr'><strong>filius</strong></span> <span class='ocrx_word' id='word_1_659' title='bbox 3294 5562 3419 5606; x_wconf 89' lang='lat' dir='ltr'><strong>tuus</strong></span> <span class='ocrx_word' id='word_1_660' title='bbox 3451 5549 3645 5605; x_wconf 76' lang='lat' dir='ltr'><strong>factus</strong></span> 
     </span>
    </p>
   </div>
   <div class='ocr_carea' id='block_1_110' title="bbox 2052 5644 3517 5717">
    <p class='ocr_par' dir='ltr' id='par_1_110' title="bbox 2052 5644 3517 5717">
     <span class='ocr_line' id='line_1_111' title="bbox 2052 5644 3517 5717; baseline -0.004 -14"><span class='ocrx_word' id='word_1_661' title='bbox 2052 5651 2218 5704; x_wconf 85' lang='lat' dir='ltr'><strong>homo</strong></span> <span class='ocrx_word' id='word_1_662' title='bbox 2251 5648 2526 5717; x_wconf 89' lang='lat' dir='ltr'><strong>apparuit,</strong></span> <span class='ocrx_word' id='word_1_663' title='bbox 2553 5657 2612 5701; x_wconf 92' lang='lat' dir='ltr'><strong>ut</strong></span> <span class='ocrx_word' id='word_1_664' title='bbox 2640 5647 2928 5700; x_wconf 85' lang='lat' dir='ltr'><strong>universos</strong></span> <span class='ocrx_word' id='word_1_665' title='bbox 2960 5646 3209 5700; x_wconf 86' lang='lat' dir='ltr'><strong>homines</strong></span> <span class='ocrx_word' id='word_1_666' title='bbox 3240 5644 3517 5698; x_wconf 82' lang='lat' dir='ltr'><strong>liberaret.</strong></span> 
     </span>
    </p>
   </div>
   <div class='ocr_carea' id='block_1_111' title="bbox 2124 5735 3629 5809">
    <p class='ocr_par' dir='ltr' id='par_1_111' title="bbox 2124 5735 3629 5809">
     <span class='ocr_line' id='line_1_112' title="bbox 2124 5735 3629 5809; baseline -0.005 -14"><span class='ocrx_word' id='word_1_667' title='bbox 2124 5739 2364 5796; x_wconf 77' lang='lat' dir='ltr'><strong>Montem</strong></span> <span class='ocrx_word' id='word_1_668' title='bbox 2395 5742 2717 5797; x_wconf 81' lang='lat' dir='ltr'><strong>umbrosum</strong></span> <span class='ocrx_word' id='word_1_669' title='bbox 2764 5738 3012 5809; x_wconf 70' lang='lat' dir='ltr'><strong>praevidit</strong></span> <span class='ocrx_word' id='word_1_670' title='bbox 3049 5746 3101 5793; x_wconf 93' lang='lat' dir='ltr'><strong>te</strong></span> <span class='ocrx_word' id='word_1_671' title='bbox 3133 5737 3395 5809; x_wconf 84' lang='lat' dir='ltr'><strong>propheta</strong></span> <span class='ocrx_word' id='word_1_672' title='bbox 3447 5735 3629 5791; x_wconf 76' lang='lat' dir='ltr'><strong>Abba-</strong></span> 
     </span>
    </p>
   </div>
  </div>
