4098 6322
487 421 628 486 1099

1617 402 1679 462 S.
1723 396 2032 460 JOSEPHI
2076 388 2634 456 IlYMNOGRAPI—II

3618 372 3759 440 1100

556 534 722 590 Sacer
750 530 879 585 olim
918 525 1090 583 Isaias
1124 521 1505 578 sacratissnne
1553 533 1584 572 a
1635 517 1822 573 divino
1858 513 2063 584 Spiritu
2093 517 2144 576 Α
2168 526 2318 576 suos,
2355 521 2614 579 tanquam
2641 506 2749 577 97
2779 505 2961 561 divina
2998 502 3212 576 fulgura
3242 513 3338 571 per
3365 494 3630 552 mundum
3656 496 3761 547 mt-

479 626 822 682 illuminatns
849 619 1104 677 clamavit
1129 639 1140 672 :
1171 616 1308 672 Ecce
1340 613 1500 683 Virgo
1528 613 1869 666 incarnatum
1889 606 2062 662 Deum

481 721 536 776 in
566 729 721 774 utero
750 716 989 776 habebit,
1031 717 1257 782 propter
1308 702 1920 776 incomprehensibilem
1958 698 2066 755 mi-

480 808 839 869 seriéordiam
870 806 1068 877 ipsius.

551 943 876 1014 Peregrinus
909 949 1010 1006 est,
1045 954 1080 995 ο
1107 938 1310 1011 puella.
1345 943 1648 1006 conceptus
1688 942 1855 996 tuus;
1906 944 2063 1000 pere-

483 1040 674 1110 gt'itttts
711 1038 940 1092 horrore
974 1033 1276 1090 venerabili
1317 1031 1511 1102 plenus
1561 1038 1751 1099 partus
1786 1034 1935 1085 tuus,
1971 1020 2062 1091 qui

485 1135 774 1189 universos
803 1146 835 1185 a
876 1131 987 1185 Deo
1031 1129 1349 1198 peregrinos
1381 1122 1580 1187 factos,
1614 1122 1791 1176 eidem
1819 1115 2066 1174 reconci-

486 1233 602 1299 liat,
640 1245 704 1285 ac
737 1228 1024 1300 pristinam
1054 1222 1522 1295 pulchritudinem
1561 1218 1892 1287 impcrtitur.

554 1362 599 1418 0
628 1364 805 1429 beata,
841 1376 905 1416 ac
952 1358 1286 1423 veneranda,
1323 1356 1502 1427 magni
1551 1351 1768 1408 consilii
1803 1349 2068 1421 Angelnm

488 1477 552 1514 ιτ
585 1457 792 1530 Spiritu
826 1468 1018 1510 sancto
1042 1452 1367 1524 corporasti,
1400 1450 1494 1521 qui
1528 1447 1740 1502 divinos
1774 1443 2076 1514 discipulos

557 1597 644 1654 Ea:
675 1597 888 1654 Cimone
910 1598 964 1651 in
996 1594 1052 1650 S.
1086 1592 1414 1649 Crescentem
1451 1599 1760 1660 martyrem,
1790 1586 1877 1643 die
1913 1585 1994 1642 l5.

561 1780 882 1835 lurarnatus
910 1782 994 1830 est
1026 1783 1246 1845 propter
1288 1782 1575 1825 excessum
1611 1760 1968 1834 benignitatis
2006 1774 2069 1812 ex

491 1883 547 1926 te
577 1871 841 1925 Dominus
865 1912 878 1936 ,
910 1878 964 1922 et
997 1876 1218 1938 propter
1249 1878 1346 1917 nos
1373 1860 1569 1917 similis
1595 1857 1753 1911 nobis
1786 1852 2072 1924 apparuit,

490 1966 585 2036 qui
617 1972 812 2018 natura
853 1972 970 2015 erat
1006 1955 1427 2018 inacccssihilis,
1457 1966 1622 2022 quem
1653 1947 1814 2003 enixe
1851 1958 2078 2015 precare

491 2074 592 2131 pro
629 2058 811 2121 nobis,
839 2068 873 2108 ο
901 2055 1065 2123 Virgo
1099 2049 1416 2121 purissima.

566 2151 736 2216 Illam,
767 2163 890 2219 qua:
916 2147 1031 2202 sola
1064 2145 1207 2198 inter
1232 2141 1487 2196 mulieres
1513 2139 1675 2193 modo
1703 2129 2078 2202 inexplicabili

495 2245 665 2300 Deum
706 2240 954 2312 peperit,
1006 2236 1249 2293 universi
1295 2233 1580 2288 Dominam
1629 2229 1802 2284 sacris
1855 2224 2082 2280 vocibus

495 2338 855 2391 honore-mus.

568 2430 799 2484 Domina
824 2427 915 2482 illa
932 2423 1262 2484 castissima,
1287 2434 1409 2490 quae
1433 2425 1809 2473 creaturarum
1833 2415 2080 2466 omnium

498 2523 848 2578 Conditorem
883 2513 1375 2587 supernaturaliter
1409 2512 1571 2566 enixa
1618 2517 1724 2571 est,
1775 2505 1845 2560 ob
1881 2505 2083 2559 benctl-

496 2616 645 2671 cium
678 2610 883 2683 proprii
913 2607 1221 2681 plasmatis,
1258 2603 1529 2672 condigne
1560 2598 1925 2653 bcatiticatur.

573 2705 896 2761 Laudamus
920 2711 994 2766 te,
1035 2714 1068 2755 ο
1103 2697 1332 2767 Deipara
1366 2691 1517 2749 omni
1550 2690 1709 2746 laude
1739 2686 2083 2759 dignissima,

500 2815 600 2872 per
651 2809 817 2867 quam
851 2810 882 2850 a
931 2791 1284 2861 corruptione
1331 2783 1544 2841 liberati
1591 2795 1819 2845 sumus,
1856 2787 1910 2835 et
1939 2777 2007 2833 ad
2036 2785 2090 2830 te

497 2894 802 2949 clamamus
831 2906 844 2942 :
872 2884 1007 2950 Ave,
1040 2891 1344 2951 martyrum
1383 2875 1700 2931 exsultatio.

577 2982 861 3050 Tanquam
917 2976 1266 3049 ignilormcm
1313 2971 1570 3025 thronum
1606 2965 1822 3020 Domini
1872 2961 2090 3018 univer-

500 3089 688 3131 sorum
717 3070 1006 3125 laudamus
1030 3075 1102 3128 te,
1136 3079 1170 3118 o
1195 3062 1381 3117 Puella
1411 3059 1708 3126 inviolataf,
1742 3067 1795 3112 et
1827 3066 2088 3125 tanquam

495 3165 804 3238 jucundum
832 3160 1115 3233 palatium,
1145 3165 1200 3212 et
1224 3154 1639 3216 candelabrum,
1678 3161 1732 3208 et
1764 3151 2089 3212 thalamum,

501 3268 556 3316 et
577 3271 822 3314 mensam
857 3252 951 3309 Dei
989 3247 1346 3321 receptricem
1375 3247 1738 3303 celebramus.

575 3349 833 3408 Sanctior
862 3344 1156 3402 Cherubim
1208 3339 1353 3397 facta
1381 3356 1464 3407 es,
1493 3357 1528 3394 ο
1556 3336 2087 3402 immaculatissima,

503 3443 685 3500 Verbo
725 3440 1042 3510 concipiens
1095 3436 1329 3492 Verbum
1377 3432 1582 3501 Patris,
1631 3431 1776 3503 quod
1808 3432 2092 3486 laudantes

505 3539 809 3593 clamamus
845 3550 859 3587 :
888 3531 1174 3586 Benedicta
1203 3543 1263 3582 cs
1296 3529 1436 3582 inter
1465 3527 1761 3595 mulieres,
1794 3540 1828 3580 ο
1859 3523 2091 3578 Domina

505 3629 1011 3687 intemeratissima.

578 3723 693 3794 98
741 3722 784 3774 0
840 3717 1198 3773 miraculum!
1254 3714 1546 3783 Quomodo
1603 3714 1770 3770 Deum
1835 3710 2091 3784 peperisti

509 3818 789 3872 hominem
825 3813 1051 3874 factum,
1086 3827 1119 3865 o
1152 3809 1262 3865 Deo
1301 3809 1667 3866 charissima?
1700 3808 1977 3879 quomodo
2007 3806 2092 3858 in-

509 3915 795 3963 comL-usta
843 3905 1230 3974 perseverasti,
1277 3919 1404 3958 cum
1459 3903 1639 3972 ignem
1696 3898 2092 3955 intolerabilem

509 3998 926 4056 continuisses?
960 3996 1146 4051 Merito
1172 4005 1224 4051 te
1249 3997 1417 4067 gratis
1443 3995 1665 4050 vocibus
1699 3992 2095 4065 gloriﬁcamus,

507 4105 562 4148 et
590 4095 894 4146 clamamus
931 4107 943 4144 :
975 4090 1170 4144 Omnia
1208 4106 1394 4155 onera,
1424 4099 1530 4144 etc.

581 4184 699 4240 Lux
734 4184 891 4238 nobis
931 4193 1121 4237 exorta
1169 4192 1272 4245 est,
1304 4196 1337 4232 ο
1368 4180 1576 4246 Puella,
1607 4195 1673 4233 ex
1705 4188 1858 4232 utero
1887 4185 1980 4229 tuo
2013 4175 2098 4227 lu-

515 4277 706 4343 cifero,
738 4275 1002 4329 Conditor
1061 4276 1191 4329 solis
1240 4284 1294 4328 et
1324 4273 1465 4327 lunzc
1510 4273 1763 4325 Christus
1802 4268 2097 4329 Dominus,

514 4385 677 4440 quem
728 4369 972 4438 impense
1027 4382 1270 4436 precare,
1331 4375 1389 4419 ut
1449 4364 1664 4419 animas
1694 4371 1913 4418 nostras
1965 4361 2101 4412 lucis

516 4478 630 4519 sua:
656 4460 866 4532 fulgore
902 4458 1218 4528 perluudat.

2177 607 2267 666 sit,
2312 613 2368 658 ut
2402 601 2590 656 ﬁdeles
2619 599 2976 654 illuminaret.

2249 697 2554 752 llmnanam
2610 702 2862 749 naturam
2913 690 3297 747 eontristatam
3364 694 3536 742 totam
3599 697 3765 739 reno—

2176 791 2335 854 vasti,
2380 805 2413 843 o
2457 787 2642 857 Virgo,
2695 799 2838 841 novo
2873 795 3033 856 partu
3082 794 3210 848 tuo,
3246 790 3460 836 natura:
3490 777 3702 849 legibus
3732 791 3765 831 a

2175 893 2228 937 te
2268 898 2435 952 supra
2490 889 2739 935 naturam
2791 878 3092 943 innovatis,
3149 891 3181 931 ο
3238 873 3410 945 gratia
3462 872 3622 943 plena
3679 869 3763 923 vi—

2177 975 2351 1029 ventis
2377 973 2466 1027 Dei
2503 972 2693 1027 Mater.

2247 1069 2440 1123 Libera
2465 1085 2548 1121 me
2581 1083 2608 1120 a
2629 1067 2844 1120 llamma
2877 1065 3158 1135 gehennae,
3185 1068 3241 1115 tu
3271 1074 3394 1131 quae
3421 1071 3598 1112 .ucem
3625 1064 3770 1110 into-

2176 1163 2455 1217 lerabilrm
2488 1175 2656 1229 supra
2680 1159 2878 1214 mentis
2905 1163 3229 1225 conceptum
3260 1152 3544 1224 peperisti,
3569 1157 3625 1203 et
3647 1149 3769 1202 ani-

2180 1273 2324 1311 mam
2350 1271 2524 1309 meam
2560 1252 2798 1308 accende
2824 1250 3105 1307 desiderio
3128 1255 3184 1302 et
3214 1231 3410 1302 allecto
3438 1242 3772 1316 cognitionis

2183 1350 2330 1404 illius
2358 1349 2451 1417 qui
2488 1349 2666 1415 ignem
2708 1344 2857 1400 venit
2903 1342 3123 1397 mittere
3158 1341 3212 1396 in
3249 1350 3492 1406 terram,
3521 1352 3554 1394 ο
3591 1335 3773 1412 puella

2185 1442 2467 1506 inviolata,
2501 1441 2686 1496 divina
2719 1437 2893 1510 gratia
2921 1434 3386 1494 cumulatissima.

2193 1584 2294 1638 Ἐκ
2340 1583 2443 1637 τοῦ
2477 1581 2745 1645 Κανόνος
2781 1581 2870 1644 εις
2926 1577 3035 1632 τὸν
3085 1573 3261 1645 ἅγιον
3307 1571 3577 1644 μάρτυρα
3624 1569 3773 1640 Κρέ-

2671 1643 2920 1719 σᾶιεντα,
2956 1643 3148 1718 ἡμέρᾲ
3183 1643 3259 1699 ιε’.

2249 1769 2563 1842 Σαρκοῦται
2608 1766 2884 1840 ὑπερϐολῇ
2931 1762 3304 1837 χρηστότητος
3362 1759 3429 1816 ἐκ
3462 1758 3558 1814 σοῦ
3590 1757 3618 1814 ὁ
3648 1755 3764 1813 Κύ-

2110 1903 2151 1956 B
2183 1880 2319 1933 ριος,
2373 1863 2468 1915 καὶ
2518 1862 2586 1915 δι’
2636 1862 2785 1932 ἡμᾶς
2834 1860 3028 1930 ὁρᾶται
3083 1855 3206 1910 καθ’
3251 1855 3399 1925 ἡμᾶς
3430 1853 3460 1905 ὁ
3505 1853 3574 1923 τῇ
3609 1849 3767 1919 φύσει

2181 1956 2497 2026 ἀπρόσιτος.
2530 1954 2589 2007 ὃν
2639 1952 2876 2016 ἐκτενῶς
2931 1951 3144 2005 ἱκέτευε
3205 1946 3350 2020 ὑπὲρ
3396 1943 3578 2017 ἡμῶν,
3631 1940 3776 2012 ἁγνὴ

2184 2048 2496 2117 πανᾶμωμε
2508 2090 2519 2100 .

2253 2140 2365 2211 Τὴν
2413 2141 2583 2211 μόνην
2624 2139 2680 2190 ὲν
2725 2135 2977 2206 γυναιξὶν
3033 2129 3460 2204 ἀνερμηνεύτως
3514 2129 3607 2183 τὸν
3646 2125 3784 2181 Θιδν

2182 2230 2440 2297 τέξασαν,
2469 2231 2570 2302 τὴν
2601 2227 2699 2282 τοῦ
2745 2226 2949 2291 παντὸς
2982 2224 3288 2279 Δέσποιναν
3343 2218 3674 2292 ἱερολογιαις
3700 2232 3784 2271 τι-

2187 2326 2474 2394 μήσωμεν.

2268 2417 2331 2468 Ἣ
2367 2417 2458 2468 τον
2499 2414 2743 2484 Κτίστην
2799 2411 3057 2467 ἁπάντων
3101 2409 3210 2464 τῶν
3255 2405 3579 2476 ποιημάτων
3605 2402 3776 2469 ὕπερ-

2188 2507 2338 2578 φυῶς
2371 2510 2644 2579 κυήσασα,
2697 2507 2783 2559 ἐπ’
2816 2502 3107 2575 εὐεργεσίᾳ
3137 2502 3230 2557 τοῦ
3265 2500 3399 2554 ἰδίου
3432 2497 3769 2566 πλάσματος.

2187 2603 2220 2672 ἡ
2262 2602 2538 2668 πάναγνος
2563 2601 2832 2653 Δέσποινα
2863 2595 3216 2667 ἀξιοπρεπῶς
3247 2591 3634 2664 μακαρῐζεται.

2275 2691 2696 2761 ’Υμνοῦμένσε,
2735 2689 2801 2744 δι’
2852 2684 2922 2761 ἦς
2976 2690 3076 2758 τῆς
3122 2685 3331 2757 φθορᾶς
3363 2679 3774 2752 ἐλυτρώθημεν,

2191 2783 2516 2853 πανύμνητε
2545 2781 2800 2847 Θεοτόκε,
2833 2780 2927 2833 καὶ
2953 2777 3165 2848 βοῶμέν
3197 2791 3301 2830 σοι·
3334 2775 3530 2846 Χαῖρε,
3560 2769 3780 2845 μαρτύο

2192 2894 2304 2951 ρων
2337 2875 2673 2945 ἅγαλλίαμα.

2272 2970 2361 3034 Ὠς
2412 2969 2604 3039 Θρόνον
2651 2965 2746 3022 τοῦ
2783 2964 3059 3021 Δεσπότου
3099 2963 3207 3017 τῶν
3252 2961 3391 3016 ὅλων
3433 2956 3785 3030 πυρῑμορφον

2193 3061 2596 3134 ὑμνολοτοῦμὲν
2634 3076 2717 3126 σε,
2759 3060 2937 3130 Κόρη,
2970 3057 3065 3112 καὶ
3095 3054 3329 3128 τερπνὸν
3367 3051 3652 3114 παλάτιον,
3686 3046 3789 3102 καὶ

2192 3157 2435 3229 λυχνίαν,
2476 3155 2568 3212 καὶ
2600 3155 2868 3221 παστάδα,
2891 3153 2986 3208 καὶ
3014 3151 3324 3215 Θεόδεκτον,
3354 3148 3617 3219 ἅχραντε,
3649 3139 3785 3214 apd-

2113 3255 2156 3312 C
2195 3250 2385 3317 πεζαν.

2275 3343 2581 3414 ’Δγιωτὲρα
2645 3358 2757 3396 των
2812 3339 3098 3412 Χερουϐὶμ
3157 3336 3372 3408 ὤφθης,
3441 3321 3784 3402 πανάμωμε,

2197 3438 2357 3508 Λόγῳ
2388 3435 2732 3491 συλλαϐοῦσα
2752 3435 2928 3504 Λόγον
2959 3433 3050 3487 τὸν
3080 3433 3177 3486 τοῦ
3210 3428 3446 3501 Πατρδς,
3475 3426 3532 3480 ὃν
3554 3423 3784 3494 ὑμνοῦν-

2195 3550 2286 3596 τες
2313 3530 2703 3603 ἀνακράζομεν
2724 3546 2737 3558 ·
2774 3528 3125 3599 Εὐλογημένη
3150 3527 3213 3580 σὺ
3245 3527 3303 3578 ὲν
3327 3521 3575 3592 γυναιξὶν
3610 3517 3785 3589 ὑπάρ-

2196 3644 2333 3697 χεις,
2369 3625 2682 3694 πανάμωμε
2710 3621 3003 3676 Δέσποινα.

2269 3711 2342 3768 Ὠ
2389 3714 2612 3783 Οαῦμαι
2653 3711 2767 3774 πῶς
2819 3712 3046 3772 τέτοκας
3080 3707 3213 3761 Θεὸν
3253 3706 3446 3779 βροτὸν
3469 3705 3782 3773 γενόμενον,

2199 3804 2599 3876 θεοχαρῐτωτες
2658 3801 2773 3862 πῶς
2813 3799 3225 3866 ἀκατάφ).εκτος
3276 3797 3521 3864 ἔμεινας,
3583 3793 3692 3864 πῦρ
3723 3792 3788 3847 τὸ
3834 3799 3842 3805 ’

2199 3900 2465 3950 ἄστεκτον
2520 3893 2851 3964 χιυρήσασας
2911 3888 3304 3959 Χαριστηρίοις
3331 3905 3389 3940 σε
3431 3888 3634 3957 φωναῖς
3661 3885 3788 3939 ὅθεν

2198 3985 2516 4057 δοξάζομεν,
2551 3985 2642 4037 καὶ
2672 3982 2886 4053 βοὼμεν
2910 3997 2924 4013 ⁸
2954 3981 3135 4035 Πάντα
3166 3981 3235 4032 τὰ
3266 3980 3425 4048 ἔργα,
3453 3997 3508 4034 κ.
3547 3997 3597 4034 τ.
3628 3977 3679 4032 λ.

2271 4168 2391 4232 Φῶς
2423 4169 2555 4238 ἡμῖν
2588 4162 2850 4229 ἀνέτειλε,
2897 4160 3081 4231 Κόρη,
3119 4162 3182 4213 ἐκ
3214 4162 3530 4232 φωτοφὸρου
3559 4179 3653 4215 σου
3690 4176 3786 4228 νη-

2204 4263 2326 4325 δύος
2373 4262 2401 4314 ὁ
2447 4256 2789 4328 Δημιουργος
2823 4253 2914 4308 τοῦ
2959 4252 3111 4324 ἡλίου
3142 4255 3237 4308 καὶ
3264 4254 3366 4322 τῆς
3399 4254 3627 4325 σελήνης
3654 4255 3786 4324 Χρι-

2207 4356 2331 4417 στὸς
2358 4355 2386 4407 ὁ
2437 4353 2643 4422 Κύριος
2668 4365 2681 4379 ’
2726 4350 2783 4402 ὃν
2823 4348 3054 4415 ἐκτενῶς
3097 4348 3329 4413 ἱκέτευε,

2206 4448 2303 4509 τὰς
2328 4447 2504 4516 ψυχὰς
2531 4444 2708 4513 ἡμῶν.

3381 4351 3692 4418 φωταγωγῆ
3700 4365 3789 4400 σαι

515 4594 604 4653 Ea:
646 4595 865 4652 Conone
900 4594 952 4648 in
1008 4590 1113 4648 SS.
1174 4589 1420 4645 mulieres
1472 4592 1723 4660 Agapem,
1776 4586 2001 4650 lrenem,
2052 4600 2087 4637 e.

2221 4581 2323 4635 Ἐκ
2357 4580 2461 4633 τοῦ
2497 4581 2767 4660 Kurd-recc
2795 4579 2880 4642 εἰς
2915 4578 3020 4660 τὰς
3055 4576 3230 4644 ἁγίας
3281 4577 3566 4644 rvi-nixae
3629 4576 3790 4648 Ἀγά·

1042 4662 1340 4724 Chionium,
1370 4663 1453 4716 die
1489 4665 1575 4716 ιο.

585 4777 746 4834 Paris
787 4774 1162 4840 inelIabiliter,
1203 4789 1238 4829 ο
1275 4773 1526 4838 Domina,
1562 4769 1714 4825 illum
1748 4785 1912 4839 quem
1944 4768 2106 4823 Pater

517 4873 641 4929 sine
691 4870 900 4926 semine
954 4868 1255 4938 generavit,
1305 4877 1359 4924 et
1392 4867 1656 4921 uberibus
1696 4863 1876 4918 nutris
1928 4862 2104 4927 illum,

518 4965 612 5034 qui
641 4963 812 5017 nutrit
846 4964 1124 5016 universa.

591 5053 804 5124 Rumpe
849 5064 1196 5123 peccatorum
1248 5066 1496 5106 meorum
1539 5048 1764 5104 crudele
1816 5047 2105 5118 chirogra-

518 5148 708 5218 phum,
735 5164 769 5200 ο
800 5147 1053 5206 Domina.
1092 5161 1214 5212 qua:
1245 5144 1602 5199 immaculato
1627 5149 1782 5212 partu
1822 5150 1917 5195 tuo
1965 5138 2108 5194 iule-

521 5254 704 5292 rorum
737 5238 955 5293 vincula
985 5237 1308 5293 dissolvisti.

591 5330 881 5386 Dominum
942 5330 1322 5384 universarum
1378 5337 1786 5392 creaturarum,
1849 5324 2103 5389 Domina,

517 5423 866 5478 ineat-natum
895 5421 1152 5492 peperisti
1190 5441 1202 5475 :
1239 5436 1401 5490 quem
1450 5421 1767 5489 deprecare,
1798 5433 1831 5473 0
1872 5418 2108 5473 Sanctis~

521 5515 686 5575 sima,
726 5525 784 5568 ut
807 5515 877 5568 ab
917 5516 1075 5569 hoste
1105 5515 1423 5568 dominante
1456 5513 1647 5569 liberet
1679 5527 1802 5569 nos.

590 5605 870 5660 lntercede
900 5621 997 5674 pro
1020 5622 1127 5671 me,
1156 5621 1190 5660 ο
1217 5605 1422 5670 Puella,
1457 5615 1514 5662 ut
1541 5605 1796 5661 adveniat
1826 5601 1958 5656 mihi
1987 5601 2109 5657 linis

521 5697 736 5762 bonus;
774 5709 830 5752 ut
881 5700 1103 5755 timeam
1154 5699 1432 5755 cruciatus
1479 5714 1758 5770 nunquam
1809 5695 2109 5759 ﬁniendos,

525 5790 620 5859 qui
654 5802 875 5845 manent
907 5808 1012 5857 me,
1045 5800 1100 5845 et
1132 5793 1318 5847 salvus
1347 5791 1492 5845 liam.

593 5881 833 5941 Tunicas
874 5886 1066 5941 mortis
1123 5886 1378 5957 pelliceas
1411 5885 1676 5956 abjiciens
1723 5884 1894 5940 Adam
1946 5898 1976 5939 a
2026 5896 2106 5947 ac,

2368 4667 2510 4718 mir,
2538 4649 2804 4720 Εἰρήνην
2849 4650 2946 4699 καὶ
2985 4651 3251 4712 Moriar,
3297 4649 3479 4717 ἠμὲίᾳ
3535 4657 3629 4715 ις’,

2279 4766 2497 4828 Τίκτεις
2534 4765 2954 4836 ἁνερμηνεύτως
2996 4763 3055 4818 ὃν
3110 4767 3295 4834 Πατὴρ
3335 4764 3650 4837 appetistis;
3684 4766 3788 4817 ἄπο

2215 4859 2499 4930 εγέννησε,
2535 4858 2630 4910 καὶ
2689 4857 2880 4926 μαζοίς
2929 4857 3241 4927 διατρέφεις
3275 4857 3366 4908 τὸν
3399 4859 3468 4910 τὰ
3503 4858 3793 4928 σύμπαντα

2213 4954 2502 5022 τρέφοντα,
2535 4950 2819 5004 Δέσποινα.

2300 5045 2488 5113 Ῥἧξον
2524 5045 2631 5098 τῶν
2667 5049 3023 5114 πταισμάτων
3055 5060 3153 5114 μου
3177 5035 3362 5096 ’δεινὸν
3405 5042 3793 5114 χειρόγραφον,

2214 5139 2502 5202 Δέσποινα,
2554 5140 2588 5208 ἡ
2618 5138 2684 5190 τὰ
2720 5137 2896 5208 δεσμὰ
2939 5136 3149 5191 λύσασα
3191 5136 3281 5190 τοῦ
3318 5135 3444 5207 ᾅδου
3475 5139 3538 5210 τῇ
3570 5137 3795 5209 ἀσπόρῳ

2213 5234 2401 5301 κυήσει
2442 5249 2555 5285 σου.

2286 5322 2719 5392 Σιοματοὺμενον
2756 5321 2958 5394 Κύριον
2991 5322 3196 5386 ἔτεκες,
3228 5323 3428 5394 Κυρῐα,
3474 5325 3654 5394 πάσης
3695 5326 3795 5395 τῆς

2213 5418 2475 5482 κτίσεως,
2508 5416 2566 5470 ὃν
2609 5417 2821 5470 ἱκέτευε
2853 5416 3119 5488 ῥυσθῆναι
3152 5417 3368 5489 ἐχθροῦ,
3402 5420 3665 5486 παναγία,
3698 5437 3793 5472 κυ-

2217 5508 2509 5579 ριεύοντος.

2287 5602 2453 5664 Τέλος
2476 5617 2565 5669 μοι
2590 5605 2826 5670 χρηστὸν
2859 5601 3273 5668 προσγενέσθαι,
3305 5607 3478 5673 λύρη,
3500 5603 3792 5676 πρέσϐευε,

2214 5696 2361 5756 ὅπως
2393 5692 2542 5760 φοῦὡ
2580 5693 2676 5756 τὰς
2709 5692 2974 5762 μενούσας
3002 5710 3068 5764 με
3099 5695 3486 5768 ἁτελευτήτους
3525 5698 3794 5769 τιμωρίας

2217 5789 2308 5841 καὶ
2341 5787 2695 5856 σωθήσεομαι.

2292 5879 2634 5950 Νεκριέισεωτ
2659 5879 3015 5936 ﬁscum-[vana
3047 5881 3284 5948 γιτῶνας
3310 5884 3338 5936 ὁ
3376 5881 3548 5952 Ἀδὰμ
3586 5881 3794 5940 ἁποῦα⁹
