4098 6322
442 390 580 458 1103

1576 388 1636 448 S.
1682 387 2000 449 305E911!
2041 389 2609 452 llYMNOGilAPHI

3585 393 3725 459 1104

434 500 756 572 ignorantiae
771 499 1012 554 tenebris
1035 507 1357 570 occupatam
1379 505 1467 564 ;ut
1484 496 1724 552 divinum
1751 508 2036 556 assecutus

2142 501 2550 573 κρατούμενον,
2593 503 2742 566 ὅπως
2793 501 2975 574 τυχὼν
3007 501 3157 557 θειου
3200 501 3486 575 φωτιτμοῧ
3526 503 3594 560 τὰ
3625 522 3724 576 μιν

433 593 879 656 illustrationem,
932 591 1206 662 inagnalia
1247 600 1340 645 tua
1390 594 1740 656 annuntiem,
1782 606 1815 645 ο
1865 589 2030 663 Virgo

433 695 724 758 perpetua.

2136 596 2332 663 γαλεῖἀ
2361 612 2456 648 σου
2485 594 2867 664 καταγγέλλω,
2913 595 3297 669 Ἀειπάρθενι

1073 803 1160 861 Ea:
1205 805 1424 861 Conone
1482 805 1535 858 in
1583 803 1643 862 S.
1705 802 1960 860 Acacium
2008 808 2311 878 episcopum
2387 810 2665 878 Melitimr,
2702 811 2788 866 die
2824 809 3084 884 17(60‘).

506 923 612 992 To,
639 938 762 994 qua:
787 937 990 988 arcano
1015 932 1180 993 atque
1207 921 1469 978 ineliabili
1501 923 1662 978 modo
1691 921 1801 977 Deo
1829 936 2032 992 corpus

435 1016 662 1081 dedisti,
713 1026 764 1071 et
803 1033 902 1070 t‘sus
937 1015 1185 1086 repulsos
1230 1027 1396 1087 atque
1448 1017 1683 1086 rejectos
1721 1015 1896 1070 cidem
1943 1030 2030 1068 re-

430 1109 767 1172 conciliasti,
788 1124 821 1161 ο
845 1117 995 1162 casta
1028 1107 1176 1161 omni
1208 1105 1372 1162 laude
1396 1105 1745 1177 dignissima,
1788 1103 2030 1171 medere,

434 1215 644 1273 quaeso,
673 1200 1022 1272 passionibus
1056 1199 1240 1254 cordis
1268 1198 1378 1254 mei
1414 1199 1674 1268 passione
1715 1197 1810 1252 ﬁlii
1845 1196 1945 1262 tui,
1981 1206 2035 1252 et

435 1294 649 1363 salvum
678 1308 763 1348 me
789 1291 874 1346 l‘ae
916 1293 1235 1364 psallentem
1268 1292 1515 1364 quotidie
1545 1311 1558 1347 :
1594 1289 1848 1348 Gloriose
1877 1290 2024 1346 enim

436 1387 773 1460 gloriﬁcatus
801 1404 881 1450 rs,
904 1400 1013 1442 etc.

484 1480 553 1558 .0
584 1492 760 1553 porta,
792 1497 891 1552 per
923 1497 1088 1552 quam
1130 1477 1264 1535 nulli
1301 1479 1568 1533 transitus
1615 1486 1799 1547 patet,
1846 1477 2024 1548 pomi-

436 1574 622 1630 tentite
655 1583 866 1644 portas,
900 1589 935 1626 ο
972 1585 1144 1640 casta,
1171 1570 1321 1644 aperi
1353 1571 1513 1638 milii,
1539 1580 1594 1627 et
1621 1570 1674 1624 in
1703 1572 1823 1626 vias
1851 1579 2030 1627 rectus

436 1667 612 1738 dirige
641 1683 752 1723 me.
921 1669 925 1672 ’

508 1758 759 1824 Virilica,
803 1758 1057 1824 Domina,
1092 1774 1180 1814 me
1219 1769 1500 1816 mortuum
1538 1773 1552 1808 :
1584 1767 1639 1812 et
1683 1758 1737 1813 in
1783 1769 2026 1810 errorem

435 1852 720 1911 inductum
787 1853 1046 1909 celeriter
1083 1864 1340 1908 converte
1383 1865 1491 1916 me,
1524 1858 1581 1905 tu
1613 1864 1736 1918 quae
1761 1862 1823 1903 es
1847 1848 1932 1902 via
1964 1845 2033 1902 ab
2064 1862 2108 1918 Β

433 1945 588 2000 omni
620 1960 806 2001 errore
830 1944 1026 2010 libera,
1052 1953 1216 2014 atque
1243 1942 1493 1998 omnium
1536 1939 1914 1996 riiaiiuductio.

504 2038 612 2106 Qui
651 2037 802 2094 nullo
859 2038 1022 2092 modo
1060 2036 1338 2094 Genitoris
1385 2038 1567 2090 sinum
1605 2047 1835 2090 vacuum
1888 2030 2019 2086 reli-

435 2142 656 2206 querat,
681 2132 830 2186 omni
855 2131 1164 2187 substantia
1190 2130 1461 2200 superior,
1486 2128 1542 2183 in
1568 2127 1695 2182 sinu
1728 2136 1822 2181 tuo
1847 2121 2028 2202 infans

436 2225 711 2285 contineri
743 2227 898 2281 visus
926 2234 1034 2289 est,
1061 2239 1097 2280 o
1126 2223 1325 2294 Virgo;
1358 2221 1634 2293 accipiens
1658 2218 1762 2276 sibi
1797 2231 2030 2288 pauper-

440 2328 605 2376 tatem
634 2333 840 2384 meam,
874 2317 944 2375 ob
965 2331 1252 2374 excessum
1284 2314 1602 2373 divitiarum
1637 2311 2034 2370 misericordia

2200 927 2402 986 Mentis
2435 944 2572 986 mea:
2621 929 2981 994 mutationes,
3026 937 3084 986 et
3123 929 3311 988 cordis
3345 928 3733 992 ﬁuctuationcs

2128 1038 2437 1094 compesce,
2451 1039 2663 1090 precor,
2689 1038 2724 1080 o
2745 1021 2934 1096 Virgo,
2955 1023 3332 1080 misericordia
3360 1033 3478 1093 tua,
3496 1034 3550 1081 et
3565 1041 3730 1100 apoc-

2128 1126 2274 1184 cato,
2302 1133 2415 1189 quo
2444 1119 2694 1174 dctincor
2733 1117 2960 1188 ligatus,
2995 1117 3172 1175 libera
3205 1134 3316 1184 me,
3351 1119 3447 1192 qui
3503 1130 3556 1175 te
3595 1124 3730 1183 tide-

2133 1212 2257 1266 liter
2297 1212 2512 1268 beatam
2541 1211 2776 1284 appello.

2202 1324 2301 1395 Te,
2331 1336 2392 1383 ut
2419 1341 2642 1382 causam
2695 1335 2898 1381 nostra:
2938 1325 3160 1392 salutis,
3216 1340 3412 1382 omnes
3459 1328 3606 1385 servi
3647 1330 3726 1384 tui

2137 1420 2384 1493 quotidie
2410 1420 2726 1485 laudamus,
2759 1434 2793 1474 ο
2820 1417 2936 1473 Deo
2977 1419 3340 1484 charissima,
3370 1421 3578 1476 etcum
3622 1420 3734 1476 ﬁde

2137 1515 2352 1570 beatam
2381 1513 2742 1585 appellamus,
2765 1511 3047 1569 dicentes:

2206 1631 2252 1686 Ο
2298 1631 2500 1702 puclla,
2551 1645 2674 1700 quae
2718 1646 2778 1686 es
2827 1627 3247 1699 incorruptionis
3291 1625 3582 1693 ﬂuentum,
3631 1642 3719 1683 me

2125 1723 2497 1794 plurimorum
2520 1737 2871 1796 peccatorum
2913 1719 3356 1778 inundationibus
3369 1727 3711 1791 corruptum,

2136 1817 2361 1888 ilignum
2398 1815 2486 1874 {ac
2515 1816 2803 1873 curatione
2828 1828 2944 1880 tua,
2965 1831 2999 1871 o
3026 1814 3206 1886 Virgo.

2204 1945 2370 2003 Lucis
2404 1946 2576 2015 illius,
2601 1963 2724 2020 quae
2750 1947 3085 2003 illuminavit
3116 1949 3393 2011 universa,
3420 1945 3720 2014 jucundum

2133 2039 2575 2109 proltitiatorium
2616 2059 2804 2098 revera
2845 2040 3174 2114 apparuisti,
3204 2057 3238 2095 o
3283 2039 3447 2111 Virgo
3484 2047 3596 2094 tota
3634 2039 3723 2092 luo

2134 2133 2291 2197 cida;
2325 2143 2613 2205 propterea
2641 2136 2797 2208 101
2834 2135 3084 2191 illumina
3129 2151 3218 2189 me
3259 2141 3610 2205 peccatorum
3641 2139 3720 2186 to-

2135 2223 2326 2280 nebris
2355 2223 2686 2292 involutum,
2734 2236 2792 2282 ut
2833 2236 2886 2283 te
2921 2241 3044 2282 cum
3077 2225 3184 2282 lide
3213 2222 3562 2296 magniﬁcare
3593 2235 3722 2294 pos-

2135 2335 2262 2373 sum.

1359 2525 1443 2581 Ea:
1469 2523 1684 2582 Conone
1708 2525 1762 2580 in
1793 2521 1855 2582 S.
1887 2523 2222 2580 Theodorum
2250 2539 2556 2603 martyrem,
2597 2531 2686 2582 die
2716 2530 2802 2584 l9.

509 2655 603 2713 llle
626 2654 744 2726 qui,
776 2651 1080 2710 secundum
1114 2658 1392 2712 naturam,
1426 2647 1602 2702 lucem
1637 2645 1850 2700 habitat
1879 2643 2032 2700 inac-

434 2749 778 2812 cessibilem,
815 2761 940 2800 cum
984 2746 1288 2798 habitasset
1326 2739 1382 2796 in
1431 2749 1589 2794 utero
1621 2750 1749 2802 tuo,
1785 2751 1819 2789 ο
1851 2737 2032 2808 puris-

435 2844 600 2906 sima,
633 2838 894 2896 inelfabili
931 2833 1312 2892 misericordia
1339 2846 1439 2888 sua
1480 2830 1612 2887 fecit
1649 2845 1752 2886 nos
1785 2827 2034 2885 Paradisi

435 2937 805 2995 habitatores,
863 2945 930 2986 ex
982 2943 1095 2999 quo
1148 2936 1374 2998 propter
1415 2923 1687 2995 serpentis
1731 2920 2031 2984 invidiam,

431 3027 713 3086 amandati
747 3036 915 3096 atque
942 3023 1102 3095 ejecti
1130 3021 1435 3079 fueramus.

483 3121 603 3176 'llle
634 3118 730 3191 qui
767 3118 1071 3174 secundum
1106 3131 1265 3172 suam
1302 3123 1557 3169 naturam
1593 3114 1856 3169 immunis
1885 3123 1970 3169 est
1998 3129 2030 3168 a

436 3228 700 3286 tempore,
729 3220 892 3268 natus
919 3227 983 3265 ex
1020 3218 1072 3265 te
1100 3210 1155 3264 in
1187 3207 1607 3264 similitudinem
1637 3207 1821 3262 carnis
1855 3205 2033 3261 factus

432 3315 519 3363 est
545 3309 651 3362 sub
681 3311 961 3372 tempore,
997 3302 1290 3371 ignoscetis
1341 3298 1739 3370 temporalibus
1786 3299 2029 3369 peccatis

436 3401 576 3456 meis
615 3408 836 3469 propter
877 3393 1208 3450 ineliabitem
1244 3393 1500 3463 pietatem
1544 3407 1727 3456 suam,
1765 3406 1800 3448 o
1831 3391 2029 3446 imma-

436 3492 798 3548 culatissima.

508 3589 640 3644 Sine
670 3599 860 3657 partus
885 3582 1174 3640 doloribus
1200 3580 1393 3647 Deum,
1421 3580 1514 3653 qui
1539 3593 1768 3649 corpore
1785 3577 2028 3640 carebat,

437 3681 692 3753 peperisti
720 3721 733 3741 ,
769 3693 805 3733 ο
833 3676 1014 3748 puella
1061 3694 1075 3729 :
1104 3673 1200 3744 qui
1231 3672 1398 3736 Evam
1451 3672 1683 3743 primam
1741 3678 1971 3725 matrem
2001 3685 2030 3722 a

437 3775 720 3832 doloribus
767 3780 960 3843 partus
1001 3767 1289 3830 liberavit,
1327 3775 1382 3820 et
1422 3779 1453 3818 a
1496 3763 1782 3818 doloribus
1833 3761 2032 3816 inferni

437 3869 670 3924 redemit
694 3882 809 3928 eos,
839 3865 932 3934 qui
959 3863 1122 3916 vitam
1153 3857 1438 3915 doloribus
1466 3866 1631 3928 atque
1658 3853 1894 3910 miseriis
1921 3854 2036 3924 pte-

440 3977 568 4017 num
593 3958 880 4028 degebant.

505 4049 553 4107 Θ
585 4048 882 4120 purissima
911 4087 925 4110 ,
960 4060 1082 4113 quae
1133 4040 1249 4098 sola
1280 4043 1500 4111 proprie
1538 4053 1609 4095 ac
1641 4051 1766 4094 vere
1801 4051 1860 4094 es
1901 4036 2031 4092 Dei-

439 4161 591 4218 para,
638 4141 930 4198 corrobora
964 4153 1049 4192 mc
1084 4144 1145 4189 ut
1175 4134 1524 4207 passionum,
1561 4146 1798 4202 quarum
1834 4144 2028 4186 servus

437 4239 618 4294 lactus
640 4249 784 4299 sum,
808 4230 1081 4288 dominari
1107 4227 1337 4300 possim,
1361 4235 1634 4297 quatenus
1656 4224 1825 4279 libera
1847 4232 2031 4280 mento

437 4331 683 4403 gaudens
707 4335 758 4383 te
779 4322 1108 4386 beatificom,
1140 4334 1174 4374 ο
1197 4318 1348 4375 salus
1373 4317 1638 4373 fidelium.

2131 2742 2343 2799 nllicina
2396 2761 2411 2798 :

2204 2649 2344 2706 Ecce
2399 2665 2562 2706 mons
2610 2662 2838 2708 sanctus
2879 2669 2894 2705 :
2945 2663 3075 2706 ecce
3118 2647 3451 2704 aromataria
3501 2643 3729 2718 spiritus

2489 2760 2618 2800 ecce
2672 2760 2830 2816 pons,
2880 2743 2974 2815 qui
3031 2755 3222 2798 omnes
3276 2748 3610 2810 transportat
3654 2735 3726 2795 ad

2133 2837 2328 2904 Deum,
2365 2835 2458 2893 Dei
2487 2835 2662 2894 Mater
2694 2837 2908 2910 puella;
2932 2850 3098 2906 quam
3129 2834 3340 2889 beatam
3375 2833 3648 2888 dicamus.

2205 2951 2652 3025 Propitiatorium
2697 2958 2816 3005 esto
2853 2948 2986 3005 mihi
3010 2993 3024 3015 ,
3051 2963 3087 3003 ο
3133 2945 3496 3003 illibatissima
3521 2983 3539 3008 .
3577 2943 3725 3016 apud

2135 3060 2262 3102 eum
2292 3047 2387 3119 qui
2412 3062 2480 3101 ex
2510 3055 2562 3100 te
2593 3053 2756 3101 natus
2779 3052 2883 3110 est,
2913 3043 3161 3115 gravium
3192 3042 3499 3099 debitorum
3525 3039 3726 3094 remis-

2139 3140 2351 3194 sionem
2405 3139 2709 3208 impetraris
2740 3137 2909 3203 mibi,
2953 3144 3009 3192 et
3035 3135 3281 3191 divinum
3312 3133 3468 3207 regni
3511 3131 3605 3190 Dei
3635 3134 3726 3188 in-

2143 3247 2390 3300 gressum
2414 3273 2428 3298 ,
2463 3243 2519 3289 et
2563 3232 2880 3289 deliciarum
2915 3228 3234 3286 lruitionem
3260 3269 3275 3295 ,
3306 3228 3554 3298 lucisque
3582 3240 3726 3284 con-

2139 3325 2396 3380 sortium.

2211 3443 2257 3499 0
2287 3443 2578 3500 inetlabilis
2609 3443 2853 3516 mysterii
2891 3441 3348 3513 profunditatem!
3382 3439 3432 3495 Is
3464 3439 3556 3511 qui
3591 3438 3725 3496 olim

2141 3553 2304 3593 manu
2336 3536 2628 3608 plasmavit
2650 3537 2951 3599 hominem,
2986 3535 3289 3606 plasmatur
3312 3546 3536 3587 carnem
3564 3546 3725 3586 assae

2143 3646 2299 3686 mens
2354 3637 2568 3684 uterum
2606 3624 2845 3698 Virginis
2878 3636 3154 3697 perpetua:
3197 3625 3504 3698 ingressus,
3533 3632 3589 3681 et
3614 3623 3726 3682 sal-

2142 3731 2236 3778 vat
2260 3739 2368 3790 me,
2410 3737 2537 3777 cum
2565 3720 2764 3775 timore
2789 3721 3138 3776 clantantem.

2220 3859 2377 3929 102
2411 3857 2660 3913 litamina
2688 3872 2904 3928 semper
2934 3856 3124 3911 oculos
3155 3853 3352 3910 animae
3381 3868 3537 3918 meae.
3566 3866 3601 3910 ο
3632 3852 3728 3910 Dei

2142 3951 2378 4023 genitrix
2439 3969 2452 4006 :
2493 3965 2563 4006 ne
2606 3966 2694 4005 me
2741 3947 3187 4020 profundissimtl
3232 3948 3440 4017 peccati
3491 3946 3731 4003 tenebras

2137 4043 2638 4117 comprehendant;
2691 4057 2866 4112 neque
2903 4039 3305 4111 desperationis
3351 4039 3587 4110 abyssus
3627 4039 3728 4094 ab.

2135 4137 2352 4192 sorbeat
2383 4152 2471 4193 me
2501 4154 2515 4190 :
2548 4135 2642 4191 sed
2667 4145 2723 4190 tu
2759 4149 2843 4190 me
2865 4133 3041 4200 salva,
3068 4141 3124 4189 et
3158 4132 3422 4206 guberna,
3455 4132 3727 4204 protectio

2140 4231 2408 4296 ﬁdelium,
2443 4244 2566 4300 qua:
2605 4244 2712 4284 non
2748 4228 3130 4286 contunditur.

1538 4434 1624 4491 Ex
1652 4435 1866 4492 Conone
1895 4437 1950 4490 in
1981 4434 2043 4490 S.
2074 4431 2426 4498 Theodorum,
2457 4430 2543 4486 die
2573 4430 2666 4488 20.

514 4591 628 4665 Nos
659 4604 756 4660 per
787 4596 838 4643 te
858 4627 874 4650 ,
904 4601 940 4640 ο
973 4586 1152 4665 puella
1178 4627 1193 4649 ,
1229 4583 1461 4648 salvati;
1493 4589 1544 4648 te
1577 4575 2030 4636 immaculatissis
2063 4584 2112 4640 ι)

440 4699 587 4741 mam
637 4685 779 4736 inter
831 4682 1127 4747 mulieres,
1184 4678 1389 4748 Deique
1429 4673 1765 4730 Gcnitriccin
1819 4671 2037 4742 byn-nis

441 4782 656 4836 beatam
688 4790 1073 4844 ntincupamus
1097 4815 1111 4837 ,
1143 4785 1198 4830 et
1231 4773 1365 4828 illud
1399 4768 1694 4832 Gabrielis,
1723 4772 1856 4832 Ave,
1885 4765 1952 4818 ad
1987 4775 2039 4818 te

440 4874 765 4926 clamamus.
808 4871 941 4934 Ave,
983 4883 1017 4920 ο
1067 4883 1236 4922 causa
1273 4862 1685 4920 reformationis
1734 4863 2035 4926 primorum

439 4971 751 5034 parentum.

513 5054 591 5108 Te.
621 5053 716 5107 Dei
752 5053 1087 5107 (icnitricem
1130 5050 1500 5106 castissimum
1535 5047 1768 5117 poeilam
1817 5057 2041 5102 sancto.

442 5163 564 5203 rum
594 5149 830 5215 populus
867 5160 1173 5217 agnoscens
1198 5183 1214 5207 ,
1249 5161 1282 5197 υ
1313 5141 1664 5198 sanctissima
1687 5179 1700 5200 ,
1735 5138 2043 5206 splendoris

445 5244 522 5297 tui
555 5240 677 5293 loco
711 5239 1005 5291 irradiattts
1027 5249 1132 5300 est,
1165 5247 1216 5290 et
1253 5249 1397 5289 nunc
1437 5237 1489 5287 in
1521 5233 1676 5288 oculis
1711 5243 1761 5288 te
1784 5233 2042 5301 depreca-

448 5346 555 5388 tur.
593 5331 824 5384 ica-bum
859 5345 922 5383 ex
958 5343 1008 5381 te
1034 5337 1286 5382 exortum
1319 5341 1444 5380 cum
1476 5325 1672 5394 gaudio
1699 5325 2040 5395 pioriticans,

444 5444 476 5475 ο
500 5423 666 5478 Maria
692 5437 889 5492 sponsa
917 5420 1036 5474 Dei.

520 5516 821 5569 Thalamus
870 5511 1304 5567 immortalitatis
1339 5519 1527 5564 venter
1554 5517 1682 5563 tuus
1717 5509 1892 5564 lactus
1925 5518 2032 5569 est,

453 5610 614 5675 Virgo
661 5605 957 5669 inviolata;
1015 5619 1081 5658 ex
1137 5618 1247 5671 quo
1293 5616 1522 5670 sponsus
1588 5599 1853 5654 Dominus
1908 5615 2032 5652 cum

449 5697 737 5770 splendore
775 5696 1098 5765 procedens,
1131 5703 1448 5749 sanctorum
1489 5693 1720 5762 pupuios
1750 5691 1995 5746 attraxit.

2211 4575 2268 4631 In
2298 4576 2431 4630 liora
2463 4572 2742 4630 tremenda
2767 4572 2960 4643 judicii
2994 4572 3145 4628 salva
3175 4588 3282 4638 me,
3305 4582 3361 4629 et
3385 4573 3595 4629 redime
3623 4588 3729 4641 me,

2142 4687 2175 4722 ο
2201 4669 2546 4725 sanctissima
2577 4707 2590 4730 ,
2625 4676 2680 4722 et
2705 4681 2732 4719 a
2767 4668 3015 4736 gebenna
3049 4668 3201 4738 eripe
3233 4683 3354 4733 me;
3389 4677 3448 4723 ut
3477 4677 3528 4724 te
3562 4666 3732 4724 beati-

2147 4765 2324 4826 t‘icein,
2355 4770 2408 4817 et
2434 4759 2643 4816 meritis
2671 4759 2925 4816 laudibus
2959 4761 3247 4826 honorem,
3272 4776 3306 4816 ο
3336 4761 3733 4816 immaculntis-

2145 4859 2306 4910 sima.

2219 4948 2297 5003 Tu
2331 4948 2468 5009 sola,
2497 4962 2530 5002 o
2561 4947 2840 5006 inviolata,
2869 4947 3034 5000 vitam
3059 4945 3446 5001 subsistentem
3471 4944 3730 5017 genuisti,

2147 5042 2410 5096 factorem
2445 5041 2692 5095 ninnium
2723 5055 2787 5093 ac
2815 5037 3132 5102 Dominum,
3162 5053 3321 5108 quem
3351 5053 3542 5093 amans
3570 5051 3730 5093 sanc-

2148 5144 2327 5187 tot‘ttttt
2362 5129 2586 5185 Patrum
2629 5127 2920 5183 tnuititudo
2943 5169 2958 5191 ,
2991 5129 3135 5197 piam
3175 5137 3534 5199 salictatnque
3564 5127 3729 5184 vitam

2148 5223 2412 5280 traduxit.

2216 5320 2504 5384 'l'anqnam
2531 5315 2839 5384 pulchram,
2873 5326 3133 5384 tauquam
3165 5314 3468 5385 speciosam
3494 5315 3732 5370 Veritum

2145 5411 2455 5478 speciosum
2501 5419 2553 5463 te
2599 5409 2820 5472 dilexit,
2871 5422 2904 5461 ο
2953 5406 3179 5467 illibata.
3214 5419 3479 5477 tuumque
3516 5417 3734 5464 uterum

2147 5501 2492 5566 inhabitavit,
2525 5501 2595 5554 ob
2619 5513 2865 5554 nostrum
2897 5500 3137 5554 ﬁdelium
3169 5501 3623 5572 redemptionem.

2220 5594 2402 5650 lnnuit
2450 5602 2500 5647 te
2541 5595 2712 5648 rubus
2741 5593 2850 5656 ille,
2883 5608 2915 5647 ο
2945 5593 3448 5659 intemeratissima,
3481 5593 3574 5664 qui
3607 5591 3735 5664 igne

2145 5685 2522 5744 circutiidait‘is
2557 5685 2702 5738 nulla
2744 5701 2808 5738 cx
2842 5698 2994 5754 parte
3016 5685 3484 5746 comburebatur:
3524 5685 3727 5744 etenim

518 5875 655 5948 (60')
685 5874 871 5930 Graeca
902 5874 1067 5939 huius
1090 5871 1319 5931 canonis
1337 5849 1391 5924 et
1414 5869 1647 5927 duorum
1676 5868 2025 5939 sthtrtttium
2066 5863 2452 5921 desiderantur
2483 5862 2534 5914 in
2564 5857 2782 5917 hicn-ms
2812 5863 3120 5933 impressis.
