4078 6294
416 322 552 398 “0’1

1561 321 1619 379 S.
1661 315 1976 379 JOSEPHI
2021 315 2584 380 HYMNOGRAPHI

3554 321 3694 394 1108

412 438 831 509 gubernatorem
883 439 935 487 et
992 428 1331 486 Salvatorem
1374 426 1659 484 Christum
1702 426 1999 499 peperisti,

2119 447 2248 485 mea
2307 430 2561 503 Χριστὸν,
2608 429 2889 502 Παρθένε,
2934 430 3031 486 καὶ
3073 431 3339 506 Σωτῆρα,
3389 434 3557 506 ῥῦσαι
3597 443 3699 499 καὶ

412 534 582 588 libera
616 544 724 595 me,
755 540 967 598 precor,
987 532 1043 581 et
1071 526 1219 585 salva
1252 539 1359 579 me.

482 624 732 695 Speciem
761 620 931 675 Jacob
966 628 1015 673 te
1044 617 1208 686 elegit
1252 617 1415 683 Deus,
1441 627 1474 669 ο
1516 613 1686 686 Virgo
1726 613 1998 685 Deipara;

410 719 464 771 in
495 724 547 771 te
578 713 865 777 habitavit,
892 722 948 765 et
983 718 1035 765 te
1061 721 1180 779 post
1209 718 1426 778 partum
1472 708 1741 777 virginem
1772 721 2001 763 conser-

411 804 585 867 vavit,
623 802 803 873 qualis
829 800 1014 855 fueras
1046 807 1173 854 ante
1206 808 1447 869 partum.

484 984 667 1041 Sacrae
695 983 1087 1054 prophetarum
1121 992 1283 1033 voces
1308 985 1382 1043 te,
1415 993 1449 1034 ο
1481 976 1671 1050 Virgo,
1701 976 2003 1049 symbolice

412 1081 709 1148 praedicant
746 1085 962 1149 portam
985 1117 1003 1144 ,
1036 1083 1305 1141 montem,
1350 1086 1405 1131 et
1444 1072 1863 1132 tabernaculum
1888 1115 1905 1141 ,
1938 1088 2004 1129 ac

412 1181 658 1229 sanctam
692 1172 833 1227 lucis
869 1170 1103 1236 nubem,
1139 1184 1204 1225 ex
1243 1184 1353 1241 qua
1394 1168 1716 1225 sedentibus
1750 1167 1805 1225 in
1852 1178 2003 1225 tene-

413 1262 529 1319 bris
550 1272 605 1318 et
628 1261 847 1327 umbra,
879 1269 1104 1316 exortus
1132 1267 1218 1315 est
1248 1258 1331 1319 sol
1361 1258 1618 1316 Christus
1648 1259 1789 1316 lucis
1820 1257 1999 1314 dator.

488 1445 645 1517 105
677 1442 1028 1500 Bevercndus
1056 1449 1245 1514 partus
1280 1448 1406 1496 tuus
1432 1446 1541 1506 est,
1571 1452 1606 1493 o
1632 1436 1865 1508 Deipara
1893 1434 2005 1492 Ma-

413 1548 496 1596 ter
525 1539 641 1601 Dei,
672 1548 957 1608 propterea
999 1544 1051 1591 te
1100 1549 1317 1604 semper
1363 1534 1579 1587 beatam
1634 1530 1910 1596 dicimus,
1952 1538 2007 1586 et

414 1632 648 1687 ﬁdeliter
676 1630 1047 1701 glorificamus
1082 1625 1464 1699 generationes
1497 1624 1916 1697 generationum
1948 1622 2004 1677 in

414 1724 635 1779 saecula.
665 1725 863 1777 Amen.

2108 525 2283 579 σῶσόν
2318 541 2408 595 με,
2439 523 2650 596 δέομαι.

2176 612 2292 686 Τὴν
2339 615 2607 686 καλλονὴν
2651 615 2850 669 Ἰακώϐ
2897 633 2955 671 σε
2998 617 3131 682 Θεὸς
3162 617 3472 688 ἐξελέξατο,
3515 624 3576 677 ιν
3611 628 3699 684 σοὶ

2105 706 2518 777 κατεσκήνωσε,
2572 708 2670 763 καὶ
2718 709 2779 762 σὲ
2828 708 3143 782 διετήρησε,
3198 713 3292 766 καὶ
3332 716 3473 785 μετὰ
3514 717 3693 774 Idm,

2108 798 2409 873 Παρθένον,
2451 799 2640 874 ῶσπερ
2676 796 2743 872 ἦς
2778 803 2883 871 πρὸ
2916 802 3010 857 τοῦ
3050 807 3233 869 τόκου,
3281 806 3529 877 Παρθένε
3562 812 3668 867 Geo

2106 891 2256 949 τὸκε.

2189 986 2355 1059 Ίεραί
2384 1005 2442 1043 σε
2470 987 2576 1042 τῶν
2606 987 2902 1059 προφητῶν
2930 989 3265 1061 κηρύττουσι
3290 994 3469 1062 φωναὶ
3495 997 3705 1067 συμϐο-

2109 1078 2279 1144 λικῶς
2317 1079 2515 1151 πύλην,
2559 1081 2654 1134 καὶ
2694 1079 2842 1149 ὅρος,
2871 1081 2967 1133 καὶ
3000 1081 3231 1153 σκηνὴν,
3280 1086 3376 1139 καὶ
3404 1086 3508 1157 τὴν
3534 1089 3702 1158 ἁγίαν

2109 1172 2291 1243 φωτὸς
2317 1173 2570 1245 νεφέλην,
2598 1174 2657 1240 ἐξ
2704 1166 2774 1245 ἧς
2820 1174 2932 1238 τοῖς
2964 1174 3023 1227 ὲν
3058 1176 3241 1228 σκότει
3270 1178 3366 1230 καὶ
3401 1182 3532 1251 σκιᾷ
3561 1182 3701 1235 καθ-

2110 1266 2337 1336 ημὲνοις
2372 1266 2647 1322 ἀνέτειλεν
2673 1266 2844 1339 ἣλιος,
2883 1267 3154 1339 Παρθένε,
3184 1269 3425 1341 Χριστὸς
3469 1274 3499 1326 ὁ
3522 1291 3700 1343 φωτο.

2108 1361 2293 1434 56m-

2181 1452 2389 1525 ςιρικτή
2424 1469 2521 1507 σου
2544 1453 2577 1524 ἠ
2600 1452 2802 1524 λοχεία,
2834 1452 3069 1509 Θεοτόκε
3102 1455 3298 1531 Μῆτερ
3322 1459 3491 1533 Beati;
3524 1462 3605 1519 8ιό
3634 1480 3698 1521 α.

2115 1547 2497 1619 μακαρίζομεν
2532 1549 2621 1602 ἀεὶ
2665 1550 2763 1602 καὶ
2806 1549 3105 1620 δοξάζομεν
3136 1555 3378 1623 πιστῶς,
3413 1558 3468 1611 αί
3506 1561 3689 1627 γενεαὶ

2112 1639 2223 1695 τῶν
2249 1640 2453 1710 γενεῶν
2476 1641 2557 1705 είς
2584 1642 2712 1706 τοὺς
2738 1642 2966 1708 αίῶνας.
3004 1646 3202 1718 Ἀμήν.

417 1816 503 1871 Ex
526 1816 735 1873 Canone
754 1816 807 1869 in
836 1814 895 1871 S.
928 1812 1156 1898 Matrem
1184 1823 1424 1898 nosltorannt
1462 1809 1698 1867 Etimbet
1728 1804 2000 1863 Thauma-

2119 1819 2246 1898 'Ex_
2260 1819 2383 1898 Σοῦ
2432 1822 2708 1898 Ῑζανόνςος
2751 1824 2839 1898 εις
2871 1821 2988 1889 τὴν·
3023 1826 3207 1898 ὁσίαν
3242 1828 3480 1898 Μητέρα
3528 1827 3697 1898 ἡμῶν·

984 1896 1215 1956 turgam,
1251 1884 1335 1939 die
1354 1883 1446 1939 24.

488 2002 589 2069 Te,
616 2001 975 2072 opurissima,
1001 2015 1124 2071 qua
1150 2012 1316 2070 supra
1339 1998 1543 2055 mentis
1569 2005 1899 2067 conceptum
1916 1993 2013 2051 in-

416 2094 726 2169 separabile
773 2092 957 2149 Patris
993 2093 1231 2148 Verbum
1267 2089 1564 2164 peperisti,
1618 2085 2012 2145 ardentissimo

416 2206 609 2248 amore
659 2203 1005 2262 prosequens
1045 2187 1407 2244 celeberrima
1450 2184 1725 2251 illisabet,
1758 2181 2013 2257 ,Spiritus

417 2283 596 2343 sancti
624 2281 1039 2352 receptaculum
1071 2279 1215 2337 facta
1246 2287 1332 2336 est
1359 2277 1561 2336 divinis
1586 2274 1891 2333 virtutibus
1920 2288 2010 2331 re-

418 2372 661 2444 fulgens.

490 2463 570 2524 Te
599 2466 795 2533 solam,
818 2464 1179 2536 purissimum
1214 2460 1562 2534 Virginitatis
1590 2460 1861 2531 templum
1888 2458 2010 2529 glo-

420 2560 725 2617 riosissima
759 2557 999 2614 Elinbet
1029 2572 1155 2613 cum
1191 2557 1297 2613 tide
1322 2555 1668 2620 desiderans,
1702 2568 1740 2609 ο
1763 2563 1879 2611 tota
1904 2554 2009 2607 im-

422 2654 712 2721 maculata,
742 2652 943 2724 gaudet
969 2651 1199 2708 adducta
1233 2649 1345 2705 [ilio
1374 2658 1468 2705 tuo
1502 2648 1756 2721 religiose
1779 2645 2011 2719 vestigia

421 2756 515 2803 tua
548 2746 867 2802 subsecuta.

495 2837 625 2893 Sola
659 2837 827 2892 Deum
866 2837 1217 2891 incarnatum
1250 2833 1360 2892 fers
1398 2835 1452 2889 in
1482 2843 1663 2899 utero,
1690 2833 1783 2905 qui
1810 2835 2013 2906 praebet

420 2947 546 2991 esse
578 2932 853 2989 universis
875 2972 894 2998 ,
923 2947 1087 3003 quem
1117 2932 1359 2987 Elisabet
1389 2946 1454 2986 ex
1483 2930 1668 2986 animo
1697 2932 2013 3003 concupivit

420 3034 477 3081 et
506 3024 731 3089 amavit,
763 3025 940 3080 eidem
974 3025 1335 3095 spiritualiter
1373 3024 1701 3094 desponsata
1735 3041 1751 3078 :
1785 3037 1821 3078 o
1850 3022 2015 3096 Virgo

421 3119 652 3191 Deipara
678 3159 693 3185 ,
722 3119 1041 3189 angelorum
1079 3118 1407 3174 miraculum
1430 3159 1446 3187 ,
1474 3127 1530 3173 et
1556 3117 1865 3174 daemonum
1896 3118 2013 3172 vul-

423 3228 551 3277 nus,
582 3222 695 3269 tota
720 3212 1085 3268 admirabilis.

496 3304 758 3376 Superior
784 3306 1038 3374 supernis
1074 3303 1439 3375 potestatibus
1467 3300 1607 3359 facta
1635 3316 1693 3359 es
1713 3345 1730 3369 ,
1761 3316 1796 3359 0
1823 3300 2009 3374 Virgo,

426 3395 663 3454 Verbum
700 3396 847 3451 Patri
879 3406 1213 3451 coartet-num
1254 3407 1308 3451 et
1356 3396 1636 3466 coaequale
1666 3397 1827 3451 enixa
1870 3414 1884 3450 :
1919 3411 2014 3451 cu-

420 3491 513 3565 jus
537 3490 926 3561 splendoribus
958 3489 1199 3545 Elisabet
1231 3489 1445 3545 Deit‘era
1478 3489 1772 3553 illustrata,
1802 3487 2017 3558 passio‘

424 3599 558 3639 num
590 3581 822 3639 nebulas
851 3582 1159 3651 dissipavit.

495 3676 811 3747 Couccpisti
848 3678 903 3731 in
947 3687 1106 3732 utero
1151 3677 1304 3733 illum
1336 3676 1431 3750 qui
1475 3686 1561 3734 est
1596 3686 1722 3733 ante
1762 3678 1960 3734 saecula
1998 3695 2013 3733 :

424 3770 687 3839 peperisti
717 3771 771 3824 in
806 3786 973 3825 carne
995 3785 1120 3826 eum
1150 3770 1243 3837 qui
1279 3781 1473 3826 natura
1502 3777 1588 3827 est
1614 3770 1971 3839 incorporeus
2000 3789 2014 3825 :

426 3865 705 3921 nutrivisti
739 3864 879 3920 lacte
912 3879 1037 3919 eum
1071 3865 1163 3935 qui
1200 3866 1371 3920 nutrit
1401 3864 1686 3929 universa;
1715 3878 1748 3919 ο
1776 3860 1869 3916 Dei
1901 3859 2017 3916 Ila-

426 3967 509 4015 ter
534 3958 763 4029 innupta
789 3968 845 4013 et
866 3958 1146 4014 inviolata.
1538 3976 1541 3979 δ

499 4049 659 4119 Vide,
685 4068 719 4107 ο
742 4050 932 4122 Virgo,
961 4051 1364 4106 tribulationem
1395 4064 1594 4115 meam,
1618 4063 1779 4119 quam
1804 4045 2019 4103 induxit

427 4144 727 4201 multitudo
786 4144 1057 4198 malorum
1100 4157 1371 4205 meorum,
1415 4150 1467 4195 ct
1498 4141 1567 4195 ab
1601 4142 1723 4210 igne
1757 4138 2018 4209 gehennae

426 4236 579 4305 eripe
614 4251 702 4290 me
741 4235 1067 4290 clamantem
1121 4251 1133 4287 :
1172 4232 1536 4297 Benedictus,
1593 4245 1628 4286 ο
1674 4229 2012 4296 castissima,

426 4328 642 4385 fructus
669 4328 879 4383 ventris
910 4328 1011 4383 tui.

496 4420 742 4491 Corpore
774 4420 1034 4474 amictum
1087 4416 1371 4487 peperisti,
1403 4426 1457 4470 et
1506 4418 1652 4473 ulnis
1699 4415 1945 4488 gestasti,
1987 4430 2019 4471 ο

2036 3168 2082 3233 C

2234 1888 2697 1961 Ἐλισὰὅετγτὴν
2728 1888 3209 1965 θαυματουρτὸν,
3241 1888 3433 1966 mlsz
3467 1888 3569 1954 κδῗ

2182 2006 2252 2064 Σὲ
2317 2006 2420 2079 τὴν
2480 2004 2753 2063 τεκοῦσαν
2806 2008 2948 2079 ύπιρ
3000 2008 3151 2079 νοῦν,
3202 2016 3557 2086 πανάμωμε,
3611 2016 3703 2071 τδν

2113 2100 2421 2175 ἀδιαίρετον
2467 2100 2604 2157 Θεοῦ
2642 2102 2859 2174 Πατρδς
2900 2105 3078 2175 Λόγον
3107 2104 3360 2180 διαπύρῳ
3394 2108 3559 2180 ἔρωτι
3600 2129 3699 2164 πο-

2113 2193 2285 2249 θοῦσα
2310 2195 2345 2266 ἡ
2384 2194 2631 2267 ἀοίδιμος
2666 2194 2975 2263 Ἐλισάσετ,
3014 2196 3221 2272 δοχείον
3250 2202 3409 2271 ἁγίου
3444 2203 3697 2274 Πνεῦμασ-

2110 2303 2206 2353 τος
2234 2286 2482 2360 γέγονεν,
2515 2287 2692 2356 θείαις
2714 2289 2942 2363 ἀρεταῖς
2972 2288 3379 2366 διαλάμπουσα.

2186 2466 2497 2540 Παρθενίας
2523 2484 2583 2521 σε
2617 2468 2786 2540 μόνην
2806 2468 2870 2524 τὸ
2896 2469 3139 2544 καθαρὸν
3163 2471 3413 2544 τέμενος,
3439 2475 3474 2546 ὴ
3501 2492 3704 2530 πανευ-

2115 2557 2286 2631 add);
2315 2559 2598 2617 Ἐλισάσετ
2620 2561 2805 2617 πίστει
2821 2563 3129 2637 ποθήσασα,
3148 2567 3353 2640 χαίρει,
3370 2570 3700 2642 πανάμωμε,

2112 2652 2195 2724 τῷ
2232 2652 2311 2725 σῷ
2345 2653 2462 2727 Υίῷ
2498 2655 2875 2728 προσαχθεῖσα
2904 2658 3081 2715 ὀπίσω
3120 2677 3215 2716 σου
3259 2662 3702 2733 ἀκολουθήσασα.

2185 2836 2344 2907 Μόνη
2373 2834 2507 2890 Θεὸν
2542 2837 2729 2908 φέρεις
2764 2838 2823 2892 ἐν
2865 2839 3048 2909 μήτρᾳ
3079 2839 3469 2910 σαρκούμενον,
3513 2831 3605 2893 τὸν
3637 2842 3699 2895 τδ

2114 2925 2256 2985 εἶναι
2291 2931 2429 2983 πᾶσι
2469 2929 2875 3001 παρεχόμενον,
2920 2930 2979 2983 ὃν
3015 2929 3353 2998 ὲπεπὸθησεν
3399 2932 3463 2982 ὲκ
3491 2930 3690 3001 ψυχῆς,

2114 3022 2294 3094 τούτῳ
2339 3022 2697 3094 μνηστευθεὶς
2731 3024 2766 3095 ἡ
2802 3021 3084 3076 Ἐλισάδετ
3123 3024 3180 3075 ὲν
3217 3020 3518 3093 Πνεύματι,
3547 3023 3696 3093 Παρ-

2115 3118 2237 3173 θένε
2270 3115 2525 3183 Θεοτύκε,
2557 3117 2667 3171 τῶν
2699 3115 2947 3187 ἀγγέλων
2975 3117 3035 3171 τὸ
3068 3116 3272 3189 θαῦμα,
3304 3118 3399 3174 καὶ
3426 3116 3700 3189 δαιμόνων

2116 3208 2178 3263 τὸ
2202 3207 2446 3279 τραῦμα,
2471 3207 2890 3278 πανθαύμαστε.

2204 3302 2518 3374 ’Υπερτέρα
2565 3303 2677 3356 τῶν
2734 3303 2848 3358 ἄνω
2886 3304 3139 3375 πέφυκας
3183 3302 3503 3376 δυνάμεων,
3537 3304 3714 3370 Λόγον

2119 3396 2371 3468 κυήσασα
2403 3396 2497 3451 τοῦ
2523 3397 2771 3469 Πατρὸς,
2805 3400 3072 3469 Παρθένε,
3114 3398 3206 3453 τὸν
3240 3400 3577 3471 σονάναρχον
3615 3398 3713 3452 καὶ

2120 3489 2429 3558 συναῖδιον,
2475 3482 2539 3545 οῦ
2582 3493 2701 3555 ταῖς
2738 3494 3118 3565 φρυκτωρίαις
3166 3496 3199 3566 ή
3246 3495 3505 3565 θεοφόρος
3537 3494 3711 3562 αὐγα-

2121 3583 2315 3638 σθεϊσα
2340 3582 2451 3637 τῶν
2484 3583 2679 3638 παθῶν
2708 3585 2806 3656 τὴν
2834 3586 3064 3657 ὁμίχλην
3093 3587 3358 3642 διέλυσεν.

2191 3678 2491 3743 Συνέλασες
2522 3678 2580 3731 ἐν
2604 3677 2806 3747 γαστρὶ
2832 3679 2923 3731 τὸν
2954 3680 3305 3749 προσιώνιον,
3330 3683 3590 3752 ἄχραντε,
3618 3681 3714 3736 καὶ

2119 3770 2351 3835 τέτοκας
2385 3774 2444 3826 ὲν
2477 3773 2641 3841 σαρκὶ
2672 3772 2765 3823 τὸν
2796 3770 2956 3838 φύσει
2987 3771 3308 3840 ἀσώματον,
3349 3774 3445 3825 καὶ
3478 3773 3713 3840 γάλακτι

2121 3865 2358 3937 ἔθρεψας
2388 3864 2478 3919 τὸν
2501 3864 2710 3934 τροφέα
2742 3864 2984 3925 πάντων,
3019 3861 3307 3933 Θεομῆτορ
3337 3864 3708 3934 ἀπειρόγαμε.

2199 4042 2304 4095 Ἴδε
2351 4041 2449 4111 τὴν
2497 4040 2677 4107 θλίψιν
2731 4054 2874 4108 μου,
2909 4034 3191 4108 Παρθένε,
3235 4036 3301 4107 ἦν
3346 4035 3597 4104 ἐπήγαγε
3646 4035 3709 4088 τὸ

2121 4133 2329 4204 πλῆθος
2360 4132 2470 4186 τῶν
2501 4130 2686 4185 κακῶν
2725 4146 2850 4201 μου,
2884 4129 2979 4184 καὶ
3008 4129 3234 4199 γεέννης
3267 4130 3437 4201 πυρὸς
3469 4127 3710 4200 ὲξάρπα-

2128 4246 2218 4282 σον
2256 4225 2465 4299 βοῶντα
2490 4244 2505 4257 ’
2547 4225 2931 4296 Εὐλογημένος
2954 4266 2967 4291 ,
3000 4225 3241 4289 πάναγνε
3264 4265 3277 4289 ,
3314 4222 3343 4275 ὁ
3374 4222 3585 4292 καρπὸς
3608 4222 3711 4293 τῆς

2125 4324 2225 4392 σῆς
2256 4320 2483 4386 κοιλίας.

2193 4414 2595 4485 Σωματοφόρον
2624 4414 2875 4476 τέτοκας,
2923 4412 3015 4465 καὶ
3054 4408 3321 4478 ἀγκάλαις
3366 4408 3708 4473 ἐϐάστασας,

428 4511 599 4583 Virgo
633 4509 915 4576 inviolata,
953 4506 1245 4565 Dominum
1288 4504 1498 4568 Jesum,
1533 4506 1626 4578 qui
1671 4514 1857 4578 portat
1896 4506 2012 4561 uni-

2126 4509 2363 4581 ἄχραντε
2405 4507 2678 4580 Παρθένε,
2734 4505 2949 4575 Ἰησοῦν
2988 4504 3080 4557 τὸν
3112 4503 3354 4576 Κύριον,
3398 4502 3490 4556 τὸν
3535 4503 3714 4558 πάντα

430 4621 587 4662 versa
611 4613 748 4661 nutu
769 4618 870 4660 suo
890 4602 1275 4674 omnipotenti.
1294 4599 1662 4667 Quamobrem
1684 4610 1736 4659 te
1757 4607 2022 4670 tanquam

438 4695 532 4753 Dei
551 4694 777 4751 Matrem
802 4694 1205 4757 collaudamus,
1230 4692 1529 4746 clamantes
1554 4707 1680 4747 cum
1704 4690 2020 4761 preconiis:

2136 4603 2471 4675 βαστάζοντα
2504 4600 2901 4671 παντοδυνὰμῳ
2936 4598 3201 4670 νεύματι·
3233 4597 3356 4651 ὅθεν
3387 4597 3462 4659 ὼς
3492 4595 3629 4650 Θεοῦ
3657 4612 3713 4649 σε

2132 4698 2479 4769 ἁνυμνοῦμεν
2505 4696 2754 4767 Μητέρα,
2773 4694 3006 4765 βοῶντες
3036 4693 3095 4745 ὲν
3124 4692 3353 4747 αίνὲσει’
3392 4690 3599 4761 Ἱερείς,
3628 4690 3716 4742 εύο

446 4788 788 4855 Sacerdotes,
802 4786 1045 4844 benedici
1055 4794 1107 4842 te
1123 4803 1137 4853 ;
1171 4784 1331 4856 106
1348 4784 1608 4855 popqus,
1625 4784 2012 4854 superexaltatt

2132 4790 2360 4860 λογεῖτεο
2397 4789 2547 4855 λαὸς,
2570 4787 2917 4863 ύπερυψοῦτε
2947 4786 3038 4841 τὸν
3062 4785 3292 4857 Κύριον.

439 4878 754 4938 Dominum.

504 4976 675 5035 Parce
701 4974 862 5041 mihi,
891 4972 1161 5039 Salvator,
1193 4972 1285 5043 qui
1314 4980 1495 5037 natus,
1519 4969 1855 5028 Genitricem
1873 4981 2019 5027 tuam

438 5068 809 5137 incorruptam
844 5067 1183 5124 conservasti
1218 5076 1340 5135 post
1369 5072 1585 5135 partum
1608 5104 1626 5130 ,
1656 5078 1779 5119 cum
1804 5063 2022 5119 sedebis

436 5170 494 5211 ut
526 5157 741 5229 iudices
775 5172 942 5228 opera
984 5173 1141 5224 mea,
1188 5157 1544 5211 dissimulans
1587 5156 1929 5226 iniquitates,
1970 5164 2023 5211 et

435 5260 654 5317 peccata
712 5266 831 5304 mea
879 5260 1139 5321 tanquam
1192 5252 1655 5321 benignissimus,
1705 5250 2016 5316 miseratur,

436 5343 598 5409 boue,
622 5352 678 5397 et
706 5351 919 5399 amator
944 5344 1252 5400 hominum.

433 5456 519 5515 Ea:
581 5456 795 5513 Cottone
847 5458 901 5513 in
952 5459 1011 5516 S.
1070 5459 1342 5515 Basileum
1393 5461 1691 5530 episcopum
1736 5462 2018 5525 Amatae,

1120 5532 1206 5586 die
1236 5532 1330 5588 26.

496 5639 543 5698 0
580 5636 750 5710 Virgo
779 5648 1063 5711 perpetua,
1088 5642 1358 5714 refugium
1390 5643 1653 5710 ﬁdelium,
1689 5655 1743 5699 et
1780 5642 2017 5699 validum

428 5732 699 5789 amntium
728 5734 1131 5789 recurrentium
1166 5735 1235 5791 ad
1263 5744 1348 5799 te,
1382 5737 1452 5791 ab
1485 5737 1634 5792 omni
1692 5738 2018 5795 necessitate

432 5835 487 5880 et
514 5824 721 5879 damno
748 5822 933 5879 hostili
970 5825 1148 5881 salvos
1182 5826 1266 5884 l'ae
1300 5844 1421 5884 nos.

2200 4970 2387 5025 Φεῖσαί
2435 4988 2539 5041 μου
2566 5010 2580 5035 ,
2622 4968 2830 5041 Σῶτερ,
2880 4971 2910 5023 ὁ
2940 4965 3159 5039 τεχθεὶς
3204 4967 3298 5020 καὶ
3345 4964 3587 5035 φυλάξας
3617 4962 3719 5035 τὴν

2126 5066 2392 5121 τεκοῦσάν
2425 5083 2483 5120 σε
2511 5063 2752 5137 ἄφθορον
2784 5062 2923 5135 μετὰ
2946 5064 3045 5133 τὴν
3068 5062 3266 5134 κύησιν
3284 5101 3299 5125 ,
3325 5061 3454 5113 ὅταν
3480 5057 3713 5131 καθίσῃς

2130 5159 2316 5230 κρίναι
2347 5159 2415 5211 τὰ
2442 5158 2579 5229 ἔργα
2618 5175 2752 5229 μου,
2785 5156 2886 5221 τὰς
2916 5155 3146 5227 ἀνομίας
3168 5152 3460 5223 παρορῶν,
3492 5154 3587 5205 καὶ
3620 5151 3718 5215 τὰς

2131 5253 2405 5326 ἁμαρτίας
2442 5270 2568 5323 μου,
2599 5253 2674 5317 ὼς
2700 5251 3076 5321 ὑπεράγαθος,
3116 5248 3390 5319 ἐλεήμων,
3423 5246 3593 5317 ἀγαθὲ
3624 5246 3710 5300 καὶ

2128 5344 2315 5414 φιλανθ
2324 5362 2499 5416 ρωπε.

2137 5463 2243 5517 Ἕκ
2270 5461 2379 5517 τοῦ
2418 5463 2688 5530 Κανόνας
2714 5465 2800 5529 εἷς
2829 5462 2936 5517 τὸν
2967 5461 3139 5531 ἅγιον
3165 5458 3557 5531 Ζερομάρτυρα
3602 5460 3718 5511 Ba-

2263 5535 2519 5601 σίλειον,
2546 5534 2888 5588 ἐπίσκοπον
2928 5533 3239 5603 Ἀμασίας,
3264 5532 3455 5602 ᾑμέρᾳ
3484 5535 3597 5595 κς’.

2212 5647 2275 5702 Ἦ
2321 5646 2529 5703 πιστῶν
2571 5646 2899 5718 καταφυγὴ,
2960 5645 3357 5719 ’Λειπάρθενε,
3403 5647 3437 5717 ἡ
3482 5645 3716 5717 κραμιὰ

2129 5741 2351 5813 βοήθεια
2380 5740 2488 5794 τῶν
2529 5741 2976 5812 προστρεχόντων
3009 5758 3092 5795 σοι
3123 5740 3233 5795 ἀπὸ
3263 5741 3444 5813 πάσης
3470 5740 3711 5811 ἀνάγκης

2127 5835 2221 5890 καὶ
2261 5833 2463 5905 βλάϐης
2488 5834 2737 5900 ἐναντίας
2770 5835 2918 5905 ἡμᾶς
2945 5832 3234 5892 διάσωσον.
