4078 6294
455 361 590 434 1111

1580 382 1641 444 S.
1678 380 1994 445 JOSEPHI
2029 378 2591 445 HYMNOGRAPHI

3585 380 3725 449 1112

1477 477 1562 543 Ea;
1597 481 1810 535 Conone
1837 484 1889 532 in
1918 481 1974 537 S.
2010 481 2300 548 Zosimam,
2328 486 2414 539 die
2439 483 2509 538 ‘27
2531 479 2690 556 (δυ’).

528 596 764 652 Verbum
806 597 940 653 citra
987 599 1343 654 mutationem
1392 600 1733 653 incarnatum
1784 602 1836 654 in
1886 611 2029 653 terra
2061 606 2108 661 Α
2137 613 2384 660 mortuos
2431 604 2557 658 vitm
2610 602 2883 666 restituit;
2922 602 3070 659 unde
3123 618 3226 659 nos
3265 603 3454 662 ﬁdeles
3494 611 3731 671 vocibus

450 690 708 760 peperisti
752 690 802 743 in
839 690 1282 745 reformationem
1317 693 1631 756 hominum,
1671 693 1762 761 qui
1797 703 1847 745 te
1879 693 2028 746 voci-

449 781 552 833 bus
587 781 1004 836 iueessabililms
1040 784 1373 847 bi-atiticant,
1404 799 1438 838 ο
1470 801 1594 840 vere
1636 786 1819 840 divina
1855 785 2028 840 felici-

450 881 558 925 tate
586 875 1041 930 etunulatissima.

523 962 688 1032 Virgo
722 971 1057 1036 incorrupta.
1095 984 1127 1018 o
1158 976 1332 1033 casta,
1368 976 1492 1038 post
1523 977 1739 1037 partum
1772 985 2032 1039 perman-

448 1056 592 1114 sisti.
649 1061 963 1129 concipiens
1013 1064 1176 1115 modo
1229 1062 1665 1131 inexcogitabili,
1720 1062 1874 1118 illum
1932 1064 2028 1134 qui

446 1152 668 1206 abstulit
698 1155 1106 1223 corruptionem
1143 1172 1156 1206 :
1203 1166 1490 1224 propterea
1521 1170 1715 1212 omnes
1745 1164 1801 1212 te
1831 1158 2031 1214 merito

445 1242 658 1298 beatam
688 1245 942 1312 dicimus,
972 1261 1005 1300 ο
1037 1244 1287 1315 Deipara.

519 1336 816 1392 Thalamus
839 1347 983 1393 totus
1012 1339 1253 1404 lucidus,
1301 1341 1693 1396 candelabrum
1728 1351 1897 1396 totum
1931 1358 2029 1397 auo

446 1444 599 1483 reum
619 1471 633 1495 ,
665 1431 817 1484 locus
846 1433 1298 1490 sanctificationis
1324 1435 1552 1490 thronus
1579 1433 1671 1489 Dei
1704 1435 2024 1501 altissimus,

444 1530 496 1574 et
532 1522 790 1589 palatium
837 1524 1237 1594 amplissimum
1277 1525 1414 1581 facta
1449 1543 1528 1590 es,
1570 1542 1604 1583 ο
1630 1527 1796 1598 Virgo
1842 1528 2026 1581 divina

444 1614 617 1682 gratia
652 1616 1112 1673 cumulatissima.

2135 697 2434 764 gratiarum
2460 695 2692 752 actionis
2719 705 2772 750 te
2799 696 3013 751 beatam
3047 697 3455 766 proclamamus
3475 741 3492 767 ,
3522 716 3620 772 per
3651 716 3724 772 te,

2135 805 2169 843 ο
2196 790 2448 844 laudibus
2478 790 2663 861 digna,
2697 790 2914 846 salvati.

2210 883 2316 936 Lex
2365 883 2548 938 divina
2580 892 2634 937 et
2666 882 3058 951 prophetarum
3104 884 3397 954 aenigmata
3455 903 3733 957 prtemon-

2135 983 2451 1032 straverunt
2479 984 2552 1040 te,
2587 991 2620 1030 o
2656 984 2769 1031 tota
2801 975 3175 1039 immaculata,
3197 980 3501 1048 parituram
3535 980 3728 1040 Jesum

2135 1068 2415 1125 Christum
2453 1067 2864 1124 Emmanuelem
2913 1069 2967 1124 in
3003 1070 3250 1124 omnium
3305 1073 3596 1130 hominum
3634 1093 3728 1133 re-

2134 1160 2600 1224 conciliationem,
2645 1159 2898 1226 salutem,
2944 1161 3111 1215 vitam
3175 1174 3228 1218 et
3269 1164 3728 1233 redemptionem.

2205 1251 2562 1320 Negligentite
2590 1251 2982 1307 dormitatione
3010 1262 3315 1321 gravatum,
3353 1255 3730 1325 profundissi-

2137 1361 2259 1401 mus
2315 1344 2525 1414 peccati
2578 1358 2747 1412 sapor
2797 1358 2886 1400 me
2945 1345 3221 1415 oppressit
3284 1364 3299 1402 :
3360 1349 3723 1415 quamobrem

2134 1438 2311 1492 clamo
2329 1436 2396 1491 ad
2423 1445 2497 1499 te,
2523 1446 2583 1492 ut
2609 1450 2827 1506 semper
2852 1436 3209 1506 vigilantibus
3242 1439 3498 1507 precibus
3524 1440 3631 1498 tuis
3655 1441 3726 1498 ad

2135 1528 2466 1600 poenitentia:
2498 1529 2673 1584 lucem
2705 1530 2913 1585 excites
2956 1545 3064 1585 me.

2203 1622 2350 1679 Voce
2383 1623 2683 1693 gratiarum
2717 1623 2953 1680 actionis
2971 1623 3039 1678 ad
3058 1633 3109 1680 te
3136 1624 3440 1680 clamamus
3473 1643 3487 1681 :
3526 1625 3709 1691 Salve,

520 1703 771 1760 Sanctior
805 1708 1100 1763 Cherubim
1149 1710 1338 1776 fuisti,
1381 1728 1414 1767 ο
1445 1712 1859 1780 laudatissima,
1898 1716 2027 1769 dum
2127 1715 2433 1786 jucundum
2486 1730 2551 1771 ac
2597 1715 3010 1773 sanctissimum
3073 1717 3165 1772 Dei
3232 1719 3636 1773 tabernaculum
3687 1735 3706 1774 :

445 1792 616 1849 Deum
646 1797 1018 1868 inexplicabili
1050 1803 1262 1859 ratione
1291 1806 1554 1875 genuisti,
1590 1807 1680 1876 qui
1710 1808 1881 1862 voluit
1915 1808 2024 1863 sal-

445 1900 572 1942 vare
605 1888 898 1946 humanum
928 1908 1123 1964 genus,
1157 1899 1428 1966 serpentis
1452 1897 1582 1954 dolo
1610 1913 1932 1970 corruptum
1963 1917 2027 1958 ac

442 1987 806 2049 peremptum.

516 2065 693 2125 Vitam
723 2072 1001 2140 peperisti,
1035 2091 1067 2129 ο
1095 2076 1427 2140 castissima,
1453 2091 1576 2147 quin
1597 2078 1668 2133 ub
1696 2080 1844 2149 pomi
1877 2095 2028 2135 esum

2131 1811 2300 1876 salve,
2325 1809 2492 1866 totius
2521 1808 2681 1880 109
2715 1809 2904 1865 mundi
2927 1811 3112 1866 salus:
3141 1810 3311 1877 salve,
3332 1827 3364 1865 ο
3387 1810 3704 1866 benedicta:

2131 1902 2300 1966 salve,
2334 1916 2369 1956 ο
2398 1902 2468 1956 ab
2487 1903 2635 1955 omni
2669 1901 2882 1957 macula
2910 1902 3192 1967 immunis,
3229 1919 3325 1973 per
3356 1919 3522 1974 quam
3546 1918 3576 1958 a
3599 1917 3716 1958 cor-

2056 1989 2107 2049 B
2133 1995 2384 2065 ruptionc
2411 2009 2476 2049 ac
2502 1993 2857 2051 damnatione
2885 1994 3100 2051 liberati
3127 2009 3340 2051 sumus.

1384 2213 1469 2269 Ex
1501 2214 1713 2272 Conone
1737 2219 1792 2272 in
1819 2217 1878 2274 S.
1915 2217 2164 2273 Iasonem
2203 2222 2520 2290 apostolum,
2565 2222 2652 2275 die
2674 2223 2767 2278 28.

511 2328 714 2387 Puellae
742 2331 917 2388 virum
947 2335 1240 2392 nescientis
1271 2338 1525 2408 apparuit
1546 2337 1692 2395 illius
1724 2353 1889 2396 carne
1915 2341 2025 2394 cir-

441 2422 734 2480 cumdatus
763 2434 985 2496 propter
1010 2428 1240 2483 multam
1264 2443 1420 2484 suam
1451 2428 1883 2486 misericordiam
1911 2431 2022 2494 ille,

441 2514 534 2584 qui
574 2516 723 2570 nulla
756 2517 956 2572 mentis
1003 2518 1215 2574 ratione
1273 2520 1661 2590 comprehendi
1719 2530 1917 2592 potest,
1965 2534 2024 2578 ut

438 2621 536 2663 eos
581 2607 672 2678 qui
720 2608 1068 2678 passionibus
1118 2611 1302 2667 carnis
1353 2612 1549 2667 misere
1594 2613 2020 2680 succubuerant,

440 2701 508 2753 ad
551 2699 1045 2770 impassibilitatem
1098 2701 1386 2758 manifeste
1430 2703 1719 2759 reduceret
1755 2720 1851 2774 per
1893 2722 2020 2776 pas-

439 2792 648 2846 sionem
674 2791 856 2846 carnis
886 2808 1017 2854 suae.
1044 2792 1127 2848 cui
1158 2793 1225 2847 de
1255 2809 1404 2849 more
1431 2795 1723 2865 psallentes
1745 2796 2016 2855 dicimus:

440 2881 690 2938 Gloriose
723 2884 867 2939 enim
896 2884 1232 2955 gloriﬂeatus
1261 2899 1366 2951 eat,
1399 2895 1504 2942 etc.

511 2974 782 3042 Intertice,
815 2990 849 3030 ο
876 2976 1190 3047 purissima,
1237 2976 1448 3033 vivitica
1499 2977 1888 3035 intercessione
1927 2992 2020 3036 tua

439 3055 720 3139 peccatum
752 3069 898 3140 quod
932 3069 1063 3124 vivit
1090 3071 1143 3124 in
1170 3084 1276 3134 me,
1301 3078 1356 3124 tu
1383 3085 1505 3140 qua:
1533 3070 1699 3126 vitam
1723 3074 1980 3143 genuisti.

511 3157 558 3213 0
603 3159 848 3220 Domina,
889 3159 1111 3215 thalami
1147 3161 1405 3230 nuptialis
1460 3164 1665 3228 nescia,
1705 3165 1853 3219 salva
1896 3184 2016 3232 me,

442 3248 780 3303 Salvator-em
817 3245 1051 3304 Verbum
1087 3250 1244 3303 enixa
1264 3291 1280 3315 ,
1311 3261 1364 3304 et
1390 3267 1420 3304 a
1450 3251 1708 3321 periculis
1759 3263 1921 3326 atque
1950 3257 2019 3311 ab

442 3347 643 3397 acterna
680 3340 1030 3396 damnatione
1060 3341 1228 3397 libera
1265 3357 1370 3399 me.

2209 2341 2363 2398 Sicut
2405 2345 2588 2414 pluvia
2624 2344 2679 2398 in
2723 2345 2936 2410 vellus,
2993 2342 3232 2400 Verbum
3280 2342 3625 2401 salutiferam
3660 2343 3717 2401 1n

2127 2436 2340 2490 vulvam
2386 2445 2534 2490 tuam
2568 2436 2872 2502 descendit,
2913 2447 2966 2493 et
3012 2437 3178 2492 homo
3207 2453 3275 2493 ex
3317 2445 3371 2493 te
3400 2435 3576 2495 factus
3607 2445 3714 2505 est,

2127 2537 2186 2581 ut
2217 2531 2451 2583 salvaret
2475 2544 2581 2595 me,
2612 2545 2644 2583 ο
2679 2528 2888 2593 Puella,
2919 2529 3248 2585 mediatione
3278 2538 3396 2585 tua.

2191 2620 2272 2674 Tu
2303 2637 2424 2691 qua:
2450 2620 2731 2676 Christum
2768 2623 2822 2676 in
2853 2623 2999 2679 ulnis
3033 2623 3161 2686 tuis,
3193 2631 3452 2692 tauquam
3481 2627 3717 2680 thronus

2131 2713 2440 2785 igniformis
2487 2713 2734 2781 gestasti,
2782 2729 2948 2768 exora
3001 2712 3275 2776 eumdem,
3316 2712 3714 2769 oinnocentis-

2131 2803 2293 2867 sima,
2338 2813 2526 2873 utpote
2557 2801 2756 2858 Filium
2789 2813 2937 2858 tuum
2965 2817 3030 2857 ac
3056 2801 3370 2865 Dominum,
3420 2810 3481 2856 ut
3517 2817 3706 2871 pacem

2133 2896 2395 2967 largiatur
2422 2892 2630 2949 mundo
2651 2895 2906 2951 clamanti
2937 2911 2952 2948 :
2973 2892 3298 2949 Benedictus
3323 2891 3464 2946 Deus
3486 2900 3700 2960 patrum

2132 2998 2470 3045 nostrorum.
2542 3059 2550 3063 _

2200 3081 2438 3147 Fornax,
2493 3087 2684 3151 partus
2733 3077 2808 3134 tui
2860 3077 3103 3149 symbola
3167 3077 3294 3132 olim
3342 3073 3609 3139 referens,
3664 3087 3698 3127 ο

2131 3170 2297 3240 Virgo
2335 3170 2526 3237 Mater,
2565 3172 2942 3226 adolescentes
2995 3183 3105 3224 non
3145 3167 3469 3232 combussit,
3511 3179 3702 3235 quem-

2130 3265 2422 3320 admodum
2450 3281 2550 3320 nec
2583 3265 2726 3336 ignis
2752 3262 3048 3321 divinitatis
3076 3271 3290 3316 uterum
3327 3271 3505 3316 tuum.

2192 3354 2357 3410 Mater
2393 3355 2533 3410 facta
2564 3353 2941 3412 Emmanuelis
2982 3352 3036 3408 in
3086 3362 3243 3410 utero
3276 3362 3368 3408 tuo
3396 3347 3666 3405 incarnati
3690 3387 3705 3413 ,

514 3435 766 3490 Sanctior
810 3435 1108 3490 Cberubim
1171 3438 1492 3507 apparuisti,
1550 3440 1681 3494 dum
1740 3441 1795 3496 in
1874 3453 2017 3499 terra
2047 3417 2090 3474 ο
2125 3446 2431 3511 deificasti,
2486 3462 2519 3502 ο
2570 3447 3015 3512 inviolatissima,
3069 3459 3320 3502 naturam
3369 3442 3709 3499 humanam:

440 3526 686 3582 omnium
717 3526 1006 3582 Dominum
1052 3542 1281 3597 corpore
1326 3528 1571 3596 induisti,
1606 3548 1639 3585 υ
1677 3533 1904 3590 Domina
1937 3537 2020 3589 in-

438 3619 660 3688 violata,
691 3620 839 3677 omni
872 3619 1031 3674 laude
1059 3620 1401 3690 dignissima.

2129 3549 2433 3610 propterea,
2473 3553 2507 3594 o
2556 3541 2907 3595 sanctissima
2965 3537 3058 3594 Dei
3111 3537 3382 3604 Genitrix,
3415 3545 3470 3592 te
3499 3536 3712 3592 beatam

2131 3646 2414 3686 vocamus.

1430 3762 1591 3835 llo
1627 3762 1710 3819 Ea:
1740 3764 1952 3822 Conone
1981 3769 2035 3823 in
2066 3766 2125 3826 S.
2161 3769 2513 3837 Memnonem,
2543 3769 2628 3824 die
2648 3768 2739 3824 29.

508 3905 646 3961 Cum
682 3902 823 3957 Deus
849 3915 916 3956 ex
966 3910 1018 3957 te
1052 3901 1333 3956 hominem
1376 3903 1771 3974 assumpsisset
1801 3916 2012 3976 propter

438 4017 596 4058 suam
623 3999 947 4065 bonitatem,
973 4013 1008 4054 ο
1033 3997 1353 4053 intemerata
1376 3995 1563 4070 Virgo,
1597 4001 1868 4069 processit
1896 4012 2018 4054 cum

440 4094 642 4163 duplici
676 4089 989 4159 operatione
1033 4099 1088 4144 et
1115 4099 1343 4156 natura;
1372 4106 1534 4160 quem
1584 4106 1802 4160 semper
1829 4092 1993 4160 depre

439 4201 587 4249 care,
632 4191 691 4238 ut
714 4193 764 4238 te
791 4182 1076 4237 laudantes
1103 4181 1390 4236 illuminct.

511 4275 749 4330 Verbum
784 4273 876 4328 Dei
926 4273 1208 4344 impolluta
1267 4273 1475 4327 viscera
1534 4281 1629 4325 tua
1668 4269 2012 4335 iubabitavit,

437 4387 470 4425 ο
507 4367 802 4428 inviolata,
831 4377 996 4438 atque
1023 4368 1277 4422 universa
1318 4365 1600 4419 hominum
1647 4375 1866 4432 peccata
1910 4364 2013 4418 eli-

438 4464 688 4519 minavit.

510 4555 766 4610 Animam
806 4569 983 4610 meam
1035 4554 1089 4606 in
1141 4548 1472 4621 profundum
1524 4547 1826 4601 carnalium
1863 4547 2014 4602 volu-

437 4656 647 4718 ptatum
690 4647 1000 4703 demersam
1048 4641 1332 4706 confirma,
1389 4649 1442 4695 te
1472 4653 1686 4709 precor,
1737 4637 2014 4694 interven-

2126 3908 2322 3965 mortis
2360 3919 2782 3977 peremptorem.
2828 3912 2882 3956 et
2935 3901 3060 3954 vita:
3115 3901 3360 3955 datorem
3407 3900 3709 3968 concepisti

2124 4005 2179 4050 et
2207 3995 2468 4068 peperisti
2499 3993 2661 4049 modo
2688 3989 2948 4047 ineffabili
2993 3997 3162 4059 atque
3212 3987 3645 4056 iuexcogitabili,
3673 4004 3709 4044 ο

2122 4086 2454 4143 castissima.

2189 4177 2235 4232 Α
2268 4174 2683 4242 tempestatibus
2714 4173 3105 4227 immensorum
3144 4175 3494 4240 peccatorum
3531 4168 3705 4227 libera

2121 4284 2232 4331 me,
2265 4265 2532 4333 oPuella,
2585 4281 2706 4336 qua:
2753 4265 2864 4320 sola
2903 4261 3266 4318 fortissimum
3318 4275 3377 4316 es
3415 4259 3706 4316 miserabi-

2125 4360 2256 4414 lium
2291 4357 2650 4428 adjutorium.
2683 4371 2737 4412 et
2789 4364 3134 4428 peccatorum
3178 4352 3641 4425 propitiatorium,
3673 4370 3708 4411 o

2124 4453 2409 4509 benedicta
2435 4454 2488 4507 in
2514 4452 2837 4508 mulieribus
2862 4450 3154 4522 purissima
3189 4447 3442 4529 Domina.

2191 4544 2448 4601 Miseram
2475 4545 2715 4600 animam
2749 4559 2949 4611 meam,
2979 4541 3321 4612 gravissimis
3350 4541 3700 4612 malis'trgro-

2125 4647 2328 4697 tantem
2385 4647 2439 4692 et
2486 4636 2905 4709 periclitantem,
2969 4634 3190 4705 dignam
3226 4631 3334 4697 fac,
3387 4647 3421 4687 0
3476 4633 3697 4688 Domina

435 4743 582 4797 tione
606 4752 716 4808 tua,
739 4757 772 4796 ο
797 4741 886 4793 Dei
913 4735 1166 4809 genitrix,
1192 4749 1316 4803 quae
1337 4735 1453 4789 sola
1476 4734 1744 4790 bonorum
1769 4734 2013 4790 omnium
2047 4774 2094 4831 υ
2127 4734 2237 4789 Deo
2268 4732 2621 4797 charissima,
2652 4729 2963 4786 visitatione
2988 4738 3098 4791 tua,
3135 4737 3191 4782 et
3220 4725 3590 4782 omnimodam
3620 4721 3694 4778 illi

434 4840 678 4892 daturem
714 4837 881 4889 Deum
912 4841 1158 4886 nostrum
1191 4829 1448 4900 genuisti.

508 4926 675 4983 Deum
693 4921 968 4993 peperisti,
984 4929 1036 4975 et
1053 4922 1204 4992 virgo
1219 4921 1588 4991 permansisti,
1606 4936 1639 4976 ο
1658 4919 1868 4993 Sponsa
1885 4921 1976 4977 Dei
1996 4941 2012 4990 ;

2119 4825 2552 4880 incolumitatem
2577 4824 2821 4888 restitue,
2849 4820 2979 4875 dum
3015 4819 3240 4875 clamat.

2185 4915 2330 4971 Voce
2379 4915 2690 4985 archangeli
2739 4914 2806 4968 ad
2862 4920 2912 4967 te
2946 4909 3241 4965 laetabundi
3289 4908 3612 4975 clamamus,
3665 4921 3700 4961 ο

437 5029 719 5093 propterea
752 5031 944 5069 omnes
992 5015 1278 5072 hominum
1328 5014 1525 5087 lingua:
1554 5022 1605 5069 te
1638 5030 1762 5070 cum
1813 5016 2014 5084 gaudio
2111 5007 2277 5079 Virgo
2311 5027 2324 5063 :
2360 5011 2493 5072 Ave,
2530 5006 2936 5062 maledictionis
2969 5003 3191 5066 solutio,
3223 5009 3536 5056 sanctorum
3560 5014 3694 5054 cou-

433 5117 644 5170 beatam
679 5111 890 5165 dicunt.

2112 5102 2380 5157 fessorum
2428 5102 2630 5171 gloria,
2682 5102 2906 5154 Patrum
2956 5098 3245 5169 gloriatio,
3304 5094 3688 5166 prophetarum

499 5203 785 5268 Mortiﬁca,
819 5219 853 5255 ο
885 5199 1067 5270 Virgo,
1107 5201 1290 5255 carnis
1323 5215 1453 5255 meae
1495 5198 1859 5270 prudentiam,
1891 5215 2013 5270 qute
2112 5195 2446 5266 pradicatio,
2474 5203 2638 5267 atque
2668 5196 2955 5249 hominum
2989 5191 3158 5246 salus.

965 5332 1219 5390 MENSIS
1238 5331 1478 5388 MAIUS.

434 5453 588 5525 ιιι
648 5449 732 5504 Ea:
771 5450 1071 5525 Canonein
1116 5449 1216 5505 SS.
1259 5459 1516 5525 mertare:
1555 5448 1904 5514 Timotheum,
1958 5457 2008 5503 et

986 5521 1254 5584 Mauram,
1290 5520 1375 5574 die
1404 5522 1455 5574 5.

499 5657 1035 5732 Supersnbstantiale
1059 5658 1296 5716 Verbum
1341 5659 1647 5716 substantia
1688 5661 1888 5716 factum
1939 5677 2006 5715 ex

2696 5332 2852 5386 MHN
2887 5330 3120 5385 ΜΔΙΟΣ.

2129 5450 2225 5503 Ἐκ
2250 5449 2356 5506 τοῦ
2387 5450 2655 5515 Κανόνος
2683 5451 2766 5515 εὶς
2795 5448 2936 5513 τοὺς
2962 5444 3171 5515 ἁγίους
3191 5440 3494 5515 μὰρζυρας
3533 5439 3695 5508 Τιμόπ-

2475 5527 2613 5578 θεον
2636 5509 2733 5575 irai
2749 5509 3033 5586 ’Madpar',
3060 5512 3250 5584 ἡμέρᾳ

2199 5659 2551 5732 Ὑπερούσνιος
2586 5656 2759 5725 Λόγος
2798 5651 3087 5718 οὖσιωθεὶς
3130 5651 3192 5718 ἐξ
3221 5648 3405 5720 ἁγνῶν
3449 5645 3698 5718 αἱμάτων

502 5837 635 5908 (θοι)
671 5836 771 5892 Hic
805 5851 982 5898 canon.
1017 5854 1137 5896 cum
1178 5837 1392 5895 duobus
1427 5839 1780 5925 sequentibus
1825 5840 2159 5897 Caeco-non
2194 5839 2458 5897 esstatiu
2484 5837 2642 5894 libris
2669 5837 2854 5895 editis.
