4078 6294
500 376 640 443 1119

1625 374 1687 434 S.
1728 372 2045 435 JOSEPBI
2084 368 2397 432 IIYMNOG
2408 368 2646 431 RAPHI

3624 370 3774 440 1120

496 491 639 548 rales
661 493 944 563 passiones
973 507 1130 558 sana,
1156 507 1188 548 o
1209 491 1391 560 Virgo,
1411 505 1535 563 quae
1549 490 1857 545 animarum
1877 499 1929 544 et
1953 504 2066 545 eor-

2184 489 2466 560 ίὰτρευσον
2522 487 2688 558 πάθη,
2720 485 2809 540 τὸν
2839 486 3027 560 ἰατρὸν
3059 486 3170 542 τῶν
3193 487 3385 559 ψυχῶν
3435 490 3532 544 καλ⁷
3579 494 3776 554 σωμά-

496 599 690 653 porum
721 587 989 640 medicum
1017 585 1383 655 inexplicabili
1439 585 1651 640 ratione
1701 583 1961 655 genuisti,
2019 594 2074 638 et

495 678 645 730 salva
683 693 789 741 me,
825 693 859 732 o
916 678 1450 744 immaculatissima,
1491 677 1583 749 qui
1613 692 1738 748 spes
1758 691 1909 733 meas
1945 676 2074 730 inte

499 771 741 838 reposui.

567 863 705 917 Ecce
733 860 917 931 Virgo,
955 878 1118 932 quam
1158 878 1386 932 magnus
1408 860 1572 916 Isaias
1607 860 1660 914 in
1691 860 1896 931 Spiritu
1936 877 2074 932 prte-

494 952 654 1017 dixit,
689 953 854 1007 Deum
883 955 935 1006 in
971 966 1124 1008 utero
1171 955 1418 1023 concepit
1457 968 1519 1007 ac
1559 955 1790 1024 peperit,
1817 954 1904 1008 cui
1942 970 2071 1009 sua-

493 1043 631 1100 viter
658 1047 908 1100 canimus
933 1063 946 1099 :
989 1047 1214 1099 Domine
1241 1046 1406 1110 Deus,
1438 1046 1753 1100 benedictus
1783 1062 1863 1102 es.

563 1134 749 1192 Latior
778 1139 934 1193 caelis
1001 1140 1326 1208 apparuisti,
1375 1139 1546 1193 Deum
1603 1139 1655 1192 in
1692 1149 1849 1193 utero
1921 1154 2073 1194 emn-

490 1232 859 1301 preliendens,
892 1250 924 1283 ο
954 1232 1134 1285 Puella
1165 1239 1275 1285 tota
1310 1241 1500 1286 sancta
1532 1247 1546 1296 ;
1574 1233 1668 1300 qui
1708 1247 1736 1284 a
1765 1231 2071 1300 perniciosa

490 1322 740 1392 angustia
766 1323 1018 1378 liberavit
1047 1338 1140 1376 eos
1167 1322 1262 1392 qui
1306 1322 1642 1377 concinnant:
1679 1321 1922 1378 Laudate
1975 1324 2071 1380 Do-

490 1415 719 1476 minum.
752 1427 805 1468 et
840 1414 1239 1484 supercxaltate
1268 1413 1322 1468 in
1348 1415 1530 1469 omnia
1567 1416 1787 1470 sascnla.

559 1502 763 1558 Natura
789 1506 1008 1572 quidem
1037 1504 1175 1558 Deus
1237 1520 1335 1568 es;
1375 1507 1468 1559 sed
1493 1505 1800 1562 sustinuisti
1837 1507 2074 1563 circum-

486 1592 601 1646 dari
631 1605 824 1649 natura
861 1593 1374 1656 lmmana.'vulvam
1401 1599 1810 1653 immaculatum
1875 1611 2071 1670 sponte

486 1684 781 1753 ingressus.
827 1703 860 1740 ο
883 1696 1096 1741 amator
1125 1688 1409 1743 hominum
1441 1706 1461 1744 :
1502 1691 1644 1746 unde
1669 1692 1806 1748 duas
1845 1701 2070 1747 natura-

487 1768 567 1822 les
598 1773 900 1828 voluntates
931 1775 982 1827 iu
1019 1784 1071 1829 te
1106 1787 1487 1845 agnoscentes.
1525 1788 1576 1834 te
1631 1781 2066 1850 magniﬁcamus,

487 1859 713 1917 Matrem
749 1873 896 1918 tuam
931 1867 1165 1922 ﬁdeliter
1188 1870 1581 1926 beatiﬁcantes.

489 1973 650 2046 116
673 1977 757 2030 Ex
795 1975 1008 2032 Canone
1041 1981 1094 2033 in
1117 1980 1249 2050 festo
1273 1981 1337 2038 S.
1370 1984 1613 2054 Apostoli
1640 1986 1824 2058 Carpi,
1866 1992 1952 2046 die
1975 1991 2069 2049 26.

556 2151 780 2209 Pariens
816 2155 980 2229 Virgo
1035 2160 1476 2226 ineﬁ'abiliter.et
1533 2175 1742 2222 natura:
1804 2170 2071 2226 innovans

485 2245 653 2314 leges.
697 2247 833 2303 facta
864 2265 923 2306 es
976 2261 1155 2306 mater
1209 2270 1428 2326 semper
1463 2256 1649 2329 Virgo,
1682 2269 1970 2330 prepterea
2011 2274 2061 2319 te

490 2336 889 2394 Deaﬁlicamus.

565 2429 777 2485 Novum
825 2439 1082 2503 tanquam
1136 2451 1363 2505 puerum
1423 2441 1675 2511 peperisti
1739 2443 1915 2511 illum,
1977 2448 2069 2517 qui

485 2529 613 2574 ante
639 2521 837 2576 saecula
871 2537 901 2577 a
923 2523 1084 2578 Patre
1120 2537 1346 2583 exortus
1369 2539 1452 2584 est
1488 2529 1858 2600 ineﬂabiliter,
1904 2548 1938 2589 ο
1971 2537 2066 2592 Dei

483 2609 731 2667 Genitrix
760 2631 774 2668 :
815 2615 936 2668 ideo
971 2625 1020 2670 te
1043 2618 1438 2687 gloriﬁcamus.

557 2704 1003 2762 lntellectnaliter
1032 2710 1165 2764 vidit
1200 2719 1269 2774 te.
1303 2728 1337 2767 ο
1391 2711 1481 2768 Dei
1541 2713 1809 2782 Genitrix,
1861 2716 2066 2788 Puella,

485 2798 744 2867 propheta
772 2799 1017 2857 Deiferus
1050 2812 1291 2858 montem
1328 2821 1584 2872 magnum
1619 2817 1677 2862 et
1723 2810 2067 2880 umbrosum,

483 2907 551 2946 ex
581 2907 689 2962 quo
713 2890 854 2947 Deus
885 2905 1073 2948 noster
1097 2894 1148 2948 in
1180 2911 1344 2950 carne
1371 2898 1608 2956 advenit.

558 2986 599 3038 Α
634 2985 890 3041 sordibus
925 2990 1123 3044 mentis
1152 2999 1207 3044 et
1241 2991 1491 3061 corporis
1520 2994 1755 3050 emunila
1787 3011 1873 3052 me
1891 3013 2062 3065 nunc,

482 3093 519 3134 ο
555 3078 854 3144 benedicta,
887 3090 1021 3134 nutu
1052 3091 1145 3134 tuo
1179 3091 1342 3151 atque
1377 3084 1736 3142 inclinatione
1761 3089 1916 3158 plena
1962 3091 2067 3147 mi-

2173 597 2282 633 των
2310 579 2750 651 ἅνερμηνεύτως,
2804 579 3074 650 Παρθένε,
3105 582 3381 650 κυήσασα,
3444 585 3539 635 καὶ
3594 585 3779 640 σῶσόν

2178 689 2245 741 με
2299 671 2390 725 τὸν
2429 671 2520 724 ἐπὶ
2549 672 2631 724 σοὶ
2661 671 2757 737 τὰς
2784 671 3026 735 ἐλπίδας,
3056 671 3389 743 πανὰμωμε,
3416 673 3666 745 θέμενον.

2250 853 2378 915 Ἴδε,
2403 854 2469 925 ἢν
2506 853 2676 926 ἔφησε
2722 853 3001 925 Παρθένον
3054 853 3112 906 ὲν
3145 852 3222 924 τῷ
3252 853 3540 922 Πνεύματι
3580 859 3607 911 δ
3663 861 3767 929 μέ..

2174 962 2279 1014 γας
2321 945 2572 1008 Ἡσαΐας,
2623 950 2681 999 ἐν
2716 946 2923 1018 γαστρὶ
2954 946 3044 998 τδν
3079 946 3212 999 Θεὸν
3246 948 3511 1002 συνέλαϐε
3569 951 3664 1004 καὶ
3690 952 3776 1006 τί-

2174 1056 2312 1102 κτει,
2345 1031 2389 1106 ᾧ
2422 1037 2800 1108 μελῳδοῦμεν⁶
2834 1037 3008 1110 Κύριε
3029 1040 3056 1091 ὁ
3089 1038 3246 1103 Θεὸς,
3279 1040 3572 1112 εὐλογητὸς
3600 1041 3675 1100 εἳ.

2254 1133 2464 1202 ..Ωφθης
2520 1131 2834 1204 πλατυτέρα
2884 1132 3131 1203 οὐρανῶν
3184 1134 3489 1204 χωρήσασα
3548 1136 3683 1190 Θεὸν
3715 1140 3776 1195 ἔ.»

2177 1225 2363 1296 μήτρᾳ.
2405 1221 2500 1275 τὸν
2533 1224 2895 1294 στενοχωρίας
2972 1225 3218 1294 πονηρᾶς
3275 1226 3583 1297 ῥυσάμενον
3640 1232 3772 1298 τοὺς

2177 1317 2570 1388 μελῳδούντας,
2596 1315 2839 1384 παναγία
2868 1316 3025 1387 Κόρη
3047 1336 3060 1348 ·
3078 1317 3330 1386 ’Υμνεῖτε
3383 1321 3474 1372 τὸν
3533 1320 3767 1394 Κύριον,

2173 1413 2269 1464 καὶ
2286 1409 2627 1480 ὑπερυψοῦτε
2660 1412 2739 1472 εἰς
2763 1409 2975 1473 πάντας
3006 1411 3230 1475 αἰῶνας.

2244 1502 2408 1556 Φύσει
2441 1502 2539 1572 μὲν
2572 1501 2825 1570 πέφυκας
2863 1501 3015 1566 Θεὸς,
3040 1502 3155 1555 ἀλλ’
3181 1503 3414 1575 ἠνέσχου
3443 1505 3765 1575 περιθέσθαι

2169 1597 2262 1650 τὸν
2283 1595 2590 1665 ἄνθρωπον,
2641 1596 2854 1666 μήτραν
2878 1594 3181 1666 ἀμώμητον
3204 1597 3525 1660 ἐθελουσίως
3550 1600 3754 1665 είσδὺς,

2172 1685 2523 1758 φιλάνθρωπα
2553 1703 2566 1716 ·
2596 1687 2719 1740 ὅθεν
2748 1685 2944 1749 διπλᾶς
2986 1688 3084 1750 τὰς
3113 1689 3348 1756 φυσικὰς
3365 1689 3559 1754 ειδότες
3586 1688 3748 1760 θελή-

2174 1796 2288 1842 σεις
2324 1796 2440 1842 σου,
2476 1778 2534 1830 σὲ
2564 1778 2964 1848 μεγαλύνομεν,
2992 1778 3092 1849 τὴν
3120 1780 3350 1851 Μητέρα
3409 1798 3499 1834 σου
3543 1781 3746 1847 πιστῶς

2179 1871 2596 1942 μακαρίζοντες.

2187 1983 2289 2038 Ἐκ
2316 1982 2424 2037 τοῦ
2455 1984 2725 2050 Κανόνος
2749 1987 2837 2050 είς
2863 1983 2969 2058 τὸν·
2999 1983 3170 2058 ἅγιον
3232 1986 3583 2044 ἀπόστολον
3611 1988 3763 2058 Κάρ-

2739 2069 2879 2121 nor,
2920 2055 3108 2125 ἡμέρᾳ
3135 2064 3249 2122 κς’.

2244 2169 2466 2224 Κύουσα
2501 2170 2774 2240 Παρθένος
2791 2174 3213 2245 ἀνερμηνεύτως
3233 2174 3330 2228 καὶ
3367 2175 3496 2240 τοὺς
3529 2178 3630 2248 τῆς
3656 2178 3762 2248 φύ-

2176 2277 2314 2326 σεως
2346 2262 2581 2333 θεσμοὺς
2615 2264 2935 2329 καινίζουσα
2966 2266 3218 2336 πέφυκας
3248 2268 3452 2342 Μήτηρ
3484 2271 3572 2324 ἀεὶ
3602 2271 3757 2344 Παρ-

2174 2355 2346 2419 θένος,
2378 2355 2458 2409 διδ
2485 2373 2544 2409 σε
2574 2358 2981 2430 μακαρίζομεν.

2246 2448 2384 2502 Νέον
2412 2447 2488 2512 ὡς
2521 2449 2735 2502 παιδίον
2767 2453 2995 2516 τέτοκας
3026 2454 3119 2508 τὸν
3143 2455 3249 2527 πρὸ
3286 2455 3396 2512 τῶν
3427 2459 3641 2513 αἰώνων
3695 2473 3761 2512 εκ

2172 2539 2266 2593 τοῦ
2301 2540 2514 2611 Πατρὺς
2555 2541 2913 2598 ἁνατείλαντα
2959 2546 3313 2621 ἀπορρήτως,
3362 2549 3756 2622 Θεογεννῆτορ·

2169 2633 2260 2688 διὰ
2288 2632 2447 2686 τούτό
2472 2651 2532 2686 σε
2562 2633 2884 2707 δοξάζομεν.

2240 2723 2462 2795 Νοιρῶς
2501 2723 2837 2798 δθεοφόρος,
2871 2727 3257 2803 Θεογεννῆτορ,
3290 2733 3418 2804 ὄρος
3469 2753 3530 2790 σε
3565 2735 3758 2805 βλέπει

2174 2815 2319 2885 μέγα
2370 2815 2691 2883 κατάσκιον,
2737 2817 2917 2889 Κόρη,
2972 2819 3033 2884 ἐξ
3052 2816 3116 2875 οὗ
3168 2822 3486 2893 ἐπεδήμησε
3543 2825 3757 2897 σαρκὶό

2170 2906 2301 2971 Θεὸς
2335 2907 2369 2978 ἡ
2377 2906 2515 2976 μῶν.

2253 2994 2457 3049 Ῥύπου
2486 2995 2668 3067 ψυχῆς
2713 2995 2808 3052 καὶ
2833 2996 3086 3069 σώματος
3149 3001 3448 3070 καθάρισδν
3508 3019 3597 3072 με·
3625 3001 3744 3066 νῦν.

2171 3089 2536 3162 εὐλογημένη,
2557 3089 2913 3161 εὐσπλάγχνῳ
2945 3107 3039 3147 σου
3077 3094 3240 3165 ῥοπῇ,
3273 3095 3424 3162 ὅπως
3471 3112 3530 3151 σε
3586 3096 3746 3169 ὐμνῶ

483 3172 796 3226 εσνίςονιίὶω
815 3188 829 3232 ;
849 3181 905 3226 ut
932 3184 982 3229 te
1008 3190 1104 3244 pro
1123 3173 1305 3231 debito
1337 3175 1550 3231 laudem
1575 3193 1640 3234 ac
1695 3182 2062 3254 magniﬁcem,

2174 3183 2267 3238 καὶ
2302 3181 2592 3255 μεγαλύνει)
2609 3182 2933 3256 καταχρέος,
2957 3185 3296 3258 πανύμνητε.

483 3278 519 3317 o
539 3263 686 3318 omni
714 3264 872 3320 laude
894 3265 1237 3334 dignissima.

554 3354 847 3427 Peperisti,
886 3376 917 3411 o
941 3360 1477 3427 ilnmaculatissima,
1504 3363 1624 3419 sine
1659 3366 1850 3423 dolore
1904 3370 2069 3427 Crea-

483 3458 682 3511 torem,
717 3451 809 3520 qui
843 3449 1023 3505 aulert
1074 3451 1296 3507 dolores
1328 3463 1381 3507 et
1427 3453 1642 3512 labores
1703 3473 1922 3518 nostros
1948 3505 1961 3529 ,
2014 3472 2070 3520 et

482 3541 693 3597 deliciis
731 3544 880 3597 omni
912 3543 1098 3598 dolore
1147 3546 1462 3604 carentibus
1522 3549 1749 3621 dignum
1782 3553 1914 3611 facit
1966 3557 2069 3613 hu-

483 3650 709 3689 manum
730 3649 925 3705 genus.

555 3722 839 3796 Tanquam
867 3726 1020 3781 cmlis
1051 3726 1231 3794 latior,
1264 3733 1597 3801 excepisti,o
1619 3734 1804 3810 Virgo,
1837 3739 1889 3795 in
1913 3751 2068 3800 utero

486 3825 580 3874 tuo
616 3818 847 3873 Verbum
877 3819 1024 3890 quod
1055 3836 1084 3875 a
1117 3822 1263 3876 nulla
1295 3839 1353 3878 re
1376 3827 1495 3894 capi
1549 3840 1754 3898 potest,
1811 3844 1864 3888 et
1919 3836 2066 3905 quod

483 3910 702 3965 redimit
725 3912 792 3965 ab
817 3911 965 3966 omni
1002 3917 1257 3984 angustia
1298 3933 1467 3988 genus
1502 3919 1812 3980 hominum.

552 4001 764 4058 Caelum
801 4003 942 4059 facta
966 4020 1046 4069 es,
1079 4021 1111 4061 ο
1143 4007 1464 4078 Deiparens,
1517 4027 1582 4066 ex
1619 4033 1728 4084 quo
1779 4029 1931 4075 ortus
1983 4031 2064 4076 est

481 4094 640 4150 nobis
675 4095 770 4150 Sol
796 4095 1045 4166 iustitiae,
1078 4101 1170 4169 qui
1203 4100 1481 4157 illuminat
1511 4119 1613 4164 nos
1638 4107 1756 4164 luce
1805 4112 2064 4181 cognitio-

483 4185 590 4250 nis.
623 4200 656 4240 ο
689 4185 1019 4255 Deigenitrix
1051 4203 1223 4248 casta.

554 4276 752 4336 Vocem
783 4281 879 4336 tibi
913 4281 1180 4341 Gabrielis
1211 4288 1554 4354 exhibemus,
1584 4305 1618 4344 ο
1653 4292 1836 4360 Virgo,
1877 4293 2060 4346 excit.-

2256 3369 2530 3444 Ἐκύησας
2554 3370 2848 3437 ἀνωδύνως
2885 3371 2976 3427 τὸν
3001 3373 3283 3447 Πλάστην,
3306 3375 3636 3449 πανάμωμε,
3656 3377 3757 3443 τας

2169 3461 2362 3527 ὀδύνας
2391 3464 2487 3516 καὶ
2525 3464 2655 3528 τοὺς
2672 3464 2873 3527 πόνους
2903 3465 3062 3538 ἡμῶν
3092 3467 3520 3539 ἀφαιρούμενον,
3552 3469 3758 3543 καὶτῆς

2170 3556 2444 3612 ἀνωδύνου
2471 3556 2728 3623 ἀξιοῦντα
2757 3560 2973 3632 τρυφῆς
2997 3562 3060 3616 τὸ
3085 3563 3450 3636 ἀνθρώπινον.

2251 3733 2344 3798 Ὠς
2407 3732 2720 3806 πλατυτέρα
2778 3731 2919 3789 οὖσα
2973 3735 3085 3790 τῶν
3167 3738 3416 3811 οὐρανῶν
3451 3740 3511 3795 ἐν
3574 3743 3759 3814 μήτρᾳ

2170 3827 2336 3892 ἐδέξω
2362 3826 2536 3897 Λόγον
2582 3828 2674 3880 τὸν
2702 3825 3008 3898 ἀχῶρητον,
3065 3829 3335 3898 Παρθένε,
3390 3831 3760 3906 λυτρούμενον

2170 3919 2533 3989 στενοχωρίας
2564 3919 2747 3988 πάσης
2785 3916 2846 3969 τὸ
2870 3919 3031 3984 γένος
3052 3917 3162 3970 τῶν
3189 3919 3517 3988 ἀνθρώπων.

2240 4008 2448 4079 Ὤφθης
2478 4008 2726 4080 οὐρανὸς,
2771 4007 3099 4081 Θεοκυῆτορ,
3124 4008 3550 4072 ἑξανατέλλουσα
3617 4015 3753 4084 ἡμῖν

2163 4102 2253 4154 τὸν
2285 4100 2387 4167 τῆς
2414 4097 2762 4169 δικαιοσύνης
2790 4097 3004 4167 Ἥλιον,
3063 4099 3368 4170 φωτίζοντα
3412 4102 3561 4173 ἡμᾶς
3611 4107 3753 4175 φωτὶ

2165 4190 2534 4258 ἒπιγνώσεως,
2553 4189 2921 4262 Θεογιννῆτορ
2947 4190 3110 4263 ἁγνή.

2230 4283 2419 4352 Φωνὴν
2446 4300 2526 4337 σοι
2549 4281 2923 4354 προσάγομεν,
2942 4285 3207 4356 Παρθένε,
3225 4283 3328 4358 τὴν
3351 4285 3448 4342 τοῦ
3472 4289 3742 4364 Γαϐριὴλ,

482 4373 893 4437 mantes:Ave,
947 4375 1118 4429 nubes
1149 4376 1319 4443 levis;
1375 4393 1498 4440 ave,
1529 4386 1693 4446 terra,
1754 4396 1876 4449 quae
1941 4383 2061 4437 sine

2171 4375 2517 4439 hva60ti>vsec°
2548 4377 2740 4447 Χαῖρε,
2780 4375 2959 4448 κούφη
2981 4376 3203 4449 νεφέλη,
3227 4382 3404 4451 χαῖρε,
3436 4381 3511 4453 γῆ
3535 4384 3753 4459 ἀγεὼρ..

483 4463 734 4531 agricolae
783 4467 993 4521 cultura
1061 4466 1268 4535 spicam
1329 4469 1632 4537 speciosam
1692 4471 2056 4542 fruetilicasti,

484 4557 804 4611 nutritorem
834 4557 1039 4612 scilicet
1076 4559 1320 4613 omnium
1351 4568 1751 4618 creaturarum.

487 4647 644 4719 117
667 4649 748 4703 Ea:
765 4665 962 4705 canone
981 4650 1034 4702 in
1047 4648 1179 4716 festo
1211 4649 1268 4705 S.
1292 4651 1542 4725 Eutychis
1565 4657 1842 4728 martyris,
1862 4658 1948 4713 die
1963 4658 2055 4716 28.

527 4822 585 4880 in
605 4826 783 4880 carnis
801 4824 1156 4884 similitudine
1171 4847 1442 4901 apparens
1457 4843 1673 4892 amator
1694 4836 1979 4895 hominum
1994 4855 2062 4897 ex

485 4929 558 4985 te,
579 4937 611 4975 ο
655 4930 765 4974 tota
787 4922 1161 4988 immaculata,
1195 4925 1460 4982 mundum
1485 4927 1713 4984 salvavit
1738 4942 2060 5001 pereuntem

482 5023 647 5082 atque
705 5013 876 5068 errori
923 5014 1253 5084 subjectum,
1294 5019 1438 5076 unde
1485 5030 1539 5078 te
1610 5023 1949 5082 honoramus
1998 5042 2064 5082 ac

486 5106 886 5164 beatiﬁcamus.

553 5194 750 5252 Mentis
769 5214 905 5252 mea
938 5199 1213 5264 tenebras,
1251 5217 1282 5256 ο
1307 5202 1560 5274 Deipara,
1602 5206 1726 5262 luce
1772 5218 1883 5276 tua,
1932 5227 2064 5280 pre-

486 5297 604 5347 cor,
646 5289 908 5353 tanquam
957 5286 1375 5358 benignissima,
1424 5292 1652 5364 dissipa,
1687 5305 1743 5352 et
1786 5299 2066 5358 intercede

485 5390 588 5444 pro
610 5389 716 5439 me,
742 5388 799 5430 ut
826 5393 919 5448 per
937 5382 1315 5449 ptenitentiam
1343 5385 1585 5443 melioris
1616 5389 1743 5446 vita:
1791 5393 2062 5451 rationem

486 5467 769 5523 instituam
789 5509 805 5536 ,
840 5480 898 5525 ut
929 5488 1053 5528 cum
1081 5474 1184 5529 fide
1220 5485 1276 5530 te
1308 5477 1626 5546 gloriﬁcem.

558 5560 949 5628 Prophetarum
985 5566 1272 5636 collegium
1305 5568 1524 5638 scripsit
1557 5583 1704 5636 ante,
1744 5584 1795 5629 te
1825 5591 1947 5632 esse
1969 5594 2064 5633 vo-

485 5656 690 5720 lumen,
720 5673 752 5710 o
774 5655 935 5728 Virgo
965 5660 1316 5715 immaculata
1346 5659 1453 5716 Deo
1485 5663 1834 5734 desponsata,
1866 5669 1919 5724 in
1952 5687 2064 5741 quo

489 5744 726 5799 Verbum
775 5744 952 5804 Patris
1001 5750 1173 5820 digito
1225 5754 1490 5824 scriptum
1537 5763 1644 5822 est,
1672 5759 1814 5826 quod
1874 5761 2061 5819 ﬁdeles

493 5838 748 5892 describit
781 5840 832 5894 in
865 5840 1003 5894 libro
1030 5844 1167 5898 vim.

2161 4481 2346 4535 γητος,
2383 4465 2588 4538 στάχυν
2609 4466 2813 4537 ὡραῖον
2837 4468 3266 4541 καρποφοροῦσα
3292 4471 3385 4525 τὸν
3424 4476 3630 4546 τροφέα
3653 4477 3753 4549 τῆς

2094 4557 2139 4612 Ι)
2169 4559 2418 4624 κτίσεως.

2174 4652 2270 4706 Ἐκ
2292 4653 2399 4709 τοῦ
2423 4656 2694 4724 Κανόνος
2718 4657 2806 4732 είς
2828 4655 2937 4732 τὸν
2957 4656 3128 4732 ἄγνον
3159 4657 3434 4730 μάρτυρα
3454 4663 3737 4732 Εὐτυχέα,

2738 4725 2928 4797 ἡμέρᾳ
2949 4725 3061 4797 κήκ

2236 4835 2448 4909 Σαρκδς
2493 4835 2806 4909 ὁμοιώματι
2865 4838 3200 4909 ιπιφανεῖςδ
3247 4842 3628 4915 φιλάνθρωπος
3683 4849 3750 4902 ἐκ

2167 4932 2284 4995 σοῦ,
2325 4934 2660 5002 πανάμωμε,
2689 4934 2896 5003 κόσμον
2932 4933 3194 4988 διέσωσεν
3225 4936 3619 5012 ἀπολλύμενον,
3654 4943 3750 4997 καὶ

2168 5025 2345 5098 πλάνῃ
2367 5024 2736 5097 ὐπαρχθέντα,
2760 5027 2841 5080 διό
2875 5044 2935 5080 σε
2960 5029 3293 5100 γεραίρομεν
3322 5030 3417 5086 καὶ
3452 5035 3755 5107 μακαρίζο-

2170 5136 2292 5189 μεν.

2236 5211 2377 5275 Νοός
2411 5229 2512 5280 μου
2537 5211 2599 5264 τὸ
2632 5211 2842 5277 σκότος,
2870 5212 3124 5278 Scordus,
3156 5215 3294 5284 φωτὶ
3313 5218 3392 5289 τῷ
3419 5221 3478 5273 ἐν
3511 5221 3617 5286 σοὶ,
3669 5223 3750 5288 ὡς

2166 5303 2373 5372 ἀγαθὴ,
2419 5303 2740 5366 ὲκδυσωπῶ,
2803 5303 3082 5373 διάλυσον,
3143 5307 3238 5362 καὶ
3279 5311 3568 5380 μετανοίας
3624 5314 3752 5386 τρό-

2167 5411 2291 5458 ποις
2320 5412 2388 5465 με
2415 5393 2773 5466 βελτιωθῆναι
2806 5398 3104 5468 πρέσϐευε,
3141 5399 3289 5466 ὅπως
3318 5403 3377 5455 ἐν
3422 5405 3602 5460 πίστει
3663 5407 3756 5462 δοο

2168 5485 2318 5550 ξάζω
2357 5503 2439 5542 σε.

2238 5578 2418 5646 Τόμον
2493 5595 2552 5632 σε
2604 5579 2919 5652 προέγραψε
2973 5583 3082 5636 τῶν
3127 5589 3450 5658 προφητῶν,
3513 5592 3750 5663 ἄκραντα

2169 5670 2433 5742 Παρθένε,
2462 5675 2490 5726 ὁ
2520 5671 2800 5741 σύλλογος,
2831 5675 2888 5727 ὲν
3002 5678 3257 5752 δακτύλῳ
3291 5688 3617 5758 κατεγράφη
3646 5685 3744 5742 τοῦ

2169 5763 2383 5836 [Ιατρδς
2413 5766 2442 5818 δ
2473 5762 2665 5832 Λόγος,
2707 5768 3192 5846 Θεόνυμφεᾼίόλιρ
3212 5776 3310 5846 τῆς
3367 5776 3514 5853 ζωῆς
3576 5799 3747 5837 κατα..

2175 5856 2396 5925 γράφων
2429 5857 2671 5921 πιστούς.
