4098 6322
498 418 632 486 1139

495 636 580 682 tor
612 627 882 691 omnium,
923 636 1087 694 atque
1117 626 1283 680 exivit
1321 625 1390 680 ab
1439 634 1596 680 utero
1624 637 1738 690 tuo,
1800 629 2063 698 virginem

495 731 547 774 te
572 735 925 774 conservans.
957 716 1002 774 Ο
1025 719 1348 772 miraculum
1385 719 1805 773 miraculorum!
1838 736 1871 776 ο
1905 735 2068 775 novo-

496 825 614 864 rum
680 810 1065 880 mysteriorum
1131 808 1537 874 n'ianifestatio,
1577 825 1699 878 qua:
1734 811 1786 863 in
1834 821 1885 864 te
1924 808 2066 866 facta

494 910 622 957 sunt
659 902 713 957 in
743 902 925 958 omnia
957 901 1179 958 szecula.

563 994 607 1050 Ο
645 996 819 1067 virgo,
848 1011 967 1065 quze
999 995 1134 1066 ipsis
1161 994 1472 1050 Cherubitn.
1496 995 1748 1066 superior
1806 1001 2064 1067 apparui—

495 1087 585 1150 sti,
617 1086 768 1142 eﬂiec
799 1096 1036 1142 mentem
1078 1103 1253 1142 meam
1283 1087 1597 1142 carnalibus
1661 1091 2062 1160 concupiscen-

496 1181 586 1234 tiis
617 1183 852 1250 vitrque
888 1181 1286 1235 tentationibus
1333 1180 1717 1249 superiorem;
1745 1191 1798 1235 et
1823 1184 2062 1240 concede

496 1273 629 1327 mihi
666 1283 724 1327 ut
784 1273 1037 1343 expedite
1092 1271 1357 1343 facileque
1397 1271 1640 1328 incedam
1681 1290 1777 1344 pro
1838 1277 2062 1332 semitas

495 1365 787 1428 salutares,
817 1381 941 1436 quae
978 1367 1185 1421 ducunt
1213 1365 1281 1420 ad
1312 1379 1606 1435 supernam
1674 1365 1974 1435 civitatem,
2028 1385 2060 1423 ο

496 1457 859 1512 inimaculata.

1617 423 1677 484 S.
1722 421 2034 483 JOSEPHI
2078 421 2643 487 HYMNOGBAPHI

559 535 644 590 Ex
675 531 848 588 sacris
877 531 1238 600 sanguinibus
1292 532 1400 587 tuis
1435 533 1754 588 incarnatus
1784 534 2059 589 estCrea~
2087 540 2130 600 Α

3610 437 3745 503 1140

2247 537 2337 602 Ἐξ
2364 538 2615 607 αἱμάτων
2654 552 2748 588 σου
2792 537 2955 605 ιερῶν
2988 540 3337 610 σεσάρκωται
3365 545 3393 598 ὁ
3434 544 3748 617 Πλαστουρ-

2168 631 2268 698 γὸς
2316 633 2345 682 ὁ
2393 630 2646 695 πάντων,
2679 631 2772 682 καὶ
2820 629 2916 682 σοῦ
2953 631 3226 702 προῆλθεν
3257 636 3322 688 ὲκ
3369 638 3642 706 γαστρὸς,
3684 638 3746 693 σὲ

2175 724 2449 793 παρθένον
2503 723 2873 792 διαφυλάξαςο
2935 723 2982 777 ὣ
3046 724 3234 794 θαῦμα
3300 727 3632 800 Θαυμάτωνί
3701 730 3748 784 ῶ

2173 817 2375 870 καινῶν
2418 816 2729 888 μυστηρίων
2773 818 3084 890 φανέρωσις
3119 820 3178 874 ὲν
3207 823 3292 876 σοὶ
3343 825 3748 895 πεπραγμένων

2172 912 2252 972 εἰς
2282 910 2490 972 πάντας
2517 911 2643 972 τοὺς
2671 909 2908 972 αἰῶναςί

2242 1002 2499 1066 Φανεῖσα,
2536 1001 2803 1070 Παρθένε,
2835 1001 2946 1056 τῶν
2973 1003 3261 1076 Χερουϐὶμ
3289 1005 3558 1073 ἀνωτέρα,
3598 1007 3748 1061 ’ἀνώ-

2171 1113 2327 1167 τερον
2374 1098 2688 1167 ὰπέργασαι
2729 1098 2821 1152 τὸν
2849 1099 2975 1152 νοῦν
3013 1118 3116 1171 μου
3161 1104 3271 1156 τῶν
3311 1103 3590 1175 σαρκικῶν
3623 1104 3748 1174 ἡδο-

2167 1189 2296 1255 νῶν,
2357 1191 2453 1243 καὶ
2499 1189 2593 1244 τοῦ
2626 1190 2742 1261 βίου
2776 1195 3129 1264 πειρασμῶν,
3176 1196 3270 1249 καὶ
3315 1197 3459 1250 δίδου
3502 1197 3747 1266 βαδίζειν

2168 1279 2444 1345 εὐσταλῶς
2492 1283 2593 1345 τὰς
2646 1282 2952 1356 σωτηρίους
3000 1286 3242 1358 τρίϐους,
3305 1287 3404 1352 τὰς
3453 1287 3745 1358 φερούσας,

2169 1373 2426 1445 ἄχραντε,
2459 1375 2595 1446 πρὸς
2625 1374 2727 1446 τὴν
2758 1375 2872 1429 ἄνω
2903 1376 3078 1432 πόλιν.

1079 1571 1161 1626 Ea:
1188 1572 1403 1628 Canone
1427 1574 1613 1630 aliain
1649 1575 1747 1631 SS.
1777 1576 2079 1646 Anargyros
2124 1574 2394 1642 Cosmum,
2449 1585 2500 1631 et
2545 1576 2863 1632 Damianum
2921 1580 3137 1650 (64”).

569 1689 905 1744 Salvatorem
941 1705 1004 1744 ac
1034 1689 1201 1744 Deum
1237 1706 1300 1744 ex
1350 1690 1516 1745 castis
1554 1691 1916 1760 sanguinibus
1949 1691 2060 1747 tuis

497 1782 826 1852 corporasti,
859 1796 893 1837 ο
929 1797 1063 1850 pura
1103 1789 1158 1836 et
1212 1781 1490 1846 inviolata,
1553 1783 1643 1852 qui
1701 1782 1850 1837 dedit
1903 1783 2062 1839 nobis

2242 1692 2528 1764 Templum
2561 1694 2824 1750 mundum
2859 1695 2983 1751 fecit
3015 1704 3088 1761 te,
3135 1695 3384 1762 Domina,
3427 1694 3729 1750 mundissi-

2175 1800 2324 1839 mum
2366 1785 2526 1857 136
2569 1784 2830 1851 Verbum,
2866 1786 3011 1856 quod
3058 1786 3297 1842 divinam
3325 1786 3725 1860 Anargyrorum

497 1874 764 1929 salutares
803 1875 1043 1929 medicos
1068 1874 1381 1944 passionum
1406 1885 1738 1939 nostrarum,
1771 1883 1825 1928 et
1856 1876 2070 1930 ferven-
2105 1870 2148 1929 Β
2177 1877 2477 1932 Ecclesiarn
2503 1878 2677 1949 signis
2708 1893 2774 1934 ac
2809 1877 3070 1949 prodigiis
3126 1893 3341 1947 semper
3401 1877 3729 1947 magnilieat.

499 1975 581 2021 tes
607 1966 943 2031 defensores,
977 1966 1251 2035 sapientes
1281 1965 1593 2036 Anargyros
1625 1968 1678 2019 in
1709 1965 1922 2034 spiritu.

569 2058 646 2115 Te
678 2059 1139 2129 speciosissimam
1183 2058 1325 2120 inter
1353 2057 1609 2112 mulieres
1635 2058 1794 2128 elegit
1823 2056 1983 2123 Deus,
2013 2067 2068 2113 et

497 2169 564 2208 ex
602 2163 653 2208 te
685 2151 1062 2222 corporaliter,
1096 2167 1128 2205 ο
1159 2162 1332 2216 casta,
1367 2152 1515 2205 nasci
1565 2153 1897 2220 complacuit
1939 2151 2065 2216 sibi,

496 2247 588 2316 qui
616 2246 907 2315 requiescit
941 2246 994 2299 in
1023 2245 1230 2300 sanctis
1258 2245 1400 2300 suis.

564 2336 960 2407 Compassione
989 2345 1080 2390 tua
1107 2336 1330 2408 dignum
1365 2352 1452 2391 me
1480 2336 1586 2400 fac,
1620 2352 1652 2392 o
1688 2335 1855 2408 Virgo
1884 2337 2090 2392 inviov

497 2435 626 2494 lata,
660 2444 782 2499 qua:
815 2428 1071 2498 peperisti
1128 2427 1360 2482 Verbum
1415 2428 1573 2484 unice
1630 2429 2067 2498 compassivissi-

499 2537 671 2584 mum.
710 2522 856 2593 quod
887 2522 1164 2576 concessit
1190 2521 1463 2575 universis
1498 2521 1699 2576 ﬁnibus
1733 2530 1890 2576 terrae
1918 2521 2061 2578 San-

496 2622 615 2668 etos
654 2613 1050 2682 compatientes
1080 2611 1339 2677 medicos,
1371 2621 1424 2667 et
1456 2613 1846 2667 miraculorum
1878 2622 2064 2683 patra-

497 2715 670 2762 tores.

570 2795 906 2868 Sapientiam
945 2797 1035 2854 Dei
1070 2799 1483 2855 substantialem
1527 2799 1807 2871 peperisti,
1844 2814 1877 2853 o
1900 2799 2067 2869 Virgo

497 2888 760 2944 inviolata
787 2889 1040 2960 Dcipara,
1069 2905 1192 2961 quae
1230 2901 1448 2946 sanctos
1481 2892 1921 2963 sapientissimos
1966 2907 2066 2946 no-

499 2981 585 3036 bis
631 2984 929 3047 concessit,
969 2998 1067 3052 per
1093 2998 1232 3053 quos
1256 2983 1478 3038 malitia:
1535 2985 1821 3040 architecti
1869 2982 2068 3040 cecidit

498 3071 697 3140 fastus,
729 3083 781 3129 et
806 3075 1130 3145 gravissima
1161 3085 1570 3147 stratagemata.

2256 1992 2301 2049 Ο
2340 1993 2509 2051 Maria
2554 1993 2706 2065 virga
2757 2008 2880 2064 quae
2905 1991 3224 2063 germinasti
3254 2006 3319 2045 ex
3350 1990 3527 2044 radice
3550 1987 3729 2053 Jesse,

2177 2085 2476 2155 protulisti,
2533 2084 2813 2148 inviolata,
2867 2084 3052 2138 florem
3108 2080 3413 2146 Christum,
3449 2078 3543 2148 qui
3592 2077 3744 2130 velut

2172 2177 2418 2243 ﬂoribus,
2445 2177 2721 2232 miraculis
2742 2184 2970 2232 exornat
2994 2174 3225 2230 famulos
3247 2187 3375 2229 suos
3402 2170 3738 2240 Anargyrus.

2243 2294 2528 2362 Perempta
2558 2300 2641 2348 est
2671 2306 2817 2346 mors
2848 2290 2902 2345 in
2931 2299 3014 2357 te;
3049 2289 3216 2343 vitam
3235 2286 3381 2342 enim
3408 2280 3740 2340 substantia-

2176 2385 2280 2441 lem
2307 2386 2564 2456 peperisti
2596 2384 2874 2440 Christum
2901 2383 3216 2445 Dominum,
3247 2395 3281 2434 ο
3309 2376 3587 2443 inviolata,
3618 2387 3736 2446 pro-

2176 2485 2434 2532 tectorem
2465 2476 2587 2530 vitae
2617 2482 2837 2542 nostra,
2864 2475 2957 2545 qui
2993 2475 3304 2544 Anargyros
3328 2469 3567 2524 medicos
3594 2465 3735 2522 dedit

2177 2570 2245 2625 iis
2266 2569 2360 2640 qui
2407 2568 2682 2623 clamant:
2708 2566 3022 2624 Benedicite
3051 2567 3256 2621 omnia.

2246 2684 2412 2739 Facta
2436 2700 2517 2746 es,
2543 2699 2578 2740 ο
2605 2683 2790 2755 Virgo,
2823 2681 3162 2738 domicilium
3218 2680 3361 2736 lucis
3419 2677 3585 2742 illius,
3619 2687 3734 2744 qua

2173 2774 2429 2831 universa
2479 2773 2827 2836 illuminavit,
2897 2782 2952 2827 et
3002 2770 3265 2827 luciferos
3315 2776 3535 2824 sanctos
3597 2779 3739 2819 nunc

2172 2865 2467 2930 concessit,
2502 2864 2599 2934 qui
2661 2862 3067 2919 mortiferarum
3116 2862 3435 2933 passionum
3485 2855 3738 2912 tenebras

2173 2959 2229 3014 in
2260 2959 2453 3030 spiritu
2479 2957 2788 3024 eliminant,
2813 2971 2846 3011 ο
2868 2956 2984 3013 sola
3018 2971 3232 3026 semper
3261 2952 3521 3010 inviolata
3553 2949 3732 3021 Virgo.

1235 3192 1321 3249 Ea:
1359 3195 1571 3251 Conone
1606 3196 1713 3250 alio
1735 3198 1792 3250 in
1824 3196 1926 3252 SS.
1959 3197 2264 3268 Anargyros
2288 3195 2550 3258 Cosmum,
2584 3199 2634 3246 et
2657 3191 2996 3246 Damianum.

569 3306 798 3362 ElIunde
826 3322 989 3376 super
1023 3322 1140 3373 nos,
1175 3323 1342 3370 nunc,
1365 3323 1399 3362 ο
1425 3319 1595 3374 casta,
1625 3309 1802 3364 stillas
1829 3310 2028 3364 misera
2086 3317 2132 3379 (ζ
2163 3318 2323 3379 partu
2347 3316 2439 3362 tuo
2466 3303 2816 3375 conjunxit,o
2845 3301 3172 3364 castissima,
3205 3295 3475 3354 custodiat
3504 3294 3557 3348 in
3589 3303 3739 3349 tran-

497 3399 708 3456 tionum
745 3407 986 3464 tuarum,
1025 3406 1080 3453 tu
1115 3415 1236 3469 qua:
1265 3400 1491 3467 bonum,
1523 3409 1578 3455 et
1611 3401 1788 3470 pium,
1814 3409 1874 3455 et
1907 3402 2068 3454 mise-

496 3490 1102 3547 ratoremineﬂ‘abiliter
1133 3493 1411 3563 peperisti,
1470 3502 1635 3564 atque
1685 3495 2065 3549 universorum

497 3598 646 3638 nunc
672 3582 985 3660 praesidium
1019 3585 1260 3641 etsistis.

574 3675 666 3732 Ille
703 3677 795 3748 qui
820 3676 969 3732 solus
992 3665 1076 3731 est
1106 3678 1301 3741 bonus,
1325 3677 1476 3732 solus
1512 3677 1702 3732 intime
1727 3677 2065 3743 misericors,

416 3828 419 3829 ν
497 3770 902 3826 imrnaculatam
958 3769 1174 3824 vulvam
1201 3779 1349 3823 tuam
1396 3769 1682 3840 ingressus
1709 3780 1816 3833 est,
1873 3785 1906 3824 ο
1960 3778 2068 3824 tota

498 3855 877 3930 immaculata;
912 3868 1102 3918 volens
1146 3879 1245 3918 nos
1286 3863 1636 3932 passionibus
1689 3863 1925 3934 pollutos
1979 3880 2068 3918 re-

497 3956 754 4012 formare.

569 4049 628 4102 ln
663 4058 735 4116 te,
767 4065 798 4103 ο
835 4047 998 4118 Virgo
1056 4045 1150 4103 Dei
1211 4046 1403 4114 Mater,
1447 4063 1572 4118 spes
1622 4064 1772 4104 meas
1828 4049 2068 4120 reposui,

500 4158 587 4196 me
618 4141 686 4195 ab
717 4142 866 4196 omni
894 4141 1065 4196 hostis
1093 4141 1298 4196 malitia
1327 4156 1450 4197 esse
1489 4141 1855 4196 liberandum.

568 4234 612 4290 0
650 4233 879 4289 Domina
927 4244 1098 4297 casta,
1155 4250 1278 4304 quae
1344 4233 1516 4289 Deum
1583 4236 1930 4290 incarnatum
1988 4234 2075 4288 in-

499 4325 987 4397 comprehensibili
1017 4326 1180 4380 modo
1211 4325 1500 4395 peperisti,
1549 4327 1796 4380 eumdem
1855 4341 2072 4394 semper

500 4422 816 4490 deprecare,
847 4426 906 4473 ut
940 4433 1027 4474 me
1056 4435 1085 4473 a
1118 4419 1431 4474 carnalibus
1481 4418 1864 4487 passionibus,
1901 4426 1954 4472 et
2003 4420 2072 4474 ab

496 4512 716 4569 aeternis
745 4512 1034 4567 tormentis
1067 4510 1282 4582 eripiat.

570 4607 664 4665 Ille
693 4607 788 4677 qui
819 4606 1075 4662 inferiora
1107 4607 1483 4677 superioribus
1514 4607 1565 4661 in
1625 4608 2062 4677 supernaaturali

508 4747 593 4804 Ex
616 4746 828 4804 Conone
863 4749 918 4802 in
953 4746 1091 4815 {esto
1131 4743 1190 4800 S.
1250 4745 1464 4800 Thomas
1495 4745 1787 4802 Pala'ensis
1814 4757 1862 4800 et
1892 4744 2073 4816 S.Cy-

961 4819 1121 4872 riam:
1151 4817 1422 4888 martyris,
1449 4817 1535 4870 die
1556 4817 1610 4872 7.

574 4992 762 5048 Mortis
811 4993 1073 5063 impetum
1124 4991 1454 5061 repressisti,
1486 5007 1519 5046 ο
1565 5002 1735 5059 casta,
1788 4991 2068 5048 Chrismm

502 5087 937 5142 immortalitatis
967 5087 1211 5141 datorem
1241 5086 1424 5149 enixa,
1460 5101 1622 5155 quem
1665 5103 1788 5140 eum
1817 5086 2066 5142 infernus

501 5177 813 5232 voluntario
839 5176 1060 5231 decreto
1103 5185 1376 5231 mortuum
1428 5176 1673 5237 vidisset.
1714 5178 2063 5232 contremuit.

569 5270 614 5323 0
645 5268 831 5341 Virgo,
857 5286 978 5339 qua:
1000 5270 1387 5324 subsistentem
1422 5267 1514 5324 Dei
1548 5269 1880 5341 Sapientiam
1904 5285 2066 5341 pepe-

499 5364 643 5430 risti,
680 5379 710 5417 a
742 5363 987 5433 sophista
1030 5363 1251 5417 malitia:
1282 5363 1452 5419 libera
1486 5379 1574 5419 me
1596 5365 1928 5420 mediatione
1954 5373 2066 5432 tua,

497 5474 531 5514 ο
564 5461 676 5515 sola
709 5475 903 5516 carens
957 5461 1104 5516 omni
1141 5461 1282 5516 labe.

571 5550 789 5619 Libera,
823 5569 856 5608 o
893 5554 1059 5625 Virgo
1089 5554 1420 5620 castissima,
1455 5555 1522 5608 ab
1571 5557 1721 5610 omni
1759 5555 1930 5610 hostis
1961 5559 2067 5611 lat-

496 5643 672 5708 sione,
724 5660 820 5700 eos
875 5645 968 5715 qui
1024 5658 1290 5700 noverunt
1344 5658 1394 5701 te
1431 5663 1610 5702 veram
1672 5663 1793 5704 esse
1821 5645 1912 5703 Dei
1951 5662 2064 5702 ma-

497 5743 655 5791 trem.

2171 3400 2340 3471 quillo
2373 3409 2516 3455 statu
2543 3413 2665 3464 nos,
2694 3399 2786 3468 qui
2817 3406 2868 3451 te
2902 3395 3150 3450 laudibus
3177 3393 3503 3448 exaltamus.

2166 3521 2171 3526 -
2240 3491 2394 3548 Mons
2424 3490 2538 3555 Dei,
2568 3505 2632 3544 ex
2665 3503 2774 3559 quo
2803 3485 3018 3542 Veritas
3051 3485 3452 3546 manifestatur,
3495 3489 3552 3536 tu
3593 3495 3672 3544 es,
3702 3491 3741 3534 ο

2171 3584 2337 3656 Virgo
2400 3583 2556 3653 137
2597 3591 2772 3646 casta,
2815 3579 2869 3635 in
2902 3593 3014 3649 quo
3046 3592 3172 3632 eum
3233 3573 3593 3630 inhabitasset
3626 3570 3740 3636 ille,

2172 3680 2268 3750 qui
2303 3689 2386 3733 est
2419 3673 3006 3744 incomprehensibilis,
3067 3668 3380 3725 hominibus
3442 3664 3614 3719 voluit
3657 3662 3741 3718 si-

2172 3770 2319 3824 milis
2350 3768 2465 3823 tieri
2499 3776 2720 3838 propter
2741 3778 3026 3820 excessum
3051 3758 3439 3816 misericordiae
3463 3770 3617 3813 suae:
3647 3753 3739 3808 cui

2171 3863 2457 3934 psallimus
2488 3877 2503 3915 :
2535 3859 2858 3914 Benedictus
2888 3871 2968 3922 es,
3003 3864 3110 3910 etc.

2245 3955 2404 4019 Ecce,
2435 3970 2469 4007 ο
2496 3954 2678 4007 anima
2716 3967 2859 4016 mea,
2894 3960 3047 4018 porta
3081 3947 3243 4009 lucis,
3267 3960 3388 4016 quae
3417 3959 3565 4000 nunc
3611 3957 3741 4013 ape-

2172 4050 2243 4103 rit
2272 4049 2452 4103 aditus
2484 4047 2811 4114 poenitentiae
2846 4061 2859 4098 :
2888 4059 3016 4098 ecce
3043 4043 3256 4112 species
3315 4038 3513 4104 Jacob;
3576 4037 3739 4094 unica

2173 4139 2455 4195 hominum
2494 4137 2660 4192 tutela
2700 4151 2767 4192 ac
2788 4134 3076 4191 defensio:
3113 4132 3308 4188 festina
3351 4147 3448 4203 per
3475 4132 3743 4187 interces-

2173 4231 2360 4286 siones
2385 4231 2534 4286 illius
2564 4229 2828 4299 consequi
2859 4225 3318 4281 misericordiam.

2242 4324 2618 4394 Agnoscenles
2665 4334 2738 4387 te,
2769 4335 2802 4375 ο
2858 4318 3110 4385 Domina,
3165 4333 3289 4372 vere
3321 4315 3557 4372 lucidam
3618 4329 3741 4370 esse

2173 4419 2373 4472 nubem
2407 4414 2549 4470 Solis
2576 4413 2803 4483 iustitia:
2831 4428 2925 4482 per
2966 4419 3113 4465 tuam
3179 4411 3625 4465 intercessionem
3670 4407 3741 4462 ab

2173 4504 2585 4563 obscurissimis
2613 4503 2876 4566 tenebris,
2909 4509 2964 4555 et
2990 4501 3059 4554 ab
3086 4509 3289 4554 aeterno
3321 4497 3586 4570 supplicio
3608 4493 3742 4551 libe-

2175 4618 2384 4666 remur,
2420 4617 2454 4656 o
2480 4601 2549 4654 ab
2582 4600 2730 4654 omni
2761 4611 2915 4652 naevo
2943 4595 3133 4650 libera.

2183 4742 2285 4796 Ἐκ
2324 4741 2430 4796 τοῦ
2460 4740 2723 4803 Κανόνος
2763 4738 2850 4800 είς
2900 4734 3008 4788 τὸν
3041 4733 3218 4804 ἅγιον
3277 4728 3491 4802 Θωμᾶν
3530 4731 3731 4804 τὸνᾷἐν

2240 4813 2322 4878 τῷ
2351 4807 2611 4877 Halani),
2632 4802 2731 4863 καὶ
2755 4807 2872 4876 τὴν
2901 4802 3099 4876 ἁγίαν(
3106 4802 3380 4874 μάρτυρα
3409 4802 3728 4872 Κυριακὴν,

2238 4885 2428 4954 ἡμέρᾳ
2459 4880 2524 4944 ζ’.

2247 4998 2476 5069 Ῥὑμην,
2505 4996 2667 5065 ἁγνὴ,
2694 4993 2789 5048 τοῦ
2827 4992 3060 5046 Θανάτου
3094 4987 3411 5054 ἀνέστειλας
3441 4987 3739 5050 ἀθανασίας

2170 5095 2431 5169 πρόξενον
2459 5090 2694 5164 Χριστὸν
2727 5090 2999 5158 κυήσασα,
3033 5084 3092 5138 ὃν
3129 5083 3158 5135 ὁ
3188 5081 3321 5154 ᾅδης
3354 5081 3582 5137 Θανέντα
3617 5080 3742 5152 βου-

2173 5190 2329 5260 λήσει
2360 5185 2582 5257 ἑκουσίᾳ
2618 5181 2742 5237 ἰδὼν
2765 5179 3084 5252 ὲτρόμαξεν.

2246 5281 2450 5351 Σοφίαν
2476 5277 2571 5333 τοῦ
2607 5275 2743 5332 Θεοῦ
2777 5275 2878 5348 τὴν
2907 5270 3274 5325 ἑνυπόστατον
3303 5267 3562 5335 τεκοῦσα,
3593 5269 3741 5338 Παρ-

2170 5375 2314 5440 θένε,
2341 5374 2435 5428 τοῦ
2464 5370 2718 5442 σοφιστοῦ
2753 5387 2821 5440 με
2848 5367 2949 5438 τῆς
2979 5363 3179 5428 κακίας
3205 5361 3548 5434 ὲκλύτρωσον
3574 5379 3734 5433 psci-

2166 5471 2287 5540 τείᾳ
2325 5485 2439 5530 σου.
2482 5466 2617 5538 μόνη
2653 5461 3052 5534 παναμὼμητε.

2251 5559 2439 5613 Ῥῦσαι
2474 5557 2654 5626 πάσης
2676 5556 2971 5619 κακώσεως
2999 5554 3092 5609 τοῦ
3122 5552 3436 5626 δυσμενοῦς,
3471 5550 3740 5622 Παρθένε,

2176 5654 2306 5718 τοὺς
2335 5651 2541 5717 εἰδότας
2570 5649 2786 5723 ἀληθῶς
2815 5648 2950 5704 Θεοῦ
2988 5667 3046 5703 σε
3081 5649 3318 5723 μητέρα,
3351 5649 3618 5717 πάναγνι.

567 5893 770 5964 (64·“⁶)
813 5895 906 5951 llic
935 5910 1108 5951 canon
1135 5911 1256 5952 cum
1291 5896 1537 5967 sequenti
1565 5897 1717 5953 deest
1743 5896 1798 5953 in
1841 5896 2064 5953 Menaeis
2099 5896 2404 5968 impressis.
