4098 6322
297 402 434 468 1149

1743 409 1844 463 MA
1856 408 2103 467 ttiALls.

3417 404 3558 469 1150

297 535 417 587 μεν,
450 514 780 586 πανάμωμε’
803 514 869 569 σὺ
899 513 1008 586 γὰρ
1052 513 1189 571 Θεὸν
1222 513 1451 580 τέτοκας
1484 513 1665 586 σάρκα
1698 531 1864 585 γεγο-

1974 532 2117 585 mur,
2148 534 2182 573 ο
2211 520 2413 573 munda
2445 518 2514 574 ab
2543 519 2695 574 omni
2736 520 2861 577 labe
2901 538 2915 574 :
2953 527 3009 576 tu
3043 519 3191 577 enim
3232 518 3402 577 Deum
3432 537 3551 578 car-

294 611 447 672 νότα.

1976 624 2101 663 nem
2132 607 2339 663 factum
2370 611 2647 678 peperisti.

368 702 575 757 Fluxus
628 701 997 773 corruptionis
1042 700 1382 768 compescuit
1434 697 1621 772 Virgo,
1680 701 2000 773 incorrupte
2046 700 2193 757 enim
2256 711 2446 772 genuit
2526 701 2682 758 illum
2734 704 2829 775 qui
2878 712 3198 776 corruptam
3267 704 3551 761 hominum

295 805 549 850 naturam
587 810 618 849 a
649 792 1004 862 corruptione
1040 791 1359 848 vindicavit.

377 894 441 951 Ἦ
479 894 822 962 πανάμωμος
859 892 954 946 καὶ
999 892 1135 961 μόνη
1177 891 1456 967 ἀγιωτέρα
1502 892 1615 946 τῶν
1666 893 1875 963 Χερου-

296 986 396 1055 ϐὶμ
421 988 676 1053 φανεῖσα,
715 985 812 1047 τὰς
837 983 1015 1054 ψυχὰς
1065 983 1225 1055 ἡμῶν
1277 984 1452 1037 σῶσον
1492 983 1674 1055 πάσης
1715 1001 1875 1056 περι-

297 1077 567 1141 στάσεως,
602 1075 712 1129 τῶν
750 1075 931 1129 πίστει
963 1076 1282 1147 ὑμνούντων
1312 1091 1395 1142 σε,
1426 1075 1690 1147 άχραντε,
1722 1076 1876 1145 Παρ-

297 1170 419 1225 θένε
452 1169 750 1241 θεόνυμφι.

365 1288 652 1343 Θάλασσαν
675 1285 1075 1365 σπαργανώσας
1104 1284 1305 1357 ὁμίχλῃ
1332 1284 1640 1357 βουλήματι
1666 1301 1878 1354 κυοφο-

301 1383 477 1454 ρεῖται
504 1382 534 1433 ό
565 1381 807 1452 Κτίστης
842 1383 909 1434 ἐκ
937 1379 1232 1451 παρθένου,
1261 1380 1423 1451 κόρη,
1471 1378 1876 1450 ὰπειρογάμου,

295 1474 484 1545 ὥσπερ
513 1475 733 1547 βρέφος,
765 1474 863 1529 καὶ
892 1474 1229 1545 σπαργάνοις
1260 1472 1520 1547 ἀρρήτως
1551 1473 1880 1528 εἱλίσσεται.

365 1669 613 1744 Παρθένε
646 1670 781 1744 μόνη
829 1670 906 1734 ὡς
938 1668 1190 1742 καθαράν
1219 1685 1281 1724 σε
1332 1667 1663 1740 ἀδιάφθορον
1704 1667 1881 1736 Λόγος

291 1768 540 1839 καθαρὸς
570 1767 851 1836 ήγάπησε,
876 1765 972 1819 καὶ
997 1766 1062 1817 ὲκ
1092 1763 1187 1817 σοῦ
1237 1760 1590 1826 άνεπλάσατο
1641 1760 1879 1830 σαρκού-

2046 889 2091 948 Ο
2119 893 2655 956 immaculatissima,
2694 908 2815 963 qua:
2845 892 2959 949 sola
2991 890 3233 948 sanctior
3255 888 3555 947 Cherubim

1977 986 2309 1056 apparuisti,
2343 985 2495 1041 salva
2537 985 2752 1042 animas
2786 993 3005 1040 nostras
3034 984 3103 1038 ab
3142 984 3292 1038 omni
3320 982 3559 1037 circum-

1978 1076 2145 1131 stanti
2193 1076 2547 1143 adversitate,
2581 1075 2711 1131 dum
2762 1085 2814 1129 te
2858 1089 2983 1129 cum
3030 1072 3139 1129 ﬁde
3168 1071 3480 1135 laudamus,
3523 1084 3551 1123 (ν

1973 1168 2327 1223 immaculata
2352 1165 2540 1238 Virgo,
2578 1182 2777 1237 sponsa
2803 1164 2919 1220 Dei.

2047 1278 2296 1343 Creator,
2334 1278 2428 1349 qui
2474 1279 2672 1335 nebula
2709 1288 2970 1348 tanquam
3034 1275 3207 1331 fascia
3251 1289 3402 1329 mare
3440 1274 3543 1329 cir-

1975 1370 2223 1436 cumdat,
2289 1386 2389 1426 sua
2434 1370 2717 1425 voluntate
2755 1386 2821 1423 ex
2864 1368 3043 1440 puella
3103 1366 3328 1437 Virgine
3396 1368 3549 1420 innu-

1975 1472 2067 1535 pta
2116 1462 2358 1533 gignitur
2389 1472 2653 1532 tanquam
2680 1459 2885 1527 infans,
2915 1472 2970 1517 et
2999 1458 3192 1515 fasciis
3226 1458 3390 1513 modo
3427 1456 3566 1514 inel-

1975 1555 2126 1610 l'abili
2164 1557 2639 1612 circumvolvitur.

2046 1670 2091 1728 0
2119 1668 2287 1743 Virgo
2324 1672 2509 1741 unica,
2554 1679 2608 1727 te
2641 1679 2830 1741 utpote
2860 1684 3052 1741 puram
3092 1683 3148 1726 et
3177 1669 3553 1739 incorruptam

1975 1763 2219 1820 Verbum
2264 1764 2396 1819 illud
2430 1779 2628 1833 purum
2665 1763 2882 1829 dilexit,
2909 1774 2963 1819 et
2990 1778 3056 1817 ex
3092 1774 3144 1817 te
3187 1764 3563 1824 incarnatum.

295 1876 478 1931 μενος,
540 1858 703 1931 κόρη,
748 1858 844 1912 τὸν
907 1858 1218 1929 ἄνθρωπον,
1264 1858 1292 1911 ό
1351 1857 1607 1929 Μαρίνην
1645 1853 1869 1921 δοξάσας

1979 1854 2253 1910 hominem
2314 1854 2670 1923 reformavit;
2730 1855 2877 1927 quod
2945 1852 3215 1909 Marinam
3278 1852 3558 1909 miraculis

293 1952 407 2012 τοῖς
439 1948 701 2018 θαύμασι.

369 2059 579 2129 Ὠφθης
633 2058 917 2131 ύπερτέρα
970 2056 1219 2129 οὐρανῶν
1267 2054 1405 2110 Θεὸν
1452 2052 1707 2127 οὐράνιον
1739 2052 1877 2106 ἀπο-

294 2152 546 2221 κυήσασα
593 2152 685 2205 τὸν
710 2151 1123 2223 ούρανώσαντα,
1170 2150 1437 2218 πάναγνε,
1472 2144 1723 2216 γηγενῶν
1754 2145 1877 2199 ὅλον

294 2244 357 2311 τὸ
404 2242 654 2313 φύραμα,
704 2243 801 2298 καὶ
841 2243 942 2314 τῆς
974 2243 1228 2316 Μαρὶνης
1254 2242 1354 2313 τὴν
1404 2239 1609 2310 σεπτὴν
1649 2236 1874 2311 μνήμην

298 2336 685 2409 φαιδρύναντα,
794 2335 1029 2409 βοῶμεν·
1064 2335 1253 2392 Πάντα
1281 2335 1352 2390 τὰ
1373 2332 1512 2405 ἔργα
1538 2332 1761 2402 ὑμνεῖτε
1778 2330 1871 2383 τὸν

294 2429 521 2501 Κύριον.

362 2542 481 2606 Φῶς
528 2543 661 2615 ήμῖν
696 2540 975 2606 ἀνέτειλας
1008 2540 1221 2613 μήτρας
1262 2538 1324 2606 ἐξ
1349 2536 1721 2609 άπειράνδρου
1750 2552 1867 2600 σου,

295 2636 562 2705 Παρθένε,
603 2640 637 2710 ἢ
687 2640 809 2703 ταῖς
842 2635 1183 2708 φυκτωρίαις
1229 2633 1438 2697 ἐνθέοις
1469 2628 1873 2701 καταυγασθεϊ-

294 2742 363 2780 σα
390 2728 505 2795 φῶς
555 2730 950 2801 ἐχρημάτισεν,
980 2729 1013 2798 ή
1046 2726 1147 2799 τῆς
1181 2726 1357 2798 χαρᾶς
1400 2725 1711 2795 ἐπώνυμος,
1743 2720 1872 2774 Θεο-

293 2820 498 2893 κυῆτορ
525 2808 986 2893 Μητροπάρθενε.

304 2930 406 2986 Ἐκ
433 2931 543 2987 τοῦ
601 2932 874 2998 Κανόνας
927 2933 1016 3002 είς
1060 2930 1170 3002 τὸν
1196 2930 1371 3002 ἅγιον
1394 2928 1668 3002 μάρτυρα
1714 2928 1875 2998 Alm-

784 3001 1029 3070 λιανὸν,
1059 3001 1252 3073 ἡμέρᾲ
1283 3007 1375 3073 ιη’.

376 3116 550 3193 ’ἰσχύς
598 3136 722 3190 μου,
755 3119 852 3175 καὶ
882 3116 1139 3189 ὕμνησις,
1172 3118 1266 3171 καὶ
1291 3114 1570 3186 φωτισμδς
1600 3115 1702 3184 τῆς
1731 3129 1870 3182 καρ-

1977 1947 2328 2020 gloriﬁcavit.

2047 2055 2224 2110 Altior
2247 2056 2404 2112 caelis
2438 2054 2743 2127 apparuisti
2774 2053 2947 2110 Deum
2982 2054 3267 2111 caelestem
3306 2052 3490 2119 enixa,
3524 2066 3552 2106 (ι

1978 2154 2315 2219 castissima,
2343 2155 2441 2226 qui
2471 2153 2782 2211 cmlilicavit
2822 2152 3140 2208 universam
3177 2166 3420 2207 massam
3450 2162 3549 2206 ter-

1980 2251 2318 2319 rigenarum,
2360 2264 2426 2305 ac
2455 2247 2825 2303 venerandam
2872 2245 3097 2301 Marium
3130 2244 3450 2302 memoriam
3492 2245 3550 2299 il-

1981 2342 2269 2407 lustravit;
2295 2341 2360 2395 ad
2388 2355 2553 2412 quem
2594 2340 2943 2396 clamamus:
2976 2335 3175 2395 Omnia
3214 2351 3405 2410 opera,
3435 2337 3552 2393 lau-

1978 2432 2104 2491 date
2136 2432 2454 2489 Dominum.

2048 2552 2252 2607 Lucem
2282 2551 2443 2607 nobis
2476 2549 2609 2605 oriri
2648 2546 2823 2605 fecisti
2860 2562 2927 2603 ex
2965 2546 3227 2602 inviolato
3252 2553 3412 2600 utero
3442 2554 3558 2608 tuo,

1975 2660 2011 2701 ο
2051 2642 2238 2716 Virgo,
2280 2645 2373 2715 qui
2424 2642 2814 2714 splendoribus
2860 2638 3065 2697 divinis
3090 2640 3436 2709 illustratus,
3466 2637 3551 2694 lux

1974 2738 2180 2803 evasit,
2226 2754 2261 2793 ο
2303 2737 2396 2791 Dei
2438 2735 2694 2807 genitrix,
2728 2734 2901 2791 Mater
2935 2734 3110 2805 virgo,
3142 2733 3305 2804 cujus
3353 2746 3554 2789 nomen

1974 2838 2197 2886 resonat
2227 2827 2494 2883 laetitiam.

1978 2940 2139 3013 146
2184 2939 2266 2998 Ea:
2315 2939 2529 3004 Catiane
2573 2938 2627 2992 in
2661 2936 2893 3064 Sesto1
2934 2936 3224 2991 ,λε’ιηίίὶαηὶ
3273 2937 3550 3008 martyris,

2701 3026 2744 3063 re
2862 3048 2875 3061 .

2701 3026 2744 3063 l8
2787 3026 2875 3063 ιδ.

2044 3124 2334 3181 Fortitudo
2365 3140 2507 3191 mea,
2550 3134 2604 3177 et
2654 3122 2777 3177 laus
2822 3136 2963 3185 mea,
3008 3119 3343 3175 illuminatio
3372 3120 3547 3175 cordis

288 3209 405 3275 δίας
453 3228 556 3281 μου
598 3212 858 3284 ὑπάρχει,
889 3209 1231 3280 πανάμωμε,
1281 3207 1517 3297 Χριστὸς
1553 3208 1582 3259 ό
1632 3202 1862 3275 Κύριος.

1975 3222 2079 3277 mei
2131 3230 2217 3277 est
2274 3218 2527 3274 Cluistus
2597 3217 2881 3283 Dominus,
2945 3231 3107 3287 quem
3176 3214 3462 3286 peperisti,
3521 3235 3552 3274 ο

289 3303 350 3359 ὃν
382 3304 622 3375 ὲκύησας
650 3305 709 3359 ἐν
744 3305 839 3359 δύο
878 3305 1003 3366 ταῖς
1050 3302 1281 3369 οὐσίαις,
1335 3290 1435 3373 μιᾷ
1479 3296 1780 3352 ὑποστάσει
1810 3294 1868 3348 δὲ

290 3395 557 3451 κατανοού
565 3412 748 3467 μενον.

360 3488 577 3556 Νόμους
606 3489 744 3555 τοὺςξ
796 3487 900 3559 τῆς
952 3486 1168 3557 φύσεως
1204 3483 1446 3540 λαθοῦσα
1483 3484 1541 3538 ἐν
1587 3482 1667 3554 τῷ
1727 3481 1869 3552 ὑπὲρ

290 3577 454 3647 φύσιν
484 3578 712 3650 τοκετῷ,
779 3579 1056 3650 παρθένος
1098 3577 1239 3650 μετὰ
1280 3579 1559 3648 γέννησιν,
1593 3574 1873 3645 Παρθενο-

294 3672 504 3743 μῆτορ,ξ
553 3672 795 3743 ἔμειναςο
848 3671 941 3725 τὸν
989 3670 1371 3741 Πλαστουργὸν
1410 3668 1543 3741 γὰρ,
1595 3668 1859 3740 άχραντε,

290 3765 518 3837 ἀπάσης
546 3764 780 3831 κτίσεως
800 3765 1052 3830 τέτοκας.

372 3858 739 3929 ’Δγιάσματός
773 3876 833 3912 σε
858 3859 1023 3912 τόπον
1048 3854 1145 3910 τοῦ
1182 3857 1330 3928 ήμᾶς
1353 3855 1705 3924 ἁγιάσαντος,
1729 3870 1868 3907 πανε-

286 3948 419 4017 αγία
453 3950 612 4022 κόρη,
650 3951 823 4021 μόνην
884 3948 1204 4021 εὑρεθεῖσαν
1250 3946 1569 4017 δοξάζομεν,
1600 3946 1666 4001 δι’
1718 3941 1781 4001 οὗ
1814 3945 1865 3999 οἱ

286 4046 391 4115 γῆν
423 4045 805 4110 κατοικοῦντες
831 4043 1242 4116 ούρανώθησαν,
1268 4040 1366 4095 καὶ
1416 4039 1564 4111 ζωῆς
1603 4038 1866 4113 ἀληθινῆς

288 4136 620 4211 ἠξιώθησαν.

372 4230 646 4301 Ῥομφαίᾳ
688 4231 971 4303 τρωθέντα
1004 4248 1073 4303 με
1101 4230 1202 4301 τῆς
1254 4226 1530 4299 ἁμαρτίας
1580 4224 1733 4279 ἴασαι
1786 4224 1867 4297 τῷ

288 4319 714 4392 δραστικωτάτῳ
746 4338 839 4374 σου
864 4323 1164 4393 φαρμάκῳ,
1191 4322 1225 4392 ή
1247 4320 1339 4373 τὸν
1370 4318 1859 4390 Σωτῆραχριστδν

290 4412 564 4483 κυήσασα,
593 4412 762 4485 λόγχῃ
786 4415 878 4467 τὸν
909 4415 1191 4487 τρωθέντα
1230 4414 1297 4468 δι’
1332 4412 1455 4482 ἐμὲ,
1483 4411 1743 4484 ἇχραντε,
1768 4412 1865 4466 καὶ

289 4504 574 4574 τρώσαντα
605 4504 705 4576 τήν
731 4508 960 4576 καρδίαν
980 4506 1076 4561 τοῦ
1103 4507 1304 4577 ὄφεως.

1980 3330 2195 3371 summe
2220 3312 2451 3376 illibata,
2484 3312 2577 3381 qui
2608 3311 2931 3381 intelligitur
2966 3310 3022 3365 in
3054 3308 3268 3365 duabus
3301 3307 3556 3365 substan-

1978 3408 2091 3473 tiis,
2123 3421 2233 3465 una
2266 3415 2449 3461 autem
2478 3403 2782 3477 hypnstasi.

2048 3499 2272 3556 Natura:
2306 3499 2458 3570 leges
2488 3498 2750 3566 ignorans
2778 3498 2831 3550 in
2870 3504 3027 3566 partu
3060 3504 3171 3559 luo,
3198 3494 3291 3563 qui
3334 3490 3435 3546 fuit
3464 3507 3545 3547 sui

1975 3608 2072 3665 pra
2122 3604 2398 3657 naturam,
2446 3605 2481 3646 o
2526 3590 2692 3656 Virgo
2733 3587 2937 3652 Mater,
2977 3599 3097 3657 post
3129 3594 3341 3655 partum
3387 3581 3555 3655 Virgo

1975 3683 2326 3757 permansisti
2362 3701 2375 3737 :
2411 3682 2657 3738 omnium
2691 3681 2838 3735 enim
2879 3689 3257 3735 creaturarum
3288 3676 3545 3732 Condito~

1976 3792 2117 3845 rem,
2143 3792 2177 3833 ο
2205 3776 2490 3839 inviolata,
2518 3771 2803 3843 peperisti.

2045 3870 2141 3937 Te,
2177 3885 2297 3941 quae
2342 3868 2457 3924 sola
2510 3863 2966 3922 sanctilicationis
3015 3860 3412 3920 sanctiﬁcantis
3450 3876 3544 3915 nos

1974 3961 2131 4017 locus
2155 3976 2277 4017 esse
2301 3960 2522 4015 inventa
2560 3957 2730 4024 luisti,
2766 3972 2798 4012 ο
2829 3954 3007 4025 puella
3042 3963 3153 4009 tota
3190 3961 3401 4015 sancta,
3439 3950 3543 4019 glo-

1975 4056 2295 4120 rilicamus;
2350 4068 2445 4124 per
2485 4068 2667 4122 quem,
2717 4061 2916 4106 terram
2962 4047 3351 4111 inhabitantes,
3391 4046 3543 4101 cmic-

1974 4160 2087 4205 stes
2116 4148 2244 4203 lacti
2284 4155 2436 4209 sunt,
2465 4160 2703 4215 veraque
2732 4146 2844 4198 vita
2885 4143 3035 4212 digni
3073 4140 3269 4199 redditi
3297 4148 3446 4194 sunt.

2044 4239 2127 4295 Me
2170 4238 2383 4309 peccati
2426 4236 2608 4309 gladio
2651 4236 2998 4290 vulneratum
3045 4230 3252 4289 sanasti
3291 4228 3543 4286 ellicacis-

1973 4335 2113 4390 sima
2140 4332 2409 4387 medicina
2437 4340 2551 4390 tua,
2585 4344 2619 4383 o
2648 4327 3024 4389 immaculata,
3059 4339 3180 4395 qua:
3207 4321 3545 4378 Salvatorem

1971 4426 2256 4483 Christum
2292 4421 2571 4495 peperisti,
2605 4420 2699 4491 qui
2746 4426 2968 4491 propter
3002 4433 3089 4473 me
3130 4417 3323 4473 lancea
3354 4415 3540 4471 vulne-

1975 4530 2147 4582 ratus,
2173 4533 2267 4573 cor
2285 4515 2555 4586 serpentis
2580 4514 2699 4584 ipse
2726 4509 3054 4567 vulneravit.

361 4594 475 4648 Εὒα
511 4593 611 4664 μὲν
654 4596 925 4666 ἐτρύγησε
955 4598 1048 4651 τοῦ
1090 4596 1251 4664 ξύλου
1304 4600 1520 4673 καρπὸν
1559 4599 1865 4671 θανατηφό-

2044 4610 2156 4665 Eva
2189 4607 2413 4680 quidem
2446 4602 2721 4674 decerpsit
2771 4603 3013 4657 fructum
3059 4600 3272 4656 arboris
3305 4598 3543 4655 mortife-

290 4704 385 4760 ρον
405 4704 420 4719 ·
453 4687 518 4741 σὺ
544 4687 623 4755 δὲ,
647 4687 916 4757 πάναγνε,
947 4688 1096 4759 ζωῆς
1126 4690 1187 4743 τδ
1219 4691 1375 4756 ξύλον
1403 4694 1785 4764 καρπγονεῖς,
1807 4681 1870 4745 οὗ

289 4781 324 4853 ή
356 4779 542 4851 γεῦσις
572 4779 823 4846 ἅπαντας
847 4782 969 4847 τοὺς
1012 4782 1274 4847 θανόντας
1304 4781 1645 4849 ἀνεζώωσεν.

358 4973 1003 5051 Κυριὼνυμεζθεόνυμφε,
1035 4974 1120 5038 τὸ,
1151 4975 1346 5045 Χαῖρε,
1376 4972 1462 5028 σοὶ
1491 4973 1674 5027 πίστει
1697 4989 1871 5044 κραυ-

288 5072 549 5145 γάζομενο
586 5071 681 5126 καὶ
703 5070 811 5143 γὰρ
840 5069 1080 5142 ὲκύησας
1116 5067 1293 5142 χαράν
1330 5066 1698 5138 ἀνεκλάλητον
1727 5067 1867 5138 Χρι-

291 5163 415 5218 στδν
435 5162 526 5218 τὸν
571 5163 802 5235 Κύριον,
836 5154 882 5231 ᾧ
914 5162 1326 5234 κραυγάζομεν’
1391 5159 1452 5214 Ὀ
1474 5158 1582 5215 τῶν
1608 5158 1868 5232 Πατέρων

291 5258 495 5329 Κύριος
527 5259 623 5313 καὶ
658 5257 791 5322 Θεὸς
818 5256 1110 5328 εὐλογητὸς
1151 5250 1225 5310 εἴ.

363 5351 603 5418 Σταγόνα
627 5368 716 5422 μοι
735 5350 1011 5423 ὅμῦρησον
1042 5349 1247 5415 ἐλέους,
1280 5350 1465 5422 ’πηγὴν
1498 5346 1593 5402 τοῦ
1617 5346 1802 5411 ἐλέους
1832 5348 1867 5420 ή

296 5441 566 5511 κυήσασα,
595 5441 808 5512 καὶτῆς
830 5443 1109 5515 ἁμαρτίας
1129 5460 1228 5513 μου
1257 5441 1491 5514 ξήρανον
1508 5439 1687 5513 όμὸρή
1697 5456 1861 5511 ματα,

296 5532 391 5588 καὶ
412 5534 508 5603 τῆς
536 5534 714 5605 ψυχῆς
737 5552 837 5606 μου
859 5538 1099 5605 πράῡνον
1129 5538 1296 5609 ἄγρια
1327 5535 1572 5608 κύματα,
1616 5532 1861 5607 Παρθένε

293 5626 521 5681 Θεοτόκε
552 5626 761 5699 Μαρία,
780 5627 867 5682 ἵνα
900 5646 959 5682 σε
986 5629 1195 5698 δοξάζω
1229 5632 1309 5694 είς
1338 5630 1542 5695 πάντας
1570 5631 1696 5691 τοὺς
1728 5628 1861 5681 αἰῶ-

291 5739 407 5784 νας.

360 5814 505 5869 Φωτί
535 5832 603 5886 με
650 5812 997 5882 καταύγασον
1038 5813 1115 5886 τῷ
1145 5815 1244 5887 σῷ,
1281 5813 1623 5887 πινύμνητε,
1680 5815 1772 5867 τὸν
1798 5816 1859 5869 ἐν

290 5907 473 5961 σκύτει
506 5905 893 5976 πορευόμενον·
942 5902 1084 5956 δίδου
1127 5923 1215 5973 μοι
1275 5908 1430 5976 χεῖρα
1490 5904 1758 5977 βοηθείας·
1793 5910 1860 5962 τά

1978 4718 2137 4760 rum:
2167 4710 2223 4757 tu
2254 4708 2461 4764 autem,
2490 4713 2525 4753 ο
2548 4694 2879 4756 castissima,
2920 4695 3044 4749 vitae
3074 4694 3325 4749 arborem
3358 4691 3554 4747 fructi-

1977 4793 2177 4859 llcasti,
2238 4789 2399 4861 cujus
2454 4800 2648 4858 gustus
2700 4800 2917 4853 omnes,
2971 4785 3065 4855 qui
3121 4786 3325 4841 mortui
3371 4792 3549 4849 erant,

1972 4884 2292 4942 viviﬂravit.

2043 4982 2086 5033 0
2135 4977 2230 5034 Dei
2280 4992 2505 5048 sponsa,
2551 4976 2857 5033 dominanti
2904 4973 3132 5031 nomine
3175 4980 3391 5039 ornata,
3425 4969 3549 5035 tibi,

1972 5089 2096 5129 cum
2125 5074 2229 5129 iide
2252 5073 2580 5135 clamamus,
2607 5070 2797 5128 Gaude
2818 5089 2833 5132 ;
2858 5069 3059 5126 etenim
3084 5067 3345 5140 gaudium
3369 5064 3555 5122 ineﬂa-

1968 5166 2079 5222 bile
2108 5166 2389 5222 Christum
2416 5164 2709 5221 Dominum
2738 5163 3022 5235 peperisti,
3057 5163 3121 5217 ad
3152 5175 3314 5231 quem
3347 5158 3543 5215 vocife-

1970 5275 2156 5315 ramur
2187 5279 2199 5315 :
2250 5261 2473 5317 Patrum
2506 5258 2672 5324 Deus,
2710 5267 2765 5313 et
2798 5258 3060 5313 Dominus
3099 5252 3420 5311 benedictus
3458 5268 3544 5310 es.

2040 5352 2244 5424 Deplue
2274 5368 2440 5423 super
2468 5369 2554 5408 me
2598 5352 2801 5408 stillam
2843 5350 3262 5414 misericordia,
3305 5355 3384 5415 tu,
3423 5362 3541 5415 qua

1969 5444 2366 5499 misericordia:
2399 5442 2605 5497 fontem
2638 5441 2927 5511 peperisti;
2961 5440 3283 5511 peccatique
3312 5438 3417 5493 mei
3443 5440 3543 5493 im-

1966 5537 2093 5592 bres
2122 5536 2362 5601 exsicca,
2412 5551 2476 5591 ac
2512 5535 2720 5591 feroces
2753 5534 2949 5588 anima:
2994 5548 3128 5587 meae
3162 5531 3361 5586 ﬂuctus
3387 5540 3541 5584 tran-

1965 5628 2153 5698 quilla,
2181 5644 2214 5681 ο
2253 5626 2414 5699 Virgo
2448 5625 2680 5699 Deipara
2717 5624 2910 5691 Maria,
2948 5634 3006 5679 ut
3040 5633 3092 5680 te
3136 5627 3188 5679 in
3221 5623 3405 5678 omnia
3436 5639 3542 5679 sae-

1971 5722 2092 5775 cula
2124 5721 2450 5791 gloriﬁcent.

2040 5818 2254 5873 lllustra
2306 5834 2390 5873 me
2419 5818 2539 5874 lucc
2569 5828 2659 5873 tua
2689 5818 2741 5874 in
2787 5819 3027 5873 tenebris
3069 5815 3465 5880 ambulartem,
3509 5828 3542 5868 ο

1965 5912 2116 5967 omni
2172 5910 2329 5968 laude
2382 5912 2697 5975 dignissima
2757 5931 2769 5968 :
2825 5910 3037 5971 oorriue
3104 5907 3236 5963 mihi
3316 5921 3541 5963 manum
