4078 6294
208 470 347 540 115⁸1

1678 459 2047 522 MARIALE.

3348 464 3496 533 1158'

282 581 352 635 Σὲ
397 577 461 634 τδ
497 576 734 651 τερπνὸν
759 574 1025 631 παλάτιον
1071 574 1171 630 καὶ
1214 572 1444 647 φαιδρὸν
1478 572 1803 645 ἐνδιαίτημα

1980 572 2060 627 'l‘e
2085 572 2393 641 jucundum
2428 572 2722 643 palatium,
2755 582 2812 631 et
2858 574 3207 647 splendidum
3251 579 3482 637 domici-

209 671 310 728 τοῦ
365 670 785 744 παμϐασιλέως,
845 669 1091 736 παναγία
1136 667 1428 733 Δέσποινα,
1492 666 1794 737 ὕμνοῦμεν,

210 762 485 834 δεόμενοι,
517 759 683 822 ναοὺς
716 759 884 829 ⁵ἡμᾶς·
920 756 1201 822 ἀνάδειξον
1220 756 1318 810 τοῦ
1347 758 1411 809 ὲκ
1447 756 1545 810 σοῦ
1573 756 1799 829 τεχθέν-

208 868 327 916 τος,
384 847 845 920 καθαρεύσαντας
892 845 1074 917 πάσης
1116 844 1319 907 κακίας
1367 843 1644 907 ἐναντίας,
1705 844 1800 898 καὶ

214 945 458 1013 βοῶντας
487 940 809 1006 ἀπαύστως·
851 938 1020 1005 Δαδς,
1051 935 1398 1009 ὑπερυψοῦτε
1438 937 1677 1009 Χριστὸν
1717 939 1799 1001 εἰς

214 1034 341 1095 τοὺς
373 1033 599 1098 αἰῶνας.

289 1124 496 1178 θεῖσαι·
535 1141 661 1195 μου.
709 1124 919 1197 Σῶτερ,
950 1125 980 1177 ό
1017 1121 1238 1195 τεχθεὶς
1277 1125 1378 1177 καὶ
1416 1120 1666 1192 φυλάξας
1695 1120 1798 1189 τὴν

216 1213 486 1270 τεκοῦσάν
515 1233 575 1268 σε
608 1217 848 1289 ἄφθορον
882 1217 1023 1287 μετά
1053 1216 1154 1289 τὴν
1185 1213 1385 1286 κύησιν
1424 1216 1553 1268 ὅταν
1568 1211 1799 1284 καθίσῃς

219 1310 409 1381 κρῖναι
438 1308 506 1362 τά
532 1308 845 1379 σύμπαντα,
871 1310 969 1375 τὰς
1007 1309 1240 1381 ἀνομίας
1272 1308 1535 1379 παρορῶν
1578 1308 1675 1360 καὶ
1698 1309 1798 1369 τὰς

219 1400 499 1473 ἁμαρτίας
531 1417 657 1471 μου,
694 1402 770 1466 ὡς
797 1403 1187 1476 ἀναμάρτητος
1230 1399 1512 1471 ἐλεήμων,
1559 1397 1635 1464 ὡς
1663 1397 1799 1460 Θεὸς

222 1492 323 1548 καὶ
352 1490 751 1564 φιλάνθρωπος.

234 1696 340 1752 Ἕκ
385 1693 494 1751 τοῦ
533 1695 811 1766 ΚικινιόνοςΔ
838 1698 924 1763 εις
954 1697 1097 1764 τοὺς
1142 1696 1356 1766 ἁγίους
1390 1693 1798 1766 ,ἀποστόλους

291 1770 632 1909 ᾕριὲχωροτ,
665 1764 986 1834 Νικάνορα,
1025 1764 1274 1837 Τίμωνα,
1302 1764 1405 1821 καὶ
1433 1766 1789 1836 Παρμήναν,

402 1853 484 1908 ρᾳ
511 1852 584 1908 κη
603 1876 620 1892 .

402 1853 484 1908 ipp
511 1852 620 1908 κη’.

1907 666 2041 720 lium
2066 667 2312 719 omnium
2343 666 2525 737 Regis,
2559 685 2593 722 ο
2623 669 2971 726 sanctissima
3003 671 3260 739 Domina,
3292 674 3482 730 lauda-

1902 770 2047 821 mus,
2089 757 2464 820 obsecrantes,
2501 766 2562 811 ut
2591 757 2794 814 ellicias
2829 776 2930 815 nos
2973 764 3175 834 templa
3210 762 3338 821 Filii
3378 766 3482 833 tui,

1904 852 2169 916 purgatos
2198 843 2269 899 ab
2294 846 2443 899 omni
2473 849 2798 903 adversante
2829 850 3060 919 malitia,
3088 861 3142 906 et
3170 853 3509 913 incessabili.

1899 950 2036 991 voce
2063 935 2364 993 clamantes
2398 955 2413 992 :
2449 937 2664 1009 Populi,
2688 944 3096 1012 superexaltate
3111 943 3391 1001 Christum
3424 948 3481 1001 in

1901 1028 2122 1084 saecula.

1972 1119 2145 1175 Parce
2190 1121 2350 1187 mihi,
2386 1121 2638 1180 Salvator
2671 1125 2789 1196 (qui
2820 1136 3004 1193 natus,
3048 1129 3280 1185 servasti
3319 1129 3486 1186 Geni-

1898 1213 2090 1267 tricem
2120 1222 2268 1268 tuam
2303 1215 2677 1287 incorruptam
2710 1228 2833 1289 post
2859 1219 3122 1290 partum),
3155 1224 3375 1291 quando
3392 1238 3483 1279 se-

1899 1307 2055 1364 debis
2091 1309 2443 1379 iudicaturus
2487 1310 2646 1381 153
2692 1311 2983 1380 universa;
3018 1328 3125 1366 non
3182 1315 3485 1384 respiciens

1901 1401 2219 1471 iniquitates
2251 1418 2425 1469 meas,
2455 1413 2511 1457 et
2540 1413 2767 1473 peccata
2809 1418 2955 1470 mea,
2985 1413 3249 1476 tanquam
3282 1406 3488 1476 impec-

1898 1495 2117 1559 cabilis,
2162 1504 2215 1551 et
2267 1495 2622 1562 misericors;
2663 1506 2926 1567 tanquam
2975 1494 3144 1564 Deus,
3184 1510 3240 1553 et
3271 1507 3488 1553 amator

1899 1587 2186 1644 hominum

1902 1697 1988 1753 Ea:
2021 1698 2235 1755 Conone
2265 1702 2317 1754 in
2350 1700 2484 1770 [esto
2524 1698 2626 1756 SS.
2661 1700 3027 1771 apostolorum
3060 1704 3343 1770 Pro-chori,
3384 1703 3484 1759 Nic

2076 1772 2309 1838 canoris,
2353 1771 2612 1838 Timonis,
2654 1782 2705 1826 et
2743 1772 3045 1841 Parmenw,
3087 1775 3173 1829 die
3210 1774 3303 1830 28.

295 1952 524 2024 Πορεϊαι
555 1952 613 2006 αί
636 1950 732 2005 τοῦ
760 1950 920 2016 Θεοῦ,
945 1951 1278 2024 πανάμωμε,
1319 1955 1377 2007 ἐν
1414 1953 1498 2008 col
1523 1951 1801 2023 ἐγνώσθη-

1974 1945 2176 2000 Itinera
2208 1945 2304 2000 Dei
2338 1945 2480 2001 facta
2517 1946 2571 2001 in
2598 1956 2650 2001 te
2676 1948 2895 2019 cognita
2921 1959 3071 2015 sunt,
3098 1963 3131 2005 o
3158 1949 3483 2005 immacula-

221 2059 324 2097 σαν
353 2042 724 2114 γεγενημέναι
758 2041 895 2116 ξένῳ
924 2043 1133 2114 τοκετῷ
1150 2044 1468 2115 άσυγκρίτῳ
1486 2060 1545 2098 τε
1577 2043 1793 2097 subact-

218 2131 342 2188 ὃθεν
374 2133 450 2199 ῶς
474 2137 695 2190 πάντων
725 2134 1021 2189 δέσποιναν
1061 2135 1171 2191 τῶν
1202 2135 1528 2206 ποιημάτων
1554 2151 1615 2189 σε
1640 2136 1799 2200 δοξά-

220 2224 409 2296 ζομεν.
1329 2233 1333 2237 “

292 2317 636 2385 Σταλάζοντα
679 2318 1000 2390 γλυκασμδν
1051 2318 1149 2373 καὶ
1193 2316 1578 2386 ἀπολύτρωσιν
1610 2318 1800 2373 κακῶν

219 2410 450 2475 τέτοκας
478 2411 571 2465 τὸν
593 2411 800 2480 ἀγαθὸν
828 2410 1058 2483 Κύριον,
1098 2410 1336 2480 ᾶχραντε
1390 2408 1627 2480 παρθένε
1660 2425 1801 2463 παν-

222 2504 451 2576 άμωμε.

305 2598 724 2671 ’Δπειρογάμως
756 2600 997 2671 ἐκύησας
1024 2596 1158 2650 Θεὸν
1176 2596 1350 2666 Λόγον
1374 2595 1800 2665 σωματωθέντα,

222 2691 492 2761 πάναγνε,
540 2692 683 2763 ὑπὲρ
712 2692 840 2747 νοῦν
869 2693 964 2746 καὶ
1002 2692 1179 2760 λόγον’
1227 2691 1352 2745 ὅθεν
1381 2690 1709 2760 καταχρέως
1738 2707 1799 2743 σε

222 2784 504 2857 Παρθένον
529 2784 826 2855 δοξάζομεν
851 2785 944 2839 καὶ
983 2781 1335 2855 χρεωστικῶς
1372 2781 1776 2854 μακαρίζομεν.

306 3050 617 3123 ’Υμνοῦμέν
661 3068 723 3106 σε
767 3044 956 3125 δι’-,ἦς
1002 3049 1103 3120 τῆς
1137 3048 1345 3119 φθορᾶς
1396 3044 1804 3118 ὲλυτρώθημεν,

222 3146 536 3217 πανάμωμε
555 3186 572 3209 ,
601 3144 697 3199 τοῦ
735 3143 954 3207 ἀδύτου,
1006 3143 1101 3196 καὶ
1141 3141 1245 3212 τῆς
1277 3144 1407 3211 πρὶν
1436 3139 1809 3211 τυραννούαης

223 3236 426 3302 κακίας
455 3234 550 3290 τοῦ
583 3236 910 3305 ἀλάστορος.

1903 2039 2144 2105 lissima,
2212 2053 2311 2109 per
2372 2047 2589 2110 partum
2652 2048 2809 2094 tuum
2877 2042 3252 2111 peregrinum,
3319 2051 3483 2112 atque

1906 2133 2166 2186 unionem
2199 2132 2727 2203 incomparabilem:
2764 2134 2910 2189 unde
2939 2144 3199 2203 tanquam
3236 2136 3481 2190 omnium

1901 2232 2284 2279 creaturarum
2309 2222 2595 2278 Dominam
2629 2235 2679 2279 te
2713 2223 3105 2295 gloriﬁcamus.

1972 2314 2187 2371 Bonum
2240 2316 2535 2371 Dominum
2580 2315 2879 2371 stillantem
2911 2316 3279 2381 dulcedinem,
3308 2327 3363 2371 et
3396 2332 3484 2371 re-

1903 2407 2278 2479 demptiouem
2305 2423 2336 2462 a
2374 2408 2558 2475 malis,
2615 2409 2899 2479 peperisti,
2926 2424 2959 2463 ο
2992 2410 3258 2464 inviolata
3294 2407 3482 2479 Virgo,

1903 2517 2097 2558 carens
2124 2501 2272 2556 omni
2304 2502 2540 2557 macula.

1977 2592 2110 2648 Sine
2139 2592 2242 2647 viri
2271 2593 2465 2663 copula
2506 2592 2767 2663 peperisti
2812 2590 2984 2647 Deum
3022 2590 3257 2647 Verbum
3289 2606 3486 2663 corpo-

1904 2696 2110 2754 ratum,
2155 2686 2551 2751 ocastissima,
2605 2701 2770 2756 supra
2815 2700 3034 2741 omnem
3083 2686 3233 2739 verbi
3277 2689 3484 2757 cogita-

1910 2781 2186 2850 tionisque
2263 2781 2847 2851 comprehensionem;
2932 2776 3075 2835 unde
3138 2793 3240 2848 pro
3302 2779 3488 2835 debito

1907 2881 1961 2929 te
1993 2872 2273 2943 Virginem
2325 2874 2723 2945 glorilicamus,
2765 2889 2828 2929 ac
2872 2872 2995 2943 jure
3040 2873 3256 2927 beatam
3301 2874 3484 2942 appel-

1909 2962 2105 3019 lamus.

1981 3055 2295 3112 Laudamus
2328 3067 2397 3123 te,
2422 3073 2455 3112 ο
2487 3059 2655 3115 libera
2681 3060 2749 3114 ab
2777 3060 2926 3114 omni
2961 3058 3104 3125 labe,
3140 3076 3236 3129 per
3260 3077 3425 3133 quam
3451 3076 3483 3116 a

1911 3150 2264 3218 corruptione
2289 3150 2556 3213 barathri,
2590 3162 2643 3205 et
2669 3168 2697 3204 a
2732 3151 2935 3205 malitia
2965 3152 3161 3217 hostis,
3190 3168 3300 3224 qua
3330 3154 3488 3224 prius

1915 3242 2196 3313 tyrannice
2228 3246 2634 3311 premebamur,
2674 3242 2886 3300 liberati
2921 3259 3133 3299 sumus.

295 3292 494 3392 Τάξεις
552 3341 611 3377 σε
669 3292 979 3394 ἀσωμάτων
1024 3323 1277 3392 ἀγγέλων
1327 3321 1669 3395 γεραίρουσι,
1711 3321 1804 3375 καὶ

2230 3292 2277 3311 Γ
2674 3292 2885 3300 ______-
2921 3292 3133 3299 ___--_--

1982 3330 2437 3403 lncorporeorum
2483 3335 2809 3406 angelorum
2858 3336 3004 3389 acies
3044 3344 3098 3391 te
3126 3345 3485 3402 venerantur,

224 3418 543 3473 ἀποστόλων
568 3417 798 3487 χορεῖαι,
823 3416 917 3468 καὶ
938 3413 1236 3485 μαρτύρων
1254 3414 1443 3484 δῆμοι,
1469 3411 1804 3487 Θεοκυῆτορ·

223 3507 318 3606 τὲν
348 3506 457 3577 γάρ
488 3507 708 3559 πάντων
740 3504 976 3558 Βασιλέα
1008 3506 1308 3577 ἀφράστως
1334 3503 1598 3576 ὲκύησας.

296 3690 457 3761 Λόγῳ
485 3692 576 3746 τὸν
598 3691 774 3761 Λόγον
805 3692 898 3745 τὸν
930 3690 1024 3746 τοῦ
1061 3692 1301 3764 Πατρδς,
1335 3693 1510 3765 κόρη,
1539 3694 1769 3759 τέτοκας
1789 3735 1806 3761 ,

226 3783 371 3857 λόγῳ
395 3783 625 3857 οὐρανὸν
657 3785 967 3855 ποιήσαντα
1002 3785 1100 3836 καὶ
1126 3784 1226 3854 τὴν
1266 3784 1395 3854 γῆν.
1434 3784 1530 3839 καὶ
1566 3782 1813 3850 δοξάζεις

227 3873 435 3941 τοῦτον,
470 3878 778 3946 πανάμωμε
805 3916 819 3939 ,
854 3875 1018 3945 λόγον
1048 3874 1366 3947 παρέχοντα
1392 3878 1507 3941 τοῖς
1551 3876 1813 3947 καθαρῶς

225 3969 377 4040 αὐτῷ
403 3968 500 4023 νῦν
530 3969 902 4024 πιστεύουσιν.

311 4062 442 4115 Ἰδοὺ
469 4061 751 4133 θεηγόρων
777 4062 835 4116 αἱ
870 4062 1053 4132 φωναὶ
1089 4061 1267 4135 πέρας
1297 4062 1571 4132 ἐδέξαντο,
1612 4064 1812 4120 ἀποτε-

227 4153 431 4227 κούσης
463 4154 557 4208 σοῦ
584 4154 674 4208 τὸν
708 4155 1035 4227 ὑπερούσιον
1068 4156 1299 4228 Κύριον,
1335 4156 1429 4210 ὑπ’
1463 4158 1693 4212 ἐκείνων
1718 4156 1813 4210 τὸν

230 4247 578 4316 δηλούμενον,
609 4251 689 4310 εἰς
726 4250 1001 4319 σωτηρίαν
1028 4249 1141 4301 τῶν
1178 4248 1405 4318 πιστῶν,
1423 4250 1809 4320 θεοχαρίτωτε,

229 4354 339 4388 των
378 4336 650 4406 βοώντων·
684 4340 871 4394 Πάντα
899 4342 967 4393 τὰ
990 4340 1131 4412 ἔργα
1145 4342 1381 4415 Κυρίου,
1413 4341 1689 4410 εὐλογεῖτε
1721 4339 1814 4395 τὸν

229 4429 459 4501 Κύριον.

304 4523 491 4590 ωνήν
523 4540 605 4577 σοι
636 4525 871 4593 βοῶμεν,
907 4527 1177 4595 Παρθένε,
1206 4528 1521 4599 περιχαρῶς
1546 4528 1641 4582 τοῦ
1674 4529 1813 4599 ἀρχα

1912 3440 1947 3482 o
2003 3425 2365 3497 Deigenitrix,
2416 3442 2527 3483 una
2576 3443 2705 3484 cum
2748 3428 3125 3499 apostolorum
3176 3430 3368 3492 choro,
3423 3444 3490 3483 ac

1912 3531 2213 3591 martyrum
2247 3520 2408 3576 turba
2452 3537 2468 3576 :
2503 3522 2755 3578 omnium
2787 3521 2993 3593 quippe
3030 3536 3211 3591 regem
3241 3520 3493 3575 ineﬂ'abi-

1912 3615 2038 3670 liter
2069 3611 2353 3685 peperisti.

1987 3705 2091 3762 Per
2123 3706 2349 3761 verbum
2384 3704 2641 3774 peperisti
2689 3702 2928 3760 Verbum
2972 3703 3174 3771 Patris,
3204 3718 3239 3759 o
3287 3702 3493 3773 puella,

1913 3798 2061 3868 quod
2089 3795 2256 3852 verbo
2286 3795 2485 3849 coelum
2517 3804 2832 3864 terramque
2857 3783 3066 3849 creavit
3095 3802 3189 3849 :et
3221 3790 3493 3862 gloriﬁcas

1916 3892 2073 3953 illud,
2116 3906 2151 3946 ο
2182 3889 2520 3957 castissima,
2553 3890 2681 3943 dum
2713 3889 2918 3960 prabet
2948 3890 3172 3944 verbum
3217 3886 3345 3949 illis,
3398 3886 3493 3955 qui

1915 4000 2062 4040 nunc
2092 3985 2244 4055 “iure
2280 3981 2513 4036 credunt
2547 3978 2676 4035 sibi.

1989 4074 2129 4130 Ecce
2182 4072 2649 4141 diviniloquorutn
2709 4084 2873 4126 voces
2922 4069 3086 4123 linem
3142 4074 3495 4137 acceperunt.

1921 4167 2168 4239 pariente
2206 4178 2257 4221 te
2307 4161 2893 4234 supersubstantialem
2937 4160 3260 4225 Dominum,
3292 4159 3360 4213 ab
3387 4159 3496 4212 illis

1915 4261 2251 4316 declaratum
2281 4271 2344 4311 ac
2365 4256 2830 4316 demonstratum,
2863 4265 2898 4305 o
2933 4250 3043 4306 Deo
3075 4251 3414 4323 gratissima,
3441 4249 3497 4303 in

1916 4355 2147 4411 salutem
2188 4348 2431 4405 ﬁdelium
2474 4344 2833 4400 clamantium
2891 4360 2907 4397 :
2942 4341 3279 4409 Benedicite,
3311 4342 3497 4397 omnia

1915 4460 2081 4516 opera
2110 4442 2348 4508 Domini;
2384 4438 2642 4493 Domino.

1916 4566 1940 4589 τ.
1994 4534 2155 4605 15η
2189 4528 2518 4600 Archangeli
2550 4541 2685 4581 voce
2730 4525 2799 4579 ad
2834 4532 2891 4578 te
2922 4537 3046 4576 cum
3086 4521 3286 4592 gaudio
3315 4522 3498 4576 excla-

234 4614 467 4683 ἀγγέλου
493 4632 506 4647 ·
550 4617 743 4687 Χαῖρε,
772 4620 804 4685 ἡ
839 4619 983 4691 χαρὰ
1011 4620 1120 4672 τῶν
1138 4621 1410 4689 ἀγγέλων,
1434 4624 1545 4676 τῶν
1576 4623 1804 4676 ἀποστό-

1921 4617 2138 4681 mamus
2166 4641 2182 4678 :
2208 4639 2241 4677 ο
2277 4621 2462 4691 Virgo.
2496 4619 2708 4684 Gaude,
2759 4615 3014 4686 gaudium
3051 4612 3393 4680 angelorum,
3424 4612 3499 4665 ti-

234 4714 342 4768 λων
374 4713 435 4767 τὸ
474 4715 882 4786 σεμνολόγημα,
934 4719 1032 4770 καὶ
1079 4717 1380 4788 προφητῶν
1412 4718 1474 4773 τὸ
1509 4719 1813 4791 κήρυγμα,

233 4806 329 4862 καὶ
363 4805 471 4860 τῶν
506 4806 802 4880 μαρτύρων
831 4808 893 4862 τὺ
926 4810 1284 4879 στεφάνωμα.

246 4940 341 5014 Ἐκ
390 4940 496 4993 τοῦ
536 4940 804 5014 Κανόνος
841 4943 928 5008 είς
947 4942 1332 5014 τοὺςᾴγίορς
1362 4942 1671 5014 μάρτυρας
1699 4946 1816 5001 Σύ-

304 5013 459 5085 Jar,
496 5012 832 5066 Σιλουανὸν
874 5013 978 5067 καὶ
1031 5012 1175 5079 τοὺς
1213 5013 1339 5067 σὺν
1366 5012 1618 5083 αὐτοῖς,
1669 5015 1817 5085 ἠμέ-

301 5100 375 5153 ρᾳ
417 5082 481 5136 λ’.

314 5197 732 5270 ’Υπερύμνητον
779 5196 917 5252 Θεὸν
967 5198 1225 5269 ἀρρήτως
1265 5198 1497 5262 τέτοκας
1533 5198 1715 5269 σάρκα
1752 5202 1819 5256 ἐκ

235 5288 330 5342 σοῦ
376 5289 682 5360 φορέσαντα
729 5288 798 5341 δι’
852 5290 1193 5360 ἀγαθότητα,
1243 5289 1600 5361 ὑπερύμνητε
1650 5292 1813 5361 ἀγνὴ·

233 5378 356 5431 ὅθεν
387 5381 445 5431 ὲν
466 5384 672 5450 φωναῖς
701 5381 1145 5456 εὐχαριστηρίοις
1194 5381 1602 5453 ὑμνολογοῦμέν
1633 5399 1694 5435 σε
1724 5382 1819 5436 καὶ

238 5471 632 5543 μακαρίζομεν,
669 5474 747 5539 ὡς
777 5476 947 5532 πάλαι
986 5476 1426 5547 προεφήτευσας.

304 5653 499 5722 Eupth
546 5673 609 5710 σε
646 5656 759 5709 τῶν
790 5657 1043 5726 ἀγγέλων
1072 5657 1469 5729 καθαρωτέραν
1514 5655 1682 5709 ὑπέδυ
1718 5653 1819 5724 τὴν

234 5748 478 5819 γαστέρα
529 5765 624 5802 σου
670 5747 770 5819 τὴν
815 5749 981 5815 άγίαν
1033 5751 1062 5802 ὁ
1117 5749 1235 5817 φῶς
1290 5749 1455 5802 οἰκῶν
1501 5747 1817 5819 ἀπρόσιτον,

232 5841 489 5904 Θεοτόκε,
519 5845 613 5893 καὶ
654 5838 815 5908 ὤφθη
863 5839 1149 5908 ἄνθρωπος
1186 5842 1252 5894 ὲκ
1288 5840 1384 5894 σοῦ
1420 5839 1817 5913 σαρκούμενος,

234 5933 295 5987 ἐν
318 5932 438 5987 δυσὶ
462 5936 583 5997 ταῖς
614 5931 813 6001 φύσεσι
840 5931 1261 6002 γνωριζόμενος.

1920 4718 2070 4772 tulus
2128 4712 2466 4769 honoriﬁcus
2518 4708 2921 4779 apostolorum,
2982 4702 3322 4775 praeconium
3375 4716 3505 4754 nro-

1919 4811 2241 4882 phctat'um,
2270 4814 2688 4876 martyrnmque
2721 4813 2949 4855 corona.

1920 4946 2007 5001 Ea:
2039 4945 2253 5003 Conone
2278 4944 2335 4997 in
2370 4942 2505 5012 festo
2535 4937 2636 4994 SS.
2682 4936 2851 5012 Sylw,
2884 4927 3218 5012 etASyluam',
3248 4936 3299 4982 et
3331 4927 3503 4980 socio-

2371 5004 2381 5026 ²
2418 5029 2535 5065 rum
2575 5004 2759 5075 martI,
2794 5006 2881 5059 die
2910 5004 3003 5059 50.
3114 5078 3115 5081 η

1993 5192 2351 5265 Superiorem
2379 5187 2531 5243 omni
2569 5185 2731 5241 laude
2764 5182 2937 5237 Deum
2978 5180 3323 5234 incarnatum
3354 5190 3423 5231 ex
3451 5183 3506 5231 te

1920 5297 2149 5360 propter
2197 5297 2355 5340 suam
2400 5281 2725 5341 bonitatem,
2772 5272 3122 5330 ineifabiliter
3160 5268 3439 5339 peperisti,
3470 5284 3531 5322 ορ

1922 5391 2072 5435 casta
2122 5377 2273 5432 omni
2322 5374 2484 5430 laude
2529 5369 2830 5441 superior:
2884 5379 3058 5435 quare
3103 5379 3227 5419 cum
3276 5362 3506 5416 vocibus

1924 5473 2223 5543 gratiarum
2267 5466 2503 5523 actionis
2551 5474 2601 5520 te
2638 5462 2949 5522 laudamus,
2996 5456 3344 5523 dicimusque
3374 5454 3506 5508 bea-

1925 5576 2059 5630 tam,
2093 5561 2556 5642 quemadmodum
2590 5558 2722 5614 olim
2774 5566 2833 5612 tu
2883 5555 3010 5644 ipsa
3034 5547 3397 5644 prophetasti.
3427 5632 3439 5644 .

1995 5655 2092 5709 llle
2132 5652 2227 5723 qui
2269 5638 2447 5705 lucem
2491 5649 2705 5702 habitat
2743 5640 3206 5704 inaccessibilem,
3256 5650 3383 5690 cum
3426 5638 3507 5687 in-

1925 5745 2165 5802 venisset
2193 5750 2266 5809 te,
2300 5756 2334 5795 ο
2360 5739 2616 5807 Deipara,
2647 5736 2860 5807 angelis
2895 5731 3253 5795 sanetiorem,
3293 5729 3507 5798 ingres-

1928 5853 2024 5895 sus
2055 5845 2140 5892 est
2170 5836 2224 5888 in
2252 5843 2472 5888 uterum
2508 5840 2689 5895 tuum,
2718 5838 2774 5884 et
2802 5829 2971 5882 homo
3006 5824 3184 5880 factus
3206 5830 3289 5878 est
3320 5820 3508 5877 incar-

1930 5944 2091 5988 natus
2119 5945 2184 5987 ex
2217 5936 2290 5995 te,
2315 5927 2367 5983 in
2391 5924 2609 5982 duabus
2637 5924 2851 5979 naturis
2881 5918 3221 5978 notilicatu's.
