4078 6294
314 374 453 440 1193

1719 365 2084 428 MARIALE.

3410 360 3546 430 1194

318 505 403 542 σιν
446 484 495 540 οἱ
528 474 837 557 ἀθλοφόροι,
873 479 1097 557 Χριστὲ,
1144 479 1390 566 νομίμως
1423 477 1743 551 ἑνήθλησαν,
1782 479 1881 550 τὴν

1998 475 2216 542 Iliriste,
2239 473 2478 544 legitime
2515 482 2881 541 certaverunt,
2935 473 3188 531 laudibus
3219 475 3554 539 celebrantes

319 579 490 651 ἁγνὴν
525 578 755 649 Μητέρα
800 593 895 630 σου
924 573 1414 646 ἀνυμνολογοῦντες
1457 573 1783 644 ἀπορῥήτως
1823 587 1883 624 σε

315 676 615 744 κυήσασαν.

395 766 746 836 ’Υπάρχουσα
800 761 1068 816 Δέσποινα
1135 760 1496 832 καθαρωτέρα
1549 757 1730 827 nisi};
1785 759 1884 828 τῆς

313 859 545 921 κτίσεως
581 855 819 922 ὑπεδέξω
864 853 958 906 τὸν
995 854 1167 921 Λόγον
1209 854 1275 906 ὲκ
1325 851 1422 906 σοῦ
1467 852 1722 923 apsqu»:
1752 852 1886 904 ἀπο-

313 953 650 1020 τικτόμενον,
682 948 742 1002 ὃν
774 949 824 1002 οἱ
862 949 1100 1014 γενναῖοι
1126 945 1463 1015 ποθήσαντες
1490 945 1764 1017 μάρτυρες
1784 944 1882 1015 τὴν

315 1045 424 1098 τῶν
456 1042 706 1114 βασάνων
736 1041 912 1113 πυρὰν
937 1037 1400 1111 ἐνεκαρτέρησαν.

384 1220 526 1274 Νέον
553 1219 627 1282 ὡς
659 1217 860 1291 βρέφος
883 1219 1115 1282 τέτοκας
1152 1215 1246 1272 τὸν
1275 1216 1456 1289 Πατρὶ
1494 1216 1587 1270 καὶ
1614 1214 1691 1286 τῷ
1720 1213 1887 1270 Ilvati-

320 1326 482 1378 ματι,
528 1308 763 1379 ἄκραντα
813 1307 1076 1379 Παρθένε,
1115 1306 1378 1378 συμφυῶς
1418 1307 1707 1376 νοούμενον
1753 1307 1888 1377 Χρι-

321 1402 465 1467 στὸν,
505 1400 595 1454 τδν
626 1400 759 1454 Θεὸν
791 1399 969 1470 ἡμῶν,
1003 1399 1063 1453 ὃν
1091 1399 1142 1452 οἱ
1173 1400 1411 1469 γενναῖοι
1452 1400 1728 1470 μάρτυρες
1756 1397 1890 1453 καθ-

316 1493 704 1563 ομολογοῦντες
731 1493 895 1564 ἱερῶς
924 1491 1230 1557 ὲναθλοῦσι,
1259 1492 1378 1564 μεθ’
1403 1486 1480 1548 ὧν
1509 1507 1591 1555 σε,
1622 1492 1886 1560 παναγία,

321 1585 684 1655 μακαρίζουσι
732 1584 916 1638 πίστει
955 1583 1100 1653 λαοὶ,
1155 1585 1341 1653 φυλαὶ,
1389 1585 1484 1638 xal
1529 1583 1776 1653 γλῶσσαι
1809 1586 1892 1648 εἰς

318 1680 525 1742 πάντας
555 1680 684 1740 τοὺς
707 1677 926 1742 αἰῶνας.

386 1769 633 1835 sumas;
661 1787 722 1823 σε
757 1769 1030 1841 παρθένον
1058 1768 1087 1822 ὃ
1116 1769 1179 1823 ὲκ
1206 1767 1316 1823 τῶν
1348 1766 1458 1821 σῶν
1488 1767 1770 1831 ἀνατείλας
1796 1767 1890 1820 λα-

1987 568 2336 638 pnrissimam
2371 566 2593 621 Matrem
2655 576 2824 632 tuam,
2858 581 2980 637 quae
3007 575 3060 621 te
3084 566 3428 623 inell'abiliter
3460 583 3553 638 ge-

1985 663 2124 719 nuit.

2053 758 2187 813 Cum
2220 772 2394 823 esses,
2425 773 2458 813 ο
2483 755 2735 820 Domina,
2761 754 2953 826 purior
2982 753 3239 808 omnibus
3263 753 3550 818 creaturis,

1985 850 2276 921 suscepisti
2326 849 2589 913 Verbum,
2618 865 2683 903 ex
2718 857 2771 903 tc
2794 847 3135 902 inellabilitcr
3167 857 3376 912 natum,
3407 842 3551 913 quod

1985 943 2232 1017 generosi
2261 950 2529 1014 martyres
2557 957 2680 996 cum
2715 939 2909 996 aﬂectu
2945 938 3421 1008 concupisct-ntes,
3443 947 3554 991 tor-

1987 1045 2300 1092 mentorum
2362 1035 2744 1106 probationem
2817 1032 3082 1103 patienter
3132 1037 3556 1100 constanterque

1989 1130 2386 1184 sustinuerunt.

2058 1221 2342 1292 Tanquam
2374 1235 2575 1274 novum
2606 1217 2866 1273 infantem
2892 1214 3168 1286 peperisti,
3197 1229 3230 1268 ο
3263 1211 3426 1284 Virgo
3460 1214 3559 1268 in-

1987 1314 2211 1379 violata,
2238 1313 2518 1369 Christum
2550 1310 2719 1367 Deum
2778 1321 3051 1374 nostrum,
3110 1308 3205 1381 qui
3241 1310 3560 1376 intelligitur

1990 1404 2135 1461 Patri
2176 1422 2242 1462 ac
2270 1405 2494 1478 Spiritui
2531 1420 2746 1461 cowvus
2772 1419 2787 1456 :
2818 1419 2978 1475 quem
3012 1403 3264 1472 generosi
3299 1412 3561 1472 martyres

1989 1495 2331 1553 conﬁtentes.
2359 1509 2577 1550 sacrum
2626 1500 2900 1550 certamen
2946 1493 3129 1546 obiere
3157 1509 3171 1558 ;
3201 1507 3323 1545 cum
3364 1492 3562 1557 quibus

1989 1586 2195 1658 populi,
2223 1585 2399 1640 tribus
2422 1596 2475 1640 et
2517 1584 2732 1654 lingua},
2757 1599 2880 1637 cum
2911 1582 3014 1638 [ide
3032 1591 3103 1647 te,
3127 1597 3160 1636 ο
3191 1581 3562 1647 sanctissima,

1993 1694 2086 1750 per
2117 1677 2370 1733 universa
2400 1676 2596 1732 smcula
2637 1677 2968 1731 beatilicant.

2063 1769 2157 1826 Ille
2186 1771 2278 1841 qui
2330 1779 2382 1826 te
2439 1771 2704 1837 virginem
2743 1767 3113 1832 conservavit,
3143 1783 3206 1821 ex
3257 1768 3365 1822 tuis
3394 1767 3568 1822 visce-

319 1865 512 1931 γόνων,
547 1864 847 1934 ἀνέστερος
895 1862 972 1926 ὡς
1002 1861 1220 1933 ἀληθῶς
1257 1861 1428 1932 ἥλιος,
1464 1858 1729 1932 Παρθένε.
1759 1861 1886 1924 τοὺς

1998 1863 2146 1918 ribus
2165 1871 2407 1927 exortus,
2435 1871 2688 1930 tanquam
2709 1876 2834 1914 vere
2855 1860 2936 1914 sol
2963 1858 3309 1926 inocciduus,
3328 1874 3361 1913 ο
3381 1857 3563 1930 Virgo,

319 1956 555 2025 ἀθλητὰς
576 1955 893 2026 περιφανῶς
915 1956 1252 2027 ἐλάμπρυνε,
1274 1954 1740 2024 διηγωνισμένους
1762 1970 1889 2025 καρ-

319 2046 576 2116 τερικῶς,
610 2047 731 2118 μεθ’
760 2039 835 2102 ὧν
875 2047 1038 2101 αὑτὸν
1069 2046 1310 2100 δυσὼπει
1341 2047 1485 2117 ἡμᾶς
1514 2040 1893 2115 κατοικτειρῆ-

320 2157 414 2196 σαι
443 2138 567 2205 τοὺς
594 2137 835 2205 εὐσεϐῶς
876 2155 935 2194 σε
969 2138 1393 2209 μακαρίζοντας.

1997 1955 2233 2012 athletas
2281 1969 2413 2011 suos
2461 1955 2723 2026 praeclare
2769 1954 3083 2018 illustravit,
3115 1953 3207 2024 qui
3242 1952 3569 2007 constantis—

1995 2048 2133 2104 sime
2178 2047 2591 2104 decertaverunt
2629 2064 2644 2101 :
2676 2062 2800 2101 cum
2848 2045 3049 2116 quibus
3094 2045 3344 2099 eumdem
3375 2045 3567 2114 depre-

1993 2154 2140 2205 care,
2174 2148 2235 2195 ut
2265 2139 2594 2193 misereatur
2621 2137 2816 2204 nostri,
2865 2135 2957 2207 qui
2986 2147 3037 2191 te
3083 2135 3337 2207 religiose
3360 2151 3425 2192 ac
3481 2135 3570 2206 pic

1993 2230 2207 2287 beatam
2245 2231 2631 2302 praedicamus.

1060 2341 1140 2396 Ea:
1172 2340 1384 2399 Canens
1414 2341 1468 2396 in
1497 2347 1735 2396 sanctam
1768 2339 2070 2396 Summam
2104 2343 2262 2416 (80'),
2309 2343 2395 2398 die
2426 2342 2492 2398 10
2520 2341 2844 2414 septembris.

390 2433 585 2493 Oriens
617 2433 750 2492 solis
791 2434 957 2500 illius,
1004 2436 1097 2506 qui
1130 2447 1294 2507 super
1336 2449 1595 2490 occasum
1639 2433 1893 2492 humanae

320 2539 529 2584 natura:
561 2534 721 2582 natus
745 2535 850 2593 est,
875 2542 1062 2582 revera
1103 2526 1243 2582 facta
1282 2542 1362 2591 es,
1392 2541 1426 2581 o
1483 2523 1737 2592 Domina,
1795 2541 1892 2597 per

320 2633 483 2688 quem
517 2615 615 2681 illi,
647 2615 740 2687 qui
776 2615 828 2670 in
858 2616 1095 2674 tenebris
1138 2625 1191 2672 et
1217 2617 1270 2672 in
1295 2615 1485 2671 umbra
1510 2617 1889 2681 versabantur,

321 2710 573 2765 viderunt
603 2709 805 2765 lucem.-

390 2801 541 2859 Urna
565 2803 834 2873 ﬁgurabat
873 2811 946 2866 te,
970 2817 1004 2858 ο
1035 2810 1182 2857 casta
1239 2800 1424 2872 Virgo,
1458 2816 1581 2872 quae
1633 2801 1892 2871 intelligi-

322 2896 430 2951 bile
462 2911 662 2951 manna
699 2896 859 2967 180
881 2895 1070 2960 tulisti,
1100 2895 1377 2950 Christum
1403 2894 1629 2961 scilicet,
1652 2895 1893 2951 dulcedi-

322 3004 445 3042 nem
478 2989 665 3044 ntundi
699 3005 714 3043 :
745 2991 832 3044 cui
866 2989 1134 3059 supplica,
1169 2988 1261 3043 Dei
1281 2986 1452 3042 Mater
1476 2988 1620 3056 (8i),
1653 2997 1712 3042 ut
1734 2987 1770 3042 ii
1797 2986 1889 3056 qui

322 3090 374 3135 te
399 3083 620 3138 assidue
653 3082 979 3154 gloriﬁcant,
1017 3095 1045 3134 a
1075 3096 1365 3153 pravarum
1398 3079 1746 3135 aﬂ‘ectionum
1778 3094 1894 3135 ser-

321 3175 491 3230 vitute
516 3175 835 3230 liberentur.

394 3264 677 3320 Fortitudo
711 3282 830 3321 mea
867 3274 925 3321 et
943 3266 1063 3320 laus
1102 3279 1221 3320 mea
1263 3262 1518 3320 Christus
1554 3271 1660 3325 est.
1708 3262 1799 3331 qui
1829 3278 1892 3318 ex

323 3368 397 3425 te,
434 3359 684 3428 Deipara,
710 3368 932 3413 exortus
971 3366 1077 3420 est,
1131 3356 1316 3411 servili
1374 3371 1536 3411 carne
1588 3353 1898 3411 circumda-

324 3462 432 3517 tus,
461 3460 515 3506 et
543 3467 646 3506 nos
678 3468 705 3503 a
749 3452 1012 3507 servitute
1057 3450 1259 3505 diaboli
1311 3450 1512 3520 eripuit
1544 3457 1765 3520 propter
1799 3448 1898 3504 bo-

322 3544 546 3597 nitatem
570 3558 750 3598 suam.

400 3634 812 3690 Sanctissimum
858 3633 1123 3703 templum
1180 3633 1270 3688 Dei
1307 3642 1667 3705 agnoscentes
1699 3642 1772 3696 te,
1804 3649 1898 3688 so.

324 3727 428 3782 lam
459 3727 861 3782 immaculatam
903 3726 1042 3796 (82),
1072 3737 1126 3781 et
1157 3728 1421 3781 creaturis
1446 3727 1702 3782 omnibus
1729 3741 1892 3796 supe-

323 3823 546 3887 riorem,
608 3819 783 3876 sacris
816 3831 869 3876 te
921 3818 1148 3875 vocibus
1182 3819 1378 3874 merito
1409 3818 1621 3874 beatam
1650 3817 1891 3890 appella-

325 3928 469 3968 "IIIS.

396 4001 686 4057 Dominum
724 3996 987 4067 universi,
1026 4001 1120 4072 qui
1147 4015 1212 4057 cx
1244 4008 1296 4056 te
1342 4008 1503 4056 natus
1532 4005 1635 4068 est,
1665 4011 1900 4056 exorans

395 4138 532 4208 (80‘)
565 4136 925 4208 Desideratur
951 4135 1006 4208 in
1038 4133 1258 4192 Menazis
1288 4134 1590 4208 impressis.

397 4203 616 4277 (8|):Ex
647 4209 804 4262 titulo
837 4207 930 4261 Dei
958 4206 1146 4261 Matris
1184 4203 1685 4262 solide—admodum
1740 4203 1898 4260 colli-

325 4276 491 4346 gitur,
524 4276 584 4330 Β.
642 4277 914 4346 Virginem
960 4279 1078 4332 sine
1105 4277 1390 4346 originalis
1437 4277 1642 4346 peccati
1681 4277 1898 4330 macula

327 4350 512 4411 fuisse
541 4359 891 4415 conceptam;
923 4361 1070 4411 nam,
1113 4357 1173 4401 ut
1216 4347 1391 4415 inquit
1419 4346 1479 4400 Β.
1530 4346 1899 4400 Bernardinus

331 4416 591 4471 Senensis
612 4425 784 4486 scrin,
817 4416 887 4472 49
916 4417 990 4486 κᾶε
1019 4431 1207 4471 amore
1253 4415 1491 4486 glorioso
1522 4431 1589 4470 ex
1617 4415 1901 4470 Bartholo-

1998 2437 2316 2509 deprecare,
2341 2452 2374 2491 ο
2401 2437 2732 2501 castissima,
2766 2453 2862 2507 pro
2888 2435 3066 2492 servis
3089 2435 3218 2502 tuis,
3252 2445 3312 2489 ut
3334 2435 3404 2490 ab
3423 2439 3569 2493 omni

1996 2528 2328 2583 adversitate
2354 2542 2418 2584 ac
2441 2527 2677 2597 pernicie
2704 2528 3024 2593 liberentur,
3050 2528 3180 2582 dum
3214 2538 3266 2583 te
3297 2526 3571 2600 Virginem

1996 2617 2223 2674 latrem
2256 2619 2588 2674 collaudant.
3221 2638 3224 2646 ι

2067 2708 2113 2763 Δ
2143 2709 2515 2766 damnationis
2566 2709 2802 2766 vinculis
2833 2708 3046 2767 solutus
3095 2727 3242 2778 sum,
3267 2720 3321 2767 et
3351 2727 3379 2765 a
3410 2711 3577 2768 male-

1997 2801 2237 2859 dictione
2265 2818 2362 2874 per
2395 2811 2610 2874 partum
2644 2813 2820 2870 tuum,
2872 2817 2905 2856 ο
2925 2804 3227 2858 castissima
3256 2804 3572 2870 benedicta;

1997 2896 2111 2952 sola
2141 2898 2286 2952 enim
2313 2896 2366 2950 in
2407 2905 2548 2952 terra
2581 2895 2692 2950 Deo
2722 2911 2925 2965 corpus
2946 2895 3141 2950 dedisti
3171 2910 3234 2950 ex
3262 2895 3414 2966 puris
3441 2913 3572 2952 san-

1996 2989 2254 3061 guinibus
2287 2990 2416 3054 tuis,
2445 3004 2479 3044 ο
2507 2988 3040 3044 immaculatissima.

2071 3083 2449 3140 Lucidissimis
2494 3083 2879 3153 splendoribus
2929 3083 3037 3137 tuis
3076 3081 3395 3138 illuminasti
3426 3092 3576 3138 tene-

1922 3179 1965 3239 ο
1998 3173 2274 3229 bricosum
2313 3189 2408 3228 eor
2452 3188 2659 3237 meum,
2693 3189 2728 3228 ο
2751 3171 2936 3241 Virgo,
2983 3187 3106 3242 qua:
3146 3173 3198 3226 in
3230 3183 3370 3226 terra
3406 3176 3573 3227 solem

2002 3264 2282 3321 Christum
2315 3265 2593 3336 peperisti,
2620 3265 2705 3321 cui
2739 3264 3022 3334 psallimus
3053 3279 3309 3335 semper:
3343 3263 3576 3320 Benedi-

2000 3367 2123 3412 ctus
2140 3367 2225 3412 est
2243 3358 2383 3413 Deus
2420 3367 2636 3428 patrum
2668 3367 3005 3412 nostrorum.

2070 3449 2208 3507 Cum
2247 3449 2651 3506 divinissimum
2682 3447 3146 3505 Verbum'castam
3177 3457 3229 3506 te
3253 3452 3418 3507 etiam
3452 3463 3576 3524 pust

2003 3550 2221 3613 partum
2285 3550 2690 3607 conservasset,
2757 3555 2820 3595 ex
2851 3547 2923 3604 te,
2951 3555 2983 3595 o
3013 3541 3293 3606 inviolata,
3329 3559 3449 3599 cum
3470 3546 3576 3601 du-

2002 3635 2127 3705 plici
2162 3642 2378 3697 natura.
2441 3639 2608 3702 atque
2663 3633 2979 3703 operatione
3032 3635 3326 3704 processit;
3384 3651 3578 3706 quam-

1999 3729 2185 3783 obrcm
2216 3736 2270 3782 te
2303 3737 2559 3795 tanquam
2585 3725 2702 3796 ejus
2723 3724 2947 3781 Matrem
2979 3727 3365 3798 gloriﬁcamus.

2073 3818 2220 3875 Luce
2256 3828 2348 3874 tua
2396 3818 2611 3873 illustra
2659 3834 2770 3884 me,
2792 3833 2826 3872 ο
2855 3828 3027 3883 casta,
3055 3821 3147 3888 qui
3181 3821 3234 3875 in
3271 3822 3432 3891 hujus
3455 3824 3576 3878 vita:

2002 3921 2162 3967 nocte
2187 3909 2431 3966 caecitate
2451 3909 2662 3974 laboro,
2699 3924 2765 3965 ac
2824 3908 3081 3965 ﬂuetibus
3110 3910 3284 3980 jaetor
3318 3922 3575 3982 peccato-

2006 4018 2127 4058 rum
2152 4042 2168 4070 ,
2199 4017 2235 4057 ο
2261 3999 2492 4056 Domina
2554 4011 2765 4069 sancta,
2820 4011 2973 4073 porta
3008 4003 3146 4058 lucis
3198 4003 3573 4074 iutelligibilis.

2043 4145 2355 4208 rzeservata,
2387 4152 2453 4192 eo
2490 4137 2632 4206 quod
2663 4136 2764 4191 fuit
2799 4138 3022 4208 pmct'isa
3050 4153 3169 4194 esse
3200 4138 3366 4196 Mater
3395 4140 3512 4200 Dei.
3551 4162 3569 4195 ι

2052 4209 2098 4262 Ec
2123 4207 2232 4262 ille.
2268 4208 2558 4279 Etjnerito
2593 4207 2837 4279 quidem,
2869 4221 2991 4262 nam
3030 4220 3085 4263 ut
3127 4211 3180 4264 in
3219 4214 3480 4279 opusculo
3511 4217 3576 4268 de

2006 4275 2256 4349 Concept.
2328 4276 2394 4333 Β.
2435 4275 2691 4349 ⁸ῑίὶιῃὲιιὶε
2720 4278 2842 4332 libr.
2899 4279 2949 4344 l,
3014 4281 3192 4349 inquit
3251 4275 3574 4338 Ambrosius

2005 4347 2383 4424 Catbarinus:
2433 4347 2570 4424 Dum
2628 4350 2744 4418 ipse
2795 4364 3006 4424 mecum
3060 4347 3244 4404 animo
3274 4361 3329 4424 et
3373 4353 3575 4424 cogita-

2007 4421 2153 4473 tione
2181 4419 2539 4491 contemplor,
2568 4434 2745 4491 quam
2787 4421 2989 4488 grande
3024 4429 3078 4474 et
3114 4419 3465 4491 magnificum
3501 4426 3574 4480 sit

331 4500 451 4541 meo
477 4485 700 4539 Siculo:
739 4501 756 4536 ι
792 4485 1131 4560 Credendnm
1162 4485 1273 4552 est,
1293 4486 1436 4556 quod
1487 4486 1658 4560 voluit
1683 4499 1900 4560 sumere
1934 4485 1976 4540 D
2004 4503 2124 4560 esse
2166 4485 2434 4543 excelsam
2487 4485 2942 4560 Dei'Genitr‘icem
2977 4508 2992 4544 :
3031 4501 3144 4544 tum
3187 4485 3350 4560 q'uam
3383 4494 3487 4548 vile
3520 4503 3574 4550 et

330 4572 547 4612 carnem
580 4570 644 4609 ex
705 4570 868 4609 carne
912 4555 1227 4624 purissima,
1270 4554 1324 4610 et
1369 4557 1512 4625 quod
1555 4556 1698 4625 ejus
1730 4554 1898 4608 Mater

334 4625 808 4694 l'uerit'plusquam
873 4622 982 4678 Eva
1005 4637 1058 4679 et
1093 4627 1289 4687 Adam,
1327 4622 1420 4694 qui
1479 4622 1645 4681 creati
1680 4622 1898 4680 fuerunt

332 4701 449 4753 sine
513 4709 739 4769 peccato
787 4696 1081 4769 originali.
1135 4714 1166 4769 a_
1217 4697 1582 4769 Bernardinus
1646 4695 1773 4769 item
1818 4700 1900 4769 de

332 4769 570 4823 Bustoin
601 4765 818 4820 Mariali
863 4765 1029 4821 scrm.
1061 4768 1097 4820 2
1135 4766 1204 4820 de
1250 4765 1510 4836 conecpt.’
1532 4766 1585 4819 in
1638 4766 1751 4836 tlne
1780 4765 1894 4819 ait:

338 4842 499 4896 «Cum
531 4852 723 4908 omnes
775 4837 999 4892 credant
1044 4837 1102 4891 Β.
1160 4834 1434 4908 Virginem
1456 4837 1677 4908 Mariam
1725 4834 1900 4908 fuisse

336 4912 583 4966 idoneam
627 4907 851 4962 Matrem
887 4909 1000 4971 Dei,
1028 4908 1225 4963 debent
1255 4905 1435 4961 'etiam
1477 4906 1693 4962 credere
1723 4905 1896 4975 ipsam

333 4982 504 5038 fuisse
530 4980 825 5034 immunem
857 4980 927 5032 ab
976 4979 1124 5033 omni
1160 4977 1278 5032 labe
1309 4980 1534 5046 peccati,
1567 4978 1694 5046 quia
1745 4978 1900 5046 aliter

332 5068 443 5108 non
479 5051 928 5119 fuisscteongrua
960 5049 1128 5103 Mater
1162 5045 1380 5103 CbrlSti.
1403 5068 1422 5100 ι
1463 5045 1739 5119 Consonat
1770 5045 1900 5119 Bar-

336 5124 640 5177 tholomcus
688 5118 920 5175 Pisanus
941 5121 1020 5176 De
1041 5119 1191 5174 laud.
1231 5119 1298 5174 Β.
1337 5119 1397 5174 ι’.
1442 5119 1616 5174 fructu
1674 5118 1725 5182 7,
1768 5118 1896 5171 dum

332 5193 571 5248 scribit:
604 5211 624 5245 t
667 5192 782 5246 Non
822 5193 924 5247 fuit
948 5190 1274 5247 conveniens
1309 5191 1532 5246 Matrem
1574 5189 1670 5243 Dei
1726 5187 1900 5243 addici

334 5265 496 5348 morti
522 5264 758 5348 aeterpali
790 5277 890 5332 pro
915 5277 1243 5348 quacunque
1289 5275 1540 5348 mensura
1571 5275 1585 5312 :
1615 5275 1748 5340 ergo
1789 5258 1902 5310 ori-

335 5335 498 5401 ginali
518 5337 712 5388 caruit.
741 5331 869 5387 ltctn
913 5331 1166 5390 Christus
1189 5331 1348 5403 elegit
1377 5332 1594 5386 Matrem
1646 5331 1900 5403 incorru-

342 5399 486 5476 ptam
538 5405 914 5476 corporaliter.
949 5421 1118 5476 quare
1177 5413 1231 5476 et
1269 5399 1669 5476 spiritualiter._
1702 5418 1721 5452 ι
1763 5399 1897 5476 _|_t_em

337 5471 844 5545 dontinesVigcrttts
891 5471 1175 5545 theologus
1219 5471 1606 5545 Doiuinicanus
1656 5472 1709 5545 in
1756 5471 1902 5545 libro

337 5542 736 5616 Institutioim‘m
773 5547 947 5614 rapite
979 5549 1046 5600 de
1078 5542 1314 5616 peccato
1358 5543 1619 5616 originali
1661 5542 1714 5596 in
1740 5543 1901 5616 hunc

339 5611 557 5686 modum
610 5611 876 5686 loquens:
923 5637 941 5668 ι
993 5617 1050 5669 Si
1076 5611 1310 5681 dicatur,
1367 5611 1506 5686 quod
1564 5612 1695 5667 Diva
1740 5611 1901 5686 Yirgo

340 5697 444 5757 non
471 5681 656 5736 habuit
684 5681 975 5757 peccatum
1009 5689 1291 5757 originale,
1321 5681 1450 5757 licet
1474 5683 1801 5757 processerit
1831 5684 1902 5737 ab

337 5753 505 5808 Adam
561 5753 862 5808 secundum
909 5753 1172 5812 rationein
1231 5753 1568 5820 seminalém,
1609 5753 1898 5810 dicendum

337 5830 440 5892 est,
465 5825 605 5896 quod
643 5825 755 5894 ipsa
791 5829 906 5880 sola
956 5828 1174 5895 speciali
1229 5829 1399 5900 gratia
1423 5833 1692 5898 prteventa
1723 5825 1824 5882 fuit
1846 5835 1901 5882 et

536 5918 807 5980 Ριτιιοιι.
844 5918 961 5978 (in.
995 5920 1116 5980 CV.

2007 4558 2284 4632 indignum
2315 4560 2616 4632 computari
2641 4559 2742 4614 sub
2785 4560 2994 4614 macula
3032 4571 3082 4614 et
3133 4558 3303 4615 fetore
3343 4565 3572 4632 peccati,

2003 4640 2057 4681 et
2083 4629 2184 4700 sub
2229 4630 2327 4700 ira;
2355 4628 2777 4700 omnipotentis,
2850 4646 3042 4699 magna
3099 4628 3358 4700 profecto’
3390 4634 3571 4689 disso-

2007 4699 2192 4770 nantia
2226 4698 2537 4770 rol‘rl'endorz'
2592 4702 2695 4768 pia:
2752 4701 2896 4753 enim
2957 4698 3128 4754 aures
3179 4703 3568 4770 cacophoniam

2005 4768 2165 4822 istam
2217 4769 2371 4822 facile
2402 4770 2662 4835 sentiunt,
2696 4785 2818 4823 cum
2867 4771 2993 4824 hinc
3028 4770 3249 4824 Matrem
3287 4768 3401 4836 Dei,
3449 4773 3572 4829 inde

2006 4837 2153 4908 illam
2174 4839 2344 4908 ipsam
2367 4838 2469 4894 sub
2489 4840 2566 4893 ira
2589 4839 2935 4904 Dei,audiunt
2954 4841 3079 4894 hinc
3102 4857 3318 4895 rursum
3343 4851 3569 4899 matrem

2007 4907 2268 4982 Dei,inde
2299 4910 2400 4962 sub
2434 4909 2628 4982 fece__et
2661 4913 2828 4964 fetore
2872 4911 3447 4982 peccati.Nequevero
3465 4914 3570 4970 du-

2007 4979 2488 5053 bito,si_secta_ru_m
2509 4979 2792 5053 all‘cctione
2815 4979 3042 5045 semota,
3079 4979 3242 5036 etiam
3273 4984 3508 5053 vosipsi,
3539 5002 3574 5040 υ

2008 5049 2372 5103 amantissimi
2412 5049 2626 5116 fratres,
2661 5052 2715 5105 in
2769 5053 3031 5106 cordibus
3052 5053 3248 5108 Vestris
3294 5049 3420 5107 rem'
3448 5069 3569 5110 eam

2009 5120 2348 5192 tranquillius
2364 5123 2691 5184 tractaretis,
2713 5123 2900 5192 procul
2919 5122 3084 5177 dubio
3111 5125 3251 5178 hanc
3281 5125 3570 5180 absurdam

2006 5190 2403 5262 dissonantiam
2435 5190 2732 5262 sentiretis.
2762 5195 2829 5248 At
2853 5194 2980 5261 quia
3016 5209 3160 5249 nunc
3187 5195 3572 5262 magistrorum

2008 5259 2396 5315 traditionibus
2463 5261 2685 5326 addicti,
2737 5259 2901 5332 atque
2957 5262 3162 5319 idcirco
3198 5259 3337 5319 male
3396 5265 3572 5320 aﬂ'ecti

2008 5341 2137 5386 sunt
2180 5332 2424 5401 quidam,
2464 5332 2539 5386 nil
2574 5333 2769 5404 mir_um
2806 5335 2850 5387 si
2882 5349 2912 5386 a
2947 5349 3021 5404 re,
3046 5332 3396 5404 quantumvis
3417 5336 3580 5390 abso—

2009 5417 2100 5465 na,
2146 5416 2255 5455 non
2307 5404 2610 5470 patlnntur.
2657 5402 2811 5470 Quod
2860 5404 2904 5459 si
2953 5401 3093 5459 forte
3137 5421 3242 5459 non
3297 5407 3368 5460 ita
3432 5407 3574 5460 beati

2007 5472 2369 5541 quorumdam
2402 5475 2565 5538 oculi,
2609 5483 2671 5528 ut
2707 5475 2820 5529 haec
2859 5475 3094 5538 videant,
3122 5476 3313 5530 saltem
3354 5491 3422 5531 ne
3469 5476 3579 5531 sint

2008 5558 2268 5610 nequam,
2305 5551 2363 5595 ut
2387 5544 2493 5604 his.
2524 5545 2617 5611 qui
2646 5545 2848 5609 vident,
2879 5543 3175 5600 invideant.
3207 5545 3298 5600 Sic
3322 5547 3432 5600 ille.

2079 5612 2192 5682 (82)
2232 5613 2372 5678 Quid
2397 5623 2498 5682 ,est
2549 5615 2831 5685 Deiparam
2883 5615 3054 5668 solam
3090 5631 3211 5671 esse
3255 5615 3576 5670 immacula-

2007 5691 2142 5756 taiu,
2165 5685 2265 5738 nisu
2299 5685 2470 5739 solam
2526 5686 2645 5741 sine
2671 5686 2922 5756 originali
2980 5687 3194 5740 macula
3224 5688 3570 5756 conceptam?

2011 5753 2084 5808 ita
2117 5761 2175 5807 ut
2211 5770 2336 5810 cum
2370 5757 2548 5811 cancri
2582 5753 2782 5811 omnes
2821 5756 3067 5825 concepti
3107 5756 3158 5810 in
3187 5753 3411 5824 peccato
3450 5755 3568 5811 fue-

2008 5825 2137 5893 rint,
2162 5825 2277 5897 ipsa
2306 5829 2421 5883 soia
2455 5839 2712 5900 concepta
2756 5827 2914 5884 fuerit
2950 5828 3066 5883 sine
3093 5826 3221 5881 illo?

3141 5921 3218 5982 38
