4078 6294
453 378 586 444 1227

447 591 820 655 immaculata,
872 599 928 646 et
954 590 1025 645 ad
1067 599 1121 646 te
1159 588 1456 657 vocifcror,
1486 598 1545 644 ut
1574 593 1908 647 mediatione
1939 603 2031 649 tua

446 699 536 737 me
560 682 763 738 abillis
791 681 1031 737 allevare
1072 680 1316 750 digneris
1349 695 1366 732 A:
1398 687 1453 732 tu
1505 680 1651 734 enim
1694 696 1755 736 es
1799 683 2036 751 gloriosa

446 782 793 846 peccatorum
849 786 1102 845 patrona,
1152 789 1273 843 quae
1332 769 1759 842 Redemptorem
1798 791 1862 829 ac
1903 775 2036 831 Sal-

443 878 686 922 vatorem
715 868 999 939 peperisti.

518 979 835 1051 Speciosam
871 982 1037 1037 redde
1077 983 1318 1049 animam
1365 1001 1570 1052 meam,
1606 1000 1641 1041 0
1694 986 1881 1056 Virgo,
1911 1000 2035 1056 pas-

449 1073 674 1128 sionum
713 1071 963 1129 fceditate
1010 1074 1398 1145 deformatam,
1453 1090 1507 1134 et
1532 1080 1681 1133 muni
1715 1094 1812 1134 cor
1851 1096 2033 1135 meum

444 1167 710 1222 miserum
737 1182 881 1223 verae
912 1169 1246 1238 poenitentiae
1269 1171 1720 1242 cogitationibus.
1741 1181 1793 1226 et
1819 1172 2033 1226 salvum

450 1275 539 1315 me
569 1262 673 1326 fac,
706 1276 740 1316 ο
765 1271 938 1329 casta,
970 1262 1064 1332 qui
1100 1261 1168 1317 ad
1198 1272 1250 1319 te
1289 1275 1609 1340 constanter
1636 1277 1804 1337 atque
1831 1268 2034 1322 immo-

448 1355 634 1410 bilitcr
663 1353 947 1427 confugio.

511 1466 691 1523 Locus
730 1467 1186 1527 sanctiﬁcationis
1223 1471 1365 1526 facta
1402 1486 1481 1537 es,
1520 1487 1554 1526 ο
1596 1469 1788 1541 Virgo,
1823 1486 1886 1525 ex
1920 1485 2031 1541 quo

443 1561 587 1617 Deus
623 1563 880 1630 apparuit
918 1565 1274 1620 sanctificans
1302 1579 1426 1627 nos,
1462 1566 1556 1634 qui
1589 1581 1713 1621 cum
1749 1565 1853 1619 tide
1896 1581 2031 1619 con-

440 1656 679 1710 cinimus
715 1673 728 1710 :
771 1654 1123 1725 Benedictus,
1176 1673 1210 1713 ο
1246 1658 1578 1725 castissima,
1635 1659 1848 1714 fructus
1903 1673 2034 1712 ven-

440 1748 541 1804 tris
569 1749 669 1804 tui.

508 1841 833 1908 Racemum,
864 1856 1026 1912 quem
1060 1842 1208 1898 nulla
1230 1845 1486 1914 agricolae
1519 1859 1717 1899 manus
1750 1842 2024 1909 excoluit,
2064 1874 2105 1928 Β

437 1943 492 1989 et
521 1949 585 1988 ex
610 1949 720 2003 quo
754 1935 1108 2006 indulgentiae
1146 1936 1333 1992 vinum
1370 1936 1579 1992 efﬂuxit
1601 1977 1616 2002 ,
1675 1951 1802 1991 cum
1835 1951 2032 1990 conce-

440 2027 607 2096 peris,
664 2040 697 2080 ο
735 2023 898 2095 Virgo
932 2023 1128 2093 Mater,
1176 2043 1207 2081 a
1257 2027 1610 2098 passionibus
1639 2025 1942 2094 ebrietatis,
1985 2036 2036 2082 te

439 2132 653 2189 precor.
687 2117 856 2172 libera
892 2132 999 2172 me.

509 2209 791 2274 lllumina,
817 2225 1026 2281 quaeso,
1055 2220 1261 2281 operta
1283 2209 1659 2278 lucis,oculos
1691 2212 1877 2268 cordis
1904 2211 2032 2278 mei,

422 2304 598 2374 .207
644 2306 834 2372 procul
877 2305 1151 2373 repellens
1193 2303 1662 2374 profundissimas
1714 2305 1924 2377 peccati
1955 2312 2036 2359 te-

442 2399 647 2453 nebras
673 2413 739 2452 cx
775 2395 979 2452 infelici
1013 2397 1202 2451 anima
1230 2413 1391 2463 mea;
1443 2407 1504 2453 ut
1561 2407 1613 2455 te
1662 2397 2030 2469 magnitlcem,

440 2506 604 2562 teque
639 2506 765 2546 cum
806 2490 1004 2547 affectu
1065 2489 1370 2546 collaudem
1419 2491 1573 2547 omni
1625 2491 1786 2547 laude
1822 2488 2034 2561 dignis-

438 2597 656 2639 simam.

441 2740 525 2795 E1:
551 2739 766 2812 Curione
784 2740 984 2812 duplici
1004 2742 1059 2792 in
1080 2739 1212 2809 {esto
1240 2738 1342 2794 SS.
1367 2739 1738 2812 Apostolorum
1763 2738 2031 2812 Stachyis,

518 2811 780 2878 Amplirr,
828 2808 1087 2869 Urbani;
1147 2808 1476 2875 Aristobol‘i,
1544 2822 1591 2864 et
1643 2808 1946 2879 Narcissi,'
1982 2820 2034 2866 et

513 2884 574 2936 S.
611 2882 884 2952 Epimachi
912 2890 1228 2952 martyrum,
1256 2885 1343 2936 die
1372 2883 1461 2937 51.

511 3101 749 3159 Montem
808 3103 902 3158 Dei
941 3105 1346 3162 lucidissimum
1373 3151 1388 3176 ,
1437 3125 1622 3164 aream
1659 3119 1934 3177 sanctam,
1968 3126 2034 3166 ac

1589 377 1652 440 S.
1694 377 2011 441 JOSEPHI
2047 381 2615 445 HYMNOGRAPHI

516 497 680 556 Gravi
746 503 1102 568 peccatorum
1145 494 1364 552 sarcina
1408 508 1626 566 semper
1659 499 1965 566 opprimor,
2010 515 2044 553 o
2072 507 2117 563 Α

3582 376 3725 451 1228

2225 502 2532 573 Ἀμαρτίας
2589 501 2787 574 βαρείᾳ
2833 503 3065 556 πάντοτε
3123 502 3447 575 περίκειμαι
3513 506 3740 581 φορτίὲο

2138 596 2397 668 άχραντε,
2421 601 2514 652 καὶ
2537 598 2646 669 βοῶ
2670 616 2778 665 σοι,
2811 598 3018 653 τούτων
3039 599 3290 673 μεσιτείᾳ
3317 618 3387 670 με
3409 601 3734 674 ἐλάφρυνονο

2140 690 2204 742 σὺ
2226 691 2336 762 γὰρ
2369 685 2422 743 εἷ
2468 693 2769 764 προστάτις
2801 692 3149 763 ἁμαρτωλῶν
3191 692 3589 767 δεδοξασμένῃ,
3641 696 3742 751 λυ-

2135 782 2354 854 τρωτὴν
2385 784 2481 837 καὶ
2509 784 2742 855 Σωτῆρα
2776 785 3054 855 κυήσασα.

2218 982 2518 1057 Ὦραίωσον
2572 987 2672 1059 τὴν
2740 986 2923 1058 ψυχήν
2975 1005 3102 1058 μου,
3158 987 3430 1057 Παρθένε,
3485 989 3737 1065 ἀμορφία

2134 1076 2242 1128 τῶν
2297 1077 2488 1130 παθῶν
2547 1077 2962 1150 κρατουμένην,
3011 1078 3108 1132 καὶ
3151 1078 3439 1149 λογισμοῖς
3499 1080 3729 1152 ἀληθοῦς

2137 1166 2430 1230 μετανοίας
2460 1161 2560 1232 τὴν
2618 1164 2885 1232 ταπεινήν
2918 1180 3021 1234 μοι)
3053 1163 3281 1234 καρδίαν
3301 1164 3612 1236 ὀχύρωσον,
3646 1169 3739 1220 καὶ

2137 1256 2310 1310 σῶσόν
2359 1274 2427 1328 με
2464 1257 2557 1309 τὸν
2603 1256 2696 1309 ἐπὶ
2724 1259 2810 1310 σοὶ
2844 1255 3208 1320 ἀδιστάκτως,
3250 1257 3414 1329 ἁγνὴ,
3459 1259 3721 1330 καταφεύ

2133 1365 2318 1417 γοντα.

2205 1462 2404 1529 Τόπος,
2471 1461 2738 1533 Παρθένε,
2798 1462 3116 1534 ἀνεδείχθης
3159 1463 3528 1534 ἀγιάσματος,
3563 1466 3626 1532 ἐξ
3671 1461 3737 1523 οὗ

2134 1554 2266 1619 Θεὸς
2289 1556 2486 1626 ἐφάνη,
2511 1556 2756 1624 ἁγιάζων
2778 1557 2927 1627 ἡμᾶς
2957 1557 3082 1620 τοὺς
3109 1557 3293 1610 πίστει
3324 1557 3691 1629 μελῳδοῦντας
3709 1573 3728 1589 ⁸

2135 1649 2537 1721 Εὐλογημένος,
2574 1649 2820 1720 πάναγνε
2896 1652 2926 1704 ὁ
2957 1650 3175 1721 καρπὸς
3207 1652 3307 1723 τῆς
3348 1653 3451 1724 σῆς
3499 1650 3726 1714 κοιλίας.

2207 1837 2315 1891 Τὸν
2353 1836 2712 1910 ἀγεώργητον
2780 1841 2984 1912 βότρυν
3035 1842 3400 1906 συλλαόοῦσα,
3448 1842 3740 1913 άναπηγά-

2139 1925 2300 1993 ζοντα
2326 1924 2493 1996 οἶνον,
2522 1929 2976 2003 Παρθενομῆτορ,
3002 1933 3278 2001 ἀφέσεως,
3302 1931 3414 1986 τῶν
3440 1931 3635 1988 παθῶν
3662 1949 3735 2004 μι

2139 2020 2238 2089 τῆς
2280 2018 2452 2092 μέθης
2476 2020 2814 2087 ἀπάλλαξον,
2840 2022 3060 2094 δέομαι.

2207 2206 2467 2274 ψώτισον,
2498 2208 2642 2280 πύλη
2699 2208 2794 2263 τοῦ
2833 2209 3034 2278 φωτὸς,
3082 2209 3182 2280 τῆς
3225 2209 3458 2282 καρδίας
3499 2228 3604 2283 μου
3665 2211 3737 2266 τά

2136 2300 2384 2372 ὄμματα,
2429 2299 2649 2372 δέομαι,
2694 2301 2918 2373 μακρὰν
2978 2300 3278 2356 ἐλαύνουσα
3320 2302 3420 2374 τῆς
3459 2303 3736 2375 ἁμαρτίας

2140 2392 2331 2457 σκότος
2365 2391 2668 2464 βαθύτατον
2698 2396 2763 2449 ὲκ
2791 2395 2892 2466 τῆς
2915 2395 3109 2460 ἀθλίας
3141 2413 3244 2468 μου
3277 2397 3480 2470 ψυχῆς,
3515 2398 3605 2453 ίνα
3636 2414 3738 2469 με·

2138 2486 2358 2557 γαλΰνω
2385 2505 2466 2554 σε,
2493 2488 2581 2541 ἵνα
2620 2487 2775 2560 πόοῳ
2804 2504 2861 2543 σε
2894 2489 3051 2560 ὑμνῶ
3079 2494 3181 2562 την
3208 2491 3586 2563 πανὺμνητον.

2150 2741 2254 2796 Ἕκ
2301 2742 2412 2815 τοῦ
2464 2743 2738 2809 Κανόνος
2776 2745 2865 2810 είς
2908 2743 3053 2809 τοὺς
3089 2743 3301 2815 ἁγίους
3348 2745 3734 2814 ἀποστόλους

2208 2812 2472 2884 Στάχυα,
2551 2815 2861 2883 Ἀμπλίαν,
2912 2812 3243 2884 Οὐρϐακὸν,
3297 2812 3729 2882 Ἁριστόόολον,

2206 2883 2580 3023 Ιῖἁῖκισῖον,
2617 2885 2716 2940 καί
2743 2885 2854 2938 τὸν
2886 2884 3061 2956 ἅγιον
3082 2883 3352 2955 μάρτυρα
3375 2884 3722 2952 Ἑπίμαχον,

2209 2973 2231 3008 ⁷
2249 2972 2290 3025 μ
2320 2971 2401 3024 ρςι
2468 2973 2502 3008 α
2526 2995 2541 3011 ο

2207 3111 2283 3166 Τὸ
2297 3111 2594 3185 περιφανὲς
2611 3112 2736 3184 ὅρος
2759 3111 2918 3180 Θεοῦ,
2938 3113 3038 3185 τὴν
3057 3109 3289 3167 κιϐωτὸν
3307 3110 3406 3182 τὴν
3426 3107 3611 3178 ἁγίαν,
3628 3105 3728 3160 καὶ

439 3213 710 3263 mensam,
745 3214 943 3253 urnam
993 3207 1164 3255 totam
1219 3217 1467 3266 auream,
1502 3204 1768 3258 mundum
1807 3203 1901 3260 Dei
1935 3220 2029 3276 pa-

2145 3209 2437 3280 τράπεζαν,
2480 3209 2722 3280 στάμνον
2752 3226 2811 3263 τε
2850 3209 3194 3281 πάγχρυσον,
3227 3208 3289 3263 τὸ
3344 3204 3584 3279 καθαρὸν
3627 3201 3727 3258 τοῦ

441 3292 658 3353 latium,
688 3292 1034 3348 benedictam
1073 3293 1214 3349 inter
1238 3295 1500 3352 mulieres
1525 3296 1923 3354 bcatificemus.

509 3471 755 3526 (Latitabo
783 3471 904 3537 tibi,
950 3471 1181 3527 Domine
1216 3471 1359 3528 Deus
1401 3477 1879 3545 meus;quoniam
1910 3492 2032 3534 sine

439 3555 647 3617 semine
680 3580 745 3617 ex
778 3574 935 3618 utero
976 3557 1217 3631 Virginis
1241 3577 1403 3622 natus
1425 3584 1508 3633 es,
1547 3583 1640 3638 per
1673 3585 1839 3638 quam
1866 3584 2031 3628 etiam

439 3659 620 3712 salvas
651 3658 939 3712 universos
975 3666 1236 3726 tanquam
1293 3660 1464 3715 multa
1500 3663 1769 3732 prmditus
1801 3665 2035 3721 miseri-

438 3750 646 3805 cordia.

511 3841 812 3896 Thalamus
871 3842 1078 3898 Christi
1121 3844 1408 3914 luciferus,
1445 3863 1511 3904 ac
1563 3849 1794 3907 thronus
1825 3853 2033 3909 altissi-

418 3952 562 3992 .mus
579 3934 722 3990 facta
752 3951 835 4001 es,
861 3951 894 3990 ο
924 3934 1018 3990 Dei
1051 3939 1289 4008 genitri-x
1320 3940 1387 3994 ab
1416 3944 1564 3996 omni
1589 3943 1708 3999 labe
1734 3945 2031 4009 immunis;

427 4030 495 4084 .in
532 4039 584 4083 te
603 4029 751 4083 cnim
784 4043 911 4081 cum
944 4031 1097 4086 solus
1123 4031 1212 4086 ille
1238 4033 1622 4103 requievisset,
1659 4046 1879 4092 nostros
1908 4038 2034 4092 abs-

435 4121 564 4175 tulit
607 4118 850 4186 labores,
887 4130 942 4175 et
994 4120 1237 4177 futuram
1308 4126 1552 4194 requiem
1594 4125 1777 4198 dignis
1825 4144 2036 4199 praepa-

435 4213 597 4269 ravit.

487 4327 692 4392 Salve,
724 4325 896 4383 Mater
927 4329 1026 4382 viri
1077 4327 1296 4392 nescia,
1334 4342 1456 4395 qua:
1499 4326 1675 4382 .Deum
1704 4328 1940 4382 Verbum
1976 4329 2029 4382 in

416 4431 590 4477 .utero
622 4432 717 4475 tuo
758 4421 1101 4485 contiuuisti,
1143 4429 1310 4488 atque
1353 4419 1698 4475 iucaruatum
1746 4421 2027 4491 peperisti,

437 4528 697 4588 tanquam
730 4513 902 4569 Deum
929 4511 1096 4566 simul
1122 4523 1178 4566 et
1199 4510 1501 4566 hominem.

489 4630 732 4703 .Angelis
756 4627 1089 4684 eminentior
1135 4627 1456 4696 apparuisti,
1495 4642 1530 4682 ο
1577 4627 1848 4695 Domina;
1901 4645 2026 4684 eum

435 4741 678 4798 namque
706 4724 801 4797 qui
850 4723 956 4777 illis
1016 4734 1102 4776 cst
1133 4720 1520 4787 formidabilis,
1577 4722 1923 4776 ineffabiliter
1971 4723 2028 4776 in

437 4829 589 4874 utero
631 4818 917 4875 continere
949 4817 1112 4886 digna
1159 4815 1303 4870 facta
1337 4830 1420 4881 es,
1463 4826 1516 4869 et
1549 4823 1814 4885 tanquam
1847 4813 2029 4869 infau-

438 4922 544 4964 tem
574 4910 630 4963 in
664 4910 920 4965 manibus
949 4918 1165 4976 gestare
1212 4906 1392 4972 illum,
1425 4905 1520 4977 qui
1579 4905 1696 4960 dies
1723 4919 1915 4959 omnes
1963 4918 2028 4959 ac

435 5012 681 5072 tempora
719 4999 992 5070 praecedit.

506 5096 642 5160 Ave,
677 5110 710 5149 0
745 5092 979 5156 Deipara
1033 5096 1282 5166 innupta,
1311 5109 1434 5165 quae
1465 5094 1792 5152 Clierubicis
1821 5097 2030 5152 ordini-

437 5189 542 5244 bus
582 5188 877 5244 sublimior
916 5189 1096 5252 fuisti,
1133 5197 1184 5243 et
1211 5188 1380 5242 Deum
1428 5187 1774 5242 incarnatum
1805 5188 1860 5242 iu
1887 5188 2029 5244 ulnis

439 5291 655 5336 vectum
683 5283 931 5351 gestasti.

513 5397 692 5467 Supra
745 5399 898 5452 verbi
943 5409 1294 5468 conceptum,
1346 5395 1584 5450 Verbum
1632 5397 1934 5467 concepisti
1964 5413 2029 5453 ac

2050 4555 2105 4617 D

2133 3301 2342 3374 Κυρίου
2367 3299 2653 3368 παλάτιον,
2683 3300 2784 3373 τὴν
2817 3300 3198 3374 εὐλογημένην
3239 3302 3297 3357 ἑν
3356 3297 3574 3370 γυναιξὶ
3618 3314 3728 3369 μα-

2135 3393 2480 3466 καρίσωμεν.

2211 3485 2450 3558 ’ᾼσομαί
2499 3504 2603 3554 σοι,
2639 3487 2816 3560 Κύριε
2871 3488 2901 3540 ὁ
2933 3486 3069 3550 Θεός
3102 3489 3228 3556 μου,
3261 3488 3343 3541 ὅτι
3376 3489 3636 3557 ἀσπόρως
3664 3484 3734 3537 ἐκ

2135 3577 2371 3647 γαστρὸς
2404 3576 2683 3648 Παρθένου
2713 3577 2965 3648 ἐτέχθης,
2993 3576 3064 3629 δι’
3097 3573 3166 3650 ἦς
3194 3577 3289 3629 καὶ
3320 3577 3515 3640 σώζεις
3557 3575 3730 3629 ἃπαν-

2133 3687 2258 3734 τας,
2293 3670 2366 3733 rb;
2403 3671 2564 3740 μόνος
2603 3668 2910 3732 πολυέλεος.

2207 3854 2428 3918 Παστὰς
2457 3852 2696 3924 Χριστοῦ
2730 3851 3066 3922 φωτοφόρος,
3093 3846 3188 3902 καὶ
3226 3845 3416 3918 θρόνος
3448 3843 3723 3916 ὑψηλότα-

2135 3966 2246 4014 τος,
2278 3946 2665 4016 Θεογεννῆτορ,
2719 3943 2928 4011 ὤφθης,
2985 3940 3296 4010 πανάμωμε
3321 3953 3335 3968 δ
3377 3940 3448 4007 ,ἐν
3478 3938 3562 3992 σοὶ
3611 3937 3726 4010 γάρ

2132 4041 2297 4110 μόνος
2318 4034 2776 4103 ἀναπαυσάμενος
2831 4034 2957 4095 τοὺς
2988 4031 3149 4102 ήμῶν
3203 4030 3467 4102 άφείλατο
3496 4031 3723 4098 κόπους,

2135 4130 2228 4184 καὶ
2249 4128 2347 4198 τὴν
2388 4125 2690 4196 μέλλουσαν
2711 4125 2827 4189 τοῖς
2848 4122 3023 4190 ἀξίοις
3057 4123 3397 4196 ηὐτρέπισεν
3423 4123 3610 4178 ἄνεσιν

2205 4329 2453 4400 Χαίροις.
2512 4329 2707 4401 Μῆτερ
2752 4328 3125 4398 ἁπειρόγαμι,
3180 4328 3214 4398 ἡ
3260 4325 3405 4389 ,Θεὸν
3451 4326 3623 4395 Λόγον
3665 4326 3725 4379 ἐν

2133 4421 2334 4493 γαστρί
2373 4438 2467 4474 σου
2501 4422 2828 4492 χωρήσασα,
2859 4420 2958 4475 καὶ
2997 4418 3233 4474 τεκοῦσα
3277 4419 3721 4490 σεσαρκωμένον,

2134 4516 2206 4580 ὡς
2236 4515 2368 4570 Θεὸν
2395 4513 2532 4585 ὁμοῦ
2563 4512 2659 4566 καὶ
2687 4513 3004 4586 ἄνθρωπον.

2212 4627 2448 4702 Ὠράθης
2476 4627 2730 4696 ἀγγέλων
2761 4628 3125 4699 ὑπερέχουσα,
3163 4627 3432 4681 Δέσποινα
3451 4643 3465 4656 ·
3492 4625 3586 4679 τὸν
3615 4625 3719 4695 γὰρ

2133 4723 2364 4786 ἐκείνοις
2396 4721 2631 4793 φοϐερὸν
2678 4722 3104 4794 ἁνερμηνεύτως
3137 4721 3196 4772 ἐν
3227 4719 3430 4789 γαστρὶ
3475 4717 3725 4788 χωρῆσαι

2133 4817 2391 4886 ἠξίωσαι,
2424 4818 2520 4870 καὶ
2555 4817 2613 4870 ἐν
2650 4818 2810 4886 χερσὶ
2843 4815 3112 4887 βαστάσαι
3140 4813 3389 4880 καθάπερ
3408 4814 3602 4883 νήπιον
3629 4811 3727 4865 τὶν

2132 4910 2357 4982 ἡμερῶν
2381 4927 2445 4963 τε
2477 4911 2569 4965 καί
2591 4909 2800 4983 χρόνων
2826 4909 3104 4962 ἐπέκεινα.

2202 5097 2396 5168 Χαῖρε,
2432 5095 2666 5149 Θεοτόκε
2687 5094 3025 5165 ἀνύμφευτε,
3049 5089 3390 5161 χερουόικῶν
3422 5088 3725 5160 ταγμάτων

2132 5189 2500 5261 ὑπερέχουσα,
2530 5189 2625 5243 καὶ
2644 5187 2780 5240 Θεὸν
2804 5189 2862 5240 ὲν
2891 5185 3160 5254 ἀγκάλαις
3180 5181 3549 5254 ἑποχούμενον
3581 5183 3722 5254 μετὰ

2133 5281 2332 5352 σαρκὸς
2360 5279 2700 5351 βαστάσασα.

2198 5393 2499 5456 Συνέλαὸες
2523 5394 2664 5464 ὑπὲρ
2692 5393 2849 5462 λόγον
2875 5391 2966 5444 τὸν
2984 5390 3182 5458 Λόγον,
3216 5388 3312 5443 καὶ
3342 5386 3551 5453 ἔτεκες,
3583 5403 3722 5440 παν-

435 5492 717 5562 peperisti,
773 5507 806 5544 ο
861 5490 1120 5544 omnibus
1170 5489 1428 5542 laudibus
1482 5489 1834 5553 celebranda,
1878 5491 2026 5560 quod

2145 5488 2360 5558 ἱμνητε,
2426 5488 2488 5539 ὃν
2546 5486 2734 5556 Πατὴρ
2788 5487 2854 5538 ἐκ
2911 5483 3150 5554 γαστρὸς
3221 5482 3562 5550 άπεγέννησε
3614 5479 3724 5549 πρὸ

436 5587 599 5639 Pater
630 5600 696 5640 ex
737 5595 892 5639 utero
927 5591 1053 5636 aute
1102 5582 1301 5637 saecula
1343 5580 1645 5650 generat-it.
1678 5578 1831 5635 Unde
1876 5588 1951 5648 te,
1992 5596 2026 5635 ο

2145 5581 2362 5646 ιξώνων,
2391 5579 2629 5650 ἄχραντε
2651 5597 2664 5610 ·
2687 5581 2811 5634 ὃθεν
2865 5578 2938 5642 ώς
2969 5577 3162 5632 τούτου
3189 5594 3247 5630 σε
3277 5577 3507 5647 Μητέρα
3543 5592 3721 5644 χρεω-

436 5678 722 5743 inviolata,
765 5688 1026 5747 tanquam
1084 5675 1232 5730 illius
1264 5673 1492 5729 Matrem
1533 5690 1634 5744 pro
1664 5675 1850 5732 debito
1893 5675 2025 5733 bea-

2145 5672 2329 5738 ςτικῶς
2354 5673 2754 5746 μακαρίζομεν.

430 5783 545 5828 tam
587 5770 946 5842 appellamus.

503 5865 640 5930 Quis
671 5865 847 5918 valent
870 5861 1164 5932 explicare,
1208 5877 1240 5916 ο
1270 5869 1442 5926 casta,
1471 5860 1850 5914 admirabilem
1892 5877 2020 5931 par-

2198 5863 2292 5928 Τίς
2324 5863 2562 5929 ἐξειπεῖν
2607 5864 2900 5935 δυνήσεται
2943 5861 3037 5917 τοῦ
3071 5863 3231 5916 τόκου
3287 5874 3400 5924 σου.
3438 5857 3599 5927 ἁγνὴ,
3626 5852 3718 5908 τὸν
