4078 6294
333 420 478 486 i229

1744 392 2113 466 MARIALE.

3465 395 3618 462 1230

329 529 474 601 ὑπὲρ
497 525 659 596 λόγον
691 519 998 592 παράδοξον
1045 516 1288 588 τρόπον;
1319 513 1483 586 φύσει
1524 513 1635 587 γὰρ
1671 513 1809 569 Θεὸν
1836 531 1927 567 σε-

2057 528 2121 570 us
2147 511 2222 568 tui
2252 511 2418 583 203
2450 509 2741 577 rationem,
2778 525 2904 583 qua:
2925 509 3079 566 omni
3110 509 3324 566 ratione
3342 515 3427 565 est
3455 524 3621 582 supe-

332 619 690 696 σαρκωμένον
721 616 862 690 ὑπὲρ
891 613 1054 682 λόγον
1085 611 1351 683 ὲκύησας.

419 793 732 866 ’Υμνοῦμέν
765 808 826 846 σε
857 791 928 844 δι’
978 785 1053 862 ἧς
1113 786 1522 858 ὲδικαιὼθημεν
1562 786 1615 839 oi
1659 784 1926 858 πρότερον

331 889 682 953 κατάκριτοι,
709 884 807 938 xui.
838 881 1198 953 συνήφθημεν
1231 881 1421 943 ἀΰλοις
1462 879 1801 948 λειτουργοῖς
1830 879 1926 932 καὶ

334 979 431 1032 τοῦ
464 975 795 1048 παραδείσου
828 971 1167 1045 ἠξιώθημεν,
1215 973 1276 1027 ὲν
1302 971 1547 1043 γυναιξὶν
1585 969 1923 1042 εὐλογημένη

335 1069 718 1142 θεοχαρίτωτε.

407 1160 747 1231 Δυσὼπησον
805 1159 949 1230 ὑπὲρ
996 1157 1106 1211 τῶν
1169 1155 1401 1210 οίκετῶν
1448 1173 1566 1222 σου,
1639 1153 1925 1224 Θεόνυμφε

335 1255 591 1321 Θεοτόκε,
623 1253 718 1306 τὸν
742 1254 809 1306 ἐκ
840 1251 935 1304 σοῦ
969 1248 1350 1322 σαρκωθέντα,
1383 1247 1515 1301 Θεὸν
1541 1245 1722 1318 ἡμῶν,
1749 1246 1833 1299 ὅτι
1868 1245 1927 1298 σὲ

337 1349 432 1402 καὶ
463 1349 636 1419 μόνην
669 1343 1012 1417 προστασίαν
1041 1341 1226 1396 πιστοὶ
1254 1338 1626 1409 ἐπιστάμεθα.

420 1527 613 1584 Ῥὖσαι
655 1527 805 1598 ἡμᾶς
846 1523 1198 1600 πειρασμῶν,
1239 1523 1335 1577 καὶ
1366 1519 1625 1590 θλίψεων,
1658 1519 1754 1573 καὶ
1795 1535 1934 1589 συμ-

340 1623 525 1695 φορῶν
560 1620 944 1685 παντοδαπῶν,
987 1619 1085 1672 καὶ
1113 1615 1420 1688 Βαρϐάρων
1480 1611 1812 1686 ἐπιδρομῆς,
1841 1610 1938 1663 Δέ-

2030 606 2185 662 rior?
2213 605 2349 659 Eum
2386 617 2624 676 namque
2649 603 2746 676 qui
2805 612 3000 675 suapte
3053 612 3248 658 natura
3297 602 3436 660 Deus
3476 611 3619 672 erat,

2028 712 2195 767 supra
2236 695 2386 752 verbi
2417 703 2769 766 conceptum,
2802 695 3151 749 incarnatum
3191 694 3473 764 peperisti.

2098 783 2410 840 Laudamus
2451 793 2523 850 te,
2585 798 2619 838 ο
2662 783 2948 846 benedicta
2995 783 3139 839 inter
3186 780 3624 850 mulieres,'Deo

2030 879 2375 950 gratissima,
2434 894 2534 950 per
2565 895 2731 949 quam
2762 895 2862 936 nos
2911 889 3072 935 antea
3129 882 3375 936 damnati
3419 880 3625 951 justiﬁ-

2029 973 2136 1028 cati
2161 989 2376 1038 sumus,
2407 978 2462 1027 et
2491 972 2948 1029 immaterialibus
2975 974 3247 1029 ministris
3265 974 3527 1045 cooptati,
3561 989 3629 1030 ac

2033 1065 2290 1136 paradiso
2321 1065 2468 1136 digni
2497 1065 2627 1120 facti
2664 1081 2879 1122 sumus.

2103 1156 2304 1223 Exora,
2341 1173 2376 1212 ο
2410 1156 2505 1212 Dei
2527 1156 2742 1228 Sponsa
2770 1156 3028 1228 Deipara,
3063 1172 3165 1228 pro
3213 1156 3438 1212 famulis
3493 1157 3627 1220 tuis,

2029 1246 2200 1304 Deum
2239 1259 2513 1316 nostrum,
2546 1250 2643 1321 qui
2688 1266 2755 1307 ex
2795 1259 2847 1306 te
2877 1250 3201 1307 incarnatus
3232 1258 3318 1305 est
3349 1267 3364 1307 :
3397 1259 3451 1306 te
3477 1249 3626 1305 enim

2030 1341 2255 1396 unicum
2311 1341 2677 1413 patrocinium
2732 1353 2986 1399 nostrum
3041 1357 3146 1398 nos
3203 1340 3390 1398 fideles
3446 1353 3624 1413 agno-

2032 1449 2264 1489 SCImUS.

2107 1527 2303 1583 Libera
2337 1542 2464 1592 nos,
2486 1543 2519 1585 ο
2548 1506 2804 1595 Domina,
2843 1543 3060 1585 summe
3112 1525 3410 1593 laudanda,
3439 1540 3471 1580 a
3511 1535 3634 1582 ten-

2044 1620 2376 1687 tationibus,
2419 1621 2896 1688 tribulationibus,
2951 1622 3265 1694 omnigenis
3305 1613 3638 1678 calamitati-

341 1732 536 1768 σποινα
564 1715 704 1768 πανὺ
713 1731 908 1786 μνητε,
954 1713 1104 1777 ὅπως
1147 1728 1208 1764 σε
1237 1709 1574 1779 δοξάζωμεν,
1601 1706 1698 1760 καὶ
1724 1705 1817 1758 τὸν
1872 1705 1939 1758 ὲκ

2053 1726 2166 1778 bus,
2199 1724 2360 1786 atque
2416 1731 2447 1771 a
2478 1715 2846 1772 Barbarorum
2875 1715 3104 1771 incursu

3162 1733 3176 1771 :
3237 1724 3298 1773 ut
3337 1725 3414 1782 te,
3449 1731 3482 1772 o
3536 1713 3636 1771 Dei

342 1804 438 1858 σοῦ
469 1805 753 1875 τεχθέντα,
789 1805 1100 1876 Θεόνυμφε,
1151 1803 1244 1858 τὸν
1283 1803 1497 1856 αἰνετὸν
1539 1799 1652 1854 τῶν
1683 1799 1939 1870 πατέρων

2053 1805 2280 1876 Sponsa,
2322 1806 2715 1876 glorificemus,
2744 1817 2911 1878 atque
2943 1807 3119 1876 illum,
3150 1809 3244 1878 qui
3281 1824 3347 1864 ex
3387 1816 3440 1864 te
3469 1815 3636 1864 natus

345 1899 477 1952 Θεὸν
499 1899 598 1954 καὶ
631 1896 1013 1969 ὑπερένδοξον.

431 2086 520 2139 Ἐν
546 2087 616 2158 τῇ
657 2084 913 2156 ἀφλέκτφ
943 2084 1114 2157 βάτῳ,
1143 2083 1240 2138 καὶ
1281 2080 1589 2155 δροσοϐόλῳ
1629 2077 1850 2151 καμίνῳ
1874 2077 1940 2131 σὺ

1970 1889 2016 1946 Β
2045 1906 2149 1967 est,
2183 1899 2515 1956 laudabilem
2566 1915 2632 1957 ac
2671 1902 3144 1974 supergloriosum
3181 1902 3354 1959 Deum
3411 1912 3632 1974 patrum

2040 2003 2383 2048 nostrorum.

2115 2085 2172 2142 in
2205 2087 2342 2143 rubo
2370 2087 2741 2157 incombusto,
2793 2098 2847 2143 et
2891 2087 2946 2144 in
2982 2088 3205 2145 fornace
3236 2105 3360 2146 rore
3392 2087 3636 2160 perfusa,

346 2179 729 2252 προεγράφης,
774 2177 1237 2251 Μητροπάρθενε,
1311 2175 1612 2249 ἀφράστως
1678 2173 1939 2245 κυήσασα

2053 2188 2102 2236 ιιι
2160 2181 2508 2252 praeﬁgurata
2571 2196 2651 2249 es,
2693 2197 2726 2236 o
2767 2179 2939 2238 Mater
2973 2183 3139 2255 Virgo
3167 2195 3340 2248 casta,
3379 2198 3443 2237 ac
3469 2182 3640 2238 liene-

349 2272 766 2344 σεσαρκωμένον
796 2271 950 2338 Θεὸν,
986 2272 1130 2340 ἁγνὴ
1155 2269 1522 2340 εὐλογημένη.

420 2365 491 2418 Σὲ
524 2364 620 2419 καὶ
642 2365 841 2434 τεῖχος,
884 2363 978 2417 καὶ
1009 2361 1356 2432 καταφυγὴν,
1402 2363 1498 2417 καὶ
1531 2361 1780 2432 κλίμακα
1810 2360 1948 2431 πρὸς

2045 2271 2214 2337 dicta,
2245 2288 2365 2342 qum
2393 2273 2564 2329 Deum
2598 2274 2949 2330 incarnatum
2976 2275 3328 2331 ineﬂ'abiliter
3376 2274 3637 2346 genuisti.

2118 2361 2196 2420 Te
2223 2379 2465 2432 murum,
2505 2362 2802 2436 refugium,
2850 2375 2904 2421 et
2936 2365 3164 2430 scalam,
3215 2381 3337 2436 qua:
3385 2366 3535 2421 ducit
3571 2366 3638 2420 ad

354 2459 488 2530 ὕψος
548 2457 899 2530 μετάγουσαν
947 2457 1008 2510 τὸ
1044 2456 1411 2528 ἀνθρώπινον,
1435 2455 1749 2527 πανάμωμε
1780 2455 1944 2526 ἁγνὴ,

2053 2456 2438 2514 sublimitatem
2463 2458 2768 2515 humanum
2795 2474 2992 2531 genus,
3024 2467 3413 2530 agnoscentes,
3435 2474 3468 2515 ο
3489 2467 3640 2514 casta

351 2551 558 2613 ειδότες
617 2550 1010 2621 κραυγάξομεν
1039 2567 1054 2582 ’
1115 2550 1431 2620 samem,
1472 2549 1655 2604 πάντα
1683 2549 1754 2604 τὰ
1806 2548 1948 2622 ἔργα

2053 2549 2278 2605 aboinni
2297 2550 2416 2606 labe
2434 2551 2721 2620 immunis,
2738 2552 3040 2608 clamamus
3067 2572 3079 2607 :
3102 2552 3433 2619 Benedicite,
3458 2553 3642 2608 omnia

351 2645 585 2717 Κυρίου,
616 2646 708 2699 τὸν
733 2646 959 2714 Κύριον,
986 2644 1276 2715 ὑμνεῖτε...

2053 2659 2215 2714 opera
2251 2642 2487 2710 Domini,
2521 2644 2836 2710 Dominum,
2870 2647 3109 2708 laudate.
3140 2655 3247 2702 etc.

431 2739 613 2793 Σῶσόν
646 2755 732 2812 με,
771 2739 931 2810 ἁγνὴ,
965 2739 1117 2810 ήτὸν
1147 2740 1377 2810 Σωτῆρα
1414 2737 1781 2808 ἀποκυήσασα
1813 2736 1951 2808 Χριο

2125 2736 2347 2791 Salvum
2379 2752 2463 2794 me
2487 2738 2595 2804 fac,
2637 2755 2672 2796 ο
2701 2749 2876 2806 casta,
2915 2756 3037 2812 qure
3064 2740 3345 2796 Christum
3393 2739 3645 2796 Salvato-

363 2835 508 2899 στὸν,
532 2836 666 2903 ἡμῖν
691 2832 1051 2904 ὁμοιωθέντα,
1075 2833 1224 2896 ὅπως
1243 2834 1303 2887 ὲν
1329 2832 1537 2887 αἰνέσει
1561 2848 1621 2885 σε
1651 2831 1738 2884 ἀεὶ
1774 2846 1953 2900 μακα-

360 2927 626 2998 ρίζωμεν,
660 2928 1026 2999 εὐλογημένη.

2053 2920 2216 2974 dibus
2243 2931 2296 2977 te
2317 2937 2530 2994 semper
2562 2924 2958 2988 beatiﬁcemus,
2982 2940 3015 2978 o
3054 2925 3358 2980 benedicta.

423 3021 613 3092 Φέρεις
644 3021 736 3075 τὸν
765 3022 834 3075 τὰ
875 3021 1054 3076 πάντα
1095 3021 1358 3090 φέροντα,
1393 3020 1490 3073 καὶ¹
1539 3017 1833 3088 γαλουχεϊς
1863 3015 1953 3068 τὸν

2128 3014 2320 3069 Portas
2347 3031 2468 3070 eum
2503 3017 2596 3088 qui
2629 3026 2815 3088 portat
2866 3018 3146 3086 universa,
3188 3028 3244 3073 et
3279 3019 3420 3074 lacte
3461 3017 3645 3074 nutris

357 3115 492 3168 πᾶσι
526 3117 732 3187 τροφὴν
765 3115 1101 3186 παρέχοντα,
1133 3115 1278 3184 μέγα
1317 3115 1414 3166 καὶ
1443 3111 1676 3182 φρικτὸν
1719 3111 1780 3163 τὸ
1814 3110 1954 3181 ὑπὲρ

2057 3121 2208 3171 eum,
2239 3108 2453 3179 quidat
2482 3111 2740 3166 omnibus
2771 3125 2978 3167 escam.
3047 3110 3303 3182 Magnum
3359 3126 3423 3167 ac
3454 3109 3647 3167 formi-

356 3205 483 3261 νοῦν
510 3224 603 3260 σου
637 3202 956 3278 μυστήριον,
987 3206 1204 3262 Κισωτὲ
1231 3205 1326 3259 τοῦ
1364 3202 1566 3258 σεπτοῦ
1592 3201 1954 3273 ἀγιάσματος,

2060 3197 2240 3253 dabile
2272 3201 2590 3270 mysterium
2614 3211 2790 3270 tuum,
2818 3205 2964 3274 quod
2992 3219 3212 3259 omnem
3235 3214 3468 3259 mentem
3500 3212 3652 3259 tran-

358 3299 606 3371 Παρθένε
642 3298 898 3364 Θεοτόηιιε,
934 3300 1060 3352 ὅθεν
1097 3299 1308 3363 πιστῶς
1340 3315 1401 3352 σε
1439 3295 1848 3370 μακαρίζομεν.

2061 3294 2294 3358 scendit,
2357 3309 2392 3350 ο
2418 3294 2561 3351 Area
2605 3296 2928 3352 veneranda:
2957 3298 3430 3364 sanctificationis,
3490 3296 3651 3368 Virgo

2053 2844 2190 2891 rem,
2220 2827 2425 2884 factum
2462 2831 2620 2888 nobis
2655 2832 2891 2887 similem
2924 2832 3222 2904 peperisti,
3267 2845 3328 2888 ut
3356 2848 3484 2889 cum
3520 2832 3643 2887 lau-

434 3487 616 3550 Φωτὸς
654 3487 996 3560 οίκητήριον,
1040 3487 1203 3558 ἁγνὴ,
1260 3487 1593 3559 γεγένησαιο
1645 3487 1737 3541 διὰ
1799 3487 1962 3542 τοῦτο

369 3577 596 3631 ἱκετεύω
630 3596 707 3642 σε,
751 3578 1010 3650 φώτισον,
1041 3579 1259 3650 δέομαι,
1314 3580 1414 3644 τὰς
1473 3582 1644 3652 κόρας
1671 3582 1773 3653 τῆς
1804 3599 1961 3636 τετα-

368 3673 712 3743 πεινωμένης
740 3673 969 3744 καρδίας
992 3691 1093 3744 μου
1127 3673 1316 3728 παθῶν
1347 3677 1467 3738 ταῖς
1490 3675 1759 3746 χαλεπαῖς
1782 3676 1962 3746 ἀμαυ·

367 3765 610 3839 ρότησιν,
631 3767 781 3833 ὅπως
810 3769 868 3821 ἐν
891 3767 1068 3821 πίστει
1101 3768 1391 3842 μακαρίζω
1418 3785 1496 3822 σε.

824 3980 834 3989 ,
857 3926 1016 3982 MHN
1052 3926 1480 3984 ΝΟΕΜΒΡΙΟΣ.

380 4061 482 4117 Ἐκ
533 4061 641 4117 τοῦ
693 4061 967 4133 Κανόνι-ος
994 4062 1083 4127 εἰς
1149 4061 1293 4130 τοὺς
1326 4062 1536 4133 ἁγίους
1566 4060 1965 4131 Ἀναργύρους

632 4131 881 4203 Κοσμᾶν
906 4133 1002 4185 καί
1036 4131 1586 4204 Δαμωνὸηῆμέρᾳ
1617 4140 1686 4187 α’.

449 4285 686 4357 Σωτῆρα
724 4288 822 4341 καὶ
855 4287 989 4342 Θεὸν
1028 4289 1086 4355 ἐξ
1115 4289 1300 4358 ἁγνῶν
1332 4307 1427 4343 σου
1459 4290 1713 4361 αἱμάτων
1743 4290 1963 4359 ἐσωμά-

376 4394 580 4441 τωσας,
608 4380 775 4450 ἁγνὴ,
799 4381 891 4433 τὸν
921 4381 1174 4447 δείξαντα
1207 4386 1342 4455 ἡμῖν
1373 4384 1596 4455 ἰατροὺς
1624 4383 1732 4438 τῶν
1773 4383 1966 4438 παθῶν

373 4470 558 4539 ἡμῶν,
590 4471 852 4542 ἄχραντε,
879 4475 1271 4545 σωτηριώδεις,
1310 4477 1408 4529 καὶ
1461 4477 1700 4548 θερμοὺς
1746 4477 1965 4550 ἀντιλή-

377 4581 589 4635 πτορας
617 4565 746 4630 τοὺς
778 4566 1013 4629 σεπτοὺς
1044 4569 1410 4642 Ἀναργύρους
1435 4572 1492 4624 ὲν
1523 4573 1820 4643 πνεύματι.

457 4753 816 4825 Ὦραιοτὰτην
845 4754 904 4808 ὲν
929 4755 1148 4824 γυναιξί
1179 4771 1236 4808 σε
1268 4754 1402 4820 Θεὸς
1430 4757 1734 4825 ἐξελέξατο,
1773 4758 1866 4812 καὶ
1896 4760 1962 4813 ὲκ

378 4847 472 4901 σοῦ
517 4848 874 4919 σωματικῶς,
904 4847 1069 4919 ἁγνὴ.
1103 4850 1364 4921 τεχθῆναι
1410 4852 1733 4923 ηὐδόκησεν,
1768 4854 1798 4906 ὁ
1825 4853 1962 4907 dva-

373 4941 685 5013 παυόμενος
724 4943 784 4996 ὲν
816 4944 929 5006 τοῖς
964 4942 1141 5012 ἁγίοις
1168 4943 1359 5000 αὑτοῦ.

445 5058 801 5130 Συμπαθείας
861 5076 952 5130 με,
993 5061 1264 5132 Παρθένε,
1301 5064 1402 5132 τῆς
1433 5063 1492 5117 ὲν
1551 5064 1635 5116 σοὶ
1688 5064 1962 5130 καταξίωο

378 5169 492 5216 σον,
520 5155 554 5224 ἡ
579 5153 815 5208 τεκοῦσα
844 5155 1019 5224 Λόγον
1044 5157 1206 5226 μόνον
1237 5156 1454 5228 ἀληθῶς
1487 5175 1549 5211 συ
1559 5153 1962 5228 μπαθέστατον,

376 5246 468 5300 τὸν
498 5249 805 5317 συμπαθεῖς
828 5251 955 5314 τοὺς
981 5251 1176 5320 ἁγίους
1217 5251 1576 5313 ἀναδείξαντα
1611 5253 1841 5326 ίατῆρας
1875 5257 1966 5309 καὶ

378 5325 832 5412 θαυματουργοὺς
859 5344 918 5397 ὲν
951 5347 1066 5407 τοῖς
1091 5346 1331 5417 τέρασιν.

452 5522 654 5591 Σοφίαν
683 5525 926 5597 ὲκύησας
973 5531 1110 5586 Θεοῦ
1165 5514 1270 5603 τὴν
1298 5533 1687 5600 ὲνυπόστατον,
1727 5535 1968 5608 ἄχραντε

381 5612 624 5684 Παρθένε
659 5617 914 5682 Θεοτόκε,
949 5623 1049 5692 τὴν
1080 5625 1205 5687 τοὺς
1233 5625 1422 5695 ἁγίους
1450 5627 1760 5698 πανσόφους
1794 5627 1970 5693 δείξα-

385 5726 506 5776 σαν,
537 5709 606 5763 δι’
642 5701 717 5763 ὧν
753 5709 854 5780 τῆς
886 5715 1084 5777 κακίας
1129 5718 1387 5785 σοφιστοῦ
1417 5718 1676 5774 πέπτωκε
1715 5719 1777 5773 τὸ
1793 5721 1970 5793 φρύα-

384 5819 500 5873 γμα
530 5801 624 5855 καὶ
657 5802 808 5856 δεινὰ
839 5806 1331 5876 πανουργεύματα.

454 5898 603 5955 Ναόν
625 5915 686 5954 σε
721 5897 963 5969 καθαρὸν
988 5900 1390 5974 ἀπειργάσατο,
1422 5904 1713 5974 Δέσποινα,
1748 5907 1774 5961 ὁ
1801 5906 1970 5963 καθα-

1994 4612 2042 4672 D

2063 3383 2292 3456 Deipara
2323 3405 2336 3442 :
2375 3391 2518 3444 unde
2550 3398 2601 3446 te
2632 3389 2868 3446 fideliter
2891 3390 3294 3447 beatificamus.

2132 3479 2304 3536 Lucis
2326 3479 2700 3536 habitaculum
2727 3481 2872 3537 facta
2893 3499 2978 3547 es,
3014 3497 3047 3536 ο
3070 3494 3248 3547 casta,
3270 3465 3648 3553 quamobrem

2064 3581 2116 3628 te
2139 3587 2353 3643 precor,
2392 3575 2663 3641 illumina,
2683 3590 2890 3646 quaeso,
2923 3576 3159 3646 pupillas
3185 3565 3515 3632 miserabilis
3536 3591 3652 3632 cor-

2062 3668 2150 3724 dis
2180 3669 2308 3733 mei,
2346 3670 2585 3739 graviter
2636 3684 2666 3723 a
2701 3671 3053 3740 passiouibus
3097 3671 3441 3736 obscuratas,
3497 3679 3558 3726 ut
3597 3676 3652 3726 te

2064 3775 2190 3817 cum
2219 3761 2324 3818 fide
2355 3762 2691 3820 beatilicem'

2419 3917 2586 3990 209
2612 3918 2868 3976 MENSIS
2898 3919 3296 3976 NOV'EMliER.

2069 4054 2155 4110 Ea:
2185 4055 2403 4114 Conone
2441 4060 2497 4112 in
2537 4060 2672 4129 festo
2705 4059 2809 4116 SS.
2847 4054 3051 4116 Casum:
3087 4071 3137 4135 et
3175 4060 3622 4135 Damiauimartg

2463 4147 2580 4184 rum
2614 4137 3036 4202 Anargyrorum,
3061 4133 3146 4186 die
3177 4133 3228 4188 1.

2141 4289 2490 4348 Salvatorem
2526 4308 2589 4348 ac
2624 4293 2792 4348 Deum
2826 4309 2892 4348 cx
2950 4294 3102 4364 puris
3143 4278 3512 4366 sanguinibus
3547 4294 3657 4349 tuis

2067 4384 2395 4458 corporasti,
2431 4398 2465 4437 ο
2499 4395 2649 4440 casta
2702 4395 2866 4454 atque
2926 4386 3310 4453 immaculata;
3355 4386 3451 4456 qui
3491 4401 3656 4442 vene-

2069 4478 2272 4532 randos
2315 4477 2369 4530 in
2404 4477 2601 4547 Spiritu
2634 4477 2973 4549 Anargyros,
3017 4479 3287 4532 salutares
3334 4477 3656 4548 passionum

2073 4578 2386 4624 nostrarum
2462 4571 2740 4638 medicos,
2829 4583 2896 4624 ac
2977 4567 3256 4623 ferventes
3335 4566 3658 4623 defensores

2070 4662 2268 4719 effecit.

2144 4756 2220 4813 Te
2253 4757 2721 4828 speciosissimam
2753 4759 2898 4816 inter
2924 4761 3182 4816 mulieres
3221 4759 3364 4812 Deus
3397 4755 3584 4824 elegit,
3624 4768 3660 4809 ο

2072 4859 2249 4914 casta,
2283 4860 2337 4905 et
2363 4865 2432 4906 ex
2475 4860 2530 4906 te
2567 4853 2927 4923 corporaliter
2959 4853 3108 4907 nasci
3158 4851 3263 4906 sibi
3315 4849 3652 4917 eomplacunt

2075 4944 2166 4998 ille
2195 4943 2288 5015 qui
2327 4945 2626 5015 requiescit
2661 4945 2720 5000 in
2750 4944 2958 5000 sanctis
2982 4946 3120 5000 suis.

2147 5057 2548 5128 Compassione
2573 5059 2686 5124 illa,
2716 5076 2841 5131 qua:
2865 5070 2950 5115 est
2981 5060 3034 5114 in
3062 5069 3134 5123 te,
3168 5059 3394 5128 dignum
3429 5073 3514 5112 me
3546 5057 3652 5124 fac,

2076 5169 2109 5207 ο
2148 5151 2335 5223 Virgo,
2366 5168 2489 5224 qua:
2514 5149 2750 5208 Verbum
2773 5152 3056 5224 peperisti,
3080 5152 3258 5208 solum
3287 5164 3415 5204 vere
3441 5163 3661 5202 summa

2077 5249 2467 5319 compassione
2499 5248 2744 5319 plenum,
2785 5248 2882 5317 qui
2930 5247 3174 5302 medicos
3221 5257 3286 5298 ac
3317 5243 3662 5297 thaumatur-

2078 5359 2174 5415 gos
2208 5344 2262 5398 in
2303 5343 2590 5414 prodigiis,
2655 5341 3057 5413 compassiouis
3121 5340 3176 5394 in
3227 5353 3328 5394 nos
3379 5344 3661 5406 compotes

2076 5437 2278 5494 effecit.
2811 5425 2813 5427 1

2165 5533 2504 5603 Sapientiam
2541 5531 2632 5586 Dei
2686 5531 3076 5587 subsistentem
3108 5528 3367 5600 genuisti,
3401 5543 3435 5583 ο
3480 5528 3662 5583 invio-

2079 5626 2189 5680 lata
2244 5623 2407 5697 Virgo
2464 5625 2720 5695 Deipara,
2782 5639 2908 5693 quae
2953 5632 3175 5678 sanctos
3219 5622 3662 5692 sapientissimos

2079 5720 2295 5787 eﬂ‘ecit;
2345 5735 2440 5790 per
2493 5735 2630 5791 quos
2681 5718 2905 5789 maligni
2959 5716 3218 5787 sophistae
3278 5717 3548 5788 iactantia
3608 5724 3664 5770 et

2081 5813 2310 5870 hostiles
2340 5823 2494 5869 astus
2525 5812 2863 5870 ceciderunt.

2155 5905 2443 5979 Templum
2483 5921 2683 5979 purum
2715 5904 2893 5964 eﬂ'ccit
2917 5917 2990 5977 te,
3014 5901 3271 5972 Domina,
3301 5899 3662 5986 purissimum
