4088 6366
462 312 600 378 1235

1601 322 1663 383 S.
1697 325 2012 386 JOSEPHI
2048 325 2614 388 HYMNOGRAPHI

3592 320 3737 386 1236

457 426 753 483 ahsorbeat
781 443 867 484 me
899 447 914 483 :
952 427 1047 484 sed
1075 437 1131 484 tu
1163 430 1325 502 213
1365 432 1576 487 salvum
1609 451 1694 489 me
1727 436 1836 504 fac,
1876 450 2043 510 atque

2147 441 2262 494 ἀλλ’
2307 440 2447 511 αὐτή
2484 456 2552 511 με
2604 439 2784 493 σῶσον
2840 436 2933 492 καὶ
2967 436 3309 508 κυδίρνησον
3360 432 3499 505 πρὸς
3532 431 3735 503 λιμένα

456 520 523 570 al
578 526 795 587 portum
848 519 1049 576 divinae
1121 522 1422 579 voluntatis
1491 524 1849 595 gubernatrix
1924 540 2043 585 esto

459 612 617 669 mihi.

528 706 674 761 Luce
704 715 794 760 tua
826 706 1028 761 irradia
1061 723 1148 763 me
1169 750 1186 775 ,
1233 722 1267 763 o
1295 707 1498 763 munda
1550 709 1618 764 ab
1670 712 1819 765 omni
1865 729 2041 778 mero,

454 814 577 869 qua
611 800 788 854 lucem
824 802 1261 857 inaccessibilem
1288 803 1585 872 peperisti;
1617 805 1822 876 dissipa
1856 807 2043 862 nubila

454 894 654 950 animae
686 911 839 961 mea,
869 908 923 951 et
955 913 984 951 a
1016 899 1255 953 tenebris
1285 899 1434 970 eripe
1461 915 1577 965 me,
1608 902 1840 958 obsecro
1861 945 1875 968 ,
1902 903 2043 959 divi-

458 1004 653 1059 naeque
688 990 885 1045 salutis
924 990 1149 1060 dignum
1180 992 1266 1048 fac
1300 1009 1421 1060 me,
1467 1004 1526 1050 ut
1558 996 1773 1052 laudem
1804 1006 1856 1053 te
1890 1000 2041 1055 omni

456 1080 618 1137 laude
646 1081 1050 1153 dignissimam.

2151 535 2247 588 τοῦ
2277 533 2424 587 θείου
2458 533 2788 603 θελήματος.

2221 703 2370 775 Quid
2401 738 2468 787 με
2498 719 2847 789 καταὺγασον
2878 718 2956 789 τῷ
2990 716 3090 788 σῷ,
3121 716 3457 786 πανάμωμε,
3478 714 3514 785 ἡ
3538 708 3737 766 sexo?»-

2152 832 2221 869 σα
2249 816 2364 883 φῶς
2388 812 2704 884 ἀπρόσιτον,
2734 813 2897 865 λῦσον
2954 809 3022 865 τὰ
3070 808 3209 881 νέφη
3242 808 3344 879 τῆς
3386 806 3564 877 ψυχῆς
3599 820 3731 875 μου,

2146 906 2240 960 καὶ
2266 906 2492 968 σκότους
2516 922 2583 976 με
2614 904 2945 975 ὲξάρπασον,
2980 900 3200 972 δέομαι,
3233 899 3331 955 καὶ
3371 898 3523 961 θείας
3551 912 3737 967 σωτη-

2150 999 2272 1072 ρίας
2303 998 2554 1065 ἀξίωσον,
2587 998 2675 1053 ἵνα
2700 995 2859 1068 ὑμνῶ
2879 1015 2939 1051 σε
2965 996 3068 1068 τὴν
3104 993 3485 1065 πανύμνητον.

1188 1196 1272 1252 Ex
1304 1198 1517 1254 Canone
1546 1200 1600 1255 in
1631 1198 1735 1256 SS.
1782 1200 2117 1261 Galaticum:
2166 1218 2217 1264 et
2258 1208 2558 1281 Epistemen
2594 1210 2773 1281 (92“),
2811 1210 2898 1265 die
2922 1209 2976 1265 5.

528 1306 852 1365 Praesidium
883 1310 1273 1367 tribulatorum
1298 1352 1313 1376 ,
1347 1314 1498 1369 salus
1528 1321 1586 1369 et
1628 1329 1753 1386 spes
1782 1315 2045 1387 desperao

459 1410 677 1467 torum,
720 1403 949 1473 Deipara
998 1406 1148 1460 omni
1190 1406 1348 1461 laude
1380 1407 1736 1475 celebranda,
1783 1408 2048 1479 impensis

458 1494 717 1562 precibus
753 1511 852 1550 ora
899 1510 1003 1565 pro
1034 1497 1223 1561 nobis,
1258 1505 1321 1553 ut
1358 1512 1388 1553 a
1430 1500 1693 1568 periculis
1726 1501 2044 1557 liberemur.

532 1586 783 1645 Dissolve
841 1590 995 1644 cordi
1032 1604 1155 1645 meo
1188 1590 1582 1648 circumfusam
1636 1593 1857 1660 nubem,
1893 1609 1927 1650 ο
1960 1611 2054 1650 ca-

459 1678 709 1734 stissima
731 1695 749 1745 ;
774 1679 962 1735 evibra
990 1680 1045 1735 in
1071 1697 1157 1737 me
1185 1682 1400 1738 radium
1434 1699 1575 1739 verae
1614 1685 1983 1754 poenitentiae,
2018 1701 2052 1741 o

463 1782 621 1840 porta
670 1771 811 1827 lucis
860 1772 1185 1842 benedicta,
1224 1784 1393 1846 atque
1437 1776 1755 1833 omnimoda
1809 1780 2046 1848 puritate

461 1873 746 1930 exornata,
769 1874 825 1921 et
851 1868 1114 1933 concede,
1147 1878 1208 1924 ut
1229 1869 1373 1926 sicut
1405 1872 1458 1925 in
1482 1870 1572 1927 die
1601 1872 1827 1928 honeste
1854 1872 2047 1927 ambu-

460 1955 568 2012 lem
598 1956 655 2012 in
683 1960 969 2029 praeceptis
1003 1959 1117 2016 Dei.

532 2046 618 2104 Me
647 2051 830 2106 noxiis
856 2052 1245 2110 aﬂ'ectionibns
1281 2064 1622 2126 peremptum
1668 2072 1734 2112 ac
1764 2065 2045 2113 mortuum

458 2143 698 2207 viviﬁca,
728 2160 763 2199 ο
792 2146 997 2217 puella,
1022 2163 1147 2216 qua:
1168 2150 1337 2206 vitam
1370 2149 1523 2203 illam
1558 2150 1842 2221 peperisti,
1875 2166 1907 2206 a
1938 2166 2047 2222 qua

462 2235 724 2294 universa
754 2238 949 2294 mortis
975 2239 1058 2296 vis
1084 2249 1140 2296 et
1161 2244 1403 2313 potentia
1434 2241 1710 2299 dissoluta
1740 2252 1843 2298 est.

533 2327 743 2399 Lingua
775 2333 1170 2400 terrigenarum
1206 2349 1560 2406 nequaquam
1591 2333 1789 2390 sumcit
1824 2335 1891 2391 ad
1926 2336 2049 2392 lau-

460 2420 699 2477 dandam
741 2430 814 2485 te,
850 2438 973 2491 qua:
1000 2424 1095 2481 Dei
1136 2428 1374 2500 genitrix
1418 2424 1565 2481 facta
1598 2441 1694 2491 es,
1729 2442 1762 2481 o
1802 2426 2050 2482 Domini-

462 2527 619 2583 para.
648 2524 702 2567 ct
728 2510 894 2584 Virgo
924 2516 1469 2582 immaculatissima,
1509 2526 1676 2590 atque
1699 2518 2048 2575 Christiano-

463 2620 586 2663 rum
626 2603 963 2677 confugium.

2222 1321 2484 1393 Peperisti
2516 1324 2571 1377 in
2599 1331 2844 1391 tempore
2878 1319 3140 1390 temporis
3192 1325 3495 1387 expertem,
3519 1329 3554 1370 o
3575 1328 3742 1371 sano-

2146 1416 2398 1481 tissima,
2432 1415 2708 1471 hominem
2744 1413 2946 1469 factum
2995 1424 3219 1484 propter
3258 1410 3497 1467 salutem
3550 1406 3737 1462 homi-

2148 1523 2305 1564 num.

2219 1623 2357 1680 Cum
2389 1624 2662 1679 universis
2693 1621 2953 1691 supernis
2978 1635 3043 1676 ac
3074 1616 3395 1676 caelestibus
3419 1612 3735 1673 ordinibus,

2078 1730 2125 1790 Β
2155 1732 2257 1773 nos
2290 1732 2483 1772 omnes
2518 1716 2805 1787 Deiparam
2842 1716 3076 1787 puellam
3096 1754 3111 1779 ,
3144 1728 3241 1784 per
3268 1711 3515 1767 eamdem
3543 1722 3733 1764 conse-

2147 1810 2261 1865 cuti
2291 1810 2548 1876 salutem,
2582 1824 2781 1880 magna
2813 1823 2945 1865 voce
2981 1805 3380 1862 beatiﬂcemus.

2220 1924 2506 1995 Tanquam
2590 1923 3059 1995 pretiosissimum
3141 1935 3205 1976 ac
3270 1911 3737 1973 sublimissimum

2152 2017 2409 2073 thronum
2474 2017 2569 2072 Dei
2619 2015 2887 2083 altissimi!
2920 2013 3229 2079 laudemus,
3266 2024 3299 2065 ο
3328 2005 3557 2080 populi,
3585 2001 3740 2057 illam

2151 2128 2273 2184 qua:
2292 2112 2409 2168 sola
2436 2119 2558 2182 post
2586 2118 2805 2183 partum
2838 2116 3013 2163 mater
3042 2105 3147 2161 fuit
3174 2114 3227 2159 et
3261 2102 3439 2171 virgo.

2228 2224 2309 2280 Tu
2353 2240 2435 2289 es,
2468 2237 2503 2280 ο
2547 2222 2817 2294 Deipara,
2848 2236 3003 2277 arma
3060 2227 3250 2275 nostra
3298 2224 3354 2271 et
3399 2230 3593 2270 murus
3629 2231 3645 2269 :
3675 2220 3737 2267 ιιι

2148 2316 2464 2391 praesidium
2492 2325 2547 2373 et
2574 2315 2825 2372 defensio
2856 2311 3257 2370 recurrentium
3286 2308 3350 2363 ad
3384 2318 3435 2362 te
3465 2325 3480 2361 :
3508 2315 3561 2361 et
3588 2318 3739 2360 nunc

2149 2419 2203 2466 te
2228 2408 2522 2464 oratricem
2553 2416 2799 2462 nostram
2831 2404 3248 2469 constituimus,
3279 2407 3339 2455 ut
3382 2399 3449 2454 ab
3480 2396 3740 2453 hostibus

2152 2502 2361 2559 nostris
2388 2501 2708 2558 liberemur.

921 2702 1087 2784 216
1106 2708 1206 2775 Bc
1221 2700 1436 2761 Conone
1453 2708 1508 2761 in
1538 2702 1640 2763 SS.
1668 2704 1837 2761 Mart.
1874 2705 2124 2776 Auctum,
2154 2708 2497 2775 Tasrionem,
2528 2718 2577 2763 et
2604 2707 3059 2773 Thessalonicam,
3091 2708 3177 2761 die
3204 2708 3258 2761 7.

534 2816 893 2874 Altitudinem
923 2817 1191 2872 tremendi
1223 2821 1467 2891 mysterii
1495 2822 1594 2883 tui.
1620 2828 1673 2873 et
1697 2820 2043 2891 profundita-

465 2921 574 2965 tem
600 2910 751 2967 illius
773 2910 1408 2981 incomprehensibilem,
1431 2912 1557 2982 quis
1579 2912 1779 2975 valeat,
1802 2926 1835 2965 o
1857 2910 2039 2982 Virgo,

2151 2822 2414 2894 processit
2445 2837 2513 2877 ex
2546 2830 2703 2876 utero
2731 2828 2861 2887 tuo,
2888 2829 2943 2876 et
2974 2837 3097 2875 cum
3139 2821 3440 2874 humanam
3477 2828 3731 2871 naturam

2150 2914 2459 2986 speciosam
2491 2912 2841 2978 reddidisset,
2865 2913 3047 2968 divina
3070 2912 3385 2982 cegnitione
3412 2908 3728 2969 illustravit,

462 3002 645 3059 verbis
684 3002 997 3073 explicare?
1038 3001 1209 3058 Deum
1259 3002 1405 3057 enim
1456 3002 1714 3072 peperisti
1764 3002 2041 3057 hominem
2071 3026 2114 3084 ο
2151 3023 2216 3062 ac
2250 3006 2475 3063 iustitia:
2499 3004 2904 3062 deformitatem
2950 3003 3212 3070 abstulit,
3257 3018 3291 3055 υ
3320 2999 3481 3070 Virgo
3524 3011 3727 3066 sponsa

464 3096 669 3152 iactum
704 3096 1093 3152 citra.omnem
1115 3111 1338 3151 causam
1379 3102 1437 3151 et
1472 3096 1763 3152 rationem.

535 3188 619 3245 Ad
663 3198 719 3245 te
766 3202 985 3255 semper
1016 3186 1302 3258 coningio,
1338 3203 1373 3242 ο
1404 3186 1656 3252 Domina,
1694 3188 2048 3245 multitudine

465 3283 946 3353 tentationum’per
962 3281 1211 3353 singulos
1226 3282 1343 3338 dies
1366 3282 1764 3339 circumdatus.
1790 3282 2049 3339 Miserere

467 3376 574 3432 mei
608 3384 669 3431 et
712 3375 864 3432 salva
908 3391 1033 3439 me,
1067 3391 1101 3431 o
1140 3375 1257 3430 sola
1303 3375 1453 3430 omni
1496 3374 1657 3432 laude
1688 3375 2046 3447 dignissima,

464 3483 587 3540 quae
617 3468 960 3525 Salvatorem
998 3485 1061 3523 ac
1122 3467 1415 3523 Dominum
1460 3469 1848 3525 universorum
1883 3484 2049 3539 pepe-

465 3562 613 3618 risti.

536 3654 896 3711 Peccatorum
932 3661 1254 3723 tempestate
1282 3652 1684 3724 deprehensum
1706 3693 1719 3719 ,
1753 3662 1808 3708 et
1837 3654 1890 3708 in
1931 3653 2048 3709 dis—

464 3748 697 3804 crimine
727 3749 1114 3813 constitutum,
1144 3762 1268 3817 rege
1292 3762 1400 3812 me,
1425 3762 1459 3801 ο
1492 3746 1743 3817 Deipara,
1786 3756 2047 3817 tanquam

462 3841 843 3910 gubernatrix,
872 3849 926 3895 et
960 3840 1027 3894 ad
1063 3840 1413 3910 tranquillum
1447 3840 1891 3908 compunctionis
1920 3855 2049 3912 por-

463 3942 579 3989 tum
612 3934 811 4005 dirige.

544 4025 881 4082 Gravissima
910 4034 1259 4096 peccatorum
1293 4026 1508 4081 sarcina
1533 4027 1901 4098 undequaque
1926 4043 2048 4099 pre-

466 4134 617 4187 mor;
647 4131 701 4177 et
734 4120 916 4176 clamo
946 4119 1013 4181 ad
1064 4128 1134 4184 te,
1168 4133 1204 4173 o
1249 4121 1591 4185 castissima,
1629 4130 1687 4175 ut
1717 4121 1787 4176 ab
1817 4122 1918 4174 hac
1963 4136 2049 4174 me

464 4213 754 4268 sublevare
792 4212 1068 4283 digneris,
1106 4220 1162 4268 et
1205 4211 1487 4281 imponere
1515 4212 1650 4265 mihi
1690 4212 1882 4283 jugnm
1930 4213 2049 4265 leve

468 4305 562 4359 lilii
594 4304 742 4374 quod
794 4304 915 4358 sine
948 4303 1342 4373 impedimento
1374 4303 1543 4358 ieram
1572 4343 1587 4367 ,
1634 4302 1819 4358 divina
1874 4304 2048 4357 inter-

462 4396 716 4453 cessione
744 4404 859 4459 tua,
885 4411 920 4448 ο
951 4394 1067 4449 sola
1095 4394 1164 4450 ab
1195 4393 1341 4448 omni
1370 4393 1491 4447 labe
1519 4394 1903 4450 mundissima.

541 4484 802 4549 Verbum,
833 4498 1070 4554 sponsus
1103 4482 1388 4553 speciosus
1418 4492 1679 4553 tanquam
1708 4499 1775 4539 ex
1804 4484 2047 4539 thalamo

2151 3098 2270 3156 Dei.

2221 3191 2478 3247 Animam
2510 3206 2688 3246 meam
2718 3189 2974 3260 pessimis
3008 3187 3215 3259 peccati
3242 3185 3442 3255 iaculis
3472 3182 3731 3238 vulnera-

2153 3299 2261 3343 tam
2293 3286 2560 3341 miserare
2606 3302 2621 3339 :
2656 3292 2894 3337 mentem
2936 3296 3111 3335 meam
3144 3278 3385 3349 graviter
3422 3284 3733 3342 transgres-
3785 3331 3788 3334 ,

2149 3380 2401 3439 sionibus
2417 3380 2765 3435 obscuratam
2786 3375 3054 3441 illumina,
3080 3371 3312 3427 Domina
3335 3369 3586 3439 Deipara,
3613 3378 3738 3435 quae

2152 3477 2291 3532 lucis
2319 3475 2566 3531 datorem
2592 3471 2869 3526 Christum
2902 3466 3182 3540 peperisti.

2220 3570 2475 3624 Animam
2506 3582 2681 3622 meam
2712 3563 3080 3635 passionibus,
3105 3556 3470 3629 plurimisque
3496 3549 3735 3625 peccatis

2152 3671 2513 3734 peremptam,
2547 3660 2671 3713 vitae
2706 3656 2967 3718 restitue,
3003 3670 3037 3708 o
3075 3652 3242 3723 Virgo
3273 3648 3537 3705 inviolata
3561 3686 3578 3711 ,
3611 3656 3734 3715 qua

2152 3754 2328 3810 Vitam
2350 3752 2610 3824 genuisti,
2634 3768 2756 3822 qua:
2782 3760 3117 3819 permortem
3142 3756 3196 3801 et
3216 3744 3533 3815 passionem
3549 3752 3730 3800 suam,

2150 3860 2343 3901 omnes
2378 3844 2571 3900 mortis
2599 3843 2745 3897 vires
2778 3839 3064 3903 dissolvit;
3101 3845 3157 3891 et
3194 3836 3435 3891 concede
3480 3832 3637 3897 mihi,
3673 3838 3736 3885 ut

2152 3949 2308 4009 grato
2351 3937 2519 3992 corde
2565 3935 2854 3989 concinam
2918 3951 2931 3986 :
2989 3928 3034 3985 Ο
3093 3929 3361 3999 populus,
3418 3923 3735 3998 superexal-

2153 4040 2261 4084 tate
2286 4069 2302 4091 ,
2335 4038 2443 4082 εις.

2222 4119 2384 4189 215
2404 4117 2675 4183 lllumina,
2709 4124 2863 4186 porta
2886 4112 3048 4177 lucis,
3075 4111 3316 4167 animam
3340 4125 3543 4175 meam,
3569 4121 3733 4180 quam

2150 4211 2409 4268 inimicus
2454 4218 2801 4280 peccatorum
2855 4206 3097 4262 tenebris
3138 4204 3457 4261 obscuravit
3506 4220 3523 4259 :
3576 4211 3631 4256 et
3666 4200 3735 4254 ab

2152 4303 2413 4359 omnibus
2460 4300 2623 4371 hujus
2661 4301 2785 4357 vita!
2814 4298 3323 4369 perturbationibus
3344 4336 3358 4360 ,
3393 4312 3459 4351 ac
3490 4291 3735 4351 tenebris

2083 4372 2125 4426 θ
2155 4396 2453 4468 perpetuis,
2488 4406 2656 4466 atque
2694 4397 2762 4450 ab
2810 4396 2955 4466 igne,
2986 4401 3041 4447 et
3075 4407 3265 4447 verme
3308 4390 3478 4444 libera
3518 4402 3642 4453 me,
3675 4394 3737 4440 ut
3776 4462 3788 4470 .

2153 4489 2454 4560 glorillcem
2486 4499 2556 4555 te,
2591 4505 2624 4543 o
2661 4487 2913 4557 Deipara,
2952 4484 3239 4540 hominum
3270 4482 3570 4539 revocatio.

1370 4598 1456 4655 Ea:
1480 4599 1694 4656 Canone
1719 4602 1774 4656 in
1803 4600 1861 4657 S.
1896 4601 2209 4659 Hicltaelem
2242 4604 2638 4677 archangelum,
2671 4604 2758 4658 die
2778 4603 2811 4657 8

533 4719 704 4789 Virgo
744 4716 897 4772 omni
940 4715 1102 4771 laude
1137 4717 1415 4771 cumulata
1437 4756 1451 4777 ,
1483 4716 1800 4785 angelorum
1836 4717 2043 4783 decus,

460 4816 746 4872 hominum
783 4810 1089 4875 auxilium,
1141 4818 1199 4864 tu
1243 4811 1374 4863 mihi
1406 4809 1540 4864 alter
1584 4825 1743 4882 opem
1788 4811 2046 4865 ﬂuctibus

458 4910 690 4981 iactato,
739 4915 904 4977 atque
945 4905 1154 4975 peccati
1204 4914 1530 4973 tempestate
1565 4919 1782 4976 semper
1834 4904 2046 4975 agitato

461 5018 529 5058 ac
557 5017 693 5072 pene
722 5000 995 5064 demerso,
1032 5005 1197 5068 atque
1232 4997 1284 5050 in
1317 5012 1537 5052 summo
1565 4997 1887 5052 discrimine
1920 5010 2046 5050 vera

461 5093 628 5149 santi.

542 5184 646 5251 Qui
678 5183 959 5237 voluntate
989 5198 1088 5236 sua
1115 5181 1503 5237 immateriales
1536 5181 1781 5236 condidit
1808 5190 2040 5246 mentes,

461 5279 517 5332 in
551 5289 708 5331 utero
738 5286 830 5330 tuo
857 5275 1122 5329 materiali
1155 5274 1461 5328 voluntarie
1486 5273 1772 5336 habitavit,
1799 5288 1832 5327 o
1856 5276 2048 5328 imma-

462 5374 825 5435 culatissima,
853 5379 1019 5442 atque
1048 5371 1101 5425 in
1124 5384 1289 5426 carne
1310 5369 1565 5439 apparuit
1592 5369 1758 5423 homo
1790 5370 2043 5433 visibilis,

463 5467 557 5536 qui
585 5474 702 5518 erat
730 5464 1042 5519 invisibilis.

534 5558 730 5613 Partus
765 5558 840 5612 tui
874 5556 1191 5628 mysterium
1234 5552 1616 5609 admirandum
1660 5552 2043 5608 intellectuali-

466 5663 547 5708 tcr
582 5653 880 5708 docebatur
902 5651 1029 5706 olim
1063 5665 1215 5705 sacer
1246 5647 1431 5715 Vates,
1465 5650 1517 5703 in
1547 5649 1750 5718 spiritu
1772 5646 1967 5703 videns
1994 5654 2046 5701 te

533 5791 695 5867 (92“)
729 5792 911 5861 Deest,
946 5803 1002 5849 ut
1031 5800 1320 5863 sequentes
1346 5790 1473 5860 duo,
1507 5790 1560 5845 in
1596 5787 1818 5846 Menaeis
1845 5790 2144 5860 impressis.

2151 4719 2497 4789 apertissime
2524 4731 2762 4776 montem
2790 4720 3135 4784 umbrosum,
3161 4734 3227 4775 ex
3255 4732 3367 4790 quo
3398 4716 3540 4773 Deus
3571 4731 3734 4774 sanc-

2152 4824 2242 4868 tus
2276 4818 2426 4868 venit
2462 4823 2806 4885 corporatus.

2226 4904 2690 4962 lntellectualihus
2745 4906 2955 4978 angelis
3032 4905 3408 4961 sublimiorem
3478 4913 3527 4959 te
3590 4904 3732 4959 Deus

2150 4998 2430 5061 ostendit,
2464 4999 2745 5067 ingressus
2775 4998 2828 5053 in
2873 5005 3086 5055 uterum
3120 5008 3309 5065 tuum;
3339 5013 3503 5068 quem
3538 4999 3731 5068 depre-

2150 5108 2297 5158 care,
2336 5108 2370 5146 o
2402 5101 2514 5146 tota
2548 5106 2684 5161 pura
2732 5100 2785 5147 et
2831 5092 3090 5146 inviolata
3113 5132 3128 5157 ,
3172 5106 3386 5163 semper
3420 5107 3522 5162 pro
3554 5092 3729 5148 salute

2154 5184 2464 5239 animarum
2498 5194 2831 5239 nostrarum.

2228 5276 2426 5332 Beatus
2455 5277 2708 5347 p0pulus,
2734 5278 2827 5348 qui
2850 5292 3067 5347 semper
3097 5276 3372 5332 beatificat
3395 5286 3525 5342 te,o
3547 5277 3727 5341 beata,

2154 5386 2276 5440 quae
2311 5368 2478 5424 Deum
2513 5368 2733 5425 beatum
2782 5370 3059 5439 peperisti,
3093 5370 3184 5439 qui
3224 5368 3483 5426 ineffabili
3524 5369 3731 5427 unione

2156 5461 2581 5515 misericorditer
2604 5461 2852 5516 homines
2881 5462 3175 5533 deiﬁeavit.

2225 5554 2418 5609 Mentis
2465 5568 2674 5623 magna:
2722 5551 2960 5608 Verbum
3001 5564 3262 5609 aeternum
3301 5570 3429 5612 cum
3477 5555 3531 5611 in
3579 5564 3654 5620 te,
3692 5568 3730 5611 ο

2152 5647 2355 5717 puella,
2386 5661 2511 5704 vere
2543 5645 2803 5704 ineﬂ‘abili
2853 5661 2918 5704 ac
2946 5649 3221 5719 qstnpeuda
3269 5649 3481 5706 ratione
3513 5646 3730 5705 inhabi-
