4078 6294
394 283 527 349 12ῧῖ

1789 285 2155 352 MARIALE;

3520 285 3657 354 1238

381 413 529 456 tusse
547 400 771 458 vidisset
794 402 1160 474 archangelus
1184 400 1770 468 Gabriel,exclamavit
1796 419 1811 459 :
1838 403 1973 469 Ave,
2000 409 2051 468 Α
2147 409 2230 465 Ad
2258 421 2448 464 vocem
2472 404 2651 477 angeli
2682 402 2959 462 Gahrielis
2984 403 3288 475 concepisti
3319 403 3489 462 Deum
3523 404 3656 462 Ver-

382 509 416 548 o
436 494 754 575 benedicta,
777 494 1010 551 tbrOuus
1032 495 1328 552 Altissimi.

453 583 746 644 Pronubus
799 587 1023 643 divinus
1069 581 1437 656 archangelus
1474 596 1680 646 astans~
1711 588 1987 646 clamavit-

384 676 450 730 ad
478 688 532 732 te
564 696 577 732 :
611 678 746 746 Ave,
781 693 984 748 sponsa
1017 677 1113 733 Dei
1141 680 1393 751 innupta,
1419 680 1742 753 angelorum
1775 682 1973 754 gloria,

384 777 549 840 atque
580 769 865 826 hominum
891 770 1058 843 216
1077 771 1228 829 salus
1252 780 1309 828 et
1329 773 1752 831 munimentum.

398 948 494 1001 ἐκ
523 947 631 1023 τοῦ
663 947 1044 1023 Κανότοςνείς
1062 948 1209 1023 τοὺς
1230 949 1441 1023 ἁγίους
1460 950 1772 1023 μᾴρτυρας
1808 954 1972 1023 Ὀνη-

456 1020 719 1091 σιφόρον
753 1018 856 1091 καί
918 1019 1414 1091 Πορφύριον,γκαὶ
1457 1018 1568 1088 τὰς
1602 1018 1781 1091 dolat
1842 1018 1972 1081 Μά-

456 1088 694 1159 τρώνην
721 1089 822 1147 καί
853 1090 1248 1160 esuriatur,
1272 1089 1467 1161 ἡμέρᾳ
1489 1091 1560 1147 0'.

462 1241 741 1312 Ἐστησας
781 1240 1014 1297 θανάτου
1043 1243 1143 1313 τὴν
1182 1241 1495 1315 τυραννίδα,
1543 1244 1849 1302 ἀθανασίαν
1878 1249 1977 1303 καὶ

388 1332 536 1405 ζωὴν
565 1333 644 1405 τῷ
699 1334 893 1407 κόσμῳ
937 1336 1215 1407 κυήσασα,
1273 1334 1511 1407 Χριστὸν
1550 1337 1646 1391 τὸν
1672 1320 1975 1412 Λυτρωτὴν

388 1426 422 1495 ἡ
428 1426 565 1497 μῶν,
594 1426 846 1497 {Inpone
879 1427 1259 1500 ἀπειρόγαμε.

468 1516 534 1571 Ἦ
557 1519 812 1591 ιωήσασα
832 1520 1025 1593 κόσμῳ
1050 1520 1201 1575 θείαν
1230 1524 1509 1596 σωτηρίαν
1537 1524 1632 1581 καὶ
1650 1525 1972 1595 ἀνάκλησιν,

384 1611 509 1675 ταις
533 1611 855 1682 πρεσϐείαις
883 1630 978 1667 σου
1001 1613 1144 1680 σῶζε
1177 1617 1308 1681 τούς
1347 1616 1559 1681 πιστῶς
1589 1632 1676 1671 σοι
1706 1616 1974 1689 προστρέ-

387 1717 605 1773 κοντας,
632 1704 888 1775 ἄχραντε.

2074 498 2230 566 bum,
2260 513 2301 556 ο
2328 496 2838 563 intemeratissima,
2870 495 2965 565 qui
2995 494 3163 551 verbo
3194 510 3362 566 super
3386 508 3487 552 nos
3509 510 3662 551 exer-

2073 590 2222 646 citus
2239 586 2471 654 creavit,
2493 596 2549 643 et
2574 586 2811 642 verbum.
2829 591 3074 656 praestat,
3102 600 3228 659 quo-
3241 584 3463 641 laudare
3486 585 3661 655 possi-

2075 695 2200 737 mus
2232 688 2484 737 sanctam
2515 679 2665 736 illius
2695 677 3224 734 condescensionem
3246 716 3263 744 ,
3292 686 3531 749 quae-est
3562 692 3653 732 su.

2076 789 2173 845 per
2188 772 2605 831 omne—verbum
2636 778 2699 829 et
2715 769 3145 843 cogitationem

2076 945 2165 1003 Ea:
2188 946 2409 1002 Conone
2437 944 2642 1016 duplici
2678 946 2736 1000 in
2782 908 2916 1014 {esto
2948 941 3055 1000 SS.
3086 942 3415 1016 praecipitari
3442 951 3511 1016 et_
3523 939 3663 1016 Pot:

2143 1016 2316 1142 pharii
2346 1010 2639 1144 Ziargjrum
2659 1025 2711 1071 et
2742 1010 3052 1071 cunctarum
3080 1010 3342 1070 Matrona
3379 1029 3443 1068 ac
3467 1010 3664 1067 Theoc-

2149 1099 2219 1144 ιιι
2248 1105 2314 1154 ιε,
2389 1103 2439 1142 ιε
2502 1124 2527 1143 .

2145 1236 2337 1295 Finem
2370 1236 2685 1310 imposuisti
2721 1236 2918 1293 mortis
2952 1234 3267 1310 tyrannidi,
3295 1248 3328 1289 ο
3356 1233 3524 1306 Virgo
3556 1234 3687 1316 viri.

2077 1331 2284 1397 nescia,
2324 1330 2541 1387 munde
2562 1330 3032 1386 immortalitatem
3082 1343 3152 1385 ac
3188 1328 3358 1384 vitam
3400 1326 3679 1398 genuisti,-

2076 1424 2355 1480 Christum
2386 1423 2600 1479 scilicet
2623 1422 3043 1494 Redemptorem
3078 1433 3352 1478 nostrum.

2147 1512 2517 1580 Oinviolata,
2567 1531 2694 1586 qua:
2719 1515 2972 1572 divinam
2996 1516 3229 1572 salutem
3259 1530 3323 1571 ac
3359 1512 3667 1584 reparatio.

2079 1622 2201 1663 nem
2245 1607 2449 1663 mundo
2494 1608 2791 1679 peperisti,
2838 1610 2987 1664 salva
3022 1608 3511 1665 intercessionibus
3556 1608 3673 1664 tuis

2080 1715 2177 1754 eos
2203 1700 2296 1769 qui
2335 1698 2568 1755 ﬁdeliter
2593 1711 2885 1755 recurrunt
2920 1699 2987 1757 ad
3028 1711 3099 1755 te.

455 1760 994 1865 NziieeandvaTvs.
1043 1794 1287 1870 σωθῆναί
1318 1814 1412 1870 με’
1442 1799 1535 1854 τδν
1567 1798 1679 1872 γὰρ
1700 1798 1829 1871 Θείῳ
1853 1799 1971 1853 νεύ-

2150 1760 2365 1857 Annue,
2384 1790 2764 1855 ocastissima,
2790 1790 2955 1847 saluti
2987 1806 3121 1846 mea:
3145 1809 3160 1846 :
3186 1792 3387 1848 etenim
3417 1799 3554 1848 nutu
3576 1790 3664 1847 di-

390 1896 523 1950 ματι
571 1884 633 1937 τὸ
689 1885 801 1938 πᾶν
834 1887 1173 1959 περιάγοντα
1223 1888 1599 1960 ἐσωμάτωσας
1634 1890 1767 1945 Θεὸν
1797 1891 1975 1960 Λόγον

387 1970 530 2044 ὑπὲρ
558 1973 715 2043 λόγον
744 1976 840 2031 καὶ
866 1976 1130 2035 διάνοιαν.

462 2067 706 2123 Ἦνωται
735 2071 793 2123 ιν
816 2074 1001 2146 μήτρᾳ
1044 2090 1139 2128 σου
1166 2077 1195 2129 ό
1215 2075 1601 2147 Πλαστουργδς
1625 2083 1812 2154 σαρκὶ,
1842 2080 1979 2134 πάν-

388 2174 543 2226 αγνε.
606 2162 798 2230 μείνας
837 2164 866 2217 ό
895 2160 986 2238 ἦν,
1024 2167 1175 2232 ὅπως
1206 2170 1267 2224 τὸ
1295 2169 1357 2226 εὖ
1402 2167 1545 2228 εῖναι
1585 2177 1698 2239 τοῖς
1764 2174 1977 2247 ἀνθρὼ-

392 2266 514 2315 ποις
550 2253 888 2328 δωρήσηται.

458 2344 894 2419 Σωματούμενον
945 2349 1190 2422 ἑκύησας
1218 2353 1352 2409 Θεὸν
1381 2355 1577 2427 Λόγον,
1608 2358 1972 2432 ὁμοιωθῆναι,

390 2436 568 2509 Κόρη,
598 2436 687 2492 διὰ
711 2442 996 2513 σπλάγχνα
1022 2444 1208 2511 ἐλέους
1237 2449 1405 2504 πᾶσιν
1418 2449 1813 2523 εὐδοκήσαντα,
1838 2470 1976 2507 παν-

400 2530 600 2601 άμωμε
623 2532 911 2588 Δέσποινα.

461 2621 536 2674 υύ
568 2622 741 2677 λιπὼν
767 2624 834 2679 τά
864 2626 1117 2699 οὐράνια,
1168 2630 1431 2704 άχραντε,
1465 2634 1723 2691 κενοῦται
1748 2635 1882 2701 Θεδς
1909 2639 1969 2692 ἐν

394 2713 591 2787 μήτρᾳ
616 2733 731 2785 σου,
764 2718 860 2772 καὶ
890 2725 1169 2792 μετρεῖται
1196 2726 1225 2778 ὁ
1256 2724 1568 2800 ἀμέτρητος
1589 2728 1658 2783 τὰ
1690 2729 1980 2803 ἀμέτρητά

394 2822 496 2877 μου
522 2807 669 2863 λύων
696 2811 1040 2883 πταίσματα.

475 2897 787 2972 Ἒνῴκησεν
818 2905 879 2958 ὲν
904 2908 990 2959 σοὶ
1018 2906 1291 2979 χωρηθεὶς
1311 2912 1342 2965 ό
1374 2908 1685 2985 ἀχώρητος,
1716 2913 1812 2968 καὶ
1837 2912 1978 2969 ἔδει-

392 2988 480 3055 ξεν
502 2992 749 3063 οὐρανῶν
778 3011 837 3050 σε
872 2996 1238 3071 πλατυτέραν,
1276 3002 1521 3074 Παρθένε
1551 3021 1563 3037 ·
1594 3003 1676 3058 διό
1700 3022 1756 3058 σε
1791 3023 1977 3076 μακα-

392 3084 635 3156 ρίζομεν.

2078 1877 2209 1933 vino
2240 1879 2495 1937 universa
2521 1880 2989 1954 circuinageutem
3020 1882 3192 1939 Deum
3225 1881 3470 1940 Verbum
3494 1898 3668 1955 supra
3728 1928 3733 1933 .

2078 1972 2229 2026 verbi
2266 1973 2572 2044 mentisque
2592 1983 2916 2044 conceptum
2953 1975 3288 2044 corporasti.

2155 2063 2350 2123 Unitus
2374 2076 2459 2123 est
2500 2067 2556 2122 in
2604 2077 2762 2123 utere
2790 2075 2889 2123 tuo
2929 2068 3083 2124 carni
3111 2068 3364 2135 Creator,
3403 2081 3440 2123 o
3467 2067 3669 2125 castis-

2081 2159 2243 2227 sima,
2278 2174 2511 2216 manens
2544 2161 2598 2218 id
2630 2162 2778 2233 quod
2806 2172 2961 2230 erat,
2993 2172 3054 2219 ut
3082 2161 3404 2220 hominibus
3431 2159 3669 2218 felicita-

2082 2261 2189 2306 tem
2218 2251 2345 2309 vita:
2380 2253 2513 2323 largi
2523 2264 2695 2309 retur.

2154 2344 2325 2401 Deum
2354 2344 2597 2402 Verbum
2631 2354 2982 2417 corporatum
3018 2346 3299 2417 peperisti,
3330 2360 3365 2402 ο
3392 2346 3575 2418 puella
3604 2359 3670 2402 ac

2081 2435 2311 2493 Domina
2337 2439 2873 2506 immaculatissima,
2892 2440 2979 2495 cui
3002 2439 3260 2510 placitum
3287 2439 3389 2494 fuit
3408 2437 3669 2495 omnibus

2082 2529 2378 2585 as~imilari
2413 2539 2635 2602 propter
2664 2531 2877 2587 viscera
2910 2531 3301 2587 misericordia:
3322 2546 3456 2587 suae.

2152 2618 2271 2674 Non
2315 2621 2636 2694 relinquens
2667 2623 2919 2680 coalestia
2948 2624 3272 2679 exiuanitus
3315 2630 3402 2677 est
3431 2621 3573 2677 Deus
3614 2620 3669 2676 iu

2082 2723 2238 2769 utero
2264 2724 2381 2782 tuo,
2423 2730 2458 2771 ο
2482 2715 2762 2783 inviolata,
2792 2724 2847 2772 et
2876 2718 3181 2774 immensus
3207 2723 3559 2772 mensuratus
3585 2723 3677 2769 est.

2083 2803 2358 2861 immensa
2389 2814 2612 2876 peccata
2638 2805 2978 2862 diminuens.

2154 2894 2433 2954 Habitavit
2456 2898 2509 2953 lu
2536 2907 2589 2953 te
2610 2898 3047 2969 comprehensus
3066 2896 3670 2969 incomprehensibilis,

2082 2997 2137 3044 et
2171 2988 2350 3046 cll'ecit
2393 3000 2447 3046 te
2504 2990 2660 3046 cretis
2715 2989 3013 3057 latiorem,
3063 3004 3099 3045 o
3151 2988 3339 3063 Virgo.
3375 2988 3697 3060 Propterea.

2085 3079 2299 3136 beatam
2328 3090 2380 3135 te
2402 3081 2662 3139 dicimus.

458 3134 635 3156 .-τ-νη

458 3177 691 3252 Νεκρῶν
709 3200 769 3236 τε
802 3184 895 3239 καὶ
923 3183 1031 3238 τῶν
1051 3183 1271 3250 ζώντων
1299 3189 1581 3261 Δεσπότην
1607 3190 1978 3258 ἀποτεκοῦσα,

2162 3172 2502 3229 Mortuorum
2533 3189 2600 3230 ac
2639 3173 2941 3230 viventium
2984 3170 3279 3231 Dominum
3309 3174 3472 3231 enixa
3493 3214 3509 3242 ,
3538 3189 3672 3246 με..

396 3269 464 3323 τὰ
494 3271 665 3343 πάθη,
692 3276 1027 3347 πανάμωμε,
1059 3278 1130 3333 τὰ
1152 3282 1251 3351 τῆς
1282 3282 1485 3352 σαρκός
1510 3299 1613 3355 μου
1644 3281 1977 3341 θανάτωσον.

464 3461 735 3533 Νομίμων
767 3464 893 3535 δίχα
935 3464 1178 3534 φύσεως,
1218 3467 1491 3538 Παρθένε,
1540 3472 1634 3525 τδν
1680 3474 1979 3545 νομοδότην

395 3552 622 3621 τίκτεις,
652 3557 1067 3614 ἀναπλάττοντα
1086 3561 1187 3631 τὴν
1204 3578 1331 3616 συντ
1341 3561 1587 3633 ρισεῖσαν
1614 3564 1776 3633 φύσιν
1798 3567 1832 3637 ἡ
1841 3566 1979 3639 μῶν,

394 3644 455 3699 όν
477 3646 717 3703 suam"
745 3649 917 3705 σῶσαί
951 3668 1021 3723 με
1056 3651 1354 3724 ἁμαρτίαις
1386 3655 1830 3727 συντριϐόμενον.

462 3824 770 3880 Δεδούλωτο
798 3828 1050 3901 ἁμαρτίᾳ
1080 3831 1113 3902 ἠ
1144 3830 1306 3902 φύσις
1327 3832 1436 3887 τῶν
1462 3835 1794 3908 ἀνθρώπων,
1841 3839 1982 3895 ἀλλὰ

394 3916 598 3989 ταύτην
628 3918 848 3991 ὲρῤύσω
881 3921 980 3991 τῆς
1009 3926 1279 3994 πονηρᾶς,
1325 3925 1579 3991 Θεοτόκε,
1610 3927 1859 3994 δουλείας
1884 3932 1980 3985 τὸν

393 4008 505 4063 τῶν
525 4008 781 4064 ἁπάντων
806 4010 1083 4080 Δεσπότην
1112 4014 1367 4085 κυήσασα
1398 4014 1489 4070 τόν
1524 4017 1777 4083 δείξαντα
1816 4022 1985 4075 πᾶσιν

395 4098 529 4170 ἡμῖν
556 4102 656 4171 τῆς
672 4098 821 4172 ζωῆς
847 4100 948 4165 τὰς
990 4101 1257 4168 εἰσόδους,
1282 4104 1621 4175 πανὰμωμε.

468 4278 898 4350 Σεσαρκωμένον
938 4280 1113 4354 Λόγον
1171 4283 1283 4335 σῶν
1334 4284 1392 4350 ἐξ
1446 4286 1701 4356 αἱμάτων
1776 4288 1985 4351 τίκτεις

401 4369 628 4439 βροτοὺς
655 4371 859 4425 θεῶσαι
889 4373 1282 4445 εὐδοκήσαντα,
1314 4378 1585 4450 Παρθένε,
1604 4382 1731 4444 τοὺς
1753 4380 1986 4451 μέλπον-

399 4462 594 4524 vutg-'0
618 4461 727 4515 τῶν
760 4463 1015 4535 πατέρων
1046 4466 1206 4535 ἡμῶν
1231 4468 1387 4535 Θεὸς,
1420 4468 1713 4542 εὐλογητὸς
1740 4468 1812 4528 εἴ.

470 4650 686 4704 Λύουσα
713 4649 860 4716 Εὐας
890 4651 991 4722 τὴν
1017 4653 1292 4724 κατάραν,
1324 4655 1728 4729 παναμώμητε,
1762 4660 1986 4731 ἐγέννη-

405 4762 524 4809 σας,
563 4744 830 4817 Παρθένε,
861 4744 953 4798 τὸν
983 4745 1093 4800 τῶν
1114 4747 1254 4799 ὅλων
1279 4748 1431 4812 Θεὸν,
1461 4750 1987 4821 ἀφράστως-συλλα-

402 4839 596 4904 ϐοῦσα,
626 4838 723 4892 καὶ
774 4839 912 4912 ὑπὲρ
952 4838 1079 4893 νοῦν
1111 4841 1371 4913 κυήσασα
1430 4846 1711 4917 σωτηρίαν
1756 4817 1869 4911 τοῖς
1895 4847 1988 4899 άν-

401 4931 429 4985 8
438 4932 515 5003 ρὼ
522 4949 661 4993 ποις.

486 5022 670 5077 Ῥόδον
704 5023 966 5078 ἐκλεκτὸν
993 5026 1053 5079 ὲν
1088 5027 1211 5091 ταῖς
1247 5028 1485 5096 κοιλάσι,
1523 5033 1697 5101 Κόρη,
1735 5032 1832 5086 τοῦ
1869 5034 1985 5103 βίου

402 5116 679 5189 εὑρηκὼς,
708 5117 928 5189 ἠράσθη
973 5133 1068 5173 σου
1110 5119 1206 5173 τοῦ
1244 5122 1477 5186 κάλλους
1503 5125 1675 5193 Λόγος
1705 5126 1801 5180 τοῦ
1826 5127 1986 5197 Θεοῦ,

406 5211 497 5263 καὶ
537 5210 845 5283 σαρκωθεὶς
870 5211 1135 5266 εὐωδίασε
1160 5214 1261 5284 τὴν
1293 5214 1647 5285 οἰκουμένην.

488 5385 616 5439 Ἰδοὺ
633 5387 667 5455 ἡ
700 5387 993 5458 Παρθένος,
1018 5389 1093 5452 ὣς
1108 5406 1274 5458 φησιν
1288 5393 1346 5444 ἐν
1365 5390 1638 5462 πνεύματι
1668 5396 1695 5448 ὁ
1735 5394 1988 5464 Ἡσαΐας,

406 5476 565 5549 ἔσχεν
604 5480 665 5530 ὲν
699 5479 879 5549 κοιλίᾳ
923 5481 1013 5534 τὸν
1066 5483 1214 5552 ἡμᾶς
1245 5483 1554 5555 ῥυσάμενον
1595 5485 1726 5555 ᾅδου
1781 5489 1990 5553 κοιλίας

408 5569 650 5633 εὐσεϐῶς
676 5570 914 5639 βοῶντας
941 5592 955 5603 ο
1000 5573 1255 5646 ’Υμνεῖτε
1302 5577 1393 5631 τὸν
1446 5578 1649 5649 Κύριον
1690 5581 1783 5635 καὶ
1815 5582 1990 5655 ὑπερ·

410 5660 633 5731 υψοῦτε.

484 5752 726 5826 θορὲσας
780 5744 843 5827 με
888 5756 1010 5812 ὅλον
1069 5760 1132 5815 ἐκ
1183 5762 1291 5819 τῶν
1347 5764 1458 5819 σῶν
1519 5764 1681 5820 θείων
1739 5766 1989 5838 αἱμάτων

2084 3269 2271 3325 siones
2302 3268 2487 3323 carnis
2522 3283 2656 3325 mea:
2686 3268 2980 3334 mortiﬁca,
3027 3282 3063 3324 ο
3104 3267 3368 3325 immunis
3402 3267 3477 3325 ab
3518 3267 3673 3323 omni

2084 3362 2326 3416 macula.
3570 3362 3571 3365 “

2154 3456 2315 3526 217
2351 3454 2555 3511 Prmter
2598 3464 2895 3512 consuetas
2937 3465 3147 3511 natura:
3194 3455 3342 3527 leges
3385 3452 3666 3526 peperisti,

2083 3563 2118 3603 o
2142 3545 2308 3620 Virgo
2329 3588 2345 3615 ,
2383 3547 2773 3617 legislaturem,
2807 3547 2900 3618 qui
2955 3558 3208 3603 naturam
3256 3553 3501 3601 nostram
3535 3558 3674 3599 cou-

2086 3641 2269 3697 tritam
2301 3642 2637 3696 reformavit.
2675 3641 2938 3697 Eumdem
2995 3641 3294 3710 deprecare
3315 3682 3333 3708 ,
3368 3647 3430 3695 ut
3471 3636 3607 3692 mihi
3637 3652 3668 3690 a

2085 3735 2323 3802 peccatis
2350 3733 2586 3790 contrito
2618 3735 2848 3790 salutem
2878 3718 3166 3790 concedat.

2160 3825 2214 3880 lu
2259 3828 2580 3884 servitutem
2614 3827 2830 3893 peccati
2867 3828 3084 3881 redacta
3128 3836 3214 3883 est
3244 3836 3438 3884 natura
3484 3828 3652 3883 horni-

2086 3936 2251 3984 num;
2285 3932 2341 3975 at
2369 3933 2447 3982 tu,
2481 3937 2515 3976 ο
2557 3920 2808 3989 Deipara,
2848 3920 2996 3975 illam
3063 3935 3093 3974 a
3137 3920 3376 3990 pessima
3408 3922 3655 3977 servituti

2087 4013 2385 4077 redemisti,
2418 4011 2710 4067 Dominum
2760 4012 3148 4068 universorum
3188 4013 3380 4076 enixa,
3412 4027 3446 4067 ο
3474 4014 3653 4067 imma

2086 4105 2446 4170 cuiatissima,
2494 4104 2584 4175 qui
2642 4108 2902 4161 omnibus
2939 4103 3106 4160 nobis
3149 4104 3274 4160 vitae
3342 4104 3529 4161 aditus
3572 4106 3660 4161 de-

2087 4197 2435 4251 monstravit.

2159 4288 2506 4343 lucaruatum
2540 4286 2779 4343 Verbum
2842 4304 2907 4343 ex
2951 4288 3063 4341 tuis
3108 4287 3472 4355 sanguinihus
3516 4304 3673 4359 pepe-

2087 4382 2232 4445 risti,
2262 4397 2294 4437 o
2336 4380 2539 4451 Virgo;
2569 4382 2655 4434 cui
2694 4380 2956 4451 placitura
2994 4378 3097 4433 fuit
3124 4380 3389 4435 deiﬁcare
3420 4380 3674 4434 homines

2012 4482 2066 4541 1)
2092 4474 2183 4543 qui
2201 4473 2497 4530 concinunt
2532 4491 2545 4527 :
2574 4471 2901 4528 Benedictus
2929 4486 3010 4539 es,
3044 4470 3187 4527 Deus
3212 4483 3427 4543 patrum
3455 4480 3675 4529 nostro-

2090 4582 2233 4625 rum.

2164 4658 2398 4717 Solvens
2428 4659 2553 4714 Eva:
2582 4660 3047 4724 maledictionem,
3076 4659 3348 4729 genuisti,
3374 4673 3408 4711 ο
3439 4657 3672 4711 inviola-

2090 4752 2326 4817 tissima,
2373 4755 2619 4808 omnium
2662 4751 2870 4819 Deum;
2911 4767 3073 4821 quem
3109 4751 3675 4809 ineffabilitcmonce-

2088 4843 2238 4914 pisti,
2274 4852 2439 4914 atque
2467 4842 2968 4914 inexcogitahiliter
3008 4840 3269 4911 peperisti
3294 4840 3349 4894 in
3385 4838 3671 4893 hominum

2090 4936 2347 4991 salutem.

2159 5029 2295 5083 Cum
2326 5037 2399 5092 te,
2438 5044 2471 5083 ο
2504 5026 2705 5099 puella,
2750 5041 2930 5081 rosam
2963 5025 3191 5081 electam
3241 5024 3295 5077 in
3331 5023 3675 5078 convallibus

2090 5119 2214 5174 vita:
2256 5119 2491 5176 Verbum
2549 5119 2644 5174 Dei
2698 5118 3045 5183 invenisset,
3093 5114 3522 5187 pulchritudinis
3569 5124 3676 5169 tum

2090 5227 2277 5267 amore
2318 5219 2536 5281 captum
2584 5218 2691 5278 est,
2737 5218 2793 5266 et
2819 5210 3206 5275 iucarnatum,
3238 5207 3409 5262 odore
3449 5207 3678 5278 replevit

2090 5304 2277 5359 orbem
2306 5312 2449 5358 terra
2459 5317 2600 5357 rum.

2162 5394 2303 5450 Ecce
2330 5393 2518 5464 Virgo,
2536 5391 3001 5464 quemadmodum
3025 5391 3080 5444 iu
3104 5391 3298 5461 spiritu
3321 5390 3460 5446 dixit
3482 5393 3678 5459 Isaias,

2092 5488 2146 5544 in
2180 5497 2333 5542 utero
2364 5487 2556 5541 habuit
2600 5486 2752 5539 illum
2797 5483 2889 5552 qui
2933 5499 3033 5538 nos
3068 5482 3138 5536 ah
3184 5481 3485 5538 inferorum
3520 5494 3677 5540 utero

2094 5578 2346 5643 redemit,
2380 5578 2631 5648 religiose
2665 5584 2923 5632 canentes
2952 5593 2967 5630 :
3002 5573 3247 5630 Laudate
3278 5575 3590 5642 Dominum,
3622 5586 3679 5633 et

2093 5672 2497 5742 superexaltate
2520 5712 2535 5737 ,
2568 5678 2675 5727 etc.

2166 5766 2372 5824 Fcrens
2400 5782 2487 5823 me
2519 5776 2690 5822 totum
2727 5774 2987 5835 tanquam
3014 5773 3219 5819 vestem
3249 5778 3315 5818 ex
3344 5762 3455 5819 tuis
3474 5761 3675 5819 divinis
