4052 6306
1685 453 1748 514 S.
1789 444 2106 511 JOSEPIII

2266 444 2305 502 Μ
2316 443 2360 501 Ν
2371 440 2464 501 OG
2477 440 2713 500 RAI’III
3683 433 3850 500 1252

620 577 749 632 Fers
810 576 864 630 in
923 576 1067 631 ulnis
1108 576 1309 640 Deum,
1359 588 1393 627 ο
1438 567 1827 630 sanctissima,
1867 574 2127 633 tanquam

2304 560 2496 628 Φέρεις
2524 558 2582 608 ὲν
2617 553 2885 623 ἀγκάλαις
2929 551 3022 604 τὸν
3049 550 3203 614 Θεὸν,
3241 549 3317 611 ὡς
3381 549 3632 620 πύρινος.
3685 568 3857 604 πανο

545 681 778 725 tnronus
811 669 1003 740 igneus
1046 669 1364 731 inviolatus,
1411 663 1505 733 qui
1551 662 1846 716 humanam
1887 658 2130 726 suscepit

2269 653 2382 720 γία,
2416 651 2602 720 θρόνος
2621 650 2910 718 ἄχραντος,
2936 646 3098 714 φύσιν
3127 642 3378 715 βροτείαν
3410 641 3704 714 εἰληφότα,
3744 647 3859 699 καὶ

545 735 925 828 ιιειυτοιηξοι
955 762 1116 831 227
1158 760 1364 813 unione
1396 755 1656 811 ineﬂ'abili
1703 755 1772 809 ob
1803 755 2128 807 immensam

2266 745 2436 812 σύτης
2491 739 2884 812 συμπλακέντα
2931 738 3054 792 καθ’
3100 738 3300 790 ἕνωσιν
3345 735 3746 820 ἀπόρῤητονη
3773 738 3855 790 δι’

546 855 979 909 miscricordiam
1013 868 1167 907 suam
1193 850 1369 904 eidem
1409 847 1697 918 copulatus
1721 843 2130 915 est;quamob-

546 961 660 1000 rem
694 960 887 1000 omnes
925 954 978 999 te
1006 943 1439 1014 tnaguiﬁcamus.

619 1059 701 1114 Ea:
730 1077 929 1113 cnnone
949 1060 1002 1111 in
1029 1059 1162 1129 [esto
1192 1057 1254 1112 S.
1280 1055 1535 1110 Mercurii
1563 1053 1835 1122 martyris,
1861 1051 1943 1103 die
1966 1050 2057 1103 23'.

624 1243 663 1296 Ε
687 1241 898 1309 virgine
936 1240 1118 1309 puella
1146 1239 1464 1292 incarnatus
1488 1234 1638 1289 visus
1663 1242 1767 1298 est,
1795 1231 1887 1302 qui
1914 1239 2133 1300 propter

550 1350 650 1388 nos
683 1333 849 1387 homo
905 1333 1106 1387 similis
1155 1330 1313 1383 nobis
1358 1330 1536 1382 fat-tus
1566 1336 1678 1390 est,
1711 1332 1765 1378 et
1794 1325 2128 1379 Mercurium

548 1441 776 1480 suarum
812 1425 1134 1494 passionum
1168 1430 1358 1476 testem
1381 1460 1396 1485 ,
1441 1419 1702 1474 athletam
1733 1432 1891 1470 sunm
1923 1414 2131 1476 eﬂ‘ecit,

550 1520 715 1573 enixe
766 1518 869 1572 sibi
923 1517 1300 1570 concinentem
1339 1533 1352 1568 :
1393 1512 1686 1568 Cantemus
1720 1508 1972 1574 Domino,
2014 1507 2132 1579 glo-

551 1612 695 1664 riose
728 1615 871 1662 enim
915 1607 1311 1662 honoriﬁcatus
1342 1618 1446 1661 est.

624 1698 694 1753 Ut
746 1699 1159 1767 conceptionem
1217 1707 1401 1757 tuam,
1456 1710 1578 1764 qua:
1625 1708 1844 1747 omnem
1896 1701 2133 1747 mentem

549 1770 797 1854 excedit,
838 1789 1007 1841 rubus
1042 1786 1446 1856 praetiguraret,
1479 1800 1510 1837 o
1547 1796 1721 1848 casta,
1763 1785 2014 1854 apparuit
2043 1799 2134 1835 ar-

550 1885 685 1934 dens
715 1881 767 1932 in
801 1879 946 1949 igne,
981 1895 1081 1933 nec
1110 1890 1292 1932 tamen
1326 1878 1776 1932 cornburebatur.

621 1969 680 2023 ln
729 1979 779 2024 te
831 1969 1176 2025 salutiferum
1233 1968 1469 2023 Verbum
1526 1967 1835 2031 descendit,
1881 1981 1914 2020 ο
1965 1964 2132 2036 Virgo

550 2062 809 2130 perennis
830 2101 844 2122 ,
874 2070 1136 2130 tanquam
1175 2061 1372 2124 imber,
1427 2061 1520 2131 qui
1553 2060 1891 2113 inﬁdelitatis
1923 2060 2136 2128 pluvias

550 2152 872 2207 exsiccavit.

623 2245 902 2310 lnterime,
957 2260 988 2298 ο
1032 2243 1216 2313 Virgo,
1258 2245 1442 2301 vivum
1485 2252 1772 2313 peccatum
1820 2257 2026 2306 meum,
2079 2250 2135 2296 tu

552 2355 677 2410 qua:
705 2341 870 2392 vitam
902 2339 1183 2407 peperisti,
1217 2354 1339 2406 quae
1369 2339 1530 2390 morti
1567 2337 1791 2391 tradidit
1821 2347 2073 2390 mortem.

631 2430 965 2498 Cane-episti,
1011 2444 1043 2483 ο
1093 2429 1306 2498 puella,
1342 2445 1439 2499 per
1489 2444 1677 2483 vocem
1714 2430 1924 2499 angeli,
1957 2428 2136 2498 magni

554 2521 774 2576 consilii
817 2522 1106 2589 Angelntn,
1176 2531 1229 2574 et
1259 2536 1323 2574 cx
1363 2522 1472 2576 tuis
1507 2521 1876 2575 sanctissimis
1915 2521 2138 2590 sangui-

559 2615 723 2666 nibus
756 2614 1100 2666 ineat-natum
1134 2614 1418 2682 peperisti.
1451 2629 1484 2668 ο
1515 2613 1832 2683 purissima,
1871 2612 2020 2666 illum
2045 2611 2138 2680 qui

559 2708 681 2760 vita:
713 2706 894 2759 aditus
943 2705 1218 2758 universis
1263 2706 1503 2759 ostendit
1552 2715 1775 2776 propter
1809 2703 2139 2760 iuetfabilcm

554 2797 994 2852 misericordiam
1025 2811 1204 2850 suam.

628 2889 962 2957 Angelorum
1022 2889 1246 2942 ordines
1305 2897 1530 2955 stupore
1582 2887 1828 2957 percellit
1894 2886 2140 2956 mystcrii

554 2982 635 3036 tui
667 2980 1035 3050 profunditas,
1065 2994 1098 3032 ο
1134 2978 1364 3048 Deipara
1393 2999 1405 3032 :
1443 2978 1584 3033 Deus
1617 2982 1760 3033 enim
1789 2994 1855 3033 ex
1889 2991 1938 3033 te
1962 2980 2144 3033 incar-

555 3086 721 3130 natus
767 3074 1040 3143 apparuit,
1100 3074 1190 3127 cui
1241 3073 1589 3127 coneinimus
1630 3090 1644 3127 :
1695 3071 2022 3126 Benedictus
2058 3086 2140 3137 es,

554 3167 785 3228 Domine
824 3165 993 3222 Deus.

626 3259 736 3316 Nos
775 3274 967 3316 omnes
1005 3259 1193 3314 ﬁdeles
1226 3267 1278 3310 te
1309 3267 1570 3327 tanquam
1636 3257 2003 3326 reparationis
2048 3273 2145 3311 no-

561 3364 689 3412 stra:
738 3369 966 3408 causam
1015 3353 1334 3414 laudamus,
1374 3365 1407 3404 ο
1436 3349 1694 3404 inviolata
1739 3373 1752 3402 :
1801 3349 1967 3404 Deum
2002 3350 2144 3403 enim

558 3448 805 3503 omnium
862 3461 1044 3500 rerum
1082 3459 1305 3498 causam
1357 3457 1525 3514 supra
1577 3457 1800 3498 causam
1856 3441 2144 3513 peperisti,

558 3540 652 3611 qui
695 3539 989 3610 imaginem
1021 3551 1176 3591 suam
1207 3535 1411 3589 malitia
1437 3536 1753 3597 contritam,
1789 3534 2012 3605 propria
2045 3534 2147 3588 mi-

559 3626 858 3680 sericordia
894 3623 1323 3695 redintegravit,
1354 3637 1387 3676 ο
1439 3625 1556 3679 sola
1607 3625 2064 3694 superbenedieta
2093 3631 2146 3678 et

563 3719 741 3788 gratia
773 3710 956 3786 plena.

638 3809 913 3873 illumina,
950 3825 983 3865 ο
1027 3819 1180 3880 porta
1226 3811 1386 3876 lucis,
1425 3809 1668 3864 animam
1712 3823 1887 3863 meam
1933 3808 2144 3876 passio—

561 3921 695 3959 num
742 3906 974 3973 caligine
1016 3915 1347 3962 exeascatam
1375 3948 1388 3970 ,
1429 3904 1720 3975 pravisque
1794 3902 2146 3970 cogitationi-

561 3999 665 4053 bus
695 3999 1071 4064 obscuratam,
1101 4007 1264 4067 atque
1302 4000 1353 4051 in
1390 3997 1710 4051 discrimine
1740 3994 1999 4064 positam,
2032 4003 2080 4048 et
2113 4007 2144 4046 a

561 4089 996 4155 tentationibus,
1053 4090 1314 4160 periculis
1368 4089 1539 4159 228
1585 4103 1648 4142 ac
1695 4086 2145 4142 tribulationibus

561 4197 695 4238 erue
727 4197 813 4237 me
833 4219 850 4246 ,
882 4193 941 4237 ut
971 4182 1266 4253 gloriﬁcent
1298 4191 1350 4236 te
1382 4197 1532 4250 spem
1570 4181 1846 4247 roburque
1873 4179 2140 4235 ﬁdelium.

567 4318 650 4373 Ea:
677 4334 878 4372 canone
906 4319 960 4372 in
993 4319 1125 4388 [esto
1157 4315 1216 4372 S.
1243 4315 1310 4371 P.
1348 4314 1423 4372 N.
1457 4315 1636 4386 Alypii
1669 4315 1910 4382 Cionitw,
1938 4316 2022 4369 die
2054 4314 2146 4372 26.
2220 4316 2224 4324 ’

639 4521 816 4576 Verba
853 4519 1152 4575 venerandi
1198 4518 1476 4588 prophetae
1512 4517 1672 4572 ﬁnem
1707 4518 1968 4576 habuere.
2010 4518 2151 4576 Ecce

2231 834 2413 891 οἶκτον
2437 835 2746 907 ἀμέτρητον
2774 851 2788 862 ’
2818 832 2941 887 ὅθεν
2969 848 3028 885 σε
3061 832 3265 894 πάντες
3295 827 3713 901 μεγαλύνομεν.

2246 1051 2348 1102 Ἐκ
2384 1047 2492 1101 τοῦ
2533 1048 2803 1108 Δανίηλος
2849 1043 2937 1106 εις
2979 1041 3088 1094 τὸν
3119 1039 3292 1107 ἅγιον
3314 1036 3836 1108 tumulandan

2656 1115 3044 1182 Μερκούριον,
3073 1111 3260 1180 ἡμέρᾳ
3292 1116 3392 1162 κε’.

2308 1229 2494 1302 Κόρης
2535 1229 2809 1299 παρθένου
2859 1227 3050 1298 ὼράθη
3087 1223 3460 1296 σαρκούμενος
3492 1239 3521 1276 ο
3564 1242 3616 1278 ιιι
3691 1226 3833 1297 ἡμᾶς

2236 1325 2359 1380 καθ’
2391 1325 2538 1394 ἡμᾶς
2558 1323 2844 1392 ἄνθρωπος
2875 1320 3190 1389 γενόμενος,
3221 1319 3315 1370 καὶ
3351 1317 3613 1389 μάρτυρα
3643 1319 3842 1372 πιστὸν

2237 1417 2426 1470 παθῶν
2495 1415 2718 1468 οἰκείων
2773 1414 3012 1467 δείκνυσι
3071 1410 3418 1482 Μερκούριον
3489 1411 3844 1480 γενόμενον,

2236 1509 2402 1564 αύτοῦ
2441 1508 2534 1562 τὸν
2575 1506 2837 1577 ἀθλητὴν,
2882 1505 3034 1576 αὑτῷ
3077 1504 3359 1575 συντόμως
3391 1503 3711 1572 ψάλλονταο
3745 1503 3849 1574 Τῷ

2236 1603 2427 1675 Κυρίῳ
2444 1602 2668 1672 ᾇσωμεν
2693 1619 2707 1634 ’
2736 1601 2965 1667 ἐνδόξως
2985 1601 3094 1669 γὰρ
3121 1597 3456 1662 δεδόξασται.

2311 1698 2434 1750 Ἱνα
2459 1694 2799 1767 προτυπὼσῃ
2823 1711 2918 1746 σου
2941 1693 3040 1763 τὴν
3069 1691 3208 1762 ὑπὲρ
3231 1691 3377 1752 νοῦν,
3411 1690 3578 1759 ἁγνὴ,
3602 1686 3846 1761 κύησιν,

2239 1790 2399 1862 βάτος
2437 1790 2571 1860 πυρὶ
2597 1787 2759 1860 ὤφθη
2793 1787 3084 1858 καιομένη,
3119 1783 3373 1855 οὐδαμῶς
3401 1783 3752 1855 φλεγομένη.

2321 1976 2444 2030 Ἐπὶ
2483 1976 2543 2028 σὲ
2572 1977 2600 2029 ό
2629 1975 2898 2046 σωτήριος
2927 1973 3098 2041 Λόγος
3131 1972 3537 2042 καταϐέϐηκεν,
3567 1971 3849 2044 ’Δειπάρο

2239 2069 2380 2132 οενε,
2412 2070 2602 2136 ὥσπερ
2629 2066 2858 2138 ὄμϐρος,
2885 2066 2982 2119 καὶ
3023 2065 3256 2136 ἐξήρανε
3298 2067 3400 2135 τῆς
3437 2064 3739 2130 πολυθεῑας
3772 2065 3853 2119 τὰ

2237 2162 2417 2233 ὀμϐρή
2429 2178 2594 2232 ματα.

2308 2253 2654 2313 Θανάτωσον,
2701 2247 2969 2319 Παρθένε,
3009 2247 3109 2317 τὴν
3158 2245 3343 2311 ζῶσάν
3376 2236 3478 2318 μου
3525 2247 3844 2318 ἁμαρτίαν,

2239 2344 2387 2416 ζωὴν
2415 2346 2448 2416 ή
2478 2343 2733 2413 κυήσασα
2763 2342 2866 2410 τὴν
2899 2339 3296 2394 Θανατὼσασαν
3325 2342 3577 2396 θάνατον.

2310 2433 2612 2496 Συνέλαϐες
2656 2436 2724 2505 τῇ
2757 2435 2912 2503 φωνῇ
2951 2429 3047 2485 τοῦ
3087 2431 3325 2500 ἀγγέλου
3369 2432 3464 2485 τὸν
3489 2431 3689 2503 βουλῆς
3731 2449 3846 2501 μι-

2239 2528 2413 2597 γάλης
2449 2526 2736 2596 Ἄγγελον,
2787 2525 2965 2595 Κόρη,
2999 2524 3096 2580 καὶ
3128 2525 3193 2578 ὲκ
3235 2524 3344 2579 τῶν
3393 2525 3502 2578 σῶν
3545 2525 3846 2592 παναγων

2241 2620 2488 2689 αἱμάτων
2543 2616 2986 2688 σεσαρκωμένον,
3048 2615 3383 2685 πανάμωμε,
3439 2617 3667 2680 τέτοκας
3743 2617 3844 2670 τὸν

2241 2712 2494 2777 δείξαντα
2518 2713 2651 2765 πᾶσι
2678 2709 2825 2781 ζωῆς
2856 2709 2957 2774 τὰς
2983 2709 3224 2772 εἰσόδους
3245 2708 3313 2761 δι’
3339 2708 3544 2776 ἄφατον
3571 2707 3754 2772 ἕλεος.

2314 2896 2510 2964 Τάξεις
2553 2895 2803 2966 ἀγγέλων
2855 2893 3225 2966 καταπλήττει
3272 2890 3582 2962 μυστηρίου
3619 2908 3719 2947 σου
3761 2894 3826 2946 τὸ

2245 2989 2446 3062 βάθος,
2496 2989 2757 3043 Θεοτόκε·
2807 2990 2836 3042 ὁ
2867 2987 3000 3051 Θεὸς
3052 2987 3158 3058 γὰρ
3191 2986 3255 3039 ὲκ
3301 2983 3398 3036 σοῦ
3451 2984 3818 3053 σαρκούμενος

2243 3082 2456 3156 ὡράθη,
2489 3077 2534 3152 ᾧ
2563 3080 2910 3155 μελῳδοῦμεν
2933 3097 2947 3110 °
2987 3080 3161 3152 Κύριε
3193 3081 3219 3134 ὁ
3243 3079 3397 3144 Θεὸς,
3431 3078 3699 3147 εὐλογητὸς
3729 3073 3804 3134 εἴ.

2332 3270 2420 3332 Ὠς
2461 3268 2560 3338 τῆς
2593 3267 2752 3338 ἡμῶν
2792 3265 3113 3336 ὑπάρχουσα
3143 3265 3523 3327 ὰναπλάσεως,
3566 3261 3830 3337 ἄκραντα,

2249 3361 2490 3425 ἅπαντες
2541 3360 2724 3414 αἰτίαν
2760 3360 2811 3412 οἱ
2861 3359 3044 3412 πιστοὶ
3086 3357 3368 3429 ύμνοῦμέν
3419 3373 3498 3411 σε.
3543 3355 3674 3408 Θεὸν
3718 3355 3840 3426 γὰρ

2249 3455 2533 3507 παναίτιον
2557 3453 2700 3522 ὑπὲρ
2725 3453 2903 3506 αἰτίαν
2923 3451 3172 3515 τέτοκας,
3204 3451 3298 3502 τὸν
3328 3449 3427 3520 τὴν
3452 3446 3843 3518 συντριϐεῖσαν

2249 3549 2306 3601 ὲν
2357 3545 2528 3617 κακία
2561 3546 2748 3599 εἰκόνα
2792 3545 2968 3615 οἰκεία
3015 3544 3390 3615 εὐσπλαγχνὶᾳ
3421 3542 3843 3608 ἁναπλάσαντα,

2251 3641 2388 3711 μόνη
2419 3637 2908 3710 ύπερευλογημένη
2940 3637 3036 3692 καὶ
3066 3639 3505 3708 κεχαριτωμένη.

2315 3825 2586 3889 Φὼτισον,
2645 3823 2788 3895 πύλη
2847 3822 2942 3877 τοῦ
2995 3823 3207 3895 φωτὸς,
3259 3824 3360 3896 τὴν
3411 3825 3849 3896 τυφλώττουσαν

2245 3920 2426 3991 ψυχήν
2479 3935 2582 3989 μου
2637 3920 2750 3980 τοῖς
2801 3916 3035 3982 πάθεσι,
3092 3920 3186 3971 καὶ
3243 3920 3500 3988 πονηροῖς
3555 3917 3850 3990 λογισμοῖς

2248 4010 2668 4081 ἀμαυρωθεῖσαν
2719 4010 2814 4062 καὶ
2869 4008 3322 4075 κινδυνεύουσαν,
3378 4009 3473 4062 καὶ
3533 4008 3724 4074 ἐξελοῦ
3779 4028 3847 4080 με

2249 4103 2596 4174 πειρασμῶν,
2642 4103 2906 4154 κινδύνων
2938 4105 3033 4154 καὶ
3079 4101 3335 4171 θλίψεων,
3376 4102 3465 4156 ἵνα
3505 4101 3720 4167 δοξάζω
3758 4119 3846 4170 σε,

2247 4196 2346 4268 τὴν
2375 4196 2567 4250 ἐλπίδα
2594 4195 2704 4249 τῶν
2737 4194 2945 4248 πιστῶν
2975 4195 3072 4250 καὶ
3099 4195 3451 4267 κραταίωμα.

2263 4339 2364 4393 Ἐκ
2417 4337 2524 4392 τοῦ
2573 4337 2843 4401 Κηνόνος
2886 4337 2974 4402 εις
3020 4337 3124 4389 τὸν
3162 4336 3338 4390 ὅσιον
3369 4336 3621 4408 Πατέρα
3664 4335 3844 4408 ἡμῶν·

2486 4409 2764 4462 Ἁλύπιον
2791 4408 2898 4461 τὸν
2928 4409 3232 4475 Κιονίτην,
3263 4407 3453 4478 ἡμέρᾳ
3483 4415 3596 4471 κς¹.

2335 4520 2522 4592 Ῥῆσις
2574 4519 2775 4573 σεπτοῦ
2831 4520 3113 4590 προφήτου
3168 4519 3343 4591 πέρας
3414 4520 3668 4586 ἐδέξατο·
3725 4521 3843 4578 ἰδοὺ

569 4617 714 4670 enim
764 4613 926 4683 Virgo
976 4612 1146 4666 Deum
1187 4613 1241 4665 in
1289 4627 1453 4666 carne
1489 4612 1719 4682 peperit,
1764 4616 1858 4682 qui
1899 4613 2141 4671 homines

2266 4613 2361 4686 γὰρ
2400 4617 2434 4687 ἡ
2495 4612 2771 4687 Παρθένος
2815 4613 2980 4683 σαρκὶ
3020 4613 3153 4666 Θεὸν
3197 4611 3399 4681 ἐκύησε
3437 4612 3664 4684 βροτοὺς
3704 4616 3848 4668 ἀνα-

565 4708 781 4763 delictis
807 4722 871 4760 ac
902 4704 1140 4776 peccatis
1169 4713 1293 4758 ante
1329 4705 1598 4760 contritus
1637 4706 2051 4777 redintegravit.

632 4889 678 4944 0
707 4888 902 4959 Virgo,
951 4885 1216 4941 mundum
1267 4886 1426 4941 Verbi
1459 4886 1745 4956 palatium,
1783 4887 1868 4944 {ac
1903 4889 2143 4947 animam

566 4997 743 5036 meam
780 4982 1004 5035 domum
1047 4979 1288 5048 Spiritus
1337 4980 1513 5033 sancti
1562 4997 1575 5033 :
1627 4980 1778 5035 fonte
1813 4996 1990 5052 aquae,
2024 5000 2146 5052 qua:

565 5088 649 5132 est
680 5075 1010 5146 principium
1034 5077 1177 5140 vitae,
1203 5084 1328 5143 pota
1355 5090 1460 5141 me,
1494 5079 1706 5144 peccati
1727 5078 1907 5136 calore
1938 5078 2147 5134 inﬂam-

569 5182 797 5233 utatum,
831 5178 892 5220 ut
923 5181 1021 5237 pro
1052 5167 1237 5221 debito
1271 5178 1320 5221 te
1344 5168 1662 5237 glorilicctn.

639 5262 877 5327 Medere,
907 5261 1157 5322 Domina,
1199 5262 1548 5332 passionibus
1589 5264 1785 5318 animae
1813 5280 1965 5328 mete,
2003 5281 2148 5318 inen-

569 5369 787 5423 teinque
844 5363 898 5409 et
933 5369 1028 5408 cor
1073 5369 1251 5408 meum
1302 5355 1572 5422 illumina,
1608 5367 1662 5410 tu
1711 5375 1834 5428 qua:
1877 5359 2014 5413 lucis
2052 5361 2147 5412 da-

571 5465 742 5503 mrem
775 5449 1058 5517 peperisti,
1089 5448 1366 5504 Christum
1397 5449 1688 5505 Dominum
1722 5455 1869 5508 omni
1907 5455 2147 5509 bonitate

569 5543 929 5611 superiorem.

639 5635 683 5690 Ο
718 5636 896 5706 puella
933 5645 1154 5703 sancta,
1217 5636 1388 5693 Deum
1439 5646 1692 5694 sanctum
1741 5643 2036 5712 peperisti,
2080 5660 2148 5699 ex

567 5744 666 5784 sua
707 5730 1083 5785 misericordia
1127 5731 1403 5789 hominem
1436 5732 1642 5789 factum
1666 5775 1680 5798 ,
1715 5738 1806 5806 qui
1846 5737 2149 5792 sanctiﬁcat

569 5839 760 5877 omnes
794 5827 972 5892 Ipsum
1001 5839 1124 5878 cum
1158 5824 1259 5879 tide
1290 5841 1354 5880 ae
1387 5827 1581 5882 timore
1612 5830 2037 5886 sanctiﬁcantes.

637 5913 770 5981 Nos,
813 5915 906 5984 qui
949 5917 1000 5969 in
1046 5916 1396 5977 tribulatione
1428 5933 1732 5988 versamur,
1769 5922 1964 5978 fortem
2013 5936 2147 5978 con-

2247 4709 2590 4772 πλάττοντα,
2638 4706 3026 4777 συντριϐέντας
3075 4706 3343 4777 πρότερον
3400 4707 3700 4778 ἁμαρτίαις
3745 4709 3848 4762 καὶ

2247 4803 2745 4874 πλημμελήμασιν.

2319 4895 2585 4965 Παρθένε,
2599 4894 2659 4947 τὸ
2678 4893 2918 4964 καθαρὸν
2930 4893 3025 4947 τοῦ
3046 4895 3220 4965 Λόγου
3241 4895 3525 4958 παλάτιον,
3543 4893 3641 4966 τὴν
3657 4895 3851 4966 ψυχήν

2251 5005 2351 5060 μου
2378 4985 2549 5050 δεῖξον
2581 4982 2728 5039 οἷκον
2751 4985 2847 5038 τοῦ
2890 4985 3048 5053 ἁγίου
3095 4987 3414 5055 Πνεύματος
3439 5003 3454 5019 ⁸
3494 4985 3684 5050 ὓδατος
3719 5007 3848 5057 πη-

2250 5084 2351 5151 γῆς
2382 5079 2695 5150 ζωαρχικῆς
2737 5079 2955 5132 πότισόν
2983 5098 3054 5151 με
3089 5081 3154 5150 τῇ
3190 5079 3380 5133 καύσει
3422 5080 3520 5150 τῆς
3564 5081 3845 5151 ἁμαρτίας

2253 5173 2665 5243 φλογιζόμενον,
2699 5173 2846 5235 ὅπως
2880 5171 3202 5243 καταχρέως
3226 5171 3439 5237 δοξάζω
3472 5190 3554 5226 σε.

2319 5267 2398 5318 Τὰ
2432 5263 2582 5334 πάθη
2612 5264 2709 5334 τῆς
2753 5263 2935 5332 ψυχῆς
2974 5281 3074 5333 μου
3122 5263 3496 5337 θεράπευσον,
3545 5265 3640 5320 καὶ
3696 5281 3841 5335 φωτ-

2250 5358 2539 5427 αγώγησον
2596 5357 2688 5408 τὸν
2717 5356 2840 5408 νοῦν
2869 5357 2963 5408 καὶ
2995 5356 3093 5427 τὴν
3129 5357 3357 5428 καρδίαν
3384 5375 3508 5427 μου,
3552 5358 3843 5424 Δέσποινα,

2251 5456 2283 5522 ἡ
2346 5451 2658 5521 φωτοδότην
2732 5448 2968 5504 τεκοῦσα
3033 5451 3268 5521 Χριστὸν
3328 5454 3418 5505 τὸν
3493 5453 3849 5523 ύπεράγαθον

2252 5545 2480 5617 Κύριον.

2322 5640 2512 5708 ’Ἃγιον
2540 5635 2782 5707 ὲκύησας
2811 5635 2946 5690 Θεὸν
2986 5639 3280 5711 γενόμενον
3315 5639 3505 5711 βροτὸν
3543 5639 3614 5693 δι’
3635 5637 3844 5709 οἶκτον,

2252 5737 2386 5806 ἁγία
2413 5736 2590 5807 Κόρη,
2643 5734 2735 5787 τὸν
2766 5734 3174 5804 καθαγιάζοντα
3216 5734 3341 5797 τοὺς
3381 5735 3539 5788 αὐτὸν
3574 5735 3634 5788 ὲν
3656 5735 3848 5790 πίστει

2251 5831 2344 5880 καὶ
2373 5827 2523 5898 φόϐῳ
2557 5828 2688 5896 ἅγια
2698 5829 2906 5891 ζοντας.

2339 5922 2592 5994 ’ἰσχυρὰν
2637 5922 2984 5994 παράκλησιν
3018 5923 3068 5978 οἱ
3098 5924 3158 5978 ὲν
3201 5921 3377 5996 θλίψει
3419 5921 3634 5995 ἔχομεν,
3671 5922 3844 5998 ἁγνὴ,
