4088 6366
293 446 429 513 1233

1666 431 2035 493 MARIALE.

3410 430 3549 496 1254

289 565 379 615 καὶ
424 557 647 630 βεϐαίαν
670 558 871 619 πάντες
911 571 971 608 σε
1007 551 1317 625 ἀντίληψιν,
1346 549 1543 623 Μῆτερ
1566 546 1727 614 Θεοῦ,
1761 562 1877 599 κιν-

1989 542 2305 602 solationcm
2347 543 2630 609 habemus,
2663 550 2719 597 et
2756 541 3006 597 stabilem
3038 541 3436 611 defensionem,
3474 558 3552 619 te,

288 653 458 704 δύνων
497 649 637 714 σῶζε
664 649 792 712 τοὺς
819 646 1039 710 δούλους
1077 661 1199 699 σου.

387 836 431 887 0
460 833 845 904 ἀπεριόριστος
885 830 1067 902 σάρκα
1112 829 1411 885 ἀνελάϐετο
1454 826 1643 883 ἐννουν
1674 843 1737 880 τε
1777 824 1871 880 καὶ

293 922 533 994 ἔμψυχον
562 923 627 975 ἐκ
655 922 774 989 σοῦ,
819 919 1201 991 ’Δειπάρῦενε,
1225 918 1321 974 τοῦ
1350 919 1522 973 σῶσαι
1553 919 1673 981 τοὺς
1701 916 1869 989 βοῶν-

294 1030 412 1078 τας*
454 1014 515 1067 '0
545 1014 699 1079 Θεὸς,
729 1011 1021 1083 εὐλογητὸς
1053 1006 1124 1067 εἴ.

361 1181 465 1238 Σοῦ
491 1185 519 1238 ὁ
544 1183 765 1249 τοκετὸς
792 1181 893 1255 τὴν
925 1183 1255 1254 τικτομένην
1287 1181 1495 1253 βλάϐην
1546 1181 1718 1253 κακίᾳ.
1779 1180 1871 1235 τοῦ

292 1275 469 1347 ὅψεως
500 1276 596 1331 νῦν
625 1274 1036 1345 ἀπεπείρωσε,
1083 1275 1221 1347 μόνη
1270 1274 1517 1345 κατάρας
1562 1272 1872 1344 ἀναίρεσις,

296 1369 539 1442 nepam
558 1384 575 1398 '
609 1368 734 1423 ὅθεν
759 1385 819 1422 σε
847 1368 1099 1440 τιμῶμεν
1133 1370 1216 1432 εἰς
1252 1368 1466 1430 πάντας
1488 1366 1618 1430 τοὺς
1647 1366 1872 1429 αίῶνας.

365 1561 652 1633 ῡωτισμόν
696 1577 791 1632 μοι
843 1559 1090 1633 δὼρησαι
1135 1558 1214 1630 τῷ
1262 1558 1323 1611 ὲν
1376 1557 1560 1612 σκότει
1607 1556 1721 1611 δντι
1768 1558 1878 1612 τῶν

295 1652 488 1709 παθῶν
510 1695 526 1718 ,
564 1653 661 1707 καὶ
698 1652 860 1725 ῥῦσαί
897 1668 965 1723 με
991 1650 1250 1722 πονηρῶν
1287 1650 1465 1720 ἔργων
1485 1692 1500 1713 ,
1549 1651 1644 1703 καὶ
1682 1649 1879 1720 φλογὸς

294 1742 730 1814 ιναποκειμένης
759 1758 851 1813 μοι
872 1740 950 1811 τῷ
969 1740 1138 1811 ἀθλίῳ
1160 1739 1255 1793 καὶ
1276 1738 1610 1810 ἁμαρτωλῷ,
1642 1740 1877 1811 ἄχραντε

294 1832 587 1903 Δέσποινα,
620 1833 929 1906 προστασία
953 1833 1062 1886 τῶν
1097 1830 1417 1903 ὑμνούντων
1447 1846 1530 1885 σε.

309 2038 413 2093 Ἐκ
453 2039 562 2095 τοῦ
604 2038 875 2105 Κανόνος
926 2041 1014 2104 εἰς
1054 2038 1163 2091 τὸν
1215 2038 1391 2091 ὅσιον
1433 2036 1669 2106 Πατέρα
1711 2035 1883 2107 ἡμῶν

595 2110 906 2180 Στέφανον
932 2112 1040 2163 τὸν
1064 2107 1226 2172 νέον,
1257 2110 1445 2178 ἡμέρᾳ
1468 2114 1576 2176 κη’.

368 2224 481 2297 Τὴν
522 2224 828 2279 ἁδιόδευτον
868 2223 1081 2296 πύλην,
1135 2224 1197 2278 τὸ
1233 2224 1478 2295 καθαρὸν
1522 2223 1622 2293 τῆς
1658 2223 1884 2292 ἁγνείας

299 2319 528 2390 τέμενος
550 2357 567 2385 ,
600 2318 702 2389 τὴν
732 2319 905 2389 καὶῆν
933 2321 994 2372 ὲν
1032 2319 1250 2387 γυναιξὶ
1270 2358 1286 2384 ,
1331 2318 1430 2386 τὴν
1461 2317 1624 2386 ἁγίαν
1653 2319 1882 2372 Δέσποι-

306 2428 404 2468 ναν
432 2413 640 2482 φωναῖς
670 2412 844 2484 ἱεραῖς
875 2414 904 2465 ὁ
933 2412 1076 2483 ἱερὸς
1100 2412 1229 2476 λαὸς
1253 2412 1591 2481 δοξάσωμεν.

385 2506 483 2561 Ἐκ
522 2505 617 2560 σοῦ
669 2507 770 2578 τῆς
828 2506 997 2579 μόνης
1050 2508 1299 2580 καθαρᾶς
1331 2510 1359 2561 ό
1402 2506 1666 2578 ύπὲρθεος
1713 2505 1883 2574 Λόγος

298 2597 616 2670 ισαρκὼθη,
661 2598 738 2663 ὡς
766 2597 899 2665 οἶδε,
926 2602 1020 2653 καὶ
1063 2600 1322 2654 διέσωσεν
1350 2601 1519 2673 ἡμᾶς,
1551 2602 1688 2663 τοὺς·
1703 2616 1882 2670 προσ-

306 2690 604 2755 κυνοῦντας
649 2693 817 2747 αὐτοῦ
870 2694 972 2765 τὴν
1050 2694 1121 2749 δι’
1169 2689 1348 2751 οἶκτον
1401 2695 1553 2750 θείαν
1605 2695 1881 2766 συγκατά-

304 2781 487 2840 σασιν.

388 2877 480 2932 Ἐν
511 2877 617 2945 σοὶ,
658 2879 990 2950 πανάμωμε,
1018 2878 1121 2950 τῆς
1161 2877 1437 2951 σωτηρίας
1468 2897 1570 2951 μου
1604 2880 1703 2945 τὰς
1735 2879 1888 2934 ἑλπί-

301 2968 397 3033 δας
439 2970 683 3041 ἐθέμην,
720 2971 816 3026 ἐπὶ
857 2972 957 3043 τὴν
993 2971 1093 3042 σὴν
1141 2972 1359 3043 σκέπην
1398 2974 1754 3042 κατέφευγα·
1789 2989 1886 3042 γε·

306 3059 399 3115 νοῦ
432 3077 545 3133 μοι,
570 3062 748 3133 Κόρη,
780 3062 997 3134 βοηθὸς,
1023 3063 1133 3116 τῶν
1164 3062 1355 3116 δεινῶν
1387 3063 1752 3135 ὶξαιρουμένη
1795 3078 1888 3134 με.

386 3155 718 3230 Ὑπεραγία,
748 3161 786 3230 ἠ
820 3159 917 3211 τὸν
954 3157 1089 3212 Θεὸν
1120 3157 1261 3229 μόνη
1290 3159 1388 3211 ἐπὶ
1425 3158 1533 3227 γῆς
1562 3157 1639 3223 ὡς
1672 3156 1889 3228 ἀληθῶς

1973 635 2221 705 inquam.
2251 650 2283 691 ο
2313 643 2487 690 casta.
2529 634 2746 698 Libera,
2783 649 2817 689 o
2857 633 3025 690 Mater
3062 635 3182 704 Dei,
3216 652 3247 692 a
3291 641 3553 710 periculis

1971 743 2162 787 servos
2193 738 2339 783 tuos.

2041 822 2137 878 Ille
2167 822 2262 892 qui
2293 831 2376 876 est
2428 819 2935 890 incircumscriptus
2974 829 3140 891 atque
3186 821 3541 890 indeﬁnitns,

1972 930 2193 971 carnem
2228 915 2469 983 suscepit
2498 922 2681 969 mente
2726 920 2891 982 alque
2931 914 3111 967 anima
3138 915 3443 984 praeditam,
3483 933 3553 972 ex

1975 1016 2048 1074 te,
2073 1022 2107 1061 ο
2136 1005 2301 1078 Virgo
2329 1015 2610 1077 perpetua,
2655 1016 2715 1059 ut
2742 1020 2837 1059 eos
2866 1005 3126 1073 salvaret,
3153 1007 3248 1079 qui
3277 1008 3549 1066 clamant:

1975 1100 2296 1157 Benedictus
2323 1115 2406 1166 es,
2438 1098 2605 1164 Deus,
2635 1111 2739 1154 etc.

2045 1196 2241 1251 Partus
2271 1203 2399 1248 tuus
2438 1208 2585 1249 nunc
2620 1193 2860 1249 sterilem
2904 1193 3140 1250 reddidit
3168 1208 3387 1259 noxam,
3430 1209 3555 1265 qua!

1975 1303 2041 1343 ex
2069 1286 2274 1342 malitia
2303 1287 2573 1356 serpentis
2607 1293 2733 1341 nata
2774 1295 2913 1352 erat,
2949 1300 2982 1341 ο
3013 1285 3206 1356 Virgo,
3238 1288 3398 1342 unica
3436 1301 3556 1341 ma-

1976 1379 2284 1435 ledictionis
2330 1378 2752 1443 exterminatio;
2789 1378 3146 1449 quamobrem
3191 1387 3241 1435 te
3273 1378 3330 1435 in
3374 1380 3558 1434 omnia

1977 1472 2175 1528 secula
2207 1472 2567 1527 honoramus.

2049 1563 2511 1619 llluminationcm
2535 1564 2731 1634 largire
2760 1563 2923 1630 mihi,
2960 1565 3015 1619 in
3048 1565 3360 1635 passionum
3406 1574 3561 1620 tene-

1980 1658 2096 1713 bris
2134 1657 2493 1712 commoranti
2517 1699 2533 1722 ,
2570 1665 2625 1711 et
2672 1656 2841 1710 libera
2874 1670 2962 1710 me
2998 1671 3028 1709 a
3070 1657 3251 1726 pravis
3280 1657 3558 1728 Oper-ibus,

1981 1757 2036 1804 et
2088 1764 2119 1804 a
2162 1747 2381 1804 flamma
2430 1764 2551 1819 qua:
2601 1758 2913 1804 reservatur
2959 1749 3092 1804 mihi
3146 1749 3443 1806 miserabili
3494 1764 3563 1804 ac

1982 1840 2277 1910 peccatori,
2305 1855 2339 1897 o
2374 1841 2600 1896 Domina
2642 1841 2933 1908 inviolata,
2962 1857 3152 1898 eorum
3175 1883 3190 1907 ,
3223 1844 3317 1914 qui
3346 1851 3398 1899 te
3438 1843 3563 1898 lau-

1910 1915 1955 1974 Β
1986 1937 2145 1998 dant,
2178 1934 2569 2004 patrocinium.

1982 2070 2148 2141 229
2212 2068 2299 2124 Ea:
2349 2086 2547 2126 canone
2584 2071 2638 2124 in
2678 2068 2935 2196 ἕςειιέεε.
2993 2068 3251 2141 Stephani
3300 2070 3561 2138 Junioris,

2716 2158 2761 2195 re
2866 2180 2882 2196 .

2716 2158 2761 2195 ιε
2790 2158 2882 2196 Ζδ.

2056 2251 2278 2308 Portam
2312 2250 2660 2319 imperviam,
2686 2253 2951 2307 mundum
2979 2251 3249 2309 castitatis
3276 2251 3562 2322 templum,

1985 2346 2422 2416 pulcherrimam
2471 2346 2612 2400 inter
2655 2346 2940 2409 mulieres,
2970 2345 3253 2400 Dominam
3291 2355 3565 2411 sanctam,

1987 2440 2164 2494 sacris
2198 2438 2431 2494 vocibus
2465 2453 2624 2493 sacer
2654 2439 2889 2507 populus
2922 2437 3312 2508 glorificemus.

2059 2531 2140 2585 Ex
2172 2539 2224 2585 te
2257 2529 2371 2584 sola
2404 2544 2544 2598 pura
2583 2525 2817 2583 Verbum
2862 2527 3277 2597 superdivinum
3308 2526 3567 2580 incarna-

1989 2636 2103 2679 tum
2136 2632 2239 2689 est,
2265 2636 2329 2676 co
2356 2622 2521 2675 modo
2551 2634 2661 2691 quo
2688 2620 2831 2674 idem
2868 2619 3042 2685 novit,
3104 2629 3159 2675 et
3183 2618 3413 2673 salvavit
3438 2632 3564 2684 nos,

1987 2716 2085 2787 qui
2119 2715 2269 2769 illius
2300 2712 2628 2768 descensum
2659 2711 2907 2765 divinum
2955 2709 3027 2765 ob
3065 2723 3221 2765 suam
3254 2708 3569 2763 misericor-

1989 2789 2135 2864 diam
2167 2807 2370 2863 factum
2399 2805 2719 2860 adoramus.

2066 2900 2122 2953 In
2157 2907 2230 2961 te,
2283 2911 2318 2951 ο
2348 2893 2886 2959 immaculatissima,
2924 2892 3118 2948 salutis
3149 2906 3283 2947 meae
3323 2906 3448 2961 spes
3477 2905 3569 2946 rc-

1990 2991 2175 3063 posui,
2208 2989 2313 3045 sub
2342 2997 2493 3044 tuam
2525 2986 2921 3057 protertionem
2971 2983 3195 3056 confugi
3224 3001 3239 3041 :
3277 2993 3396 3039 esto
3432 2985 3568 3040 mihi

1992 3083 2254 3153 adiutrix,
2291 3097 2325 3137 ο
2355 3079 2563 3153 puella,
2599 3090 2653 3134 et
2678 3094 2710 3134 a
2740 3079 2904 3135 rebus
2932 3078 3176 3133 molestis
3211 3078 3358 3148 eripe
3390 3092 3473 3132 me

2060 3178 2106 3234 0
2130 3184 2509 3247 supersancta,
2557 3190 2680 3244 qua:
2705 3181 3124 3244 supersanctum
3168 3173 3334 3227 Deum
3364 3172 3481 3226 sola
3512 3171 3570 3227 in

302 3252 398 3304 τὸν
429 3250 731 3322 ύπεράγιον
756 3251 981 3316 τέξασα,
1012 3250 1141 3314 τούς
1178 3268 1250 3304 σε.
1282 3250 1543 3304 Θεοτόκον
1568 3252 1658 3303 ἀεὶ
1682 3250 1886 3321 κηρύτ-

1990 3279 2138 3327 terra
2175 3270 2464 3326 verissime
2516 3268 2811 3338 peperisti,
2862 3282 2982 3333 eos,
3032 3266 3127 3335 qui
3183 3276 3233 3319 te
3285 3264 3571 3335 Di-iparam

304 3358 499 3407 τοντας
536 3344 767 3413 ἁγίασον
797 3342 896 3397 καὶ⁹
925 3343 1098 3397 σῶσον
1126 3346 1194 3415 τῇ
1229 3344 1482 3415 μεσιτείᾳ
1511 3359 1629 3400 σου.

1990 3377 2208 3434 semper
2235 3361 2536 3432 praedicant
2574 3358 2861 3416 sanctilica
2912 3374 2977 3413 ac
3036 3358 3187 3412 salva
3239 3356 3572 3411 mediatione

376 3532 492 3604 Τὴν
541 3532 713 3605 μόνην
762 3533 1147 3606 πανύμνητον,
1198 3532 1296 3601 τὴν
1333 3533 1509 3606 καλὴν
1544 3536 1604 3587 ὲν
1636 3533 1886 3603 γυναιξὶ,

1991 3464 2246 3600 tuaS.olam
2277 3544 2428 3598 illam
2458 3542 2609 3599 omni
2642 3541 2804 3597 laude
2848 3539 3259 3610 dignissimam,
3318 3535 3577 3607 pulcher-

304 3626 409 3697 τὴν
456 3626 551 3681 τοῦ
583 3626 723 3681 Θεοῦ
756 3626 1106 3698 λοχεύτριαν,
1140 3626 1484 3698 Χριστιανῶν
1514 3628 1575 3680 τὸ
1602 3630 1780 3699 τεῖχος
1824 3627 1888 3682 τδ

1992 3639 2187 3695 rimam
2224 3639 2373 3693 illam
2411 3638 2553 3693 inter
2580 3636 2862 3698 mulieres,
2898 3634 2993 3687 Dei
3029 3630 3387 3696 Grnitricem,
3419 3628 3575 3684 Chri-

306 3719 573 3793 ἀῤῥαγὲς,
601 3718 702 3791 τὴν
729 3719 1001 3793 ἄχραντον
1040 3722 1341 3777 Δέσποιναν
1371 3719 1651 3791 ἀδικάστῳ
1691 3722 1888 3795 καρδίᾳ

1993 3734 2297 3788 stianorum
2346 3745 2566 3785 murum
2612 3724 3115 3798 inexpugnabilem,
3168 3721 3453 3777 Dominam
3483 3719 3575 3775 in—

310 3812 725 3884 μακαρίσωμεν.

390 3996 696 4070 Ίερώτατοι
725 3995 1006 4068 προφῆται
1036 3995 1447 4068 προεδήλωσαν,
1485 3996 1651 4067 ἁγνὴ,
1680 3998 1890 4068 ἐκφαν-

307 4093 586 4146 τικὼτατα
612 4092 673 4144 τὸ
710 4094 1011 4162 μυστήριον
1035 4092 1133 4161 τῆς
1166 4090 1369 4159 σεπτῆς
1401 4089 1617 4160 λοχείας
1646 4106 1765 4154 σου,
1796 4090 1895 4143 καὶ

309 4183 408 4237 νῦν
466 4185 628 4255 ἡμεῖς
680 4184 783 4247 τὰς
840 4184 1098 4248 ἑκδάσεις
1159 4182 1449 4255 τηλαυγῶς
1498 4181 1892 4246 κατανοοῦντες

309 4273 553 4337 δύσεως
593 4289 655 4325 σε
694 4272 1097 4344 μακαρίζομεν.

395 4363 710 4435 Ῥαντισμῷ
742 4366 891 4419 Θείου
934 4364 1159 4435 λύτρου,
1206 4364 1593 4436 θεοχαρίτωτε,
1628 4364 1693 4418 ἐκ
1726 4362 1892 4418 πλευ-

316 4460 419 4530 ρᾶς
447 4459 776 4522 κενωθέντος
800 4458 898 4512 τού
952 4457 1047 4512 σοῦ
1079 4458 1211 4510 Υἱοῦ
1240 4460 1335 4512 καὶ
1367 4454 1526 4521 Θεοῦ,
1558 4456 1650 4509 τὸν
1684 4457 1749 4511 ἐκ
1797 4473 1896 4510 πο-

314 4551 489 4624 νηρᾶς
536 4549 814 4636 ἁμαρτίας
858 4549 1134 4620 προσόντα
1186 4565 1276 4619 μοι
1314 4550 1509 4619 ῥύπον,
1539 4546 1777 4601 δυσωπῶ
1809 4562 1913 4614 σε,

310 4644 649 4713 ἀπόπλυνον,
681 4642 947 4714 Παρθένε.

382 4739 565 4804 (tunc;
596 4737 822 4810 δοχεῐον,
854 4734 1237 4808 θεοχαρίτωτε,
1267 4734 1376 4789 τῶν
1405 4733 1569 4806 ίερῶν
1600 4732 1897 4807 μαρτύρων

313 4834 537 4906 ἀληθῶς
568 4834 632 4888 τὸ
654 4830 987 4905 κραταίωμα
1005 4871 1022 4898 ,
1048 4829 1157 4883 τῶν
1190 4832 1355 4884 ὁσίων
1384 4830 1639 4884 ἁπάντων
1672 4827 1734 4882 τὸ
1762 4826 1898 4881 καύ-

312 4945 491 5001 χημα,
531 4927 706 4981 σῶσον
737 4926 886 4996 ἡμᾶς
914 4922 1202 4987 κινδύνων,
1237 4923 1333 4976 καὶ
1374 4920 1775 4992 περιστάσεων,
1802 4919 1900 4973 καὶ

312 5022 417 5095 τῆς
441 5021 551 5077 τῶν
574 5018 787 5093 ἐχθρῶν
816 5016 1121 5090 ἐπιδρομῆς
1149 5017 1277 5078 τοὺς
1309 5013 1681 5086 ἀνυμνοῦντὰς
1706 5029 1788 5069 σε.

345 5236 431 5290 Ex
460 5232 567 5288 τοῦ
614 5231 882 5299 Κανόνος
909 5231 997 5297 είς
1027 5227 1135 5282 τὸν
1182 5227 1355 5296 ἅγιον
1395 5226 1669 5297 μάρτυρα
1708 5224 1900 5299 Παρά-

384 5320 576 5374 μονον·
614 5304 712 5357 καὶ
738 5296 1050 5372 τὸνήᾶτιον
1077 5296 1469 5367 ἀναλούμενον,
1503 5300 1692 5369 ἡμέρῃ
1723 5296 1826 5352 κεν.

405 5418 497 5471 Ἐν
533 5418 713 5489 χρόνῳ
742 5419 834 5473 τὸν
880 5419 987 5486 ἔξω
1031 5419 1224 5490 χρόνου
1256 5417 1485 5479 τέτοκας
1525 5414 1715 5487 βροτὸν
1744 5413 1900 5483 γενό-

310 5526 509 5581 μενον,
542 5511 601 5571 δν
648 5512 879 5575 ἐκτενῶς
925 5513 1152 5576 ἱκέτευε,
1196 5512 1357 5581 ἁγνὴ,
1389 5512 1463 5571 ὡς
1500 5509 1624 5563 Υίόν
1673 5525 1766 5561 σου
1805 5505 1902 5561 καὶ

325 5603 550 5677 Κύριον,
589 5603 659 5657 τὰ
700 5606 797 5675 τῆς
832 5605 1011 5676 ψυχῆς
1042 5623 1145 5675 μου
1180 5605 1371 5676 χρόνια
1419 5587 1573 5674 πάθη
1618 5600 1899 5670 ἰάσασθαι,

324 5701 657 5772 mutamus.

391 5895 703 5971 Στερέωσὸν
752 5913 854 5971 μου
892 5894 984 5949 τὸν
1011 5912 1148 5968 ,νουν
1185 5896 1648 5968 περιτρεπῦμενον
1681 5891 1899 5957 πολλοῖς

1989 3822 2276 3885 violatam.
2301 3821 2534 3877 immoto
2590 3819 2927 3889 minimeque
2955 3816 3224 3872 dubitanti
3255 3814 3421 3871 corde
3446 3814 3576 3869 bea-

1995 3916 2289 3973 tillcemus.

2065 4003 2436 4079 sacratissimi
2478 4002 2758 4074 propheta:
2797 3998 3245 4056 manifestissime
3272 4004 3432 4051 antea
3472 3995 3572 4051 de-

1994 4100 2345 4156 claraverunt
2405 4093 2726 4165 mysterium
2788 4091 3084 4148 venerandi
3132 4098 3324 4161 partus
3380 4087 3479 4150 tui,
3538 4100 3575 4140 ο

1994 4200 2183 4258 casta;
2211 4199 2267 4246 et
2295 4203 2443 4245 nunc
2462 4202 2563 4241 nos
2588 4184 2833 4241 vaticinii
2862 4198 3160 4240 successus
3190 4190 3378 4252 aperte
3407 4192 3587 4250 agno-

1994 4292 2234 4347 scentes,
2266 4290 2317 4337 te
2342 4281 2540 4336 devote
2568 4277 2975 4335 beatiﬁca'mus.

2054 4375 2385 4448 Aspersorio
2428 4373 2601 4431 divini
2648 4371 2875 4436 lavacri,
2928 4368 3078 4441 quod
3128 4382 3196 4423 ex
3246 4367 3418 4422 latore
3450 4361 3577 4420 Filii

1996 4472 2208 4544 Deique
2236 4472 2318 4525 tui
2359 4468 2592 4524 effusum
2621 4476 2738 4532 est,
2769 4466 2951 4532 ablue,
2986 4479 3037 4520 te
3089 4477 3303 4535 precor,
3334 4476 3369 4517 ο
3413 4457 3581 4529 Virgo

2001 4563 2114 4620 Deo
2142 4560 2499 4625 charissima,
2539 4558 2756 4625 sordes,
2788 4572 2855 4612 cx
2902 4554 3111 4627 peccati
3144 4550 3353 4607 malitia
3401 4548 3577 4605 inhae-

1998 4667 2182 4714 rentes
2210 4654 2369 4711 milii.
2482 4640 2484 4642 ’

2068 4748 2114 4805 0
2147 4749 2258 4804 Deo
2284 4747 2632 4810 charissima,
2686 4741 2823 4797 lucis
2858 4736 3300 4810 receptaculum,
3329 4745 3455 4788 vere
3489 4745 3583 4785 sa-

1998 4856 2220 4898 crorum
2273 4846 2575 4912 martyrum
2610 4834 2800 4900 robur,
2838 4843 2891 4888 et
2923 4828 3303 4888 confessorum
3328 4823 3578 4881 omnium

1999 4932 2274 5006 gloriatio,
2304 4930 2488 4988 salvos
2518 4930 2605 4983 fac
2633 4939 2735 4981 nos
2767 4938 2795 4978 a
2826 4919 3107 4993 periculis,
3136 4925 3192 4973 et
3218 4914 3585 5006 circumstan-
3667 4938 3670 4942 λ

2001 5004 2152 5081 tibus
2176 5021 2603 5085 calamitatibus,
2624 5026 2788 5087 atque
2801 5016 2870 5069 ah
2892 5012 3131 5069 hostium
3149 5004 3582 5073 incursionibus,

1999 5121 2129 5174 dum
2160 5130 2212 5172 te
2237 5114 2495 5172 laudibus
2520 5112 2888 5168 celebramus.

2001 5236 2164 5307 230
2190 5234 2273 5288 Ea:
2299 5247 2499 5289 canona
2520 5233 2571 5285 iu
2601 5229 2736 5299 festo
2762 5224 2862 5283 SS.
2878 5219 3184 5307 far‘aAmoni
3204 5227 3253 5273 et
3280 5211 3583 5269 Philumeni

2495 5294 2817 5371 martyrum,
2853 5297 2938 5351 die
2984 5294 3075 5348 29.

2079 5421 2134 5475 In
2162 5429 2406 5488 tempore
2430 5412 2690 5487 peperisti
2742 5427 2891 5475 eum,
2926 5407 3021 5479 qui
3052 5413 3136 5465 est
3164 5410 3320 5457 extra
3342 5407 3583 5468 tempus.

2001 5515 2284 5571 hominem
2319 5511 2524 5567 factum
2560 5527 2573 5562 :
2611 5522 2774 5579 quem
2830 5505 2990 5560 enixe
3027 5501 3343 5583 deprecare,
3370 5508 3403 5547 ο
3433 5500 3581 5583 casta

2002 5625 2068 5664 ac
2101 5617 2212 5662 tota
2245 5602 2624 5668 immaculata,
2659 5609 2916 5668 tanquam
2952 5580 3148 5647 Filium
3186 5600 3340 5642 tuum
3377 5599 3441 5638 ac
3478 5580 3585 5634 Do-

2006 5704 2241 5767 minum,
2278 5697 2632 5771 temporariis
2661 5694 2858 5749 anima:
2904 5702 3038 5744 mete
3080 5680 3430 5757 passionibus
3464 5691 3586 5730 me-

2004 5797 2218 5852 deatur.

2073 5887 2351 5947 Confirma
2400 5899 2465 5941 ac
2516 5881 2769 5940 stabilem
2827 5875 2979 5934 cnice
3024 5878 3266 5930 mentem
3320 5878 3518 5930 meam,
3552 5873 3589 5917 ο
