4088 6366
478 433 614 498 1255

1593 420 1655 480 S.
1698 416 2014 480 JOSEPI'II
2056 411 2613 476 IIYMNOGRAPHI

3582 407 3725 473 1256

476 548 643 601 Mater
672 543 763 599 Dei
796 539 1126 603 castissima,
1189 533 1374 590 multis
1418 529 1764 603 passionlbus
1802 526 2043 581 circum-
2070 532 2099 588 Α

2167 520 2377 588 πάθεσι,
2427 519 2621 591 Μῆτερ
2676 515 2812 572 Θεοῦ
2869 517 3153 586 πάναγνε,
3212 518 3359 582 ὅπως
3403 520 3730 591 καταχρως

475 635 753 706 agitatam,
786 641 845 687 ut
876 643 926 686 te
964 642 1065 699 pro
1097 626 1279 681 debito
1302 623 1619 696 glorilicem.

538 725 800 780 Homines
861 723 930 778 ob
978 717 1440 788 trangressionem
1518 721 1764 767 mortuos
1832 708 2047 763 viviﬁco

479 831 637 887 partu
673 827 766 870 luo
811 830 1002 869 omnes
1030 810 1401 872 resuscitasti,
1423 823 1456 863 o
1485 797 1649 876 Virgo
1671 804 1840 859 Maria
1875 822 1888 858 :
1915 818 2043 874 pro-

473 919 654 978 pterea
692 918 744 963 te
784 905 1177 978 gloriﬁcamus,
1224 911 1278 957 et
1310 899 1509 956 divinis
1537 897 1792 954 laudibus
1833 895 2044 950 beatam

473 1001 833 1070 appellamus.

545 1089 647 1156 Qui
673 1088 818 1144 Patri
852 1103 918 1142 ac
965 1085 1195 1157 Spiritui
1230 1093 1421 1141 sancto
1446 1081 1710 1154 aequalem
1749 1081 1912 1136 habet
1950 1079 2048 1134 ho-

473 1199 666 1240 norem
695 1183 986 1246 Dominus,
1014 1196 1079 1236 ex
1101 1179 1268 1235 castis
1289 1175 1647 1247 sanguinibus
1671 1172 1798 1240 tuis,
1815 1172 2045 1242 o\'irgo,

471 1275 798 1331 incarnatus
832 1280 918 1326 est
945 1281 1000 1326 et
1033 1270 1212 1325 {actus
1235 1271 1423 1323 homo.

547 1369 589 1420 A
623 1364 898 1420 scandalis
932 1362 1058 1416 vita:
1103 1360 1273 1413 libera
1310 1372 1433 1423 me,
1469 1371 1502 1409 o
1537 1351 2044 1415 intemeratissima,

475 1472 573 1528 qut
627 1456 684 1510 in
745 1465 907 1510 nocte
947 1452 1223 1514 caecitatis,
1282 1447 1604 1504 deformium
1661 1443 2045 1515 cogitationum

467 1549 743 1614 tenebris,
769 1547 842 1602 ob
876 1543 1086 1599 inimici
1141 1541 1442 1605 malitiam,
1479 1551 1694 1606 semper
1750 1543 2050 1603 occupatus

464 1656 620 1697 sum.

549 1731 740 1788 Gaude
775 1742 857 1792 ιιι,
897 1743 1020 1800 quae
1061 1727 1180 1781 sola
1223 1723 1545 1779 hominibus
1589 1718 1849 1786 gaudium
1884 1732 2048 1789 pepe-

2146 614 2352 679 δοξάζω
2389 630 2472 666 σε.

2217 705 2602 777 Νεκρωθὲντας
2638 704 2762 767 τοὺς
2803 701 3129 774 ἀνθρώπους
3158 706 3223 774 τῇ
3268 703 3602 773 παραϐάσει,
3643 704 3730 775 τῷ

2152 797 2422 869 ζωηςρόρῳ
2482 796 2629 850 τόκω
2677 812 2808 860 σου,
2841 794 3089 867 Παρθένε
3125 795 3340 869 Μαρία,
3384 795 3592 860 πάντας
3622 796 3729 849 ἀν-

2150 890 2402 960 έστησας.
2439 887 2530 942 Διό
2564 903 2626 943 σε
2649 886 2974 958 δοξάζομεν,
3007 887 3104 942 καὶ
3132 885 3456 958 θεοπρεπῶς
3481 885 3728 957 μακαρί-

2151 981 2338 1052 ζομεν.

2231 1073 2525 1145 Ὀμότιμος
2579 1068 2752 1138 Πατρὶ
2799 1068 3123 1140 ἐνυπάρχων
3181 1069 3277 1124 καὶ
3330 1069 3641 1141 Πνεύματι,
3691 1069 3722 1122 ὁ

2149 1166 2351 1237 Κύριος
2377 1165 2439 1230 ἐξ
2477 1163 2656 1233 ἁγνῶν
2678 1179 2772 1215 σου
2801 1162 3092 1234 ἐσαρκώθη
3117 1163 3388 1233 αἱμάτων,
3412 1161 3574 1231 ἁγνὴ,
3605 1161 3722 1233 βρο-

2149 1261 2239 1324 τὸς
2272 1259 2577 1330 γινόμενος.

2233 1352 2424 1404 Ῥὗσαί
2457 1367 2523 1420 με
2556 1348 2666 1402 τῶν
2717 1347 3030 1402 σκανδάλων
3058 1347 3154 1402 τοῦ
3183 1346 3322 1418 βίου,
3361 1347 3730 1418 πανάχραντε,

2152 1445 2248 1513 τῆς
2298 1446 2354 1496 ἑν
2385 1447 2540 1497 νυκτί⁹
2571 1441 2832 1510 ἀϐλεψιας
2885 1439 3161 1511 λογισμῶν
3202 1441 3418 1494 ἀτόπων
3451 1456 3730 1510 κεκρατη-

2153 1536 2338 1608 μένον,
2373 1537 2439 1605 τῇ
2472 1535 2644 1606 κακίᾳ
2683 1532 2778 1586 τοῦ
2807 1532 3108 1604 δυσμενοῦς
3133 1533 3222 1587 ἀεὶ
3252 1530 3653 1602 σκοτιζόμενον.

2222 1724 2416 1795 Χαῖρε,
2445 1723 2480 1791 ἠ
2516 1720 2655 1793 μόνη
2684 1720 2860 1791 χαρὰν
2889 1716 3196 1789 ἀνθρώποις
3222 1718 3498 1788 κυήσασα,
3546 1717 3731 1789 χαῖρε,

476 1826 600 1881 risti
638 1843 652 1878 :
688 1824 885 1894 gaude,
930 1821 1151 1884 eoslum,
1179 1826 1233 1873 et
1260 1817 1453 1870 throne
1485 1813 1812 1876 Clterubice,
1852 1819 1906 1862 et
1939 1811 2052 1878 glo-

2167 1816 2373 1885 at'ipavi,
2407 1814 2502 1867 καὶ
2530 1814 2688 1884 θρόνε
2731 1810 3057 1882 Χερουσικὶ,
3103 1811 3200 1863 καὶ
3227 1810 3514 1880 περὶδοξον
3552 1811 3731 1864 παλά-

478 1891 845 1966 riosissiinum
908 1908 1170 1979 palatium
1233 1902 1564 1975 Regnator-is
1613 1901 1961 1966 saeculorum,
2020 1892 2099 1953 οΙ

2167 1923 2268 1960 τιον
2304 1904 2399 1958 τοῦ
2441 1903 2812 1974 βασιλεύοντος
2855 1902 2964 1956 τῶν
3009 1900 3242 1965 αἰώνων,
3279 1900 3586 1971 πανάμωμε
3635 1901 3735 1952 Δέ-

481 2005 707 2059 Domina
741 2003 808 2056 ab
837 2001 988 2054 omni
1023 1999 1236 2053 macula
1267 1996 1550 2049 immunis.

548 2095 709 2165 Legis
745 2095 976 2158 umbrae,
1005 2101 1060 2147 et
1087 2091 1475 2160 prophetarum
1506 2088 1814 2142 veneranda
1841 2100 2050 2156 ιιι-ωοο-

478 2186 589 2250 nia,
621 2186 1038 2256 pracligurarunt
1067 2193 1119 2237 te
1159 2181 1401 2235 futuram
1453 2181 1796 2235 ineﬂabiliter
1824 2177 1917 2232 Dei
1949 2195 2050 2233 no-

481 2279 579 2332 stri
614 2276 969 2341 Genitricem,
1001 2291 1036 2329 ο
1088 2284 1258 2336 casta,
1313 2274 1496 2327 divina
1527 2274 1699 2341 pratia
1729 2272 2050 2326 cumulatis-

481 2367 642 2432 sima,
691 2369 780 2421 cui
817 2381 1010 2420 omnes
1053 2367 1401 2419 coneinimns
1447 2362 1828 2428 :Benedieite,
1872 2363 2054 2417 omnia

483 2475 645 2530 opera
683 2459 917 2525 Domini,
952 2458 1267 2519 Dominum,
1297 2465 1402 2510 etc.

543 2553 796 2606 lllumina
845 2551 1081 2621 pupillas
1133 2550 1276 2604 oculi
1335 2548 1437 2602 mei
1493 2549 1736 2602 caecitate
1789 2544 2055 2601 mortiferi

484 2646 689 2714 peccati
756 2643 1182 2709 obtencbratas,
1241 2657 1274 2694 ο
1304 2639 1397 2694 Dei
1447 2640 1716 2704 Genitrix,
1749 2639 2057 2694 castissima

486 2738 736 2790 Domina.
775 2734 854 2788 Tu
879 2734 1027 2788 enim
1057 2749 1120 2790 es
1160 2731 1408 2788 ﬁdelium
1436 2730 1707 2786 auxilium
1747 2739 1803 2784 et
1851 2730 2058 2785 illumi-

487 2828 656 2892 natio,
692 2840 726 2881 ο
758 2825 1043 2883 inviolata.

839 2937 997 3009 231
1031 2936 1282 2994 MENSIS
1319 2933 1708 2995 DECEMBEB.

2157 2017 2372 2055 σποινα.

2227 2094 2416 2163 Νόμου
2475 2107 2536 2146 σε
2585 2088 2771 2157 σκιαὶ,
2823 2090 2920 2144 καὶ
2957 2088 3252 2159 προφητῶν
3297 2085 3742 2159 πρεδιεχάραξαν

2158 2186 2331 2239 σεπτὰ
2357 2183 2725 2254 κηρύγματα,
2756 2183 3009 2254 ἀρρήτως
3039 2180 3339 2250 μέλλουσαν
3380 2179 3599 2232 εσισθαι
3637 2177 3741 2232 τοῦ

2156 2278 2292 2332 θεοῦ
2318 2279 2474 2349 ἡμῶν
2496 2277 2836 2348 λοχεύτριαν,
2860 2276 3221 2348 Θεοχαρῐτωτε
3262 2272 3423 2345 ἁγνὴ,
3461 2268 3506 2343 ᾧ
3536 2273 3744 2334 πάντες

2161 2371 2441 2441 μέλπομεν
2473 2385 2489 2400 ·
2539 2369 2853 2436 Εὐλογεῐτε,
2911 2369 3092 2423 πάντα
3136 2350 3204 2419 τὰ
3229 2365 3367 2437 ἔργα
3388 2365 3611 2432 Κυρίου,
3641 2363 3738 2414 τὸν

2159 2463 2382 2532 Κύριον.

2227 2555 2469 2608 Φὼτισον
2527 2553 2706 2626 ψυχῆς
2772 2569 2875 2624 po:
2926 2551 3026 2615 τὰς
3083 2550 3251 2621 κόρας
3315 2545 3733 2620 ἀμαυρωθεεσας

2158 2650 2393 2722 delevit;
2444 2650 2544 2720 τῆς
2596 2647 2926 2722 φθοροποιοῦ
2978 2647 3280 2718 ἁμαρτίας,
3335 2641 3734 2712 Θεογεννῆτορ,

2159 2743 2403 2812 πάναγνε
2454 2743 2759 2796 Δέσποινα·
2821 2743 2887 2796 σὺ
2942 2743 3048 2812 γὰρ
3098 2739 3306 2792 πιστῶν
3351 2736 3576 2807 βοήθεια
3633 2732 3732 2788 καὶ

2161 2835 2441 2906 φωτισμδς
2476 2835 2766 2907 ὑπάρχεις,
2807 2833 3063 2905 ἀχραντε.

2621 2949 2771 3006 ΜΙΙΝ
2806 2941 3261 3002 ΔΕΚΕΜΒΡῘΟΣ.

1361 3056 1444 3112 Ea;
1476 3074 1678 3112 canone
1702 3060 1758 3111 in
1784 3055 1846 3114 S.
1868 3055 2194 3130 Sophoniam
2231 3069 2538 3140 prophetam
2562 3067 2732 3140 (96‘),
2771 3067 2856 3121 die
2875 3063 2930 3118 '5.

557 3173 873 3230 Humanum
920 3189 1092 3244 genus
1122 3187 1220 3244 per
1248 3182 1303 3228 te
1341 3174 1395 3228 in
1446 3182 1651 3229 sortem
1709 3173 1926 3244 accepit
1985 3189 2069 3230 re-
2093 3165 2138 3228 C
2170 3175 2351 3235 Vitam
2373 3180 2655 3252 peperisti,
2692 3191 2856 3249 atque
2881 3177 2934 3232 in
2957 3175 3096 3230 viam
3124 3172 3279 3245 pacis
3307 3169 3480 3241 dirige
3506 3166 3738 3223 semitas

487 3267 896 3337 demptionem;
945 3267 1146 3321 etenim
1195 3265 1615 3336 Redemptorem
1659 3268 1908 3322 omnium
1951 3269 2068 3320 sola

488 3359 792 3430 peperisti;
843 3368 1130 3427 propterea
1179 3357 1395 3412 beatam
1429 3367 1483 3414 te
1524 3356 1779 3421 dicimus.
1835 3373 1868 3411 ο
1901 3356 2069 3427 Virgo

491 3447 746 3520 Deipara,
767 3459 1117 3518 peccatorum
1138 3450 1426 3516 auxilium,
1445 3458 1501 3503 et
1515 3449 1828 3503 cadentium
1843 3449 2068 3503 erectio.

558 3541 880 3610 Conspecta:
905 3550 1034 3596 sunt
1066 3542 1119 3594 in
1155 3550 1210 3596 te
1256 3544 1468 3595 semitae
1515 3541 1811 3595 desiderati
1844 3540 1915 3593 ab
1952 3554 2071 3594 om-

491 3633 675 3689 nibus.
709 3633 802 3687 Ille
832 3635 978 3688 enim
1017 3635 1109 3704 qui
1161 3634 1314 3688 sedet
1348 3635 1401 3686 iu
1433 3633 1654 3688 sinibus
1713 3631 1983 3695 Patentis,
2016 3629 2072 3684 in

494 3727 619 3780 sinu
655 3739 772 3792 tuo,
805 3740 839 3780 ο
876 3737 1048 3792 casta,
1084 3725 1138 3780 in
1177 3741 1388 3781 morem
1443 3725 1691 3785 infantia.
1754 3725 1982 3788 residet,
2016 3731 2072 3778 et

494 3818 809 3873 voluntarie
838 3818 1123 3888 lac'sugit,
1155 3817 1250 3887 qui
1287 3825 1460 3871 ntttrtt
1490 3817 1767 3871 universa.

568 3911 780 3966 Novum
814 3910 973 3965 nobis
1017 3911 1168 3964 velut
1200 3910 1487 3980 puerulum
1522 3909 1819 3980 peperisti,
1857 3906 2073 3963 saeculis

495 4002 752 4056 omnibus
802 4000 1192 4069 antiquiorem.
1223 3999 1636 4055 adolescentula
1670 4000 1828 4053 unica
1863 4001 2074 4070 specio-

497 4094 754 4159 sissima,
794 4093 1022 4162 gignens
1054 4092 1400 4148 ineliabiliter
1433 4092 1750 4146 Creatorem
1773 4127 1791 4155 ,
1843 4107 1877 4144 o
1910 4089 2072 4160 Virgo

503 4186 874 4250 sanctissima,
895 4186 1215 4252 angelorum
1239 4185 1769 4254 miraeulum,atque
1791 4183 2070 4238 hominum

501 4277 744 4333 ﬁdelium
778 4276 948 4332 salus.

569 4371 869 4426 Diuturnas
913 4371 1109 4423 animae
1138 4384 1274 4422 mea:
1318 4367 1606 4439 passiones
1651 4384 1805 4433 cura,
1831 4385 1867 4424 ο
1900 4368 2062 4422 invio.

2170 3275 2367 3328 anima:
2397 3288 2530 3327 mea:
2561 3270 2977 3336 infelicissima,
3006 3265 3279 3322 deducens
3302 3278 3388 3316 me
3406 3261 3475 3317 ad
3496 3259 3738 3314 divinam

2171 3365 2267 3422 Dei
2299 3364 2632 3420 voluntatem
2668 3361 3001 3418 faciendam.

2240 3458 2380 3512 Ecce
2409 3472 2556 3512 nunc
2583 3456 2804 3525 impleta
2828 3461 2914 3509 est
2934 3449 3216 3523 prophetia
3241 3447 3504 3520 praeconis
3537 3444 3744 3500 divini:

2171 3563 2296 3602 nam
2329 3547 2493 3619 Virgo
2537 3547 2748 3616 peperit
2781 3546 2957 3609 illum,
2988 3543 3081 3613 qui
3109 3540 3307 3597 saecula
3336 3540 3628 3610 produxit;
3656 3538 3745 3590 cui

2173 3641 2514 3697 modulantes
2538 3640 2760 3696 assidue
2790 3639 3063 3704 canimus,
3084 3636 3333 3692 dicentes
3370 3652 3385 3689 :
3424 3631 3748 3687 Benedictus

2169 3748 2252 3799 es,
2293 3732 2431 3788 Deus
2459 3742 2670 3803 patrum
2697 3741 3040 3787 nostrorum.

2243 3823 2343 3889 Te,
2379 3823 2471 3878 Dei
2502 3824 2748 3878 omnium
2798 3823 3019 3878 Domini
3055 3820 3304 3884 Matrem,
3353 3819 3623 3874 universae
3661 3831 3750 3887 ge-

2173 3915 2489 3969 nerationes
2515 3914 2677 3983 232
2711 3913 3127 3984 generationum
3171 3925 3386 3980 semper
3415 3909 3749 3972 beatiﬁcant,

2172 4019 2207 4058 ο
2229 4004 2542 4074 purissima,
2590 4015 2646 4060 et
2699 4004 2872 4060 sacris
2903 4003 3079 4058 modis
3107 4002 3414 4074 glorificant
3446 4017 3466 4053 :
3503 4000 3747 4052 omnium

2175 4095 2376 4164 quippe
2404 4095 2642 4149 fidelium
2677 4095 2889 4164 asylum
2922 4093 3062 4147 facta
3090 4106 3176 4156 es,
3204 4091 3294 4160 qui
3325 4106 3450 4144 cum
3479 4089 3587 4144 lide
3616 4104 3752 4143 con-

2176 4189 2418 4244 cinunt:
2477 4186 2840 4251 Sacerdotes,
2898 4184 3237 4251 benedicite;
3297 4181 3504 4252 populi,
3556 4195 3749 4249 supero

2176 4285 2412 4339 exaltatc
2449 4284 2501 4336 in
2533 4283 2717 4337 omnia
2743 4281 2967 4336 sarcula.

2239 4374 2516 4427 Bonorum
2569 4373 2745 4427 amica
2797 4372 2982 4440 Virgo,
3013 4386 3136 4441 quae
3167 4367 3405 4423 Verbum
3450 4365 3654 4420 bonum
3685 4378 3749 4416 ac

497 4461 630 4528 lata,
659 4470 712 4516 te
740 4475 935 4531 precor
961 4479 975 4513 :
997 4473 1161 4530 atque
1181 4461 1424 4515 omnium
1443 4471 1788 4530 peccatorum
1825 4476 2072 4516 meorum
2110 4533 2126 4536 Α
2179 4465 2467 4519 Βοιιιὶηιιηι
2492 4465 2744 4536 peperisti
2764 4504 2780 4529 ,
2810 4465 3049 4518 animam
3069 4477 3268 4526 meam,
3297 4474 3419 4532 qua:
3440 4459 3656 4515 assidue
3681 4457 3752 4512 ob

507 4550 932 4620 chirographum
959 4551 1203 4604 discinde
1221 4551 1408 4605 lancea
1439 4547 1559 4604 Filii
1592 4551 1692 4615 tui,
1720 4567 1896 4621 neque
1923 4551 2075 4606 sinas

2182 4559 2452 4626 serpentis
2493 4533 2734 4612 assultus
2782 4565 2944 4626 atque
2983 4555 3125 4609 ietns
3156 4555 3220 4609 ad
3256 4554 3398 4606 mala
3433 4549 3751 4622 pr0pendet,

503 4644 683 4715 perire
710 4658 798 4698 me
831 4653 1145 4714 sperantem
1181 4643 1235 4696 in
1264 4653 1338 4708 te,
1378 4657 1412 4698 ο
1441 4643 1756 4713 purissima.

571 4734 770 4790 Carnis
801 4750 933 4792 mea:
959 4731 1232 4806 appetitus
1277 4735 1568 4800 mortiﬁca,
1597 4751 1630 4791 0
1675 4735 1924 4806 Deipara,
1953 4752 2076 4806 quae

499 4858 584 4914 Ea:
613 4876 811 4914 canone
840 4861 896 4915 in
930 4862 1064 4930 festo
1101 4861 1157 4914 S.
1204 4862 1465 4916 Ambrosii
1499 4860 1727 4932 episcopi
1755 4859 2073 4924 Nediolan.,

1196 4935 1282 4986 dte
1310 4932 1364 4986 7.

570 5045 701 5100 Sine
760 5046 968 5100 semine
1016 5044 1214 5098 Filium
1259 5045 1376 5110 Dei,
1415 5061 1480 5100 er
1513 5047 1732 5102 decreto
1773 5044 1979 5111 Patris,
2007 5043 2074 5099 de

501 5137 709 5204 Spiritu
747 5138 932 5190 divino
963 5139 1290 5208 ctmccpisti,
1321 5148 1486 5206 atque
1531 5142 1873 5194 incarnatnm
1909 5153 2074 5208 pepe-

499 5231 654 5294 t'tsti,
689 5231 784 5299 qui
808 5246 873 5284 ex
913 5230 1070 5284 Patre
1112 5235 1232 5284 sine
1262 5242 1453 5294 matre,
1492 5242 1548 5286 et
1588 5249 1654 5287 ex
1691 5243 1743 5285 te
1777 5233 1892 5285 sine
1926 5242 2076 5301 patre

501 5334 718 5392 propter
758 5337 859 5376 ιιςε
887 5334 1051 5376 natus
1089 5333 1192 5377 εει.

571 5414 758 5471 Genus
806 5418 1086 5470 hominum
1141 5421 1437 5482 renovasti,
1490 5419 1603 5472 sola
1639 5426 1845 5473 naturae
1883 5427 2077 5472 nostra:

501 5507 858 5563 Conditorem
883 5525 948 5564 ac
991 5509 1282 5565 Dominum
1315 5511 1504 5577 enixa;
1536 5527 1707 5581 quare
1729 5522 1779 5565 te
1806 5513 2082 5582 gloriﬁca-

503 5619 651 5667 mus,
680 5619 714 5656 ο
752 5602 862 5658 Deo
896 5605 1246 5660 charissima.

574 5696 666 5750 Ille
699 5696 793 5766 qni
826 5698 1080 5752 universa
1117 5701 1397 5752 voluntate
1426 5714 1522 5752 sua
1576 5699 1854 5767 formavit,
1889 5712 2082 5771 sponte

575 5848 710 5924 (96‘)
738 5850 901 5909 Deest
925 5855 980 5909 in
1012 5851 1228 5908 Menaeis
1260 5854 1558 5924 impressis.

2181 4649 2450 4702 festinans
2499 4649 2700 4702 bonam
2751 4646 2856 4711 l'ac,
2907 4661 2940 4699 o
2992 4647 3167 4708 bona,
3221 4652 3482 4713 tanquam
3530 4640 3751 4697 unicum

2181 4743 2496 4812 praesidium
2535 4743 2824 4804 lassorum,
2857 4750 2910 4792 ct
2941 4739 3089 4792 salus
3119 4735 3456 4790 laudantium
3487 4744 3557 4788 te.

2191 4869 2286 4921 Ἐκ
2327 4867 2431 4922 rei:
2465 4867 2733 4932 Κανόνος
2761 4867 2849 4928 εἰς
2887 4864 2992 4916 τὸν
3034 4861 3208 4917 ὅσιοι·
3248 4861 3598 4930 Ἀμόρόσιον
3629 4858 3755 4911 ἐπί-

2462 4954 2699 4991 σκοποῖ’
2732 4935 3116 4990 Μεδιολάνων
3137 4972 3152 4999 ,
3189 4932 3380 5001 ἡμέρᾳ
3411 4933 3478 4995 ς’.

2265 5051 2547 5123 Ἀσπόρως
2604 5050 2681 5120 τῷ
2730 5051 2824 5102 τοῦ
2882 5048 3093 5118 Ungi»;
3148 5045 3449 5114 βουλήματι
3495 5044 3561 5097 ὲκ
3607 5042 3755 5097 Θείου

2187 5147 2506 5216 Πνεῦματος
2533 5145 2625 5197 τὸν
2653 5143 2749 5196 τοῦ
2776 5142 2914 5195 Θεοῦ
2946 5141 3269 5207 συνείληφας
3296 5137 3445 5200 Υἱὸν,
3480 5135 3572 5188 καὶ
3595 5136 3758 5204 σαρκὶ

2182 5241 2506 5306 ἀπεκύησας
2557 5238 2648 5291 τὸν
2692 5238 2757 5290 ἐκ
2797 5234 3008 5308 Harpe;
3053 5234 3329 5304 διμήτορα,
3361 5231 3452 5282 καὶ
3503 5227 3572 5282 δι’
3605 5228 3756 5298 ἡμᾶς

2179 5334 2242 5384 ὲκ
2272 5331 2364 5384 σοῦ
2399 5331 2667 5399 ἀπάτορα.

2251 5423 2411 5485 Γάνος
2458 5421 2764 5493 ἀνθρώπων
2811 5419 3269 5489 ἑκαινούργησας,
3325 5415 3458 5486 μόνη
3508 5413 3759 5481 κυήσασα

2180 5518 2272 5574 τὸν
2318 5518 2417 5585 τῆς
2449 5517 2665 5588 φύσεως
2703 5516 2863 5587 ἡμῶν
2910 5513 3252 5585 Δημιουργόν
3299 5527 3358 5564 τε
3393 5511 3486 5562 καὶ
3518 5506 3762 5580 Κύριονο

2178 5610 2301 5663 ὅθεν
2332 5627 2390 5662 σε
2420 5607 2734 5677 δοξάζομεν,
2767 5605 3152 5677 Θεοκαριτωτε.

2269 5703 2327 5757 't)
2354 5702 2620 5774 θελήματι
2652 5701 2720 5756 τὰ
2751 5705 2931 5756 πάντα
2969 5697 3378 5772 δημιουργήσας
3411 5689 3768 5766 δημιουργεῖ-
