4052 6306
630 397 767 465 1259

1776 394 1836 455 S.
1876 393 2189 456 JOSEPHI
2229 393 2785 457 HYMNOGRAPIII

3755 399 3873 464 1260

693 510 1049 585 Splendorem
1079 503 1183 574 ιυι,
1211 518 1398 558 nreum
1428 514 1618 575 partus
1659 506 1741 561 tui
1786 518 1980 564 natura
2024 516 2189 563 nostr:

2391 514 2598 580 Φέγγος
2616 510 2902 582 ἀστραπῆς
2925 508 3021 563 τοῦ
3040 509 3198 562 τόκου
3229 525 3322 563 σου
3348 510 3382 581 ἡ
3417 507 3708 564 άπωθείσα
3735 514 3876 583 φύσις

625 607 834 678 abiecta
858 601 1016 664 vidit,
1037 616 1071 652 ιι
1103 598 1493 667 pnrissima,et
1515 615 1543 652 a
1563 608 1721 654 nocte
1751 600 2077 669 ignorantiae
2099 609 2151 654 et
2174 614 2203 654 a

628 698 918 754 tenebrosa
953 691 1276 763 passionuro
1310 689 1635 747 confusione
1666 693 1892 747 liberata
1920 702 2003 748 est
2031 711 2044 748 :
2079 709 2205 764 pro-

625 799 806 860 pterea
828 795 879 840 te
893 797 1150 854 tanquam
1166 782 1366 836 salutis
1383 791 1586 836 nostra:
1603 798 1826 839 causam
1852 800 2204 840 veneramur.

626 899 711 954 Ex
733 913 933 954 canone
963 896 1018 950 in
1047 895 1182 966 [esto
1212 890 1274 947 S.
1309 893 1550 950 Daniclis
1578 893 1789 966 Stylitaz
1813 899 1976 969 conf.,
1998 897 2084 953 die
2115 898 2202 954 ll.

691 1080 865 1137 Totus
896 1081 1062 1134 homo
1095 1093 1159 1133 ac
1188 1076 1467 1148 perfectus
1484 1077 1757 1148 apparuit,
1789 1092 2119 1149 permanens
2149 1080 2204 1136 id

624 1174 774 1246 quod
815 1182 935 1230 erat
964 1172 1128 1227 etiam
1161 1176 1285 1240 post
1342 1168 1808 1236 incarnationem,
1846 1168 2207 1227 immutabilis

627 1266 918 1330 Dominus,
948 1265 1040 1334 qui
1065 1277 1133 1317 ex
1159 1271 1210 1317 te
1234 1270 1397 1318 natus
1432 1269 1538 1328 est,
1571 1276 1605 1315 ο
1639 1260 1892 1333 Deipara.

699 1355 894 1412 Libera
948 1371 1054 1421 me,
1090 1353 1342 1422 Domina,
1377 1371 1408 1409 a
1450 1354 1769 1424 passionum
1823 1355 2106 1420 violentia,
2149 1367 2206 1414 ct

627 1466 878 1523 expugna
925 1465 1074 1505 nunc
1111 1452 1297 1505 hostes
1328 1449 1714 1519 impugnantes
1764 1463 1851 1504 me
1889 1469 1902 1505 :
1952 1451 2201 1507 stabilem

628 1562 717 1602 me
737 1546 891 1600 firma
923 1545 974 1600 in
997 1553 1148 1615 petra
1171 1543 1370 1599 divinae
1400 1543 1731 1611 voluntatis;
1754 1544 1995 1600 animam
2025 1561 2201 1602 meam

629 1639 901 1704 illumina,
927 1652 960 1693 ο
991 1646 1145 1708 porta
1164 1635 1307 1692 lucis
1339 1637 1559 1692 divinae.

695 1731 915 1814 Naturae
954 1732 1098 1802 leges
1127 1731 1180 1785 in
1206 1739 1258 1786 te
1297 1730 1571 1787 innovatae
1596 1740 1760 1799 sunt;
1787 1730 2026 1788 Verbum
2054 1732 2200 1788 enim

2308 606 2487 676 ἡμῶν,
2544 604 2878 672 πανάμωμε,
2937 596 3066 660 εἶδε.
3124 603 3216 656 καὶ
3248 603 3448 666 νυκτὸς
3509 601 3572 669 ἐξ
3627 605 3878 673 ἀγνωσίας

2308 698 2663 770 λελύτρωται,
2697 697 2792 750 καὶ
2823 695 3010 748 παθῶν
3053 695 3151 766 τῆς
3193 697 3510 762 σκοτώδους
3545 697 3874 770 συγχύσεως·

2306 793 2388 845 διό
2423 807 2480 842 σε
2513 789 2587 852 ῶς
2617 787 2798 842 αἰτίαν
2827 786 2928 859 τῆς
2961 788 3237 858 σωτηρίας
3275 787 3442 860 ήμῶν
3476 788 3737 860 σέϐομεν.

2319 903 2421 955 Ἐκ
2453 901 2561 956 τοῦ
2606 903 2866 966 κανόνος
2891 902 2978 974 εὶς
3002 899 3110 974 τὸνξ
3150 898 3325 974 dmor-
3355 897 3600 968 Δανιὴλ
3627 899 3732 974 τὸν
3749 903 3878 957 Στυ-

2836 971 3036 1040 λίτην,
3076 971 3270 1040 ᾑμέρᾳ.
3296 974 3388 1025 ια’.

2378 1084 2539 1148 Ὀλος
2572 1082 2859 1156 ἄνθρωπος
2889 1081 3074 1153 ὤφθη,
3122 1082 3312 1151 μείνας
3336 1082 3486 1153 ὅπερ
3513 1076 3606 1152 ἦν,
3637 1084 3727 1138 καὶ
3760 1085 3879 1155 μετὰ

2307 1179 2606 1248 σάρκωσιν,
2659 1178 2688 1232 6
2734 1177 2801 1230 ἐκ
2848 1173 2943 1230 σοῦ
3005 1175 3138 1240 Θεὸς
3190 1175 3486 1249 γεννηθεὶς
3535 1174 3879 1242 ἀναλλοίωτος

2305 1269 2529 1340 Κύριος.

2391 1361 2588 1416 Ῥῦσαι
2625 1361 2728 1432 τῆς
2754 1360 2865 1415 τῶν
2899 1361 3088 1416 παθῶν
3123 1378 3188 1432 με
3220 1361 3560 1434 ἐπαγωγῆς,
3593 1362 3873 1429 Δέσποινα,

2303 1455 2399 1510 καὶ
2431 1456 2558 1520 τοὺς
2587 1455 2966 1526 πολεμοῦντας
2993 1453 3224 1526 ἐχθρούς
3248 1472 3318 1526 με
3348 1455 3453 1508 νῦν
3492 1454 3868 1528 ἑκπολέμησον·

2306 1548 2565 1618 στήριξον
2619 1548 2797 1619 πέτρᾳ
2829 1565 2898 1619 με
2944 1550 3013 1619 τῇ
3058 1547 3153 1601 τοῦ
3189 1545 3326 1601 Θεοῦ
3385 1547 3746 1620 θελημάτωνο
3794 1549 3867 1618 τὴν

2302 1641 2484 1712 ψυχήν
2517 1659 2620 1712 μου
2645 1640 2903 1710 φώτισον,
2937 1640 3083 1712 πύλη
3109 1639 3203 1694 τοῦ
3231 1640 3380 1695 θείου
3409 1641 3624 1710 φωτός.

2374 1731 2550 1801 Νόμοι
2578 1731 2635 1783 ἐν
2665 1732 2750 1784 σοὶ
2776 1730 2995 1800 φύσεως
3025 1731 3562 1802 κεκαινοτόμηνται·
3600 1731 3847 1801 νομοδότην

625 1825 1018 1896 legislatorcm.
1062 1839 1097 1880 ο
1134 1823 1467 1890 castissima,
1504 1840 1632 1880 vere
1677 1840 1843 1893 supra
1881 1839 2106 1882 causam
2137 1840 2189 1882 at

2305 1823 2480 1894 Λόγον
2511 1824 2619 1894 γὰρ
2646 1824 2948 1896 ἐγέννησας
2975 1823 3117 1895 ὑπὲρ
3139 1824 3318 1880 αἰτίαν
3353 1824 3436 1888 ὡς
3476 1823 3721 1893 άληθῶς,
3758 1825 3856 1878 πᾶν·

627 1919 926 1982 rationem,
983 1915 1244 1990 genuisti,
1277 1918 1421 1988 quod
1446 1919 1517 1973 ab
1558 1919 1974 1976 irrationalitate
2003 1920 2189 1977 libera-

2304 1933 2462 1984 αγνε,
2499 1916 2595 1970 καὶ
2649 1917 2829 1986 λόγον,
2874 1918 2973 1989 τῆς
3008 1917 3232 1986 ἀλογίας
3279 1917 3601 1988 ῥυσάμενον
3648 1918 3710 1972 τὺ
3737 1917 3862 1987 γένος

627 2009 701 2063 vit
724 2024 898 2079 genus
924 2008 1234 2076 hominum,
1267 2010 1358 2079 qui
1394 2009 1626 2065 fideliter
1646 2012 1944 2067 concinunt
1973 2029 1987 2066 :
2016 2010 2199 2069 Gloria

624 2103 879 2172 potentiae
912 2111 1041 2167 tua,
1081 2116 1114 2157 ο
1151 2112 1366 2159 amator
1397 2104 1704 2161 hominum.

697 2195 990 2251 Dominum
1016 2197 1204 2265 enixa,
1240 2198 1497 2268 supernis
1525 2199 1890 2268 potestatibus
1913 2199 2202 2258 sublimior

623 2288 766 2344 facta
815 2304 899 2353 es,
956 2287 1360 2360 hominumque
1393 2302 1643 2346 naturam
1682 2291 1968 2360 deiﬁcasti,
1999 2307 2034 2348 ο
2083 2294 2200 2349 sola

621 2381 772 2436 omni
806 2381 965 2436 laude
1013 2381 1360 2452 dignissima.
1401 2381 1558 2439 Unde
1609 2391 1664 2439 te
1693 2383 2036 2442 verissimam
2073 2384 2201 2441 Dei-

623 2490 839 2546 param,
879 2488 914 2529 ο
952 2471 1142 2546 Virgo,
1184 2490 1284 2531 nos
1334 2475 1520 2532 fideles
1553 2478 1718 2532 corde
1762 2490 1818 2532 et
1860 2492 1957 2535 ore
1994 2479 2199 2550 gloriﬁ-

622 2582 836 2623 eamus.

695 2659 773 2716 Te
795 2660 1161 2732 patrocinium
1194 2675 1258 2718 ae
1290 2663 1762 2734 propugnaculum
1790 2677 1982 2720 omnes
2013 2664 2201 2721 fideles

621 2753 912 2820 habemus,
966 2754 1061 2825 qui
1100 2755 1153 2809 in
1215 2754 1491 2826 profundo
1525 2755 1820 2823 malorum,
1859 2766 1914 2813 et
1970 2757 2025 2811 in
2080 2758 2197 2814 salo

622 2847 1040 2903 tribulationum
1093 2863 1311 2917 semper
1375 2848 1775 2919 periclitamur,
1835 2862 1869 2903 ο
1933 2848 2194 2920 Deipara,

620 2941 739 2998 sola
771 2940 1052 3003 hominum
1078 2941 1416 3012 praesidium.

692 3031 934 3103 Propitia
969 3043 1090 3087 esto
1129 3031 1289 3097 mihi,
1323 3031 1529 3103 Virgo;
1561 3043 1615 3088 et
1661 3047 1747 3089 me
1775 3033 1982 3104 peccati
2013 3035 2196 3090 rhom-

620 3125 772 3196 phaaa
807 3125 1151 3181 vulneratum
1185 3125 1348 3198 235
1384 3124 1629 3182 fomento
1653 3127 2066 3184 intercessionis
2089 3138 2195 3185 tua:

2302 2008 2412 2062 τῶν
2441 2010 2770 2079 ἀνθρώπων,
2794 2010 2904 2065 τῶν
2931 2009 3141 2073 πιστῶς
3170 2010 3597 2081 μελῳδούντων·
3623 2012 3701 2084 Τῇ
3731 2011 3863 2066 δυνά·

2305 2118 2396 2172 μει
2431 2119 2524 2155 σου
2553 2101 2702 2169 δόξα,
2736 2103 3089 2175 φιλάνθρωπε

2375 2195 2479 2248 Τὸν
2505 2197 2792 2266 Δεσπότην
2823 2197 3064 2252 τεκοῦσα
3095 2197 3288 2271 ὤφθης
3317 2199 3602 2272 ὗαρτᾶρα
3635 2195 3737 2250 τῶν
3765 2195 3861 2253 ἄνω

2300 2286 2616 2358 δυνάμεων,
2638 2289 2733 2344 καὶ
2763 2290 2972 2362 βροτῶν
3003 2291 3100 2364 τὴν
3127 2292 3290 2362 φύσιν
3317 2291 3708 2363 ὲθεούργησας,
3735 2289 3855 2359 μόνη

2301 2381 2658 2453 πανύμνητε⁶
2711 2383 2977 2438 Θεοτόκον
3047 2384 3173 2438 ὅθεν
3227 2385 3538 2455 παναληθεῑ
3585 2383 3721 2452 ψυχῇ
3772 2383 3852 2435 καὶ

2301 2473 2525 2546 γλώσσῃ
2552 2475 2602 2529 oi
2626 2477 2808 2531 πιστοί
2841 2494 2924 2543 σε,
2961 2478 3227 2550 Παρθένε,
3259 2476 3576 2548 δοξάζομεν.

2368 2661 2436 2715 Σὲ
2479 2661 2816 2731 προστασίαν
2848 2659 3035 2716 πιστοὶ
3062 2662 3158 2716 καὶ
3209 2661 3391 2733 τεῖχος
3430 2663 3621 2727 πάντες
3664 2662 3840 2734 κεκτή-

2301 2753 2463 2826 μεθα,
2499 2757 2548 2808 οί
2579 2755 2638 2807 ἐν
2667 2753 2816 2826 βυθῷ
2853 2754 2962 2808 τῶν
2993 2755 3180 2810 κακῶν
3206 2758 3301 2810 καὶ
3330 2755 3473 2828 σάλῳ
3491 2756 3593 2810 τῶν
3625 2755 3836 2825 θλίψεων

2297 2843 2387 2898 ἀεὶ
2432 2843 2857 2909 κινδυνεύοντες,
2894 2845 3127 2899 Θεοτόκε
3186 2847 3342 2918 μόνη,
3389 2847 3489 2899 τῶν
3531 2845 3729 2917 βροτῶν
3771 2846 3827 2897 τὸ

2297 2936 2658 3008 καταςιύγιον.

2369 3030 2538 3094 Ἰλεος
2568 3031 2658 3086 ἔσο
2682 3049 2796 3103 μοι,
2832 3032 3097 3106 Παρθένε,
3131 3035 3224 3089 καὶ
3247 3029 3799 3104 πλητὲιπιμερυμφαίίξ

2295 3124 2570 3196 ἁμαρτίας
2619 3127 2677 3180 ἐν
2722 3127 3010 3197 μωττὼσει
3068 3128 3170 3198 τῆς
3217 3130 3314 3198 σῆς
3359 3125 3654 3200 θεράπευσον
3683 3137 3801 3192 πρε-

618 3234 751 3275 cura
787 3233 853 3275 ae
880 3235 1037 3286 sana,
1061 3218 1191 3274 dum
1215 3220 1427 3277 clamo:
1463 3219 1791 3276 Benedictus
1826 3220 2034 3277 fructus
2065 3237 2189 3277 ven-

2301 3219 2491 3284 σδείας
2525 3219 2839 3291 κράζονταο
2868 3219 3252 3292 Εὐλογημένος
3297 3222 3328 3275 ὁ
3368 3218 3553 3290 καρπὸς
3589 3215 3678 3286 τῆς
3719 3212 3810 3282 σῆς

619 3309 718 3366 tris
749 3309 851 3365 tui.

687 3403 768 3458 llli
821 3405 913 3476 qui
974 3413 1026 3460 te
1061 3403 1346 3476 Deiparam
1405 3420 1526 3462 esse
1573 3407 1838 3472 sentiunt,
1892 3423 1926 3462 ο
1963 3406 2188 3462 Domina

618 3499 968 3556 sanctissima
1005 3508 1170 3570 atque
1230 3499 1380 3555 omni
1411 3499 1572 3555 laude
1617 3500 1962 3568 celebranda,
2015 3501 2191 3557 verbis

619 3593 729 3648 tuis
778 3593 1103 3647 inlimrentes
1148 3606 1295 3647 nunc
1338 3591 1553 3648 beatam
1590 3601 1643 3647 te
1678 3593 1887 3660 dicunt,
1929 3595 2188 3665 quoniam

621 3685 837 3740 beatum
888 3682 1056 3739 Deum
1111 3684 1269 3741 nobis
1319 3684 1602 3754 peperisti,
1670 3700 1828 3762 quem
1883 3687 1937 3742 in
1977 3687 2190 3745 duabus

619 3775 832 3830 naturis
868 3784 1033 3846 atque
1064 3776 1222 3830 unica
1249 3790 1480 3846 persona
1514 3776 1804 3833 laudantes
1844 3777 2187 3834 clamamus:

614 3866 659 3924 0
689 3867 864 3938 pueri,
915 3868 1254 3936 benedicite;
1296 3872 1630 3934 sacerdotes,
1687 3871 1945 3938 laudate;
1980 3872 2185 3943 populi,

613 3963 1015 4031 superexaltate
1037 3976 1163 4017 eum
1199 3963 1253 4017 in
1285 3963 1467 4019 omnia
1500 3964 1719 4020 smcula.

683 4052 853 4109 Parce
885 4054 1040 4118 mihi,
1080 4054 1354 4124 Salvator,
1391 4057 1486 4128 qui
1535 4068 1726 4125 natus,
1759 4057 1981 4115 illaesam
2025 4070 2187 4132 atque

616 4157 988 4218 incorruptam
1058 4146 1393 4204 Genitricem
1444 4160 1594 4206 tuam
1667 4153 2004 4207 conservasti
2066 4165 2187 4224 post

613 4249 853 4308 partum,
906 4253 1034 4294 eum
1067 4240 1302 4304 scdebis,
1329 4252 1385 4295 ut
1405 4241 1621 4310 juiliccs
1651 4258 1812 4311 Opera
1839 4259 1995 4311 mea;
2022 4245 2185 4299 dissi-

613 4331 828 4386 mulans
859 4332 1178 4400 iniquitates
1223 4349 1371 4388 meas
1413 4346 1466 4389 et
1497 4347 1720 4403 peccata
1751 4351 1891 4400 mea,
1925 4347 2183 4407 tanquam

611 4424 1005 4493 impeccabilis,
1035 4432 1297 4496 tanquam
1331 4427 1473 4483 llcus
1503 4431 1798 4483 miserator
1815 4439 1977 4498 atque
2008 4431 2182 4486 homi-

611 4532 741 4571 num
780 4525 1014 4571 amator.

2299 3311 2530 3376 κοιλίας.

2369 3407 2738 3472 ΟίΘεοτόκον,
2776 3408 3046 3462 Δέσποινα
3102 3407 3370 3477 παναγία,
3415 3401 3712 3479 φροωῦντές
3754 3415 3824 3465 σε.

2303 3500 2548 3572 ῥήμασιν
2579 3501 2840 3572 ἑπόμενοι
2873 3503 2988 3565 τοῖς
3017 3503 3151 3568 σοῖς,
3181 3500 3502 3572 πανύμνητε
3537 3496 3711 3568 σεμνὴ,
3740 3512 3830 3564 μα.

2296 3590 2617 3662 καρίζομεν,
2651 3591 2736 3645 ὅτι
2791 3590 2924 3646 Θεὸν
2959 3593 3230 3663 μακάριον
3286 3593 3472 3658 ἔτεκες
3516 3593 3662 3663 ἡμῖν,
3700 3585 3756 3642 δν
3784 3587 3834 3638 ἐν

2296 3681 2417 3736 δυσὶ
2478 3682 2599 3746 ταῖς
2630 3683 2870 3749 οὐσίαις,
2925 3685 3023 3755 μιᾷ
3067 3684 3122 3738 δὲ
3155 3684 3454 3739 ὑποστάσει
3507 3679 3829 3754 ἀνυμνοῦντες

2297 3774 2529 3846 βοῶμεν·
2557 3777 2622 3828 οι
2650 3776 2860 3842 παῖδες,
2875 3776 3168 3846 εὐλογεῖτε,
3188 3778 3376 3849 ἱερεῖς,
3394 3779 3690 3850 ἀνυμνεῑτε,
3705 3772 3827 3835 λαὸς.

2297 3867 2644 3939 ὗπερυψοῢτε
2673 3869 2752 3932 είς
2787 3868 2994 3933 πάντας
3025 3869 3151 3934 τοὺς
3173 3870 3399 3936 αἰῶνας.

2365 4049 2554 4106 Φεῖσαί
2587 4067 2714 4121 μου,
2755 4049 2938 4122 Σῶτερ
2967 4051 2996 4104 ὁ
3020 4050 3234 4122 τεχθεὶς
3266 4052 3362 4105 καὶ
3381 4051 3621 4120 φυλάξας
3639 4049 3730 4120 τὴν
3759 4063 3831 4098 τε·

2295 4143 2498 4197 κοῦσάν
2540 4158 2598 4194 σε
2626 4140 2862 4213 ἄφθορον
2896 4142 3036 4212 μετὰ
3065 4141 3162 4214 τὴν
3201 4144 3418 4214 κύησιν,
3461 4145 3590 4199 ὅταν
3637 4139 3830 4208 καθίσῃς

2293 4239 2479 4309 κρῖναι
2503 4237 2571 4289 τὰ
2605 4235 2741 4308 ἔργα
2792 4253 2917 4305 μου,
2940 4237 3038 4300 τὰς
3071 4236 3302 4307 ἀνομίας
3339 4237 3620 4310 παρορῶν,
3646 4233 3826 4292 καὶτὰς

2293 4328 2569 4400 ἁμαρτίας
2613 4346 2713 4399 μου
2747 4327 2823 4392 ὡς
2856 4328 3263 4400 ἀναμάρτητος,
3317 4330 3569 4402 ἐλεήμων
3605 4329 3675 4394 ὡς
3704 4325 3825 4386 Θεὸς,

2293 4426 2386 4480 καὶ
2413 4424 2815 4496 φιλάνθρωπος.

607 4607 693 4662 Ex
719 4610 1015 4686 canentia
1047 4610 1326 4666 Dominica
1353 4613 1404 4665 in
1444 4630 1545 4683 qua
1594 4614 1886 4669 celebratur
1931 4619 2182 4672 memoria

2307 4620 2407 4674 Ἐκ
2441 4618 2547 4672 τοῦ
2576 4619 2836 4685 κανόνος
2880 4619 2967 4684 εἷς
2997 4617 3113 4686 τὴν
3140 4617 3447 4686 Κυριακὴν
3480 4616 3594 4686 τῆς
3625 4613 3818 4686 μνήμης

933 4681 1225 4741 primorum
1255 4681 1464 4751 patrimi
1493 4686 1623 4740 Adw
1645 4697 1691 4740 et
1719 4686 1862 4744 Eriza.

674 4785 887 4844 Divinis
924 4788 1168 4844 oraculis
1199 4806 1387 4845 aurem
1427 4793 1794 4862 praebeamus,
1833 4797 2037 4851 Christi
2082 4815 2180 4871 ap.

604 4881 944 4949 paritionem
994 4882 1374 4940 reboantibus.
1435 4886 1570 4942 Ecce
1617 4890 1759 4943 enim
1807 4891 1862 4944 in
1922 4894 2181 4962 spelunca

607 4972 874 5038 nascitur,
914 4990 980 5027 cx
1007 4974 1218 5043 virgine
1251 4980 1425 5046 puella
1459 4981 1574 5046 ille,
1625 4983 1784 5053 cujus
1819 4998 2029 5053 partum
2052 4987 2180 5041 lior-

602 5081 726 5120 rore
757 5067 976 5135 plenum
1003 5071 1295 5140 astrologis
1315 5089 1469 5141 υμνοι
1491 5092 1588 5130 ens
1606 5077 1756 5131 stella
1777 5091 2184 5147 praemonstrat.

672 5159 830 5215 Nunc
858 5164 1192 5233 exspectatio
1222 5168 1468 5235 gentium
1522 5188 1586 5225 cx
1625 5170 1839 5242 Virgine
1887 5178 2124 5239 procedit
2161 5197 2172 5233 :

603 5259 658 5308 et
687 5253 965 5309 Bethleem
995 5269 1308 5328 opportune
1344 5263 1518 5331 aperit
1549 5267 1860 5331 paradisum:
1892 5267 2055 5325 [idem
2082 5274 2171 5342 qui

600 5347 822 5401 clausus
852 5359 990 5412 erat,
1021 5351 1323 5420 suscipiens
1357 5351 1593 5410 Verbum
1627 5371 2000 5427 corpin‘atum.
2034 5373 2087 5418 ct
2120 5367 2172 5418 in

597 5441 882 5506 priesepio,
910 5442 1210 5496 secundum
1245 5462 1487 5511 carnem,
1517 5448 1858 5504 reclinatum.

668 5529 822 5587 Nunc
850 5536 1155 5604 redemptio
1200 5551 1386 5593 nostra
1435 5539 1487 5592 in
1539 5545 1802 5612 praesepio
1854 5545 2166 5613 rcclinatur,

592 5636 645 5680 ct
676 5637 934 5696 tanquam
965 5629 1145 5684 infans
1175 5630 1358 5688 fasciis
1388 5634 1685 5689 involvitur
1718 5656 1729 5690 :
1763 5649 1816 5692 et
1845 5638 1982 5710 Magi
2015 5658 2169 5712 reges

590 5720 818 5774 veniunt
863 5723 930 5776 ab
973 5721 1195 5778 Oriente
1250 5727 1314 5781 ad
1367 5727 1658 5783 videndum
1712 5733 1862 5787 illiilli
1907 5746 2165 5804 tanquam

590 5812 758 5866 Deum
786 5830 851 5869 ac
882 5831 1060 5887 regem
1100 5829 1286 5871 natum
1316 5835 1482 5889 super
1511 5831 1730 5894 terram,
1761 5838 1810 5882 ct
1843 5828 1907 5882 ad
1934 5830 2167 5883 adoran-

594 5906 722 5956 dum
766 5906 919 5960 illum
954 5927 1078 5962 cum
1110 5912 1279 5970 donis
1313 5914 1562 5973 fideliter.

2430 4689 2750 4758 τῶνάγίων
2774 4693 3168 4758 προπατόρων
3215 4689 3384 4759 Ἀδὰμ
3415 4690 3518 4743 καὶ
3543 4689 3700 4751 Εὔας

2373 4800 2582 4870 Ῥητῶν
2603 4799 2802 4852 ἐνθέων
2836 4797 3181 4868 ἀκούσωμεν,
3216 4797 3468 4867 βοώντων
3497 4797 3594 4851 τοῦ
3626 4787 3818 4866 Χριστθῦ

2284 4893 2384 4964 τὴν
2423 4886 2726 4954 ἀνάδειξιν·
2786 4890 2893 4944 ίδοί)
2943 4890 3052 4962 γὰρ
3107 4890 3356 4961 σπηλαίῳ
3375 4891 3643 4957 τίκτεται,
3679 4887 3825 4956 Κόρης

2287 4987 2346 5052 ἐξ
2375 4987 2778 5058 ἀπειρογὰμου,
2825 4980 2887 5040 οὗ
2931 4985 3021 5037 τὸν
3075 4985 3301 5055 φρικτὸν
3356 4987 3515 5040 τόκον
3559 4979 3827 5056 προμηνύει

2286 5082 2638 5153 ἀστρολόγοις
2674 5081 2702 5131 ὁ
2727 5080 2901 5150 ἀστὴρ
2932 5079 3376 5148 ἐπιφαινόμενος.

2355 5177 2472 5230 Νῦν
2501 5180 2532 5246 ἡ
2566 5176 2859 5248 προσδοκία
2879 5175 2986 5228 τῶν
3014 5175 3182 5228 ἐθνῶν
3207 5177 3270 5226 ἐκ
3301 5175 3579 5247 Παρθένου
3602 5171 3828 5245 προέρχε-

2278 5287 2397 5332 ται,
2437 5268 2532 5320 καὶ
2557 5267 2806 5337 Βηθλεὲμ
2834 5269 2931 5338 τὴν
2960 5265 3355 5337 κεκλεισμένην
3383 5267 3660 5334 ὑπανοίγει
3685 5273 3831 5329 xpos-

2289 5365 2470 5436 φόρως
2509 5363 2658 5434 Ἐὁὲμ
2674 5403 2686 5427 ,
2717 5362 2887 5431 Λόγον
2907 5362 3329 5433 σωματούμενον
3347 5359 3734 5431 εἰσδεδεγμένη,
3754 5351 3829 5405 καὶ

2291 5460 2463 5530 φάτνῃ
2495 5458 2658 5529 σαρκὶ
2689 5457 3197 5528 ἐπαναλινόμενον.

2359 5552 2470 5604 Νῦν
2503 5553 2532 5622 ἡ
2565 5550 2944 5622 ἀπολύτρωσις
2984 5550 3141 5622 ἡμῶν
3175 5552 3232 5603 ὲν
3277 5550 3450 5622 φάτνῃ
3494 5545 3828 5603 ἀνακλίνεται,

2289 5647 2378 5698 καὶ
2413 5644 2823 5716 σπαργανοῦται
2852 5644 3041 5716 ὥσπερ
3077 5645 3291 5715 νήπιον,
3339 5645 3434 5697 καὶ
3461 5643 3634 5710 Μάγοι
3662 5637 3833 5690 ἀνατο-

2289 5738 2393 5790 λῶν
2433 5738 2670 5808 βασιλεῖς
2703 5739 2983 5808 ἀςίκοντο,
3009 5737 3200 5792 τοῦτον
3241 5739 3314 5799 ὡς
3351 5736 3483 5792 Θεὸν
3514 5735 3602 5788 καὶ
3631 5726 3826 5802 βασιλέα

2287 5831 2541 5901 τεχθέντα
2590 5832 2684 5884 ἐπὶ
2736 5832 2833 5905 τῆς
2900 5833 3002 5906 γῆς
3052 5831 3271 5905 βλέψαι,
3333 5829 3691 5903 προσκυνῆσαι
3744 5825 3829 5873 συν

2283 5927 2477 5998 δώροις
2513 5926 2739 5991 πιστῶς.
