4052 6306
313 372 452 440 1269

1686 365 2055 428 MARIALE.

3407 361 3541 429 1210

306 485 589 553 ἐπείγεται
643 480 704 535 ἐν
739 478 819 552 τῷ
866 478 1143 552 σπηλαίῳ,
1202 475 1383 548 σάρκα
1428 476 1489 541 ἑξ
1525 474 1710 549 ἀὐτῆς
1756 476 1880 531 καθ’

1984 477 2269 550 spelunca;
2301 478 2395 550 qui
2434 493 2500 535 ex
2530 477 2643 548 ipsa
2675 477 2974 535 secundum
3008 476 3338 533 ineffabilem
3374 478 3547 548 hypo-

307 574 605 631 ὑπόστασιν
659 573 901 643 ἇῤῥητον
968 568 1266 643 ὑπερφυῶς
1334 570 1667 642 φορέσαντα,
1733 568 1883 647 ὅπως

307 666 487 738 Oniten
507 665 570 719 τὸ
587 662 952 734 ἀνθρώπινον.

387 755 683 825 Ῥυόμενος
716 754 846 817 τοὺς
872 750 1101 823 βροτοὺς
1151 751 1181 806 ὁ
1208 750 1501 821 συμπαθὴς
1546 750 1612 804 ἐκ
1641 750 1741 821 τῆς
1782 749 1882 818 ἁγ-

312 848 412 919 νῆς
436 848 681 902 τίκτεται
708 849 767 901 ὲν
815 845 1089 918 Βηθλεὲμ,
1125 843 1419 918 σπάργανα
1475 842 1727 915 καθάπερ
1783 843 1880 916 νή-

308 956 436 995 πιον
461 938 777 1011 δεχόμενος.

386 1030 696 1104 Παρθενίαν
728 1032 866 1102 μετὰ
894 1030 1055 1085 τόκον
1079 1029 1529 1102 ὲσφραγισμόνην
1550 1031 1585 1101 ἡ
1621 1028 1881 1095 Θεοτόκος

309 1125 600 1197 βλιπουσα,
618 1122 816 1195 θάμϐει
834 1122 1179 1193 συσχεθεῖσα,
1203 1141 1222 1175 ι
1242 1121 1464 1191 Τέκνον,
1481 1119 1878 1193 ἀνεκραύγασε,

309 1218 427 1281 πῶς
455 1217 552 1271 νῦν
583 1215 962 1288 σπαρτα-δώσω
986 1231 1069 1281 σε,
1109 1213 1324 1287 ψάμμῳ
1342 1212 1762 1285 σπαργανοῦντα
1781 1211 1882 1287 τὴν

308 1308 614 1378 cauom;
655 1327 677 1361 ι

379 1401 577 1473 Θαῦμα
621 1399 1021 1471 καινοπριπόςί
1066 1398 1132 1454 Ἦ
1187 1398 1467 1473 Παρθένος
1512 1398 1795 1467 ἒπείγεται
1844 1397 1880 1467 ἠ

308 1495 577 1568 ἄχραντος
618 1496 680 1550 ἐν
729 1494 979 1567 σπηλαίῳ
1035 1491 1288 1566 Βηθλεὲμ
1346 1491 1442 1548 τοῦ
1496 1493 1698 1564 κυῆσαι
1748 1491 1883 1546 Θεὸν

309 1588 468 1642 ινανθ
476 1590 832 1661 ρῳπήσαντα.

381 1681 669 1737 Θάλασσαν
695 1683 1109 1754 σπαργανώσας·
1125 1681 1330 1755 ὁμίχλῃ
1356 1680 1657 1751 βουλήματι
1682 1694 1881 1748 κυοφο-

312 1780 491 1851 ρεϊται
511 1778 539 1831 ό
564 1776 806 1847 Κτίστης
840 1778 905 1830 ὲκ
934 1775 1215 1848 Παρθένου
1250 1774 1442 1848 κόρης,
1467 1773 1562 1828 καὶ
1590 1772 1880 1842 σπάργανα

308 1872 499 1943 ὥσπερ
527 1869 732 1943 βρέφος
755 1869 1115 1941 καταδείχεται
1138 1867 1349 1940 κόσμον
1376 1865 1763 1938 λυτρούμενος.

381 2048 578 2118 Χαῖρε,
599 2044 795 2119 χωρίον
816 2044 912 2101 τοῦ
945 2046 1258 2120 ἀχωρητου,
1281 2046 1733 2121 Μητροπάρθενε·
1762 2045 1885 2100 τοῦ-

310 2156 404 2195 τον
429 2141 540 2211 γὰρ
579 2138 919 2212 σαρκοφόρον
973 2138 1189 2211 μέλλεις
1235 2138 1305 2194 δι’
1335 2141 1483 2213 ἡμᾶς
1530 2141 1591 2193 ὲν
1633 2136 1884 2209 σπηλαίῳ

308 2234 536 2297 τίκτειν,
560 2233 820 2305 άχραντε,
844 2230 1325 2305 ἐπανορθούμενον
1365 2232 1477 2288 τῶν
1518 2229 1736 2288 οίκείων
1766 2249 1885 2304 χει-

313 2326 425 2399 ρῶν
449 2324 521 2389 τδν
545 2325 1004 2397 πλαστούργημα.

382 2418 557 2490 Νέφει
608 2417 708 2491 τὴν
760 2418 1019 2474 ἐπίϐασιν
1062 2416 1230 2473 αὐτοῦ
1260 2415 1432 2481 τιθεὶς
1486 2420 1517 2472 ό
1544 2416 1749 2489 Κύριος
1793 2416 1884 2472 διὰ

314 2511 545 2582 νεφέλης
599 2511 733 2582 ἡμῖν
767 2509 1049 2581 Παρθένου
1107 2509 1390 2563 τίκτεσθαι
1435 2511 1677 2582 ἔρχεται,
1729 2511 1882 2577 ὅπως

311 2604 451 2677 λύσῃ
480 2604 588 2658 τῶν
611 2602 800 2675 ψυχῶν
826 2601 986 2674 ἡμῶν
1032 2602 1131 2675 τῆς
1153 2602 1428 2673 ἁμαρτίας
1481 2600 1687 2672 ζοφερά
1721 2602 1882 2673 νέφη.

312 2696 552 2767 βοῶντας
598 2695 750 2768 αὑτῷ
774 2712 791 2729 ο
817 2695 1126 2765 Εὑλογεῖτε,
1162 2694 1344 2751 πάντα
1378 2692 1450 2749 τά
1479 2692 1618 2765 ἔργα
1647 2694 1885 2767 Κυρίου,

308 2791 408 2843 τδν
432 2787 660 2860 Κύριον.

380 2880 627 2952 Φέρουσα
651 2877 743 2934 τὸν
769 2878 1005 2951 φέροντα
1035 2879 1233 2947 πάντα,
1268 2879 1405 2949 πρὸς
1439 2878 1694 2951 Βηθλεὲμ
1722 2877 1882 2951 ἔρχῃ,

315 2974 579 3045 Παρθένε,
607 2973 798 3028 τοῦτον
832 2974 930 3029 καὶ
979 2974 1203 3044 κυῆσαι,
1246 2975 1339 3029 καὶ
1387 2973 1564 3046 φάτνῃ
1606 2989 1884 3044 προσαναο

308 3065 490 3122 κλῖναι
520 3066 778 3133 καθάπερ
803 3066 1023 3137 νήπιον,
1052 3066 1153 3139 τὴν
1180 3066 1291 3120 τῶν
1342 3065 1553 3138 βροτῶν
1599 3064 1884 3119 ἀνάκλισιν

310 3156 678 3230 διαφερόντως
708 3156 1099 3228 ἐργαζόμενον.
1128 3192 1129 3195 η

321 3252 425 3307 Ἐκ
454 3250 562 3305 τοῦ
599 3250 870 3342 κατέκρς.
906 3249 1139 3342 sigriu-
1181 3249 1360 3342 εἰκαίαν
1386 3248 1886 3342 peruertde

692 3319 1112 3387 Ἆναστασιαν,
1164 3319 1353 3388 ἡμέρᾳ
1398 3319 1507 3390 κβ⁹.

381 3427 658 3498 Πτωχεύει
683 3429 713 3481 ό
745 3425 997 3491 πλούσιος
1030 3428 1097 3483 δι’
1136 3428 1543 3499 εὐσπλαγχνίαν
1572 3430 1638 3483 ἐκ
1671 3428 1884 3498 Παρθέ-

310 3537 405 3575 νου
461 3520 799 3591 τικτόμενος⁹
861 3520 1043 3591 Μάγοι
1104 3522 1520 3593 εὐτρεπίζονται
1585 3521 1885 3577 Ἀνατολῶν

310 3609 554 3681 βασιλεῖς
581 3610 771 3667 τοῦτον
798 3610 1099 3667 θεάσασθαι
1119 3612 1352 3679 πιστῶς,
1380 3613 1475 3668 καὶ
1505 3612 1884 3685 προσκυνῆσαι

311 3701 498 3774 σαρκί.

381 3796 561 3869 Ὠφθη
621 3798 654 3853 ό
709 3796 942 3869 ἀόρατος
1018 3795 1151 3860 Θεὸς
1206 3796 1505 3869 ὑπερφυῶς
1539 3796 1880 3866 τικτόμενος,

306 3887 377 3945 δι’
434 3887 841 3961 εὐσπλαγχνίαν
903 3887 1106 3959 πολλὴν
1158 3888 1225 3943 ὲκ
1262 3888 1380 3955 σοῦ,
1432 3880 1880 3963 Παρθενομῆτορ,

309 3983 637 4056 πτωχεύσεις
664 3984 694 4044 ό
714 3981 992 4048 πλούσιος,
1020 3982 1173 4049 ὅπως
1201 3981 1504 4039 ἀθανασίαν
1532 3981 1642 4038 τῶν
1664 3983 1881 4055 ἀνθρὼο

307 4091 428 4130 πων
462 4073 526 4131 τδ
563 4074 721 4140 γένος
750 4072 1053 4148 πλουτήσῃ.

378 4247 546 4318 υῦτος
587 4254 745 4325 μόνος
773 4255 803 4307 ό
858 4254 993 4319 θεὸς
1023 4255 1201 4327 ἡμῶν,
1231 4257 1259 4310 ό
1314 4258 1379 4309 ὲκ
1430 4255 1552 4321 σοῦ,
1611 4256 1877 4331 Παρθένε,

312 4344 489 4415 σάρκα
523 4346 662 4416 ὑπὲρ
698 4346 859 4415 λόγον
915 4346 1133 4417 άληθῶς
1190 4347 1453 4419 φορέσας,
1512 4349 1771 4421 τεχθῆναι
1821 4352 1880 4405 ἐν

305 4434 561 4505 σπηλαίῳ
607 4437 910 4505 ἐπείγεται,
948 4438 1098 4501 ὅπως
1152 4456 1241 4510 με,
1272 4434 1421 4495 οἷκον
1456 4440 1744 4513 γενόμενον
1787 4443 1881 4517 λῃ-

311 4529 472 4593 στῶν,
504 4528 654 4602 δείξῃ
684 4530 811 4583 ναὸν
839 4529 935 4583 τοῦ
969 4530 1116 4585 θείου
1148 4530 1486 4603 Πνεύματος.

332 4690 333 4693 η
392 4622 764 4692 Ἀπειρόγαμε
790 4622 964 4693 Κόρη,
992 4621 1088 4675 τὸν
1116 4625 1183 4694 τῇ
1207 4623 1351 4695 χειρὶ
1382 4627 1617 4697 φέροντα
1656 4627 1878 4682 ἃπασαν

308 4714 407 4785 τὴν
434 4712 631 4779 κτίσιν,
684 4715 743 4767 ἐν
775 4714 961 4789 μήτρα⁸
1008 4715 1194 4784 φέρεις
1239 4717 1634 4788 σαρκούμενον,
1691 4718 1749 4772 ὂν
1783 4720 1880 4774 καὶ

308 4806 623 4876 τικτόμενον
654 4807 960 4870 ὰνακλινεῖς
993 4807 1053 4859 ὲν
1076 4810 1144 4880 τῇ
1168 4809 1346 4881 φάτνῃ
1378 4809 1578 4882 βρέφος
1628 4811 1878 4885 καθορῶ-

311 4915 472 4969 μενον
494 4899 586 4953 τὸν
613 4899 960 4969 προαιώνιον.

390 4991 605 5061 Ῥήσεις
628 4990 729 5063 ήδη
768 4991 1157 5062 πεπλήρωνται
1184 4992 1292 5045 τῶν
1338 4994 1789 5066 προφητευόντων
1815 4998 1874 5051 ἐν

306 5082 435 5154 θείῳ
460 5084 739 5154 Πνεῦματι
764 5099 780 5115 ο
806 5084 839 5154 ή
868 5084 1141 5153 Παρθένος
1162 5084 1270 5155 γὰρ
1316 5084 1596 5154 ἐπείγεται
1626 5088 1684 5141 ὲν
1736 5105 1877 5162 σπη-

305 5175 442 5246 λαίῳ
472 5177 679 5231 τίκτειν
702 5176 795 5231 τὸν
823 5177 1155 5230 παντέλειον,

376 5268 719 5340 Σαρκοφόρος
750 5270 1079 5342 προέρχεται
1109 5273 1171 5324 ἐκ
1198 5270 1297 5341 σῆς
1321 5274 1639 5346 φωτοφόρου
1659 5275 1873 5347 νηδύος,

308 5358 567 5429 ἄχραντε,
602 5363 863 5428 Βασιλεὺς
886 5366 915 5417 ό
943 5364 1285 5436 ἐπουράνιος,
1316 5364 1392 5429 ὡς
1416 5366 1475 5419 ὲν
1499 5368 1674 5441 θρόνῳ
1698 5372 1875 5443 φάτνῃ

308 5453 597 5521 προσκλινὸ
606 5473 784 5524 μενος.

377 5541 491 5635 Νῦν
523 5538 687 5615 ἦλθεν
719 5548 800 5635 εἰς
828 5550 893 5603 τὰ
926 5550 1053 5617 ἴδια,
1084 5552 1140 5604 ἐν
1167 5550 1305 5622 ξένῳ
1341 5550 1546 5623 τοκετῷ
1581 5551 1753 5621 Λόγος
1778 5553 1872 5606 τοῦ

310 5633 535 5722 Πατρός
578 5633 1002 5711 σωματούμενος
1055 5646 1119 5698 ὲκ
1161 5646 1259 5717 τῆς
1289 5646 1591 5719 Παρθένου,
1650 5648 1744 5702 καὶ
1796 5646 1873 5711 ὡς

306 5728 499 5799 νήπιον
539 5729 735 5799 ὁρᾶται
765 5731 824 5784 ὲν
845 5734 1095 5808 σπηλαίῳ
1126 5738 1195 5795 δι’
1224 5741 1402 5813 ἄκραν
1436 5741 1868 5813 εὐσπλαγχνίαν.

1983 572 2175 638 stasiu,
2196 585 2439 636 carnem,
2469 580 2728 640 tanquam
2760 577 2962 625 vestem
3001 583 3164 639 supra
3199 578 3408 623 naturae
3437 582 3555 623 mo-

1982 661 2135 728 dum,
2167 663 2395 734 accepit,
2428 672 2488 717 ut
2514 663 2794 718 deificaret
2823 677 2997 731 genus
3027 661 3348 724 humanum.

2052 754 2123 813 Ut
2145 757 2394 813 homines
2422 757 2696 824 liberaret,
2731 757 2874 813 Deus
2895 756 2983 812 ille
3016 756 3299 827 piissimus
3325 770 3392 810 ex
3421 752 3551 809 Vir—

1982 848 2108 919 gine
2130 859 2277 904 casta
2304 847 2467 921 242
2499 850 2744 904 nascitur
2773 850 2827 903 in
2862 849 3161 911 Bethleem,
3200 856 3253 902 et
3292 855 3549 918 tanquam

1983 942 2167 997 infans
2193 941 2387 1011 recipit
2417 938 2639 998 fascias.

2053 1032 2191 1089 Cum
2217 1032 2447 1105 Deipara
2478 1033 2845 1105 virginitatem
2882 1047 3037 1089 suam
3081 1042 3205 1104 post
3234 1041 3450 1104 partum
3478 1034 3552 1090 si-

1982 1125 2223 1197 gillatam
2274 1126 2503 1192 videret,
2546 1136 2770 1196 stupore
2812 1134 3089 1195 correpta,
3139 1124 3454 1182 clamabat:
3506 1131 3550 1180 υ

1980 1216 2106 1286 Fili,
2155 1219 2430 1291 quomodo
2475 1234 2624 1275 nunc
2667 1217 2854 1275 fasciis
2898 1227 2949 1274 te
2978 1218 3276 1288 involvam,
3309 1220 3404 1292 qui
3432 1228 3553 1275 tan-

1980 1329 2146 1387 quam
2179 1314 2386 1381 fasciis,
2408 1314 2760 1370 arenismare
2794 1311 3140 1370 circumdas?

2051 1405 2099 1463 0
2152 1422 2352 1464 novum
2402 1406 2762 1463 miraculum!
2816 1404 2986 1477 Virgo
3036 1404 3298 1462 inviolata
3333 1402 3557 1461 festinat

1982 1513 2174 1570 parere
2202 1498 2255 1553 in
2285 1500 2545 1570 spelunca
2589 1496 2995 1555 Bethleemitica
3050 1497 3218 1554 Deum
3269 1498 3549 1554 hominem

1983 1590 2209 1647 factum.
2534 1603 2552 1617 '

2016 1668 2019 1671 ⁷
2052 1679 2160 1748 Qui
2204 1690 2340 1736 nutu
2386 1679 2687 1738 voluntatis
2718 1696 2832 1737 suae
2862 1697 3033 1746 mare.
3063 1691 3327 1753 tanquam
3362 1682 3553 1749 fascia,

1983 1774 2181 1830 nebula
2229 1774 2557 1841 circumdat,
2610 1791 2734 1831 cum
2776 1775 2848 1831 sit
2885 1774 3151 1843 Creator,
3206 1775 3447 1832 nascitur
3487 1791 3554 1830 ex

1909 1838 1953 1896 Β
1988 1863 2209 1937 Virgine
2248 1865 2448 1937 puclla,
2497 1838 2554 1923 et
2583 1865 2783 1923 fascias
2825 1876 3083 1937 tanquam
3124 1838 3307 1923 infans
3340 1864 3552 1937 recipit,

1984 1966 2044 2014 ut
2082 1957 2316 2013 redimat
2336 1957 2620 2013 mundum.

2057 2052 2241 2116 Salve,
2272 2065 2306 2107 o
2339 2048 2510 2123 Virgo
2538 2049 2731 2111 Mater.
2763 2050 3166 2120 receptaculum
3192 2049 3360 2113 illius,
3390 2063 3552 2121 quem

1985 2142 2120 2197 nihil
2152 2156 2348 2212 capere
2390 2150 2590 2211 potest.
2637 2138 2797 2195 Hunc
2839 2147 2918 2206 tu,
2952 2154 2986 2196 o
3018 2139 3299 2204 inviolata,
3340 2138 3394 2194 in
3429 2151 3558 2208 spe-

1983 2234 2144 2291 lunca
2191 2233 2432 2306 paritura
2478 2247 2538 2288 es
2581 2232 2923 2287 incarnatum
2957 2242 3179 2303 propter
3214 2245 3336 2295 nos,
3372 2239 3430 2285 ut
3459 2245 3556 2301 re-

1982 2334 2192 2385 stauret
2223 2338 2361 2398 opus
2386 2339 2646 2381 manuum
2673 2339 2924 2381 suarum.

2053 2418 2336 2481 Dominus,
2363 2417 2457 2490 qui
2486 2417 2636 2488 ponit
2667 2417 2872 2473 nubem
2912 2431 3207 2473 ascensum
3242 2430 3426 2481 suum,
3461 2428 3561 2486 per

1982 2514 2185 2570 nubem
2217 2510 2456 2584 Virginis
2487 2510 2635 2567 venit
2666 2509 2735 2566 ad
2770 2525 2868 2567 nos
2913 2510 3229 2567 nasciturus
3256 2526 3323 2565 ex
3356 2509 3465 2573 illa,
3500 2519 3560 2563 ut

1983 2606 2409 2663 obscurissimas
2454 2606 2662 2675 peccati
2698 2604 2868 2661 nubes
2900 2603 3207 2659 animarum
3240 2588 3554 2659 nostrarum

1984 2699 2239 2769 dissipet,
2273 2698 2402 2754 dum
2432 2698 2612 2756 eidem
2643 2698 2976 2755 clamamus:
3007 2696 3340 2763 Benedicite,
3373 2698 3554 2751 omnia

1984 2808 2151 2865 Opera
2178 2792 2419 2857 Domini,
2456 2792 2770 2856 Dominum,
2796 2799 2903 2848 etc.

2057 2885 2262 2943 Ferens
2303 2884 2566 2942 ferentem
2612 2885 2820 2952 omnia,
2879 2885 2946 2941 ad
2986 2884 3263 2941 Bethleem
3304 2886 3479 2950 venis,
3524 2898 3559 2937 ο

1986 2981 2174 3052 Virgo,
2206 2979 2281 3035 ibi
2322 2978 2574 3035 eumdem
2605 2979 2869 3049 paritura,
2904 2985 2958 3033 et
2996 2986 3256 3048 tanquam
3290 2975 3555 3031 infantem

1986 3074 2343 3139 reclinatura,
2385 3079 2447 3128 ut
2480 3071 2763 3127 hominum
2797 3071 3199 3128 revocationem
3235 3069 3559 3127 mirabiliter

1909 3184 1957 3247 ε
1985 3174 2264 3238 Operetur.

2684 3258 2816 3326 festo
2846 3254 2907 3313 S.
2943 3256 3243 3313 Andalusia
3285 3255 3557 3327 martyris,

2668 3330 2756 3384 die
2785 3327 2878 3383 22.

2058 3440 2330 3509 Hendicat
2368 3440 2456 3496 ille
2497 3439 2589 3511 qui
2622 3438 2773 3495 dives
2803 3446 2908 3505 est,
2934 3444 3157 3509 propter
3193 3450 3350 3492 suam
3390 3437 3559 3493 misc-

1985 3534 2277 3590 rirorJiam
2327 3548 2357 3589 e
2381 3531 2606 3603 Virgine
2646 3540 2845 3587 natus:
2881 3544 3034 3601 reges
3074 3527 3211 3601 Magi
3254 3529 3558 3584 discessum

1987 3639 2296 3699 praeparant
2334 3628 2405 3683 ab
2467 3627 2710 3692 Oriente,
2743 3635 2804 3682 ut
2837 3624 2988 3681 illum
3029 3623 3345 3681 intueantur
3380 3624 3560 3679 incar-

1984 3729 2197 3785 nalum,
2231 3731 2281 3776 et
2306 3721 2538 3776 fideliter
2571 3722 2821 3775 adorent.

2055 3811 2323 3882 Apparuit
2358 3811 2502 3867 Deus
2537 3810 2631 3881 qni
2661 3821 2777 3866 erat
2808 3808 3124 3873 invisibilis,
3162 3824 3328 3879 supra
3360 3808 3559 3863 huma-

1986 3919 2115 3959 num
2151 3919 2357 3960 morem
2395 3913 2557 3961 natus
2596 3919 2662 3959 ex
2697 3914 2768 3968 te,
2815 3917 2849 3956 ο
2902 3902 3067 3975 Virgo
3116 3902 3305 3968 Mater,
3340 3912 3559 3972 propter

1985 3999 2213 4053 multam
2246 3998 2679 4054 miscricordiam
2719 3996 2880 4069 243
2911 4011 3089 4059 suam,
3125 4011 3332 4067 pauper
3377 3995 3556 4053 factus

1983 4082 2077 4153 qui
2112 4093 2232 4140 erat
2258 4084 2435 4150 dives,
2486 4092 2548 4140 ut
2580 4084 2995 4145 immortalitate
3044 4085 3345 4141 humanum
3384 4101 3557 4157 genus

1981 4174 2195 4231 ditarct.

2055 4265 2154 4324 llic
2196 4268 2351 4324 solus
2384 4266 2528 4324 Deus
2562 4275 2770 4334 noster,
2806 4268 2901 4340 qui
2931 4283 2997 4323 cx
3036 4277 3106 4333 te.
3140 4284 3173 4325 o
3204 4267 3389 4341 Virgo,
3430 4283 3558 4323 vera

1981 4378 2149 4420 carne
2176 4360 2520 4419 ineﬁ‘abiliter
2560 4361 2805 4426 indutus,
2843 4360 2897 4416 in
2929 4360 3186 4432 spelunca
3219 4360 3369 4416 nasci
3406 4361 3557 4415 festio

1982 4466 2097 4521 nat,
2123 4464 2182 4511 ut
2205 4470 2311 4520 me,
2343 4455 2657 4524 speiuncam
2686 4452 2961 4509 latronum
2988 4452 3264 4513 effectum,
3295 4453 3555 4523 templum

1981 4551 2149 4606 divini
2178 4550 2415 4620 Spiritus
2439 4548 2659 4603 eﬂiciat.

1988 3258 2074 3313 Ea:
2111 3273 2310 3313 canone
2339 3258 2539 3329 duplici
2582 3260 2637 3312 in

2052 4643 2097 4698 0
2132 4642 2307 4712 puella
2343 4641 2444 4695 viri
2497 4638 2704 4703 nescia,
2742 4637 2851 4694 fers
2905 4640 3249 4695 incarnatum
3302 4639 3357 4693 iu
3400 4648 3557 4695 utero
3660 4714 3662 4717 τ

1982 4745 2078 4791 tuo
2128 4734 2281 4788 illum
2333 4730 2427 4801 qui
2493 4730 2801 4785 universam
2857 4727 2966 4783 fert
3013 4736 3351 4793 creaturam;
3391 4742 3554 4798 quem

1982 4830 2148 4884 etiam
2179 4840 2246 4879 ex
2288 4834 2339 4877 te
2373 4831 2561 4877 natum
2596 4821 2651 4877 in
2684 4822 2952 4891 prtescpio
2990 4820 3252 4885 reclinas;
3294 4828 3349 4876 et
3379 4820 3557 4876 cerni-

1986 4931 2072 4977 tur
2101 4928 2161 4975 ut
2194 4917 2398 4980 infans,
2437 4915 2525 4969 ille
2556 4914 2648 4984 qui
2684 4922 2769 4969 est
2804 4925 2929 4969 ante
2957 4913 3174 4969 stecuin.

2050 5012 2170 5069 Jam
2203 5010 2470 5081 completa
2504 5015 2631 5064 sunt
2670 5007 2830 5063 verba
2846 5021 3072 5075 eorum,
3109 5005 3201 5076 qui
3254 5006 3308 5060 in
3345 5004 3556 5075 Spiritu

1983 5115 2174 5160 sancto
2209 5103 2712 5174 prnphetaverunt:
2760 5097 2925 5171 Virgo
2973 5097 3121 5154 enim
3154 5095 3423 5153 accelerat
3462 5111 3558 5168 pa-

1987 5212 2104 5254 rcre
2136 5198 2188 5251 in
2221 5196 2474 5265 spelunca
2506 5192 2970 5263 perfectissimum
3007 5190 3201 5247 Deum.

2057 5291 2127 5345 lix
2174 5299 2327 5343 utero
2369 5296 2463 5341 tuo
2503 5284 2730 5341 lucifero
2774 5286 3022 5356 procedit
3074 5288 3392 5339 incarnatus
3438 5282 3552 5338 [lex

1985 5383 2242 5447 caelestis,
2283 5400 2315 5437 ο
2358 5380 2640 5446 inviolata,
2692 5379 2829 5435 etin
2880 5376 3143 5448 praesepio
3187 5384 3449 5447 tanquam
3500 5375 3554 5430 in

1982 5477 2185 5531 throno
2215 5474 2535 5531 reclinatur.

2053 5565 2210 5623 Nunc
2234 5566 2286 5621 in
2311 5563 2529 5635 propria
2558 5574 2703 5619 venit
2725 5578 2866 5617 novo
2895 5570 3055 5633 partu
3078 5559 3284 5616 editum
3312 5556 3551 5614 Verbum

1981 5651 2161 5709 Patris
2196 5656 2537 5708 inearnatuut
2586 5667 2651 5707 ex
2685 5653 2940 5723 Virgine;
2977 5663 3031 5706 et
3072 5659 3331 5720 tanquam
3373 5647 3556 5705 infans

1983 5747 2222 5802 cernitur
2264 5746 2318 5801 in
2356 5746 2615 5817 spelunca
2664 5761 2882 5818 propter
2928 5758 3200 5801 summam
3236 5740 3551 5800 misericor-

1982 5838 2124 5893 diam
2154 5853 2326 5893 suam.
