4052 6306
615 325 751 391 1283

612 535 919 598 intuereris,
956 548 989 586 o
1037 531 1198 601 Virgo
1252 540 1422 594 casta,
1467 545 1573 584 non
1625 529 1912 583 habentem
1944 528 2179 598 speciem

613 643 788 697 neque
819 626 1097 689 decorem,
1154 623 1504 678 exclamahas
1549 637 1737 677 amare
1790 622 2005 692 ejulans
2037 638 2052 675 :
2087 619 2180 673 Hei

615 721 768 785 mihi,
798 719 1077 789 quomodo
1111 717 1338 786 pateris,
1382 733 1415 770 0
1444 714 1568 780 Fili,
1624 716 1717 785 qui
1743 714 1898 784 cupis
1932 729 2123 770 omnes
2152 728 2182 767 a

614 813 967 884 passionibns
1004 809 1267 864 liberari?

707 905 948 971 njustam
1008 903 1281 971 aspiciens
1356 912 1585 956 mortem
1663 899 1908 956 Genitrix
1973 909 2085 961 tua,
2153 914 2186 955 ο

611 994 855 1060 Christe,
895 1010 1022 1049 cum
1048 994 1234 1048 dolore
1264 993 1330 1046 ad
1370 1003 1421 1046 te
1447 991 1719 1046 clamabat
1753 1008 1767 1046 :
1803 992 1842 1044 0
1878 990 2000 1055 Fili,
2023 991 2184 1060 judex

609 1087 777 1155 juste,
832 1086 1108 1155 quomodo
1145 1083 1349 1154 injuste
1379 1084 1664 1154 judicaris,
1712 1098 1836 1137 cum
1883 1084 1999 1152 ipse
2056 1081 2187 1136 velis

611 1176 762 1246 justo
786 1175 999 1244 judicio
1029 1174 1317 1228 absolvere
1345 1187 1442 1228 eos
1471 1174 1562 1240 qui
1597 1176 1668 1226 ob
1693 1173 1978 1243 pristinam
2010 1182 2188 1226 trans-

614 1268 951 1338 gressionem
1006 1267 1354 1321 condemnati
1417 1266 1634 1319 fuerant
1681 1273 1736 1320 et
1791 1265 1844 1318 in
1881 1263 2190 1333 corruptio-

618 1376 741 1416 nem
773 1360 1126 1428 Ceciderunt?

635 1486 643 1492 -
686 1452 919 1523 Stupore
944 1453 1196 1522 perculsa
1240 1452 1562 1507 turbabatur
1591 1451 1961 1514 immaculata,
2000 1451 2191 1506 videns

614 1546 893 1602 Christum
963 1546 1267 1600 voluntarie
1331 1553 1386 1599 et
1461 1546 1579 1600 sine
1645 1545 1866 1613 querela
1936 1545 1989 1597 in
2030 1559 2194 1598 cruce

615 1640 946 1704 exaltatum;
984 1648 1038 1692 et
1076 1639 1209 1692 [iens
1228 1638 1566 1692 exclamabat
1601 1654 1615 1690 :
1645 1635 1745 1691 Fili
1774 1636 1866 1698 mi,
1898 1652 1961 1690 ac
2004 1636 2142 1691 Deus
2177 1653 2190 1691 :

613 1731 830 1786 dolores
894 1732 950 1786 in
1000 1741 1157 1799 partu
1213 1745 1321 1784 non
1405 1746 1696 1800 perpessa,
1761 1731 1979 1785 dolores
2052 1744 2196 1784 nunc

615 1823 881 1887 sustineo,
905 1823 1034 1877 dum
1068 1834 1124 1878 tu
1154 1824 1223 1878 ab
1264 1823 1466 1892 iniquis
1499 1824 1698 1892 injuste
1731 1824 2085 1893 crueiligeris.
2115 1841 2128 1856 ο

683 1914 1107 1970 Crucilixionem
1133 1926 1281 1970 tuam
1315 1916 1610 1985 aspiciens,
1650 1915 1958 1971 castissima
2013 1913 2193 1968 excla-

616 2009 797 2065 mabat
819 2028 834 2063 :
854 2010 1015 2080 252
1042 2010 1181 2074 Quid
1197 2021 1283 2065 est
1303 2011 1424 2076 hoc,
1453 2009 1577 2071 Fili,
1601 2009 1744 2079 quod
1770 2007 2188 2063 video?Novum

617 2117 951 2173 prorsusque
983 2103 1283 2156 inauditum
1321 2103 1725 2171 spectaculum!
1759 2099 1861 2165 Tu,
1903 2102 1993 2170 qui
2037 2101 2190 2156 inlir-

618 2209 832 2249 morum
895 2196 1242 2264 passionibus
1288 2196 1546 2259 mederis,
1577 2194 1854 2264 quomodo
1885 2195 2189 2262 passionem

617 2300 844 2354 prorsus
900 2301 1092 2341 novam
1145 2297 1307 2357 atque
1364 2287 1679 2341 inusitatam
1732 2287 2010 2341 sustines?
2050 2286 2190 2352 Quid

615 2375 712 2430 tibi
771 2377 977 2431 inimici
1024 2376 1102 2430 tui
1162 2379 1558 2442 retribuernnt,
1611 2393 1643 2432 o
1695 2377 2028 2445 benefactor,
2090 2392 2188 2448 pro

619 2467 897 2524 beneﬁciis
921 2485 1044 2539 qua:
1075 2484 1102 2522 a
1139 2479 1190 2524 te
1218 2470 1587 2538 acceperunt?

688 2559 778 2614 ille
815 2575 977 2629 quem
1015 2561 1301 2630 peperisti,
1336 2576 1369 2616 o
1403 2562 1584 2632 Virgo,
1621 2561 1872 2617 mirando
1899 2563 2061 2617 modo
2089 2577 2190 2617 δαε-

616 2653 737 2706 cula
772 2653 1000 2723 peperit,
1033 2663 1088 2708 et
1113 2655 1387 2710 exaltatus
1423 2656 1478 2709 in
1508 2670 1695 2720 cruce,
1727 2671 1821 2710 eos
1860 2657 1951 2726 qui
1983 2657 2190 2711 cecide-

617 2754 743 2802 rant
775 2747 941 2802 simul
977 2763 1162 2803 securn
1200 2749 1479 2817 exultavit,
1515 2749 1752 2820 coelique
1790 2748 1938 2805 cives
1990 2750 2186 2817 effecit,

615 2838 920 2891 clamantes
956 2857 970 2893 :
1019 2837 1353 2896 Benedictus
1393 2856 1474 2909 es,
1526 2840 1668 2896 Deus
1705 2851 1918 2912 patrum
1969 2854 2188 2898 nostro-

617 2948 764 2997 rum,
793 2942 900 2986 etc.

689 3022 856 3094 Virgo
896 3025 1144 3096 innupta,
1167 3042 1291 3081 cum
1325 3043 1433 3097 qua
1469 3037 1737 3084 creatum
1765 3046 1955 3086 omnes
1996 3039 2046 3085 te
2074 3031 2188 3102 glo-

621 3116 842 3172 rilieant
870 3118 924 3171 in
954 3118 1179 3184 saecula,
1201 3135 1326 3174 cum
1357 3121 1564 3176 videret
1599 3132 1675 3189 te,
1701 3123 1830 3179 Jesu
1858 3124 2187 3195 Redemptor

619 3209 889 3275 omnium,
947 3212 1075 3266 olim
1119 3214 1170 3268 in
1217 3230 1379 3270 cruce
1421 3217 1746 3285 exaltatum,
1789 3220 2130 3275 exclaumhat
2172 3239 2186 3276 :

617 3304 709 3358 ubi
740 3304 971 3374 pOpulus
1001 3305 1285 3376 insipiens,
1316 3308 1410 3380 qui
1459 3319 1511 3365 te
1557 3311 1625 3364 ad
1681 3314 2014 3366 iracundiam
2062 3328 2192 3382 pro-

619 3397 860 3463 vocavit,
891 3399 1132 3468 suscepit
1154 3407 1206 3454 te
1238 3409 1296 3454 ut
1325 3401 1559 3455 elevaret
1598 3416 1628 3454 a
1662 3413 1804 3457 terra
1833 3420 1846 3456 :
1880 3407 2100 3471 Abstine
2128 3403 2194 3458 li-

617 3487 765 3542 beris
796 3488 938 3542 facta
956 3503 1103 3553 sum,
1128 3500 1181 3544 et
1205 3489 1392 3545 animo
1419 3505 1789 3557 commoveor,
1810 3493 2196 3564 maternusque

618 3582 774 3635 dolor
815 3581 1116 3637 discruciat
1139 3597 1234 3636 cor
1268 3601 1473 3639 meum.

697 3673 936 3753 Verbum
979 3685 1278 3730 amatorem
1331 3679 1636 3742 hominum,
1667 3680 1814 3751 quod
1850 3678 2197 3734 inell‘abiliter

619 3780 941 3836 peperat-as,
967 3782 1091 3820 cum
1124 3770 1236 3837 pati
1266 3787 1363 3840 pro
1404 3771 1721 3829 hominibus
1769 3773 2073 3828 voluntarie
2113 3774 2195 3827 vi-

618 3859 799 3925 deres,
832 3859 1200 3928 exclamabas,
1248 3877 1281 3916 ο
1319 3862 1479 3932 Virgo
1519 3881 1532 3916 :
1564 3863 1705 3931 Quid
1755 3874 1841 3919 est
1889 3865 2022 3920 hoc?
2056 3866 2196 3919 Deus

620 3949 976 4020 impassihilis
1027 3953 1260 4009 sustinet
1316 3956 1651 4023 passionem,
1689 3967 1750 4012 ut
1781 3972 1812 4012 a
1845 3957 2195 4028 passionibus

621 4045 817 4101 liberet
847 4047 942 4102 eos
970 4047 1063 4118 qui
1095 4063 1154 4104 se
1177 4049 1404 4106 ﬁdeliter
1438 4052 1689 4106 adorant.

868 4172 956 4228 Ea:
985 4192 1184 4230 canone
1225 4176 1376 4248 feria:
1408 4177 1463 4245 5,
1497 4179 1564 4232 ad
1598 4179 1945 4234 Matutinum.

695 4303 897 4360 Mentis
920 4321 1056 4360 mea!
1087 4306 1459 4363 obscuritates
1488 4307 1664 4371 aufer,
1696 4325 1729 4363 ο
1770 4309 2082 4379 purissima,
2115 4310 2197 4365 lu-

625 4396 773 4452 mine
804 4407 920 4465 tuo,
952 4407 1005 4453 et
1032 4414 1060 4453 a
1088 4400 1327 4456 tenebris
1353 4401 1573 4454 aeternis
1603 4402 1753 4472 eripe
1776 4418 1883 4468 me,
1914 4414 1970 4456 ut
1999 4419 2193 4473 perpe-

624 4484 732 4536 tuis
765 4484 1016 4540 laudibus
1041 4497 1254 4540 cantem
1285 4487 1553 4556 magnalia
1574 4495 1684 4541 tua.

695 4575 892 4632 Libera
926 4593 1035 4641 me,
1065 4595 1097 4632 ο
1131 4580 1514 4643 mundissima,
1565 4580 1631 4634 ab
1669 4580 1816 4635 omni
1846 4583 2193 4647 adversitate,

623 4672 991 4741 plurimisque
1021 4675 1292 4742 serpentis
1320 4673 1614 4735 scandalis,
1645 4683 1806 4742 atque
1858 4675 1924 4729 ab
1970 4675 2092 4746 igne
2122 4684 2199 4730 te-

625 4765 924 4836 nebrisque
953 4767 1194 4831 aeternis,
1224 4782 1347 4836 qua:
1377 4766 1688 4822 hominibus
1711 4769 1885 4822 lucem
1920 4783 2197 4838 nunquam

619 4858 960 4914 Occidentem
999 4860 1278 4929 peperisti.

692 4952 922 5006 Αίῐιτιῑυε
956 4953 1224 5021 propheta
1273 4951 1479 5022 Spiritu
1531 4962 1742 5017 sancto,
1806 4952 2095 5024 descripsit
2145 4966 2199 5009 te

623 5045 752 5096 olim
787 5054 1022 5096 montem
1052 5042 1392 5106 umbrosum,
1431 5061 1464 5097 o
1487 5054 1634 5097 casta
1667 5044 1916 5114 Deipara,
1949 5061 2067 5114 quas
2101 5046 2199 5099 ho-

622 5138 797 5191 mines
835 5135 1133 5187 multorum
1182 5146 1534 5201 peccatorum
1590 5135 1808 5191 ilarnma
1871 5140 2196 5208 liquefactos

620 5244 718 5295 per
757 5237 879 5282 tuas
914 5227 1327 5296 acceptissimus
1371 5229 1793 5286 intercessiones
1833 5248 1978 5285 nunc
2008 5234 2196 5286 umbra

620 5321 808 5390 gratiae
843 5320 1136 5376 rcfncillas.

691 5415 852 5485 253
903 5412 947 5468 Ο
982 5412 1076 5468 Dei
1127 5417 1296 5486 gratia
1339 5416 1651 5484 plenissima
1695 5417 1893 5488 puella,
1939 5419 2196 5488 templum

621 5512 826 5565 Christi
876 5510 1361 5580 lulgentissimum,
1430 5513 1914 5567 intercessionibus
1965 5515 2072 5565 tuis
2115 5512 2198 5564 fac

621 5622 723 5659 nos
762 5621 856 5675 per
905 5607 1044 5659 bona
1080 5620 1242 5673 opera
1281 5615 1463 5659 nostra
1499 5607 1688 5660 domos
1722 5606 1920 5672 Patris,
1971 5618 2021 5660 ct
2050 5603 2193 5668 Filii,

621 5713 674 5753 et
712 5700 948 5770 Spiritus
979 5700 1179 5753 sancti.

693 5794 959 5863 Mugnalia
999 5793 1128 5848 facit
1164 5793 1262 5847 tibi
1293 5794 1565 5863 Christus,
1590 5813 1622 5852 o
1659 5797 1823 5869 Virgo
1855 5798 1961 5852 Deo
2000 5798 2196 5868 gratis-

1729 322 1790 381 S.
1834 316 2150 381 JOSEPHI
2189 313 2749 376 HYMNOGRAPHI

681 444 843 509 Cum,
871 451 1115 512 tempore.
1143 439 1438 511 passionis,
1482 440 1792 508 Speciosum
1829 438 1983 491 illum
2009 436 2182 489 forma
2215 448 2256 497 Α

3740 316 3860 378 1284

2361 433 2504 502 Ὥρα
2563 433 2633 501 τῇ
2716 429 2811 482 τοῦ
2875 429 3082 494 πάθους
3143 431 3235 485 τὸν
3293 430 3505 504 ὡρατον
3573 431 3635 486 ἐν
3693 435 3862 491 κάλλει

2285 522 2636 592 εἰσδλὲῲασα,
2681 520 2840 587 εἶδος,
2879 523 3144 594 Παρθένε,
3190 523 3312 576 οὐδὲ
3343 524 3551 587 κάλλος
3596 530 3857 597 κεκτημέ-

2285 635 2394 678 νον,
2427 616 2586 678 ἐϐόας
2622 615 2853 685 πικρῶς,
2894 615 3052 686 ἁγνὴ,
3085 615 3433 680 ἀλαλάζουσαι
3464 633 3481 648 ⁸
3518 615 3592 671 Ol
3617 620 3732 688 put!
3761 620 3862 686 πῶς

2291 709 2541 778 πάσχεις,
2574 708 2687 774 Υἱὲ,
2733 709 2798 760 ὲκ
2831 707 3023 762 παθῶν
3067 710 3277 771 πάντας
3322 709 3508 763 θέλων
3561 709 3850 774 (adnabat!

2355 895 2467 964 Τὴν
2488 895 2671 950 ἄδικον
2689 894 2932 965 βλέψασα
2957 897 3197 966 σφαγὴν,
3217 895 3450 965 Χριστὲ,
3477 896 3514 966 ὴ
3550 894 3611 947 σὲ
3638 898 3859 966 κυήσασα

2288 987 2589 1058 ὀδυρομένη
2630 988 2829 1042 ἀνεϐόα
2878 1005 2999 1042 σοι·
3047 991 3400 1060 Δικαιοκρίτα
3434 987 3565 1053 Υἱὲ,
3619 989 3732 1055 πῶς
3761 992 3853 1045 dii-

2291 1098 2400 1142 κως
2449 1080 2726 1151 κέκρισαι,
2765 1081 2934 1135 Θέλων
2968 1082 3216 1137 δικαιοῦν
3260 1084 3390 1146 τοὺς
3430 1084 3750 1154 παραϐάσει
3778 1103 3854 1139 κα-

2290 1170 2649 1241 τακριθέντας
2697 1172 2759 1225 τὸ
2800 1173 2928 1245 πρὶν
2959 1173 3054 1227 καὶ
3089 1174 3226 1244 πρὸς
3268 1175 3369 1245 τὴν
3401 1173 3628 1246 φθορὰν
3669 1176 3850 1248 ὀλισθή-

2295 1280 2495 1324 σαντας
2518 1281 2533 1330 ;

2361 1449 2668 1520 Θαμσεῖται
2723 1453 2782 1504 ἐν
2830 1451 2972 1520 ξύλῳ
3027 1452 3210 1522 ὁρῶσα
3273 1452 3526 1522 Χριστὸν
3599 1454 3845 1524 ὖᾲωθὲντα

2297 1542 2548 1614 βουλήσει
2579 1543 2674 1596 καὶ
2703 1543 3029 1613 ἀμέμπτως,
3071 1545 3166 1598 καὶ
3221 1544 3492 1598 κλαίουσα
3517 1546 3842 1616 ὲκραύγαζεν·

2298 1635 2389 1688 Υἱέ
2429 1652 2529 1705 μου
2555 1636 2646 1689 καὶ
2668 1636 2791 1700 Θεὲ,
2818 1634 3011 1698 ὠδῖνας
3041 1637 3098 1688 ὲν
3141 1635 3219 1706 τῷ
3257 1636 3470 1690 τίκτειν
3510 1639 3592 1710 μὴ
3627 1640 3832 1702 λαϐοῦσι,

2297 1724 2391 1778 νῦν
2425 1726 2619 1790 ὠδῖνας
2659 1726 2942 1799 ὑπομένω,
2989 1727 3189 1791 ἀδίκως
3223 1727 3324 1780 ὑπὸ
3351 1729 3583 1800 ἀνόμων
3622 1747 3829 1802 σταυρω-

2301 1817 2463 1885 μὲνου
2496 1835 2588 1873 σου
2599 1860 2612 1874 .

2363 1909 2676 1980 Σταύρωσιν
2707 1910 2806 1983 τὴν
2843 1911 2943 1982 σὴν
2975 1913 3008 1981 ή
3050 1914 3325 1980 πάναγνος
3369 1911 3679 1984 βλέπουσα,
3724 1916 3839 1971 ἐῆὁί·

2297 2000 2417 2066 Υἱὲ,
2449 2002 2504 2053 τί
2542 2003 2601 2055 τὸ
2637 2003 2915 2074 ὁρώμενον
2956 2005 3105 2071 ξένον
3145 2005 3356 2077 Θέαμα;
3407 2007 3472 2062 '0
3502 2009 3572 2064 τὰ
3613 2011 3750 2080 πάθη
3781 2027 3840 2063 νιμ

2301 2095 2537 2148 σούντιυν
2587 2095 2834 2165 ἰώμενος,
2874 2097 2992 2160 πῶς
3027 2097 3088 2150 τὸ
3131 2099 3304 2162 πάθος
3335 2098 3636 2172 ὑπομένεις
3663 2103 3720 2154 τὸ
3743 2120 3833 2154 και·

2296 2187 2546 2254 νότατονς
2581 2188 2633 2240 τί
2662 2205 2744 2242 σοι
2773 2189 2819 2241 o!
2851 2188 3037 2260 ἐχθροὶ
3073 2189 3389 2257 ἀπέδωκαν,
3433 2193 3711 2265 εὐεργέτει,
3744 2191 3834 2249 ἀνθ’

2295 2271 2368 2331 ὧν
2387 2278 2816 2349 εὐηργέτηνταις

2379 2557 2438 2610 '0
2483 2556 2640 2619 τόκος
2681 2574 2802 2622 σου,
2848 2557 3112 2628 Παρθένε,
3150 2558 3276 2623 τοὺς
3319 2560 3518 2626 αἰῶνας
3547 2562 3822 2633 παραδόξως

2297 2648 2465 2714 ἕτεξε,
2508 2649 2600 2701 καὶ
2649 2648 2885 2716 ὑψωθεὶς
2938 2652 2997 2703 ἑν
3036 2649 3115 2721 τῷ
3161 2653 3380 2724 σταυρῷ
3422 2657 3542 2718 τοὺς
3584 2654 3819 2715 πεσόντας

2299 2741 2672 2812 συνανύψωσε,
2704 2744 2797 2796 καὶ
2835 2742 3075 2813 βοῶντας
3103 2743 3334 2814 οὐρανοῦ
3370 2746 3572 2810 πολίτας
3596 2746 3775 2811 ἔδειξεν
3797 2762 3810 2777 ·

2307 2833 2366 2887 '0
2397 2835 2504 2888 τῶν
2539 2835 2790 2904 πατέρων
2823 2837 2978 2903 Θεὸς,
3006 2837 3296 2910 εὐλογητὸς
3321 2835 3382 2892 εἴ.

2379 3022 2779 3094 ’Δπειρόγαμος
2826 3022 3000 3093 Κόρη,
3073 3023 3193 3095 μεθ’
3267 3016 3330 3096 ἧς
3377 3025 3411 3093 ἡ
3453 3023 3604 3087 κτίσις
3647 3022 3791 3089 ¹πᾶσα.

2295 3115 2508 3182 δοξάζει
2535 3133 2616 3181 σε,
2643 3117 2862 3170 πάντων
2879 3117 3129 3189 λυτρωτὰ
3159 3117 3356 3189 Ἰησοῦ,
3382 3121 3456 3184 εἰς
3481 3120 3586 3182 τοὺς
3605 3116 3804 3180 αἰῶνας,

2295 3207 2514 3277 σταυρῷ
2545 3209 2726 3278 ὁρῶσά
2763 3227 2820 3262 σε
2875 3210 3176 3280 ὑψωθέντα,
3225 3210 3375 3276 ἐϐόα,
3408 3212 3488 3265 ἵνα
3514 3227 3571 3264 σε
3599 3204 3812 3279 παραπι-

2296 3304 2537 3372 κραίνων
2571 3301 2760 3371 ἄφρων
2783 3301 2976 3372 δῆμος,
3007 3302 3082 3367 ὡς
3104 3303 3394 3370 ὑπέλαϐεν,
3435 3305 3495 3359 ἐκ
3519 3303 3611 3374 γῆς
3635 3302 3817 3373 ἐξᾶραι,

2301 3397 2560 3459 Ἀτεκνος
2593 3395 2917 3466 γεγένημαι,
2976 3396 3066 3450 καὶ
3112 3395 3392 3468 δονοῦμαι,
3444 3400 3532 3452 καὶ
3580 3395 3823 3468 μητρυιῶς

2297 3492 2395 3559 τὴν
2430 3489 2659 3560 καρδίαν
2691 3489 2988 3561 ὀδυνῶμαι.

2368 3677 2750 3749 Φιλὰνθρωπον
2779 3677 2951 3746 Λόγον
2991 3677 3249 3749 ἀρρήτως
3289 3677 3562 3747 κυήσασα,
3593 3677 3648 3731 ὃν
3673 3673 3823 3747 ὁρῶσι

2299 3770 2599 3840 πάσχοντα,
2663 3771 2837 3842 Κόρη,
2894 3769 3036 3838 ὑπὲρ
3098 3769 3404 3840 ἀνθρώπων
3470 3770 3725 3842 βουλήσει,
3772 3754 3823 3820 ’Π

2295 3864 2491 3930 τοῦτο;
2535 3861 2716 3924 ἐϐόας.
2759 3861 2891 3926 Θεὸς
2926 3861 3143 3932 ἀπαῡὴς
3187 3862 3358 3925 πάθος
3410 3863 3708 3931 ὑφίσταται,
3740 3876 3822 3911 πα·

2298 3955 2406 4009 θῶν
2471 3956 2618 4017 ὅπως
2683 3952 2916 4024 ῥύσηται
2977 3955 3105 4018 τοὺς
3179 3954 3361 4008 πίστει
3427 3952 3823 4026 προσκυνοῦντας

2298 4050 2481 4104 αὐτόν.

2311 4180 2411 4233 Ἐκ
2445 4178 2552 4234 τοῦ
2579 4179 2837 4245 κανόνος
2865 4176 2973 4247 τῆς
3003 4177 3303 4248 πέμπτης,
3333 4179 3422 4246 εις
3456 4177 3567 4234 τὸν
3597 4176 3828 4252 Ὀρθρογ,

2368 4307 2506 4370 Νοός
2543 4324 2665 4378 μου,
2704 4304 3035 4376 πανάμωμε,
3075 4304 3172 4367 τὰς
3207 4305 3563 4376 ἀμαυρώσεις
3598 4304 3725 4374 φωτί
3759 4315 3829 4354 σου

2299 4399 2594 4463 ἁπέλασον,
2641 4397 2731 4449 καὶ
2765 4395 2860 4449 τοῦ
2895 4397 3129 4459 σκότους
3161 4397 3320 4467 ῥῦσαι
3353 4416 3420 4468 με
3461 4397 3557 4451 τοῦ
3594 4396 3831 4458 αἰωνίζον·

2227 4522 2271 4576 D
2301 4509 2410 4556 τος,
2441 4491 2587 4553 ὅπως
2628 4489 2781 4560 ὑμνῶ
2803 4487 3066 4558 διηνεκῶς
3093 4489 3160 4541 τὰ
3201 4489 3463 4558 μεγαλεῖά
3502 4508 3624 4544 σου.

2387 4586 2574 4639 Ῥὖσαί
2603 4602 2669 4655 με
2702 4583 2878 4652 πάσης
2911 4583 3303 4654 περιστάσεως,
3333 4586 3426 4636 καὶ
3463 4584 3674 4637 πολλῶν
3704 4596 3828 4635 exav-

2301 4680 2474 4734 δὰλων
2512 4679 2608 4731 τοῦ
2671 4676 2871 4744 ὄφεως,
2914 4675 3011 4729 καὶ
3054 4676 3394 4739 αὶωνὶξοντος
3441 4678 3612 4749 πυρὸς
3650 4675 3735 4728 καὶ
3759 4668 3827 4724 τοῦ

2303 4775 2548 4834 σκότους,
2583 4771 2914 4840 πανάμωμε,
2965 4770 2998 4840 ἡ
3028 4769 3087 4822 τὸ
3121 4769 3236 4838 φῶς
3265 4758 3628 4842 ἀποκυήσασα
3658 4766 3830 4840 βροτοῖς

2300 4867 2358 4920 τὸ
2388 4865 2708 4932 ὰνέσπερον.

2363 4961 2580 5029 Νοήσας
2630 4959 2658 5008 ὁ
2713 4956 2999 5026 προφήτης
3056 4955 3114 5008 ὲν
3177 4954 3455 5025 Πνεύματι
3521 4954 3676 5019 Θεοῦ,
3734 4950 3831 5019 ὅρος

2304 5067 2360 5104 σε
2413 5048 2763 5120 προέγραψεν
2807 5048 3122 5109 κατάσκιον,
3173 5047 3332 5116 ἁγνὴ,
3380 5049 3412 5117 ἡ
3449 5050 3575 5113 τοὺς
3613 5039 3831 5100 ἐκτικέν-

2301 5161 2398 5204 τας
2458 5141 2687 5212 φλογμῷ
2744 5140 2958 5192 πολλῶν
3019 5139 3382 5209 ἐγκλημάτων
3445 5144 3568 5204 σαῖς
3629 5139 3829 5206 εὐπροσο

2299 5237 2510 5296 δέκτοις
2587 5232 2887 5303 μεσιτεῐαιε
2978 5231 3230 5298 Θεοτόκε,
3305 5233 3398 5287 νῦν
3477 5231 3827 5293 ἐπισκιάζουσι

2301 5331 2503 5400 χάριτι.

2367 5421 2658 5484 Φωτοειδὲς
2710 5406 2945 5490 Χριστοῦ
2990 5419 3238 5489 τέμενος,
3285 5419 3436 5491 Κῦρη
3483 5416 3825 5491 θεοχαρίτωτε.

2299 5517 2390 5569 τοῦ
2431 5516 2662 5585 Πατρὸς,
2696 5514 2823 5567 Υἰοῦ
2866 5513 2962 5566 καὶ
2994 5513 3330 5581 Πνεύματος,
3378 5517 3495 5576 ταῖς
3540 5505 3825 5583 προσευχαῖς

2300 5629 2392 5663 σου
2404 5652 2415 5676 ,
2446 5609 2630 5672 οἴκους
2658 5608 2801 5677 ἡμᾶς
2829 5606 3074 5678 ποίησον,
3117 5609 3182 5660 τὰ
3210 5608 3330 5661 ὅσια
3361 5609 3704 5679 πράττοντας.

2371 5792 2652 5863 Μεγαλεῖὰ
2680 5808 2760 5845 σοι
2784 5790 3017 5864 Χριστὸς
3049 5793 3357 5866 ἐποιήσατο,
3385 5796 3540 5868 ἁγνὴ,
3570 5794 3623 5850 ὃν
3650 5787 3820 5844 ἱκέτευε
