4052 6306
491 414 633 478 1339

490 619 693 690 pltetis,
726 618 1031 688 discipulis,
1062 629 1228 690 atque
1279 621 1536 674 omnibus
1583 621 1919 690 martyribus
1965 637 2089 690 gra-

489 709 622 763 tiam
655 709 882 781 largitus
901 724 982 775 es,
999 717 1082 775 tu,
1107 709 1628 774 Deus,eorumdem,
1652 719 1704 763 et
1727 709 2089 766 immaculata!

489 799 683 853 matris
713 806 822 853 tua:
874 799 1389 867 intercessionibus,
1417 800 1693 854 universis
1728 803 1986 868 salutem,
2027 810 2084 858 et

491 890 956 956 misericordiam,
990 900 1180 962 utpote
1231 892 1658 962 benignissimus
1690 906 1753 946 ac
1801 893 2086 964 piissimus

491 981 755 1038 concede.

563 1071 884 1146 Ol'orceps,
937 1091 1061 1146 quae
1126 1075 1373 1130 divinum
1439 1077 1733 1131 carbonem
1795 1078 1848 1130 in
1906 1077 2083 1134 sacris

487 1163 798 1220 visceribus
842 1166 954 1222 tuis
1007 1166 1214 1237 absque
1260 1167 1369 1221 ulla
1421 1183 1649 1237 prorsus
1698 1168 2084 1224 combustione

488 1257 810 1327 suscepisti,
859 1259 1146 1326 combure,
1197 1273 1230 1313 ο
1307 1259 1642 1326 castissima,
1696 1270 1920 1331 peccata
1977 1279 2082 1317 no-

491 1359 629 1404 stra.

1599 415 1653 476 ς.
1692 414 2013 476 JOSEPHI
2055 414 2373 479 IIYMNOG
2388 417 2626 478 RAPHI

561 527 668 595 Qui
707 528 960 585 cmicstes
992 535 1292 599 potestates
1344 528 1513 583 verbo
1555 530 1908 600 creasti;qui
1968 545 2095 601 pro-
2125 541 2167 593 Α

3647 418 3798 481 1340

2285 531 2344 587 ⁸0
2410 533 2511 598 τὰς
2561 533 2819 603 δυνάμεις
2881 532 3133 603 οὐρανῶν
3191 533 3632 604 καθυπηστήσας
3717 536 3807 603 τῷ

2196 625 2364 695 λόγῳ,
2396 628 2425 679 ὁ
2450 625 2761 696 προφήταις
2791 626 2953 697 χάριν
2988 627 3312 698 παρασχὼν,
3343 628 3438 683 καὶ
3468 632 3581 691 τοῖς
3617 633 3809 701 μαθη-

2196 721 2340 782 ταῖς,
2364 717 2459 770 καὶ
2487 719 2620 771 πᾶσι
2647 719 2945 790 μάρτυρσι,
2964 719 3176 772 τούτων
3202 719 3546 790 πρεσϐείαις,
3575 727 3603 775 ὁ
3630 722 3801 788 Θεὸς,

2195 811 2289 864 καὶ
2317 812 2416 879 τῆς
2444 811 2716 882 ἀχράντου
2735 811 2958 882 Μητρός
2985 828 3103 876 σου,
3128 811 3302 868 σῶσον
3333 813 3804 880 πάντας,οῐκτειο

2197 921 2292 977 ρον
2320 902 2396 968 ὡς
2425 903 2820 974 εὔσπλαγχνος.

2273 1086 2338 1139 Ἢ
2370 1085 2528 1150 λασὶς
2562 1087 2593 1154 ἡ
2648 1085 2740 1139 τὸν
2772 1083 2916 1140 θεῖον
2947 1085 3201 1157 ἄνθρακα
3241 1084 3518 1159 δεξαμένη
3570 1089 3632 1142 ὲν
3675 1092 3804 1154 τοῖς

2191 1175 2358 1239 Θείοις
2384 1194 2479 1230 σου
2523 1176 2875 1247 σπλάγχνοις,
2911 1177 3036 1248 μηδ’
3065 1177 3202 1241 ὅλως
3255 1177 3576 1249 φλεχθείσα,
3615 1181 3801 1236 κατά-

2194 1268 2387 1338 φλεξον
2417 1269 2596 1341 ἡμῶν,
2628 1269 2895 1339 πάναγνε,
2921 1269 2991 1324 τὰ
3022 1269 3370 1342 πταίσματα.

557 1441 602 1497 Ο
653 1443 744 1498 Dei
790 1441 964 1498 Mater
994 1444 1167 1499 electa
1195 1442 1332 1516 (32),
1375 1460 1482 1499 una
1534 1461 1660 1502 cum
1719 1448 1899 1504 sacris
1950 1449 2244 1520 apostolis,
2279 1448 2609 1523 martyribus
2651 1460 2706 1506 et
2763 1449 3049 1522 prophetis
3096 1449 3418 1523 deprecare,
3481 1459 3598 1508 uta
3635 1455 3799 1524 peri-

486 1536 648 1603 culis,
684 1536 1157 1604 tribulationibus,
1189 1537 1352 1608 292
1392 1547 1446 1594 et
1491 1541 1731 1609 peccatis
1776 1541 1917 1598 liber
1955 1555 2081 1597 esse
2107 1544 2342 1614 possim.

563 1631 609 1688 0
645 1631 1181 1698 immaculatissima,
1216 1648 1340 1701 qua:
1399 1642 1676 1702 carentem
1729 1645 1972 1706 tempore
2023 1636 2078 1691 in

489 1740 660 1780 carne
717 1725 998 1795 peperisti,
1040 1725 1295 1781 eumdem
1344 1741 1474 1797 roga
1507 1737 1566 1781 ut
1607 1743 1638 1781 a
1687 1727 2082 1798 temporalibus

2273 1637 2548 1707 Ἐκύησας
2598 1638 2659 1692 ἰν
2692 1635 2860 1708 σαρκὶ
2899 1635 2993 1690 τὸν
3017 1635 3270 1709 ἄχρονον,
3299 1636 3362 1691 ὃν
3410 1637 3652 1693 δυσὼπει
3677 1641 3798 1696 τῶν

2189 1731 2424 1802 χρονίων
2471 1729 2661 1784 παθῶν
2699 1731 2847 1802 ἡμᾶς
2895 1727 3281 1801 λυτρώσασθαι
3331 1730 3643 1802 ὑμνοῦντας
3681 1750 3787 1802 σε,

489 1816 842 1888 passiouibus
905 1816 1099 1873 liberet
1141 1833 1262 1884 nos,
1295 1819 1389 1890 qui
1441 1818 1633 1875 laudes
1686 1830 1810 1876 tuas
1863 1821 2083 1892 hymnis
2117 1859 2165 1917 Β
2197 1819 2533 1894 πανάμωμε.

490 1909 860 1966 celebramus.
2061 1978 2072 1985 ,

569 2003 800 2059 Domine
834 2002 979 2060 Deus
1011 2019 1188 2069 meus,
1219 2005 1316 2075 qui
1350 2020 1416 2060 ex
1464 2004 1691 2076 innupta
1722 2007 1898 2078 puella
1928 2016 2092 2067 natus

485 2111 568 2160 es,
604 2096 851 2168 ejusdem
888 2106 944 2153 et
990 2099 1367 2170 apostolorum
1405 2109 1625 2155 tuorum
1667 2101 2090 2159 intercessioni-

491 2190 618 2256 bus,
651 2191 956 2263 propitiare
986 2194 1226 2265 peccatis
1254 2193 1425 2263 meis;
1454 2202 1509 2249 et
1546 2210 1577 2251 a
1604 2194 1791 2251 futuro
1820 2197 2089 2268 supplicio

487 2281 659 2339 libera
691 2300 803 2342 me.

567 2375 613 2431 0
642 2375 812 2432 Maria
835 2375 1064 2433 Domina
1087 2379 1334 2436 omnium
1361 2389 1764 2450 creaturarum,
1797 2393 1853 2440 et
1886 2383 1976 2439 Dei
1999 2400 2089 2456 ge-

487 2469 679 2536 nitrix,
741 2471 910 2528 libera
970 2472 1237 2528 miserum
1296 2491 1395 2530 cor
1445 2493 1624 2530 meum
1690 2477 1761 2533 ab
1827 2479 2076 2545 inimico,

489 2563 587 2635 qui
613 2563 964 2636 impudenter
993 2567 1189 2637 quaerit
1213 2566 1268 2622 in
1314 2569 1446 2624 illud
1469 2584 1726 2625 exercere
1753 2571 2078 2627 dominium.

567 2751 838 2815 lllnmina,
868 2767 900 2808 ο
935 2754 1077 2810 lucis
1111 2755 1368 2826 genitrix,
1404 2756 1642 2811 animam
1668 2772 1845 2813 meam
1871 2759 2084 2828 passio-

493 2859 630 2900 num
660 2845 904 2901 tenebris
934 2847 1264 2915 obductam;
1292 2858 1347 2901 et
1372 2863 1497 2901 cum
1529 2847 1811 2918 apostolis,
1845 2849 2084 2920 prophe-

497 2938 592 3000 tis.
633 2947 796 3009 atque
839 2940 1175 3012 martyribus
1224 2939 1540 3011 deprecare.
1579 2949 1639 2995 ut
1661 2941 1812 2996 omni
1843 2951 2084 3011 peccato,

487 3030 559 3084 ab
582 3030 734 3085 omni
781 3031 1002 3087 laesione
1027 3041 1192 3103 atque
1222 3031 1574 3102 improbitate
1628 3032 1833 3088 inimici
1887 3048 2075 3091 servet-

491 3124 803 3181 incolumis.

559 3215 865 3283 Medere,~o
895 3219 1207 3288 purissima,
1241 3209 1445 3274 infelici
1495 3220 1690 3276 animm
1736 3237 1870 3277 meae
1913 3223 2065 3280 incu-
2097 3220 2140 3279 ι]

493 3310 736 3364 rabiltter
765 3313 1070 3381 wgrotanti,
1099 3327 1163 3366 ex
1206 3315 1496 3369 mundana:
1541 3315 1705 3385 hujus
1735 3318 1856 3371 vitae
1881 3316 2080 3375 fraudi-

493 3402 620 3466 bus,
659 3410 713 3456 et
744 3405 1041 3457 multorum
1081 3416 1429 3473 peccaturum
1473 3408 1762 3476 proﬂuvio.

567 3495 706 3550 tium
757 3497 983 3567 angelis,
1039 3498 1326 3567 apostolis,
1367 3509 1423 3554 et
1482 3501 1836 3572 martyribus,
1885 3501 2082 3560 Filium

497 3594 654 3640 tuum
689 3602 754 3641 ac
785 3587 1078 3643 Dominum
1119 3603 1267 3659 roga,
1305 3607 1339 3646 o
1383 3592 1771 3659 mundissima,
1817 3601 1933 3649 uta
1968 3603 2086 3649 ten-

491 3677 817 3748 tationibus,
859 3681 1137 3751 periculis,
1184 3693 1239 3738 et
1287 3684 1556 3754 angustiis
1607 3694 1873 3741 eruantur
1929 3687 2076 3742 servi

492 3772 594 3827 tui.

564 3862 790 3922 Ocasta
852 3865 1080 3938 Dcipara
1137 3868 1500 3940 undequaquc
1557 3871 1864 3936 laudabilis,
1894 3871 2076 3926 omnis

489 3956 672 4029 lingua
703 3976 828 4016 eum
866 3963 968 4018 title
996 3963 1266 4034 gloriﬁcat
1287 3975 1358 4029 te,
1382 3981 1505 4034 quae
1538 3980 1597 4020 es
1635 3965 1804 4036 gloria
1836 3975 1890 4020 et
1913 3966 2082 4021 decus

487 4055 704 4122 generis
732 4054 929 4120 nostri,
950 4065 1217 4112 eteorum
1247 4058 1338 4127 qui
1369 4067 1573 4122 errant,
1610 4057 1861 4112 dircctio.

569 4145 751 4216 Ignem
777 4149 1059 4218 peperisti,
1088 4159 1141 4205 et
1174 4149 1518 4204 incombusta
1545 4149 1820 4210 mansisti,
1846 4165 1878 4203 ο
1919 4146 2080 4217 Virgo

493 4240 763 4296 maritalis
809 4240 912 4294 tori
947 4241 1132 4294 nescia
1162 4256 1175 4293 :
1214 4250 1498 4310 propterea
1529 4239 1680 4293 illum
1715 4253 1879 4292 exora
1914 4255 2077 4308 quem

488 4333 770 4404 peperisti,
805 4348 914 4388 una
969 4348 1095 4387 cum
1136 4335 1456 4404 angelorum
1504 4333 1712 4395 choris,
1739 4342 1906 4403 atque
1951 4349 2081 4402 apo-

485 4426 680 4490 stolis,
723 4436 782 4481 ut
813 4424 995 4481 salvos
1022 4425 1185 4480 iaciat
1217 4440 1335 4492 eos,
1369 4426 1608 4494 psallunt
1644 4427 1872 4482 ﬁdeliter
1907 4444 1918 4478 :
1948 4427 2079 4482 0m-

484 4518 575 4574 nia
609 4533 775 4588 opera
809 4517 1046 4585 Domini,
1086 4518 1305 4575 laudate
1337 4518 1650 4585 Dominum,
1683 4533 1789 4576 etc.

554 4609 744 4669 Omnis
767 4611 953 4681 lingua
986 4611 1174 4668 laudat
1205 4622 1260 4667 et
1291 4611 1561 4684 glorilicat
1592 4619 1680 4678 te;
1714 4629 1747 4667 ο
1769 4610 1938 4684 Virgo
1971 4615 2064 4670 Dei
2109 4605 2157 4664 υ

555 4760 691 4834 (‘52).
721 4758 1069 4834 Opportuue‘
1092 4759 1147 4815 in
1172 4760 1284 4834 hoc
1307 4760 1365 4818 S.
1404 4758 1628 4834 Iosephi
1687 4763 1927 4834 el0gium
1992 4763 2052 4819 Β.

483 4830 690 4903 Virgini
715 4833 979 4888 tributum
1037 4830 1468 4888 Bartholomaeus
1510 4832 1749 4892 Pisanus
1781 4830 1856 4889 De
1903 4835 2052 4891 laud.

494 4904 638 4975 Virg.
669 4905 764 4959 lib.
832 4919 865 4976 ι,
895 4903 1062 4959 fruct.
1095 4903 1158 4976 7,7
1210 4905 1341 4976 dum
1399 4905 1476 4960 ait
1505 4922 1517 4956 :
1551 4923 1570 4956 ι
1640 4905 1870 4976 Sapiens
1894 4904 2060 4962 debet

481 4976 683 5043 eligere
721 4975 868 5043 quod
899 4984 985 5029 est
1037 4975 1332 5045 perfectius
1377 4987 1433 5031 ct
1469 4977 1663 5031 melius
1694 4975 1730 5029 :7
1757 4976 1853 5031 sed
1897 4976 2059 5032 Chri-

483 5057 601 5101 stus
627 5053 712 5099 est
741 5045 1014 5115 Sapientia
1041 5047 1304 5109 increata,
1323 5055 1521 5101 etcum
1557 5049 1749 5103 melius
1778 5047 1869 5112 sit,
1891 5055 1946 5102 ct
1959 5049 2059 5104 eli-

483 5115 703 5185 gibilius
738 5114 940 5188 habere
986 5114 1211 5170 Matrem
1266 5117 1385 5172 sine
1426 5118 1577 5172 omni
1624 5120 2054 5188 maeula,quam

481 5201 608 5240 cum
656 5186 895 5251 macula,
918 5195 974 5241 et
995 5187 1172 5255 potuit
1213 5202 1333 5241 eam
1386 5188 1468 5242 sic
1515 5189 1734 5245 habere.
1797 5186 1984 5255 igitur,
2028 5210 2046 5242 ι

479 5270 586 5310 etc.
636 5256 952 5324 Opportune
1006 5258 1172 5312 etiam
1233 5257 1603 5314 Bernardinus
1661 5259 1728 5314 de
1783 5259 1950 5314 Busto
1992 5261 2047 5316 in

480 5326 898 5400 Hariali‘serm.
943 5328 988 5391 l,
1009 5328 1076 5400 de
1101 5338 1349 5395 concept.
1395 5339 1646 5398 partem,
1669 5331 1799 5384 dum
1827 5330 2008 5400 inquit
2035 5349 2049 5386 :

487 5417 505 5449 ι
541 5399 678 5452 Cum
707 5397 960 5454 Christus
993 5399 1060 5451 ab
1090 5411 1294 5454 azteruo
1337 5401 1560 5469 elegerit
1592 5401 1648 5453 Β.
1691 5397 1963 5468 Virginem
1996 5402 2052 5457 in

480 5470 731 5535 Matrem,
787 5471 942 5538 juxta
1011 5471 1141 5523 iilud
1218 5471 1364 5539 quod
1425 5473 1658 5534 canitur,
1714 5471 1888 5540 Elegit
1940 5490 2055 5528 eam

483 5540 647 5606 Deus,
687 5556 752 5592 ac
798 5542 1064 5612 pra'clegt't
1090 5557 1205 5594 eant
1233 5559 1250 5603 ,·
1289 5541 1724 5596 concludendum
1756 5553 1840 5597 est
1910 5543 2058 5612 quod

483 5612 619 5681 ipse,
648 5611 735 5664 cui
769 5613 951 5665 omnia
988 5611 1168 5665 futura
1216 5621 1373 5666 erant
1432 5614 1742 5681 praesentia,
1778 5629 1808 5667 a
1845 5611 2062 5668 cunctis

483 5683 674 5747 malis,
707 5693 760 5738 et
799 5683 1016 5737 damnis
1035 5683 1237 5753 peccati
1270 5683 1550 5754 originalis
1585 5699 1706 5738 eam
1733 5685 1900 5737 voluit
1930 5700 2065 5753 pra:-

482 5767 722 5814 scrvare,
743 5762 800 5809 ut
825 5755 1058 5808 bonitiln
1085 5755 1325 5807 debitum
1361 5755 1701 5824 adimpleret.
1739 5772 1763 5807 ι
1786 5754 2064 5809 Etibidetn

486 5838 657 5895 σοι-ιιι.
687 5824 743 5884 2,
782 5837 930 5893 parte
964 5841 1020 5878 ιιι
1053 5841 1068 5889 ;
1104 5844 1121 5874 ι
1169 5827 1318 5886 Unus
1355 5826 1498 5880 Deus
1533 5827 1598 5880 ad
1627 5826 1850 5893 aliquod
1876 5827 2062 5895 elegit,

486 5893 561 5948 ita
593 5905 882 5961 praeparat,
908 5905 959 5950 cl
999 5896 1256 5965 disponit,
1290 5906 1344 5952 ut
1377 5897 1440 5954 ad
1478 5897 1608 5953 illud
1643 5897 1885 5968 Apostoli
1920 5893 2061 5954 ll'ad

2263 1998 2440 2074 Κύριε
2487 1999 2517 2052 6
2553 1997 2688 2063 Θεός
2724 2014 2851 2068 μου,
2892 1998 2923 2050 ὀ
2973 1995 3190 2067 τεχθεὶς
3241 1998 3307 2050 ὲκ
3342 1995 3516 2070 κόρης
3561 1999 3798 2070 ἀπειρο-

2191 2091 2374 2163 γάμου
2405 2133 2424 2156 ,
2468 2090 2677 2159 ταύτης
2729 2089 3116 2163 παρακλήσεσι
3171 2089 3268 2144 καὶ
3312 2091 3422 2144 τῶν
3466 2090 3797 2147 ἀποστόλων

2191 2203 2309 2251 σου,
2346 2184 2576 2255 ίλασμδν
2609 2182 2974 2254 πταισμάτων
3005 2199 3099 2255 μοι
3147 2180 3314 2250 δίδου,
3345 2183 3449 2256 καὶ
3481 2184 3804 2256 μελλούσης

2191 2278 2354 2348 ῥῦσαι
2379 2275 2681 2340 κολάσεως.

2257 2368 2447 2439 Μαρία
2497 2368 2682 2441 κυρία
2747 2369 2932 2439 πάσης
2983 2366 3238 2433 κτίσεως,
3301 2367 3498 2440 ἔχοροῦ
3550 2369 3804 2435 ἀναιδῶς

2189 2460 2469 2533 κυριεύειν
2517 2460 2815 2533 ζητοῦντος
2873 2461 2972 2536 τὴν
3028 2461 3295 2535 ταπεινὴν
3360 2462 3592 2535 καρδίαν
3646 2480 3800 2532 μου,

2188 2558 2579 2631 Θεογεννῆτορ,
2611 2557 2913 2630 λύτρωσαι.

2272 2750 2336 2805 Ἦ
2386 2752 2449 2804 τὸ
2501 2750 2617 2821 φῶς
2660 2749 2924 2816 τεκοῦσα,
2977 2750 3217 2821 φώτισον
3240 2751 3341 2824 τῂν
3386 2755 3806 2828 ἑσκοτισμένην·

2189 2842 2369 2913 ψυχήν
2394 2859 2495 2913 μου
2526 2844 2638 2907 τοῖς
2666 2843 2886 2908 πάθεσι,
2916 2843 3010 2898 καὶ
3035 2844 3276 2898 δυσὼπει
3300 2847 3399 2900 σὺν
3427 2846 3785 2912 ἀποστόλοις,

2191 2937 2530 3008 προφήταις,
2569 2934 2667 2990 καὶ
2701 2937 3006 3007 μάρτυρσι,
3037 2935 3219 3008 πάσης
3257 2937 3552 3007 ἁμαρτίας,
3589 2939 3786 3008 πάσης

2192 3028 2422 3101 βλάϐης,
2454 3029 2636 3100 πάσης
2661 3027 2762 3100 τῆς
2791 3030 2993 3093 κακίας
3023 3026 3120 3083 τοῦ
3147 3026 3340 3099 ἐχθροῦ
3372 3025 3632 3100 ρυσθῆναί
3666 3044 3768 3099 με.

2258 3215 2570 3288 ’ἰάτρευσον
2625 3215 2863 3280 ἀνιάτως
2929 3213 3219 3282 νοσοῦσαν,
3272 3214 3616 3286 πανάμωμε,
3675 3215 3787 3284 τὴν

2193 3310 2386 3365 ἀθλίαν
2412 3311 2592 3382 ψυχήν
2641 3327 2745 3380 μου
2795 3308 2888 3363 τοῦ
2925 3311 3042 3381 βίου
3069 3311 3189 3372 ταῖς
3223 3310 3483 3374 ἀπάταις,
3521 3308 3615 3362 καὶ
3649 3307 3789 3362 πολ-

2192 3404 2301 3459 λῶν
2332 3403 2621 3476 ἁμαρτιῶν
2650 3401 3027 3457 ὲπικλύσεσιν.

2264 3495 2422 3551 Μετά
2468 3494 2765 3566 μαρτύρων
2819 3494 3088 3562 ἀγγέλων,
3115 3495 3212 3548 καὶ
3252 3494 3595 3558 ἀποστόλων,
3653 3509 3791 3545 παν-

2193 3589 2416 3660 ἀμωμε,
2439 3589 2534 3642 τὸν
2557 3589 2649 3641 σὺν
2678 3587 2804 3640 Υίὸν
2830 3586 3267 3654 ἑκδυσὼπει,καὶ
3296 3588 3528 3659 Κύριον,
3546 3585 3787 3654 σωθῆναι

2191 3683 2317 3747 τοὺς
2369 3681 2590 3746 δούλους
2650 3698 2745 3735 σου
2800 3681 3152 3753 πειρασμῶν,
3216 3681 3480 3735 κινδύνων
3535 3681 3629 3734 καὶ
3674 3676 3787 3730 θλί-

2189 3776 2359 3848 ψεων.

2265 3869 2491 3922 Ἅπασα
2538 3868 2761 3937 γλῶσσα
2815 3866 3002 3919 πίστει
3043 3863 3258 3931 δοξάζει
3293 3866 3374 3927 σε’,
3425 3863 3587 3930 ἁγνὴ.
3619 3863 3786 3927 δόξαν

2191 3961 2638 4036 χρηματίζουσαν
2695 3959 2790 4013 καὶ
2829 3957 3006 4028 καύχη
3015 3975 3093 4026 μα
3121 3956 3216 4009 τοῦ
3250 3955 3441 4023 γένους
3472 3954 3650 4022 ήμῶν,
3679 3955 3782 4006 καὶ

2189 4053 2415 4122 ὁδηγίαν
2439 4045 2550 4104 τ’ῶν
2580 4050 2976 4119 πλανωμένων,
3010 4048 3240 4101 Θεοτόκε
3275 4045 3621 4117 πανύμνητε.

2263 4142 2565 4211 ’Λφλεκτος
2616 4139 2851 4193 τεκοῦσα
2896 4140 2958 4193 τὸ
3001 4139 3113 4210 πῦρ
3165 4135 3570 4210 διεφυλάχθης,
3629 4137 3782 4210 [Iap-

2191 4237 2312 4291 Θὲνε
2344 4234 2690 4306 ἁπειρόγαμε
2711 4251 2725 4262 ⁸
2772 4233 2854 4288 διδ
2895 4236 3111 4289 ἱκέτευε
3148 4235 3207 4290 ὃν
3251 4231 3463 4298 ἔτεκες,
3492 4232 3591 4286 σὺν
3625 4232 3780 4286 ἀσω-

2191 4330 2375 4400 μάτων
2404 4331 2609 4402 χοροίς,
2640 4330 2738 4383 σὺν
2763 4330 3107 4396 ἀποστόλοις,
3134 4330 3262 4394 τοὺς
3293 4326 3504 4392 πιστῶς
3531 4325 3778 4397 σωθῆναι

2186 4425 2520 4496 ψάλλονταςο
2584 4423 2772 4478 Πάντα
2827 4423 2898 4478 τὰ
2955 4423 3094 4496 ἔργα
3149 4422 3384 4496 Κυρίου,
3415 4421 3511 4475 τὸν
3569 4421 3777 4493 Κύριον

2191 4519 2411 4590 ὑμνεῖτε
2464 4516 2561 4568 καὶ
2595 4515 2942 4585 ὑπερυψοῦτε
2967 4517 3048 4579 εἰς
3077 4517 3288 4578 πάντας
3315 4514 3446 4577 τοὺς
3475 4512 3701 4576 αἰῶνας.

2268 4608 2458 4680 ’Υμνεῐ
2495 4623 2553 4660 σε
2579 4608 2732 4662 πᾶσα
2758 4605 2980 4676 γλῶσσα
3000 4607 3322 4676 δοξάζουσα,
3346 4607 3480 4660 Θεὸν
3502 4607 3594 4660 τὸν
3608 4606 3768 4675 ὑπερ-

2163 4763 2413 4820 Corinth.
2450 4769 2509 4834 ιιι
2542 4781 2558 4819 :
2595 4761 2820 4818 [domos
2856 4781 2949 4820 nos
3005 4764 3132 4834 fecit
3187 4765 3458 4818 ministros
3499 4762 3632 4817 Νονί
3665 4759 3754 4834 Te:

2166 4836 2458 4905 stamen“.
2483 4833 2726 4905 Sapiens
2766 4836 2917 4890 enim
2954 4830 3232 4904 regulator
3259 4851 3346 4900 ea,
3378 4851 3503 4905 quae
3536 4841 3662 4888 sunt
3691 4830 3758 4885 ad

2163 4908 2401 4974 aliquem
2433 4903 2597 4961 linem
2645 4903 2808 4960 debet
2848 4903 3099 4976 regulare
3149 4903 3467 4964 secundum
3521 4905 3767 4976 ordinent

2165 4972 2338 5048 ipsius
2371 4977 2518 5041 linis,
2557 4977 2714 5048 juxta
2748 4972 2960 5033 dictum
2990 4978 3301 5047 philosOplii
3359 4994 3397 5031 ιι
3439 4976 3680 5046 Mctapb.
3709 4972 3774 5028 Et

2163 5047 2428 5118 probatur
2455 5064 2552 5117 per
2579 5063 2630 5104 c.
2665 5047 2886 5118 Prodest
2908 5049 2997 5104 ‘23.
3031 5064 3087 5118 q.
3125 5051 3254 5118 quia
3279 5049 3557 5118 princeps,
3606 5061 3770 5118 assu-

2165 5116 2364 5174 mendo
2394 5116 2632 5190 aliquem
2663 5116 2730 5172 ad
2763 5119 2998 5190 otIicium
3028 5116 3215 5181 suum,
3245 5116 3450 5173 dicitur
3474 5116 3620 5190 ἡνιςίΙρ
3647 5117 3771 5171 dis-

2160 5205 2392 5255 pensare
2419 5187 2542 5245 cum
2592 5204 2660 5244 eo
2709 5189 2920 5244 meliori
2960 5191 3145 5252 modo.
3180 5204 3291 5259 quo
3341 5199 3540 5259 putest.
3587 5187 3721 5259 Item
3756 5203 3771 5240 :

2158 5260 2263 5326 Qui
2321 5261 2434 5314 vult
2480 5276 2822 5331 consequens
2851 5262 2967 5316 vult
2995 5262 3158 5315 etiam
3191 5258 3354 5314 Omne
3395 5258 3773 5315 necessarium

2162 5332 2504 5387 antecedens
2534 5349 2548 5385 :
2591 5339 2648 5386 et
2703 5334 2912 5386 crimen
2964 5341 3048 5384 est
3084 5331 3357 5400 sacrilegii
3386 5331 3664 5391 dubitare,
3701 5345 3774 5384 an

2165 5399 2212 5473 is
2231 5404 2436 5473 dignus
2467 5404 2538 5456 sit
2571 5418 2733 5471 quem
2759 5402 3062 5472 imperator
3086 5399 3353 5472 elegerit?
3384 5402 3488 5455 Sed
3526 5401 3774 5470 gloriosa

2169 5471 2333 5542 Virgo
2363 5471 2528 5526 Maria
2564 5473 2664 5526 fuit
2694 5471 2862 5526 electa
2889 5473 3151 5528 divinitus
3181 5471 3248 5527 ab
3299 5483 3508 5526 aeterno
3549 5480 3774 5526 ulesset

2171 5544 2340 5598 Mater
2367 5545 2481 5608 Dei,
2518 5545 2634 5612 ipsa
2684 5543 2900 5598 dicente
2928 5545 3059 5598 illud
3101 5545 3268 5599 Eccli.
3312 5560 3462 5608 χειν,
3494 5542 3572 5596 Ab
3614 5542 3772 5596 initio

2163 5625 2212 5670 et
2238 5629 2359 5669 ante
2399 5618 2595 5668 amula
2622 5624 2804 5669 creata
2823 5631 2962 5668 sunt.
2986 5615 3049 5669 Et
3071 5613 3336 5670 Proverb.
3367 5630 3490 5670 νιιι.
3509 5613 3586 5668 Ab
3610 5623 3775 5667 eter-

2171 5703 2237 5768 no
2262 5687 2515 5738 ordinata
2545 5703 2680 5766 sum,
2713 5697 2762 5739 et
2784 5701 2857 5768 fa:
2880 5686 3130 5768 .aont‘iqujs
3162 5698 3452 5768 antequam
3481 5685 3772 5768 ter-rufus-

2172 5757 2264 5828 rit,
2308 5773 2428 5827 qua:
2451 5757 2635 5811 omnia
2672 5757 2932 5812 attribuit'
2964 5755 3209 5813 Ecclesia
3252 5755 3312 5812 Β.
3350 5757 3576 5828 Virgini.
3623 5755 3772 5828 Ergo

2173 5826 2332 5883 Deus
2369 5843 2464 5898 per
2521 5829 2751 5897 gratiam
2811 5844 2968 5883 suam
3035 5830 3271 5883 eain-ad
3343 5826 3465 5886 tam
3518 5826 3772 5884 mirabile

2171 5915 2310 5972 Opus
2369 5899 2616 5955 idum-aut
2641 5899 3006 5971 praescrvarit.
3038 5918 3056 5952 ι
3096 5900 3317 5956 Sicille.
