4052 6306
296 397 434 464 1389

1743 390 2108 455 MARIALE.

3427 384 3448 448 1
3460 387 3562 451 390

294 512 456 575 sisti,
517 510 662 567 sicut
710 524 837 566 eras
892 518 1187 581 antequam
1244 520 1506 581 pareres,
1558 503 1876 577 incorrupta
1904 504 2128 587 Aenim
2178 504 2300 562 sine
2345 504 2558 572 dolore,
2616 506 2709 564 Dei
2761 507 3029 572 Genitrix,
3070 505 3349 561 Christum
3400 519 3565 574 pepe-

297 606 463 676 νει-εο
511 603 763 674 Deipara.
810 601 946 659 Nam
1005 604 1193 668 Deus,
1252 616 1417 673 quem
1462 598 1744 671 peperisti,
1789 613 1883 655 na-

297 704 477 752 turam
510 696 812 751 innovavit.

370 788 493 844 Tibi
520 796 577 844 et
612 789 715 844 soli
746 787 1025 853 convenit,
1052 799 1112 843 ut
1147 787 1365 853 salutis,
1387 796 1441 844 et
1466 786 1651 858 gaudii
1679 799 1885 858 procu~

1984 594 2129 653 risti.
2162 597 2344 664 Quare
2370 609 2425 654 te
2468 600 2666 655 merito
2694 599 2906 655 felicem
2948 598 3337 671 pradicamus,
3368 606 3424 653 et
3456 596 3566 653 Do-

1983 688 2196 744 tninum
2233 688 2604 759 gloriﬁcantes
2636 690 2946 747 laudamus.

2056 780 2138 837 Ad
2170 791 2223 837 te
2249 784 2429 852 ipsum
2477 784 2732 854 recepisti
2760 794 2979 857 gentem
3018 793 3291 847 sanctam,
3322 797 3443 849 eos,
3474 781 3571 851 qui

302 881 511 946 ratrici,
543 880 675 936 illud
722 881 870 952 quod
904 881 1133 952 angelus
1172 882 1375 948 attulit,
1404 880 1540 946 Ave,
1582 880 1730 952 quod
1757 893 1886 935 cum
1985 883 2143 931 erant
2184 876 2343 947 longe
2381 891 2412 932 a
2445 885 2497 931 te
2539 876 2747 934 faciens
2786 892 2955 947 prope
3001 891 3233 947 corpore
3281 891 3313 930 a
3345 872 3573 947 Virgine

303 974 408 1030 tlde
441 976 533 1029 tibi
571 976 892 1041 recinimus,
929 974 1099 1030 Maria
1132 990 1349 1045 semper
1378 974 1568 1045 Virgo.

1988 977 2266 1038 suscepto,
2301 984 2336 1024 ο
2369 968 2644 1037 Salvator,
2684 977 2741 1025 et
2770 985 2879 1025 non
2906 969 3169 1041 pepulum
3205 978 3359 1025 tuum
3402 984 3572 1024 voca-

377 1066 632 1123 I.iherata
668 1083 763 1137 per
795 1077 849 1122 te
878 1080 965 1125 est
999 1069 1177 1140 prima
1206 1066 1412 1125 Parens
1456 1068 1679 1139 antiqua
1718 1067 1893 1124 male-
1990 1060 2058 1116 sti
2107 1061 2369 1131 populum
2414 1070 2570 1116 tuum
2619 1062 2906 1128 divinum;
2942 1072 3231 1132 propterea
3276 1075 3473 1123 omnes
3518 1071 3572 1115 te

316 1156 582 1213 dictione.
614 1154 737 1213 Non
764 1157 870 1226 iam
903 1158 1140 1226 amplius
1160 1157 1251 1213 illa
1288 1158 1343 1214 in
1366 1158 1559 1215 dolore
1579 1158 1773 1230 pariet.
1807 1157 1889 1214 Tu
1994 1169 2144 1212 nunc
2171 1155 2489 1225 adoramus,
2520 1170 2553 1213 o
2586 1156 2953 1227 omnipotens.

306 1311 407 1367 Ἐκ
458 1312 569 1368 τοῦ
607 1312 877 1382 Κανόνος
923 1312 1065 1440 τῆἑι,
1098 1311 1402 1383 Κυριακῆς
1426 1310 1498 1385 τί,
1548 1313 1659 1369 τοῦ
1709 1330 1894 1385 παρα-

1037 1401 1202 1440 υτον.

1037 1401 1202 1440 υτον.

382 1492 497 1567 Τὴν
553 1492 804 1565 τιμῶσαν
846 1492 1077 1564 ταύτην,
1138 1482 1299 1563 ἁγνὴ,
1347 1491 1503 1547 πόλιν
1559 1509 1620 1546 σε
1662 1492 1895 1547 πάντοτε

313 1587 524 1650 πιστῶς
562 1584 838 1660 περισωζε
900 1585 1162 1640 κινδύνων
1226 1583 1486 1651 ἁλώσεως
1571 1585 1895 1657 Βαρϐάρων,

313 1682 556 1751 πολέμου
587 1679 879 1754 ῑμφυλίου,
914 1682 1010 1735 καὶ
1036 1680 1334 1751 μαχαίρας,
1366 1681 1463 1733 καὶ
1505 1680 1688 1753 πάσης
1731 1679 1899 1751 ἄλλης

315 1777 571 1849 ἀπειλῆς.

394 1958 675 2031 Ἀσπορον
703 1958 861 2031 ἔσχες
889 1952 1178 2031 σύλληψιν,
1224 1958 1321 2014 καὶ
1352 1958 1493 2031 ὑπὲρ
1515 1958 1641 2014 νοῦν
1659 1957 1903 2025 τοκετδν,

318 2054 749 2127 Παρθενομῆτορ
816 2054 1055 2125 ἄχραντε
1085 2068 1101 2084 ο
1154 2052 1315 2125 ιργον
1364 2053 1660 2126 φρικῶδες.
1715 2050 1903 2123 θαῦμα

324 2145 606 2217 μέγιστον,
641 2144 896 2216 ἀγγέλοις
916 2142 1251 2218 τιμώμενον,
1273 2144 1493 2217 βροτοῖς
1516 2144 1901 2217 δοξαζόμενον,

323 2241 480 2311 Κόρη
507 2238 794 2296 Δέσποινα.

409 2427 475 2482 Ἦ
506 2426 666 2499 ἁγνὴ,
704 2427 823 2492 πῶς
856 2425 1149 2499 θηλάζειςς
1181 2427 1305 2494 πῶς
1338 2428 1397 2484 δὲ
1435 2428 1737 2502 ιγέννησας
1781 2427 1909 2502 βρέ-

328 2537 431 2592 φος
459 2519 553 2575 τοῦ
605 2520 781 2593 ’Δδὰμ
832 2520 1223 2595 ἁρχαιότερονς
1255 2524 1374 2589 πῶς
1424 2516 1486 2578 ἐν
1514 2522 1783 2593 ἀγκάλαις
1808 2522 1911 2593 φά-

328 2631 443 2687 pst;
476 2614 613 2681 υἱὸν,
641 2614 731 2670 τὸν
757 2615 853 2670 ἐπὶ
873 2614 1041 2686 ὤμων
1063 2617 1415 2691 Χορουδικῶν
1444 2617 1779 2692 φερόμενον·
1824 2615 1913 2683 Ὦς

332 2707 645 2777 ἐπίσταται,
677 2709 754 2774 ὡς
775 2702 917 2765 οἶδεν
942 2712 973 2764 ὁ
1008 2709 1071 2766 τὸ
1098 2712 1209 2767 πᾶν
1222 2712 1519 2777 οὺσιώσας.

402 2898 516 2971 Τὴν
542 2898 786 2972 ἄσπορον
811 2898 1029 2972 λοχείαν
1048 2917 1165 2968 σου,
1194 2900 1359 2974 ἁγνὴ,
1396 2901 1500 2973 τὴν
1522 2902 1915 2976 ἀκατάληπτον

331 2990 613 3065 ὑμνοῦμιν
645 2994 924 3067 γέννησιν,
949 2993 1355 3068 μακαρίζοντες
1380 2996 1457 3060 ὡς
1481 2997 1715 3069 Μητέρα
1739 3013 1797 3051 σε
1819 2996 1913 3051 τοῦ

332 3081 569 3161 Ποιητσῦ
600 3084 821 3140 πάντων
859 3084 953 3139 καὶ
993 3083 1290 3142 Δεσπότου.

2042 1304 2207 1378 329
2236 1305 2321 1360 Ea:
2350 1322 2552 1363 canone
2587 1306 2878 1363 Dominicis
2906 1317 2991 1376 tu,
3025 1307 3083 1364 in
3113 1302 3501 1381 Paralyticum.

2080 1485 2281 1542 Urbem
2326 1487 2490 1551 hanc,
2522 1504 2647 1559 qum
2686 1497 2759 1556 te,
2790 1502 2824 1544 ο
2860 1487 3051 1560 Virgo.
3080 1504 3301 1561 semper
3348 1490 3583 1550 fideliter

1999 1580 2213 1647 adorat,
2253 1591 2308 1635 tu
2361 1581 2728 1652 undequaque
2768 1591 2923 1638 tuere
2965 1596 2996 1636 a
3048 1584 3310 1651 periculis
3356 1586 3584 1658 captivi-

2000 1673 2128 1728 tatis
2182 1672 2571 1739 Barbarorum,
2621 1673 2865 1728 civilium
2926 1672 3196 1729 bellorum
3238 1678 3507 1744 tenebris,
3554 1694 3585 1734 a

2002 1766 2203 1839 gladio,
2258 1777 2424 1837 atque
2480 1766 2737 1824 infaustis
2777 1767 3026 1823 omnium
3083 1771 3352 1827 malorum
3407 1788 3586 1844 augud

1929 1865 1976 1926 B
2004 1859 2125 1916 riis.

2081 1949 2322 2008 Seminis
2366 1961 2644 2023 expertem
2691 1953 2937 2011 habuisti
2977 1964 3329 2027 conceptum,
3367 1966 3589 2029 partum

2004 2059 2136 2099 vero
2166 2044 2495 2115 cogitatione
2532 2048 2896 2118 superiorem,
2928 2047 3248 2120 incorrupta
3271 2048 3366 2106 Dei
3393 2050 3588 2108 Mater.

2004 2135 2156 2210 Opus
2178 2138 2535 2210 stupendum,
2569 2140 2901 2198 miraculum
2932 2141 3263 2211 maximum,
3287 2142 3358 2199 ab
3382 2146 3591 2216 angelis

2005 2231 2361 2299 honoratum,
2396 2231 2466 2290 ab
2500 2232 2821 2291 hominibus
2859 2234 3250 2305 gloriﬁcatum,
3288 2234 3457 2308 Virgo
3483 2237 3593 2294 Do-

2006 2328 2177 2383 mina.

2079 2420 2389 2489 Quomodo,
2419 2419 2611 2493 Virgo,
2644 2419 2853 2478 laetas?
2887 2420 3173 2490 Quomodo
3196 2425 3431 2496 genuisti
3462 2441 3594 2499 par-

2008 2514 2200 2571 vulum
2248 2514 2422 2570 Adam
2464 2515 2783 2572 seniorem?
2811 2512 3105 2581 Quomodo
3140 2517 3193 2571 in
3228 2517 3373 2575 ulnis
3414 2520 3599 2589 gestas

2011 2604 2166 2663 illum
2203 2608 2299 2680 qui
2329 2617 2579 2679 gestatur
2616 2622 2785 2679 supra
2821 2608 3084 2666 humeros
3113 2609 3492 2667 Cherubicos?
3520 2611 3602 2669 Eo

2016 2700 2180 2757 modo
2219 2716 2383 2773 quem
2419 2700 2534 2774 ipse
2560 2700 2668 2758 scit
2709 2704 2959 2770 et'novit,
2992 2703 3087 2774 qui
3125 2703 3299 2767 ,rcbus
3327 2704 3601 2763 universis

2015 2792 2167 2849 dedit
2196 2807 2346 2848 esse.

2086 2881 2518 2954 Conceptionem
2554 2892 2703 2939 tuam
2754 2882 2877 2939 sine
2921 2884 3152 2951 semine,
3192 2900 3226 2940 ο
3272 2896 3450 2952 easta,
3475 2905 3602 2961 par-

2016 2985 2134 3032 tum
2169 2982 2322 3031 tuum
2367 2976 2982 3047 ineomprehensibilem
3020 2979 3332 3046 laudamus,
3377 2982 3601 3041 Beatam

2017 3067 2098 3126 Te
2127 3080 2531 3139 nuncupantes,
2563 3079 2753 3142 utpote
2790 3069 3018 3128 Matrem
3054 3070 3151 3129 Dei
3186 3071 3436 3133 Factoris
3477 3091 3601 3135 om-

2020 3161 2175 3218 nium
2204 3177 2270 3216 ae
2293 3161 2531 3219 Domini.

418 3276 478 3328 Ὀ
509 3274 693 3329 πάντα
722 3274 853 3345 θείῳ
877 3276 1107 3344 νεύματι
1129 3273 1314 3345 φέρων
1340 3273 1649 3347 κρατεῖται,
1682 3270 1915 3327 Geo-:61:

2092 3252 2198 3319 Qui
2223 3262 2359 3309 nutu
2383 3254 2565 3311 divino
2595 3262 2795 3314 cuncta
2826 3255 3082 3324 sustinet,
3116 3266 3350 3325 tenetur,
3377 3257 3605 3332 Deipara

336 3365 606 3438 Παρθένε,
634 3366 692 3418 ὲν
720 3368 841 3429 ταῖς
870 3366 1140 3435 ἀγκάλαις
1174 3382 1295 3437 σου,
1322 3366 1703 3437 πάνταςοήμᾶς
1736 3364 1919 3446 ἁρπά-

337 3454 449 3519 ζων
482 3455 665 3526 χειρὸς
695 3454 943 3520 δουλείας
972 3455 1065 3510 τοῦ
1098 3454 1366 3527 πονηροῦ.
1386 3455 1464 3521 ὼς
1484 3456 1811 3527 οἰκτίρμων.

410 3548 779 3619 Παρθενεύιις
800 3545 1052 3607 ,τεκοῦσα
1078 3547 1219 3620 ὑπὲρ
1242 3546 1402 3619 λογον
1436 3547 1531 3602 τὸν
1559 3549 1666 3620 πρὸ
1700 3547 1921 3611 πάντων

341 3639 553 3695 αἰώνων
574 3639 907 3710 γεννηθέντα
948 3643 1013 3695 ὲκ
1040 3640 1137 3695 τοῦ
1163 3641 1404 3712 ἀνάρχου
1454 3641 1673 3713 Πατρὸς
1718 3641 1921 3714 apage-

343 3751 505 3798 στως.
538 3732 637 3788 Διά
665 3730 845 3801 τοῦτο,
878 3732 1044 3806 ἁγνὴ,
1072 3732 1132 3787 σὲ
1166 3731 1567 3808 μακαρίζομεν.

413 3925 594 3995 Τόμον
640 3938 699 3977 σε
744 3920 914 3977 πάλαι
964 3921 1229 3977 ἐθεάσατο
1256 3921 1506 3986 Ἡσαΐας,
1540 3922 1922 4004 Ἀειπάρθενε,

345 4020 404 4073 tv
436 4010 482 4087 ᾧ
503 4016 754 4088 δακτύλῳ
777 4014 872 4069 τοῦ
903 4015 1118 4085 Πατρέις
1140 4016 1313 4086 Λόγος
1340 4016 1569 4088 ἄχρονος
1590 4016 1927 4087 ἐγέγραπτο,

346 4115 412 4168 ὲκ
440 4097 621 4181 τέάσης
650 4108 873 4177 ἀλογίας
905 4108 1095 4175 σώζων
1115 4112 1289 4182 ἡμᾶς,
1320 4113 1446 4174 τοὺς
1478 4108 1657 4180 λόγοις
1684 4127 1742 4165 σε
1765 4111 1931 4182 ἱεροῖς

347 4203 744 4273 ὰνυμνοῦντας.

419 4294 743 4365 Φωτοςρόρου
797 4293 1037 4365 προῆλθε
1093 4294 1289 4367 νηδύος
1341 4313 1436 4350 σου
1476 4297 1652 4367 μέγας
1685 4299 1713 4351 ὸ
1743 4295 1933 4361 Ἥλιος

351 4386 611 4457 Χριστὸς.
660 4385 755 4440 καὶ
783 4388 879 4441 τὸν
906 4388 1112 4460 κόσμον
1164 4389 1455 4458 ἐφώτισεν,
1497 4392 1762 4464 ἄχραντε,
1813 4391 1936 4445 sm-

352 4478 595 4549 λάμψεσι
621 4477 898 4549 φαιδραῖς,
917 4482 1011 4532 καὶ
1039 4482 1100 4534 τὸ
1130 4484 1321 4546 σκότος
1348 4484 1510 4553 ἐξῆρε
1538 4483 1597 4537 τὺ
1628 4485 1728 4554 τῆς
1756 4501 1935 4555 παρα·

2022 3344 2209 3419 Virgo,
2250 3348 2361 3403 tuis
2402 3348 2571 3415 ulnis,
2612 3364 2807 3415 omnes
2850 3364 2951 3406 nos
2986 3349 3226 3421 eripiens
3266 3367 3298 3409 e
3344 3353 3610 3412 servitute

2021 3439 2225 3494 diaboli
2258 3448 2316 3495 ut
2352 3440 2685 3496 misericors.
2893 3432 2899 3437 ’

2098 3532 2265 3604 Virgo
2296 3549 2615 3603 perseveras
2664 3544 2951 3605 postquam
2983 3538 3241 3608 peperisti
3270 3538 3614 3596 inetl'ahiliter

2025 3628 2269 3698 genitum
2325 3636 2449 3682 ante
2506 3630 2691 3682 omnia
2746 3631 2944 3685 saecula
2991 3632 3110 3686 sine
3145 3633 3500 3690 successione
3540 3650 3611 3691 es

2027 3720 2189 3775 Patre
2223 3720 2495 3790 principio
2530 3733 2756 3778 carente
2788 3741 2803 3777 :
2838 3732 3148 3795 propterea,
3179 3737 3352 3796 casta,
3386 3738 3438 3785 te
3473 3728 3608 3785 bea-

2028 3822 2137 3869 tam
2168 3815 2552 3883 praedicamus.
2577 3851 2584 3860 ι

2101 3906 2329 3963 Librum
2366 3918 2418 3964 te
2456 3898 2583 3964 olim
2608 3912 2739 3967 vidit
2780 3912 2974 3980 lsaias,
3007 3930 3041 3972 ο
3070 3930 3290 3989 semper
3346 3922 3525 3991 virgo.
3558 3920 3612 3974 in

2032 4016 2142 4072 quo
2194 4002 2365 4073 digito
2407 4004 2589 4059 Patris
2619 4004 2860 4062 Verbum
2909 4008 3067 4065 initio
3115 4025 3311 4067 carens
3363 4013 3619 4067 conseri-

2030 4104 2183 4166 ptum
2222 4106 2325 4163 est,
2367 4102 2511 4168 quod
2557 4115 2620 4155 ex
2649 4102 2801 4155 omni
2853 4101 3157 4158 irrationali
3209 4112 3335 4159 actu
3380 4114 3433 4161 et
3466 4114 3619 4162 motu

2033 4192 2231 4249 liberat
2266 4209 2370 4249 nos
2396 4198 2571 4250 sacris
2600 4206 2653 4252 te
2686 4198 2868 4268 verbis
2892 4199 3293 4256 collaudantes.

2101 4285 2312 4342 Prodiit
2340 4304 2405 4345 ex
2441 4288 2663 4345 lucifera
2688 4300 2781 4347 tua
2813 4291 2935 4348 alvo
2961 4309 3194 4365 magnus
3224 4294 3313 4351 Sol
3339 4295 3619 4366 Christus,

2036 4396 2094 4439 et
2116 4384 2383 4440 mundum
2431 4384 2785 4452 illuminavit,
2816 4401 2849 4440 ο
2893 4386 3269 4454 immaculata,
3320 4390 3491 4446 radiis
3527 4393 3622 4445 lae-

2038 4477 2287 4543 tissimis,
2327 4477 2692 4548 tenebrasque
2724 4479 2933 4551 expulit
2956 4482 3436 4553 transgressionis.
3467 4482 3623 4539 Unde

355 4572 569 4635 ϐάσεως
592 4586 608 4603 ’
644 4571 768 4624 ὅθεν
817 4570 1102 4643 ὑμνοῦμέν
1133 4591 1193 4627 σε
1242 4575 1464 4629 πάντων
1496 4575 1573 4640 ὡς
1611 4577 1792 4662 αἰσίαν
1833 4593 1924 4630 κα·

2042 4568 2333 4623 laudamns
2363 4577 2413 4625 te
2443 4579 2503 4624 ut
2544 4571 2790 4627 omnium
2838 4589 3062 4632 causam
3108 4576 3403 4640 bonorum,
3441 4592 3476 4635 o
3528 4576 3625 4635 Dei

354 4667 483 4735 λῶν,
508 4663 896 4737 θεονύμφειρεε.

2042 4663 2275 4735 Sponsa.

1441 4785 1604 4857 330
1639 4785 1721 4841 Ex
1751 4802 1948 4841 canone
1980 4786 2131 4855 feria
2172 4801 2232 4853 ιι,
2270 4784 2425 4838 Ιιεὺιί,
2460 4797 2536 4836 tv.

433 4906 779 4967 lncarnatum
821 4904 1111 4961 Dominum
1150 4906 1495 4962 ined‘abiliter
1519 4924 1586 4964 ex
1625 4918 1720 4964 tuo
1755 4910 1935 4979 puris-

362 5003 504 5058 simo
541 4998 829 5067 sanguine,
882 4995 1135 5063 Deipara,
1169 5004 1222 5050 et
1265 5005 1487 5067 propter
1524 5014 1626 5056 nos
1657 5008 1831 5055 morte
1882 4999 1938 5077 in

365 5108 531 5151 carne
580 5100 834 5163 susce;ta
873 5089 1258 5145 resuscitatnm
1308 5091 1528 5149 intuens
1574 5107 1605 5149 e
1658 5093 1934 5163 sepulcro,

436 5250 551 5371 ’60)
586 5250 703 5305 Nnn
735 5250 896 5307 aliam
941 5248 1013 5304 ob
1059 5264 1281 5305 causam
1320 5248 1381 5303 Β.
1422 5246 1589 5321 Virgo
1617 5250 1824 5307 dicitur
1865 5254 1947 5306 in-

458 5322 770 5371 natissima.
832 5322 939 5371 nisi
988 5321 1115 5371 auia
1192 5321 1293 5371 fuit
1376 5337 1601 5371 nrorsns
1665 5325 1736 5371 ah
1796 5324 1943 5371 nrnni

368 5321 770 5385 culpatissima.
832 5322 939 5376 nisi
988 5321 1115 5389 quia
1192 5321 1293 5375 fuit
1376 5337 1601 5389 prorsus
1665 5325 1736 5376 ab
1796 5324 1943 5378 enini

368 5392 527 5457 culpa
558 5393 838 5447 immunis.
898 5392 954 5445 Si
1000 5402 1182 5448 autem
1229 5391 1291 5445 B.
1326 5391 1488 5462 Virgo
1531 5391 1631 5446 fuit
1684 5396 1752 5447 ah
1800 5394 1947 5449 omni

370 5462 529 5530 Culpa
576 5464 856 5525 immunis,
911 5477 1041 5531 ergo
1098 5478 1209 5517 non
1269 5464 1446 5518 solum
1499 5465 1569 5518 ab
1612 5466 1813 5518 actuali
1858 5481 1949 5518 ve-

374 5532 524 5595 niali,
574 5540 633 5586 ut
689 5548 880 5602 mnnes
925 5533 1250 5597 mneedunt,
1305 5535 1395 5589 sed
1444 5534 1631 5599 etiam,
1681 5546 1735 5590 et
1774 5538 1947 5590 multo

372 5602 571 5669 niagis,
629 5603 698 5657 ab
733 5604 1007 5672 eriginali.
1058 5602 1114 5659 Si
1170 5606 1315 5659 enim
1372 5606 1514 5660 Deus
1570 5621 1600 5659 a
1639 5608 1944 5662 veniaiihus

373 5674 548 5744 culpis
628 5673 691 5727 B.
783 5672 1058 5741 Virginem
1134 5690 1240 5730 non
1310 5675 1529 5731 fecisset
1604 5679 1937 5743 immunem,

2045 4923 2170 4962 cum
2203 4906 2405 4977 ingenti
2442 4905 2646 4978 gaudio
2665 4905 2986 4977 gloriﬁcastl
3016 4916 3070 4964 et
3101 4910 3485 4983 magnificasti.

2108 4999 2443 5071 Cuncepisti,
2477 5001 2913 5071 ineulpatissima
2951 5002 3087 5074 (ϐυ),
3121 5004 3257 5060 Eum
3300 5008 3393 5078 qui
3434 5022 3630 5065 cuum

2053 5095 2318 5161 continet,
2369 5110 2493 5150 eum
2548 5097 2726 5166 ipsum
2772 5104 2935 5153 carne
2986 5112 3259 5169 generans
3293 5102 3387 5171 qni
3434 5101 3633 5158 deinde

2046 5252 2331 5325 reddendo
2396 5253 2698 5308 immunem
2780 5254 2849 5309 ab
2920 5253 3171 5325 originali
3238 5256 3497 5324 mortali,
3576 5258 3631 5315 vi

2048 5325 2207 5398 istius
2261 5324 2787 5398 fuisset_obj_eetu_m
2824 5324 3177 5398 condignum
3242 5327 3376 5398 odio
3422 5328 3539 5393 Dei,
3578 5340 3636 5386 et

2046 5394 2153 5449 tilia
2199 5396 2290 5451 irae
2334 5404 2389 5449 et
2443 5396 2890 5451 abominationis.
2964 5394 3034 5451 Si
3091 5411 3122 5450 a
3164 5396 3466 5454 venialibus
3522 5415 3634 5457 non

2048 5467 2374 5521 reddidisset
2422 5467 2761 5528 immunem.
2831 5468 3017 5534 adhuc
3050 5465 3142 5536 jus
3194 5468 3508 5525 retinuisset
3562 5470 3629 5524 ad

2047 5537 2414 5592 lia-meditatam
2464 5550 2745 5601 mter-nam,
2771 5553 2894 5607 qum
2942 5546 3026 5593 est
3074 5538 3221 5593 clara
3252 5538 3423 5607 Ipsius
3455 5541 3629 5607 visio;

2048 5620 2102 5679 at
2137 5624 2244 5663 non
2291 5608 2565 5661 reddendo
2597 5609 2894 5663 immunem
2940 5625 2970 5664 a
2998 5610 3513 5679 pereati'originalis
3547 5612 3636 5665 in-

2052 5678 2309 5740 fectione.
2337 5679 2721 5734 excluderetur
2741 5680 2809 5734 de
2832 5680 2973 5735 facto
2993 5678 3023 5735 a
3048 5678 3451 5745 consecutiune,
3485 5681 3634 5738 illius

375 5760 651 5822 nunquam
704 5746 756 5799 ei
816 5745 1079 5822 inimica,
1139 5754 1194 5801 et
1261 5749 1431 5822 invisa
1484 5748 1714 5813 fuisset,
1774 5760 1959 5820 utpote
2069 5752 2272 5821 gloriae.
2306 5752 2435 5806 Item
2488 5752 2679 5820 positis
2713 5750 2766 5805 in
2822 5750 2877 5804 Β.
2917 5750 3136 5822 Virgine
3176 5752 3349 5822 culpis
3398 5752 3632 5819 levibus,

375 5817 581 5872 habens
625 5818 675 5870 in
722 5830 782 5871 se
831 5815 1061 5884 gratiam
1120 5819 1549 5875 sanetitlcantem
1576 5857 1592 5884 ,
1638 5815 1959 5875 eharita'tem

1644 5910 1659 5949 ἶ
1720 5902 1775 5947 at
1852 5908 1960 5948 non

375 5891 523 5943 enim
586 5902 697 5944 non
763 5882 1039 5955 expellunt
1113 5888 1260 5949 leves
1332 5889 1574 5949 defectus

2075 5823 2299 5877 minime
2327 5822 2432 5876 dici
2480 5832 2714 5893 poterat,
2764 5822 3086 5877 maledictus
3135 5823 3270 5887 dies,
3300 5831 3354 5877 et
3396 5826 3526 5878 hora
3580 5824 3633 5877 in

2077 5909 2184 5965 qua
2219 5891 2492 5965 concepta
2523 5891 2719 5951 fuisset
2752 5910 2766 5947 :
2802 5904 2857 5949 at
2884 5894 3139 5966 eriginali
3177 5896 3474 5951 exsistente
3513 5909 3639 5950 vere
