4088 6366
443 503 573 567 1391

1550 498 1611 560 S.
1650 496 1964 558 JOSEPHI
2004 493 2317 556 HYMNOG
2329 495 2566 556 RAPHI

3569 491 3701 554 1392

438 625 674 675 mortem
707 614 957 670 triduana
997 629 1094 669 sua
1135 621 1310 669 morte
1356 613 1633 683 spoliavit.
1675 612 1850 677 Quem
1893 627 2015 675 ora,
2046 617 2094 676 Α
2127 627 2304 681 neque
2345 613 2612 682 gentium.
2645 619 2703 664 ut
2736 619 2806 672 te,
2849 619 3008 681 prout
3042 608 3215 673 decet,
3258 607 3476 680 hymnis
3529 609 3702 664 bono-

436 721 497 766 ut
535 709 730 764 auinnc
769 723 904 764 mea:
952 708 1080 760 vitia
1115 705 1429 769 mortilicet,
1463 721 1656 775 meque
1693 706 1903 760 salvum
1926 691 2024 758 Ὕδ-

435 803 565 856 ciat.

508 891 679 947 Serva
703 899 757 947 et
785 892 953 946 libera
998 889 1274 945 civitatem
1307 905 1372 945 ac
1405 889 1664 960 populum
1697 888 2023 958 confugien-

435 994 542 1040 tem
575 986 642 1039 ad
675 993 748 1048 te,
785 983 879 1038 Dei
913 981 1146 1054 genitrix
1179 980 1368 1052 Virgo,
1397 998 1520 1052 quae
1545 981 1824 1037 Christum
1857 996 2021 1050 pepe-

435 1079 581 1142 risti,
607 1093 674 1132 ex
711 1077 862 1132 omni
893 1076 1206 1130 adversaria
1238 1075 1342 1141 ira,
1383 1083 1436 1130 et
1469 1075 1704 1142 excidio,
1749 1074 2023 1130 incursio-

435 1239 708 1292 dicerrtur
740 1238 1024 1292 maledicta
1064 1238 1348 1304 conceptio
1393 1237 1450 1288 lt.
1483 1234 1721 1302 Virginis
1752 1234 1915 1297 sicut,
1965 1243 2021 1289 et

435 1309 554 1372 Job,
584 1319 639 1362 et
668 1309 1003 1376 reliquorum
1041 1310 1345 1360 hominum.
1382 1304 1518 1359 Hinc
1563 1304 1763 1358 Bustus
1802 1306 1854 1358 in
1876 1304 2021 1376 _Ma-

434 1379 582 1441 riali,
611 1374 802 1433 sermf
828 1380 879 1443 7,
912 1380 974 1432 de
1016 1378 1264 1444 Concept.
1301 1385 1442 1446 part.
1480 1391 1519 1439 ι,
1551 1377 1630 1428 ait
1671 1392 1684 1428 ε
1725 1393 1743 1426 ι
1786 1376 1844 1429 Si
1875 1374 2021 1429 Deus

435 1452 807 1528 prmservavit,
847 1461 900 1503 et
941 1449 1188 1528 defendit
1222 1447 1496 1528 Virginem
1529 1446 1838 1528 gloriosam
1870 1461 1900 1499 τι
1928 1461 2021 1498 ve-

436 1515 568 1574 niali
601 1530 848 1588 peccato,
890 1521 1034 1588 quod
1081 1534 1186 1572 non
1220 1515 1396 1588 privat
1425 1515 1752 1588 gratiaiDei,
1777 1527 1834 1588 et
1873 1527 2020 1588 stare

436 1587 615 1665 potest
646 1604 799 1665 _eum
832 1587 1122 1665 charitate,
1161 1587 1230 1642 ut
1268 1587 1457 1665 dicunt
1484 1587 1747 1655 theoloigi,
1779 1587 1830 1665 i_n
1872 1587 1930 1649 4,
1956 1589 2014 1642 d.

434 1658 526 1726 '21,
557 1669 611 1714 et
644 1660 747 1714 hoc
771 1668 829 1712 ut
871 1669 1016 1715 esset
1055 1661 1245 1713 idonea
1295 1659 1473 1712 Mater
1502 1673 1623 1720 sua,
1653 1666 1708 1714 et
1755 1658 1827 1712 ob
1863 1673 2017 1712 amo-

437 1747 550 1784 rem
586 1746 748 1800 quem
786 1731 887 1796 ipsi
934 1732 1002 1784 ab
1032 1740 1235 1784 aeterno
1268 1729 1543 1800 portavit:
1579 1727 2016 1800 ergo__inconve-

435 1797 838 1855 niensvidetur
884 1800 1107 1855 credere
1147 1797 1292 1868 quod
1337 1797 1658 1868 permiserit
1709 1797 1857 1854 illam
1908 1799 2016 1854 labi

436 1873 489 1924 in
539 1871 792 1941 originali
851 1880 1074 1941 peccato
1117 1874 1366 1940 privante
1417 1871 1591 1941 gratia
1640 1869 1846 1924 divina.
1895 1869 2013 1923 Non

2131 719 2314 763 rantes
2346 707 2780 776 magnificentius.

2469 798 2556 852 Ea:
2590 815 2786 852 canone
2818 797 2964 865 feria:
2996 813 3078 862 ιιι,
3110 797 3258 851 hebd.
3295 813 3366 850 iv.

2197 889 2352 948 Sicut
2375 891 2586 944 Aurora
2628 891 2807 944 Solem
2843 891 2896 943 in
2923 890 3065 945 ulnis
3093 890 3293 954 ferens,
3321 887 3486 960 Virgo
3516 897 3705 943 exorta

2123 993 2178 1037 et
2218 983 2378 1037 nobis
2409 983 2466 1036 in
2505 992 2666 1036 nocte
2701 983 3018 1036 sedentibus
3053 980 3186 1051 (6i).

2190 1073 2262 1129 Ut
2288 1074 2575 1129 Deiﬁcaret
2599 1075 2916 1143 humanum
2947 1089 3122 1144 genus
3151 1073 3298 1129 Deus
3325 1074 3491 1130 homo
3529 1074 3707 1128 factus

2129 1233 2275 1288 luce.
2312 1233 2570 1303 Secundo
2600 1231 2732 1287 facit
2765 1240 2818 1286 et
2853 1233 3113 1300 maxime,
3141 1235 3286 1303 quod
3319 1250 3439 1289 cum
3476 1235 3542 1288 de
3573 1236 3708 1289 stel-

2125 1305 2192 1359 lis
2239 1306 2480 1373 loquitur
2512 1302 2634 1365 Job,
2666 1319 2762 1372 per
2793 1320 2931 1372 quas
2969 1302 3168 1372 procul
3195 1308 3359 1359 dubio
3390 1306 3564 1361 sancti
3601 1306 3709 1373 ipsi

2123 1375 2542 1445 signiﬁcantur,
2601 1375 2989 1445 obtenebratas
3047 1377 3167 1430 illas
3220 1377 3456 1445 caligine
3524 1377 3711 1433 noctis

2123 1444 2290 1513 hujus
2329 1445 2691 1516 pronuntiat?
2725 1444 2873 1513 quod
2925 1455 3078 1501 certe
3131 1461 3236 1500 non
3284 1444 3559 1501 videretur
3619 1463 3712 1502 ve-

2123 1531 2270 1580 rum,
2309 1517 2355 1571 si
2389 1525 2572 1569 ortum
2612 1531 2679 1570 ex
2715 1524 2869 1568 utero
2900 1517 3065 1586 etiam
3104 1518 3154 1569 in
3187 1517 3518 1586 quihusdam
3550 1517 3710 1586 ipso-

2124 1601 2244 1641 rum
2294 1595 2689 1655 spectaremus,
2720 1595 2782 1640 ut
2823 1586 2893 1640 de
2918 1585 3129 1640 Joanne
3165 1585 3428 1656 Baptista,
3462 1599 3516 1642 et
3549 1585 3710 1643 Iere-

2125 1659 2236 1711 mia
2266 1672 2460 1712 omnes
2491 1656 2863 1719 concedimus,
2901 1657 3046 1711 sicut
3073 1657 3336 1727 scriptum
3370 1669 3494 1713 est:
3529 1677 3548 1710 ι
3587 1660 3709 1714 Διι-

2125 1733 2346 1799 tequam
2372 1731 2550 1782 exires
2588 1729 2654 1781 de
2683 1727 3225 1790 vnlva,lsanctilicavi
3259 1739 3327 1783 te.
3355 1749 3372 1781 ι
3413 1727 3635 1799 (Jerem.
3667 1747 3709 1796 ι,

2125 1797 2213 1867 5.)
2234 1798 2351 1852 Non
2387 1799 2553 1867 igitur
2597 1807 2745 1853 recte
2772 1808 2994 1866 excepta
3047 1800 3240 1855 inissa
3268 1801 3382 1854 sola
3419 1797 3618 1856 aurora
3649 1803 3705 1856 in

2127 1879 2272 1931 ortu,
2313 1879 2573 1942 tauquam
2622 1875 2847 1942 peccato
2891 1868 3036 1924 illius
3073 1870 3248 1924 noctis
3299 1872 3493 1937 libera,
3527 1873 3570 1926 si
3606 1888 3712 1942 per

436 1941 584 1995 enim
613 1938 758 1996 esset
786 1938 948 2019 vei-us
975 1938 1150 2019 amor,
1185 1941 1229 2019 si
1265 1942 1390 2019 quis
1424 1938 1744 2019 defenderet
1775 1943 2012 1994 amicum
2048 1963 2090 2019 Β
2122 1949 2302 2019 ortum
2335 1939 3029 2019 posteriornsignilicaretur
3055 1941 3334 2019 nativitas,
3365 1957 3488 1995 eum
3511 1952 3564 1996 et
3598 1938 3712 2019 hoc

436 2028 622 2074 suum,
659 2028 725 2066 ne
762 2012 842 2066 vel
876 2013 1150 2066 modicum
1187 2009 1375 2065 leviter
1415 2009 1821 2074 verberaretur,
1850 2027 2011 2080 quem

437 2094 621 2136 tamen
657 2097 750 2151 per
787 2083 969 2151 gulam
1023 2083 1309 2152 suspendi,
1341 2082 1427 2137 vel
1461 2089 1638 2151 capite
1677 2084 2022 2151 permitteret

435 2153 773 2207 detruncari.
816 2172 833 2204 ι
871 2154 962 2208 Sic
992 2154 1214 2206 Bustus.

507 2223 621 2292 (6t)
655 2223 961 2294 _Angelicus
1015 2224 1215 2294 Doctor
1265 2225 1322 2283 5,
1357 2238 1413 2293 p.
1449 2238 1507 2293 q.
1540 2221 1724 2294 27,3.
1772 2221 1828 2288 2,
1865 2223 2018 2278 illum

437 2290 618 2347 locum
649 2290 772 2348 Jobi
803 2309 885 2351 ιιι.
921 2295 1010 2348 ubi
1051 2293 1116 2349 de
1141 2290 1592 2348 diabolo'dieitur
1623 2291 1902 2363 Exspectat
1937 2295 2020 2347 lu-

435 2380 544 2420 cem
598 2375 645 2417 et
695 2380 797 2418 non
834 2365 1030 2428 rideat,
1100 2382 1193 2418 nec
1237 2375 1412 2417 ortum
1465 2367 1727 2433 surgentis
1783 2382 2017 2430 aurai-cc,

444 2435 500 2489 in
561 2449 726 2488 sensu
805 2435 1026 2506 litterali
1069 2436 1192 2506 (etsi
1237 2435 1647 2506 metaphor-ica)
1695 2437 1918 2506 exponit
1952 2437 2019 2490 de

434 2513 596 2574 nocte
650 2504 860 2573 peccati
913 2505 1196 2573 originalis
1236 2505 1322 2559 his
1368 2503 1571 2574 verbis
1602 2503 1674 2558 ε’(
1733 2503 2018 2574 Exspectat

442 2573 653 2638 Lucem,
686 2575 739 2626 id
787 2583 889 2636 est,
935 2574 1240 2636 Christum,
1270 2581 1324 2626 et
1355 2589 1459 2626 non
1491 2573 1690 2637 videat,
1723 2573 1859 2641 quia
1886 2577 2019 2630 nihil

437 2645 783 2713 inquinatum
823 2645 1053 2697 incurrit
1082 2644 1135 2696 in
1178 2642 1538 2710 Sapientiam,
1577 2658 1698 2712 qua!
1737 2657 1822 2697 est
1859 2645 2017 2699 Chri-

437 2725 557 2778 tus,
583 2723 643 2768 ut
669 2714 870 2768 dicitur
899 2713 1028 2783 Sap.
1056 2729 1153 2777 vn;
1186 2729 1278 2768 nec
1298 2723 1474 2767 artum
1497 2715 1757 2782 surgentis
1783 2730 2015 2779 auram,

437 2787 488 2839 id
514 2793 620 2848 est,
647 2785 709 2840 Β.
748 2783 1014 2854 Virginis,
1045 2799 1166 2854 quae
1190 2786 1243 2838 in
1269 2799 1371 2839 suo
1391 2792 1516 2854 ortu
1544 2799 1576 2836 a
1609 2794 1830 2853 peccato
1849 2787 2018 2854 oi-igi-

435 2856 546 2909 nali
605 2855 705 2910 fuit
753 2852 1100 2909 immuniin
1145 2854 1233 2908 Sic
1286 2855 1393 2910 ille.
1441 2852 1577 2906 Cum
1615 2852 1823 2918 autem,
1873 2852 2016 2909 idem

436 2927 501 2980 Ι).
533 2925 773 2981 Thomas
801 2928 854 2979 in
903 2941 1023 2994 eap.
1057 2941 1070 2979 ι
1104 2923 1362 2989 Matthaci,
1395 2924 1665 2994 duplicem
1688 2933 1892 2989 ortum,
1920 2939 2014 2980 seu

435 2997 774 3051 nativitatem
818 2993 1102 3065 agnoScat,
1129 2996 1337 3050 scilicet
1368 2993 1701 3049 nativitatem
1748 2995 1804 3048 in
1831 3005 2014 3060 utero,

435 3083 556 3135 qua:
574 3078 658 3121 est
680 3067 851 3136 prima
877 3066 1155 3136 formatio,
1181 3076 1233 3120 et
1256 3065 1595 3136 nativitatem
1620 3081 1688 3136 ex
1708 3074 1883 3131 utero,
1909 3082 2017 3134 qua

435 3134 561 3206 quis
591 3134 701 3191 exii
725 3139 779 3190 in
806 3140 982 3191 lucem
1016 3155 1028 3190 :
1064 3155 1082 3188 ι
1115 3135 1275 3190 Nasci
1303 3139 1368 3190 th
1411 3134 1602 3194 Matre.
1628 3135 1825 3206 inquit,
1858 3148 1939 3190 est
1962 3137 2018 3190 in

437 3208 614 3261 lucem
650 3208 891 3276 prodire,
925 3208 978 3260 in
1012 3207 1182 3261 Matre
1217 3207 1364 3260 nasci
1397 3216 1480 3260 est
1514 3207 1689 3275 ipsum
1716 3208 1955 3275 concipi.
1991 3227 2011 3259 ι

437 3277 516 3333 Ex
554 3282 656 3362 hoc
687 3278 807 3363 loeto
853 3290 1235 3363 arguInientturn
1279 3279 1480 3331 bonum
1515 3278 1637 3331 elici
1679 3292 1838 3357 posse
1867 3277 2018 3332 vide-
2043 3300 2090 3363 ρ

437 3357 530 3401 tur
557 3349 624 3402 ad
655 3349 1092 3401 conﬁrmandum
1129 3347 1299 3401 fuisse
1342 3359 1609 3407 sanctam.
1644 3356 1699 3401 et
1748 3349 2018 3402 immacu-

438 3418 604 3471 latam
676 3434 783 3474 non
849 3421 1011 3472 modo
1067 3417 1303 3485 Virginis
1352 3421 1714 3478 nativitatem,
1755 3420 2022 3486 adquam

438 3504 564 3543 cum
625 3489 803 3542 locum
858 3489 1022 3543 refert
1165 3490 1426 3552 Thomas,
1460 3489 1554 3542 sed
1599 3489 1762 3541 etiam
1811 3488 2023 3543 Conce-

440 3560 722 3627 ptionem?
753 3577 772 3610 ‹
812 3558 1000 3627 Neque
1029 3561 1174 3612 enim
1196 3568 1372 3628 potest
1396 3560 1602 3629 negari,
1638 3559 1812 3628 inquit
1835 3560 2027 3613 Valen-

441 3631 514 3684 tia
569 3632 620 3683 in
671 3644 729 3683 ιιι
776 3646 830 3698 p.
884 3630 945 3683 υ.
983 3629 1226 3694 Thomae,
1272 3639 1417 3683 tonio
1473 3631 1561 3692 IV,
1606 3629 1746 3698 disp.
1793 3632 1848 3698 2.
1881 3647 1937 3698 q.
1982 3646 2021 3693 t,

435 3709 642 3768 puncto
673 3702 728 3762 ‘2,
765 3697 894 3770 quin
929 3701 1010 3754 vel
1044 3703 1277 3753 maxime
1311 3700 1608 3768 Concieptio
1636 3697 1751 3767 ipsa
1782 3697 2022 3770 Virginis

441 3771 608 3824 fuerit
632 3786 852 3840 quoque
867 3772 983 3841 ejus
1001 3783 1188 3832 ortus;
1220 3772 1294 3824 rei
1329 3787 1565 3840 namque
1586 3780 1766 3841 ortum
1787 3773 2024 3827 maxime

441 3843 677 3897 dicimus
724 3858 846 3897 esse
877 3840 1052 3911 ipsum
1086 3844 1162 3895 rei
1200 3842 1550 3910 principium.
1602 3861 1621 3892 ι
1659 3840 1793 3894 llinc
1825 3841 2025 3896 Cathe-

440 3926 598 3982 rmus
651 3913 702 3965 in
757 3928 853 3966 Sua
908 3916 1174 3981 Disputat.
1209 3927 1306 3982 pro
1361 3914 1710 3966 immaculata
1760 3911 1819 3964 Β.
1875 3911 2020 3982 Virg.

441 3981 704 4050 Concept.
741 3983 834 4037 lib.
879 3998 916 4043 ι,
956 3990 1023 4037 ad
1059 3985 1351 4051 quosdam,
1389 3985 1481 4051 qui
1512 3984 1844 4037 adducentes
1880 3981 2026 4038 hunc

441 4051 564 4107 Jobi
595 4053 774 4107 locum
803 4072 816 4108 :
855 4053 1140 4121 Exspecta
1165 4055 1335 4107 lucem
1366 4063 1414 4106 et
1442 4071 1545 4107 non
1579 4056 1778 4115 videat,
1815 4069 1905 4106 nec
1932 4071 2024 4107 or-

447 4134 563 4177 tum
608 4125 870 4194 surgentis
909 4141 1139 4189 anrarw,
1182 4136 1236 4178 et
1279 4128 1346 4179 de
1395 4134 1619 4194 peccato
1657 4125 1908 4194 originali
1948 4125 2024 4178 ibi

444 4209 755 4248 sermonem
785 4210 908 4250 esse
952 4205 1280 4260 asaerentes,
1311 4196 1454 4264 quod
1496 4212 1602 4248 non
1635 4197 1770 4250 vidit
1796 4194 2021 4260 Lucem,

445 4279 567 4332 qua:
609 4277 693 4319 cst
721 4265 995 4331 Christus,
1021 4283 1131 4336 quo
1164 4267 1312 4320 iilnm
1347 4265 1564 4333 penitus
1595 4282 1701 4320 non
1731 4269 2022 4330 conclusit,

447 4351 550 4388 nec
574 4344 776 4405 ortum,
814 4336 866 4389 id
910 4347 1013 4400 est,
1042 4335 1390 4389 Nativitateni
1439 4341 1721 4405 surgentis
1772 4338 2023 4398 Aurorae,

444 4420 566 4473 qua:
592 4414 674 4457 est
699 4404 862 4457 Maria
891 4423 902 4457 :
931 4406 1053 4460 inde
1085 4406 1408 4465 inferebant,
1431 4404 1572 4472 quod
1606 4409 1720 4461 sola
1745 4407 2021 4470 nativitas,

443 4486 498 4528 et
553 4488 663 4528 non
716 4481 1000 4545 conceptio
1058 4476 1242 4528 Maria:
1289 4477 1700 4543 excipiebatur,
1765 4486 1817 4530 et
1854 4477 1921 4528 ab
1959 4491 2026 4530 eo

444 4559 671 4618 peccato
711 4556 826 4598 erat
857 4547 1137 4612 immunis,
1172 4549 1224 4600 iii
1257 4548 1400 4600 hunc.
1431 4549 1649 4600 modum
1687 4547 2021 4618 respondet:

445 4617 736 4686 Exponnnt
789 4628 970 4670 ortum
1023 4622 1248 4672 Aurora:
1309 4632 1408 4687 pro
1472 4617 1789 4672 Nativitate
1820 4618 2020 4682 Μαι-ξιξ,

445 4666 567 4756 ιιιιὲ
597 4687 699 4741 fuit
729 4702 796 4740 ex
827 4697 1016 4754 utero;
1051 4705 1147 4743 cur
1172 4705 1280 4742 non
1309 4666 1489 4757 potius
1521 4705 1618 4757 pro
1648 4690 1738 4744 illa
1767 4705 1887 4758 qua:
1921 4666 2022 4743 inii
2055 4666 2099 4722 Β

446 4762 500 4811 in
533 4764 728 4812 utero?
756 4760 867 4812 (Zur
897 4763 1042 4812 enim
1076 4762 1174 4813 ιιι-ι
1214 4764 1323 4828 isti,
1359 4771 1414 4813 ut
1458 4764 1777 4828 sa-pissiine,
1809 4770 1861 4814 ct
1889 4761 2022 4813 mul-

446 4839 519 4883 tis
587 4833 722 4886 lueis
784 4842 976 4884 contra
1047 4831 1290 4884 Dominae
1351 4846 1640 4902 puritatem
1701 4839 2017 4901 perpetuam

448 4914 694 4968 agentes,
737 4914 939 4967 ortum,
993 4913 1044 4956 et
1105 4904 1442 4956 nativitatem
1500 4919 1597 4971 pro
1651 4905 1767 4972 ipsa
1820 4919 2020 4957 eonce-

448 4984 633 5039 pttone
665 4977 964 5040 accipiunt,
997 4988 1160 5041 atque
1206 4984 1488 5043 exponunt
1534 4978 1697 5028 etiam
1733 4975 1931 5033 verbis.
1966 4984 2020 5028 ct

446 5054 630 5094 tuente
675 5057 960 5096 auctorum
1002 5050 1449 5114 repugnantibus,
1485 5055 1544 5099 ut
1579 5063 1680 5100 suo
1710 5046 1830 5099 loco
1867 5061 2018 5099 mon-

446 5114 663 5177 strabo;
699 5131 843 5167 nunc
868 5125 1071 5180 autem,
1111 5120 1200 5170 uni
1234 5121 1370 5170 ratio
1400 5117 1632 5171 maxime
1663 5117 1948 5180 suadebat,
1969 5124 2022 5168 et

447 5183 569 5250 pius
598 5185 749 5237 favor
785 5184 940 5238 Matri
972 5186 1084 5248 Dei,
1122 5200 1300 5240 ortnin
1334 5203 1544 5242 aurora:
1580 5205 1677 5256 pro
1714 5191 2016 5251 nativitatc,

447 5270 568 5322 quae
603 5273 666 5307 ex
702 5267 1018 5327 utero,iiuii
1052 5275 1171 5327 qua:
1223 5259 1273 5310 in
1321 5271 1496 5323 utero,
1541 5264 1704 5312 \‘eiint
1738 5276 1837 5314 nos
1882 5261 2018 5311 reci~

447 5339 592 5393 prie,
634 5335 689 5376 ut
746 5329 844 5380 hoc
883 5326 1128 5383 Domina:
1179 5330 1519 5399 privilegium
1571 5329 1912 5398 extinguunt?
1948 5331 2017 5383 Αι

445 5399 875 5471 ιιυςμιιιδςυηιιις
930 5413 1113 5467 potius
1170 5416 1266 5468 pro
1321 5404 1494 5471 gloria
1538 5403 1759 5470 lli-gina:
1814 5409 2016 5455 nostra:

444 5467 609 5520 simili
678 5471 841 5522 modo
903 5467 1197 5537 exponere,
1233 5467 1371 5527 sicut
1423 5473 1512 5525 illa
1553 5467 1759 5527 faciunt
1821 5481 2013 5525 contra

443 5539 616 5613 illam,
661 5552 719 5592 ut
752 5551 931 5595 ortum
975 5559 1149 5609 ipsum
1199 5559 1296 5612 pro
1347 5545 1467 5611 ipso
1499 5547 1673 5613 primo
1710 5551 1832 5598 ortu
1867 5546 2014 5596 acci-

441 5612 677 5678 piamus,
707 5615 799 5679 qui
843 5615 944 5665 luit
974 5618 1022 5665 in
1059 5625 1211 5668 utero
1253 5629 1374 5667 cum
1413 5612 1510 5668 est
1535 5625 1820 5683 concepta,
1853 5630 2011 5682 quem

443 5691 623 5754 ortum
651 5685 1048 5749 proculJlubio
1079 5696 1194 5738 atra
1229 5685 1316 5738 illa
1343 5687 1553 5754 peccati
1582 5702 1684 5739 nox
1716 5701 1824 5738 non
1857 5686 2009 5738 vidit.

443 5751 600 5826 Quod
640 5766 823 5826 autem
855 5757 923 5808 ita
967 5772 1089 5810 vere
1123 5757 1319 5825 exponi
1343 5751 1555 5823 debeat,
1594 5757 1828 5826 primum
1861 5757 2008 5822 facit,

439 5823 584 5900 quod
629 5825 752 5900 ipsa
785 5826 1061 5900 decenter
1119 5823 1218 5897 pro
1253 5842 1448 5882 aurora
1496 5823 1856 5898 signiﬁcatur,
1890 5843 2013 5896 qua

439 5893 643 5968 Christi
689 5896 796 5952 inci
843 5893 1179 5967 adjungitn—r,
1213 5915 1334 5968 qua:
1364 5909 1512 5954 certe
1549 5893 1719 5953 Simul
1753 5916 1875 5954 cuni
1905 5893 2007 5961 est,

438 5978 564 6019 cum
597 5966 719 6023 luce
754 5971 871 6040 ipsa
911 5966 1026 6041 est,
1049 5966 1326 6042 nunquam
1359 5980 1441 6028 est
1484 5974 1630 6027 enim
1660 5985 1860 6028 aurora
1892 5973 2009 6026 sine

2125 2010 2193 2064 de
2220 2010 2496 2077 aliquibus
2523 2009 2693 2063 stellis
2724 2024 2910 2062 verum
2939 2018 3103 2065 esset.
3151 2011 3216 2064 Et
3253 2022 3432 2068 tamen
3467 2017 3715 2069 sanctis-

2127 2084 2305 2134 simus
2333 2078 2458 2143 Job,
2489 2089 2550 2134 ut
2576 2079 2722 2132 illam
2773 2080 2902 2153 luci,
2939 2081 2991 2134 id
3032 2090 3136 2142 est,
3165 2081 3387 2137 Christo
3434 2084 3709 2153 adiunge-

2129 2161 2239 2223 ret,
2270 2161 2519 2223 etsuper
2542 2165 2733 2223 omnes
2759 2152 2969 2223 stellas,
3003 2153 3055 2205 id
3093 2162 3198 2215 est,
3231 2163 3474 2217 sant-tos,
3507 2152 3709 2223 Singu-

2122 2220 2310 2276 lariter
2341 2221 2950 2293 nnignilicaret._solnm
3005 2223 3124 2291 ejus
3161 2233 3343 2277 ortum
3381 2220 3708 2293 excipitiut

2124 2293 2309 2349 Stellas
2362 2308 2555 2347 omnes
2587 2307 2694 2360 pra:
2724 2291 2811 2345 illa
2858 2294 3184 2347 obscuratas
3213 2295 3436 2350 faceret.
3478 2291 3568 2350 Sic
3597 2296 3706 2352 Ca-

2124 2364 2395 2417 therinus.
2444 2362 2708 2416 Praedicta
2745 2363 2906 2415 etiam
2941 2360 3062 2417 Jobi
3099 2364 3262 2418 verba
3310 2381 3338 2418 a
3379 2366 3434 2420 S.
3484 2364 3698 2423 Thema

2119 2434 2283 2488 allata
2314 2434 2630 2502 expendens
2682 2433 2930 2502 Andreas
2973 2431 3166 2488 Pintns
3203 2436 3452 2490 Ramirez
3500 2439 3551 2490 in
3595 2455 3701 2494 suo

2123 2520 2287 2571 opere
2319 2501 2650 2572 De’concept.
2695 2501 2757 2556 Β.
2793 2501 2934 2574 Virg.
2969 2520 3022 2558 η.
3049 2505 3174 2568 367,
3208 2507 3260 2559 in
3297 2506 3442 2561 hunc
3474 2511 3696 2564 modum

2123 2576 2316 2630 scribit
2349 2592 2362 2627 :
2401 2591 2418 2624 ι
2469 2575 2642 2650 Quam
2694 2575 2865 2629 libere
2893 2583 3051 2650 ortus
3095 2579 3368 2650 abutere
3399 2579 3488 2634 hlc
3527 2581 3700 2650 expli-

2123 2657 2303 2708 catur,
2335 2655 2440 2719 tam
2474 2645 2643 2698 libere
2675 2658 2856 2698 ortum
2892 2645 2947 2699 in
2977 2657 3150 2719 utero,
3181 2647 3233 2700 id
3264 2657 3347 2703 est
3381 2645 3697 2719 cenet-ptio-

2123 2716 2583 2785 nemppassivam,
2647 2730 2946 2781 possumus
2998 2717 3297 2785 explicare,
3356 2727 3410 2774 et
3464 2716 3697 2777 fortasse

2122 2783 2294 2859 magis
2333 2797 2577 2859 0098""?
2610 2785 2884 2859 vulgatam
2917 2783 3321 2859 nostr—antiqui
3352 2801 3433 2845 est
3454 2794 3697 2859 optimus

2119 2854 2426 2928 explicandi
2455 2853 2674 2928 modus)
2712 2853 2835 2928 aliis
2867 2853 3221 2928 versionibus
3246 2853 3632 2918 conciliantes.
3669 2875 3702 2916 ν

2126 2921 2356 2976 Sanctus
2387 2923 2531 2977 enim
2581 2921 2858 2990 Pagninus
2894 2924 3183 2981 Themista
3227 2929 3460 2984 fideliter
3489 2950 3553 2988 ex
3587 2937 3699 2990 He-

2124 2995 2298 3068 ιινειιοΔ
2324 2994 2403 3068 sic
2439 2997 2602 3068 vertit
2642 3010 2655 3068 ς
2706 3011 2723 3044 ι
2762 2995 3054 3063 Exspectet
3101 2997 3301 3068 lucem,
3348 3010 3402 3053 et
3442 3018 3548 3056 non
3600 3008 3696 3068 sit,

2123 3079 2224 3118 nec
2252 3064 2429 3117 videat
2449 3065 2811 3142 _splendorein
2847 3079 3084 3142 aurorae.
3130 3084 3146 3117 ι
3183 3065 3348 3142 Oitus
3382 3085 3514 3142 ergo
3547 3064 3694 3142 apud

2123 3144 2369 3207 nostrum
2447 3135 2795 3207 interpretem
2851 3135 3198 3207 splendorem
3258 3135 3532 3207 significat
3564 3135 3598 3205 ,’
3641 3151 3700 3194 et

2123 3205 2380 3271 splendor
2409 3204 2658 3274 absolute
2699 3206 2766 3259 de
2798 3210 2991 3274 quovis
3039 3206 3220 3260 Maria:
3263 3204 3487 3262 instanti
3542 3210 3696 3265 venit

2125 3276 2496 3344 nsurpandus.
2536 3273 2992 3345 Vatablus’legit:
3030 3296 3047 3328 ι
3082 3277 3372 3346 Exspectet
3409 3280 3609 3346 lucem,
3641 3288 3697 3334 et

2127 3361 2233 3399 non
2266 3347 2426 3420 adsit,
2453 3360 2552 3399 nec
2572 3347 2748 3420 videat
2780 3347 3063 3420 palpebras
3097 3364 3391 3420 aurorae.)
3436 3349 3545 3405 llas
3576 3352 3696 3420 pai-

2125 3421 2324 3492 pebras
2351 3416 2550 3492 frustra
2584 3419 2651 3470 ad
2683 3419 3022 3492 nativitatem
3060 3419 3233 3492 magis
3267 3417 3502 3492 deferas,
3529 3416 3696 3492 quam

2127 3487 2195 3562 ad
2223 3487 2671 3562 _concepti0p_em.
2709 3487 2762 3562 In
2795 3504 2853 3562 re
2876 3501 3011 3562 ergo
3045 3489 3207 3562 dubia
3250 3491 3424 3559 magis
3450 3487 3696 3562 congrue

2125 3561 2192 3611 ad
2223 3558 2483 3612 honorem
2522 3555 2764 3628 Virginis
2795 3559 2946 3612 locus
2983 3559 3224 3624 ducitur,
3253 3555 3416 3628 quam
3460 3555 3699 3618 trahitur

2126 3629 2192 3680 ad
2226 3629 2478 3698 impium.
2514 3627 2618 3682 Sed
2653 3630 2777 3682 audi
2817 3630 2948 3697 quid
2992 3645 3092 3698 pro
3131 3627 3308 3685 littera
3342 3632 3543 3689 Pineda
3579 3634 3696 3690 ibi:

2132 3716 2150 3748 ι
2189 3698 2338 3772 Inter
2387 3700 2626 3768 reliquas
2684 3701 3091 3772 translationes
3135 3701 3250 3755 hate
3313 3702 3696 3772 palpebrarum

2127 3769 2394 3845 illustrior
2416 3781 2519 3845 est,
2551 3770 2696 3845 quod
2722 3773 2938 3845 oculum
2972 3771 3096 3825 ραιιί
3121 3769 3375 3841 respiciat
3404 3769 3424 3827 Ξ
3460 3790 3700 3845 namque

2121 3844 2297 3902 solum
2340 3841 2466 3895 caeli
2511 3840 2732 3895 oculum
2767 3843 2985 3915 videtur
3019 3840 3225 3915 aurora
3250 3845 3407 3912 quasi
3441 3857 3560 3915 post
3597 3840 3700 3900 no-

2127 3924 2384 3967 cturnuui
2421 3927 2695 3980 soporem,
2735 3923 2789 3965 et
2815 3913 2998 3965 clausa
3046 3913 3276 3977 lumina,
3311 3913 3506 3969 iterum
3540 3917 3701 3971 didu-

2128 3984 2253 4046 ctis,
2281 3991 2334 4035 et
2375 3983 2580 4050 apertis
2631 3983 2908 4052 palpebris
2958 3982 3291 4052 vigilantem,
3324 3997 3379 4039 et
3417 3989 3698 4042 videntem

2129 4054 2331 4126 mundo
2361 4053 2608 4126 reddere.
2649 4071 2674 4126 ιΔ
2700 4052 2876 4126 Divini
2909 4067 3038 4122 ergo
3066 4052 3244 4119 Oculi,
3273 4057 3323 4110 id
3362 4066 3466 4119 est,
3509 4056 3702 4126 Verbi,

2129 4124 2383 4191 palpebra
2412 4125 2518 4175 erit
2547 4123 2735 4184 Maria,
2755 4126 2799 4178 si
2831 4123 3040 4177 Aurora
3074 4135 3158 4180 est
3179 4141 3245 4179 ex
3265 4140 3440 4182 tuente
3469 4126 3531 4183 ι).
3559 4123 3706 4184 ’Πιοέ

2130 4210 2251 4258 mae,
2285 4205 2338 4246 et
2365 4194 2491 4263 quis
2521 4195 2663 4268 tanti
2695 4195 3164 4268 Oculipalpebras
3188 4197 3384 4268 lippas,
3414 4214 3468 4253 et
3500 4203 3703 4254 conni-

2128 4275 2316 4317 ventes
2350 4265 2680 4333 quandoque
2713 4267 3081 4320 existimabit?
3112 4265 3167 4320 Si
3200 4265 3335 4322 nihil
3359 4286 3412 4324 in
3443 4269 3700 4327 Divinam

2129 4335 2306 4412 lucem
2363 4335 2641 4412 Christum
2707 4337 2940 4391 incurrit
2996 4339 3363 4408 inquinatum,
3419 4357 3518 4396 cur
3575 4343 3704 4412 ejus

2128 4404 2452 4480 hiategnhi
2488 4405 2580 4480 lux
2614 4409 3033 4480 ista,tanqnain
3069 4404 3209 4480 inter
3237 4413 3546 4480 palpebras,
3591 4404 3704 4466 no—

2130 4477 2236 4548 bis
2275 4475 2588 4544 fulguravit,
2632 4475 2993 4548 denigratur?
3024 4481 3080 4533 Si
3130 4475 3303 4536 Maria
3328 4475 3560 4536 'Aurora
3609 4500 3705 4540 est

2129 4545 2273 4622 Solis
2331 4549 2693 4622 uirtuticulati,
2751 4545 2846 4622 cur
2903 4551 3214 4616 maculata,
3261 4555 3372 4608 imo
3410 4565 3704 4622 oppetcns,

2128 4619 2274 4694 quod
2327 4617 2618 4694 Cpttcrpttt
2653 4620 2891 4694 appetit,
2942 4623 3306 4690 profanatur?
3357 4617 3529 4694 Maius
3586 4617 3702 4692 est,

2127 4691 2273 4758 quod
2301 4689 2472 4742 voluit
2501 4691 2560 4740 Β.
2588 4689 2732 4743 Petr.
2757 4689 2911 4744 Dam.
2936 4689 3001 4746 ad
3035 4694 3179 4748 hunc
3219 4696 3400 4750 locum
3434 4689 3601 4752 Serm.
3628 4689 3703 4754 de

2125 4765 2410 4836 Assumpt.
2449 4777 2465 4811 ι
2510 4758 2643 4836 llaec
2685 4771 2790 4824 est,
2845 4764 3042 4831 inuidit,
3101 4766 3336 4833 Aurora,
3389 4783 3552 4836 quam
3606 4772 3703 4824 ille

2126 4834 2451 4907 nou-sidit,»
2475 4833 2568 4900 qui
2599 4834 2902 4907 viditoiiine
2936 4837 3185 4900 sublime,
3229 4852 3288 4892 ut
3321 4833 3438 4893 erat
3475 4838 3533 4893 Β.
3566 4839 3699 4907 Job,

2127 4914 2185 4954 ut
2221 4903 2295 4956 illi
2344 4905 2510 4955 multa
2563 4905 2950 4972 suppressione
2994 4913 3278 4962 claudatur
3301 4913 3531 4964 dicens:
3567 4903 3702 4967 Non

2124 4975 2292 5026 videat
2346 4986 2521 5026 ortum
2551 4977 2814 5043 surgentis
2847 4981 3090 5030 Atlt'ut'df.
3139 4982 3531 5036 SicutAui'ora
3581 4995 3702 5037 ter-

2125 5051 2567 5122 ii_iiiitin_i__iioctis,
2599 5059 2652 5098 et
2705 5047 2810 5100 dici
2846 5053 3173 5122 principium
3207 5056 3400 5107 adesse
3435 5064 3696 5122 testatur,

2123 5117 2204 5170 sic
2233 5124 2284 5170 et
2313 5117 2477 5185 Virgo
2511 5126 2722 5170 noctem
2771 5121 2978 5187 eXpulit
3012 5117 3422 5189 sciiiipitei'iiaiii.
3465 5143 3481 5173 ι
3513 5117 3696 5180 Minus

2123 5190 2284 5261 enim
2314 5203 2558 5261 congrue
2595 5199 2905 5261 taminutia
2948 5197 3358 5261 suppressione,
3396 5198 3446 5248 id
3488 5208 3571 5250 est
3595 5199 3694 5249 ab-

2121 5259 2422 5336 stiusione,
2452 5260 2634 5336 clausa
2680 5260 2880 5336 dicitur
2926 5259 3138 5317 Aurem
3190 5277 3402 5330 nostra,
3452 5269 3498 5320 si
3544 5269 3692 5336 ipsas

2121 5331 2426 5398 appetentis
2465 5331 2611 5407 illius
2657 5334 2927 5398 primitias
2962 5338 3174 5389 dauuon
3213 5340 3488 5407 oppressit
3537 5331 3690 5393 z'tni-

2120 5416 2223 5478 nus
2274 5417 2513 5470 congrue
2549 5406 2922 5478 ciaudcrctur,
2957 5411 3001 5458 si
3055 5409 3226 5461 hOstis
3273 5406 3510 5478 primum
3543 5411 3691 5464 illius

2119 5475 2317 5525 ostium
2347 5478 2625 5550 i'eser‘avit.
2651 5474 2807 5527 Absit
2839 5493 2850 5526 :
2880 5493 2986 5529 non
3019 5480 3193 5532 solum
3229 5474 3332 5533 non
3367 5481 3562 5550 tetigit,
3594 5483 3690 5534 sed

2118 5558 2217 5620 nec
2252 5559 2370 5619 ram
2412 5543 2596 5599 videre
2641 5561 2811 5599 ansus
2847 5556 2950 5620 est
2975 5552 3228 5618 princeps
3275 5543 3558 5620 superliin
3587 5568 3685 5605 su-

2118 5611 2365 5667 blimium
2396 5626 2708 5682 spectator;
2740 5631 2903 5692 quam
2933 5611 3045 5685 jam
3095 5611 3426 5692 se'suosq-ue
3461 5639 3684 5692 Oppres-

2117 5698 2344 5763 _s.urain,,
2377 5697 2678 5763 CE“.DI8_I‘IIO
2718 5691 3034 5763 clausprain
3073 5706 3291 5746 carcere
3332 5691 3687 5763 peitimebat.

2114 5751 2391 5834 Haetenus
2419 5756 2692 5834 Ratnirea.
2718 5757 2849 5834 ‘r_'ide
2958 5759 3224 5816 Thomam
3255 5767 3307 5818 in
3332 5751 3534 5834 psalin.
3560 5781 3685 5827 XLV,

2116 5827 2207 5904 ubi
2239 5829 2520 5904 explicans
2543 5829 2610 5882 de
2640 5827 2955 5904 lan-gine
2976 5833 3064 5886 illa
3092 5838 3251 5888 verba
3289 5854 3302 5888 :
3339 5827 3358 5886 ἱ
3398 5836 3686 5904 Adjuvahit

2113 5896 2244 5977 Eam
2294 5896 2440 5977 Deus
2481 5896 2939 5977 uianediluculo,
2979 5921 2997 5952 ι
3049 5905 3259 5977 inquit,
3300 5896 3686 5962 Deuin'Mai-izr

2110 5972 2406 6030 exsistendi
2445 5972 2622 6027 adhuc
2652 5972 2704 6026 in
2737 5984 2911 6042 utero,
2936 5972 3258 6034 auxiliatum
3287 5978 3454 6037 fuisse
3494 5995 3512 6033 ι
3544 6000 3564 6030 ι
3605 5977 3676 6032 Et
