4088 6366
471 399 606 464 1399

465 529 576 579 ses,
604 507 772 564 animi
812 505 1091 560 alacritate
1139 501 1342 572 repleta
1382 515 1463 566 es,
1491 498 1741 551 eumdem
1794 491 2041 563 magniﬁ-
2068 490 2120 548 Α

465 619 620 663 caus.

534 694 720 749 Jesum
745 705 903 760 quem
934 701 1159 757 corpore
1186 681 1408 738 induisti
1435 695 1602 751 supra
1633 662 2039 747 cogitationem,

466 795 618 842 c~sta
677 783 924 845 Domina,
981 779 1365 834 resuscitatum
1436 775 1656 827 intuens
1710 784 1740 822 e
1790 767 2039 828 mortuis,

466 877 742 933 clamabas
775 875 986 940 :Quam
1011 872 1256 942 speciosa
1289 865 1641 938 pulchritudo
1681 874 1791 926 tua,
1812 859 1912 912 Fili
1944 858 2041 924 mi,

467 987 563 1039 per
587 984 748 1039 quam
777 967 844 1020 ad
873 966 1150 1032 antiquam
1177 961 1404 1015 formam
1432 958 1602 1011 Adam
1628 969 1769 1007 ttuttc
1800 959 2040 1004 mutatus

469 1068 788 1124 renovatur,

538 1148 785 1208 Luminis
807 1148 882 1204 tui
917 1146 1085 1203 radiis
1115 1143 1319 1211 dissipa
1351 1155 1482 1194 meae
1534 1136 1883 1207 ignorantiae,
1917 1130 2041 1187 Dei-

469 1259 618 1317 para,
643 1243 953 1313 caliginem,
973 1248 1033 1294 ut
1065 1236 1186 1292 ﬁdei
1214 1234 1438 1289 vocibus
1465 1231 1752 1304 praedicem
1784 1236 2042 1299 perpetuo

472 1337 745 1394 mirabilia
778 1345 892 1389 tua.

822 1442 908 1496 Ea:
947 1455 1144 1495 canone
1175 1439 1320 1508 ferite
1346 1453 1416 1490 tv.
1450 1436 1600 1490 hebd.
1636 1449 1687 1489 ν.

542 1556 645 1622 Qui
707 1550 1005 1608 secundum
1083 1547 1357 1619 propriam
1438 1553 1686 1598 naturam
1753 1541 2043 1596 invisibilis

471 1655 611 1709 erat,
642 1642 870 1697 visibilis
924 1648 1009 1693 est
1045 1639 1220 1692 iactus
1275 1639 1592 1690 incarnatus
1627 1649 1693 1689 ex
1748 1644 1829 1697 te,
1867 1632 2043 1685 incul-

472 1735 750 1804 patissima
807 1731 1056 1797 Domina,
1085 1739 1138 1784 et
1200 1742 1414 1783 crucem
1474 1735 1812 1795 mortemque
1855 1725 2041 1779 volens

472 1825 757 1880 sustinuit.

541 1915 674 1980 Qua:
709 1913 996 1968 Dominum
1047 1906 1215 1965 Deum
1277 1905 1534 1978 peperisti
1593 1906 1716 1959 vita:
1767 1903 2039 1972 mortique

472 2005 869 2066 dominantem,
900 2003 967 2056 da
1001 2000 1178 2063 nobis,
1206 2015 1238 2051 ο
1268 2011 1440 2061 casta,
1480 1995 1784 2050 dominium
1812 1994 2040 2049 evadere

473 2097 791 2154 insidiantis
820 2102 1020 2150 nostra:
1040 2093 1249 2148 liberati
1273 2090 1493 2161 maligni
1526 2089 1716 2144 hostis.

545 2186 616 2243 Ut
669 2197 821 2258 porta
870 2185 1009 2240 lucis
1070 2199 1139 2236 ex
1191 2183 1304 2237 orci
1376 2178 1802 2251 penetrabilibus
1871 2179 2041 2232 solem

472 2277 667 2333 intuita
743 2287 1014 2338 exortum,
1073 2271 1262 2342 Virgo,
1321 2279 1379 2326 et
1453 2270 1859 2326 collustrantem
1936 2277 2046 2322 ter-

471 2376 652 2430 minos
688 2383 868 2437 terrae,
903 2371 1087 2425 divina
1118 2368 1386 2438 completa
1432 2382 1493 2423 es
1547 2364 1835 2434 suavitate,
1868 2364 2045 2420 incul-

471 2466 774 2539 putissima.

828 2573 913 2628 Ea:
940 2588 1135 2625 canone
1168 2571 1315 2641 feria:
1345 2569 1572 2624 ν.1ιε1›ι1.
1606 2587 1660 2625 γ.

539 2688 678 2742 Cum
709 2683 907 2741 Filium
942 2693 1092 2738 tuum
1158 2695 1189 2735 e
1241 2679 1490 2748 sepulcro
1544 2689 1911 2748 resurgentem
1964 2680 2043 2732 vi-

471 2780 669 2845 disses,
700 2794 732 2833 ο
771 2776 930 2848 Virgo
969 2773 1225 2828 inviolata
1261 2770 1399 2843 (65),
1431 2786 1553 2824 cum
1593 2771 1740 2824 illius
1785 2771 2045 2841 apostolis

471 2873 767 2945 gaudebas,
796 2885 920 2926 cum
963 2867 1161 2938 quibus
1196 2874 1249 2919 te
1277 2862 1664 2933 gloriﬁcamus.

545 2966 712 3022 Serva
736 2979 824 3019 me
859 2965 925 3018 ab
958 2963 1080 3030 igne
1117 2960 1374 3030 gehenna:
1401 2966 1454 3010 et
1484 2957 1553 3010 ab
1584 2964 1782 3010 aeterna
1817 2956 2044 3010 damna-

471 3059 646 3122 tione,
679 3055 1074 3110 immaculata:
1124 3051 1313 3118 frange
1366 3046 1838 3117 perturbationum
1898 3061 2044 3100 mea-

472 3167 592 3203 rum
619 3149 988 3204 vehementem
1034 3143 1353 3214 procellam,
1383 3150 1434 3195 et
1461 3140 1635 3210 dirige
1664 3155 1752 3194 me
1793 3139 1859 3194 ad
1890 3147 2043 3193 tran-

475 3242 674 3314 quillos
703 3241 825 3294 vitae
856 3249 1066 3310 portus.

543 3333 740 3387 Vidisti
771 3332 1051 3386 Christum
1111 3327 1494 3383 resuscitatum
1544 3341 1667 3379 cum
1723 3323 2046 3379 mulieribus

477 3434 749 3495 unguenta
783 3422 1102 3486 ferentibus,
1131 3431 1183 3474 et
1211 3434 1474 3475 converso
1504 3419 1556 3472 in
1589 3418 1844 3487 gaudium
1875 3418 2045 3482 luctu,

476 3518 626 3572 illum
653 3515 1016 3587 gloriﬂeabas.
1062 3513 1215 3568 Unde
1271 3513 1378 3566 alta
1414 3507 1546 3567 voce
1572 3522 1622 3565 te
1647 3509 1854 3565 felicem
1903 3525 2044 3580 pra:-

475 3610 743 3673 dieamus,
776 3607 865 3664 Dei
897 3607 1165 3663 Genitrix.

475 3747 634 3819 337
669 3745 753 3800 Ea:
797 3760 994 3799 canone
1043 3742 1330 3819 Dominicte
1381 3757 1433 3806 v,
1483 3742 1535 3794 in
1581 3737 1788 3794 chum
1818 3754 1850 3791 a
1888 3736 2050 3791 Nati-

1173 3815 1348 3865 vitate.

547 3901 739 3962 Alvum
788 3915 941 3959 tuam
995 3902 1233 3972 conjugii
1277 3907 1550 3970 expertem
1585 3898 1911 3953 inbahitavit
1943 3896 2047 3950 Do-

476 4000 681 4066 minus,
714 4014 744 4051 0
771 3995 959 4067 V'irgo,
991 4011 1086 4064 per
1128 3995 1339 4047 viscera
1366 3990 1772 4045 miserationum
1821 4003 2045 4043 suarum

476 4093 684 4146 salvum
718 4089 897 4144 facere
931 4087 1118 4140 volens
1153 4084 1434 4137 hominem
1481 4089 1803 4148 corrdptum
1840 4079 2045 4133 astutia

476 4184 704 4237 inimici.
761 4182 915 4235 llunc
965 4180 1124 4250 igitur
1175 4179 1423 4239 obsecra,
1474 4182 1533 4227 ut
1577 4171 1855 4226 civitatem
1908 4173 2048 4226 hanc

476 4276 622 4330 omni
648 4273 859 4328 excidio
895 4273 1103 4332 liberet,
1137 4280 1190 4323 et
1222 4266 1533 4320 incursione
1557 4266 1818 4333 gentium.

551 4360 811 4435 Virgiuali
842 4381 907 4418 ex
938 4371 1123 4418 ventre
1171 4358 1427 4429 peperisti
1476 4358 1645 4410 Deum
1676 4356 2045 4419 incarnatum,

477 4474 506 4512 a
547 4473 656 4528 quo
684 4458 934 4524 impctra,
966 4450 1312 4508 sanctissima
1343 4444 1593 4511 Domina,
1631 4454 1688 4498 ut
1718 4448 2046 4508 misereatur

477 4551 670 4606 nostri.

546 4645 763 4699 Partum
794 4653 966 4707 tuum,
1000 4642 1335 4715 incorrupta,
1368 4653 1558 4699 natura
1582 4641 1914 4713 Superiorem
1934 4640 2049 4710 glo-

475 4739 773 4799 riﬁcamus,
807 4737 1016 4791 beatam
1067 4745 1140 4800 te,
1190 4737 1645 4806 incnlpatissima,
1705 4734 1811 4789 [ide
1857 4733 2051 4801 praedi-

476 4841 684 4894 cantes,
719 4837 976 4899 tanquam
1015 4829 1105 4883 Dei
1133 4832 1514 4886 universorum
1550 4828 1903 4883 Genitricem.

545 4920 831 4987 Quomodo
889 4922 1140 4990 peperisti
1189 4922 1307 4977 sine
1360 4921 1532 4975 virilis
1587 4919 1795 4987 copulae
1839 4917 2048 4986 experi-

478 5022 681 5075 mento,
713 5031 745 5066 ο
768 5025 914 5069 casta
950 5015 1111 5084 Virgo
1138 5014 1343 5068 Mater?
1363 5014 1635 5082 quomodo
1660 5011 1878 5064 nutristi
1899 5026 2046 5074 t‘llltl,

477 5105 569 5176 qui
600 5106 882 5161 universas
907 5108 1075 5160 nutrit
1111 5106 1427 5160 creaturas?
1454 5103 1519 5157 lit
1550 5104 1664 5173 ipse
1693 5101 1842 5157 solus
1875 5103 2048 5167 novit,

475 5199 568 5265 qui
606 5198 845 5253 universi
873 5208 956 5253 est
987 5208 1176 5253 auctor
1209 5208 1262 5266 et
1290 5195 1451 5252 Deus.

549 5355 657 5423 (65')
697 5354 796 5409 llic
845 5354 1033 5408 titulus
1081 5350 1376 5416 inviolatze,
1414 5368 1520 5407 non
1578 5352 1753 5405 solum
1808 5351 2045 5405 ostendit

478 5424 537 5479 Β.
576 5425 847 5493 Virginem
892 5424 1057 5477 fuisse
1113 5425 1373 5479 illibatam
1407 5425 1459 5476 in
1497 5436 1727 5490 carpere
1771 5439 1862 5487 per
1894 5427 2038 5475 inte.

475 5500 724 5566 gritatem
765 5495 1114 5566 virginitatis,
1143 5497 1232 5547 sed
1270 5498 1440 5566 etiam
1464 5494 1725 5566 illibatum
1771 5493 1823 5543 in
1859 5494 2039 5544 anima

476 5561 987 5690 Eerimmuuitatem
1014 5581 1041 5616 τι
1067 5573 1286 5632 peccato
1308 5564 1583 5631 originali.
1615 5561 1763 5613 Unde
1790 5562 1843 5613 l’.
1878 5561 2037 5614 102m.

500 5637 745 5690 ‘usebius
797 5632 1232 5690 Nierembertzius
1299 5635 1351 5686 in
1410 5635 1525 5685 suis
1582 5630 1990 5690 Exceptiom'bus
2024 5670 2037 5686 .

500 5637 745 5693 Eusebius
797 5630 1232 5703 Nierembergius
1299 5635 1351 5686 in
1402 5630 1525 5703 suis
1582 5630 1990 5698 Exceptiom'bus
2024 5670 2038 5686 .

478 5721 599 5776 pag.
663 5705 786 5767 176,
839 5705 1090 5776 observat
1121 5701 1394 5759 'sauctum
1446 5701 1680 5755 Leonem
1735 5717 1926 5768 papam
1986 5705 2038 5776 iu

475 5771 714 5844 Epistola
759 5777 823 5829 ad
867 5773 1139 5828 lulianum
1182 5776 1485 5844 Coenscm,
1518 5786 1637 5844 (pne
1677 5783 1852 5844 exstat
1901 5771 2038 5837 ap-ul

475 5841 690 5903 Binium
717 5847 771 5901 iu
802 5843 1514 5913 concilio,Gltalccdoucnsi,
1549 5841 1678 5897 dum
1715 5841 1767 5896 in
1797 5859 1860 5897 ea
1884 5852 2040 5897 vocat

1595 387 1656 444 S.
1693 380 2005 443 JOSEPHI
2048 370 2606 438 IIYMNOGRAPHI

3581 353 3727 417 1400

2451 484 2532 537 Ex
2549 498 2747 536 canone
2773 482 2829 534 in
2850 479 3141 533 Parasceve
3169 475 3322 530 Itebd.
3362 488 3411 525 ν.

2218 612 2415 668 Sancta
2446 608 2898 678 inculpatissima,
2931 613 3178 661 sanctum
3215 603 3268 655 in
3317 599 3521 653 sanctis
3553 595 3731 665 quie-

2144 717 2384 761 scentem
2422 704 2603 764 enixa,
2630 704 2775 756 hunc
2814 709 2872 754 ut
2924 698 3105 752 vidisti
3137 711 3167 750 e
3204 693 3453 762 sepulcro
3501 689 3733 755 fulgen—

2148 809 2254 852 tem
2282 797 2422 850 sicut
2455 808 2720 863 sponsum
2759 807 2824 846 ex
2869 790 3133 851 thalamo,
3163 782 3401 839 extulisti
3441 778 3735 841 laudibus,

2145 888 2531 957 benignitatem
2563 887 2683 955 ejus
2713 880 3124 938 commendans.

2216 979 2372 1034 Sicut
2403 995 2468 1032 cx
2527 986 2578 1032 te
2630 975 2834 1045 prodiit
2869 973 3012 1026 Deus
3074 985 3128 1023 tn
3191 976 3496 1037 aspectum,
3527 961 3734 1032 Virgo.

2145 1071 2370 1126 minime
2399 1069 2689 1139 resignatis
2745 1062 3071 1134 virginitatis
3114 1069 3220 1114 ture
3265 1055 3602 1126 signaculis;
3655 1053 3736 1104 ita

2143 1178 2174 1216 e
2213 1161 2462 1230 sepulcro
2521 1157 2744 1213 emicuit
2774 1155 2972 1226 signati
3019 1151 3216 1220 lapidis
3253 1147 3508 1202 inviolata
3544 1145 3738 1212 sigilla

2144 1254 2417 1322 linquens,
2443 1264 2554 1319 quo
2593 1249 2708 1303 viso
2745 1241 3205 1316 superabundasti
3247 1239 3444 1311 gaudio
3493 1235 3744 1291 benedi-

2143 1361 2272 1399 cens
2295 1344 2532 1398 divinam
2567 1340 2687 1410 ejus
2720 1339 3038 1410 potentiam.

2214 1435 2350 1491 Eum
2382 1436 2475 1506 qui
2507 1445 2642 1487 nutu
2673 1433 2776 1487 fert
2805 1437 2997 1485 cuncta
3044 1427 3213 1480 Deum
3276 1431 3432 1477 utero
3466 1417 3740 1490 gestasli,

2145 1530 2328 1598 Virgo,
2358 1522 2558 1581 factum
2587 1523 2867 1580 hominem
2922 1535 3016 1591 per
3049 1533 3203 1575 suam
3259 1511 3736 1571 misericordiam,

2145 1622 2254 1675 Dco
2285 1619 2615 1690 gratissima.
2649 1616 2821 1682 Quem
2860 1611 3019 1667 enixe
3048 1625 3177 1681 roga
3211 1617 3268 1661 ut
3299 1605 3567 1660 illumiuet
3599 1617 3741 1656 cor-

2143 1712 2208 1766 da
2245 1721 2432 1765 nostra
2481 1707 2903 1765 beatiﬁcalttium
2953 1713 3005 1759 te
3035 1707 3294 1772 tanquam
3353 1705 3558 1752 castam
3597 1708 3742 1749 vero

2076 1833 2119 1886 Β
2145 1805 2240 1860 Dei
2275 1803 2633 1860 Genitricem.

2525 1924 2610 1980 Ea:
2637 1940 2836 1979 canone
2868 1920 3092 1975 Sabbati
3116 1917 3268 1973 hebd.
3301 1931 3354 1970 v.

2215 2039 2438 2095 Excedit
2457 2052 2674 2093 omnem
2695 2032 3081 2105 cogitationem
3102 2028 3318 2083 divinus
3340 2035 3527 2096 partus
3550 2033 3690 2079 tuus
3715 2040 3735 2079 δ

2143 2134 2524 2188 universorum
2586 2129 2728 2185 enim
2790 2125 3051 2179 factorem
3111 2128 3164 2174 et
3223 2117 3388 2172 Deum
3443 2116 3497 2171 in
3555 2129 3742 2172 carne

2146 2226 2317 2296 paris,
2344 2239 2508 2295 quem
2554 2235 2798 2292 precare,
2841 2234 2875 2273 ο
2918 2216 3173 2281 Domina,
3220 2226 3318 2282 pro
3373 2224 3586 2278 eorum,
3626 2209 3738 2281 qui

2145 2318 2335 2373 laudes
2363 2325 2483 2370 tuas
2507 2323 2730 2376 canunt,
2761 2311 2958 2364 salute.

2221 2404 2383 2475 Virgo
2414 2414 2534 2474 post
2573 2410 2812 2472 partum,
2854 2407 2912 2452 ut
2977 2403 3033 2449 et
3077 2402 3203 2448 ante
3231 2402 3444 2461 partum
3503 2390 3724 2456 fueras,

2145 2514 2180 2553 ο
2205 2509 2378 2559 casta.
2412 2493 2728 2563 apparuisti.
2762 2490 2930 2560 Leges
2956 2487 3099 2539 enim
3132 2486 3183 2539 in
3219 2495 3269 2539 te
3299 2494 3524 2550 naturae,
3550 2498 3584 2537 ο
3613 2483 3732 2535 im-

2147 2587 2434 2646 maculata,
2475 2585 2773 2636 immutata!
2822 2589 2968 2634 sunt.
3014 2575 3304 2645 Propterea
3341 2584 3415 2639 te,
3473 2589 3507 2630 ο
3543 2582 3728 2637 casta,

2148 2677 2334 2729 lideles
2367 2675 2580 2727 beatam
2611 2673 2866 2726 dicimus.

2218 2765 2380 2835 Virgo
2428 2765 2480 2816 in
2542 2772 2696 2816 utero
2731 2761 2965 2830 concipit
3010 2762 3200 2816 mundi
3257 2776 3425 2815 unum
3483 2758 3731 2824 impera-

2151 2867 2321 2912 torem
2379 2855 2547 2907 Dcum
2599 2853 2842 2906 humana
2901 2852 3154 2906 indutum
3206 2868 3391 2918 carne,
3439 2865 3602 2920 quam
3661 2855 3733 2900 ut

2145 2949 2545 3020 iutpcratricem
2597 2945 2746 3001 orbis
2791 2953 2845 2998 ct
2894 2944 3203 3007 Dominam,
3234 2944 3426 2996 merito
3480 2940 3736 2996 celebra-

2147 3058 2288 3098 mus.

2219 3133 2559 3202 lnopinatum
2618 3129 2672 3184 in
2723 3137 2775 3183 te
2823 3125 3146 3181 miraculum
3201 3120 3428 3184 exstitit,
3464 3115 3724 3185 Deipara,

2151 3234 2321 3280 mater
2347 3227 2492 3278 enim
2519 3223 2706 3276 eadem
2730 3230 2781 3275 et
2807 3217 2970 3287 Virgo
2991 3215 3139 3271 nulla
3167 3228 3404 3282 unquam
3433 3225 3466 3264 a
3495 3208 3723 3271 sarculo,

2151 3327 2344 3385 praeter
2385 3325 2456 3376 te,
2486 3314 2598 3368 visa
2637 3321 2740 3374 est,
2771 3325 2892 3380 qua:
2926 3309 3098 3363 Deum
3154 3307 3502 3360 incarnatutn
3536 3301 3722 3360 enixa,

2151 3408 2316 3480 Virgo
2343 3416 2463 3476 post
2489 3413 2703 3474 partum
2735 3399 3082 3472 permansisti
3116 3416 3132 3455 :
3158 3395 3514 3468 quamobrem
3537 3390 3726 3445 cuncti

2153 3511 2203 3559 te
2236 3501 2419 3558 ﬁdeles
2455 3500 2541 3570 pie
2578 3497 2887 3552 laudamus.

2161 3727 2262 3780 Ἐκ
2289 3723 2392 3779 τοῦ
2419 3723 2680 3786 Κιινόνος
2732 3716 2838 3787 τῆς
2884 3712 3182 3784 Κυρτακοῆς
3213 3718 3278 3776 ε’,
3309 3711 3414 3765 τοῦ
3462 3703 3726 3777 τυφλοῦ.

2221 3908 2452 3977 Μήτραν
2512 3922 2606 3957 σου
2660 3903 3035 3971 ἀπειρόγαμον
3094 3899 3194 3967 τὴν
3223 3897 3319 3968 σὴν
3373 3894 3722 3966 κατῴκησεν,

2161 3998 2321 4068 ἁγνὴ,
2359 3998 2562 4067 Κύριος
2583 3995 2670 4048 διὰ
2699 3992 2983 4061 σπλάγχνα
3015 3989 3315 4059 οἰκτιρμῶν
3339 3987 3510 4039 σῶσαι
3538 3983 3729 4054 βουλό-

2157 4107 2314 4158 μενος
2339 4088 2430 4141 τὸν
2485 4086 2760 4156 φθαρέντα
2789 4083 3078 4154 ἄνθρωπον
3122 4083 3244 4142 ταῖς
3296 4078 3597 4150 pallebant;
3625 4073 3728 4127 τοῦ

2159 4179 2388 4251 ὲχθροῠο
2428 4178 2589 4231 αὑτὸν
2628 4176 2718 4229 οὖν
2753 4174 2963 4228 ἱκέτευε
3007 4173 3105 4242 τὴν
3131 4169 3284 4222 πόλιν
3317 4169 3520 4238 ταύτην
3553 4165 3731 4229 σώζε-

2155 4273 2280 4326 σθαι
2303 4272 2482 4338 πάσης
2510 4267 2761 4331 ἁλώσεως
2786 4266 2881 4318 καὶ
2907 4262 3119 4334 ἐχθρῶν
3146 4259 3466 4332 ἐπιδρομῆς.

2223 4358 2565 4429 Παρθενικῆς
2595 4358 2702 4410 ἀπὸ
2731 4355 2962 4425 γαστρὸς
2992 4351 3312 4421 ἀπεκύησας
3351 4349 3483 4401 Gel»:
3521 4363 3726 4416 σεσαρ-

2157 4452 2426 4522 κωμένον,
2457 4449 2516 4503 ὃν
2551 4446 2994 4518 κατοικτειρῆςαι
3039 4444 3184 4516 ἡμᾶς
3211 4443 3451 4511 αῖτησαι,
3480 4437 3731 4505 παναγεα.

2080 4516 2124 4571 D
2155 4547 2434 4600 Δέσποινα.

2226 4639 2329 4694 Τὸν
2368 4638 2526 4691 τόκον
2555 4653 2671 4698 σου,
2705 4633 2959 4704 ἄχραντε,
2983 4628 3075 4683 τὸν
3126 4627 3271 4697 ὑπὲρ
3313 4626 3475 4696 φύσιν
3513 4626 3733 4692 δοξο).ο-

2156 4730 2361 4802 γοῦμεν
2387 4729 2780 4800 μακαρίζοντες
2808 4723 2984 4779 πίστει
3013 4737 3095 4786 σε,
3125 4719 3454 4790 πανάμωμε,
3486 4719 3558 4780 ὼς
3584 4717 3725 4771 θεοῦ

2145 4824 2257 4877 τῶν
2295 4822 2431 4875 ὅλων
2460 4819 2805 4890 laxatis-ptati.

2216 4915 2341 4978 Πῶς
2399 4912 2625 4973 τὲτοκας
2676 4911 2749 4980 μὴ
2807 4906 3030 4977 γνοῦσα,
3086 4903 3510 4973 Παρθενομῆτηρ
3556 4900 3722 4967 ἁγνὴ,

2150 5009 2343 5075 πεῖραν
2389 5003 2601 5074 ἀνδρὸς,
2627 5001 3025 5071 Θεηχαρὶτωτες
3075 4995 3192 5058 πῶς
3225 4995 3447 5062 τρέφεις
3480 4994 3568 5046 τὸν
3621 4993 3724 5059 τὴν

2149 5099 2325 5153 κτίσιν
2351 5098 2616 5167 τρέφοντα
2637 5094 2834 5161 ςΜὸνος
2865 5094 2938 5155 ὡς
2969 5091 3252 5143 ἐπίσταται
3281 5087 3440 5151 αὐτὸς
3463 5086 3556 5141 τοῦ
3587 5104 3727 5140 παν-

2148 5193 2237 5256 τὸς
2266 5192 2499 5260 Ποιητὴς
2527 5190 2619 5243 καὶ
2637 5188 2788 5251 Θεὸς.

2153 5348 2373 5403 Mariam
2408 5347 2746 5406 inviolatam,
2777 5345 2846 5400 ita
2874 5344 3163 5412 appellare,
3202 5343 3325 5410 quia
3359 5341 3500 5394 nulla
3529 5339 3716 5412 sorde,

2152 5431 2262 5472 tum
2299 5421 2417 5486 ejus
2454 5435 2625 5479 meus,
2661 5427 2775 5470 tum
2806 5417 2925 5483 ejus
2950 5411 3100 5486 caro
3131 5416 3254 5486 laesa
3295 5413 3416 5472 luit,
3444 5426 3566 5463 ctum
3615 5411 3719 5465 huc

2147 5482 2420 5542 inviolata;
2447 5488 2667 5541 nomine
2711 5482 3043 5554 piusntatur
3076 5485 3131 5538 S.
3163 5484 3272 5536 Leo
3297 5484 3360 5554 ad
3407 5482 3718 5549 signiﬁcan-

2144 5560 2265 5612 dam
2296 5560 2654 5626 integritatem
2690 5553 2937 5624 spiritus,
2981 5571 3143 5620 quam
3163 5553 3486 5626 illmsioncm
3515 5563 3715 5626 corpo-

2143 5629 2240 5686 ris.
2271 5619 2434 5696 atque
2470 5629 2672 5682 idcirco
2701 5619 2840 5688 me
2873 5627 2923 5677 in
2956 5619 3072 5680 suis
3092 5624 3517 5696 cpistolisgvocat
3547 5619 3715 5696 Deum

2144 5689 2530 5758 inviolabilem.
2563 5698 2762 5766 quippe
2793 5698 2882 5762 qui
2917 5696 3050 5750 nulli
3088 5689 3408 5766 curruptelae
3439 5689 3713 5746 obnoxius

2144 5772 2215 5823 sit
2241 5782 2499 5842 tauquam
2537 5766 2909 5838 impassibilis.
