4088 6366
1 155 8 178 3

0 191 6 206 ι

3 309 10 330 ξ

3 331 12 344 ι

7 399 16 416 -.

0 483 2 490 .

0 495 4 504 ν

3 865 32 882 ι.

0 921 10 964 i

7 995 10 1004 .

17 1055 32 1068 γ

19 1157 22 1166 .

541 433 678 500 1407

1677 439 1738 498 S.
1779 433 2095 501 JOSEPHI
2136 435 2298 496 HYM
2309 435 2669 497 NOGRAPH
2677 437 2704 496 1

3663 427 3807 495 1608

545 543 727 615 Virgo,
753 544 885 616 legis
917 543 1142 601 umbras
1170 542 1555 613 dissipantem,
1581 549 1636 596 et
1663 542 1852 612 gratiae
1877 541 2117 613 fulgores
2143 551 2192 612 Α
2217 555 2277 596 es
2307 540 2443 612 (69),
2482 538 2832 594 immaculata
2864 537 3301 608 inculpatissima
3345 534 3515 592 Maria
3552 535 3804 607 Deipara.

536 633 925 690 aliundentem.
965 632 1147 701 Quare
1191 646 1279 686 me
1321 631 1440 702 lege
1467 634 1699 700 peccati,
1725 645 1757 685 ο
1788 627 1976 698 Virgo,
2006 641 2116 696 qua

536 739 684 780 nunc
711 723 1030 793 gravissime
1053 723 1324 794 exagitor,
1351 722 1616 784 solutum,
1649 719 1888 776 concede
1920 734 2118 774 vacare

537 821 770 875 liberum
801 818 1072 874 laudando
1100 817 1378 872 liberatori
1411 830 1532 870 meo
1563 813 1813 869 Domino.

619 910 728 968 Vas
759 911 895 968 lucis
927 911 1290 966 illuminantis
1316 919 1491 965 totum
1516 905 1715 964 Orbem
1756 903 1872 961 sola
1897 912 2122 959 ostensa

820 1066 909 1123 Ea:
935 1083 1132 1124 canone
1151 1066 1446 1121 Dominicis
1474 1063 1829 1120 Pentecoam.

609 1264 770 1322 Salve
813 1263 1042 1336 Regina,
1069 1262 1438 1320 maternitatis
1463 1269 1517 1318 et
1542 1256 1874 1331 virginitatis
1916 1255 2120 1328 gloria.

2216 630 2419 696 Quare,
2447 619 2546 685 oro
2591 641 2664 696 te,
2695 629 2941 684 illumina
2981 631 3396 685 obtenebratam
3437 631 3564 684 vitae
3594 629 3809 684 deliciis

2220 723 2474 776 miseram
2501 723 2738 776 animam
2777 735 2978 788 meam,
3004 737 3139 794 quo,
3158 724 3302 778 sicut
3330 722 3385 776 in
3416 725 3525 789 die,
3565 737 3665 792 per
3691 721 3811 778 vias

2220 813 2317 869 Dei
2343 813 2645 870 ambulem.

2239 1052 2336 1112 Ἐκ
2364 1054 2474 1112 τοῦ
2491 1055 2762 1124 Κανόνος
2780 1055 2892 1126 τῆς
2912 1055 3218 1138 Κυρεακῆς
3243 1055 3350 1127 τῆς
3383 1057 3558 1127 ἁγίας
3583 1059 3818 1126 Herm-

2882 1143 3074 1198 κοστη
3080 1149 3131 1193 ς.
3427 1166 3429 1168 ς

2289 1256 2818 1326 Χαίροις,⁹Αν‹ισσα,
2866 1256 3338 1328 μητροπαρθένων
3391 1255 3548 1322 κλέος
3583 1274 3600 1289 ⁸
3663 1258 3818 1312 ἅπαν

536 1355 744 1410 nullum
780 1355 980 1425 quippe
1007 1368 1093 1418 os,
1123 1354 1252 1409 licet
1274 1353 1705 1409 disertissimum
1741 1366 1806 1404 ac
1839 1346 2126 1404 facundisv

2245 1348 2329 1420 ’ἀρ
2362 1348 2658 1403 subdita-rev
2681 1348 2906 1404 εῠλαλον
2934 1351 3112 1419 στόμα
3143 1348 3484 1421 ῥητορεύειν,
3524 1351 3588 1404 οὗ
3635 1349 3823 1404 σθένει

538 1447 740 1502 simum
767 1447 821 1501 in
843 1446 1095 1514 dicendo,
1124 1447 1267 1501 valet
1299 1455 1350 1500 te
1385 1461 1483 1517 pro
1517 1443 1786 1515 dignitate
1820 1440 2118 1498 celebrare.

537 1538 718 1594 Haeret
766 1546 971 1606 autem,
1017 1551 1073 1596 et
1131 1533 1537 1610 quodammodo
1591 1537 1856 1608 vertigine
1907 1531 2122 1590 laborat

540 1631 722 1687 omnis
771 1646 926 1688 mens
981 1633 1036 1687 in
1089 1641 1280 1702 partus
1316 1632 1391 1688 tui
1419 1632 1881 1696 consideratione,
1913 1641 2113 1698 quam-

539 1723 727 1778 obrem
754 1730 806 1778 te
834 1739 958 1780 eum
980 1723 1175 1780 affectu
1204 1726 1500 1798 gloriosam
1535 1724 1917 1795 praedicamus.

2229 1458 2287 1495 σε
2334 1442 2560 1512 μέλπειν
2585 1441 2752 1508 ἀξίως
2771 1459 2786 1473 ·
2822 1443 3027 1514 ἱλιγγιᾷ
3059 1443 3116 1496 δὲ
3147 1441 3272 1506 νοῦς
3300 1441 3448 1506 ἄπας
3481 1441 3578 1497 σοῦ
3599 1442 3701 1498 τὸν
3731 1443 3826 1498 τό·

2229 1552 2323 1589 κον
2352 1537 2492 1590 νοεῖν
2524 1552 2537 1565 ·
2569 1535 2692 1589 ὅθεν
2722 1552 2782 1590 σε
2805 1534 3114 1606 συμφώνως
3135 1534 3456 1604 δοξάζομεν.

1504 1862 1667 1934 343
1697 1861 1779 1917 Ea:
1807 1877 2007 1916 canone
2030 1857 2177 1928 ferite
2206 1868 2259 1916 ν,
2292 1859 2409 1921 post
2440 1847 2591 1904 Dom.
2617 1847 2807 1904 Pentec

609 1969 689 2028 Ex
721 1971 926 2043 Spiritu
957 1984 1169 2041 sancto,
1193 1985 1364 2040 casta.
1398 1977 1697 2046 concepisti
1723 1992 1848 2031 eum
1874 1977 1967 2046 qui
1999 1984 2124 2029 ante
2155 1952 2200 2011 Β
2228 1974 2282 2020 et
2307 1964 2594 2019 nobiscum
2624 1969 2988 2018 conversatus
3028 1977 3176 2018 nunc
3226 1963 3601 2020 manifestavit
3637 1960 3832 2018 Trini-

539 2069 754 2132 tempus
800 2065 1432 2135 resplenduit,°Verhum
1470 2083 1538 2123 ex
1579 2067 1735 2123 Patre
1770 2067 2036 2137 ingenito,
2068 2074 2124 2120 et

542 2159 688 2212 hunc
719 2173 815 2230 per
834 2175 1105 2216 summam
1137 2163 1436 2218 bonitatem
1465 2161 1811 2218 incarnatum
1836 2162 2094 2233 peperisti

543 2249 633 2304 Dei
660 2253 897 2322 genitrix
921 2253 1096 2323 Mater
1129 2253 1315 2327 Virgo.

780 2405 868 2460 Ea:
894 2420 1093 2461 canone
1121 2407 1178 2462 in
1210 2407 1504 2465 Pan-arcere
1519 2418 1639 2480 post
1664 2407 1880 2466 Pentec.

617 2558 855 2618 Montem
888 2563 1310 2630 lucidissimum,
1342 2574 1584 2622 montem
1611 2567 2118 2633 nmbrosissimum,

546 2664 788 2709 montem
829 2656 1107 2727 pinguem,
1137 2669 1194 2712 et
1249 2659 1586 2727 incaseatum
1633 2659 1827 2714 dilexit
1876 2660 2040 2725 Deus,
2071 2669 2123 2714 to

545 2744 774 2813 scilicet,
805 2762 837 2802 ο
867 2747 1033 2821 Virgo
1057 2759 1244 2806 sancta
1273 2768 1288 2818 ;
1320 2752 1500 2808 salvos
1533 2752 1620 2807 fac
1651 2767 1842 2808 servos
1869 2761 2014 2808 tuos.

615 2857 928 2915 Architecta
989 2861 1179 2916 mundi
1231 2862 1414 2917 divina
1477 2861 1780 2932 Sapientia,
1839 2879 1905 2918 ex
1959 2875 2032 2929 te,
2088 2879 2123 2917 ο

549 2949 750 3020 puella,
786 2951 1046 3021 templum
1099 2951 1339 3023 Spiritus
1388 2963 1614 3012 sanctus
1668 2956 1975 3022 aediﬁcavit,
2009 2957 2122 3012 sal-

549 3056 677 3098 vare
704 3044 894 3100 volens
919 3061 985 3100 ex
1016 3045 1136 3100 tldei
1168 3047 1490 3116 pratscripto
1525 3048 1792 3104 viventes.

623 3157 860 3227 Spiritus
889 3159 1064 3214 sancti
1099 3159 1373 3216 thalamus
1409 3159 1550 3217 facta
1579 3177 1662 3226 es,
1699 3178 1734 3217 ο
1768 3161 2025 3233 Deipara,
2056 3178 2122 3218 ex

551 3263 662 3318 quo
687 3250 875 3304 mundi
908 3249 1101 3321 Opifex
1131 3249 1369 3308 Verbum
1409 3251 1588 3309 Patris
1632 3258 1903 3327 processit
1935 3257 2120 3322 homo,

629 3426 744 3500 (69)
777 3429 851 3482 De
872 3427 977 3483 hoc
997 3444 1127 3484 vase
1155 3429 1386 3500 loquens
1403 3431 1606 3487 Bustus
1638 3433 1692 3485 in
1720 3427 1938 3486 Μανίαιὲ
1960 3447 2126 3487 serm.

556 3499 612 3561 8,
650 3499 719 3553 de
745 3505 995 3569 concept.
1051 3509 1202 3567 parte
1234 3499 1284 3561 ⁷1.
1329 3503 1403 3555 ait
1433 3517 1498 3556 ex
1535 3502 1590 3555 S.
1636 3503 1914 3556 Antonino
1947 3503 2128 3556 archi-

555 3569 815 3638 episcopo
846 3566 1160 3622 Fldrentino
1188 3587 1202 3623 :
1236 3588 1254 3620 ι
1289 3569 1561 3626 Ordinans
1585 3587 1680 3626 vas
1707 3575 1773 3625 ad
1801 3573 2129 3628 sacriﬁcium

556 3639 767 3703 altaris,
801 3647 1095 3710 conservat
1138 3639 1316 3710 ipsum
1350 3655 1380 3696 a
1419 3642 1684 3710 maculis,
1722 3647 1826 3697 hoc
1871 3646 2016 3697 enim
2050 3653 2136 3697 est

557 3710 715 3764 valde
745 3710 964 3763 decens.
1000 3727 1020 3759 ι
1055 3708 1179 3764 Hae
1214 3711 1324 3772 ille,
1354 3708 1561 3767 scilicet
1589 3712 1920 3766 Antoninus.
1959 3730 1978 3763 ι
2030 3711 2134 3766 Sed

563 3779 731 3848 Virgo
765 3778 931 3833 Maria
963 3779 1168 3848 (subdit
1194 3779 1418 3849 Bustus)
1447 3781 1548 3836 fuit
1578 3797 1672 3837 vas
1709 3782 1953 3836 Deitatis.
1989 3781 2134 3852 Ergo

563 3852 747 3921 decuit
777 3852 1486 3921 ut_pr:eservare_turgetiam
1511 3867 1541 3906 a
1571 3853 1780 3921 macula
1807 3853 2077 3921 originali.
2113 3872 2132 3904 ι

562 3919 701 3975 Vide
737 3921 796 3975 S.
827 3918 1156 3990 cyprianum
1199 3919 1251 3974 in
1291 3918 1441 3975 Orat.
1475 3921 1541 3976 de
1571 3920 1863 3978 Nativitate
1897 3918 2132 3985 Domini,

565 3991 655 4045 ubi
689 3989 969 4060 appellans
997 3989 1057 4043 Β.
1088 3989 1367 4060 Virginem
1395 4008 1485 4046 vas
1517 3991 1784 4046 electionis
1806 4001 2002 4047 natura
2032 4007 2136 4046 no-

564 4062 775 4114 hiscunt
823 4061 1259 4131 communicatis,
1293 4077 1400 4117 non
1435 4066 1595 4131 culpa
1645 4079 1660 4116 :
1703 4081 1721 4113 ι
1758 4060 1869 4117 Nec
1900 4064 2139 4118 sustine-

563 4132 907 4198 batjustitia,
943 4130 1121 4198 inquit
1157 4130 1267 4193 ille,
1304 4143 1360 4185 ut
1392 4130 1646 4186 illudvas
1675 4133 1957 4187 electionis
1982 4147 2137 4187 com-

565 4203 827 4255 munibus
856 4201 1150 4271 Alaaaretur
1208 4202 1446 4271 injuriis,
1497 4203 1762 4271 quoniam
1815 4203 2061 4271 pluribus
2104 4217 2138 4256 a

565 4273 776 4324 caeteris
840 4269 1142 4334 ditiorens,
1209 4269 1404 4325 natura
1477 4269 1959 4336 communicabat,
2029 4286 2137 4325 non

566 4342 749 4411 culpa.
790 4358 808 4391 ι
843 4339 979 4411 Quis
1007 4342 1154 4394 enim
1186 4340 1276 4394 hic
1301 4357 1408 4394 non
1449 4342 1629 4395 videat
1652 4341 1984 4411 Cyprianum
2011 4357 2140 4409 sup-

568 4410 817 4479 posuisse
846 4410 1135 4478 puritatem
1157 4411 1475 4478 originalem
1502 4409 1832 4465 beatissima:
1861 4409 2139 4480 Virginis?

568 4481 737 4549 Culpa
793 4494 1029 4548 namque
1075 4480 1402 4544 communis,
1464 4480 1551 4534 cui
1615 4481 2008 4535 descendentes
2073 4483 2141 4534 ab

569 4551 782 4604 Atlante
839 4549 1228 4618 subjiciuntur,
1281 4559 1492 4605 tantum
1548 4558 1633 4607 est
1680 4549 1983 4618 originalis,
2033 4567 2139 4606 non

571 4636 702 4676 vero
749 4621 996 4675 venialis.
1025 4619 1177 4673 lianc
1219 4621 1364 4674 enim
1413 4622 1602 4690 aliqui,
1636 4621 1826 4690 saltem
1879 4621 2139 4688 infantes,

572 4707 678 4746 non
707 4692 1124 4756 commiserunt,
1160 4705 1284 4744 cum
1319 4688 1521 4758 quibus
1554 4693 1600 4746 si
1637 4688 1803 4762 Virgo
1831 4693 1993 4762 culpa
2031 4709 2140 4747 non

571 4762 1015 4823 communicavit,
1064 4761 1287 4816 evidens
1341 4773 1444 4824 est,
1481 4778 1603 4817 eam
1656 4761 1763 4816 non
1815 4761 1988 4818 fuisSe
2041 4765 2145 4816 ob-

574 4833 794 4886 noxiam
841 4831 1118 4901 originali,
1154 4848 1220 4887 ac
1265 4831 1332 4887 de
1384 4833 1471 4886 illa
1513 4834 1866 4903 potissimum
1913 4833 2144 4903 intelligi

572 4903 772 4987 debere
812 4903 1098 4987 Deiparam
1146 4902 1531 4987 communibus
1578 4903 1798 4970 injuriis
1834 4919 1940 4987 noti
1974 4902 2146 4984 fuisse

573 4973 861 5027 otl‘ensam.
909 4973 1355 5045 Sanetusetiam
1405 4973 1836 5045 Chrysostptnus
1880 4975 2032 5030 Orat.
2089 4973 2144 5027 in

575 5045 901 5113 annuntiat.
940 5056 1046 5096 non
1097 5043 1260 5097 aliam
1287 5045 1357 5097 ob
1390 5043 1614 5098 causam
1659 5043 1945 5113 Dciparatn
1988 5053 2149 5098 vocat

575 5111 684 5169 Vas
730 5114 1246 5179 incontaminattmi,
1286 5114 1388 5167 nisi
1427 5117 1557 5183 quia
1606 5111 1890 5183 originalis
1938 5115 2147 5183 peccati

575 5187 1097 5239 eontaminationem
1131 5199 1240 5237 non
1267 5184 1473 5249 habuit,
1501 5187 1594 5240 sed
1621 5187 1692 5240 ab
1719 5187 1823 5239 hac
1854 5188 1989 5239 tanti
2019 5185 2148 5238 mali

577 5256 800 5310 miseria
836 5254 1096 5308 immunis
1129 5254 1251 5308 fuit.
1288 5255 1422 5325 Quis
1452 5271 1598 5309 enim
1641 5257 2150 5325 absolute‘appeilct

577 5326 1094 5396 incontaminatum,
1142 5325 1287 5394 quod
1336 5323 1648 5396 aliquando,
1683 5333 1739 5379 et
1784 5323 2005 5396 quidem
2035 5335 2149 5380 tur-

579 5395 825 5464 pissime,
852 5395 1280 5450 contaminatum
1314 5395 1454 5449 fuit?

652 5466 746 5538 (70
787 5469 845 5523 Β.
874 5465 1149 5535 Virginem
1196 5467 1316 5522 sine
1356 5465 1646 5538 Qtiginalis
1682 5465 1887 5537 peccati
1939 5463 2150 5538 macula

582 5533 754 5593 fuisse
776 5533 1122 5606 conceptam,
1148 5550 1215 5591 eo
1247 5535 1395 5604 quod
1429 5533 1569 5591 inter
1601 5533 1720 5601 nos,
1750 5548 1804 5592 et
1832 5537 2000 5606 Deum
2039 5533 2148 5588 Me-

583 5609 778 5662 diatrix
804 5605 984 5663 futura
1008 5614 1176 5670 esset,
1202 5611 1408 5677 colligit
1439 5607 1867 5662 liartbolomaaus
1895 5605 2151 5677 Pisanus,

584 5679 663 5734 Dc
686 5678 837 5734 laud.
864 5679 928 5732 Β.
971 5677 1031 5731 ν.
1069 5677 1188 5730 libr.
1221 5695 1260 5741 t,
1298 5675 1478 5732 fructu
1514 5677 1564 5741 Ἰ,
1597 5679 1728 5731 dum
1769 5679 1846 5730 ait
1876 5692 1891 5728 :
1928 5695 1948 5728 ι
1984 5675 2153 5728 Maria

588 5749 679 5804 Dei
736 5749 908 5804 Mater
956 5749 1189 5803 debebat
1237 5765 1362 5804 esse
1413 5749 1698 5802 utetiiatrix
1749 5747 1893 5801 inter
1950 5763 2053 5800 nos
2100 5759 2154 5800 ct

589 5818 782 5884 Deum,
804 5821 1012 5875 scilicet
1037 5819 1159 5885 ejus
1204 5818 1422 5880 FlllUln,
1450 5829 1507 5871 et
1527 5820 1643 5884 ejus
1672 5815 1840 5873 Filius
1887 5821 2026 5874 inter
2054 5832 2153 5870 nos

586 5901 645 5947 et
689 5891 894 5956 Deum;
937 5905 1067 5960 ergo
1119 5905 1306 5946 carere
1357 5889 1589 5947 debebat
1627 5892 1869 5960 quolibet
1918 5891 2072 5956 Vitio,
2103 5896 2156 5956 ct

2228 2062 2353 2116 tatis
2380 2059 2775 2129 cognitionem.

2536 2150 2621 2206 Ex
2651 2166 2852 2205 canone
2883 2147 3106 2203 Sabbati
3133 2159 3252 2219 post
3285 2147 3501 2205 Pentcc.

2299 2245 2534 2315 Spiritus
2563 2253 2791 2299 sanctus
2819 2242 2874 2296 in
2921 2251 2971 2296 te
2996 2257 3192 2311 purum
3239 2242 3578 2310 virginitatis
3629 2257 3830 2298 saera-

2227 2339 2370 2393 rium
2426 2337 2785 2402 descendens,
2821 2334 3000 2390 cﬂ‘ocit
3050 2334 3417 2406 splendidum,
3473 2347 3527 2390 et
3586 2336 3831 2392 sanctis~

2225 2432 2426 2487 simum
2457 2426 2872 2484 tabernaculum
2905 2427 3026 2482 Filii
3060 2427 3283 2493 excelsi,
3319 2428 3658 2483 beatissima.

2295 2519 2693 2578 incarnationis
2740 2517 2902 2573 Verbi
2951 2533 3220 2589 organum
3271 2520 3543 2583 divinum,
3581 2536 3618 2576 ο
3650 2535 3830 2576 vene-

2222 2613 2417 2674 randa,
2448 2609 2688 2680 Spiritus
2742 2618 2966 2666 sanctus
3022 2625 3148 2666 cum
3195 2611 3550 2667 obumbravit
3607 2611 3730 2675 tibi,
3771 2617 3829 2665 te

2224 2717 2410 2757 arcam
2468 2700 2734 2764 divinam,
2774 2699 3046 2754 illustrem
3098 2699 3300 2765 elfecit,
3335 2710 3391 2757 et
3437 2699 3759 2767 adornavit,
3786 2714 3828 2754 ο

2226 2788 2393 2860 Virgo
2416 2791 2726 2856 benedicta,
2747 2807 2869 2859 quae
2899 2789 3068 2846 Deum
3095 2793 3151 2846 in
3183 2808 3352 2848 carne
3381 2794 3666 2864 peperisti.

2297 2883 2578 2939 Terrestre
2622 2885 2898 2955 quoddam
2944 2886 3146 2940 caelum
3197 2887 3534 2954 apparuisti,
3587 2895 3787 2941 saneta
3815 2928 3831 2950 ,

2225 2979 2446 3035 cmleste
2469 2975 2707 3032 Verbum
2745 2988 2936 3032 ventre
2985 2979 3324 3049 concipiens,
3375 2979 3524 3048 quod
3561 2981 3617 3034 in
3671 2988 3841 3034 terra

2225 3079 2613 3128 conversatum
2646 3078 2753 3125 est.

2301 3161 2469 3217 Deum
2521 3162 2859 3224 hominibus.
2891 3157 3081 3232 Virgo,
3111 3160 3419 3216 conciliasti
3467 3159 3835 3223 mirabiliter,

2227 3255 2366 3311 inter
2387 3254 2552 3328 344
2567 3254 2728 3320 Eum,
2753 3265 2807 3310 et
2830 3269 2932 3310 nos
2963 3255 3250 3310 mediatrix
3274 3253 3649 3310 interveniens
3672 3252 3829 3324 (70).

2155 3433 2199 3497 C
2235 3431 2468 3495 macula,
2503 3447 2609 3501 qua
2641 3440 2754 3486 erat
2780 3431 3075 3493 discordia,
3104 3447 3211 3501 qua
3242 3446 3274 3487 e
3299 3441 3524 3500 peccato
3564 3429 3833 3500 originali

2239 3513 2294 3556 et
2333 3503 2482 3556 omni
2515 3503 2642 3557 alio.
2687 3519 2707 3555 ι
2746 3502 2837 3558 Sic
2879 3504 2987 3558 ille.
3021 3501 3393 3556 Bernardinus
3417 3503 3582 3557 etiam
3617 3503 3684 3556 de
3716 3501 3836 3554 Bu-

2241 3585 2326 3626 sto
2360 3573 2412 3626 in
2460 3588 2560 3627 suo
2600 3570 2841 3637 Mariali,
2876 3589 3019 3628 scrin
3063 3571 3118 3632 6.
3152 3574 3220 3626 de
3251 3587 3478 3642 concep.
3514 3581 3670 3640 parte
3692 3586 3743 3642 ι,
3778 3571 3836 3626 in

2242 3644 2390 3697 hunc
2439 3643 2952 3713 modumioquitur
2994 3657 3011 3697 :
3061 3641 3512 3711 Quandocunque
3558 3653 3641 3696 est
3688 3641 3838 3698 inter

2243 3714 2459 3781 aliquos
2486 3712 2796 3778 inimicitia,
2823 3729 2923 3779 pro
2963 3713 3409 3768 reconciliatione
3440 3713 3694 3767 convenit
3736 3727 3838 3770 ac-

2243 3784 2426 3851 cipere
2471 3784 2714 3844 tertium,
2754 3783 2860 3840 nisi
2897 3783 2990 3837 ille
3029 3781 3102 3836 sit
3147 3782 3339 3838 oﬂ’ensi
3377 3781 3607 3847 amicus,
3655 3784 3834 3836 multo

2246 3855 2431 3907 minus
2478 3863 2659 3908 autem
2695 3854 2820 3908 talis
2860 3851 3150 3915 mediator,
3181 3853 3340 3906 debet
3381 3867 3504 3907 esse
3549 3855 3833 3922 particeps

2243 3922 2448 3988 delicti,
2478 3937 2574 3991 per
2612 3937 2781 3994 quam,
2822 3922 3302 3994 participationem
3341 3923 3415 3978 sit
3444 3934 3498 3975 et
3524 3923 3641 3989 ipse
3669 3925 3834 3978 dolo-

2244 4007 2339 4048 sus
2368 4009 2382 4046 :
2410 4007 2538 4047 nam
2581 3991 2787 4048 inimici
2822 3991 3064 4055 anticus,
3095 3991 3355 4046 inimicus
3383 4001 3488 4054 est,
3509 4003 3565 4048 et
3593 3993 3720 4049 ideo
3758 3994 3836 4058 ei,

2245 4073 2501 4133 tanquam
2531 4063 2777 4122 inimico.
2795 4077 2904 4117 non
2933 4062 3284 4117 credendum.
3314 4061 3479 4131 Virgo
3504 4064 3689 4133 itaque
3712 4075 3842 4133 quas

2245 4132 2479 4187 debebat
2508 4133 2749 4188 mediare
2778 4134 2920 4187 inter
2948 4134 3244 4186 humanam
3277 4142 3559 4196 naturam.
3595 4132 3650 4188 et
3673 4132 3846 4188 cun-

2247 4211 2392 4257 stum
2438 4215 2755 4266 venturum,
2797 4219 2905 4256 non
2957 4203 3189 4256 debebat
3227 4216 3349 4259 esse
3383 4218 3474 4256 rea
3513 4215 3567 4258 et
3607 4204 3846 4258 conscia

2246 4271 2456 4335 delicti,
2474 4273 2717 4340 alioquin
2743 4283 2889 4327 esset
2917 4272 3134 4340 indigna
3163 4273 3592 4334 reconciliatrix.
3617 4275 3850 4330 dicente

2251 4340 2516 4409 Gregorio
2537 4343 2596 4413 in
2635 4340 2927 4396 Montibus
2952 4359 2972 4395 :
3000 4341 3136 4413 Cum
3168 4343 3214 4396 is
3242 4347 3334 4410 qui
3363 4343 3613 4413 displicet
3650 4343 3728 4413 ad
3769 4349 3850 4398 in-

2251 4412 2646 4481 terpellandom
2683 4413 2943 4478 mittitur,
2964 4411 3102 4482 irati
3138 4413 3344 4482 jnilicis
3378 4411 3599 4482 animus
3623 4412 3689 4468 ad
3739 4418 3846 4470 ira—

2249 4483 2540 4553 cundiam_
2566 4491 2914 4553 provocatur.
2941 4481 3124 4553 Missa
3166 4491 3251 4537 est
3291 4498 3423 4552 ergo
3474 4481 3643 4553 Virgo
3673 4486 3847 4539 benc-

2248 4553 2392 4605 dicta
2441 4551 2782 4625 auPatribus
2822 4552 3032 4625 exsilio
3070 4552 3344 4625 damnatis
3366 4551 3637 4623 tanquam
3664 4555 3848 4625 digna

2250 4621 2658 4676 reconciliatrix
2704 4623 2770 4675 ad
2821 4621 3012 4696 Deum,
3046 4637 3168 4696 quae
3223 4623 3268 4677 si
3307 4639 3416 4678 non
3466 4621 3612 4696 esset
3645 4621 3845 4696 digna,

2246 4706 2467 4764 poenam
2496 4702 2851 4764 ‘mererctur.
2890 4691 2994 4746 Sed
3023 4691 3154 4764 quia
3189 4707 3296 4746 non
3334 4704 3414 4749 est
3448 4695 3693 4763 repulsa,
3716 4691 3849 4749 “imo

2248 4761 2446 4817 iratum
2495 4761 2662 4816 Deum
2709 4763 2966 4832 placavit,
3003 4762 3326 4832 dignissima
3381 4761 3598 4818 inventa
3649 4778 3765 4831 est,
3797 4773 3847 4818 et

2248 4848 2344 4916 per
2378 4847 2743 4918 consequens,
2773 4832 3680 4918 sine_originalicu‘lpa'.“Christus
3715 4848 3846 4918 ergo

2251 4901 2390 4974 inter
2421 4901 2634 4956 Patrem
2666 4912 2720 4956 et
2745 4901 3327 4974 popttlutn‘mediavit,
3363 4901 3526 4974 Virgo
3576 4906 3727 4958 inter
3761 4901 3843 4974 Fit

2249 4972 2380 5043 lium
2413 4984 2464 5027 et
2501 4971 2922 5044 delinquentes;
2956 4974 3100 5042 quod
3133 4973 3178 5026 si
3215 4973 3330 5043 ipsa
3362 4971 3719 5044 peccavisset,
3753 4971 3841 5044 ubi

2248 5053 2391 5114 esset
2419 5058 2546 5112 spes
2574 5045 2798 5097 nostra?
2825 5043 2926 5099 Ubi
2967 5042 3378 5114 reclinatoriuni
3408 5047 3606 5114 capitis
3629 5042 3843 5101 nostri?

2251 5115 2309 5168 Si
2345 5113 2515 5166 Mater
2542 5122 2690 5168 esset
2712 5129 2829 5176 rea,
2863 5112 2996 5182 quid
3034 5113 3193 5168 nobis
3229 5115 3404 5170 servis
3453 5112 3604 5170 essiet
3627 5116 3840 5170 inutili-

2249 5183 2726 5255 busiDesperare
2757 5196 3068 5253 possemus,
3100 5184 3194 5238 ubi
3219 5183 3367 5255 ipsa
3389 5185 3674 5255 privilegio
3726 5188 3838 5242 sin-

2251 5254 2425 5324 gulari
2479 5255 2731 5320 puritatis
2761 5252 2889 5324 non
2929 5255 3174 5323 polleret.
3210 5253 3304 5324 Sic
3351 5252 3714 5310 Bustusftlui
3763 5256 3840 5309 his

2252 5321 2435 5377 verbis
2459 5324 2758 5378 subscribit
2787 5321 3072 5379 Pelbartus
3111 5325 3164 5378 in
3193 5323 3447 5378 Stellnrio
3471 5325 3537 5380 Β.
3580 5326 3833 5393 Virginis,

2251 5393 2347 5446 lib.
2373 5408 2447 5453 tv,
2469 5403 2613 5462 part.
2639 5409 2699 5458 tt,
2735 5409 2786 5447 a.
2815 5394 2887 5448 '5:
2920 5394 3207 5448 Mediatrix
3233 5404 3317 5449 est
3337 5393 3499 5450 Maria
3521 5395 3839 5451 inici-Chri-

2253 5473 2422 5525 stum,
2455 5473 2510 5517 et
2535 5464 2804 5535 homines,
2827 5464 3076 5535 medium
3107 5473 3288 5518 autem
3319 5466 3486 5521 debet
3517 5468 3840 5535 participare

2255 5548 2380 5607 cum
2414 5535 2696 5607 extremis,
2733 5533 2786 5598 5,
2817 5533 3010 5607 Pitysa
3032 5536 3457 5607 ideoeongruit.
3491 5533 3550 5590 ut
3579 5538 3700 5607 ipsa
3727 5534 3837 5607 ila-

2255 5605 2343 5674 ria,
2371 5603 2658 5657 mediatrix
2696 5605 2912 5674 generis
2953 5605 3174 5657 humani
3222 5604 3277 5658 in
3297 5603 3672 5674 conceptione
3698 5606 3835 5660 assio

2257 5673 2477 5747 miletur
2510 5673 2848 5738 hominibus,
2889 5676 2946 5727 in
2989 5674 3247 5735 naturali,
3288 5673 3520 5740 scilicet,
3566 5690 3833 5747 propaga-

2258 5746 2405 5805 tione
2445 5747 2744 5805 communi,
2794 5754 2846 5798 et
2903 5747 3004 5798 hoc
3049 5760 3158 5797 non
3215 5747 3475 5802 obstante
3508 5746 3837 5801 asstimtletur

2255 5803 2473 5869 Christo
2505 5815 2666 5890 capiti
2705 5803 2757 5890 in
2786 5813 2911 5890 ligo,
2930 5825 3004 5890 _ut
3024 5829 3130 5890 per
3155 5817 3398 5884 gratiam
3426 5827 3834 5890 prescrvctura

2256 5895 2480 5957 peccato
2511 5885 2782 5955 originali.
2809 5883 2901 5939 Sic
2930 5883 3229 5941 Pelles-tus.
