4088 6366
298 405 436 474 ιω

1704 410 2065 474 MARIALE.

3447 414 3588 485 1414

366 519 679 601 Quomodo,
711 534 744 576 ο
774 531 926 579 casta
972 517 1140 595 Virgo
1184 520 1377 591 Mater,
1406 521 1519 581 Deo
1562 524 1888 583 charissima
1918 537 1964 594 Α
1994 526 2185 597 scepit.
2208 527 2345 583 etad
2370 527 2588 585 Patrem
2614 544 2772 586 suum
2798 529 3069 598 ascendit,
3088 547 3250 602 quem
3270 542 3453 591 tamen
3475 553 3585 593 nun

296 616 416 673 sine
464 614 631 688 358
666 614 810 671 virili
856 616 1052 686 copula
1097 618 1396 688 peperisti?
1438 618 1717 689 quomodo
1758 633 1886 679 eum

294 709 539 774 nutristi,
572 710 666 779 qui
699 719 985 767 creaturas
1016 712 1193 768 nutrit
1248 713 1577 769 universas?
1611 714 1890 781 quomodo

293 805 444 861 solus
474 788 593 875 ipse
622 805 796 871 novit,
827 806 924 877 qui
955 805 1201 863 universi
1227 814 1311 863 est
1337 805 1657 872 Creator,et
1682 805 1848 863 Deus.

366 908 502 984 Quis
527 921 799 990 magnalia
830 929 919 975 tua
951 935 1212 978 enarrare
1236 922 1432 993 possit,
1457 937 1491 977 o
1518 918 1686 993 Virgo
1701 922 1890 978 casta?

295 1006 465 1062 Deum
508 1010 656 1065 enim
706 1010 761 1065 in
796 1026 964 1066 carne
1005 1014 1415 1082 supernaturali
1459 1012 1675 1069 ratione
1721 1028 1888 1085 pepe-

291 1100 448 1165 risti;
497 1098 611 1172 qui'
647 1118 743 1173 per
797 1112 869 1170 te,
898 1119 933 1159 o
974 1102 1144 1176 Virgo
1195 1105 1529 1176 castissima,
1569 1123 1598 1161 a
1648 1104 1890 1176 peccatis

291 1194 561 1248 mundum
591 1196 822 1251 retrahit
850 1198 1143 1255 universis.

366 1308 498 1365 Post
544 1320 761 1381 partum
822 1314 997 1385 virgo.
1047 1323 1223 1381 easta,
1277 1314 1656 1386 permansisti,
1711 1315 1887 1371 Deum

290 1403 441 1460 enim
486 1406 805 1475 genuisti,o
834 1408 1119 1472 inviolata,
1165 1409 1257 1480 qui
1299 1410 1541 1480 potentia
1584 1424 1683 1465 sua
1726 1408 1890 1465 inno-

302 1498 455 1553 vavit
481 1510 706 1556 naturas
737 1517 751 1556 :
780 1516 947 1573 quem
975 1501 1208 1573 supplex
1234 1516 1331 1556 ora
1365 1517 1465 1573 pro
1491 1500 1740 1557 omnium
1774 1515 1884 1555 nos

291 1601 472 1647 strum
506 1594 703 1653 salute.

376 1704 546 1781 Virgo
573 1710 947 1773 immaculata,
986 1709 1097 1766 Deo
1126 1710 1479 1777 charissima,
1505 1720 1656 1768 tuum
1687 1711 1884 1768 Filium
1964 1746 1965 1749 η

290 1807 592 1877 deprecare
623 1802 865 1867 assidue,
892 1817 960 1858 ne
1000 1819 1086 1859 me
1131 1804 1183 1858 in
1215 1803 1303 1859 die
1336 1805 1529 1874 judicii
1563 1805 1889 1864 confusione

288 1899 624 1977 perfundat;
658 1898 752 1954 sed
779 1914 905 1954 cum
936 1897 1126 1953 electis
1153 1897 1348 1953 ovibus
1374 1907 1721 1955 annumeret.

364 2012 416 2069 0
454 2013 613 2084 Virgo
639 2020 788 2068 casta
816 2027 941 2082 quae
984 2013 1141 2068 caelis
1180 2013 1343 2068 latior
1385 2012 1725 2084 apparuisti,
1754 2029 1893 2070 con-

289 2109 509 2167 tinuisti
558 2108 924 2178 corporaliter
965 2105 1160 2170 Deum,
1210 2107 1303 2176 qui
1345 2107 1729 2164 circumscribi
1780 2123 1889 2163 non

290 2210 503 2277 potest;
541 2210 597 2258 et
625 2202 877 2257 eumdem
921 2201 1180 2271 peperisti
1214 2203 1268 2255 in
1304 2202 1738 2272 redemptionem
1768 2216 1889 2258 om-

292 2296 451 2353 nium
478 2294 573 2368 qui
598 2302 651 2350 te
682 2292 1000 2349 firmissima
1034 2292 1139 2351 ilde
1170 2293 1509 2350 eollaudant.

296 2453 387 2511 Ea:
422 2471 622 2511 canone
663 2454 718 2509 in
759 2453 898 2525 feria
938 2469 999 2519 tt,
1033 2463 1148 2521 post
1179 2450 1516 2509 Dominicam
1556 2470 1588 2509 ν
1638 2452 1886 2512 Paulus.

373 2613 688 2670 Luciferum
725 2613 1034 2668 vehiculum
1075 2612 1211 2668 solis
1236 2610 1620 2669 intellectualis
1643 2628 1769 2669 vere
1802 2612 1888 2667 fa-

300 2718 391 2765 cta
416 2724 503 2772 es,
529 2722 563 2762 o
592 2714 740 2762 casta
770 2716 825 2762 et
852 2707 1239 2772 immaculata;
1282 2722 1379 2777 per
1419 2707 1591 2778 quod,
1634 2708 1890 2764 sedentes

305 2802 363 2855 in
390 2799 631 2855 tenebris
655 2800 837 2855 lumen
868 2798 1115 2856 scientiae
1159 2798 1434 2866 viderunt,
1470 2810 1523 2856 te
1562 2812 1663 2872 pro
1706 2801 1891 2856 debito

303 2892 596 2966 gloriosam
631 2876 984 2964 appellantes.

360 3044 450 3101 Ex
479 3062 678 3103 canone
715 3046 772 3102 in
793 3046 933 3118 [cria
969 3060 1043 3112 tv,
1069 3056 1188 3116 post
1218 3045 1457 3102 eamdem
1474 3043 1829 3102 Dominicam.

370 3179 663 3257 Dominum
700 3182 947 3236 omnium
989 3180 1272 3251 peperisti,
1301 3194 1336 3234 ο
1366 3178 1595 3235 Domina
1630 3180 1699 3235 ab
1738 3179 1887 3235 omni

1991 619 2328 685 deseruerat,
2358 622 2610 693 quamvis
2636 638 2857 679 carnem
2889 624 3244 695 suscepisset.

2066 712 2264 768 Beatus
2301 712 2477 770 factus
2496 724 2580 771 est
2611 725 2801 771 venter
2823 725 2974 783 tuus,
2998 731 3033 771 ο
3066 719 3385 789 purissima,
3418 720 3578 791 digna

1991 820 2230 887 namque
2274 805 2425 862 fuisti
2457 810 2739 864 continere
2784 825 2911 864 eum
2949 810 3113 865 modo
3151 811 3449 880 inell'abili;
3485 817 3583 885 qui

1993 895 2295 977 inferorum
2346 897 2512 969 3&9
2569 911 2810 955 ventrem
2874 902 3200 959 mirabiliter
3234 910 3581 977 .evacuavit;

1990 1004 2153 1060 quem
2183 1006 2283 1061 pro
2316 993 2493 1048 salute
2521 1005 2705 1049 nostra
2742 995 2873 1050 dum
2904 1006 2955 1050 te
2988 996 3301 1066 laudamus,
3328 1015 3516 1056 exora.

2062 1082 2333 1151 Christus,
2360 1084 2455 1157 qui
2498 1094 2573 1152 te,-
2602 1101 2639 1142 o
2665 1088 2756 1142 Dei
2788 1087 3057 1155 Genitrix,
3084 1089 3361 1161 Virginem
3401 1093 3585 1148 incor-

1990 1182 2208 1245 ruptam
2231 1185 2355 1247 pust
2376 1188 2593 1248 partum
2615 1182 2979 1247 conservavit,
2995 1184 3318 1239 ascenditad
3344 1183 3582 1252 Patrem,

1990 1284 2154 1340 quem
2209 1286 2317 1326 non
2351 1270 2742 1342 dereliquerat,
2762 1274 2888 1329 licet
2919 1291 3145 1329 carnem
3188 1279 3585 1349 assuiupsisset

1990 1376 2057 1418 ex
2111 1369 2164 1418 te
2218 1363 2499 1432 praeditam
2532 1365 2710 1420 anima
2748 1364 3124 1431 intellectuali,
3158 1376 3380 1438 propter
3448 1369 3588 1425 inef-

1992 1454 2213 1513 fabilem
2247 1456 2706 1514 misericordiam.

2062 1568 2399 1639 Laudamus,
2437 1586 2471 1625 o
2509 1580 2664 1627 casta
2708 1574 2911 1643 puella,
2945 1576 3359 1646 conceptionem
3398 1587 3584 1646 tuam;

1990 1663 2283 1720 laudamus
2329 1675 2547 1736 partum
2592 1667 2946 1734 ineffabilem,
2984 1685 3083 1739 per
3128 1686 3291 1740 quem
3329 1688 3360 1727 a
3387 1685 3583 1728 θυι-τω

1992 1759 2196 1829 ptione,
2220 1767 2276 1815 et
2301 1759 2626 1829 perditione,
2669 1775 2733 1817 ac
2773 1762 3067 1820 tenebroso
3108 1762 3308 1820 inferni
3356 1780 3587 1823 carcere

1992 1853 2204 1909 liberati
2233 1870 2447 1911 sumus.

2069 1945 2115 2001 Ο
2146 1955 2368 2019 stupore
2394 1949 2550 2017 plena
2575 1949 2873 2007 miraculal
2909 1940 3188 2022 quomodo
3210 1954 3381 2012 Deum
3405 1951 3587 2012 conti-

1994 2041 2183 2106 nnisti,
2221 2056 2255 2097 o
2299 2039 2411 2097 Deo
2458 2043 2807 2109 charissima,
2842 2046 2935 2116 qui
2982 2056 3068 2103 est
3100 2047 3579 2120 incomprehensi-

1992 2135 2259 2207 bilis?qui
2286 2152 2507 2191 carnem
2530 2152 2596 2191 ex
2626 2140 3076 2208 teemendicavit,
3096 2150 3149 2197 et
3177 2157 3303 2199 cum
3340 2143 3581 2215 plurima

1990 2230 2160 2299 gloria
2206 2229 2369 2285 hodie
2407 2229 2460 2285 in
2504 2230 2705 2286 coelum
2758 2245 3080 2305 assumptus
3126 2234 3380 2292 homines
3421 2235 3583 2292 deiﬁ-

1990 2321 2173 2378 cavit?

2058 2412 2203 2471 Ecce
2226 2412 2397 2471 Filius
2417 2425 2568 2485 tuus,
2596 2432 2628 2473 o
2659 2417 2911 2488 Deipara,
2938 2426 3115 2475 morte
3135 2435 3231 2488 per
3259 2435 3415 2476 suam
3447 2436 3580 2477 cru-

1988 2524 2106 2565 cem
2143 2509 2399 2578 spoliata,
2443 2512 2749 2567 resurrexit
2790 2511 2947 2567 tertia
2997 2513 3124 2581 die;
3160 2522 3215 2569 et
3249 2529 3373 2569 cum
3412 2530 3583 2586 appa-

1989 2603 2196 2659 ruisset
2220 2602 2505 2675 discipulis
2538 2605 2675 2671 suis,
2703 2604 2767 2659 ad
2813 2605 3057 2662 coelestia
3097 2607 3420 2679 emigravit;
3452 2625 3578 2665 eum

1989 2710 2101 2767 quo
2139 2708 2192 2753 te
2221 2697 2516 2755 adorantes
2543 2698 2860 2765 laudamus,
2890 2707 2946 2754 et
2982 2699 3356 2771 gloriﬁcamus
3381 2701 3435 2757 in
3459 2718 3581 2758 om-

1989 2788 2079 2844 nia
2106 2789 2330 2846 saecula.

2073 2906 2190 2964 Lux
2244 2908 2313 2964 de
2367 2908 2487 2965 luce
2539 2924 2871 2975 coruscans,
2902 2925 2969 2966 ex
2996 2918 3070 2977 te,
3124 2911 3576 2977 omundissima.

1990 3010 2181 3056 exorta
2211 3010 2326 3068 est;
2365 3012 2418 3057 et
2443 3003 2755 3057 universam
2794 3002 3135 3057 infidelitatis
3180 3004 3577 3061 obscuritatem

1992 3090 2312 3161 dissipavit;
2346 3099 2400 3147 et
2429 3092 2497 3147 iis
2528 3092 2618 3163 qui
2658 3091 2711 3145 in
2762 3101 2920 3146 nocte
2965 3091 3329 3151 dormiebant.
3360 3091 3575 3149 illuxit:

1990 3190 2277 3252 propterea
2307 3184 2550 3240 universi
2575 3194 2626 3240 te
2648 3199 2747 3255 pro
2774 3183 2972 3239 merito
2993 3183 3210 3240 beatam
3240 3184 3580 3257 appellamus

295 3274 420 3333 labe
441 3274 705 3331 immunis
734 3274 872 3347 (76),
908 3273 1001 3345 qui
1031 3272 1398 3329 voluntariam
1431 3273 1743 3343 passionem
1785 3288 1880 3329 su-
1908 3278 1953 3337 ο
1991 3274 2045 3330 in
2083 3283 2345 3331 aeternum
2375 3275 2426 3331 *.

296 3508 445 3567 inter
481 3506 669 3582 Mariae
704 3504 1169 3582 conceptionem,-
1192 3511 1251 3559 et
1288 3501 1382 3558 Dei
1428 3501 1830 3582 matcrnitatem
1870 3519 1886 3557 :

298 3597 427 3636 nam
456 3580 561 3634 etsi
588 3575 1229 3647 conceptio—quindecim
1261 3588 1530 3628 annorum
1563 3575 1744 3643 spatio
1772 3588 1888 3647 ma-

296 3651 614 3709 ternitatem
646 3644 1005 3703 antevttrterit
1051 3648 1105 3700 in
1140 3644 1233 3701 Dei
1266 3655 1468 3707 mente,
1500 3653 1557 3715 et
1594 3646 1886 3715 mysterio—

297 3738 421 3778 rum
449 3721 797 3791 praevisione,
821 3715 1145 3791 maternitas
1168 3714 1545 3791 conceptionis
1566 3714 1884 3791 estcomes.

299 3809 403 3849 nec
448 3786 817 3857 computanda
860 3798 942 3845 est
986 3788 1107 3843 sine
1156 3786 1519 3857 materuitate
1547 3786 1883 3857 conceptio:

296 3854 617 3931 concipitur
644 3859 789 3914 enim
834 3875 960 3931 mox
991 3858 1086 3913 Dei
1112 3857 1287 3931 Mater
1305 3858 1471 3931 digne
1500 3855 1705 3911 futura.
1736 3854 1889 3931 Unde

297 3925 489 3992 divina
542 3931 864 3986 mater-nitas
917 3930 1114 3986 futurae
1159 3928 1251 3983 Dei
1305 3925 1497 3981 Mzitris
1538 3928 1886 3995 conceptioni

298 4008 479 4070 adest,
512 4014 571 4058 ut
590 4002 906 4057 aliinitatcm
930 4017 1053 4057 cum
1085 4010 1309 4071 peccato
1334 4012 1676 4071 praepropere
1705 4006 1889 4053 arceat

297 4087 356 4134 et
401 4084 635 4131 avertat.
678 4074 789 4129 Nec
838 4081 1052 4127 tantum
1088 4070 1285 4125 divina
1323 4070 1646 4125 mutet-nitas
1697 4083 1885 4124 comes

300 4151 475 4214 adest,
510 4147 606 4203 sed
635 4146 800 4201 etiam
832 4143 1092 4199 Marianae
1122 4141 1501 4214 conceptionis
1536 4140 1889 4214 administro,

302 4209 517 4276 scilicet
568 4228 752 4274 tantus
786 4216 974 4285 gratiae
1002 4224 1058 4269 et
1105 4209 1506 4285 gloriae—nith
1544 4212 1597 4267 in
1644 4209 1886 4285 Deipara:

301 4292 598 4360 purissima
626 4281 989 4360 conceptione
1020 4281 1304 4360 scintillat,
1336 4293 1395 4337 ut
1415 4281 1509 4336 Dei
1541 4282 1885 4360 maternitas,

301 4354 428 4430 quae
452 4373 536 4418 est
562 4354 815 4417 omnium
847 4357 1033 4412 Mariae
1070 4356 1368 4430 gratiarum
1390 4354 1621 4430 _matrix_,
1648 4368 1763 4430 non
1792 4354 1889 4408 dc-

303 4423 557 4504 tiignetur
618 4430 845 4504 puritati
895 4423 1272 4504 conceptionis
1322 4423 1467 4504 velut
1528 4425 1884 4504 ministrare:

305 4495 575 4573 siduidem
602 4495 883 4573 singulare
908 4509 962 4553 ct
984 4495 1266 4573 praelustre
1289 4496 1613 4573 _g_ratiarum
1639 4495 1888 4550 omnium

302 4560 651 4645 privilegium
684 4560 1130 4645 inconccpiione
1153 4560 1363 4645 Virgini
1399 4576 1725 4636 prmmature
1754 4580 1890 4645 cou-

300 4637 546 4709 cessuni,
592 4654 656 4696 ex
703 4642 888 4696 divina
939 4637 1287 4695 maternitate
1332 4647 1561 4706 auguste
1616 4637 1884 4709 nascitur.

300 4711 498 4768 Gratia
520 4708 667 4766 enim
690 4724 822 4779 tunc
849 4720 1103 4766 naturam
1130 4723 1471 4780 praepropere
1493 4708 1808 4780 antevertit,
1832 4720 1887 4762 ut

300 4782 467 4854 digna
516 4783 639 4837 Filii
686 4782 783 4839 Dei
836 4780 1007 4838 Mater
1046 4779 1449 4854 conciperetur.
1486 4780 1630 4854 Ergo
1672 4779 1883 4833 intinita

296 4850 559 4926 dignitas.
588 4866 643 4909 et
665 4856 839 4925 gratia
867 4854 1064 4926 divina:
1093 4850 1473 4926 iataternitatis,
1493 4850 1879 4926 _ve_.lut_comes,

291 4918 714 4983 et'administra
757 4928 911 4981 adest
949 4925 1316 4980 immaculata:
1360 4918 1597 4993 Virginis
1635 4919 1882 4992 Deiparae

295 4998 667 5073 conceptioni.
693 4998 818 5055 Haec
840 4997 1059 5054 Celada.

2068 3502 2516 3577 (76),,Curmesse
2549 3502 2617 3577 ab
2649 3503 2800 3561 omni
2836 3501 2955 3577 labe
2990 3502 3311 3577 immunem,
3344 3500 3417 3577 sit
3453 3500 3579 3559 inii-

1995 3574 2386 3630 mum'tihristi
2415 3576 2662 3629 omnium
2698 3576 2962 3643 supremi,
2990 3574 3243 3629 Christus
3273 3575 3419 3629 enim
3450 3584 3575 3630 cum

1994 3646 2293 3715 sitjustus.
2325 3646 2437 3700 duo
2482 3646 2646 3700 habet
2670 3661 2792 3714 qua:
2819 3644 3033 3715 justum
3068 3646 3346 3700 hominem
3369 3648 3579 3703 consu-

1994 3727 2179 3780 luunt,
2205 3716 2417 3772 scilicet
2456 3716 2733 3771 declinare
2769 3732 2796 3768 a
2838 3718 3002 3780 malo,
3042 3724 3095 3770 et
3134 3716 3311 3773 facere
3339 3716 3575 3782 bonum,

1995 3791 2113 3844 sine
2143 3797 2379 3857 peccato
2399 3803 2546 3849 esse,
2572 3794 2624 3840 et
2653 3787 2947 3844 virtutibus
2973 3787 3255 3843 abundare
3287 3805 3300 3842 :
3325 3791 3578 3856 quamvis

1996 3860 2142 3916 enim
2178 3862 2298 3915 sine
2342 3867 2569 3931 peccato
2613 3873 2736 3912 esse
2783 3859 2911 3928 quid
2968 3875 3224 3930 magnum
3274 3860 3365 3923 sit,
3398 3857 3578 3931 majus

1999 3940 2182 3985 tamen
2228 3939 2312 3983 est
2341 3930 2515 3999 gratia
2551 3936 2605 3983 et
2663 3931 2958 3999 virtutibus
2998 3929 3302 3995 abundare,
3334 3939 3388 3984 et
3422 3929 3579 3984 omni

1996 3998 2501 4074 perfectione’esse
2547 3999 2858 4070 praeditum.
2896 3998 3051 4074 Unde
3091 4001 3269 4071 angeli
3311 3998 3438 4054 boni
3469 4015 3577 4074 non

1995 4071 2411 4143 distinguuntur
2437 4071 2578 4143 inter
2600 4086 2658 4124 se
2684 4086 2749 4124 ex
2786 4086 2850 4125 eo
2868 4140 2878 4143 _
2896 4072 3049 4143 quod,
3068 4086 3177 4126 non
3207 4071 3579 4143 contraxerint

1996 4140 2232 4213 culpam,
2260 4155 2387 4195 nam
2415 4140 2596 4197 nullus
2627 4155 2817 4196 eorum
2848 4140 3098 4209 deliquit,
3140 4141 3432 4213 sed‘juvta
3460 4157 3578 4196 ma-

1990 4211 2195 4287 jorem,
2220 4213 2304 4287 vel
2349 4213 2612 4287 minorem
2649 4226 2838 4287 eorum
2883 4214 3137 4287 gratiam,
3173 4211 3574 4287 sublimiorem,

1995 4283 2079 4340 vel
2116 4284 2428 4340 inferiorem
2454 4283 2628 4338 locum
2662 4284 2912 4337 obtinent
2945 4284 3000 4337 in
3032 4284 3121 4337 illa
3154 4293 3357 4339 interna
3400 4284 3575 4338 beati-

1996 4357 2208 4440 tudine.
2234 4356 2368 4411 Cum
2396 4356 2561 4409 etiam
2607 4352 2815 4435 (im-isti
2846 4352 3018 4435 Mater
3047 4353 3212 4442 Yiqgo
3251 4353 3576 4442 beatissima
3624 4384 3627 4387 ι

1996 4429 2068 4484 sit
2110 4441 2427 4498 supremum
2496 4426 2765 4493 omnium,
2825 4427 2920 4496 qui
2980 4426 3085 4482 sub
3132 4426 3355 4480 Christo
3399 4426 3577 4498 capite

1996 4496 2254 4565 vivimus,
2311 4506 2372 4552 ut
2425 4512 2589 4551 nemo
2639 4498 2875 4566 negabit,
2935 4507 2989 4551 et
3041 4510 3357 4565 supremum
3404 4496 3575 4550 intimi

1999 4572 2227 4641 attingat
2277 4569 2524 4641 infimum
2565 4568 2828 4641 supremi,
2874 4567 3224 4641 manifestum
3270 4575 3352 4641 est
3410 4581 3577 4641 quam

1997 4636 2196 4696 decens
2227 4643 2318 4703 sit,
2344 4647 2401 4695 ut
2425 4639 2543 4708 ipsa
2577 4638 2635 4689 Β.
2674 4636 2836 4707 Virgo
2866 4640 2937 4693 sit
2961 4641 3109 4697 omni
3141 4638 3263 4692 labe
3290 4637 3575 4705 immunis,

1914 4695 1968 4755 Β
1997 4721 2055 4768 ut.
2082 4695 2356 4767 Christus.
2398 4695 2655 4763 Christus
2684 4695 2904 4779 quidem
2951 4723 3018 4763 ex
3049 4696 3270 4779 natura,
3300 4723 3365 4763 ex
3400 4695 3576 4777 priviz

1994 4785 2138 4855 legio
2171 4796 2349 4837 tamen
2381 4780 2501 4850 ejus
2535 4774 2726 4855 mater,
2764 4788 2825 4834 ut
2868 4781 3024 4855 locus
3057 4774 3282 4855 Christo
3309 4779 3363 4855 in
3391 4774 3471 4855 ea
3494 4779 3577 4832 lo-
3644 4830 3646 4832 ,

1990 4848 2167 4909 calido
2200 4848 2537 4908 conveniret.
2567 4848 2705 4905 Vide
2738 4864 2837 4921 pro
2869 4852 2971 4905 hac
3006 4865 3064 4907 re
3100 4849 3574 4921 Nierembergium

1989 4926 2046 4981 in
2073 4922 2379 4994 Tlteoria,'§
2415 4922 2502 4989 10,
2539 4938 2648 4977 non
2673 4923 2831 4991 longe
2860 4936 2891 4976 a
2928 4921 3219 4993 principio.

363 5162 563 5241 ‘Apud
604 5176 1176 5241 Maraccium_deinceps
1198 5174 1438 5238 leguntur
1482 5168 1746 5223 Theotociu
1790 5184 1852 5241 rx
1877 5167 2537 5241 alio-codicedeprompta;
2569 5180 2681 5229 quae
2719 5167 3042 5241 cum__eadem
3082 5162 3184 5214 sint
3214 5162 3574 5241 omnino-cunt

291 5225 579 5314 Theodotius
601 5225 755 5314 supra
777 5225 1207 5314 eanaraclet'im
1252 5225 1536 5290 Timent-um
1581 5234 1844 5298 expressis,
1879 5235 2020 5283 nobis
2063 5225 2337 5282 omittenda
2378 5225 2539 5289 erant,
2574 5225 2796 5293 quamvis
2828 5230 3092 5281 Maraccius
3115 5241 3175 5277 ea
3207 5225 3270 5276 ob
3311 5226 3574 5275 varietath

283 5303 534 5360 quasdam
554 5300 829 5353 admiserit.
848 5300 986 5353 Eutr.
