4088 6366
464 297 591 364 1421

1325 311 1707 373 LAUDATIO
1741 310 1802 375 S.
1841 313 2400 376 BARTllOLOMA‘Il
2442 319 2828 382 APOSTOLI.

3562 320 3698 383 lli!

543 421 714 489 Ὡρῶν
762 424 858 477 καὶ
906 424 1113 494 χρόνων
1173 428 1433 500 ὑπάρχων
1475 432 1696 502 Κύριος,
1746 434 1844 503 μιᾷ
1891 436 2013 503 porri

2154 482 2159 489 .
2198 432 2467 490 Horarum
2516 446 2571 491 et
2624 448 2929 507 temporum
2965 454 3086 493 eum
3122 439 3198 493 sis
3244 438 3529 503 Dominus,
3576 456 3698 495 uno

459 512 727 583 ἠθέλησας
760 516 1015 588 trepidat
1062 520 1188 582 τοὺς
1242 521 1462 585 δούλους
1510 540 1643 576 σου·
1673 524 1777 577 ὑπὸ
1824 524 1879 576 δὲ
1923 525 2021 590 τῆς

461 604 661 676 πολλῆς
689 607 1090 680 εὐσπλαγχνίας
1110 628 1227 673 σου,
1248 612 1516 680 Δέσποτα,
1536 615 1834 687 ὲκωλύθης*
1859 618 2020 687 εὐχα-

465 696 757 767 ρισὲοὖμέν
796 715 899 763 σοι,
946 701 994 755 oi
1026 703 1419 775 ἁναπολόγητοι
1448 709 1633 776 ἡμεῖς,
1672 707 1801 780 μόνε
1836 709 2023 779 φιλάν-

463 780 667 849 θρωπε.

528 875 785 941 Σεισμοῦ,
836 882 1129 951 μαχαίρας,
1176 886 1383 955 πικρᾶς
1420 886 1696 956 ἁλώσεως,
1744 892 1841 945 καὶ
1880 890 2021 945 ἐθνι-

458 967 823 1038 κῆςοΧριστὲ,
845 972 1165 1046 ἐπιδρομῆς.
1186 979 1281 1029 καὶ
1306 980 1698 1049 συμπτώσεως,
1723 985 1819 1040 καὶ
1838 986 2020 1057 λιμοῦ,

459 1060 552 1109 καὶ
583 1058 904 1127 κακώσεως,
946 1066 1214 1129 Δέσποτα,
1255 1071 1434 1142 πάσης
1488 1072 1678 1144 ἄλλης,
1713 1076 2019 1147 οὶκτίρμον,

459 1147 622 1219 ῥῦσαι
650 1153 746 1205 καὶ
777 1154 934 1207 πόλιν
964 1172 1082 1223 σου,
1121 1158 1340 1216 ἅπασάν
1370 1180 1430 1216 τε
1468 1166 1652 1237 χώραν
1686 1167 1788 1240 τὴν
1818 1170 2023 1234 πιστῶς

457 1241 756 1313 ὑμνολογοῦ
765 1247 862 1300 σάν
893 1265 976 1304 σε.

540 1334 603 1387 Ἡ
633 1337 705 1405 γῆ
758 1339 1055 1406 ἀγλώσσως
1091 1345 1188 1417 βοᾷ
1232 1347 1582 1414 στενάξουσαο
1619 1351 1685 1405 Τί
1737 1369 1804 1421 με
1833 1354 2023 1418 κακοῖς

458 1429 705 1494 μιαίνετε
749 1432 989 1497 πολλοῖς,
1014 1437 1222 1501 πάντες
1251 1438 1547 1509 ἁνθρώποι,
1571 1443 1665 1495 καὶ
1691 1444 1848 1514 ήμῶν
1876 1447 1903 1498 ὁ
1925 1447 2023 1498 Δε-

458 1518 663 1589 σπότης
716 1524 1065 1603 φειδόμενος,
1116 1530 1285 1602 μόνην
1336 1533 1437 1603 ἐμὲ
1485 1534 1773 1604 μαστίζει;
1829 1536 2023 1593 λάϐετε

455 1612 727 1685 αἴσθησιν,
757 1618 850 1670 καὶ
878 1621 935 1673 ἐν
968 1624 1228 1694 μετανοίᾳ⁵
1256 1625 1349 1678 τὸν
1377 1625 1512 1680 Θεὸν
1537 1627 1916 1693 ὲξιλεώσασθε.
1940 1676 1944 1680 .

1078 1757 1410 1811 Θεοτόκιον.

521 1861 731 1935 Φθορᾶν
756 1865 834 1938 τῷ
878 1867 1083 1924 τίκτειν
1126 1872 1204 1941 μὴ
1257 1872 1600 1943 ὑπομείνασα
1644 1878 2016 1949 καταφθορᾶς,

456 1953 723 2025 Παρθένε,
758 1959 941 2025 ἐξελοῦ
968 1963 1117 2033 ἡμᾶς
1151 1963 1416 2032 ἅπαντας,
1451 1969 1545 2020 καὶ
1586 1969 1813 2039 σεισμοῦ
1847 1970 2018 2043 βαρυ·

454 2046 618 2101 τάτου
645 2052 738 2102 καὶ
754 2050 1005 2120 θλίψεως,
1034 2056 1279 2110 παύουσα
1304 2057 1397 2111 τοῦ
1418 2058 1690 2113 Δεσπότω
1714 2062 1816 2132 τὴν
1845 2064 2021 2131 ἀγαν-

452 2139 707 2211 άκτησιν,
740 2143 835 2199 σοῦ
890 2149 1012 2212 ταῖς
1046 2151 1340 2220 μητρικαῖς
1383 2152 1774 2223 καταλλαγαῐς,
1818 2156 2022 2227 Θεοχα-

455 2232 667 2300 pituita.

2048 1798 2103 1861 B

2126 530 2386 597 temporis
2413 542 2687 586 momento
2706 546 2891 586 servos
2917 543 3038 587 tuos
3066 533 3292 602 perdere
3308 532 3696 593 constitueras.

2128 620 2231 672 nisi
2277 635 2304 674 a
2338 622 2505 677 multa
2537 631 2628 678 tua
2657 624 2943 679 clementia
2965 624 3270 695 prohibitus
3300 624 3499 680 fuisses
3529 643 3542 681 :
3573 642 3700 694 gra-

2128 720 2208 765 tes
2250 711 2370 767 ideo
2399 714 2688 771 referimus
2716 716 2947 788 benigne
2975 758 2989 782 ,
3017 717 3169 773 omni
3212 719 3357 773 enim
3394 719 3698 788 patrocinio

2127 804 2368 861 destituti
2398 822 2640 863 eramus.

2203 898 2247 949 Α
2283 906 2614 963 terraetnotu,
2666 901 2869 972 gladio,
2926 899 3062 956 dura
3091 902 3426 972 captivitate,
3456 902 3696 972 gentium

2130 985 2353 1040 incursu
2382 1029 2397 1050 ,
2428 1004 2557 1045 casn
2598 990 2850 1057 adverso,
2886 991 3029 1046 fame
3049 1031 3064 1055 ,
3096 1001 3151 1047 et
3193 992 3389 1062 quavis
3416 993 3520 1047 alia
3552 994 3700 1047 cala-

2131 1079 2334 1142 mitate,
2357 1078 2571 1135 Christe
2590 1083 2903 1138 misericors
2942 1083 3189 1152 Domine,
3235 1085 3510 1141 civitatem
3548 1096 3698 1140 tuam

2131 1171 2518 1243 regionemque
2573 1189 2833 1241 omnem,
2898 1186 2949 1232 te
3002 1177 3233 1233 ﬁdeliter
3289 1178 3651 1235 celebrantem
3686 1218 3703 1244 ,

2127 1264 2293 1333 eripe.

2199 1356 2343 1411 Muto
2392 1373 2647 1415 sermone
2688 1362 2975 1432 suspirans
3008 1363 3172 1420 tellus
3216 1365 3522 1420 exclamat:
3552 1364 3696 1432 Quid

2128 1464 2215 1502 me
2265 1458 2343 1503 tot
2390 1451 2548 1507 malis
2582 1454 2850 1522 polluitis,
2885 1454 3162 1521 homines,
3218 1457 3424 1528 quibus
3464 1456 3510 1512 si
3548 1456 3699 1513 Deus

2126 1550 2333 1610 parcat.
2361 1543 2530 1598 solam
2567 1560 2652 1600 me
2681 1546 2946 1617 corripit?
2979 1550 3241 1605 resumite
3266 1560 3528 1618 mentem,
3556 1558 3608 1605 et
3643 1550 3695 1605 in

2126 1634 2444 1703 pmnitentia
2474 1637 2685 1706 placate
2708 1638 2900 1695 Deum.

2727 1766 2794 1825 In
2828 1769 3140 1844 Deiparam.

2189 1879 2321 1948 Quae
2367 1887 2771 1956 corruptionem
2831 1888 2886 1944 in
2934 1890 3196 1961 pariendo
3227 1905 3333 1947 non
3387 1891 3686 1961 pertulisti,

2116 1984 2367 2042 cunctos,
2400 1992 2436 2033 ο
2469 1974 2635 2047 Virgo
2660 2019 2676 2043 ,
2710 1981 2778 2036 ab
2828 1982 3071 2047 interitu,
3108 1995 3440 2051 terrarmotu,
3478 1993 3533 2047 et
3562 1988 3685 2042 allii-

2116 2067 2321 2132 ctione,
2356 2067 2568 2125 Domini
2599 2072 2965 2144 indignatione
2996 2084 3242 2133 materno
3271 2088 3365 2134 tuo
3385 2079 3693 2137 interventu
3720 2116 3724 2120 Α

2120 2160 2326 2221 satiata,
2354 2160 2547 2233 libera,
2570 2177 2606 2220 o
2626 2161 2737 2220 Deo
2767 2165 3101 2237 gratissima.

1116 2554 1632 2665 JOSEPHI
1712 2563 2239 2670 HUMlLlS
2297 2568 2465 2671 ET
2524 2566 2965 2717 MlNl‘Ml

1902 2760 2033 2819 LAU
2044 2760 2250 2820 DATlO

720 2910 845 3000 IN
922 2912 1471 3007 SANCTUM
1545 2917 2260 3014 APOSTOLUM
2346 2921 3427 3019 B‘ARTHOLOMIEUM.

1575 3099 1741 3163 (Apud
1762 3098 1959 3152 Surlum
1979 3102 2039 3152 ad
2058 3102 2191 3153 diem
2212 3103 2274 3153 1t
2300 3103 2555 3168 Augusti.)

491 3332 559 3393 'l.
580 3337 1049 3409 Hujusconcionis
1065 3349 1276 3407 sector,
1293 3350 1347 3397 et
1361 3341 1465 3398 diei
1483 3340 2011 3415 festijucunditatem
2040 3357 2084 3416 α
2116 3352 2466 3410 felicitatem!
2495 3350 2542 3409 Ο
2590 3350 2808 3425 qualem
2834 3349 2924 3408 hic
2965 3351 3171 3406 invenit
3214 3350 3558 3421 magistrum,
3592 3351 3685 3420 qui

449 3433 787 3503 spiritualem
813 3433 969 3490 nobis
1004 3434 1282 3491 aﬂerentis
1320 3435 1588 3504 hilaritas,
1607 3448 1692 3495 est
1709 3438 1768 3497 Β.
1794 3455 2016 3512 aposto-

452 3528 537 3583 lus
566 3526 1015 3594 Bartliolomaaus,
1056 3528 1172 3599 qui,
1196 3545 1322 3586 cum
1351 3531 1568 3588 divinus
1603 3535 1676 3590 sit
1713 3538 2015 3606 apostolus,

448 3630 505 3675 et
572 3620 795 3676 luminis
840 3622 1125 3691 splendore
1163 3624 1424 3696 purisque
1462 3626 1522 3681 S.
1556 3626 1794 3698 Spiritus
1842 3631 2017 3702 fulgo-

454 3712 603 3767 ribus
636 3721 846 3767 tantum
883 3713 1203 3781 i'llustretur,
1244 3727 1501 3784 quantum
1541 3721 1719 3779 verbis
1756 3724 2014 3793 explicari

451 3821 562 3862 non
585 3814 759 3876 potest
783 3824 799 3861 :
821 3807 980 3862 nobis
1005 3810 1168 3863 etiam
1198 3809 1377 3864 lumen
1404 3814 1660 3884 suggerit,
1684 3815 1777 3885 qui
1803 3831 2013 3872 sacram

448 3909 504 3956 et
526 3902 819 3973 gloriosam
837 3901 959 3970 eius
981 3905 1297 3957 memoriam
1318 3904 1680 3962 celebramus.
1714 3909 1825 3980 Age
1853 3910 2016 3981 igitur

447 3994 651 4052 divinis
689 3995 915 4051 vocibus
968 3994 1120 4049 illum
1158 3996 1531 4053 collaudantes
1568 4015 1733 4069 quam
1776 4004 2013 4063 maxime

449 4101 764 4155 possumus,
804 4084 986 4139 divina
1028 4084 1198 4154 ipsius
1234 4089 1546 4143 narratione
1574 4089 1929 4159 delectemur,
1959 4102 2013 4148 et

448 4174 855 4228 laudationibus
887 4174 1218 4229 bonoremus
1247 4175 1421 4231 virum
1452 4179 1644 4247 quovis
1678 4181 1884 4237 honore
1918 4198 2010 4237 su-

447 4263 739 4330 periorem.
774 4263 1084 4321 Laudemus
1124 4268 1428 4338 apostolum
1473 4284 1503 4325 a
1537 4272 1644 4326 Deo
1682 4272 1800 4342 ipso
1830 4274 2014 4330 lauda-

447 4363 586 4410 tum.
623 4353 848 4411 Beatum
878 4360 1235 4428 pradicemus
1263 4377 1406 4427 eum,
1436 4363 1527 4435 qui
1560 4379 1775 4434 semper
1816 4368 2010 4425 beatus

445 4458 550 4504 est.
584 4447 717 4520 Ejus
755 4449 982 4519 gloriam
1031 4453 1369 4510 celebremus
1395 4471 1557 4525 quem
1604 4458 1799 4515 extulit
1826 4459 2009 4515 divina

446 4543 640 4612 gloria.
694 4542 984 4599 Vidramus
1031 4550 1281 4614 quisnam
1326 4559 1452 4604 ante
1504 4551 1690 4617 fuerit,
1735 4560 1789 4608 et
1836 4554 2012 4623 qualis

444 4645 630 4706 postea
669 4639 929 4703 evaserit,
977 4642 1433 4709 quemadmodum
1489 4645 1582 4713 qui
1632 4646 1781 4716 prius
1841 4645 2009 4702 idiota

2123 3447 2376 3503 maximis
2437 3446 2713 3519 mysteriis
2762 3460 2887 3513 eum
2957 3443 3217 3509 initiavit,
3281 3454 3336 3500 et
3389 3445 3686 3515 sapientein

2118 3541 2321 3597 effecit!
2352 3539 2398 3597 0
2426 3539 2640 3596 beatam
2678 3539 2825 3594 illam
2866 3539 3127 3599 animam,
3187 3536 3407 3607 dignam
3451 3536 3687 3592 habitam

2119 3652 2239 3705 qua:
2270 3652 2389 3691 cum
2419 3634 2528 3691 Deo
2558 3644 2893 3701 versaretur,
2927 3648 3050 3687 cum
3082 3631 3190 3686 Deo
3228 3639 3283 3686 et
3314 3632 3690 3701 omnipotente

2119 3728 2348 3783 Domino
2388 3726 2570 3783 cibum
2602 3736 2862 3790 sumeret,
2891 3736 2946 3778 et
2977 3738 3133 3780 sacra
3168 3722 3443 3786 doctrina,
3482 3721 3686 3777 oratio—

2118 3835 2240 3876 nem
2271 3827 2324 3874 et
2357 3817 2660 3875 facultatem
2689 3832 2906 3872 omnem
2934 3824 3253 3886 superante,
3288 3814 3684 3869 instrueretur!

2188 3912 2274 3968 Ill.
2309 3911 2500 3967 Postea
2537 3925 2666 3965 vero
2699 3924 2858 3979 quam
2892 3911 3212 3979 magistrum
3240 3921 3401 3962 suum
3442 3906 3497 3961 in
3521 3920 3686 3962 cruce

2120 4008 2390 4070 stillixum,
2442 4004 2798 4075 eamdemque
2843 4002 3135 4071 sepultum,
3178 4012 3231 4057 et
3273 4008 3397 4073 post
3436 4013 3685 4056 resurre-

2116 4100 2350 4155 ctionem
2372 4099 2437 4153 ad
2470 4099 2638 4153 ctelos
2673 4096 3055 4153 ascendentem
3087 4094 3242 4157 vidit,
3266 4103 3320 4150 et
3351 4091 3684 4149 sanctissimi

2120 4191 2353 4263 Spiritus
2397 4191 2562 4257 dono,
2600 4205 2754 4262 aeque
2804 4205 2868 4243 ac
2896 4189 3113 4257 reliqui
3159 4186 3418 4259 apostoli,
3448 4188 3686 4241 donatus

2114 4298 2215 4352 est,
2255 4296 2513 4357 tanquam
2548 4298 2846 4357 generosus
2874 4281 3074 4353 aliquis
3111 4282 3290 4344 miles,
3330 4279 3686 4336 validissimis

2114 4378 2281 4431 armis
2321 4376 2561 4447 undique
2614 4374 2882 4437 munitus.
2938 4375 3204 4429 adversus
3245 4372 3447 4428 hostile
3479 4372 3682 4428 bellum

2115 4472 2381 4541 prosiluit,
2418 4480 2472 4524 et
2520 4471 2671 4541 ipsos
2696 4469 2918 4541 quidem
2960 4468 3147 4523 hostes
3188 4467 3527 4522 validissime
3560 4480 3685 4536 per-

2121 4564 2310 4630 enssit,
2342 4564 2425 4618 liis
2444 4576 2590 4630 vero,
2627 4563 2720 4633 qui
2754 4563 2820 4617 ad
2867 4563 3032 4617 vitam
3072 4562 3242 4629 ipsam
3282 4560 3467 4615 venire
3497 4558 3687 4613 stude-

2114 4658 2262 4724 bant,
2315 4657 2545 4712 salutem
2582 4655 2915 4710 conciliavit.
2949 4653 3205 4710 Tetendit
3255 4650 3526 4706 orationis
3569 4667 3684 4706 sure

441 4737 581 4794 erat,
610 4738 665 4786 et
689 4745 975 4800 pauperem
1015 4732 1179 4786 vitam
1217 4735 1430 4803 agebat,
1460 4736 1608 4790 omni
1642 4753 1706 4792 ex
1731 4749 1884 4808 parte
1916 4754 2006 4792 sa-

2120 4723 2277 4813 retia,
2302 4759 2356 4805 et
2378 4758 2565 4821 gentes
2597 4749 2740 4818 ipsas
2760 4748 3032 4818 profundo
3052 4757 3284 4817 ereptas,
3311 4747 3430 4800 illas
3459 4746 3683 4815 quidem

440 4825 597 4896 piens
625 4824 871 4891 eﬂ'cctus,
899 4835 953 4879 et
985 4828 1228 4881 omnium
1254 4828 1519 4884 bonorum
1546 4830 1751 4889 divitiis
1781 4843 2009 4890 ornatus

441 4917 603 4975 fuerit
634 4938 647 4974 :
674 4917 1131 4989 quemadmodum
1159 4934 1189 4974 e
1212 4924 1454 4978 terrestri
1481 4925 1721 4981 ccelestis
1751 4930 2008 4994 evaserit,

440 5030 471 5069 e
501 5014 730 5069 minimo
764 5012 1055 5078 maximus,
1106 5022 1161 5068 et
1191 5028 1254 5070 ex
1297 5017 1531 5086 piscium
1577 5019 1849 5089 piscatore
1909 5022 2007 5075 lio-

442 5106 649 5161 minnm
688 5106 927 5177 piscator
957 5105 1137 5161 factus
1174 5107 1267 5164 sit.

514 5197 576 5255 ll.
623 5200 812 5271 itaque
843 5214 966 5255 cum
1011 5200 1155 5257 Deus
1189 5203 1305 5272 ipse
1354 5202 1520 5259 homo
1553 5203 1748 5271 factus,
1786 5216 2008 5277 prepter

439 5294 826 5349 miseriwrdiae
857 5309 972 5349 suae
1001 5295 1208 5350 viscera
1242 5307 1488 5352 nostrum
1513 5313 1712 5371 corpus
1740 5313 2003 5374 gestaret,

438 5398 492 5437 et
523 5384 915 5454 discipulorum
947 5388 1216 5444 delectum
1251 5388 1497 5457 haberet,
1520 5392 1588 5459 is,
1629 5394 1878 5465 inquam,
1909 5398 2002 5467 qui

437 5482 704 5547 praenovit
734 5480 918 5533 omnia
984 5483 1298 5552 priusquam
1329 5494 1678 5554 generentur,
1713 5489 2008 5544 celeberri-

441 5585 587 5623 mum
640 5572 946 5640 apostolum
984 5574 1439 5632 ltartltolomaaum
1488 5578 1706 5650 delegit,
1742 5583 2004 5638 amicum-

435 5674 543 5730 que
594 5661 699 5716 sibi
748 5678 934 5720 verum
988 5677 1041 5721 et
1097 5668 1306 5725 ﬁdelem
1364 5674 1659 5742 cooptavit.
1706 5671 1753 5728 Ο
1808 5673 2007 5731 divinae

440 5754 741 5812 vocationis
786 5760 1186 5829 praestantiam!
1216 5762 1260 5820 Ο
1296 5781 1550 5838 magnam
1585 5777 1639 5823 et
1669 5768 2002 5841 singularem

2117 4845 2377 4909 captivas,
2406 4842 2501 4899 sed
2540 4843 2607 4897 ad
2636 4842 2800 4896 vitam
2836 4851 3016 4896 tamen
3046 4844 3262 4901 ductas,
3298 4843 3683 4900 conservavit;

2116 4941 2308 4995 evertit
2346 4940 2616 4994 idolorum
2650 4936 2871 5004 templa,
2924 4944 2979 4989 et
3040 4933 3133 4988 Dei
3170 4932 3433 4987 ecclesias
3478 4932 3683 4996 erexit;

2118 5032 2352 5085 humana
2406 5027 2570 5084 corda
2618 5028 2671 5081 in
2722 5026 3062 5080 sterilitatem
3116 5039 3383 5078 conversa
3445 5023 3684 5078 caelestis

2114 5121 2376 5175 doctrinae
2407 5130 2587 5173 aratro
2624 5117 2904 5173 renovavit
2938 5130 3149 5185 :eaque
3178 5118 3256 5168 ita
3300 5113 3565 5179 excoluit,
3601 5122 3681 5173 ut,

2118 5220 2375 5283 tanquam
2423 5211 2629 5267 feraces
2678 5211 2881 5278 campi,
2936 5209 3170 5262 fructum
3224 5207 3366 5262 l'erre
3415 5216 3683 5277 possent:

2116 5306 2362 5359 accendit
2383 5302 2768 5357 miraculorum
2796 5300 2992 5365 facem,
3020 5298 3381 5353 etalfectuum
3412 5298 3678 5351 humano-

2115 5415 2234 5453 rum
2270 5397 2554 5468 caliginem
2601 5394 2950 5465 profugavit:
2992 5395 3045 5447 in
3106 5407 3466 5462 quascunque
3501 5403 3681 5461 partes

2110 5492 2445 5561 permeabat,
2470 5488 2784 5545 velutstella
2810 5486 3299 5557 qutndamjnstititn
3337 5486 3507 5537 solem
3538 5499 3676 5551 prte-

2109 5586 2320 5648 dicans,
2380 5585 2758 5653 illustremque
2816 5581 3080 5653 fulgorem
3129 5580 3409 5639 emittens.
3449 5577 3680 5632 fallaciae

2109 5682 2363 5736 tenebras
2398 5680 2714 5736 destruebat
2747 5696 2760 5733 :
2792 5688 2846 5733 et
2892 5679 3143 5732 Oratione
3191 5673 3411 5747 quidem
3471 5672 3672 5729 diemoc

2109 5787 2208 5829 nes
2238 5774 2386 5844 ipsos
2422 5772 2663 5846 fugabat,
2700 5770 2957 5843 precibus
2987 5778 3169 5826 autem
3204 5765 3427 5823 morbos
3457 5765 3677 5823 lnsana~
