4088 6366
0 1605 21 1758 ξ

503 389 646 457 1423
1601 396 1665 456 S.
1705 393 2017 460 JOSEPHI
2058 391 2077 452 l

2178 390 2621 452 HNOGRAPHI
3601 389 3743 456 1424

497 512 635 569 biles
651 508 905 572 curabat,
925 509 1172 580 leprosos
1195 508 1428 572 mundos
1447 505 1677 576 faciens,
1703 510 1868 567 caecis
1894 510 2072 566 visum
2105 515 2147 569 Α
2176 517 2281 570 est,
2307 515 2362 562 et
2382 504 2696 562 divinorum
2750 505 3142 577 apostolorum
3175 506 3378 562 chorus
3428 503 3742 562 exsultavit.

501 605 814 665 restituens,
827 603 1054 662 claudos
1074 603 1143 657 ad
1162 602 1796 672 currendumexpeditos
1810 604 2068 665 reddens.

497 698 662 751 corda
691 695 926 764 denique
955 703 1010 748 et
1040 695 1256 753 animos
1288 693 1677 756 imbecilliores
1708 695 2071 751 conﬁrmans.

568 784 658 840 iV.
685 784 818 841 Erat
845 800 950 839 una
985 800 1112 840 cum
1166 782 1570 839 Bartbolomteo
1598 793 1654 838 et
1703 782 1765 840 Β.
1801 784 1895 838 ille
1939 798 2072 851 apo—

500 878 677 933 slolus
713 876 1014 947 Philippus,
1062 889 1299 946 quocum
1337 876 1508 930 multo
1543 885 1791 945 tempore
1820 874 2069 928 divinum

504 973 864 1044 Evangeiium
895 971 1230 1042 praedicavit.
1262 969 1329 1025 iii
1356 985 1480 1024 cum
1508 971 1561 1025 in
1589 969 1780 1026 urbem
1812 965 2076 1037 Hierapo-

501 1066 594 1121 lim
626 1065 925 1127 venissent.
973 1063 1065 1121 cui
1112 1063 1268 1132 prius
1299 1077 1498 1119 nomen
1550 1074 1672 1117 erat
1718 1060 2074 1132 Ophioryme,

500 1159 702 1214 inuitas
723 1173 1002 1214 mrulnnas
1036 1166 1091 1212 et
1135 1157 1420 1211 cruciatus
1456 1171 1562 1210 non
1611 1155 1917 1210 mediocres
1947 1169 2074 1206 sut-

502 1252 803 1314 tinuerunt,
834 1263 959 1303 cum
1010 1248 1131 1318 eius
1164 1247 1402 1300 civitatis
1444 1245 1697 1301 homines
1729 1243 1949 1299 violenti
1987 1256 2077 1295 es-

502 1354 626 1399 sent
649 1351 704 1398 et
727 1341 884 1397 valde
903 1339 1188 1396 inhumani
1223 1356 1236 1393 :
1267 1339 1469 1408 quippe
1498 1339 1592 1409 qui
1621 1336 1861 1408 viperam
1897 1336 2077 1390 colere

500 1444 920 1500 consueverant,
954 1448 1224 1491 venenum
1259 1434 1580 1504 pestiferum
1616 1439 1672 1487 et
1705 1427 1928 1493 iethale,
1958 1435 2076 1481 tan-

503 1545 668 1602 quam
694 1527 934 1584 fructum
968 1526 1203 1597 aliquem
1237 1523 1623 1596 pcreipieutes.
1662 1521 1744 1576 illi
1781 1536 1904 1576 cum
1937 1519 2076 1574 divi.

506 1638 607 1676 nos
647 1619 928 1690 apostolos
957 1616 1243 1680 vidissent,
1273 1613 1526 1671 dicebant
1553 1627 1758 1668 novum
1785 1609 2074 1682 quemdam

505 1714 675 1769 Deum
697 1711 894 1768 abillis
918 1712 1181 1775 nuntiari,
1201 1718 1256 1765 et
1276 1723 1306 1762 a
1328 1718 1513 1763 vetere
1531 1707 1677 1762 cuitu
1707 1707 1858 1776 ipsos
1879 1703 2071 1768 averti,

505 1816 668 1876 atque
698 1819 728 1858 ιι
762 1801 1002 1874 internis
1025 1798 1413 1856 traditionibus
1437 1796 1757 1854 abalienari.
1786 1793 2066 1863 Quamob-

507 1915 618 1954 rem
643 1913 769 1953 cum
789 1911 986 1952 manus
1015 1895 1071 1949 in
1098 1907 1193 1948 eos
1212 1892 1547 1963 iniecissent,
1582 1888 1918 1946 admirandae
1952 1902 2078 1942 san-

506 1991 708 2046 «litatis
741 1990 918 2043 vinim
942 1988 1250 2058 apostolum
1282 1983 1592 2056 Philippum
1617 1997 1783 2039 cruce
1813 1980 2077 2037 condem-

503 2091 803 2149 nuerunt;
819 2082 1231 2138 divinusautem
1251 2076 1705 2144 Bartholomaus,
1723 2075 1896 2129 instar
1908 2072 2081 2128 alien»

501 2178 592 2242 jus
611 2176 764 2230 bovis
781 2174 1038 2235 aratoris,
1054 2189 1084 2227 a
1111 2188 1215 2226 suo
1237 2177 1492 2240 Compare
1511 2176 1794 2240 separatus
1827 2166 2083 2238 ingemis-

506 2270 667 2324 cebat
691 2284 756 2323 ac
777 2266 1177 2322 lamentabatur
1193 2263 1436 2335 quidem,
1458 2262 1551 2318 sed
1575 2275 1684 2318 non
1702 2261 1988 2316 desinebat
2003 2264 2084 2314 ta-

510 2376 629 2413 men
667 2373 888 2413 suavem
934 2357 1083 2410 illum
1119 2354 1333 2411 sulcum
1368 2353 1590 2417 ducere,
1633 2351 1729 2422 qui
1771 2350 2078 2405 animarum

507 2449 753 2520 agricola:
771 2450 879 2503 Deo
897 2448 1086 2502 uberes
1102 2446 1315 2501 fructus
1331 2445 1595 2500 allaturus
1614 2453 1762 2500 esset
1779 2461 1794 2498 :
1813 2441 2080 2513 quinimo,

508 2554 580 2594 ita
607 2549 666 2594 ut
679 2547 1056 2603 consueverat,
1074 2537 1180 2592 huc
1197 2548 1363 2607 atque
1385 2536 1516 2592 illuc
1533 2534 1717 2591 obibat
1737 2534 1859 2589 tidei
1874 2546 2083 2588 sermo-

506 2650 628 2689 nem
646 2634 1032 2695 disserninans,
1049 2645 1268 2702 pravam
1285 2628 1551 2684 zizaniam
1568 2629 1827 2690 cvellens,
1847 2636 1904 2681 et
1923 2626 2082 2696 quid-

506 2726 635 2796 quid
662 2726 899 2780 salutare
941 2723 1007 2779 iis
1050 2732 1218 2784 esset,
1248 2720 1343 2791 qui
1377 2735 1503 2775 cum
1532 2715 1928 2788 suscipiebant,
1955 2716 2082 2771 dili-

508 2830 696 2890 genter
731 2817 1039 2872 declarana.
1070 2813 1116 2869 Ο
1149 2816 1335 2870 beatos
1359 2815 1487 2868 illos
1516 2812 1700 2880 pedes,
1737 2810 2080 2880 Evangelicis

507 2913 786 2984 gressibus
809 2912 1090 2981 species-fis
1120 2907 1316 2972 laetos,
1346 2918 1401 2960 et
1426 2909 1491 2960 ad
1519 2904 1849 2959 inﬁnitarum
1873 2904 2080 2956 anima-

509 3022 629 3061 rum
652 3005 996 3075 adeptionem
1015 3012 1161 3058 recta
1183 3003 1266 3055 via
1297 2999 1738 3072 progredientes!
1770 2998 1815 3052 υ
1841 2999 2080 3067 linguam

509 3097 657 3151 illam
693 3095 962 3163 divinam,
994 3109 1061 3150 ex
1096 3108 1205 3165 qua
1233 3091 1492 3149 salutaris
1522 3100 1684 3162 potus
1724 3091 1953 3156 eliiu'xit,
1986 3090 2081 3160 qui

507 3193 576 3246 ab
601 3191 896 3261 impietatis
914 3198 1047 3245 aestu
1081 3189 1287 3245 multos
1316 3187 1604 3244 liberavit!
1639 3186 1684 3242 Ο
1713 3201 1928 3247 manus,
1959 3199 2082 3257 quae

2250 595 2336 650 Vl.
2367 595 2505 652 Cum
2525 611 2654 654 vero
2681 597 2912 653 multum
2930 597 3195 668 tetnporis
3220 597 3597 669 prasteriisset,
3623 599 3748 669 eius

2176 690 2418 758 regionis
2452 690 2692 761 tyranni.
2746 690 2870 745 vitae
2920 691 3245 759 pravitatem
3298 698 3646 756 exercentes,
3693 701 3750 748 et

2178 776 2473 830 multorum
2535 778 2762 834 deorum
2819 778 3082 836 ebrietate
3136 780 3566 846 debacchantes,
3625 778 3752 838 eum

2178 868 2424 924 viderent
2449 869 2659 925 loculos
2688 871 2841 935 illos,
2864 861 3149 943 inquibus
3175 873 3320 929 beati
3347 875 3584 945 apostoli
3615 873 3753 928 Bar-

2181 960 2452 1016 thutomaii
2505 963 2752 1034 reliquias
2773 964 3014 1020 condita:
3051 978 3233 1032 erant,
3284 965 3568 1037 splendida
3601 980 3757 1035 qure-

2178 1051 2303 1106 dam
2355 1063 2413 1108 et
2442 1054 2678 1112 illustria
2722 1057 2986 1113 miracula
3013 1059 3199 1120 edere.
3246 1068 3300 1114 et
3343 1073 3440 1115 eos
3477 1073 3508 1113 a
3549 1059 3763 1114 morbis

2180 1143 2413 1201 liberare
2471 1150 2564 1218 qui
2621 1164 2690 1203 eo
2735 1152 3088 1218 accedebant,
3118 1167 3348 1222 pravum
3378 1153 3679 1209 consilium
3707 1159 3765 1207 et

2181 1252 2284 1292 suo
2332 1243 2613 1308 proposito
2639 1242 2865 1312 dignum
2914 1243 3178 1300 inierunt.
3220 1244 3433 1312 Venite,
3470 1245 3762 1316 inquiunt,

2181 1331 2233 1385 in
2272 1332 2599 1400 profundum
2631 1351 2780 1391 mare
2807 1351 3007 1406 corpus
3035 1339 3136 1392 hoc
3171 1339 3578 1410 demergamus.
3625 1337 3765 1402 Sed,

2180 1439 2213 1479 o
2237 1424 2450 1492 miseri,
2484 1428 2682 1498 ejusne
2725 1444 2927 1500 corpus
2973 1433 3027 1486 in
3080 1447 3234 1487 mare
3274 1431 3634 1504 demergetis,
3670 1432 3766 1504 qui

2180 1517 2524 1587 profundunt
2544 1521 2703 1576 illum:
2725 1521 3020 1578 draconem
3056 1525 3111 1578 in
3143 1524 3312 1579 altum
3341 1526 3635 1593 demersit,
3666 1529 3769 1599 qui

2181 1611 2438 1668 salutaris
2468 1627 2634 1684 aqua,
2654 1613 2860 1669 fontem
2890 1615 3121 1685 aperuit,
3150 1628 3206 1672 et
3225 1619 3460 1674 abunde
3510 1620 3769 1677 calestia

2180 1703 2434 1773 dogmata
2468 1705 2784 1762 hominibus
2833 1707 3151 1776 impertivit.
3219 1707 3429 1779 Venite,
3471 1713 3764 1781 inquiunt,

2180 1797 2319 1850 mari
2347 1797 2666 1852 obruamus.
2694 1796 2904 1858 Eamne
2925 1813 3024 1855 vos
3051 1800 3318 1868 obruetis,
3342 1804 3434 1874 qui
3465 1805 3768 1862 veritatem

2112 1884 2155 1940 Β
2182 1901 2338 1946 antea
2385 1895 2639 1948 obrutam
2701 1893 2927 1955 detexit,
2960 1901 3019 1947 et
3056 1894 3390 1954 inﬁdelitatis
3423 1900 3769 1956 salsedinem

2181 1983 2591 2036 exterminavit.
2654 1981 2863 2047 Venite,
2895 1983 3173 2054 inquiunt,
3200 1997 3256 2041 et
3285 1991 3645 2046 temerarium
3679 1991 3773 2048 fu-

2183 2088 2360 2129 rorem
2386 2074 2748 2142 eﬂundenles,
2781 2076 2834 2131 in
2881 2078 3188 2136 maritimas
3221 2084 3395 2138 umlas
3422 2083 3525 2140 hoc
3555 2100 3772 2158 corpus

2182 2165 2559 2234 proﬁciamus,
2591 2182 2661 2222 ne
2682 2183 2749 2224 ex
2792 2183 2881 2232 eo,
2916 2179 3177 2240 tanquam
3205 2188 3234 2229 e
3277 2177 3534 2232 rationali
3571 2181 3772 2250 aliquo

2181 2256 2426 2322 flumine,
2453 2261 2602 2316 salus
2635 2261 2702 2317 ad
2727 2277 2826 2317 eos
2854 2258 3074 2332 deﬂuat,
3117 2267 3211 2339 qui
3235 2271 3554 2327 morborum
3583 2288 3767 2345 angu-

2182 2350 2306 2406 stiis
2331 2351 2785 2423 comprimuntur.
3151 2429 3160 2436 _

2254 2441 2369 2500 νη.
2391 2445 2515 2500 iiazc
2553 2461 2681 2502 cum
2705 2447 2989 2513 dixissent,
3008 2451 3159 2521 quod
3183 2456 3484 2525 cogitarunt
3508 2459 3764 2529 aggressi

2182 2547 2333 2606 sunt,
2359 2547 2409 2593 et
2443 2554 2549 2593 una
2587 2555 2713 2595 cum
2745 2551 2979 2611 quatuor
3009 2544 3241 2600 aliorum
3280 2559 3584 2622 martyrum
3609 2551 3768 2609 iocu-

2185 2629 2274 2693 iis,
2302 2631 2442 2686 beati
2473 2631 2859 2689 Bartholouia-i
2883 2635 3141 2707 reliquias
3159 2639 3214 2692 in
3243 2655 3394 2697 mare
3418 2642 3766 2713 deiecerunt.

2183 2717 2448 2792 Martyres
2480 2733 2660 2778 autem
2691 2725 2771 2780 illi
2804 2727 3051 2797 gloriosi,
3100 2735 3411 2801 apostolum
3458 2735 3765 2794 Bartholo-

2184 2827 2380 2866 meeum
2412 2816 2564 2869 valde
2590 2816 2878 2889 inclytum,
2905 2819 3015 2877 duo
3039 2823 3070 2876 a'
3103 2823 3354 2891 dextera,
3383 2837 3438 2883 et
3471 2830 3586 2885 duo
3614 2847 3644 2885 a
3681 2833 3765 2888 si—

2186 2909 2355 2959 nistra
2384 2916 2555 2975 parte,
2593 2911 2835 2965 medium
2861 2912 3143 2980 habentes,
3174 2915 3412 2974 Pontum
3430 2920 3610 2992 ipsum
3640 2927 3767 2982 sine

2183 2993 2540 3054 fluctuatione
2598 3001 2782 3072 aliqua
2849 3007 3315 3065 transmittebant.
3372 3011 3627 3084 Cumque
3691 3019 3762 3074 ad

2185 3088 2523 3164 Bosphorum
2568 3091 2863 3152 Thracium
2922 3097 2978 3154 in
3029 3097 3412 3171 Propontidem
3450 3105 3761 3175 venissent,

2187 3187 2522 3261 Hellesponti
2575 3195 2858 3264 angustias
2893 3198 3275 3253 transierunt:
3321 3200 3536 3271 deinde,
3570 3213 3762 3261 trans-

509 3255 782 3339 violeutos
817 3284 1001 3338 hostes
1035 3290 1444 3353 eapugnarunt.
1487 3288 1544 3336 et
1601 3281 1813 3335 animas
1864 3255 2008 3348 ipsas
2051 3294 2082 3335 e
2106 3255 2150 3314 θ
2189 3255 2579 3349 misso-Eng
2622 3255 2677 3336 et
2723 3282 2876 3337 ionio
2903 3285 3061 3352 mari,
3092 3286 3160 3341 ad
3192 3287 3434 3345 Siciliam
3477 3255 3764 3364 applicue-

508 3375 708 3432 diaboli
752 3375 1005 3431 manibus
1036 3374 1386 3445 eripuerunt!
1414 3371 1462 3430 0
1487 3373 1705 3430 divinos
1733 3381 1790 3428 et
1835 3373 2082 3428 illustres

507 3467 727 3533 oculos,
767 3483 866 3538 per
912 3481 1053 3536 quos
1103 3458 1401 3521 multorum
1447 3465 1594 3520 oculi
1641 3463 1897 3535 patefacti
1929 3475 2079 3528 sunt,

509 3563 599 3632 qui
626 3571 778 3618 erant
805 3559 1046 3632 perﬁdia:
1076 3559 1317 3615 tenebris
1338 3557 1616 3614 obscurati
1641 3558 1655 3611 l

582 3653 644 3710 V.
673 3655 809 3710 Cum
841 3654 1010 3723 igitur
1035 3653 1285 3724 regiones
1312 3651 1438 3707 illas
1463 3653 1535 3706 ita
1561 3660 1908 3722 peragraret,
1935 3651 2085 3708 venit

508 3748 574 3804 ad
599 3747 790 3805 urbem
818 3745 1111 3819 quamdam
1130 3787 1147 3810 ,
1176 3745 1336 3814 cuius
1364 3744 1513 3800 cives
1534 3759 1660 3799 cum
1687 3743 1958 3799 idolorum
1986 3759 2082 3799 su-

511 3841 833 3910 perstitione
878 3839 1189 3903 liberasset,
1231 3839 1298 3890 ait
1328 3837 1450 3907 ejus
1485 3836 1590 3892 loci
1632 3837 1863 3907 prmside
1891 3842 2076 3894 erucis

509 3931 774 4005 supplicio
799 3941 855 3986 et
879 3931 997 4003 ipse
1025 3931 1423 3986 condemnatus
1469 3936 1573 3984 est.
1611 3930 1689 3985 Ad
1727 3945 1893 3998 quam
1945 3930 2079 3985 dum

509 4019 700 4090 bestiis
729 4022 820 4078 ille
839 4022 1144 4092 accederet,
1180 4031 1328 4076 totus
1348 4011 1550 4091 gaudio
1575 4021 1833 4093 perfusus
1859 4040 1872 4076 :
1895 4021 2078 4085 Salve,

509 4117 708 4184 inquit,
756 4130 914 4182 crux,
954 4130 1048 4185 per
1090 4129 1255 4182 quam
1294 4116 1595 4169 humanum
1647 4129 1823 4185 genus
1880 4115 2080 4184 gaudio

507 4208 761 4263 allectum
791 4218 892 4262 est.
939 4205 1122 4273 Salve,
1153 4206 1276 4277 ejus
1297 4205 1482 4262 crucis
1505 4205 1762 4272 imitatio,
1797 4221 1892 4276 per
1913 4222 2078 4276 quam

508 4309 740 4354 mortem
772 4295 1048 4365 dissolvit,
1078 4308 1135 4354 et.
1184 4299 1446 4354 mortales
1489 4299 1638 4368 ipsos
1664 4298 2079 4353 immortalitate

506 4391 753 4447 donavit.
773 4387 956 4462 Salve,
979 4405 1139 4455 crux,
1175 4391 1229 4444 in
1259 4406 1424 4460 quam
1450 4405 1577 4444 cum
1608 4383 1860 4444 Christus
1887 4404 2080 4445 ascen-

506 4485 606 4551 dit,
638 4493 883 4538 terrenos
920 4483 1170 4537 homines
1201 4483 1453 4538 ctelestes
1485 4479 1887 4549 etfeeit.Saive,
1918 4497 2075 4549 crux,

505 4590 628 4641 ιιιιερ
653 4571 783 4628 mihi
835 4572 964 4628 hinc
992 4574 1242 4642 migranti
1293 4572 1606 4628 vehiculum
1635 4571 1825 4630 eﬂ’ecta
1853 4588 1932 4640 es,
1966 4590 2076 4646 quo
2107 4596 2152 4653 υ

504 4671 572 4723 ad
603 4659 772 4725 stelas
816 4668 1041 4738 perduci
1074 4667 1279 4736 possint
1311 4687 1323 4720 ι
1360 4683 1484 4737 qua:
1528 4666 1767 4739 denique
1800 4669 1906 4724 mei
1937 4685 2074 4740 pm-

505 4764 741 4832 rt-ptoris
762 4750 1091 4817 imitatorem
1139 4776 1224 4815 me
1256 4760 1458 4817 fecisti.
1486 4764 1566 4817 Ad
1600 4772 1652 4817 te
1680 4764 1934 4831 ascendo,
1985 4782 2078 4820 ne-

504 4871 610 4923 que
633 4869 842 4910 moranti
866 4859 1040 4921 duco;
1065 4855 1179 4924 jam
1211 4855 1356 4909 enim
1389 4864 1603 4926 tempus
1627 4870 1808 4911 meum
1835 4857 2077 4926 comple-

503 4961 617 5003 tum
651 4958 757 5002 est.
809 4947 1021 5001 Bonum
1079 4959 1357 5002 certamen
1392 4947 1620 5015 cenavi,
1669 4962 1894 5005 cursum
1943 4963 2077 5003 eon-

501 5041 792 5108 summavi,
824 5039 984 5096 tidem
1013 5040 1228 5095 scrvavi
1258 5058 1274 5095 :
1305 5054 1446 5109 opus
1470 5040 1616 5112 quod
1658 5041 1792 5096 mihi
1821 5039 2075 5097 Christus

502 5131 761 5200 magister
785 5145 941 5186 meus
969 5130 1217 5195 tradidit,
1255 5128 1480 5200 perfeci.
1511 5129 1637 5188 llaec
1664 5145 1790 5187 cum
1817 5131 2071 5199 dixisset,

499 5235 553 5276 ct
577 5221 748 5275 Deum
777 5229 1033 5292 precatus
1059 5230 1229 5285 esset,
1268 5222 1478 5291 rogavit
1519 5223 1805 5279 carniﬁces
1833 5222 1977 5289 illos,
2014 5232 2075 5278 ut

502 5328 659 5368 verso
684 5313 740 5367 in
768 5322 970 5368 terram
1003 5314 1204 5384 capite,
1254 5315 1311 5369 in
1334 5329 1499 5371 cruce
1537 5314 1883 5386 sudigeretur
1930 5333 1943 5371 :
1973 5332 2075 5372 nec

503 5414 709 5469 rectus,
757 5407 1218 5476 quemadmodum
1270 5406 1394 5479 ejus
1427 5409 1709 5478 magister,
1764 5410 1818 5464 in
1849 5424 2071 5466 crucem

502 5511 788 5570 ageretur;
819 5502 893 5557 ita
917 5511 972 5558 et
1003 5506 1056 5558 in
1088 5501 1224 5572 ipsis
1248 5502 1592 5559 cruciatibus
1629 5516 1784 5558 suam
1817 5504 1872 5557 in
1904 5501 2074 5573 magi-

501 5603 676 5648 strum
695 5597 1052 5649 reverentiam
1077 5596 1614 5663 conservabatﬂuin
1637 5596 1801 5652 etiam
1825 5596 1882 5652 in
1907 5611 2074 5653 cruce

502 5682 752 5749 animus,
800 5702 924 5740 cum
956 5683 1221 5744 fratribus
1269 5686 1416 5758 tum
1470 5703 1579 5744 non:
1629 5688 1855 5755 destitit,
1890 5689 2070 5760 quem

502 5777 908 5834 sanctissimam
961 5777 1108 5833 illam
1153 5781 1390 5834 animam
1445 5778 1555 5836 Deo
1608 5781 1856 5838 tradidit.
1897 5784 2072 5856 Cujus

500 5884 786 5925 ascensum
824 5875 998 5943 angeli
1029 5874 1291 5945 applausu
1319 5887 1782 5948 caceperuut,aer
1803 5889 2067 5950 purgatus

2186 3382 2357 3426 runt:
2400 3384 2455 3426 et
2490 3373 2793 3445 Syracusas
2847 3376 2914 3431 ad
2969 3378 3250 3434 sinistram
3297 3381 3766 3457 derelinquentrs,

2182 3474 2346 3534 atque
2369 3464 2705 3521 occidentem
2737 3483 2929 3527 versus
2972 3471 3278 3540 tendentes,
3306 3475 3371 3528 ad
3405 3475 3638 3536 insulam
3665 3477 3764 3534 Li-

2182 3555 2358 3624 parin)
2389 3566 2777 3625 pervenerunt.
2828 3555 3017 3629 itaque
3062 3560 3455 3619 celeberrimus
3499 3564 3590 3621 ille
3626 3581 3763 3636 apo‘

2188 3648 2366 3702 stolus
2407 3647 2474 3702 ad
2504 3663 2622 3702 eam
2657 3649 2890 3704 insulam
2919 3650 3183 3708 deductus
3227 3663 3333 3709 est.
3358 3653 3533 3711 Dirini
3569 3667 3758 3714 autem

2185 3736 2260 3792 illi
2286 3744 2551 3810 martyres
2575 3754 2698 3794 cum
2727 3739 2779 3794 ill
2807 3741 3248 3812 complevissent,
3282 3745 3430 3816 quod
3483 3745 3627 3805 Deus
3662 3765 3759 3806 vo-

2184 3830 2381 3897 iuerat,
2410 3847 2573 3902 quam
2616 3833 2900 3890 celerrime
2944 3834 3220 3890 redierunt
3248 3837 3303 3891 in
3345 3852 3465 3893 eam
3502 3841 3665 3907 viam,
3701 3843 3759 3898 in

2183 3936 2349 3992 quam
2401 3937 2846 3994 unumquemque
2892 3924 3076 3980 divina
3132 3928 3472 3997 providentia
3525 3934 3756 3991 direxit.

2184 4012 2378 4069 Statim
2413 4026 2594 4071 autem
2626 4017 2694 4081 is,
2721 4019 2815 4086 qui
2848 4017 3146 4096 Ecclesiam
3177 4019 3390 4092 Liparis
3422 4024 3622 4082 lusulre
3657 4046 3762 4100 gu«

2182 4105 2466 4172 bernabat,
2495 4122 2591 4178 per
2619 4107 2859 4164 divinam
2886 4111 3275 4168 revelationetn
3307 4115 3514 4184 didicit,
3543 4117 3756 4178 Christi

2181 4198 2485 4269 apostolum
2518 4203 2583 4254 ad
2614 4201 2782 4258 maris
2805 4202 2956 4259 littus
2981 4205 3276 4275 appulisse.

2257 4290 2386 4345 Vili.
2424 4291 2548 4346 Erat
2573 4291 2694 4364 eius
2727 4293 2982 4352 Ecclesiae
3029 4297 3365 4368 gubernator
3395 4302 3610 4372 Agatho
3642 4307 3758 4374 ille,

2181 4384 2340 4452 cujus
2364 4385 2534 4452 gloria
2570 4388 2727 4457 longe
2773 4387 2988 4460 lateque
3015 4393 3159 4462 apud
3209 4409 3402 4450 omnes
3433 4398 3758 4457 celebraba-

2183 4485 2292 4532 tur.
2313 4477 2452 4534 Cum
2485 4480 2577 4536 ille
2606 4481 2773 4552 igitur
2801 4493 3168 4554 properasset,
3193 4495 3248 4542 et
3277 4486 3484 4546 loculos
3511 4494 3579 4548 ad
3615 4511 3754 4552 cou-

2182 4571 2442 4628 tinentem
2467 4575 2725 4646 appulsos
2746 4576 2994 4644 vidisset,
3016 4587 3241 4648 stupore
3270 4588 3325 4635 et
3345 4581 3544 4653 gaudio
3576 4587 3756 4658 reple-

2179 4676 2288 4731 tus,
2321 4683 2535 4723 summa
2570 4683 2702 4725 voce
2733 4687 2749 4724 :
2786 4670 2952 4734 Bene,
2986 4669 3182 4741 inquit,
3213 4674 3356 4742 quod
3390 4676 3497 4732 huc
3529 4680 3754 4748 venisti,

2178 4766 2236 4810 ut
2266 4762 2455 4824 portus
2477 4757 2755 4825 salutaris,
2777 4758 2843 4813 ad
2883 4775 2980 4817 eos
3001 4763 3094 4831 qui
3125 4763 3297 4834 pelagi
3326 4764 3584 4824 “rictibus
3608 4777 3754 4843 peri-

2175 4849 2382 4906 culosis
2403 4851 2698 4920 agitamur.
2735 4850 2876 4907 Bene
2906 4855 3054 4923 quod
3093 4855 3312 4921 venisti,
3345 4856 3595 4915 divinum
3626 4862 3752 4932 Spi-

2177 4941 2315 4996 ritus
2345 4938 2610 4998 Paracleti
2638 4942 2859 5010 tinnien,
2878 4959 2946 5000 ea
2974 4960 3084 5014 quo
3105 4947 3353 5007 veritatis
3376 4964 3534 5023 aqua:
3565 4966 3754 5012 scatit;

2177 5034 2344 5101 riunt,
2370 5043 2423 5090 et
2447 5037 2621 5106 pietas
2648 5039 2817 5094 multa
2846 5039 3138 5098 redundat.
3165 5040 3224 5098 in
3248 5044 3386 5101 mari
3417 5046 3515 5102 via:
3543 5057 3671 5112 tute,
3694 5060 3751 5106 et

2175 5129 2383 5184 semitm
2422 5137 2527 5186 tute
2576 5130 2629 5184 in
2675 5132 2833 5203 aquis
2881 5135 3091 5198 multis.
3137 5145 3192 5192 et
3233 5141 3456 5210 vestigia
3509 5150 3601 5197 tua
3634 5159 3750 5198 nou

2175 5231 2587 5292 cognoscentur.
2619 5223 2773 5291 Veni,
2799 5236 2855 5282 et
2888 5227 3101 5285 animas
3141 5229 3361 5288 nostﬁts
3397 5234 3585 5305 irriga,
3616 5235 3746 5291 ασε-

2174 5324 2360 5368 t-tuum
2379 5326 2693 5372 nostrorum
2712 5315 2980 5374 fervorem
3009 5319 3266 5392 reprime,
3291 5324 3536 5380 eordiurn
3550 5324 3743 5394 ianuas

2176 5408 2479 5478 patefactas
2516 5412 2818 5479 gratiarum
2873 5422 3092 5468 tuarum
3144 5415 3464 5472 muneribus
3510 5419 3739 5487 rcplcas.

2175 5501 2290 5558 Hoc
2313 5522 2343 5558 ιι
2373 5513 2423 5558 te
2449 5504 2662 5574 Liparis
2679 5505 2859 5561 insula
2876 5507 3100 5578 supplex
3127 5509 3285 5579 petit,
3310 5526 3472 5580 quam
3497 5511 3745 5566 habitare

2172 5599 2413 5655 voluisti.
2452 5597 2598 5665 ilice,
2626 5601 2876 5672 inquam,
2909 5600 3086 5655 insula
3112 5602 3197 5656 bis
3231 5603 3412 5660 verbis
3435 5611 3487 5658 te
3510 5601 3743 5670 alloqui-

2173 5703 2304 5751 tur:
2341 5693 2446 5756 Tu,
2496 5697 2589 5766 qui
2644 5698 2816 5749 multo
2868 5695 3070 5751 lumine
3127 5695 3358 5752 illuStris
3397 5713 3475 5763 es,
3516 5705 3569 5751 et
3602 5697 3741 5762 illius

2173 5786 2342 5843 divini
2381 5785 2621 5842 Orientis
2655 5801 2777 5842 vere
2810 5787 3042 5853 amirtts,
3079 5787 3357 5857 quomodo
3404 5787 3603 5843 factum
3638 5796 3737 5850 est,

2173 5890 2232 5938 ut
2278 5881 2404 5937 talis
2449 5891 2742 5950 tantusque
2779 5881 2918 5950 apud
2952 5895 3083 5936 tuere
3116 5883 3452 5951 paupertatis
3479 5881 3740 5939 Occiden-
