3950 6320
233 274 3399 344 Μ’
2231 280 2594 293 -“’“““’“““““
3307 278 3396 324 ⁷...-

1471 504 1638 550 ANNO
1678 503 1899 548 DOMINI
1941 503 2164 546 DCCCXC
2176 531 2187 543 .

786 722 1917 941 NICETAS
2050 595 2875 936 DAVID

1329 1104 2330 1290 PAPHLAGO
2717 1072 2722 1078 ⁷
2805 1059 2884 1076 ”

669 1599 1166 1694 NOTITIA
1263 1545 1898 1690 HISTORICA
1994 1597 2140 1684 ET
2243 1543 2986 1682 LITTEBARIA.

784 1815 905 1880 (Leo
933 1817 1187 1876 Annius,
1215 1809 1427 1862 Diatriba
1446 1811 1509 1862 de
1529 1809 1728 1870 Nicetis,
1754 1822 1832 1872 ap.
1856 1808 1965 1859 lsi.
1995 1804 2217 1858 Bibiioth.
2241 1819 2366 1869 non,
2393 1807 2478 1870 Vl,
2501 1810 2623 1870 part.
2647 1820 2700 1866 ιι,
2725 1819 2773 1869 p.
2799 1805 2868 1868 5.)

299 2150 455 2204 Inter
483 2144 628 2202 varia
653 2141 966 2213 cognomina
1010 2149 1066 2195 et
1085 2139 1405 2210 dignitatum
1449 2134 1636 2193 titulos
1661 2152 1826 2192 unum
1862 2137 2102 2194 Nieetam
2125 2136 2425 2192 latitantem
2444 2173 2462 2202 ,
2496 2137 2592 2193 sed
2620 2144 2839 2207 propter
2863 2134 3051 2192 eadem
3085 2134 3425 2190 incommode

231 2243 293 2295 in
333 2241 526 2310 plures
543 2233 832 2300 variosque
850 2238 1012 2297 atque
1034 2228 1340 2282 immaniter
1363 2227 1617 2293 divisum,
1650 2226 1697 2282 si
1725 2225 1844 2282 ﬁeri
1877 2235 2077 2297 potest,
2098 2226 2214 2283 suis
2235 2226 2482 2297 partibus
2514 2225 2785 2297 integrum
2827 2225 2882 2280 in
2917 2226 3156 2281 medium
3180 2225 3422 2280 adduca-

237 2347 392 2389 mus.
436 2329 563 2384 Fuit
614 2325 660 2382 is
702 2321 1031 2393 Byzantinus
1058 2326 1114 2374 et
1165 2317 1431 2389 Paphlago
1488 2319 1688 2375 dictus.
1745 2319 1981 2374 Joannes
2034 2317 2266 2390 Scylitza
2311 2318 2368 2373 in
2433 2320 2697 2390 prommio
2739 2334 2852 2374 suae
2889 2318 3176 2374 historiae:
3239 2318 3295 2372 '0
3321 2319 3426 2386 γὰρ

241 2419 606 2490 Λαφνοπάτης
629 2413 915 2483 Θεόδωρος,
950 2409 1189 2478 Νικήτας
1213 2408 1242 2459 ὁ
1266 2406 1587 2474 Παφλαγὼν,
1620 2407 1811 2478 Ἰωσὴφ
1848 2406 2110 2471 Γενέσιος,
2139 2408 2234 2463 καὶ
2264 2409 2515 2479 Μανουὴλ
2553 2410 2601 2462 οἱ
2649 2408 2948 2474 Βυζάντιοι,
2977 2408 3284 2479 Νικηφόρος
3309 2407 3427 2465 διά-

235 2529 398 2576 κονος
421 2506 587 2578 Φρὺξ,
632 2505 724 2559 καὶ
746 2503 814 2555 τὰ
839 2500 983 2569 ἑξῆς.
1014 2497 1251 2567 Namque
1277 2495 1567 2549 Theodorus
1588 2493 1795 2564 Daphne

1867 2506 1973 2563 Ltes,
1997 2497 2207 2568 Nicetas
2227 2497 2523 2570 Paphlago,
2560 2499 2814 2571 Iosephus
2847 2499 3116 2564 Genetius,
3144 2507 3193 2553 et
3218 2495 3427 2553 Hense!

242 2599 559 2675 Byzantini,
595 2595 909 2664 Nicephorus
943 2590 1188 2675 diaconus
1239 2586 1437 2656 Phryx,
1484 2596 1590 2640 etc.
1643 2585 1721 2638 Ex
1744 2583 1802 2638 Sc

1861 2589 1973 2642 itza
2028 2601 2139 2642 sua.
2168 2588 2351 2644 hausit
2389 2588 2689 2646 Cedrenus.
2748 2585 3032 2646 C0nsentit
3074 2591 3228 2646 hisce
3269 2590 3421 2646 Nice-

239 2669 454 2766 phorus
481 2688 733 2748 Callistus
763 2683 896 2738 Hist.
927 2679 1049 2734 θεοί.
1074 2669 1174 2733 lib.
1214 2693 1322 2742 xw,
1371 2677 1459 2730 28.
1488 2675 1594 2731 Sed
1650 2675 1942 2747 Paphlago,
1965 2692 2327 2766 cognomenne
2372 2681 2556 2744 fuerit,
2589 2698 2656 2766 an
2707 2683 3053 2753 episcopatus
3083 2684 3432 2754 titulus,quis

239 2761 474 2840 extricet
513 2778 537 2830 ’ἔ
573 2777 734 2831 Planc
772 2773 826 2827 in
869 2768 1054 2825 multis
1111 2767 1492 2837 manuscriptis
1561 2767 1756 2837 legitur

1869 2767 2068 2837 ἷικήτας
2116 2763 2501 2840 Παφλαγονίας,
2547 2761 2755 2828 Nicetes
2816 2773 3220 2844 Paphlagonia,
3260 2784 3322 2830 ul.
3375 2775 3429 2831 in

250 2875 445 2930 codice
474 2870 730 2927 Vaticano
756 2864 910 2926 1246,
956 2872 1012 2918 et
1035 2872 1156 2916 ante
1193 2860 1366 2914 Vitam
1408 2859 1595 2931 lgnatii
1629 2859 1964 2930 patriarchas.
2020 2860 2086 2914 Et
2120 2861 2296 2930 potuit
2327 2877 2536 2935 quoque
2560 2882 2680 2922 esse
2706 2883 2773 2922 ex
2803 2866 3183 2937 Paphlagonia,
3212 2867 3305 2921 sed
3328 2869 3431 2938 By-

243 2966 465 3020 zantina
506 2961 723 3017 civitate
749 2957 1012 3011 donatus:
1070 2967 1245 3021 neque
1292 2950 1347 3005 id
1384 2951 1703 3020 probatione
1735 2943 1858 3021 eget'
1885 2967 1898 3004 :
1948 2958 2076 3005 sunt
2119 2951 2262 3006 enim
2294 2965 2479 3008 omnes
2507 2956 2752 3012 omnium
2775 2959 3102 3028 scriptorum
3137 2958 3335 3014 charta
3365 2959 3433 3014 de

242 3055 443 3110 alienis
473 3053 528 3106 in
561 3051 710 3105 cives
739 3047 988 3118 proprios
1011 3045 1194 3099 as'citis
1223 3056 1254 3097 a
1278 3042 1589 3097 civitatibus
1628 3041 1816 3111 plenae.
1857 3040 1926 3097 Et
1953 3042 2294 3112 episc0patus
2323 3043 2697 3116 Paphlagoniae
2725 3049 2910 3104 nullus
2934 3058 3176 3120 apparet.
3229 3047 3355 3106 Fuit
3386 3048 3434 3104 is

242 3159 472 3215 quoque
506 3137 837 3196 binominis:
894 3148 1126 3203 namque
1177 3141 1234 3187 et
1280 3132 1500 3187 Davidis
1541 3130 1802 3200 appellati

1871 3146 1902 3185 e
1939 3130 2253 3201 insignitur.
2302 3131 2439 3188 Hinc
2496 3138 2693 3206 saepius
2735 3140 2946 3210 Νικήτα
2988 3141 3079 3194 τοῦ
3121 3143 3217 3196 καὶ
3246 3141 3429 3205 Anule,

247 3239 448 3294 Niceti:
469 3233 559 3304 qui
588 3241 636 3286 et
668 3229 836 3284 David
863 3244 883 3293 ;
928 3236 985 3282 et
1011 3226 1257 3281 absolute
1283 3241 1312 3279 a
1347 3223 1624 3278 nonnullis
1645 3223 1852 3278 Nicetes
1881 3222 2047 3278 David
2074 3225 2396 3295 appellatur.
2447 3227 2514 3282 Et
2536 3229 2754 3283 videant
2776 3231 2870 3301 qui
2895 3232 3059 3288 David
3098 3234 3202 3290 hoc
3233 3251 3433 3307 cogno-

249 3336 504 3383 mentum
556 3322 722 3377 l'uisse
773 3319 1015 3387 tradunt,
1048 3333 1157 3387 quo
1205 3331 1261 3370 se
1299 3315 1522 3369 fulciant
1544 3314 1913 3369 fundamento.
1965 3314 2026 3369 In
2048 3314 2319 3386 aliquibus
2361 3317 2637 3374 codicibus
2656 3311 2962 3378 adnectitur
2981 3324 3100 3380 loco
3145 3325 3356 3384 Davidis
3382 3341 3433 3384 et

247 3414 634 3488 Paphlagonis,
681 3409 986 3480 Δαδύ6ρων,
1028 3405 1414 3477 Dadybrorum,
1438 3405 1530 3475 qui
1550 3413 1668 3458 erat
1691 3403 2033 3474 episcopatus
2074 3405 2176 3460 sub
2201 3404 2495 3477 Gangrensi
2523 3408 2916 3482 Paphlagoniae.
2974 3413 3110 3470 Hinc
3129 3432 3297 3488 arguo
3324 3435 3433 3476 non

252 3507 402 3562 male
426 3503 829 3573 Dadybrensem
854 3500 1188 3570 episcOpum,
1235 3496 1442 3551 dictum
1483 3495 1647 3550 etiam
1671 3494 2086 3565 Paphlagonem,
2115 3496 2211 3566 qui
2244 3512 2438 3567 nempe
2462 3500 2759 3568 possideret
2814 3503 2870 3559 in
2913 3504 3274 3580 Paphlagonia
3325 3513 3436 3582 epi-

248 3607 558 3669 scopatum.
610 3594 747 3650 Huic
774 3591 990 3647 additur
1018 3603 1234 3661 quoque
1287 3602 1487 3642 nomen
1515 3584 1808 3658 philosophi,

1875 3588 2082 3659 Νικήτα
2121 3588 2215 3642 τοῦ
2243 3589 2336 3643 καὶ
2360 3589 2522 3645 Δαυῒδ
2546 3591 2642 3644 τοῦ
2672 3595 2977 3665 φιλοσόφου.
3021 3599 3235 3666 Nicetis,
3273 3607 3360 3673 qui
3384 3613 3435 3657 et

255 3690 451 3755 David,
493 3687 800 3759 phibsophi,
847 3692 908 3739 ut
937 3684 1079 3739 clare
1106 3683 1324 3736 videtur
1350 3681 1404 3735 in
1453 3678 1735 3736 codicibus
1769 3681 2154 3752 manuscriptis
2175 3682 2449 3738 Vaticanis
2500 3685 2623 3747 544.
2673 3686 2772 3743 305
2810 3697 2866 3745 et
2905 3691 3030 3747 679.
3087 3691 3154 3748 Et
3190 3695 3243 3748 in
3290 3698 3432 3763 aliis,

253 3785 410 3838 nullo
438 3784 545 3838 alio
564 3780 770 3844 addito,
809 3780 1021 3850 Νικὴτα.
1048 3777 1142 3831 τοῦ
1184 3769 1495 3848 φιλοσόφου,
1526 3775 1742 3860 ’Nicetae
1771 3793 1813 3846 pi

1872 3775 2080 3848 Iosephi,
2106 3792 2216 3831 non
2281 3777 2426 3848 quod
2462 3787 2670 3834 tantum
2704 3780 3003 3840 institutum
3044 3791 3432 3846 monachorum

251 3875 560 3948 professus,
603 3872 697 3959 sed
726 3871 871 3942 quod
921 3871 1062 3925 inter
1092 3869 1194 3923 alia
1219 3868 1559 3938 potissimum
1588 3866 1693 3923 sibi
1714 3867 2072 3939 philosOphia:
2121 3883 2318 3924 munus
2350 3869 2666 3936 ascriberet,
2717 3875 2901 3941 quales
2939 3877 3185 3948 plerique
3228 3895 3294 3935 eo
3319 3897 3434 3936 ωνυ

257 3966 283 4019 f
287 3979 440 4028 uere,
468 3975 524 4018 et
543 3957 748 4032 primus
779 3962 919 4016 inter
948 3975 1043 4014 eos
1063 3959 1269 4013 ὑπάτου
1290 3959 1398 4012 τῶν
1418 3957 1717 4028 φιλοσόφων
1743 3959 1817 4014 tit:

1875 3974 1900 4014 ο
1927 3959 2398 4014 cohonestabatur.
2460 3960 2636 4027 Quare
2674 3962 2762 4016 hic
2798 3962 2964 4021 fuerit
2980 3968 3216 4034 Nicetas,
3253 3973 3347 4041 qui
3377 3983 3435 4028 et

259 4056 374 4110 alio
405 4053 626 4108 nomine
676 4051 843 4107 David
880 4051 1210 4124 vocabatur,
1269 4051 1629 4123 Byzantinus”,
1679 4050 1940 4121 dignitate
1987 4051 2377 4124 philosophus,
2421 4053 2791 4124 Dadybrorum
2843 4056 2899 4111 in
2925 4055 3282 4132 Paphlagonia
3333 4065 3435 4119 sub

255 4147 571 4218 Gangrensi
593 4148 881 4217 episcopus
910 4163 924 4200 :
971 4155 1026 4201 et
1054 4146 1257 4212 omnia,
1297 4161 1416 4216 quae
1437 4146 1539 4200 sub
1567 4145 1771 4202 Nicetae
1789 4146 2009 4202 nomine
2031 4146 2429 4202 diversishisce
2463 4148 2633 4204 titulis
2655 4150 2722 4204 ad
2753 4149 2930 4206 varios
2953 4150 3278 4221 referuntur,
3307 4155 3435 4215 huic
3541 4155 3549 4172 '

256 4243 368 4302 soli
389 4242 736 4296 vindicantur
774 4241 873 4312 (a).

335 4331 547 4385 Floruit
576 4331 723 4386 circa
750 4330 948 4384 Leonis
971 4339 1026 4384 et
1048 4328 1386 4385 Constantini
1419 4337 1680 4399 tempora,
1716 4337 1776 4382 ut
1797 4328 2068 4398 colligitur
2093 4344 2160 4382 ex
2205 4329 2470 4398 prooemio
2503 4329 2636 4384 Vitae
2661 4329 2832 4384 sancti
2862 4329 3052 4398 lgnatii
3090 4337 3433 4403 patriarchae,

254 4437 430 4492 quam
474 4421 565 4476 ille
591 4437 766 4491 neque
821 4421 1035 4475 indocte
1072 4436 1247 4490 neque
1293 4419 1625 4490 ineleganter
1669 4420 1814 4473 conci

1875 4420 2055 4476 navit:
2093 4423 2154 4474 Εἰ
2185 4421 2240 4473 δὲ
2281 4423 2372 4473 καὶ
2411 4420 2546 4489 πρὸς
2583 4423 2692 4483 τοῖς
2720 4421 2975 4489 ,ἐσχάτοις
2996 4464 3011 4488 ,
3064 4425 3159 4492 καὶ
3186 4429 3295 4489 τοῖς
3319 4431 3435 4482 καθ’

255 4491 416 4585 digii;
437 4513 644 4577 τούτοις
664 4510 970 4582 ἐγγίζοντες
1009 4513 1220 4582 τύχοιεν
1243 4515 1472 4584 καιροῖς,
1513 4511 1693 4581 πολλῷ
1745 4512 1942 4582 μᾶλλον
1975 4513 2578 4583 ἀξιομνημονευτότατοι
2617 4513 2683 4567 ἂν
2713 4508 2820 4565 εἷεν
2875 4491 3271 4582 ἀπάντωνίκαὶ
3322 4519 3440 4585 ἀξι-

255 4605 560 4669 επαίνετοι,
584 4606 659 4669 ὡς
695 4606 828 4658 πολὺ
855 4605 1014 4657 πλέον
1052 4606 1350 4674 οἰκοδομεῖν
1383 4611 1445 4674 τῇ
1484 4605 1740 4674 ὲγγύτητι
1761 4603 2046 4674 δυνάμενοι
2077 4606 2173 4674 τὴν
2211 4604 2531 4674 Ἐκκλησίαν
2558 4619 2571 4633 ·
2597 4605 2655 4657 τὸ
2691 4606 2796 4674 γὰρ
2819 4605 3038 4676 ἆρχαίον
3064 4611 3156 4662 καὶ
3179 4610 3435 4679 πάμπολυ

258 4696 406 4749 κατὰ
436 4695 623 4766 χρόνον
655 4695 894 4759 διεστὼς,
928 4697 977 4748 εί
1002 4697 1100 4748 καὶ
1121 4695 1430 4750 πιστεύεται
1460 4699 1527 4767 τῇ
1558 4695 1866 4766 ἀξιοπιστίᾳ
1896 4700 1991 4766 τῆς
2025 4697 2266 4767 Γραφῆς,
2299 4696 2432 4750 ἀλλὰ
2456 4698 2546 4748 καὶ
2587 4697 2775 4750 θᾶττον
2796 4698 2862 4750 ἂν
2913 4701 3023 4760 τοίς
3063 4700 3270 4765 πολλοῖς
3302 4705 3437 4774 πρὸς

261 4787 363 4858 τὴν
397 4789 628 4862 μίμησιν
671 4785 1114 4852 ἁπογινώσκοιτο,
1164 4783 1526 4853 λογιζομένοις
1566 4785 1640 4847 ὼς
1667 4786 1928 4853 κρεῖττον,
1978 4785 2012 4855 ἢ
2043 4787 2179 4839 κατὰ
2211 4787 2309 4855 τὴν
2349 4783 2641 4853 παροῦσαν,
2679 4787 2784 4837 τῶν
2815 4787 3195 4858 πρεσϐυτέρων
3214 4791 3434 4843 ἐκείνων

261 4875 582 4944 δυναμένων
605 4874 898 4945 κατορθοῦν
921 4875 1112 4942 γενεάν
1143 4890 1158 4907 ⁸
1185 4875 1285 4927 ὅσα
1309 4874 1354 4926 δ’
1382 4873 1446 4926 ἂν
1468 4876 1580 4935 τοῖς
1610 4872 1728 4925 καθ’
1756 4873 1900 4944 ἡμᾶς
1932 4873 2320 4943 κατορθοῦσθαι
2356 4873 2654 4925 πιστεύοιτο
2695 4877 2921 4942 καιροῖς,
2968 4877 3163 4943 μᾶλλον
3186 4877 3250 4931 ἂν
3281 4875 3432 4948 οἶμαι

261 4966 438 5019 ταῦτα
465 4963 811 5034 παρακνίζειν
835 4965 960 5028 τοὺς
984 4964 1415 5033 εὐσεϐεστέρους,
1444 4965 1693 5030 κα“ι“πρὸς
1710 4963 1799 5015 τὸν
1833 4963 1943 5016 ἴσον
1968 4964 2063 5033 τῆς
2085 4965 2282 5035 ἀρετῆς
2307 4963 2618 5034 διερεθίζειν
2641 4965 2816 5033 ζῆλον·
2837 4967 2921 5019 διὰ
2945 4967 3114 5020 ταῦτά
3140 4986 3227 5039 μοι
3252 4969 3433 5022 τοῦτον

264 5063 625 5129 ἐνστήσασθαι
653 5061 749 5115 νῦν
773 5058 863 5131 ζτῷ
892 5057 1034 5127 λόγῳ
1053 5057 1142 5109 τὸν
1173 5056 1356 5124 ἀγῶνα
1385 5072 1399 5086 ⁸
1424 5056 1513 5108 καί
1555 5072 1643 5125 μοι
1667 5055 1890 5123 σφοδρὸς
1931 5056 2092 5118 πόθος
2133 5057 2483 5126 κατακάρδιο;
2510 5056 2774 5124 ἀληθινοῖς
2816 5057 3109 5128 διηγήμασι
3136 5059 3227 5110 καὶ
3261 5059 3432 5127 πάσης

267 5152 590 5223 προλήψεως
613 5151 1046 5222 ἀπηλλαγμένοις
1079 5147 1331 5218 ψεύδους,
1365 5147 1455 5198 τὸν
1496 5146 1665 5214 μέγαν
1693 5146 1970 5215 ίεράρχην,
2005 5146 2098 5197 καὶ
2142 5145 2368 5213 ποιμένα
2396 5145 2491 5215 τῆς
2510 5145 2770 5214 βασιλίδος
2815 5147 3066 5212 Ἰγνάτιον
3101 5149 3200 5199 ὑπό
3229 5165 3288 5214 γε
3314 5151 3429 5219 Θεῷ

270 5245 544 5314 πνεύματι
567 5246 662 5313 τῆς
689 5244 942 5314 ἀληθείας
973 5241 1246 5310 ὑφηγητῇ,
1273 5239 1364 5291 καὶ
1392 5237 1713 5306 συλλήπτορι
1740 5239 1849 5298 τοῖς
1871 5237 2141 5302 ἀγνοοῦσι,
2169 5234 2344 5299 δποίός
2370 5254 2452 5300 τις
2476 5233 2561 5307 ἧν,
2597 5239 2660 5288 ἐκ
2698 5241 2796 5309 τῆς
2822 5237 2944 5289 κατ’
2968 5240 3123 5292 αὐτὸν
3162 5239 3428 5296 πολιτείας

351 5420 428 5489 (a)
477 5419 749 5473 Hactenus
775 5419 1022 5489 notitiam
1042 5418 1110 5473 de
1133 5417 1238 5489 hoc
1259 5417 1447 5471 Niceta
1470 5430 1650 5489 nos_ex
1680 5414 2239 5489 Allatioedideramus
2265 5409 2521 5489 inscript.
2553 5420 2647 5464 vet.
2681 5417 2717 5463 t.
2745 5409 2835 5476 IX,
2864 5411 3011 5480 prmi.
3039 5429 3091 5479 ι).
3124 5425 3240 5474 xu;
3267 5421 3426 5476 quem

276 5481 460 5546 tanien
485 5490 757 5544 diversum
785 5502 904 5542 csse
932 5505 960 5540 a
986 5487 1171 5541 Niceta
1197 5487 1476 5542 Serrarum
1502 5485 1774 5553 episcopo,
1801 5485 1935 5537 infra
1963 5484 2247 5538 constabit.
2294 5484 2354 5534 Α.
2378 5481 2444 5535 Μ.

553 5583 823 5642 Ριιειτιιόῑι.
877 5580 988 5639 Gn.
1022 5579 1143 5638 CV.

2728 5633 2729 5638 η
2978 5566 2998 5625 1
