3950 6320
197 343 256 409 13
1625 347 1757 410 ΝΟἸ

1807 349 1953 412 ΤΙΑ.
2803 362 2819 398 ¹
3302 360 3367 422 14

193 463 414 507 sanctam
459 449 736 508 Nicolaum
771 453 1140 528 Myrobtytam,
1167 466 1236 521 et
1292 457 1658 512 mirandorum
1687 462 1980 532 effectorem
2020 462 2461 533 archiepiscopum
2503 462 2768 534 Myrorum
2801 465 2990 536 Lyciae.
3043 465 3130 522 P;
3189 466 3247 522 '0
3275 468 3372 537 μὶν

193 542 459 612 θεοπάτωρ
479 543 640 597 Δαυῖδ
659 545 719 598 τὸ
750 545 994 610 ἀειθαλὲς
1020 550 1114 603 καὶ
1151 550 1466 620 μετάρσιον.

253 633 336 688 12.
389 633 648 691 Laudatio
675 634 729 691 in
758 647 964 691 sanctos
989 655 1278 712 anargyros
1315 640 1562 697 Cosmam
1591 651 1640 696 et
1687 643 1813 698 Dom

1814 645 2036 698 tianum.
2066 645 2126 699 P.
2161 662 2175 697 :
2217 645 2306 710 Ὠς
2336 647 2591 716 ἀγαπητά
2615 648 2682 701 τά
2706 649 3034 717 σκηνώματα
3059 666 3173 716 σου,
3205 650 3374 722 Κύριε

189 724 284 782 τῶν
301 729 578 798 δυνάμεων
612 731 625 783 !
659 728 772 783 Sub
809 729 1008 784 Nicetes
1044 731 1352 802 philosophi
1415 733 1635 788 nomine
1665 731 1722 789 in
1741 736 1996 791 Vaticana
2027 735 2148 790 cod.
2177 735 2297 790 808.
2353 734 2659 806 Eademque
2682 737 2914 792 habetur
2952 739 3006 792 in
3035 755 3154 793 meo
3183 755 3375 793 manu-

191 823 397 893 scripto,
455 825 606 880 nullo
633 824 849 894 praeﬁxo
889 828 1128 882 auctoris
1175 828 1418 883 nomine.
1468 830 1598 884 Eam
1621 844 1743 896 cum
1773 831 2051 885 nonnullis
2094 831 2217 886 aliis
2246 831 2586 886 Monachium
2648 831 2768 884 misi
2799 830 3112 886 doctissimo
3159 832 3369 887 Simoni

191 915 579 988 Wagnercckio,
605 917 698 986 qui
724 932 868 972 nunc
909 918 975 973 de
999 919 1354 974 sanctissimis
1373 920 1460 975 bis
1484 922 1772 993 Anargyris
1793 923 2301 979 commentationem
2329 923 2641 987 meditatur,
2669 937 2829 990 quam
2846 923 2953 991 jam
2987 923 3122 978 bene
3149 925 3372 980 inchoa-

192 1020 286 1065 tam
329 1009 522 1063 melius
547 1008 817 1065 conﬁciet.
854 1010 993 1078 Quid
1026 1013 1172 1066 enim
1201 1021 1304 1077 est,
1357 1013 1504 1077 quod
1532 1016 1621 1070 ille
1641 1017 1880 1072 calamus
1912 1019 2243 1089 amplissime
2276 1033 2384 1072 non
2417 1015 2744 1086 perfecerit?

245 1100 468 1170 Scripsit
498 1111 756 1169 praeterea
778 1105 1144 1171 expositionem
1166 1106 1222 1160 in
1248 1107 1428 1176 aliqua
1460 1108 1700 1164 carmina
1734 1109 1979 1182 Gregorii
2001 1111 2347 1166 Nazianzeni.

247 1193 294 1247 1.
342 1194 401 1248 In
432 1194 777 1263 sepulcralia,
814 1212 934 1266 quae
965 1197 1056 1252 ille
1090 1197 1144 1252 in
1178 1198 1497 1255 defunctum
1540 1201 1795 1258 Basiliam
1838 1205 2162 1274 composuit.
2216 1204 2584 1262 Conservatur
2637 1205 2690 1260 in
2732 1205 3061 1260 bibliotheca
3105 1204 3361 1268 Vaticana

185 1286 294 1342 cod.
321 1288 424 1343 496
453 1297 508 1344 et
536 1287 660 1351 949,
690 1288 791 1343 sub
811 1290 1031 1345 nomine
1064 1292 1275 1362 Νικήτα
1304 1292 1592 1373 φιλοσόφου
1618 1294 1710 1346 τοῦ
1739 1297 1745 1348 1

1537 1311 1592 1345 ου
1618 1294 1710 1346 τοῦ
1739 1297 2102 1366 Παφλαγόνος,
2146 1298 2340 1353 Νἱσειω
2370 1299 2660 1368 philosophi
2707 1298 3097 1370 Paphlagonis:

244 1380 296 1434 2.
326 1381 382 1435 In
411 1396 636 1453 gnomas
667 1397 763 1435 seu
792 1382 1090 1440 sententias
1134 1379 1398 1452 ejusdem,
1427 1399 1562 1452 quas
1608 1384 1697 1438 ille
1744 1387 2106 1444 acrostichide
2142 1389 2232 1444 illa
2267 1378 2578 1459 complexus
2623 1398 2725 1446 est.
2794 1392 3012 1462 Γνῶμαι
3070 1388 3366 1461 Γρηγορίου

186 1471 398 1542 δίστιχος
443 1474 657 1544 εὐεπίη,
703 1472 891 1527 ὲσθλδν
932 1473 1154 1544 ἄθυρμα
1176 1474 1334 1539 νέοις,
1371 1485 1478 1530 etc.
1535 1473 1649 1530 Sub
1688 1491 1746 1529 nc

1809 1476 1907 1532 line
1948 1478 2160 1548 Νικήτα
2199 1479 2294 1533 τοῦ
2345 1479 2438 1532 καὶ
2467 1479 2627 1532 Δαυῖδ
2655 1479 2752 1533 τοῦ
2809 1482 3119 1550 φιλοσόφου,
3154 1479 3369 1534 Nicetato

185 1572 259 1639 qui
284 1582 328 1625 et
352 1571 540 1636 David,
568 1570 874 1642 philosOphi.
923 1569 1056 1625 Cod.
1107 1570 1209 1626 544
1238 1581 1292 1625 et
1322 1569 1446 1625 565.
1499 1571 1566 1625 Et
1609 1571 1664 1624 in
1713 1570 2028 1644 Augustam
2075 1573 2218 1628 inter
2249 1575 2579 1644 theologicos
2616 1574 2738 1630 cod.
2772 1576 2858 1630 44.
2913 1576 2973 1630 In
3001 1573 3368 1643 Altempsiana

185 1663 273 1719 sub
305 1664 524 1718 nomine
555 1664 766 1734 Νικήτα
795 1663 1079 1732 φιλοσόφου
1119 1663 1412 1716 ἐπισκόπου
1462 1662 1745 1733 Δαδύσρων

1827 1664 2021 1720 Nicetes
2057 1665 2348 1736 philosOphi
2379 1666 2741 1737 Dadybrorum
2768 1667 3011 1736 episcopi.
3055 1667 3121 1720 Et
3149 1664 3353 1732 absque

184 1754 406 1826 episcOpi
428 1755 669 1811 dictione
695 1755 835 1810 inter
865 1755 1168 1810 rhetoricos
1191 1756 1521 1826 Augustanae
1551 1756 1673 1811 cod.
1702 1757 1788 1811 17.
1839 1758 1970 1824 Quae
2000 1758 2243 1814 Venetiis
2273 1759 2419 1814 edita
2445 1766 2572 1814 sunt
2598 1759 2652 1813 in
2673 1759 2724 1823 ι,
2754 1772 2897 1812 anno
2938 1756 3092 1810 1565.
3157 1756 3365 1825 Ἑρμη-

184 1849 287 1901 νεία
312 1847 390 1910 είς
412 1848 484 1901 τὰ
505 1847 831 1919 τετράστιχα
864 1846 957 1900 τοῦ
988 1847 1219 1917 μεγάλου
1248 1849 1462 1919 Πατρδς
1489 1849 1789 1920 Γρηγορίου
1819 1850 1912 1904 τοῦ
1965 1849 2335 1922 Ναζιανζηνοῦ
2363 1852 2441 1914 είς
2464 1849 2532 1904 τὰ
2560 1850 2863 1922 μονόστιχα,
2889 1851 2967 1913 είς
2988 1849 3057 1902 τὰ
3094 1846 3367 1917 ὲπιγράμο

189 1961 318 2014 ματα
332 1943 398 1997 τὰ
425 1945 504 2006 εἱς
529 1945 619 1998 τὸν
643 1945 813 2016 μέγαν
839 1945 1110 1998 Βασίλειον
1131 1945 1497 2015 παράφρασις.
1519 1945 1749 2000 Vindica-

1806 1963 1878 2000 ,ιιι-
1908 1945 2126 2008 Nicetae,
2161 1947 2252 2016 qui
2283 1957 2338 2002 et
2362 1946 2529 2002 David
2547 1988 2561 2009 ,
2585 1946 2743 2000 edita:
2768 1961 2982 2016 quoque
3008 1946 3366 2016 paraphrases

189 2039 466 2093 carminum
489 2037 734 2110 Gregorii
755 2037 1076 2093 Nazianzeni
1102 2037 1170 2092 de
1197 2037 1503 2108 principiis,
1552 2054 1620 2094 ex
1641 2039 1971 2095 bibliotheca
2010 2039 2321 2110 reipublicae
2351 2039 2696 2110 Augustame.
2727 2037 2974 2109 Lugduni
3034 2038 3361 2094 Batavorum

185 2126 231 2183 in
258 2128 464 2184 ofﬁcina
497 2130 834 2185 Plantiniana
859 2145 1001 2186 anno
1025 2129 1180 2193 1591,
1205 2129 1262 2183 in
1290 2129 1342 2195 8,
1371 2145 1532 2201 quam
1577 2131 1742 2185 etiam
1769 2131 2070 2186 arbitratur
2119 2129 2286 2184 David
2333 2129 2674 2185 llaeschclius
2701 2146 2819 2185 esse
2864 2130 3086 2185 Nicena.
3141 2131 3363 2186 Verum-

185 2238 343 2281 tamen
371 2239 497 2279 cum
531 2224 646 2294 ipse
666 2239 777 2299 rem
801 2221 1036 2294 penitius
1052 2223 1441 2284 examinarem,
1480 2222 1658 2292 reperi
1679 2221 2034 2292 paraphrases
2066 2221 2183 2284 has,
2207 2221 2321 2276 sive
2347 2220 2733 2291 expositiones,
2781 2219 2956 2275 editas
2985 2228 3099 2274 tum
3119 2220 3362 2277 Venetiis

185 2330 284 2371 tum
326 2317 577 2387 Lugduni
633 2317 977 2379 Batavorum,
1033 2317 1183 2371 nullo
1262 2317 1425 2370 modo
1471 2317 1673 2372 Niceten
1756 2331 1905 2381 esse;
1960 2317 2124 2386 idque
2170 2331 2237 2370 ex
2282 2317 2468 2371 codice
2551 2316 2681 2370 satis
2743 2315 2966 2385 antiquo
3017 2314 3364 2371 bibliothecae

189 2407 238 2462 S.
257 2407 481 2463 Andreae
501 2408 786 2471 Vallensis,
817 2409 1102 2464 codicibus
1126 2408 1415 2475 Vaticanis,
1446 2408 1768 2474 Lutetianis,
1801 2419 1855 2464 et
1881 2410 2022 2464 aliis.
2059 2410 2128 2465 Et
2155 2418 2215 2463 ut
2239 2423 2422 2464 veram
2452 2409 2508 2463 in
2533 2409 2774 2464 carmina
2789 2407 3115 2479 Nazianzeni
3147 2405 3362 2477 exposi-

187 2501 367 2554 tionem
396 2501 600 2557 Nicetae
630 2501 848 2564 habeas.
876 2517 985 2556 non
1013 2500 1278 2573 gravabor
1311 2514 1379 2556 ex
1407 2500 1600 2556 eodem
1633 2501 2046 2558 Santandreano
2078 2501 2268 2558 codice
2298 2501 2484 2558 titulos
2520 2501 2844 2567 carminum,
2876 2507 2931 2556 et
2953 2499 3355 2571 paraphraseon

184 2591 449 2661 principia,
479 2601 540 2646 ut
580 2591 654 2645 ibi
706 2600 852 2657 sunt,
881 2589 1150 2660 digerere.

239 2709 337 2763 Τοῦ
363 2709 653 2779 φιλοσόφου
685 2708 849 2776 κυροῦ
883 2707 1094 2776 Νικήτα
1119 2708 1416 2762 ἐπισκόπου
1441 2707 1728 2781 Δαδύϐρων
1757 2709 2012 2780 ἐξήγησις
2042 2709 2150 2764 τῶν
2202 2709 2348 2764 ὲπῶν
2381 2709 2474 2763 τοῦ
2500 2709 2729 2781 μεγάλου
2766 2707 3066 2779 Γρηγορίου
3097 2705 3190 2760 τοῦ
3236 2707 3359 2760 Θεο·

182 2800 317 2868 λόγου
344 2805 439 2875 (α).
502 2801 804 2872 PhilosOphi
843 2803 1038 2856 domini
1069 2802 1268 2857 Nicetaz
1313 2801 1679 2873 Dadybrorum
1727 2804 1950 2872 episcOpi
1979 2804 2230 2870 expositio
2260 2805 2554 2858 carminum
2591 2801 2769 2873 magni
2820 2801 3056 2870 Gregorii
3088 2799 3128 2852 Τ
3128 2798 3352 2870 heologi.

181 2895 412 2949 Prommii
457 2894 828 2964 principium:
873 2895 935 2948 Oi
996 2896 1093 2963 μὲν
1144 2895 1273 2964 παρ’
1308 2893 1531 2960 Ἕλλησι
1586 2893 1740 2962 φιλοσ

1797 2893 2010 2960 ρὼτατοι
2056 2890 2192 2948 εἶναι
2247 2894 2515 2959 δόξαντες.
2568 2894 2810 2949 Alterius
2839 2890 3190 2963 prommii-P.
3227 2908 3242 2945 :
3292 2891 3357 2942 Οἱ

179 2989 262 3055 τῆς
291 2988 555 3057 κοσμικῆς
579 2987 765 3053 σοφίας
797 2988 895 3055 τὴν
918 2987 1221 3056 ἀκροτάτην
1246 2985 1586 3041 καταλαόεἰν.

239 3081 362 3149 Περὶ
409 3079 598 3150 ἀρχῶν
655 3077 809 3146 λόγος
841 3077 909 3132 α’.
987 3077 1065 3133 De
1121 3080 1389 3149 principiis
1435 3080 1606 3133 oratio
1653 3080 1799 3149 primi

1793 3097 1844 3132 a.
1894 3063 1996 3134 Pu
2049 3073 2179 3132 Οἶδα
2226 3080 2344 3150 μὲν,
2403 3081 2564 3150 φησὶν
2611 3081 2643 3150 ἡ
2692 3078 2983 3150 θεόληπτος
3038 3076 3132 3130 τοῦ
3197 3075 3353 3145 λόγου

181 3174 330 3242 φωνή.

240 3265 360 3333 Περὶ
406 3262 540 3317 Υίοῦ
581 3261 738 3330 λόγος
792 3260 856 3332 β’.
903 3262 978 3316 De
1032 3259 1174 3316 Filio
1213 3263 1386 3322 oratio
1432 3263 1678 3317 secunda.
1718 3265 1779 3319 P.

1816 3282 1832 3319 :
1888 3263 2209 3334 Ἐκθέμενος
2239 3263 2369 3334 περὶ
2426 3260 2629 3333 ἀρχῶν,
2679 3263 2711 3334 ἢ
2758 3262 2929 3334 ἀρχῆς
2965 3278 2980 3295 ο
3037 3260 3233 3315 ταυτὸν
3286 3258 3343 3313 δὲ

183 3356 353 3408 εἰπεῖν.

240 3449 360 3512 Περὶ
383 3447 476 3500 τοῦ
509 3445 664 3514 ἁγίου
698 3443 1008 3515 Πνεύματος
1034 3443 1188 3509 λόγος
1213 3443 1284 3512 γ’.
1307 3443 1382 3498 De
1410 3443 1614 3514 Spiritu
1638 3452 1800 3499 sancti

1791 3461 1820 3498 o
1848 3445 2017 3498 oratio
2050 3444 2229 3498 tertia.
2252 3442 2312 3498 P.
2339 3460 2352 3496 :
2377 3441 2712 3514 Θεολογήσας
2733 3443 2761 3496 ό
2784 3441 3202 3513 θεοληπτότατος
3225 3439 3349 3513 περὶ

183 3542 370 3616 Πατρός
387 3543 481 3596 καὶ
512 3543 664 3598 Υἰοῦ.

237 3637 359 3708 Περὶ
383 3638 586 3705 κόσμου
611 3635 767 3703 λόγος
798 3633 861 3688 δ’.
917 3634 993 3689 De
1018 3635 1208 3688 mundo
1227 3634 1396 3687 oratio
1431 3642 1641 3704 quarta.
1692 3633 1778 3686 P.:

1351 3634 1396 3686 io
1431 3642 1641 3704 quarta.
1692 3633 1778 3686 P.:
1813 3630 2033 3692 Ἰκανῶς
2060 3631 2149 3684 διὰ
2172 3633 2280 3684 τῶν
2312 3631 2708 3701 προειληφότων
2747 3631 2911 3686 ἐπῶν.

236 3729 355 3799 Περὶ
418 3731 677 3800 Προνοίας
709 3729 860 3798 λόγος
894 3735 951 3784 ε’.
979 3729 1054 3783 De
1076 3729 1406 3802 Providentia
1434 3729 1602 3782 oratio
1629 3730 1796 3797 quinte

1785 3744 1831 3783 ιι.
1886 3727 1945 3780 Ρ.
1977 3744 1990 3781 :
2031 3727 2393 3797 Φιλοσοφήσας
2420 3728 2546 3798 περὶ
2568 3726 2674 3779 τῶν
2721 3725 2813 3780 δύο
2843 3725 3080 3796 κόσμων,
3106 3723 3345 3796 πρώτου,

179 3821 318 3890 φημί·
2078 3823 2080 3826 ’

237 3917 355 3985 Περὶ
379 3917 580 3988 νὀερῶν
610 3917 805 3971 οὐσιῶν
830 3917 981 3985 λόγος
1006 3916 1078 3982 ς’.
1101 3916 1174 3971 De
1195 3915 1628 3971 intellectualibus
1649 3916 1797 3970 substi

1782 3917 1951 3970 rantiis
1968 3917 2137 3970 oratio
2158 3924 2325 3968 δείδια.
2355 3914 2396 3969 Ρ
2417 3929 2433 3966 :
2461 3912 2755 3982 Διειληφὼς
2777 3911 2902 3982 περὶ
2921 3910 3098 3965 διττοῦ
3120 3910 3342 3981 κόσμου,

180 4010 344 4078 νοητοῦ
373 4011 517 4078 λέγω
539 4012 632 4063 καὶ
662 4009 940 4080 αἰσθητοῦ.
1412 4001 1414 4004 ’

235 4102 355 4171 Περὶ
382 4102 560 4174 ψυχῆς
590 4101 743 4170 λόγος
767 4106 798 4167 ζ
817 4142 831 4157 .
865 4102 939 4156 De
963 4101 1142 4155 anima
1166 4103 1334 4154 oratio
1361 4102 1603 4171 septima.
1651 4101 1713 4155 P.
1741 4118 1755 4154 :

1825 4101 2131 4170 Ἑτομένως
2185 4100 2322 4169 μετὰ
2357 4099 2454 4169 τὴν
2501 4099 2610 4153 τῶν
2655 4097 2916 4168 οὐρανίων
2949 4098 3043 4150 καὶ
3090 4097 3341 4164 λογικῶν.

233 4193 353 4262 Περὶ
375 4193 667 4264 διαθηκῶν,
696 4194 789 4246 καὶ
810 4193 1126 4261 ἐπιφανείας
1150 4192 1560 4263 Χριστοῦλόγος
1587 4191 1658 4262 η’.
1707 4192 1784 4246 De

1856 4194 2159 4258 rstameutis,
2195 4201 2244 4247 et
2302 4195 2629 4263 apparitione
2656 4191 2866 4258 Christi,
2926 4190 3096 4244 oratio
3137 4198 3340 4244 octava.
3410 4252 3416 4258 ,

178 4281 229 4336 P.
257 4300 272 4335 :
321 4284 643 4346 Συντελέσας
674 4285 800 4348 τοὺς
830 4284 1189 4354 δογματικοὺς
1219 4284 1407 4351 λόγους
1431 4286 1588 4338 ἑπτά.

236 4373 355 4444 Περὶ
379 4374 580 4443 ἀρετῆς
625 4372 970 4443 ἀνθρωπίνης
1024 4373 1181 4440 λόγος
1214 4372 1280 4425 θ’.
1343 4371 1418 4425 De
1473 4376 1664 4427 virtute
1712 4376 1796 4428 hu:

1787 4392 1945 4429 mana
1971 4375 2140 4428 oratio
2190 4391 2347 4428 nona.
2392 4374 2450 4427 P.
2484 4392 2496 4425 :
2560 4370 3026 4440 Θεολογικώτατον
3069 4372 3162 4426 καὶ
3191 4369 3343 4440 φιλο-

179 4461 469 4540 σοφώτατον.
2976 4515 2985 4524 .

239 4555 354 4624 Περὶ
392 4559 603 4626 φύσεως
653 4556 995 4632 ἀνθρωπίνης
1027 4560 1181 4627 λόγος
1211 4566 1261 4615 ι’.
1308 4561 1382 4616 De
1433 4571 1630 4616 natura
1685 4565 1799 4617 hum

1781 4580 1916 4616 uana
1953 4565 2121 4616 oratio
2183 4563 2401 4616 decima.
2459 4562 2517 4614 P.
2551 4577 2563 4612 :
2623 4557 2988 4630 Φιλοσοφήσας
3021 4560 3050 4612 ὁ
3076 4558 3341 4626 θεοσοφώ-

178 4659 311 4709 raro;
339 4653 464 4719 περὶ
487 4655 586 4721 τῆς
607 4651 950 4723 ἀνθρωπίνης
981 4655 1198 4725 ἀρετῆς.

239 4735 354 4807 Περὶ
378 4742 651 4804 εὐτελείας
678 4743 769 4796 τοῦ
804 4746 957 4808 ἐκτὸς
981 4745 1290 4816 ἀνθρώπου,
1322 4747 1415 4798 καὶ
1445 4747 1540 4815 τῆς
1568 4748 1676 4800 τῶν
1697 4765 1799 4816 παρ

1777 4748 1976 4816 ρόντων
2007 4747 2362 4815 ματαιότητος
2390 4746 2542 4810 λόγος
2569 4749 2656 4794 ια’.
2703 4741 2779 4796 De
2816 4733 3219 4811 contemptioue’
3245 4758 3337 4796 ea:-

183 4827 348 4882 terioris
363 4832 606 4894 hominis,
628 4844 675 4886 et
715 4851 888 4889 rerum
913 4839 1247 4904 praesentium
1268 4841 1499 4891 vanitate
1531 4842 1697 4892 oratio
1734 4857 1743 4891 ι

1531 4842 1697 4892 oratio
1734 4839 2026 4893 undecima.
2052 4839 2110 4892 P.
2142 4856 2156 4890 :
2182 4839 2314 4906 Περὶ
2339 4839 2434 4907 τῆς
2464 4835 2805 4907 ἀνθρωπίνης
2829 4835 3060 4904 φύσεως.

237 4921 353 4992 Περὶ
384 4925 491 4978 τῶν
524 4927 844 4994 φθασάντων
869 4931 1212 5000 μακαρισμοὶ
1240 4933 1329 4983 καὶ
1351 4933 1464 5000 ὅροι
1486 4948 1794 5000 πνευματικ

1774 4931 1857 4984 ιοῦ
1905 4931 2021 5000 βίου
2054 4931 2205 4996 λόγος
2235 4929 2318 4999 ιβ’.
2370 4929 2442 4981 De
2483 4929 2882 4981 beatitudinibus
2928 4937 2979 4981 et
3011 4928 3334 4995 ﬁnitionibus

183 5015 275 5067 vita
302 5021 583 5084 spiritualis
609 5023 776 5075 oratio
813 5022 1134 5077 duodecima.
1178 5023 1238 5077 P.
1271 5042 1283 5076 :
1351 5023 1649 5085 Ταλανίσας
1676 5041 1743 5075 κα

1801 5024 2242 5093 κατασμικρύνας
2290 5024 2358 5076 τὰ
2393 5022 2720 5091 ἀνθρώπινα,
2770 5024 2862 5074 καὶ
2903 5023 2971 5075 τὰ
3023 5022 3115 5074 τοῦ
3143 5023 3334 5085 αἰῶνος

185 5107 358 5164 τούτου.

239 5198 557 5273 Γνωμολογία
581 5206 834 5276 δίστιχος,
859 5201 925 5276 ἦς
970 5207 1337 5277 ἡάκροστιχὶς
1384 5207 1541 5276 αὕτη.
1576 5205 1799 5281 sententi

1770 5209 1854 5262 tia:
1884 5207 2110 5260 distichis
2165 5207 2427 5270 exposita,
2472 5221 2694 5273 quarum
2745 5208 2854 5259 haec
2895 5214 2968 5259 est
3007 5205 3328 5258 acroslichis.

189 5291 368 5366 Γνῶμαι
395 5301 712 5374 Γρηγορίου,
739 5313 845 5359 etc.

245 5390 559 5464 Γνωμο).ογία
595 5395 965 5466 τετράστιχος.
995 5395 1275 5451 Sententia:
1311 5398 1620 5451 tetrastichis
1659 5413 1805 5466 exprt

1768 5412 1930 5450 ressw.
2000 5395 2297 5464 Γρηγορίου
2338 5393 2493 5453 πόνος
2519 5391 2654 5459 εἰμί,
2679 5401 2784 5446 etc.
2842 5393 2899 5445 P.
2932 5406 2945 5441 :
3005 5387 3328 5456 Ἐϐουλόμην

194 5489 488 5557 μακροτέρας
511 5489 687 5556 λόγων
721 5488 1115 5557 πραγματείας.
1169 5489 1230 5542 Et
1267 5489 1404 5540 hanc
1439 5504 1590 5540 suam
1624 5503 1754 5556 expc

1766 5489 2016 5541 sitionem
2049 5503 2152 5540 non
2188 5486 2323 5538 ultra
2348 5484 2589 5537 Nieetam
2613 5483 2940 5545 extendisse,
2968 5479 3240 5547 colligitur
3261 5495 3325 5532 ex

195 5575 279 5632 line
304 5581 452 5652 hujus
477 5595 764 5653 postremae
785 5583 1155 5652 expositionis,
1193 5584 1285 5637 ubi
1330 5586 1442 5636 haec
1506 5583 1667 5636 habet
1694 5601 1706 5635 :

1785 5583 2111 5651 Ἐϐουλόμην
2161 5581 2497 5649 μακροτέρας
2542 5579 2713 5647 λόγων
2749 5575 3122 5645 πραγματείας
3161 5591 3328 5631 κατα-

254 5753 316 5825 (a)
341 5758 499 5831 Hujus
524 5761 1282 5848 interpretationisspecimen
1326 5775 1424 5818 nos
1447 5776 1512 5816 ex
1542 5759 1663 5815 cod.
1685 5761 1803 5818 Vat.
1830 5758 2097 5814 edidimus
2128 5756 2180 5810 in
2210 5716 2396 5826 spicit.
2430 5773 2562 5813 rom.
2595 5766 2631 5811 t.
2668 5758 2728 5823 γ,
2753 5770 2804 5826 p.
2835 5746 2934 5807 579
2965 5751 3142 5810 -401
3174 5752 3238 5810 Α.
3258 5753 3329 5814 M.
