  <div class='ocr_page' id='page_1' title='image "/cluster/home/n/w/nwhite01/storage/ocr_20150623/105/pst.000005714155/015.png"; bbox 0 0 3950 6320; ppageno 0'>
   <div class='ocr_carea' id='block_1_1' title="bbox 593 294 2153 369">
    <p class='ocr_par' dir='ltr' id='par_1_1' title="bbox 593 294 2153 369">
     <span class='ocr_line' id='line_1_1' title="bbox 593 294 2153 369; baseline -0.001 -6"><span class='ocrx_word' id='word_1_1' title='bbox 593 294 663 363; x_wconf 81' lang='grc'><strong><em>15</em></strong></span> <span class='ocrx_word' id='word_1_2' title='bbox 1222 349 1261 369; x_wconf 63' lang='grc' dir='ltr'>ρ</span> <span class='ocrx_word' id='word_1_3' title='bbox 1771 300 2061 366; x_wconf 68' lang='grc' dir='ltr'><strong><em>ΝΙΟΕΤᾸΞ</em></strong></span> <span class='ocrx_word' id='word_1_4' title='bbox 2098 302 2153 362; x_wconf 43' lang='lat' dir='ltr'><strong><em>Pr</em></strong></span> 
     </span>
    </p>
   </div>
   <div class='ocr_carea' id='block_1_2' title="bbox 2242 294 3802 369">
    <p class='ocr_par' dir='ltr' id='par_1_2' title="bbox 2242 296 3802 364">
     <span class='ocr_line' id='line_1_2' title="bbox 2242 296 3802 364; baseline -0.002 0"><span class='ocrx_word' id='word_1_5' title='bbox 2242 301 2618 364; x_wconf 73' lang='lat' dir='ltr'><strong><em>HLAGONIS</em></strong></span> <span class='ocrx_word' id='word_1_6' title='bbox 3731 296 3802 362; x_wconf 81' lang='grc'><strong><em>16</em></strong></span> 
     </span>
    </p>
   </div>
   <div class='ocr_carea' id='block_1_3' title="bbox 584 413 3786 487">
    <p class='ocr_par' dir='ltr' id='par_1_3' title="bbox 584 413 3786 487">
     <span class='ocr_line' id='line_1_3' title="bbox 584 413 3786 487; baseline 0 -18"><span class='ocrx_word' id='word_1_7' title='bbox 584 413 889 483; x_wconf 83' lang='grc' dir='ltr'>τεινόμενος</span> <span class='ocrx_word' id='word_1_8' title='bbox 916 414 1050 487; x_wconf 81' lang='grc' dir='ltr'>πρὸς</span> <span class='ocrx_word' id='word_1_9' title='bbox 1075 414 1311 486; x_wconf 78' lang='grc' dir='ltr'>ἑκάστην</span> <span class='ocrx_word' id='word_1_10' title='bbox 1356 413 1609 470; x_wconf 76' lang='grc' dir='ltr'>ὑπόθεσιν</span> <span class='ocrx_word' id='word_1_11' title='bbox 1637 415 1746 471; x_wconf 86' lang='grc' dir='ltr'><strong><em>τῶν</em></strong></span> <span class='ocrx_word' id='word_1_12' title='bbox 1775 417 2063 487; x_wconf 73' lang='grc' dir='ltr'><strong><em>ἐμμέτρων</em></strong></span> <span class='ocrx_word' id='word_1_13' title='bbox 2092 416 2237 469; x_wconf 86' lang='grc' dir='ltr'>ἐπῶν</span> <span class='ocrx_word' id='word_1_14' title='bbox 2280 416 2375 469; x_wconf 91' lang='grc' dir='ltr'><strong><em>τοῦ</em></strong></span> <span class='ocrx_word' id='word_1_15' title='bbox 2412 415 2669 483; x_wconf 86' lang='grc' dir='ltr'>Θεολόγου</span> <span class='ocrx_word' id='word_1_16' title='bbox 2696 413 2793 484; x_wconf 80' lang='grc' dir='ltr'>τὴν</span> <span class='ocrx_word' id='word_1_17' title='bbox 2826 414 3169 486; x_wconf 76' lang='grc' dir='ltr'><strong><em>ἁρμόζουσαν</em></strong></span> <span class='ocrx_word' id='word_1_18' title='bbox 3201 414 3460 485; x_wconf 79' lang='grc' dir='ltr'><strong><em>ἐξήγησιν</em></strong></span> <span class='ocrx_word' id='word_1_19' title='bbox 3512 413 3786 481; x_wconf 82' lang='grc' dir='ltr'>ἀνατάξα-</span> 
     </span>
    </p>
   </div>
   <div class='ocr_carea' id='block_1_4' title="bbox 581 502 3799 582">
    <p class='ocr_par' dir='ltr' id='par_1_4' title="bbox 581 502 3799 582">
     <span class='ocr_line' id='line_1_4' title="bbox 581 502 3799 582; baseline 0.001 -22"><span class='ocrx_word' id='word_1_20' title='bbox 581 508 725 574; x_wconf 83' lang='grc' dir='ltr'><strong>σθαι,</strong></span> <span class='ocrx_word' id='word_1_21' title='bbox 751 508 886 578; x_wconf 82' lang='grc' dir='ltr'>ὁμοῦ</span> <span class='ocrx_word' id='word_1_22' title='bbox 914 510 1013 579; x_wconf 89' lang='grc' dir='ltr'><strong><em>μέν</em></strong></span> <span class='ocrx_word' id='word_1_23' title='bbox 1044 510 1266 581; x_wconf 79' lang='grc' dir='ltr'><strong><em>ἐμαυτῷ</em></strong></span> <span class='ocrx_word' id='word_1_24' title='bbox 1294 512 1662 582; x_wconf 76' lang='grc' dir='ltr'><strong><em>χαριζόμενος,</em></strong></span> <span class='ocrx_word' id='word_1_25' title='bbox 1698 510 2221 582; x_wconf 76' lang='grc' dir='ltr'>ἐγκαλλωπιζομένῳ</span> <span class='ocrx_word' id='word_1_26' title='bbox 2239 513 2350 574; x_wconf 85' lang='grc' dir='ltr'>τοῖς</span> <span class='ocrx_word' id='word_1_27' title='bbox 2373 512 2469 579; x_wconf 84' lang='grc' dir='ltr'>τῆς</span> <span class='ocrx_word' id='word_1_28' title='bbox 2494 508 2700 563; x_wconf 82' lang='grc' dir='ltr'>ἐκείνου</span> <span class='ocrx_word' id='word_1_29' title='bbox 2731 502 3082 579; x_wconf 76' lang='grc' dir='ltr'><strong><em>μεγαλονοίας</em></strong></span> <span class='ocrx_word' id='word_1_30' title='bbox 3104 510 3466 581; x_wconf 80' lang='grc' dir='ltr'>θεωρήμασιν·</span> <span class='ocrx_word' id='word_1_31' title='bbox 3496 508 3591 563; x_wconf 79' lang='grc' dir='ltr'><strong><em>καὶ</em></strong></span> <span class='ocrx_word' id='word_1_32' title='bbox 3614 509 3799 563; x_wconf 79' lang='grc' dir='ltr'>θεολο-</span> 
     </span>
    </p>
   </div>
   <div class='ocr_carea' id='block_1_5' title="bbox 578 599 3800 675">
    <p class='ocr_par' dir='ltr' id='par_1_5' title="bbox 578 599 3800 675">
     <span class='ocr_line' id='line_1_5' title="bbox 578 599 3800 675; baseline 0.001 -23"><span class='ocrx_word' id='word_1_33' title='bbox 578 599 817 669; x_wconf 71' lang='grc' dir='ltr'>γήμασσν</span> <span class='ocrx_word' id='word_1_34' title='bbox 830 600 963 670; x_wconf 83' lang='grc' dir='ltr'>ὁμοῦ</span> <span class='ocrx_word' id='word_1_35' title='bbox 995 599 1055 654; x_wconf 80' lang='grc' dir='ltr'><strong><em>δέ</em></strong></span> <span class='ocrx_word' id='word_1_36' title='bbox 1068 601 1161 655; x_wconf 65' lang='grc' dir='ltr'><strong><em>καὶ</em></strong></span> <span class='ocrx_word' id='word_1_37' title='bbox 1187 606 1296 666; x_wconf 82' lang='grc' dir='ltr'>τοῖς</span> <span class='ocrx_word' id='word_1_38' title='bbox 1325 602 1544 656; x_wconf 70' lang='grc' dir='ltr'>ὄπισθεν</span> <span class='ocrx_word' id='word_1_39' title='bbox 1568 603 1737 656; x_wconf 88' lang='grc' dir='ltr'>ίοῦσιν</span> <span class='ocrx_word' id='word_1_40' title='bbox 1766 605 2028 674; x_wconf 80' lang='grc' dir='ltr'>ὠφέλειαν</span> <span class='ocrx_word' id='word_1_41' title='bbox 2041 604 2160 666; x_wconf 85' lang='grc' dir='ltr'>ταῖς</span> <span class='ocrx_word' id='word_1_42' title='bbox 2187 603 2532 675; x_wconf 75' lang='grc' dir='ltr'>περὶτούτων</span> <span class='ocrx_word' id='word_1_43' title='bbox 2550 602 2881 672; x_wconf 66' lang='grc' dir='ltr'>ἀδελεσχίαις</span> <span class='ocrx_word' id='word_1_44' title='bbox 2898 600 3363 673; x_wconf 78' lang='grc' dir='ltr'>προμηθούμενοςο</span> <span class='ocrx_word' id='word_1_45' title='bbox 3383 600 3540 670; x_wconf 90' lang='grc' dir='ltr'>ἀλλης</span> <span class='ocrx_word' id='word_1_46' title='bbox 3554 600 3611 653; x_wconf 75' lang='grc' dir='ltr'><strong><em>δέ</em></strong></span> <span class='ocrx_word' id='word_1_47' title='bbox 3645 602 3800 670; x_wconf 83' lang='grc' dir='ltr'>βασι-</span> 
     </span>
    </p>
   </div>
   <div class='ocr_carea' id='block_1_6' title="bbox 585 691 3798 767">
    <p class='ocr_par' dir='ltr' id='par_1_6' title="bbox 585 691 3798 767">
     <span class='ocr_line' id='line_1_6' title="bbox 585 691 3798 767; baseline 0 -24"><span class='ocrx_word' id='word_1_48' title='bbox 585 692 1142 765; x_wconf 34' lang='grc' dir='ltr'>λικῆς-ὑπομνησθεὶς</span> <span class='ocrx_word' id='word_1_49' title='bbox 1157 695 1251 749; x_wconf 77' lang='grc' dir='ltr'><strong><em>καὶ</em></strong></span> <span class='ocrx_word' id='word_1_50' title='bbox 1278 696 1543 765; x_wconf 82' lang='grc' dir='ltr'><strong><em>πατρικῆς</em></strong></span> <span class='ocrx_word' id='word_1_51' title='bbox 1565 696 1800 767; x_wconf 75' lang='grc' dir='ltr'>ἐντολῆς,</span> <span class='ocrx_word' id='word_1_52' title='bbox 1844 698 1937 750; x_wconf 83' lang='grc' dir='ltr'><strong><em>Υἱέ</em></strong></span> <span class='ocrx_word' id='word_1_53' title='bbox 1948 713 2087 765; x_wconf 83' lang='grc' dir='ltr'>μου,</span> <span class='ocrx_word' id='word_1_54' title='bbox 2113 694 2373 762; x_wconf 71' lang='grc' dir='ltr'><strong><em>φύλαξαι</em></strong></span> <span class='ocrx_word' id='word_1_55' title='bbox 2399 693 2505 748; x_wconf 87' lang='grc' dir='ltr'><strong><em>τοῦ</em></strong></span> <span class='ocrx_word' id='word_1_56' title='bbox 2542 691 2784 761; x_wconf 80' lang='grc' dir='ltr'>ποιῆσαι</span> <span class='ocrx_word' id='word_1_57' title='bbox 2814 694 3024 758; x_wconf 70' lang='grc' dir='ltr'>,ϐιλλία</span> <span class='ocrx_word' id='word_1_58' title='bbox 3049 692 3270 755; x_wconf 75' lang='grc' dir='ltr'>πολλὰ,</span> <span class='ocrx_word' id='word_1_59' title='bbox 3295 691 3798 761; x_wconf 54' lang='grc' dir='ltr'>παραγγελλοιὴηςο</span> 
     </span>
    </p>
   </div>
   <div class='ocr_carea' id='block_1_7' title="bbox 582 782 3792 859">
    <p class='ocr_par' dir='ltr' id='par_1_7' title="bbox 582 782 3792 859">
     <span class='ocr_line' id='line_1_7' title="bbox 582 782 3792 859; baseline 0 -24"><span class='ocrx_word' id='word_1_60' title='bbox 582 783 676 836; x_wconf 76' lang='grc' dir='ltr'><strong><em>καὶ</em></strong></span> <span class='ocrx_word' id='word_1_61' title='bbox 702 782 762 837; x_wconf 84' lang='grc' dir='ltr'><strong><em>τὺ</em></strong></span> <span class='ocrx_word' id='word_1_62' title='bbox 797 785 966 837; x_wconf 73' lang='grc' dir='ltr'>αἰτιον</span> <span class='ocrx_word' id='word_1_63' title='bbox 1009 787 1408 856; x_wconf 78' lang='grc' dir='ltr'>ἐπαγαγούσης,</span> <span class='ocrx_word' id='word_1_64' title='bbox 1440 786 1532 839; x_wconf 89' lang='grc' dir='ltr'><strong><em>τοῦ</em></strong></span> <span class='ocrx_word' id='word_1_65' title='bbox 1568 788 1642 859; x_wconf 85' lang='grc' dir='ltr'>μὴ</span> <span class='ocrx_word' id='word_1_66' title='bbox 1677 784 1814 842; x_wconf 77' lang='grc' dir='ltr'>εἶναι</span> <span class='ocrx_word' id='word_1_67' title='bbox 1840 784 2117 857; x_wconf 80' lang='grc' dir='ltr'>περαομὺν</span> <span class='ocrx_word' id='word_1_68' title='bbox 2144 784 2524 854; x_wconf 70' lang='grc' dir='ltr'>ῆισυντὲλειαν</span> <span class='ocrx_word' id='word_1_69' title='bbox 2544 785 2651 837; x_wconf 84' lang='grc' dir='ltr'>τῶν</span> <span class='ocrx_word' id='word_1_70' title='bbox 2668 785 3054 854; x_wconf 76' lang='grc' dir='ltr'><strong><em>συνταγμάτων</em></strong></span> <span class='ocrx_word' id='word_1_71' title='bbox 3098 786 3195 855; x_wconf 85' lang='grc' dir='ltr'>τῆς</span> <span class='ocrx_word' id='word_1_72' title='bbox 3216 783 3440 852; x_wconf 78' lang='grc' dir='ltr'><strong><em>ἀπείρου</em></strong></span> <span class='ocrx_word' id='word_1_73' title='bbox 3471 783 3658 852; x_wconf 80' lang='grc' dir='ltr'>σοφίας</span> <span class='ocrx_word' id='word_1_74' title='bbox 3691 783 3792 837; x_wconf 83' lang='grc' dir='ltr'><strong><em>τοῦ</em></strong></span> 
     </span>
    </p>
   </div>
   <div class='ocr_carea' id='block_1_8' title="bbox 575 867 3782 950">
    <p class='ocr_par' dir='ltr' id='par_1_8' title="bbox 575 867 3782 950">
     <span class='ocr_line' id='line_1_8' title="bbox 575 867 3782 950; baseline 0.001 -24"><span class='ocrx_word' id='word_1_75' title='bbox 575 874 728 939; x_wconf 85' lang='grc' dir='ltr'><strong><em>Θεοῦ,</em></strong></span> <span class='ocrx_word' id='word_1_76' title='bbox 751 876 845 929; x_wconf 77' lang='grc' dir='ltr'>καὶ</span> <span class='ocrx_word' id='word_1_77' title='bbox 871 876 1109 929; x_wconf 77' lang='grc' dir='ltr'>κόπωσιν</span> <span class='ocrx_word' id='word_1_78' title='bbox 1143 877 1239 946; x_wconf 84' lang='grc' dir='ltr'>μὲν</span> <span class='ocrx_word' id='word_1_79' title='bbox 1276 878 1537 949; x_wconf 81' lang='grc' dir='ltr'><strong><em>λεγούσης</em></strong></span> <span class='ocrx_word' id='word_1_80' title='bbox 1559 879 1735 950; x_wconf 73' lang='grc' dir='ltr'>ψυχῆς</span> <span class='ocrx_word' id='word_1_81' title='bbox 1762 878 1855 933; x_wconf 76' lang='grc' dir='ltr'><strong><em>καὶ</em></strong></span> <span class='ocrx_word' id='word_1_82' title='bbox 1886 877 2089 947; x_wconf 81' lang='grc' dir='ltr'>σαρκὸς</span> <span class='ocrx_word' id='word_1_83' title='bbox 2123 874 2221 944; x_wconf 74' lang='grc' dir='ltr'>τὴν</span> <span class='ocrx_word' id='word_1_84' title='bbox 2248 878 2510 948; x_wconf 82' lang='grc' dir='ltr'>ἀμετρίαν</span> <span class='ocrx_word' id='word_1_85' title='bbox 2542 877 2804 948; x_wconf 82' lang='grc' dir='ltr'>ὑπάρχειν</span> <span class='ocrx_word' id='word_1_86' title='bbox 2848 878 2943 947; x_wconf 84' lang='grc' dir='ltr'>τῆς</span> <span class='ocrx_word' id='word_1_87' title='bbox 2974 878 3224 947; x_wconf 77' lang='grc' dir='ltr'>μελέτης,</span> <span class='ocrx_word' id='word_1_88' title='bbox 3257 877 3355 947; x_wconf 85' lang='grc' dir='ltr'>τὴν</span> <span class='ocrx_word' id='word_1_89' title='bbox 3391 876 3488 930; x_wconf 79' lang='grc' dir='ltr'>ἀπ’</span> <span class='ocrx_word' id='word_1_90' title='bbox 3520 867 3693 945; x_wconf 73' lang='grc' dir='ltr'>αὐτῆς</span> <span class='ocrx_word' id='word_1_91' title='bbox 3719 876 3782 929; x_wconf 76' lang='grc' dir='ltr'><strong><em>δὲ</em></strong></span> 
     </span>
    </p>
   </div>
   <div class='ocr_carea' id='block_1_9' title="bbox 575 966 3794 1043">
    <p class='ocr_par' dir='ltr' id='par_1_9' title="bbox 575 966 3794 1043">
     <span class='ocr_line' id='line_1_9' title="bbox 575 966 3794 1043; baseline 0.001 -26"><span class='ocrx_word' id='word_1_92' title='bbox 575 966 863 1035; x_wconf 81' lang='grc' dir='ltr'>ὠφέλειαν,</span> <span class='ocrx_word' id='word_1_93' title='bbox 885 968 977 1019; x_wconf 77' lang='grc' dir='ltr'><strong><em>καὶ</em></strong></span> <span class='ocrx_word' id='word_1_94' title='bbox 1001 968 1179 1037; x_wconf 79' lang='grc' dir='ltr'>πάσης</span> <span class='ocrx_word' id='word_1_95' title='bbox 1201 966 1551 1023; x_wconf 79' lang='grc' dir='ltr'>Θεοπνεύστου</span> <span class='ocrx_word' id='word_1_96' title='bbox 1579 971 1802 1043; x_wconf 79' lang='grc' dir='ltr'>Γραφῆς</span> <span class='ocrx_word' id='word_1_97' title='bbox 1823 970 2053 1041; x_wconf 79' lang='grc' dir='ltr'>δύναμιν</span> <span class='ocrx_word' id='word_1_98' title='bbox 2072 971 2151 1033; x_wconf 86' lang='grc' dir='ltr'><strong><em>είς</em></strong></span> <span class='ocrx_word' id='word_1_99' title='bbox 2178 969 2267 1023; x_wconf 77' lang='grc' dir='ltr'>τὸν</span> <span class='ocrx_word' id='word_1_100' title='bbox 2290 968 2382 1023; x_wconf 83' lang='grc' dir='ltr'><strong><em>τοῦ</em></strong></span> <span class='ocrx_word' id='word_1_101' title='bbox 2402 968 2535 1022; x_wconf 86' lang='grc' dir='ltr'>Θεοῦ</span> <span class='ocrx_word' id='word_1_102' title='bbox 2565 968 2746 1038; x_wconf 76' lang='grc' dir='ltr'>φόϐον,</span> <span class='ocrx_word' id='word_1_103' title='bbox 2768 970 2860 1028; x_wconf 74' lang='grc' dir='ltr'><strong><em>καὶ</em></strong></span> <span class='ocrx_word' id='word_1_104' title='bbox 2894 972 2989 1040; x_wconf 82' lang='grc' dir='ltr'>τῆς</span> <span class='ocrx_word' id='word_1_105' title='bbox 3024 970 3241 1040; x_wconf 84' lang='grc' dir='ltr'>ἐντολῆς</span> <span class='ocrx_word' id='word_1_106' title='bbox 3265 971 3496 1043; x_wconf 83' lang='grc' dir='ltr'>τήρησιν</span> <span class='ocrx_word' id='word_1_107' title='bbox 3513 986 3794 1039; x_wconf 80' lang='grc' dir='ltr'>συγκεφα-</span> 
     </span>
    </p>
   </div>
   <div class='ocr_carea' id='block_1_10' title="bbox 576 1057 3797 1133">
    <p class='ocr_par' dir='ltr' id='par_1_10' title="bbox 576 1057 3797 1133">
     <span class='ocr_line' id='line_1_10' title="bbox 576 1057 3797 1133; baseline 0.003 -27"><span class='ocrx_word' id='word_1_108' title='bbox 576 1057 924 1127; x_wconf 81' lang='grc' dir='ltr'>λαιουμένους</span> <span class='ocrx_word' id='word_1_109' title='bbox 964 1060 1162 1127; x_wconf 80' lang='grc' dir='ltr'>ἐξεῖναι</span> <span class='ocrx_word' id='word_1_110' title='bbox 1198 1061 1378 1115; x_wconf 76' lang='grc' dir='ltr'>λαϐεῖν</span> <span class='ocrx_word' id='word_1_111' title='bbox 1411 1077 1425 1090; x_wconf 92' lang='grc'><strong>·</strong></span> <span class='ocrx_word' id='word_1_112' title='bbox 1473 1062 1759 1131; x_wconf 83' lang='grc' dir='ltr'>τοιγαροῦν</span> <span class='ocrx_word' id='word_1_113' title='bbox 1783 1064 1880 1131; x_wconf 82' lang='grc' dir='ltr'>τῆς</span> <span class='ocrx_word' id='word_1_114' title='bbox 1902 1061 2273 1133; x_wconf 85' lang='grc' dir='ltr'>παραγγελίας</span> <span class='ocrx_word' id='word_1_115' title='bbox 2322 1058 2523 1131; x_wconf 80' lang='grc' dir='ltr'>ταύτης</span> <span class='ocrx_word' id='word_1_116' title='bbox 2549 1061 2977 1132; x_wconf 83' lang='grc' dir='ltr'>ἀκροασάμενος,</span> <span class='ocrx_word' id='word_1_117' title='bbox 3014 1061 3363 1133; x_wconf 79' lang='grc' dir='ltr'>ἐφυλαξάμην</span> <span class='ocrx_word' id='word_1_118' title='bbox 3422 1063 3514 1116; x_wconf 76' lang='grc' dir='ltr'>ἐπὶ</span> <span class='ocrx_word' id='word_1_119' title='bbox 3542 1062 3797 1117; x_wconf 77' lang='grc' dir='ltr'>πλεῖστον</span> 
     </span>
    </p>
   </div>
   <div class='ocr_carea' id='block_1_11' title="bbox 570 1153 3791 1231">
    <p class='ocr_par' dir='ltr' id='par_1_11' title="bbox 570 1153 3791 1231">
     <span class='ocr_line' id='line_1_11' title="bbox 570 1153 3791 1231; baseline 0.001 -24"><span class='ocrx_word' id='word_1_120' title='bbox 570 1153 670 1223; x_wconf 83' lang='grc' dir='ltr'>τῆς</span> <span class='ocrx_word' id='word_1_121' title='bbox 697 1156 1006 1227; x_wconf 83' lang='grc' dir='ltr'>ἐξηγήσεως</span> <span class='ocrx_word' id='word_1_122' title='bbox 1052 1157 1192 1229; x_wconf 86' lang='grc' dir='ltr'>μετὰ</span> <span class='ocrx_word' id='word_1_123' title='bbox 1218 1158 1317 1228; x_wconf 81' lang='grc' dir='ltr'>τὴν</span> <span class='ocrx_word' id='word_1_124' title='bbox 1362 1158 1472 1212; x_wconf 87' lang='grc' dir='ltr'><strong><em>τῶν</em></strong></span> <span class='ocrx_word' id='word_1_125' title='bbox 1517 1160 1841 1231; x_wconf 73' lang='grc' dir='ltr'>ἀπορρήτων</span> <span class='ocrx_word' id='word_1_126' title='bbox 1895 1158 2181 1229; x_wconf 81' lang='grc' dir='ltr'>ἐπίσκεψιν</span> <span class='ocrx_word' id='word_1_127' title='bbox 2228 1156 2363 1211; x_wconf 73' lang='grc' dir='ltr'>ἱέναι</span> <span class='ocrx_word' id='word_1_128' title='bbox 2392 1174 2409 1189; x_wconf 90' lang='grc'><strong>·</strong></span> <span class='ocrx_word' id='word_1_129' title='bbox 2444 1156 2756 1211; x_wconf 86' lang='grc' dir='ltr'>τελευταίαν</span> <span class='ocrx_word' id='word_1_130' title='bbox 2793 1155 2848 1209; x_wconf 81' lang='grc' dir='ltr'><strong><em>δὲ</em></strong></span> <span class='ocrx_word' id='word_1_131' title='bbox 2895 1157 3005 1211; x_wconf 84' lang='grc' dir='ltr'><strong><em>τῶν</em></strong></span> <span class='ocrx_word' id='word_1_132' title='bbox 3035 1160 3403 1228; x_wconf 82' lang='grc' dir='ltr'>τετραστίχων</span> <span class='ocrx_word' id='word_1_133' title='bbox 3457 1156 3660 1211; x_wconf 83' lang='grc' dir='ltr'>τούτων</span> <span class='ocrx_word' id='word_1_134' title='bbox 3684 1158 3791 1229; x_wconf 82' lang='grc' dir='ltr'>τὴν</span> 
     </span>
    </p>
   </div>
   <div class='ocr_carea' id='block_1_12' title="bbox 574 1249 3790 1324">
    <p class='ocr_par' dir='ltr' id='par_1_12' title="bbox 574 1249 3790 1324">
     <span class='ocr_line' id='line_1_12' title="bbox 574 1249 3790 1324; baseline -0 -19"><span class='ocrx_word' id='word_1_135' title='bbox 574 1249 864 1320; x_wconf 78' lang='grc' dir='ltr'>ὁμολογίαν</span> <span class='ocrx_word' id='word_1_136' title='bbox 908 1250 1271 1323; x_wconf 85' lang='grc' dir='ltr'>ἀποχρώντως</span> <span class='ocrx_word' id='word_1_137' title='bbox 1325 1253 1471 1323; x_wconf 78' lang='grc' dir='ltr'>ἡμᾶς</span> <span class='ocrx_word' id='word_1_138' title='bbox 1513 1252 1895 1323; x_wconf 79' lang='grc' dir='ltr'>οἰκοδομούσης</span> <span class='ocrx_word' id='word_1_139' title='bbox 1958 1252 2101 1324; x_wconf 38' lang='grc' dir='ltr'>πρός,</span> <span class='ocrx_word' id='word_1_140' title='bbox 2142 1269 2202 1305; x_wconf 87' lang='grc' dir='ltr'><strong><em>τε</em></strong></span> <span class='ocrx_word' id='word_1_141' title='bbox 2254 1251 2486 1323; x_wconf 78' lang='grc' dir='ltr'>θεωρίαν</span> <span class='ocrx_word' id='word_1_142' title='bbox 2540 1251 2637 1305; x_wconf 77' lang='grc' dir='ltr'><strong><em>καὶ</em></strong></span> <span class='ocrx_word' id='word_1_143' title='bbox 2705 1252 2905 1323; x_wconf 77' lang='grc' dir='ltr'>πρᾶξιν</span> <span class='ocrx_word' id='word_1_144' title='bbox 2957 1250 3362 1323; x_wconf 79' lang='grc' dir='ltr'>ἐξηγησάμενος</span> <span class='ocrx_word' id='word_1_145' title='bbox 3430 1250 3790 1305; x_wconf 81' lang='grc' dir='ltr'>καταπαύσω·</span> 
     </span>
    </p>
   </div>
   <div class='ocr_carea' id='block_1_13' title="bbox 572 1341 3793 1416">
    <p class='ocr_par' dir='ltr' id='par_1_13' title="bbox 572 1341 3793 1416">
     <span class='ocr_line' id='line_1_13' title="bbox 572 1341 3793 1416; baseline 0.001 -20"><span class='ocrx_word' id='word_1_146' title='bbox 572 1341 703 1398; x_wconf 73' lang='lat' dir='ltr'><strong><em>Mihi</em></strong></span> <span class='ocrx_word' id='word_1_147' title='bbox 735 1344 790 1397; x_wconf 90' lang='lat' dir='ltr'><strong><em>in</em></strong></span> <span class='ocrx_word' id='word_1_148' title='bbox 815 1344 993 1401; x_wconf 86' lang='lat' dir='ltr'><strong><em>animo</em></strong></span> <span class='ocrx_word' id='word_1_149' title='bbox 1021 1352 1133 1398; x_wconf 89' lang='lat' dir='ltr'><strong><em>erat</em></strong></span> <span class='ocrx_word' id='word_1_150' title='bbox 1167 1346 1430 1415; x_wconf 72' lang='lat' dir='ltr'><strong><em>diﬂ&#39;usiore</em></strong></span> <span class='ocrx_word' id='word_1_151' title='bbox 1456 1346 1709 1399; x_wconf 89' lang='lat' dir='ltr'><strong><em>sermonis</em></strong></span> <span class='ocrx_word' id='word_1_152' title='bbox 1739 1347 1934 1399; x_wconf 77' lang='lat' dir='ltr'><strong><em>ambitu</em></strong></span> <span class='ocrx_word' id='word_1_153' title='bbox 1967 1345 2037 1399; x_wconf 96' lang='lat' dir='ltr'><strong><em>ad</em></strong></span> <span class='ocrx_word' id='word_1_154' title='bbox 2062 1356 2374 1415; x_wconf 86' lang='lat' dir='ltr'><strong><em>argumenta</em></strong></span> <span class='ocrx_word' id='word_1_155' title='bbox 2398 1344 2609 1416; x_wconf 85' lang='lat' dir='ltr'><strong><em>singula</em></strong></span> <span class='ocrx_word' id='word_1_156' title='bbox 2639 1346 2930 1399; x_wconf 76' lang='lat' dir='ltr'><strong><em>caminum</em></strong></span> <span class='ocrx_word' id='word_1_157' title='bbox 2958 1344 3197 1416; x_wconf 74' lang='lat' dir='ltr'><strong><em>Theologi</em></strong></span> <span class='ocrx_word' id='word_1_158' title='bbox 3241 1345 3601 1399; x_wconf 78' lang='lat' dir='ltr'><strong><em>eondecentem</em></strong></span> <span class='ocrx_word' id='word_1_159' title='bbox 3626 1361 3793 1415; x_wconf 74' lang='lat' dir='ltr'><strong><em>expo-</em></strong></span> 
     </span>
    </p>
   </div>
   <div class='ocr_carea' id='block_1_14' title="bbox 570 1440 3789 1512">
    <p class='ocr_par' dir='ltr' id='par_1_14' title="bbox 570 1440 3789 1512">
     <span class='ocr_line' id='line_1_14' title="bbox 570 1440 3789 1512; baseline -0 -18"><span class='ocrx_word' id='word_1_160' title='bbox 570 1440 812 1494; x_wconf 72' lang='lat' dir='ltr'><strong><em>sitionem</em></strong></span> <span class='ocrx_word' id='word_1_161' title='bbox 836 1455 1116 1510; x_wconf 89' lang='lat' dir='ltr'><strong><em>apponere,</em></strong></span> <span class='ocrx_word' id='word_1_162' title='bbox 1171 1448 1281 1494; x_wconf 89' lang='lat' dir='ltr'><strong><em>tum</em></strong></span> <span class='ocrx_word' id='word_1_163' title='bbox 1305 1440 1430 1494; x_wconf 83' lang='lat' dir='ltr'><strong><em>mihi</em></strong></span> <span class='ocrx_word' id='word_1_164' title='bbox 1456 1450 1651 1496; x_wconf 89' lang='lat' dir='ltr'><strong><em>morem</em></strong></span> <span class='ocrx_word' id='word_1_165' title='bbox 1691 1455 1895 1511; x_wconf 87' lang='lat' dir='ltr'><strong><em>gerens,</em></strong></span> <span class='ocrx_word' id='word_1_166' title='bbox 1944 1440 2191 1511; x_wconf 88' lang='lat' dir='ltr'><strong><em>quiillius</em></strong></span> <span class='ocrx_word' id='word_1_167' title='bbox 2232 1444 2470 1512; x_wconf 80' lang='lat' dir='ltr'><strong><em>gravium</em></strong></span> <span class='ocrx_word' id='word_1_168' title='bbox 2490 1452 2541 1496; x_wconf 93' lang='lat' dir='ltr'><strong><em>et</em></strong></span> <span class='ocrx_word' id='word_1_169' title='bbox 2571 1440 3017 1512; x_wconf 79' lang='lat' dir='ltr'><strong><em>amplissimarum</em></strong></span> <span class='ocrx_word' id='word_1_170' title='bbox 3040 1443 3421 1497; x_wconf 71' lang='lat' dir='ltr'><strong><em>sententiarum</em></strong></span> <span class='ocrx_word' id='word_1_171' title='bbox 3452 1441 3789 1507; x_wconf 89' lang='lat' dir='ltr'><strong><em>speculatio-</em></strong></span> 
     </span>
    </p>
   </div>
   <div class='ocr_carea' id='block_1_15' title="bbox 569 1530 3787 1606">
    <p class='ocr_par' dir='ltr' id='par_1_15' title="bbox 569 1530 3787 1606">
     <span class='ocr_line' id='line_1_15' title="bbox 569 1530 3787 1606; baseline 0.001 -23"><span class='ocrx_word' id='word_1_172' title='bbox 569 1530 739 1595; x_wconf 90' lang='lat' dir='ltr'><strong><em>nibus,</em></strong></span> <span class='ocrx_word' id='word_1_173' title='bbox 791 1540 839 1583; x_wconf 92' lang='lat' dir='ltr'><strong><em>et</em></strong></span> <span class='ocrx_word' id='word_1_174' title='bbox 900 1532 1231 1586; x_wconf 76' lang='lat' dir='ltr'><strong><em>acuminibus</em></strong></span> <span class='ocrx_word' id='word_1_175' title='bbox 1285 1532 1579 1603; x_wconf 83' lang='lat' dir='ltr'><strong><em>theologicis</em></strong></span> <span class='ocrx_word' id='word_1_176' title='bbox 1619 1534 1744 1588; x_wconf 83' lang='lat' dir='ltr'><strong><em>mihi</em></strong></span> <span class='ocrx_word' id='word_1_177' title='bbox 1781 1534 2096 1605; x_wconf 88' lang='lat' dir='ltr'><strong><em>complaceo,</em></strong></span> <span class='ocrx_word' id='word_1_178' title='bbox 2153 1542 2265 1588; x_wconf 90' lang='lat' dir='ltr'><strong><em>tum</em></strong></span> <span class='ocrx_word' id='word_1_179' title='bbox 2290 1537 2508 1604; x_wconf 89' lang='lat' dir='ltr'><strong><em>posteris</em></strong></span> <span class='ocrx_word' id='word_1_180' title='bbox 2536 1536 2941 1592; x_wconf 75' lang='lat' dir='ltr'><strong><em>emolumentum</em></strong></span> <span class='ocrx_word' id='word_1_181' title='bbox 2982 1537 3124 1589; x_wconf 85' lang='lat' dir='ltr'><strong><em>circa</em></strong></span> <span class='ocrx_word' id='word_1_182' title='bbox 3156 1552 3217 1589; x_wconf 91' lang='lat' dir='ltr'><strong><em>ea</em></strong></span> <span class='ocrx_word' id='word_1_183' title='bbox 3248 1537 3414 1606; x_wconf 89' lang='lat' dir='ltr'><strong><em>magis</em></strong></span> <span class='ocrx_word' id='word_1_184' title='bbox 3445 1550 3787 1606; x_wconf 73' lang='lat' dir='ltr'><strong><em>comparans.</em></strong></span> 
     </span>
    </p>
   </div>
   <div class='ocr_carea' id='block_1_16' title="bbox 574 1622 3792 1700">
    <p class='ocr_par' dir='ltr' id='par_1_16' title="bbox 574 1622 3792 1700">
     <span class='ocr_line' id='line_1_16' title="bbox 574 1622 3792 1700; baseline 0.002 -23"><span class='ocrx_word' id='word_1_185' title='bbox 574 1623 759 1677; x_wconf 81' lang='lat' dir='ltr'><strong><em>Verum</em></strong></span> <span class='ocrx_word' id='word_1_186' title='bbox 786 1622 1001 1678; x_wconf 73' lang='lat' dir='ltr'><strong><em>alterius</em></strong></span> <span class='ocrx_word' id='word_1_187' title='bbox 1034 1624 1233 1679; x_wconf 79' lang='lat' dir='ltr'><strong><em>consilii</em></strong></span> <span class='ocrx_word' id='word_1_188' title='bbox 1259 1627 1563 1681; x_wconf 87' lang='lat' dir='ltr'><strong><em>memoriam</em></strong></span> <span class='ocrx_word' id='word_1_189' title='bbox 1582 1626 1830 1691; x_wconf 73' lang='lat' dir='ltr'><strong><em>recolens,</em></strong></span> <span class='ocrx_word' id='word_1_190' title='bbox 1855 1636 1903 1680; x_wconf 91' lang='lat' dir='ltr'><strong><em>et</em></strong></span> <span class='ocrx_word' id='word_1_191' title='bbox 1933 1627 2062 1698; x_wconf 82' lang='lat' dir='ltr'><strong><em>regii</em></strong></span> <span class='ocrx_word' id='word_1_192' title='bbox 2086 1645 2148 1681; x_wconf 81' lang='lat' dir='ltr'><strong><em>ac</em></strong></span> <span class='ocrx_word' id='word_1_193' title='bbox 2175 1629 2382 1697; x_wconf 91' lang='lat' dir='ltr'><strong><em>paterni</em></strong></span> <span class='ocrx_word' id='word_1_194' title='bbox 2415 1632 2677 1700; x_wconf 84' lang='lat' dir='ltr'><strong><em>pracepti,</em></strong></span> <span class='ocrx_word' id='word_1_195' title='bbox 2713 1650 2732 1682; x_wconf 79' lang='grc' dir='ltr'><strong><em>ι</em></strong></span> <span class='ocrx_word' id='word_1_196' title='bbox 2768 1628 2867 1683; x_wconf 85' lang='lat' dir='ltr'><strong><em>Fili</em></strong></span> <span class='ocrx_word' id='word_1_197' title='bbox 2889 1630 2981 1695; x_wconf 92' lang='lat' dir='ltr'><strong><em>mi,</em></strong></span> <span class='ocrx_word' id='word_1_198' title='bbox 3022 1646 3144 1684; x_wconf 78' lang='lat' dir='ltr'><strong><em>cave</em></strong></span> <span class='ocrx_word' id='word_1_199' title='bbox 3166 1646 3230 1683; x_wconf 89' lang='lat' dir='ltr'><strong><em>ne</em></strong></span> <span class='ocrx_word' id='word_1_200' title='bbox 3257 1630 3446 1684; x_wconf 81' lang='lat' dir='ltr'><strong><em>multos</em></strong></span> <span class='ocrx_word' id='word_1_201' title='bbox 3478 1629 3633 1684; x_wconf 91' lang='lat' dir='ltr'><strong><em>libros</em></strong></span> <span class='ocrx_word' id='word_1_202' title='bbox 3662 1646 3792 1683; x_wconf 77' lang='lat' dir='ltr'><strong><em>con-</em></strong></span> 
     </span>
    </p>
   </div>
   <div class='ocr_carea' id='block_1_17' title="bbox 569 1711 3791 1791">
    <p class='ocr_par' dir='ltr' id='par_1_17' title="bbox 569 1711 3791 1791">
     <span class='ocr_line' id='line_1_17' title="bbox 569 1711 3791 1791; baseline 0.002 -22"><span class='ocrx_word' id='word_1_203' title='bbox 569 1711 859 1781; x_wconf 79' lang='lat' dir='ltr'><strong><em>scripseris,</em></strong></span> <span class='ocrx_word' id='word_1_204' title='bbox 896 1732 914 1764; x_wconf 77' lang='grc' dir='ltr'><strong><em>ι</em></strong></span> <span class='ocrx_word' id='word_1_205' title='bbox 946 1713 1123 1767; x_wconf 85' lang='lat' dir='ltr'><strong><em>sedulo</em></strong></span> <span class='ocrx_word' id='word_1_206' title='bbox 1152 1714 1499 1783; x_wconf 86' lang='lat' dir='ltr'><strong><em>admonentis,</em></strong></span> <span class='ocrx_word' id='word_1_207' title='bbox 1517 1724 1570 1770; x_wconf 86' lang='lat' dir='ltr'><strong><em>et</em></strong></span> <span class='ocrx_word' id='word_1_208' title='bbox 1597 1734 1812 1772; x_wconf 88' lang='lat' dir='ltr'><strong><em>causam</em></strong></span> <span class='ocrx_word' id='word_1_209' title='bbox 1838 1717 2169 1788; x_wconf 72' lang='lat' dir='ltr'><strong><em>proferentis,</em></strong></span> <span class='ocrx_word' id='word_1_210' title='bbox 2199 1720 2336 1789; x_wconf 88' lang='lat' dir='ltr'><strong><em>quod</em></strong></span> <span class='ocrx_word' id='word_1_211' title='bbox 2360 1720 2536 1774; x_wconf 90' lang='lat' dir='ltr'><strong><em>nullus</em></strong></span> <span class='ocrx_word' id='word_1_212' title='bbox 2569 1723 2635 1775; x_wconf 87' lang='lat' dir='ltr'><strong><em>sit</em></strong></span> <span class='ocrx_word' id='word_1_213' title='bbox 2672 1720 2794 1789; x_wconf 76' lang='lat' dir='ltr'><strong><em>ﬁnis</em></strong></span> <span class='ocrx_word' id='word_1_214' title='bbox 2838 1729 2932 1775; x_wconf 89' lang='lat' dir='ltr'><strong><em>aut</em></strong></span> <span class='ocrx_word' id='word_1_215' title='bbox 2960 1722 3209 1775; x_wconf 84' lang='lat' dir='ltr'><strong><em>terminus</em></strong></span> <span class='ocrx_word' id='word_1_216' title='bbox 3252 1722 3672 1791; x_wconf 86' lang='lat' dir='ltr'><strong><em>compositionem</em></strong></span> <span class='ocrx_word' id='word_1_217' title='bbox 3694 1722 3791 1774; x_wconf 88' lang='lat' dir='ltr'><strong><em>in-</em></strong></span> 
     </span>
    </p>
   </div>
   <div class='ocr_carea' id='block_1_18' title="bbox 566 1804 3790 1886">
    <p class='ocr_par' dir='ltr' id='par_1_18' title="bbox 566 1804 3790 1886">
     <span class='ocr_line' id='line_1_18' title="bbox 566 1804 3790 1886; baseline 0.003 -26"><span class='ocrx_word' id='word_1_218' title='bbox 566 1804 733 1872; x_wconf 83' lang='lat' dir='ltr'><strong><em>ﬁnita</em></strong></span> <span class='ocrx_word' id='word_1_219' title='bbox 761 1812 985 1864; x_wconf 88' lang='lat' dir='ltr'><strong><em>numinis</em></strong></span> <span class='ocrx_word' id='word_1_220' title='bbox 1027 1811 1319 1878; x_wconf 89' lang='lat' dir='ltr'><strong><em>sapientia,</em></strong></span> <span class='ocrx_word' id='word_1_221' title='bbox 1346 1823 1397 1865; x_wconf 91' lang='lat' dir='ltr'><strong><em>et</em></strong></span> <span class='ocrx_word' id='word_1_222' title='bbox 1452 1811 1685 1866; x_wconf 85' lang='lat' dir='ltr'><strong><em>laborem</em></strong></span> <span class='ocrx_word' id='word_1_223' title='bbox 1740 1816 2024 1869; x_wconf 84' lang='lat' dir='ltr'><strong><em>asserentis</em></strong></span> <span class='ocrx_word' id='word_1_224' title='bbox 2085 1816 2276 1870; x_wconf 86' lang='lat' dir='ltr'><strong><em>anima</em></strong></span> <span class='ocrx_word' id='word_1_225' title='bbox 2309 1824 2359 1869; x_wconf 89' lang='lat' dir='ltr'><strong><em>et</em></strong></span> <span class='ocrx_word' id='word_1_226' title='bbox 2395 1817 2626 1886; x_wconf 89' lang='lat' dir='ltr'><strong><em>corporis</em></strong></span> <span class='ocrx_word' id='word_1_227' title='bbox 2650 1817 3052 1870; x_wconf 84' lang='lat' dir='ltr'><strong><em>immoderatam</em></strong></span> <span class='ocrx_word' id='word_1_228' title='bbox 3097 1819 3174 1870; x_wconf 88' lang='lat' dir='ltr'><strong><em>rei</em></strong></span> <span class='ocrx_word' id='word_1_229' title='bbox 3224 1816 3614 1870; x_wconf 83' lang='lat' dir='ltr'><strong><em>meditationem</em></strong></span> <span class='ocrx_word' id='word_1_230' title='bbox 3644 1830 3790 1881; x_wconf 85' lang='lat' dir='ltr'><strong><em>esse;</em></strong></span> 
     </span>
    </p>
   </div>
   <div class='ocr_carea' id='block_1_19' title="bbox 567 1898 3784 1981">
    <p class='ocr_par' dir='ltr' id='par_1_19' title="bbox 567 1898 3784 1981">
     <span class='ocr_line' id='line_1_19' title="bbox 567 1898 3784 1981; baseline 0.003 -32"><span class='ocrx_word' id='word_1_231' title='bbox 567 1898 846 1953; x_wconf 89' lang='lat' dir='ltr'><strong><em>utilitatem</em></strong></span> <span class='ocrx_word' id='word_1_232' title='bbox 878 1917 1016 1964; x_wconf 79' lang='lat' dir='ltr'><strong><em>vero,</em></strong></span> <span class='ocrx_word' id='word_1_233' title='bbox 1047 1918 1163 1970; x_wconf 85' lang='lat' dir='ltr'><strong><em>qua</em></strong></span> <span class='ocrx_word' id='word_1_234' title='bbox 1180 1902 1299 1955; x_wconf 87' lang='lat' dir='ltr'><strong><em>inde</em></strong></span> <span class='ocrx_word' id='word_1_235' title='bbox 1325 1905 1674 1981; x_wconf 69' lang='lat' dir='ltr'><strong><em>consequitur,</em></strong></span> <span class='ocrx_word' id='word_1_236' title='bbox 1705 1913 1754 1958; x_wconf 90' lang='lat' dir='ltr'><strong><em>et</em></strong></span> <span class='ocrx_word' id='word_1_237' title='bbox 1808 1906 1966 1959; x_wconf 85' lang='lat' dir='ltr'><strong><em>totius</em></strong></span> <span class='ocrx_word' id='word_1_238' title='bbox 2005 1906 2252 1961; x_wconf 81' lang='lat' dir='ltr'><strong><em>divinitus</em></strong></span> <span class='ocrx_word' id='word_1_239' title='bbox 2311 1906 2586 1975; x_wconf 87' lang='lat' dir='ltr'><strong><em>inspirata</em></strong></span> <span class='ocrx_word' id='word_1_240' title='bbox 2630 1905 2914 1978; x_wconf 86' lang='lat' dir='ltr'><strong><em>Scriptura</em></strong></span> <span class='ocrx_word' id='word_1_241' title='bbox 2946 1907 3262 1977; x_wconf 80' lang='lat' dir='ltr'><strong><em>facultatem</em></strong></span> <span class='ocrx_word' id='word_1_242' title='bbox 3284 1908 3339 1960; x_wconf 88' lang='lat' dir='ltr'><strong><em>in</em></strong></span> <span class='ocrx_word' id='word_1_243' title='bbox 3372 1905 3467 1960; x_wconf 88' lang='lat' dir='ltr'><strong><em>Dei</em></strong></span> <span class='ocrx_word' id='word_1_244' title='bbox 3515 1906 3784 1971; x_wconf 83' lang='lat' dir='ltr'><strong><em>timorem,</em></strong></span> 
     </span>
    </p>
   </div>
   <div class='ocr_carea' id='block_1_20' title="bbox 566 1992 3788 2068">
    <p class='ocr_par' dir='ltr' id='par_1_20' title="bbox 566 1992 3788 2068">
     <span class='ocr_line' id='line_1_20' title="bbox 566 1992 3788 2068; baseline 0.002 -25"><span class='ocrx_word' id='word_1_245' title='bbox 566 1999 614 2044; x_wconf 91' lang='lat' dir='ltr'><strong><em>et</em></strong></span> <span class='ocrx_word' id='word_1_246' title='bbox 665 1994 909 2061; x_wconf 85' lang='lat' dir='ltr'><strong><em>pracepti</em></strong></span> <span class='ocrx_word' id='word_1_247' title='bbox 954 1992 1363 2059; x_wconf 79' lang='lat' dir='ltr'><strong><em>observantiam,</em></strong></span> <span class='ocrx_word' id='word_1_248' title='bbox 1408 1995 1567 2048; x_wconf 76' lang='lat' dir='ltr'><strong><em>ueluti</em></strong></span> <span class='ocrx_word' id='word_1_249' title='bbox 1616 1997 1671 2049; x_wconf 90' lang='lat' dir='ltr'><strong><em>in</em></strong></span> <span class='ocrx_word' id='word_1_250' title='bbox 1708 2012 1871 2051; x_wconf 77' lang='lat' dir='ltr'><strong><em>unum</em></strong></span> <span class='ocrx_word' id='word_1_251' title='bbox 1924 2006 2085 2068; x_wconf 91' lang='lat' dir='ltr'><strong><em>caput</em></strong></span> <span class='ocrx_word' id='word_1_252' title='bbox 2125 1999 2431 2068; x_wconf 77' lang='lat' dir='ltr'><strong><em>referentes,</em></strong></span> <span class='ocrx_word' id='word_1_253' title='bbox 2484 2015 2741 2068; x_wconf 85' lang='lat' dir='ltr'><strong><em>usurpare</em></strong></span> <span class='ocrx_word' id='word_1_254' title='bbox 2773 1998 2948 2052; x_wconf 76' lang='lat' dir='ltr'><strong><em>licere.</em></strong></span> <span class='ocrx_word' id='word_1_255' title='bbox 3012 1998 3345 2068; x_wconf 87' lang='lat' dir='ltr'><strong><em>Quapropter</em></strong></span> <span class='ocrx_word' id='word_1_256' title='bbox 3378 1997 3629 2051; x_wconf 77' lang='lat' dir='ltr'><strong><em>monitum</em></strong></span> <span class='ocrx_word' id='word_1_257' title='bbox 3685 1996 3788 2049; x_wconf 77' lang='lat' dir='ltr'><strong><em>hoc</em></strong></span> 
     </span>
    </p>
   </div>
   <div class='ocr_carea' id='block_1_21' title="bbox 565 2086 3788 2162">
    <p class='ocr_par' dir='ltr' id='par_1_21' title="bbox 565 2086 3788 2162">
     <span class='ocr_line' id='line_1_21' title="bbox 565 2086 3788 2162; baseline 0.002 -25"><span class='ocrx_word' id='word_1_258' title='bbox 565 2086 805 2151; x_wconf 83' lang='lat' dir='ltr'><strong><em>audiens,</em></strong></span> <span class='ocrx_word' id='word_1_259' title='bbox 851 2088 964 2140; x_wconf 79' lang='lat' dir='ltr'><strong><em>cavi</em></strong></span> <span class='ocrx_word' id='word_1_260' title='bbox 1001 2104 1064 2140; x_wconf 91' lang='lat' dir='ltr'><strong><em>ne</em></strong></span> <span class='ocrx_word' id='word_1_261' title='bbox 1089 2086 1233 2142; x_wconf 89' lang='lat' dir='ltr'><strong><em>ultra</em></strong></span> <span class='ocrx_word' id='word_1_262' title='bbox 1259 2090 1630 2159; x_wconf 67' lang='lat' dir='ltr'><strong><em>expositionem</em></strong></span> <span class='ocrx_word' id='word_1_263' title='bbox 1660 2100 1773 2160; x_wconf 84' lang='lat' dir='ltr'><strong><em>post</em></strong></span> <span class='ocrx_word' id='word_1_264' title='bbox 1806 2090 2147 2162; x_wconf 73' lang='lat' dir='ltr'><strong><em>ineﬂ‘abilium</em></strong></span> <span class='ocrx_word' id='word_1_265' title='bbox 2180 2094 2648 2146; x_wconf 85' lang='lat' dir='ltr'><strong><em>considerationem</em></strong></span> <span class='ocrx_word' id='word_1_266' title='bbox 2678 2098 3052 2162; x_wconf 83' lang='lat' dir='ltr'><strong><em>protraherem.</em></strong></span> <span class='ocrx_word' id='word_1_267' title='bbox 3106 2090 3433 2144; x_wconf 89' lang='lat' dir='ltr'><strong><em>Postremum</em></strong></span> <span class='ocrx_word' id='word_1_268' title='bbox 3467 2105 3589 2144; x_wconf 78' lang='lat' dir='ltr'><strong><em>vero</em></strong></span> <span class='ocrx_word' id='word_1_269' title='bbox 3614 2097 3788 2143; x_wconf 89' lang='lat' dir='ltr'><strong><em>tetra-</em></strong></span> 
     </span>
    </p>
   </div>
   <div class='ocr_carea' id='block_1_22' title="bbox 564 2180 3781 2259">
    <p class='ocr_par' dir='ltr' id='par_1_22' title="bbox 564 2180 3781 2259">
     <span class='ocr_line' id='line_1_22' title="bbox 564 2180 3781 2259; baseline 0.002 -27"><span class='ocrx_word' id='word_1_270' title='bbox 564 2180 849 2234; x_wconf 82' lang='lat' dir='ltr'><strong><em>stichorum</em></strong></span> <span class='ocrx_word' id='word_1_271' title='bbox 869 2182 1054 2235; x_wconf 77' lang='lat' dir='ltr'><strong><em>borum</em></strong></span> <span class='ocrx_word' id='word_1_272' title='bbox 1073 2185 1367 2249; x_wconf 85' lang='lat' dir='ltr'><strong><em>sententiis,</em></strong></span> <span class='ocrx_word' id='word_1_273' title='bbox 1400 2201 1515 2255; x_wconf 80' lang='lat' dir='ltr'><strong><em>qua</em></strong></span> <span class='ocrx_word' id='word_1_274' title='bbox 1534 2187 1662 2239; x_wconf 88' lang='lat' dir='ltr'><strong><em>satis</em></strong></span> <span class='ocrx_word' id='word_1_275' title='bbox 1689 2188 1989 2259; x_wconf 84' lang='lat' dir='ltr'><strong><em>abundeque</em></strong></span> <span class='ocrx_word' id='word_1_276' title='bbox 2012 2197 2123 2242; x_wconf 88' lang='lat' dir='ltr'><strong><em>tum</em></strong></span> <span class='ocrx_word' id='word_1_277' title='bbox 2156 2190 2223 2243; x_wconf 91' lang='lat' dir='ltr'><strong><em>ad</em></strong></span> <span class='ocrx_word' id='word_1_278' title='bbox 2234 2187 2638 2259; x_wconf 85' lang='lat' dir='ltr'><strong><em>speculationem</em></strong></span> <span class='ocrx_word' id='word_1_279' title='bbox 2681 2198 2791 2241; x_wconf 90' lang='lat' dir='ltr'><strong><em>tum</em></strong></span> <span class='ocrx_word' id='word_1_280' title='bbox 2810 2188 2880 2242; x_wconf 93' lang='lat' dir='ltr'><strong><em>ad</em></strong></span> <span class='ocrx_word' id='word_1_281' title='bbox 2903 2190 3159 2241; x_wconf 90' lang='lat' dir='ltr'><strong><em>actionem</em></strong></span> <span class='ocrx_word' id='word_1_282' title='bbox 3179 2186 3462 2254; x_wconf 75' lang='lat' dir='ltr'><strong><em>adiﬁcant,</em></strong></span> <span class='ocrx_word' id='word_1_283' title='bbox 3490 2185 3781 2251; x_wconf 80' lang='lat' dir='ltr'><strong><em>enarratis,</em></strong></span> 
     </span>
    </p>
   </div>
   <div class='ocr_carea' id='block_1_23' title="bbox 566 2273 3776 2356">
    <p class='ocr_par' dir='ltr' id='par_1_23' title="bbox 566 2273 3776 2356">
     <span class='ocr_line' id='line_1_23' title="bbox 566 2273 3776 2356; baseline 0.003 -30"><span class='ocrx_word' id='word_1_284' title='bbox 566 2273 771 2328; x_wconf 89' lang='lat' dir='ltr'><strong><em>dicendi</em></strong></span> <span class='ocrx_word' id='word_1_285' title='bbox 810 2273 972 2342; x_wconf 83' lang='lat' dir='ltr'><strong><em>finem</em></strong></span> <span class='ocrx_word' id='word_1_286' title='bbox 1028 2277 1244 2346; x_wconf 73' lang='lat' dir='ltr'><strong><em>faciam.</em></strong></span> <span class='ocrx_word' id='word_1_287' title='bbox 1301 2278 1409 2334; x_wconf 85' lang='lat' dir='ltr'><strong><em>Has</em></strong></span> <span class='ocrx_word' id='word_1_288' title='bbox 1462 2279 1937 2352; x_wconf 78' lang='lat' dir='ltr'><strong><em>interpretationes</em></strong></span> <span class='ocrx_word' id='word_1_289' title='bbox 1995 2283 2227 2340; x_wconf 79' lang='lat' dir='ltr'><strong><em>maxima</em></strong></span> <span class='ocrx_word' id='word_1_290' title='bbox 2279 2301 2347 2340; x_wconf 80' lang='lat' dir='ltr'><strong><em>ex</em></strong></span> <span class='ocrx_word' id='word_1_291' title='bbox 2387 2294 2541 2356; x_wconf 85' lang='lat' dir='ltr'><strong><em>parte</em></strong></span> <span class='ocrx_word' id='word_1_292' title='bbox 2586 2284 2777 2340; x_wconf 85' lang='lat' dir='ltr'><strong><em>Billius</em></strong></span> <span class='ocrx_word' id='word_1_293' title='bbox 2820 2283 2877 2337; x_wconf 88' lang='lat' dir='ltr'><strong><em>in</em></strong></span> <span class='ocrx_word' id='word_1_294' title='bbox 2919 2298 3073 2339; x_wconf 83' lang='lat' dir='ltr'><strong><em>suam</em></strong></span> <span class='ocrx_word' id='word_1_295' title='bbox 3102 2280 3430 2337; x_wconf 81' lang='lat' dir='ltr'><strong><em>Nazianzeni</em></strong></span> <span class='ocrx_word' id='word_1_296' title='bbox 3472 2281 3776 2336; x_wconf 71' lang='lat' dir='ltr'><strong><em>editionem</em></strong></span> 
     </span>
    </p>
   </div>
   <div class='ocr_carea' id='block_1_24' title="bbox 566 2367 3783 2455">
    <p class='ocr_par' dir='ltr' id='par_1_24' title="bbox 566 2367 3783 2455">
     <span class='ocr_line' id='line_1_24' title="bbox 566 2367 3783 2455; baseline 0.004 -34"><span class='ocrx_word' id='word_1_297' title='bbox 566 2367 757 2423; x_wconf 86' lang='lat' dir='ltr'><strong><em>Latine</em></strong></span> <span class='ocrx_word' id='word_1_298' title='bbox 781 2384 973 2438; x_wconf 87' lang='lat' dir='ltr'><strong><em>parum</em></strong></span> <span class='ocrx_word' id='word_1_299' title='bbox 1008 2384 1200 2449; x_wconf 75' lang='lat' dir='ltr'><strong><em>cautus</em></strong></span> <span class='ocrx_word' id='word_1_300' title='bbox 1229 2373 1333 2431; x_wconf 86' lang='lat' dir='ltr'><strong><em>sub</em></strong></span> <span class='ocrx_word' id='word_1_301' title='bbox 1357 2372 1482 2446; x_wconf 84' lang='lat' dir='ltr'><strong><em>Cyri</em></strong></span> <span class='ocrx_word' id='word_1_302' title='bbox 1508 2379 1728 2435; x_wconf 89' lang='lat' dir='ltr'><strong><em>nomine</em></strong></span> <span class='ocrx_word' id='word_1_303' title='bbox 1751 2379 2064 2438; x_wconf 80' lang='lat' dir='ltr'><strong><em>transiudit.</em></strong></span> <span class='ocrx_word' id='word_1_304' title='bbox 2121 2382 2191 2437; x_wconf 86' lang='lat' dir='ltr'><strong><em>Et</em></strong></span> <span class='ocrx_word' id='word_1_305' title='bbox 2212 2382 2267 2437; x_wconf 89' lang='lat' dir='ltr'><strong><em>in</em></strong></span> <span class='ocrx_word' id='word_1_306' title='bbox 2314 2382 2545 2453; x_wconf 85' lang='lat' dir='ltr'><strong><em>epistola</em></strong></span> <span class='ocrx_word' id='word_1_307' title='bbox 2564 2381 2636 2436; x_wconf 87' lang='lat' dir='ltr'><strong><em>ad</em></strong></span> <span class='ocrx_word' id='word_1_308' title='bbox 2666 2379 2995 2436; x_wconf 84' lang='lat' dir='ltr'><strong><em>cardinalem</em></strong></span> <span class='ocrx_word' id='word_1_309' title='bbox 3023 2373 3316 2455; x_wconf 35' lang='lat' dir='ltr'><strong><em>Sirletum’:</em></strong></span> <span class='ocrx_word' id='word_1_310' title='bbox 3363 2376 3584 2450; x_wconf 83' lang='lat' dir='ltr'><strong><em>Reliqua</em></strong></span> <span class='ocrx_word' id='word_1_311' title='bbox 3616 2379 3783 2433; x_wconf 86' lang='lat' dir='ltr'><strong><em>etiam</em></strong></span> 
     </span>
    </p>
   </div>
   <div class='ocr_carea' id='block_1_25' title="bbox 568 2464 3782 2547">
    <p class='ocr_par' dir='ltr' id='par_1_25' title="bbox 568 2464 3782 2547">
     <span class='ocr_line' id='line_1_25' title="bbox 568 2464 3782 2547; baseline 0.003 -32"><span class='ocrx_word' id='word_1_312' title='bbox 568 2464 845 2533; x_wconf 85' lang='lat' dir='ltr'><strong><em>opuscula,</em></strong></span> <span class='ocrx_word' id='word_1_313' title='bbox 884 2481 1002 2535; x_wconf 84' lang='lat' dir='ltr'><strong><em>qua</em></strong></span> <span class='ocrx_word' id='word_1_314' title='bbox 1029 2464 1197 2538; x_wconf 79' lang='lat' dir='ltr'><strong><em>Cyrus</em></strong></span> <span class='ocrx_word' id='word_1_315' title='bbox 1220 2470 1548 2541; x_wconf 72' lang='lat' dir='ltr'><strong><em>explanavit,</em></strong></span> <span class='ocrx_word' id='word_1_316' title='bbox 1574 2472 1802 2527; x_wconf 83' lang='lat' dir='ltr'><strong><em>versibus</em></strong></span> <span class='ocrx_word' id='word_1_317' title='bbox 1836 2474 1959 2527; x_wconf 87' lang='lat' dir='ltr'><strong><em>item</em></strong></span> <span class='ocrx_word' id='word_1_318' title='bbox 1993 2473 2222 2529; x_wconf 86' lang='lat' dir='ltr'><strong><em>reddidi.</em></strong></span> <span class='ocrx_word' id='word_1_319' title='bbox 2261 2476 2367 2531; x_wconf 89' lang='lat' dir='ltr'><strong><em>Sed</em></strong></span> <span class='ocrx_word' id='word_1_320' title='bbox 2397 2489 2557 2545; x_wconf 84' lang='lat' dir='ltr'><strong><em>cyrus</em></strong></span> <span class='ocrx_word' id='word_1_321' title='bbox 2583 2473 2661 2547; x_wconf 87' lang='lat' dir='ltr'><strong><em>(id</em></strong></span> <span class='ocrx_word' id='word_1_322' title='bbox 2692 2482 2777 2531; x_wconf 86' lang='lat' dir='ltr'><strong><em>est</em></strong></span> <span class='ocrx_word' id='word_1_323' title='bbox 2808 2472 3086 2542; x_wconf 86' lang='lat' dir='ltr'><strong><em>dominus)</em></strong></span> <span class='ocrx_word' id='word_1_324' title='bbox 3119 2480 3247 2528; x_wconf 86' lang='lat' dir='ltr'><strong><em>ante</em></strong></span> <span class='ocrx_word' id='word_1_325' title='bbox 3284 2470 3505 2526; x_wconf 88' lang='lat' dir='ltr'><strong><em>nomina</em></strong></span> <span class='ocrx_word' id='word_1_326' title='bbox 3535 2470 3782 2540; x_wconf 77' lang='lat' dir='ltr'><strong><em>positum</em></strong></span> 
     </span>
    </p>
   </div>
   <div class='ocr_carea' id='block_1_26' title="bbox 564 2552 1550 2623">
    <p class='ocr_par' dir='ltr' id='par_1_26' title="bbox 564 2552 1550 2623">
     <span class='ocr_line' id='line_1_26' title="bbox 564 2552 1550 2623; baseline 0.011 -17"><span class='ocrx_word' id='word_1_327' title='bbox 564 2552 697 2623; x_wconf 86' lang='lat' dir='ltr'><strong><em>quid</em></strong></span> <span class='ocrx_word' id='word_1_328' title='bbox 729 2554 821 2623; x_wconf 87' lang='lat' dir='ltr'><strong><em>sit,</em></strong></span> <span class='ocrx_word' id='word_1_329' title='bbox 844 2556 1022 2614; x_wconf 82' lang='lat' dir='ltr'><strong><em>fusius</em></strong></span> <span class='ocrx_word' id='word_1_330' title='bbox 1067 2557 1121 2613; x_wconf 88' lang='lat' dir='ltr'><strong><em>in</em></strong></span> <span class='ocrx_word' id='word_1_331' title='bbox 1148 2558 1270 2615; x_wconf 89' lang='lat' dir='ltr'><strong><em>aliis</em></strong></span> <span class='ocrx_word' id='word_1_332' title='bbox 1295 2560 1550 2619; x_wconf 82' lang='lat' dir='ltr'><strong><em>diximus.</em></strong></span> 
     </span>
    </p>
   </div>
   <div class='ocr_carea' id='block_1_27' title="bbox 1104 2894 2664 3085">
    <p class='ocr_par' dir='ltr' id='par_1_27' title="bbox 1104 2894 2664 3085">
     <span class='ocr_line' id='line_1_27' title="bbox 1104 2894 2664 3085; baseline -0.002 -2"><span class='ocrx_word' id='word_1_333' title='bbox 1104 2970 1692 3083; x_wconf 86' lang='lat' dir='ltr'><strong><em>NIKHTA</em></strong></span> <span class='ocrx_word' id='word_1_334' title='bbox 1800 2961 2096 3085; x_wconf 79' lang='grc' dir='ltr'><strong><em>ΤῡΥ</em></strong></span> <span class='ocrx_word' id='word_1_335' title='bbox 2206 2894 2664 3084; x_wconf 60' lang='grc' dir='ltr'><strong><em>ΠΑΦΛλ</em></strong></span> 
     </span>
    </p>
   </div>
   <div class='ocr_carea' id='block_1_28' title="bbox 1812 2894 3372 3085">
    <p class='ocr_par' dir='ltr' id='par_1_28' title="bbox 1812 2894 3372 3085">
     <span class='ocr_line' id='line_1_28' title="bbox 1812 2894 3372 3085; baseline 0.001 -3"><span class='ocrx_word' id='word_1_336' title='bbox 1812 2961 2096 3085; x_wconf 77' lang='grc' dir='ltr'><strong><em>ΤῡΥ</em></strong></span> <span class='ocrx_word' id='word_1_337' title='bbox 2206 2894 3261 3085; x_wconf 73' lang='grc' dir='ltr'><strong><em>ΠΑΦΛΑΓΟΝΟΣ</em></strong></span> <span class='ocrx_word' id='word_1_338' title='bbox 3362 2966 3372 2973; x_wconf 74' lang='lat'><strong>‘</strong></span> 
     </span>
    </p>
   </div>
   <div class='ocr_carea' id='block_1_29' title="bbox 802 3205 3508 3299">
    <p class='ocr_par' dir='ltr' id='par_1_29' title="bbox 802 3205 3508 3299">
     <span class='ocr_line' id='line_1_29' title="bbox 802 3205 3508 3299; baseline 0.002 -8"><span class='ocrx_word' id='word_1_339' title='bbox 802 3205 1025 3295; x_wconf 84' lang='grc' dir='ltr'><strong><em>ΤΩΝ</em></strong></span> <span class='ocrx_word' id='word_1_340' title='bbox 1100 3210 1406 3297; x_wconf 89' lang='grc' dir='ltr'><strong><em>ΠΛΝΥ</em></strong></span> <span class='ocrx_word' id='word_1_341' title='bbox 1477 3210 2152 3299; x_wconf 86' lang='grc' dir='ltr'><strong><em>ΛΠΟΣΤΟΛΩΝ</em></strong></span> <span class='ocrx_word' id='word_1_342' title='bbox 2228 3210 3099 3299; x_wconf 81' lang='grc' dir='ltr'><strong><em>ΕΓΚΩΜΙΑΣΤΙΚΟΙ</em></strong></span> <span class='ocrx_word' id='word_1_343' title='bbox 3171 3214 3508 3299; x_wconf 83' lang='grc' dir='ltr'><strong>ΛΟΓΟΙ</strong></span> 
     </span>
    </p>
   </div>
   <div class='ocr_carea' id='block_1_30' title="bbox 1621 3412 2705 3471">
    <p class='ocr_par' dir='ltr' id='par_1_30' title="bbox 1621 3412 2705 3471">
     <span class='ocr_line' id='line_1_30' title="bbox 1621 3412 2705 3471; baseline 0.001 -3"><span class='ocrx_word' id='word_1_344' title='bbox 1621 3413 1825 3468; x_wconf 75' lang='grc' dir='ltr'><strong><em>ΑᾹΛΟΙ</em></strong></span> <span class='ocrx_word' id='word_1_345' title='bbox 1860 3414 1947 3468; x_wconf 86' lang='grc' dir='ltr'>ΤΕ</span> <span class='ocrx_word' id='word_1_346' title='bbox 1983 3412 2187 3468; x_wconf 83' lang='grc' dir='ltr'><strong><em>ΤΙΝΕΣ</em></strong></span> <span class='ocrx_word' id='word_1_347' title='bbox 2229 3412 2705 3471; x_wconf 81' lang='grc' dir='ltr'><strong><em>ΕΟΡΤΔΣΤΙΚΟΙ.</em></strong></span> 
     </span>
    </p>
   </div>
   <div class='ocr_carea' id='block_1_31' title="bbox 1350 3741 2990 3864">
    <p class='ocr_par' dir='ltr' id='par_1_31' title="bbox 1350 3741 2990 3864">
     <span class='ocr_line' id='line_1_31' title="bbox 1350 3741 2990 3864; baseline 0.007 -11"><span class='ocrx_word' id='word_1_348' title='bbox 1350 3741 1922 3856; x_wconf 67' lang='lat' dir='ltr'><strong><em>NICETZE</em></strong></span> <span class='ocrx_word' id='word_1_349' title='bbox 2020 3746 2990 3864; x_wconf 89' lang='lat' dir='ltr'><strong><em>PAPHLAGONIS</em></strong></span> 
     </span>
    </p>
   </div>
   <div class='ocr_carea' id='block_1_32' title="bbox 569 3908 3778 4109">
    <p class='ocr_par' dir='ltr' id='par_1_32' title="bbox 569 3994 3778 4109">
     <span class='ocr_line' id='line_1_32' title="bbox 569 3994 3778 4109; baseline 0.008 -25"><span class='ocrx_word' id='word_1_350' title='bbox 569 3994 1239 4091; x_wconf 80' lang='lat' dir='ltr'><strong><em>SUMMOBUM</em></strong></span> <span class='ocrx_word' id='word_1_351' title='bbox 1292 3994 2161 4091; x_wconf 81' lang='lat' dir='ltr'><strong><em>APOSTOLOBUM</em></strong></span> <span class='ocrx_word' id='word_1_352' title='bbox 2218 3999 2898 4098; x_wconf 81' lang='lat' dir='ltr'><strong><em>ORATIONES</em></strong></span> <span class='ocrx_word' id='word_1_353' title='bbox 2968 4009 3778 4109; x_wconf 65' lang='lat' dir='ltr'><strong><em>LAUDATORIzE</em></strong></span> 
     </span>
    </p>
   </div>
   <div class='ocr_carea' id='block_1_33' title="bbox 1620 4211 2721 4286">
    <p class='ocr_par' dir='ltr' id='par_1_33' title="bbox 1620 4211 2721 4286">
     <span class='ocr_line' id='line_1_33' title="bbox 1620 4211 2721 4286; baseline 0.01 -17"><span class='ocrx_word' id='word_1_354' title='bbox 1620 4211 1961 4286; x_wconf 72' lang='lat' dir='ltr'><strong><em>ALI/EQUE</em></strong></span> <span class='ocrx_word' id='word_1_355' title='bbox 2002 4213 2327 4286; x_wconf 72' lang='lat' dir='ltr'><strong><em>QU/EDAM</em></strong></span> <span class='ocrx_word' id='word_1_356' title='bbox 2370 4216 2721 4280; x_wconf 76' lang='lat' dir='ltr'><strong><em>FESTIV/‘E.</em></strong></span> 
     </span>
    </p>
   </div>
   <div class='ocr_carea' id='block_1_34' title="bbox 1304 4528 3018 4603">
    <p class='ocr_par' dir='ltr' id='par_1_34' title="bbox 1304 4528 3018 4603">
     <span class='ocr_line' id='line_1_34' title="bbox 1304 4528 3018 4603; baseline 0.007 -24"><span class='ocrx_word' id='word_1_357' title='bbox 1304 4528 1399 4589; x_wconf 79' lang='lat' dir='ltr'><strong><em>(Bx</em></strong></span> <span class='ocrx_word' id='word_1_358' title='bbox 1429 4530 1599 4579; x_wconf 84' lang='lat' dir='ltr'><strong><em>Franc.</em></strong></span> <span class='ocrx_word' id='word_1_359' title='bbox 1623 4529 1897 4581; x_wconf 83' lang='lat' dir='ltr'><strong><em>Combeﬁsii</em></strong></span> <span class='ocrx_word' id='word_1_360' title='bbox 1928 4531 2154 4583; x_wconf 76' lang='lat' dir='ltr'><strong><em>Auctario</em></strong></span> <span class='ocrx_word' id='word_1_361' title='bbox 2175 4532 2240 4582; x_wconf 91' lang='lat' dir='ltr'><strong><em>ad</em></strong></span> <span class='ocrx_word' id='word_1_362' title='bbox 2275 4531 2395 4581; x_wconf 82' lang='lat' dir='ltr'><strong><em>Bibl.</em></strong></span> <span class='ocrx_word' id='word_1_363' title='bbox 2423 4536 2583 4595; x_wconf 82' lang='lat' dir='ltr'><strong><em>Palr.,</em></strong></span> <span class='ocrx_word' id='word_1_364' title='bbox 2609 4543 2723 4584; x_wconf 84' lang='lat' dir='ltr'><strong><em>tom.</em></strong></span> <span class='ocrx_word' id='word_1_365' title='bbox 2755 4537 2792 4595; x_wconf 86' lang='grc' dir='ltr'><strong><em>ι,</em></strong></span> <span class='ocrx_word' id='word_1_366' title='bbox 2816 4552 2864 4600; x_wconf 83' lang='grc' dir='ltr'>ρ.</span> <span class='ocrx_word' id='word_1_367' title='bbox 2888 4539 3018 4603; x_wconf 74' lang='grc'><strong>527.)</strong></span> 
     </span>
    </p>
   </div>
   <div class='ocr_carea' id='block_1_35' title="bbox 1151 4820 2711 4893">
    <p class='ocr_par' dir='ltr' id='par_1_35' title="bbox 1151 4820 2180 4889">
     <span class='ocr_line' id='line_1_35' title="bbox 1151 4820 2180 4889; baseline -0.003 -12"><span class='ocrx_word' id='word_1_368' title='bbox 1151 4820 1405 4877; x_wconf 78' lang='lat' dir='ltr'><strong><em>ORATIO</em></strong></span> <span class='ocrx_word' id='word_1_369' title='bbox 1443 4822 1482 4876; x_wconf 82' lang='lat' dir='ltr'><strong><em>l.</em></strong></span> <span class='ocrx_word' id='word_1_370' title='bbox 2136 4835 2180 4889; x_wconf 72' lang='grc' dir='ltr'>Α</span> 
     </span>
    </p>
   </div>
   <div class='ocr_carea' id='block_1_36' title="bbox 1585 4820 3145 4893">
    <p class='ocr_par' dir='ltr' id='par_1_36' title="bbox 2136 4835 3145 4893">
     <span class='ocr_line' id='line_1_36' title="bbox 2136 4835 3145 4893; baseline 0.004 -4"><span class='ocrx_word' id='word_1_371' title='bbox 2136 4835 2180 4889; x_wconf 78' lang='grc' dir='ltr'>Α</span> <span class='ocrx_word' id='word_1_372' title='bbox 2824 4837 3039 4890; x_wconf 80' lang='grc' dir='ltr'><strong>ΛΟΓΟΣ</strong></span> <span class='ocrx_word' id='word_1_373' title='bbox 3069 4838 3145 4893; x_wconf 83' lang='lat' dir='ltr'><strong><em>A&#39;.</em></strong></span> 
     </span>
    </p>
   </div>
   <div class='ocr_carea' id='block_1_37' title="bbox 628 4914 2188 5003">
    <p class='ocr_par' dir='ltr' id='par_1_37' title="bbox 628 4914 1978 4973">
     <span class='ocr_line' id='line_1_37' title="bbox 628 4914 1978 4973; baseline 0.001 -3"><span class='ocrx_word' id='word_1_374' title='bbox 628 4915 690 4970; x_wconf 87' lang='lat' dir='ltr'><strong><em>In</em></strong></span> <span class='ocrx_word' id='word_1_375' title='bbox 733 4916 868 4969; x_wconf 89' lang='lat' dir='ltr'><strong><em>diem</em></strong></span> <span class='ocrx_word' id='word_1_376' title='bbox 913 4914 1144 4969; x_wconf 90' lang='lat' dir='ltr'><strong><em>natalem</em></strong></span> <span class='ocrx_word' id='word_1_377' title='bbox 1181 4917 1523 4969; x_wconf 87' lang='lat' dir='ltr'><strong><em>sanctissima</em></strong></span> <span class='ocrx_word' id='word_1_378' title='bbox 1563 4914 1655 4968; x_wconf 90' lang='lat' dir='ltr'><strong><em>Dei</em></strong></span> <span class='ocrx_word' id='word_1_379' title='bbox 1685 4914 1978 4973; x_wconf 86' lang='lat' dir='ltr'><strong><em>Genitricis.</em></strong></span> 
     </span>
    </p>
   </div>
   <div class='ocr_carea' id='block_1_38' title="bbox 2130 4914 3690 5003">
    <p class='ocr_par' dir='ltr' id='par_1_38' title="bbox 2272 4920 3690 5003">
     <span class='ocr_line' id='line_1_38' title="bbox 2272 4920 3690 5003; baseline 0.013 -33"><span class='ocrx_word' id='word_1_380' title='bbox 2272 4920 2376 4985; x_wconf 77' lang='grc' dir='ltr'><strong><em>Εἰς</em></strong></span> <span class='ocrx_word' id='word_1_381' title='bbox 2402 4922 2469 4977; x_wconf 87' lang='grc' dir='ltr'>τὸ</span> <span class='ocrx_word' id='word_1_382' title='bbox 2490 4924 2763 4995; x_wconf 78' lang='grc' dir='ltr'>γενέσιον</span> <span class='ocrx_word' id='word_1_383' title='bbox 2790 4926 2899 4993; x_wconf 87' lang='grc' dir='ltr'>τῆς</span> <span class='ocrx_word' id='word_1_384' title='bbox 2927 4928 3245 4997; x_wconf 57' lang='lat' dir='ltr'><strong><em>anteparta:</em></strong></span> <span class='ocrx_word' id='word_1_385' title='bbox 3275 4932 3565 4986; x_wconf 74' lang='grc' dir='ltr'>Θεοτόκου</span> <span class='ocrx_word' id='word_1_386' title='bbox 3592 4934 3690 5003; x_wconf 84' lang='grc' dir='ltr'><strong>(Ι).</strong></span> 
     </span>
    </p>
   </div>
   <div class='ocr_carea' id='block_1_39' title="bbox 631 5030 2191 5114">
    <p class='ocr_par' dir='ltr' id='par_1_39' title="bbox 631 5030 2110 5101">
     <span class='ocr_line' id='line_1_39' title="bbox 631 5030 2110 5101; baseline 0.001 -15"><span class='ocrx_word' id='word_1_387' title='bbox 631 5030 1018 5087; x_wconf 82' lang='lat' dir='ltr'><strong><em>Exsultationis</em></strong></span> <span class='ocrx_word' id='word_1_388' title='bbox 1066 5030 1185 5087; x_wconf 84' lang='lat' dir='ltr'><strong><em>dies</em></strong></span> <span class='ocrx_word' id='word_1_389' title='bbox 1235 5031 1544 5098; x_wconf 62' lang='lat' dir='ltr'><strong><em>lmtitimque</em></strong></span> <span class='ocrx_word' id='word_1_390' title='bbox 1597 5031 1903 5086; x_wconf 74' lang='lat' dir='ltr'><strong><em>exordium.</em></strong></span> <span class='ocrx_word' id='word_1_391' title='bbox 1933 5033 2110 5101; x_wconf 81' lang='lat' dir='ltr'><strong><em>Depo-</em></strong></span> 
     </span>
    </p>
   </div>
   <div class='ocr_carea' id='block_1_40' title="bbox 2214 5030 3774 5114">
    <p class='ocr_par' dir='ltr' id='par_1_40' title="bbox 2304 5035 3774 5114">
     <span class='ocr_line' id='line_1_40' title="bbox 2304 5035 3774 5114; baseline 0.006 -27"><span class='ocrx_word' id='word_1_392' title='bbox 2304 5035 2679 5103; x_wconf 83' lang='grc' dir='ltr'>Αγαλλιάσεως</span> <span class='ocrx_word' id='word_1_393' title='bbox 2708 5036 2889 5105; x_wconf 79' lang='grc' dir='ltr'>ἡμέρα</span> <span class='ocrx_word' id='word_1_394' title='bbox 2918 5038 3013 5089; x_wconf 74' lang='grc' dir='ltr'><strong><em>καὶ</em></strong></span> <span class='ocrx_word' id='word_1_395' title='bbox 3043 5038 3379 5113; x_wconf 82' lang='grc' dir='ltr'>εὐφροσύνης</span> <span class='ocrx_word' id='word_1_396' title='bbox 3401 5044 3564 5114; x_wconf 85' lang='grc' dir='ltr'>ἀρχή.</span> <span class='ocrx_word' id='word_1_397' title='bbox 3602 5044 3774 5100; x_wconf 73' lang='grc' dir='ltr'>Ἀπο-</span> 
     </span>
    </p>
   </div>
   <div class='ocr_carea' id='block_1_41' title="bbox 560 5123 2120 5208">
    <p class='ocr_par' dir='ltr' id='par_1_41' title="bbox 560 5123 2112 5208">
     <span class='ocr_line' id='line_1_41' title="bbox 560 5123 2112 5208; baseline 0.003 -31"><span class='ocrx_word' id='word_1_398' title='bbox 560 5138 755 5178; x_wconf 78' lang='lat' dir='ltr'><strong><em>namus</em></strong></span> <span class='ocrx_word' id='word_1_399' title='bbox 793 5123 1132 5208; x_wconf 58' lang='lat' dir='ltr'><strong><em>maestitiam,~</em></strong></span> <span class='ocrx_word' id='word_1_400' title='bbox 1168 5139 1234 5179; x_wconf 84' lang='lat' dir='ltr'><strong><em>ac</em></strong></span> <span class='ocrx_word' id='word_1_401' title='bbox 1256 5123 1599 5193; x_wconf 86' lang='lat' dir='ltr'><strong><em>splendorem</em></strong></span> <span class='ocrx_word' id='word_1_402' title='bbox 1645 5124 1951 5179; x_wconf 84' lang='lat' dir='ltr'><strong><em>induamus.</em></strong></span> <span class='ocrx_word' id='word_1_403' title='bbox 2007 5126 2112 5181; x_wconf 88' lang='lat' dir='ltr'><strong><em>Lo-</em></strong></span> 
     </span>
    </p>
   </div>
   <div class='ocr_carea' id='block_1_42' title="bbox 2215 5123 3775 5208">
    <p class='ocr_par' dir='ltr' id='par_1_42' title="bbox 2215 5125 3775 5207">
     <span class='ocr_line' id='line_1_42' title="bbox 2215 5125 3775 5207; baseline 0.006 -28"><span class='ocrx_word' id='word_1_404' title='bbox 2215 5125 2427 5196; x_wconf 81' lang='grc' dir='ltr'>Βὼμεθα</span> <span class='ocrx_word' id='word_1_405' title='bbox 2458 5128 2556 5195; x_wconf 81' lang='grc' dir='ltr'>τὴν</span> <span class='ocrx_word' id='word_1_406' title='bbox 2591 5129 2919 5197; x_wconf 79' lang='grc' dir='ltr'>κατήφειαν,</span> <span class='ocrx_word' id='word_1_407' title='bbox 2956 5131 3049 5183; x_wconf 80' lang='grc' dir='ltr'>καὶ</span> <span class='ocrx_word' id='word_1_408' title='bbox 3086 5132 3186 5201; x_wconf 86' lang='grc' dir='ltr'>τὴν</span> <span class='ocrx_word' id='word_1_409' title='bbox 3216 5130 3572 5204; x_wconf 84' lang='grc' dir='ltr'>λαμπρότητα</span> <span class='ocrx_word' id='word_1_410' title='bbox 3605 5152 3775 5207; x_wconf 75' lang='grc' dir='ltr'>περι-</span> 
     </span>
    </p>
   </div>
   <div class='ocr_carea' id='block_1_43' title="bbox 560 5212 2120 5297">
    <p class='ocr_par' dir='ltr' id='par_1_43' title="bbox 560 5212 2109 5286">
     <span class='ocr_line' id='line_1_43' title="bbox 560 5212 2109 5286; baseline 0.002 -18"><span class='ocrx_word' id='word_1_411' title='bbox 560 5230 790 5283; x_wconf 88' lang='lat' dir='ltr'><strong><em>quamur</em></strong></span> <span class='ocrx_word' id='word_1_412' title='bbox 819 5216 1088 5286; x_wconf 85' lang='lat' dir='ltr'><strong><em>potentias</em></strong></span> <span class='ocrx_word' id='word_1_413' title='bbox 1112 5214 1343 5277; x_wconf 90' lang='lat' dir='ltr'><strong><em>Domini,</em></strong></span> <span class='ocrx_word' id='word_1_414' title='bbox 1378 5212 1593 5267; x_wconf 87' lang='lat' dir='ltr'><strong><em>auditas</em></strong></span> <span class='ocrx_word' id='word_1_415' title='bbox 1620 5215 1880 5270; x_wconf 78' lang='lat' dir='ltr'><strong><em>faciamus</em></strong></span> <span class='ocrx_word' id='word_1_416' title='bbox 1918 5233 2109 5271; x_wconf 87' lang='lat' dir='ltr'><strong><em>omnes</em></strong></span> 
     </span>
    </p>
   </div>
   <div class='ocr_carea' id='block_1_44' title="bbox 2212 5212 3772 5297">
    <p class='ocr_par' dir='ltr' id='par_1_44' title="bbox 2213 5219 3772 5297">
     <span class='ocr_line' id='line_1_44' title="bbox 2213 5219 3772 5297; baseline 0.008 -26"><span class='ocrx_word' id='word_1_417' title='bbox 2213 5220 2447 5289; x_wconf 82' lang='grc' dir='ltr'>Θώμεθα.</span> <span class='ocrx_word' id='word_1_418' title='bbox 2480 5220 2732 5288; x_wconf 82' lang='grc' dir='ltr'>Εἴπωμεν</span> <span class='ocrx_word' id='word_1_419' title='bbox 2751 5221 2848 5284; x_wconf 79' lang='grc' dir='ltr'><strong><em>τὰς</em></strong></span> <span class='ocrx_word' id='word_1_420' title='bbox 2882 5219 3192 5289; x_wconf 79' lang='grc' dir='ltr'>δυναστείας</span> <span class='ocrx_word' id='word_1_421' title='bbox 3220 5226 3311 5281; x_wconf 86' lang='grc' dir='ltr'><strong><em>τοῦ</em></strong></span> <span class='ocrx_word' id='word_1_422' title='bbox 3346 5227 3569 5297; x_wconf 79' lang='grc' dir='ltr'>Κυρίου,</span> <span class='ocrx_word' id='word_1_423' title='bbox 3600 5228 3772 5282; x_wconf 81' lang='grc' dir='ltr'>ἀκου-</span> 
     </span>
    </p>
   </div>
   <div class='ocr_carea' id='block_1_45' title="bbox 560 5303 2120 5385">
    <p class='ocr_par' dir='ltr' id='par_1_45' title="bbox 560 5303 2108 5375">
     <span class='ocr_line' id='line_1_45' title="bbox 560 5303 2108 5375; baseline 0.002 -17"><span class='ocrx_word' id='word_1_424' title='bbox 560 5304 748 5360; x_wconf 83' lang='lat' dir='ltr'><strong><em>laudes</em></strong></span> <span class='ocrx_word' id='word_1_425' title='bbox 794 5306 912 5375; x_wconf 82' lang='lat' dir='ltr'><strong><em>ejus</em></strong></span> <span class='ocrx_word' id='word_1_426' title='bbox 938 5306 992 5359; x_wconf 91' lang='lat' dir='ltr'><strong><em>in</em></strong></span> <span class='ocrx_word' id='word_1_427' title='bbox 1047 5306 1219 5375; x_wconf 84' lang='lat' dir='ltr'><strong><em>portis</em></strong></span> <span class='ocrx_word' id='word_1_428' title='bbox 1260 5304 1378 5357; x_wconf 65' lang='lat' dir='ltr'><strong><em>ﬁlim</em></strong></span> <span class='ocrx_word' id='word_1_429' title='bbox 1432 5303 1563 5359; x_wconf 84' lang='lat' dir='ltr'><strong><em>Sion</em></strong></span> <span class='ocrx_word' id='word_1_430' title='bbox 1598 5306 1636 5357; x_wconf 86' lang='grc'><strong><em>¹.</em></strong></span> <span class='ocrx_word' id='word_1_431' title='bbox 1676 5305 2019 5362; x_wconf 79' lang='lat' dir='ltr'><strong><em>Exsultemus</em></strong></span> <span class='ocrx_word' id='word_1_432' title='bbox 2054 5310 2108 5361; x_wconf 86' lang='lat' dir='ltr'><strong><em>in</em></strong></span> 
     </span>
    </p>
   </div>
   <div class='ocr_carea' id='block_1_46' title="bbox 2210 5303 3770 5385">
    <p class='ocr_par' dir='ltr' id='par_1_46' title="bbox 2216 5312 3770 5385">
     <span class='ocr_line' id='line_1_46' title="bbox 2216 5312 3770 5385; baseline 0.007 -23"><span class='ocrx_word' id='word_1_433' title='bbox 2216 5312 2343 5371; x_wconf 80' lang='grc' dir='ltr'>στὰς</span> <span class='ocrx_word' id='word_1_434' title='bbox 2384 5312 2697 5381; x_wconf 80' lang='grc' dir='ltr'>ποιήσωμεν</span> <span class='ocrx_word' id='word_1_435' title='bbox 2732 5312 2910 5377; x_wconf 81' lang='grc' dir='ltr'>πάσας</span> <span class='ocrx_word' id='word_1_436' title='bbox 2959 5315 3055 5379; x_wconf 85' lang='grc' dir='ltr'>τὰς</span> <span class='ocrx_word' id='word_1_437' title='bbox 3094 5318 3327 5381; x_wconf 78' lang='grc' dir='ltr'>αἱνέσεις</span> <span class='ocrx_word' id='word_1_438' title='bbox 3368 5318 3529 5371; x_wconf 84' lang='grc' dir='ltr'>αὐτοῦ</span> <span class='ocrx_word' id='word_1_439' title='bbox 3558 5319 3615 5373; x_wconf 83' lang='grc' dir='ltr'><strong><em>ἐν</em></strong></span> <span class='ocrx_word' id='word_1_440' title='bbox 3642 5323 3770 5385; x_wconf 80' lang='grc' dir='ltr'>ταῖς</span> 
     </span>
    </p>
   </div>
   <div class='ocr_carea' id='block_1_47' title="bbox 559 5394 2119 5483">
    <p class='ocr_par' dir='ltr' id='par_1_47' title="bbox 559 5394 2105 5467">
     <span class='ocr_line' id='line_1_47' title="bbox 559 5394 2105 5467; baseline 0 -17"><span class='ocrx_word' id='word_1_441' title='bbox 559 5396 782 5451; x_wconf 82' lang='lat' dir='ltr'><strong><em>salutari</em></strong></span> <span class='ocrx_word' id='word_1_442' title='bbox 817 5398 955 5467; x_wconf 78' lang='lat' dir='ltr'><strong><em>ejhs.</em></strong></span> <span class='ocrx_word' id='word_1_443' title='bbox 1004 5396 1216 5450; x_wconf 86' lang='lat' dir='ltr'><strong><em>Etenim</em></strong></span> <span class='ocrx_word' id='word_1_444' title='bbox 1245 5394 1419 5449; x_wconf 78' lang='lat' dir='ltr'><strong><em>erexit</em></strong></span> <span class='ocrx_word' id='word_1_445' title='bbox 1450 5395 1610 5451; x_wconf 87' lang='lat' dir='ltr'><strong><em>nobis</em></strong></span> <span class='ocrx_word' id='word_1_446' title='bbox 1637 5396 1797 5451; x_wconf 84' lang='lat' dir='ltr'><strong><em>hodie</em></strong></span> <span class='ocrx_word' id='word_1_447' title='bbox 1822 5413 1993 5453; x_wconf 90' lang='lat' dir='ltr'><strong><em>cornu</em></strong></span> <span class='ocrx_word' id='word_1_448' title='bbox 2018 5412 2105 5452; x_wconf 87' lang='lat' dir='ltr'><strong><em>sa-</em></strong></span> 
     </span>
    </p>
   </div>
   <div class='ocr_carea' id='block_1_48' title="bbox 2211 5394 3771 5483">
    <p class='ocr_par' dir='ltr' id='par_1_48' title="bbox 2216 5399 3771 5483">
     <span class='ocr_line' id='line_1_48' title="bbox 2216 5399 3771 5483; baseline 0.01 -33"><span class='ocrx_word' id='word_1_449' title='bbox 2216 5400 2403 5462; x_wconf 68' lang='grc' dir='ltr'>πύλαις</span> <span class='ocrx_word' id='word_1_450' title='bbox 2434 5399 2532 5470; x_wconf 83' lang='grc' dir='ltr'>τῆς</span> <span class='ocrx_word' id='word_1_451' title='bbox 2554 5401 2819 5473; x_wconf 78' lang='grc' dir='ltr'>θυγατρὸς</span> <span class='ocrx_word' id='word_1_452' title='bbox 2851 5404 3005 5458; x_wconf 82' lang='grc' dir='ltr'>Σιών.</span> <span class='ocrx_word' id='word_1_453' title='bbox 3052 5407 3525 5480; x_wconf 78' lang='grc' dir='ltr'>’Λγαλλιασώμεθα</span> <span class='ocrx_word' id='word_1_454' title='bbox 3554 5411 3645 5466; x_wconf 69' lang='grc' dir='ltr'>ἐπὶ</span> <span class='ocrx_word' id='word_1_455' title='bbox 3681 5412 3771 5483; x_wconf 80' lang='grc' dir='ltr'><strong><em>τῷ</em></strong></span> 
     </span>
    </p>
   </div>
   <div class='ocr_carea' id='block_1_49' title="bbox 630 5531 993 5595">
    <p class='ocr_par' dir='ltr' id='par_1_49' title="bbox 630 5531 993 5595">
     <span class='ocr_line' id='line_1_49' title="bbox 630 5531 993 5595; baseline -0.003 -9"><span class='ocrx_word' id='word_1_456' title='bbox 630 5532 646 5563; x_wconf 80' lang='grc'><strong>⁸</strong></span> <span class='ocrx_word' id='word_1_457' title='bbox 669 5531 811 5586; x_wconf 86' lang='lat' dir='ltr'><strong><em>Psal.</em></strong></span> <span class='ocrx_word' id='word_1_458' title='bbox 840 5534 993 5595; x_wconf 48' lang='grc' dir='ltr'><strong><em>(πθ.</em></strong></span> 
     </span>
    </p>
   </div>
   <div class='ocr_carea' id='block_1_50' title="bbox 561 5645 2121 5771">
    <p class='ocr_par' dir='ltr' id='par_1_50' title="bbox 561 5645 2119 5771">
     <span class='ocr_line' id='line_1_50' title="bbox 629 5645 2119 5725; baseline 0.005 -26"><span class='ocrx_word' id='word_1_459' title='bbox 629 5651 705 5717; x_wconf 71' lang='grc'><strong><em>(1)</em></strong></span> <span class='ocrx_word' id='word_1_460' title='bbox 734 5650 807 5700; x_wconf 58' lang='grc' dir='ltr'>Ε(</span> <span class='ocrx_word' id='word_1_461' title='bbox 838 5650 903 5701; x_wconf 87' lang='lat' dir='ltr'><strong><em>cl.</em></strong></span> <span class='ocrx_word' id='word_1_462' title='bbox 939 5666 985 5704; x_wconf 86' lang='grc' dir='ltr'>ν.</span> <span class='ocrx_word' id='word_1_463' title='bbox 1022 5645 1445 5716; x_wconf 81' lang='lat' dir='ltr'><strong><em>Raph.Dufrene</em></strong></span> <span class='ocrx_word' id='word_1_464' title='bbox 1471 5650 1590 5705; x_wconf 77' lang='lat' dir='ltr'><strong><em>cod.</em></strong></span> <span class='ocrx_word' id='word_1_465' title='bbox 1624 5668 1767 5708; x_wconf 90' lang='lat' dir='ltr'><strong><em>nunc</em></strong></span> <span class='ocrx_word' id='word_1_466' title='bbox 1796 5654 1981 5725; x_wconf 81' lang='lat' dir='ltr'><strong><em>Regio.</em></strong></span> <span class='ocrx_word' id='word_1_467' title='bbox 2017 5654 2119 5711; x_wconf 86' lang='lat' dir='ltr'><strong><em>Tit.</em></strong></span> 
     </span>
     <span class='ocr_line' id='line_1_51' title="bbox 561 5717 854 5771; baseline -0.01 0"><span class='ocrx_word' id='word_1_468' title='bbox 561 5720 657 5771; x_wconf 71' lang='grc' dir='ltr'><strong><em>καὶ</em></strong></span> <span class='ocrx_word' id='word_1_469' title='bbox 679 5717 854 5768; x_wconf 72' lang='grc' dir='ltr'><strong><em>Δαϐίδ.</em></strong></span> 
     </span>
    </p>
   </div>
   <div class='ocr_carea' id='block_1_51' title="bbox 2210 5645 3770 5771">
    <p class='ocr_par' dir='ltr' id='par_1_51' title="bbox 2210 5655 3770 5732">
     <span class='ocr_line' id='line_1_52' title="bbox 2210 5655 3770 5732; baseline 0.004 -25"><span class='ocrx_word' id='word_1_470' title='bbox 2210 5655 2299 5707; x_wconf 90' lang='grc' dir='ltr'>Γοῦ</span> <span class='ocrx_word' id='word_1_471' title='bbox 2339 5656 2715 5728; x_wconf 81' lang='grc' dir='ltr'>λαμπροτάτου</span> <span class='ocrx_word' id='word_1_472' title='bbox 2742 5659 3023 5729; x_wconf 73' lang='grc' dir='ltr'>φιλοσόφου</span> <span class='ocrx_word' id='word_1_473' title='bbox 3054 5663 3141 5717; x_wconf 68' lang='grc' dir='ltr'><strong><em>καὶ</em></strong></span> <span class='ocrx_word' id='word_1_474' title='bbox 3163 5664 3380 5732; x_wconf 78' lang='grc' dir='ltr'>ῥήτορος</span> <span class='ocrx_word' id='word_1_475' title='bbox 3408 5661 3641 5729; x_wconf 54' lang='lat' dir='ltr'><strong><em>Micipsa,</em></strong></span> <span class='ocrx_word' id='word_1_476' title='bbox 3660 5663 3770 5723; x_wconf 71' lang='grc' dir='ltr'><strong><em>τοῦ</em></strong></span> 
     </span>
    </p>
   </div>
  </div>
