3950 6320
231 363 307 436 1Ἷ

1034 374 1312 437 ORATIO
1343 377 1395 439 Ι.
1419 403 1489 415 ·--
1518 378 1601 441 ΙΝ
1638 379 1829 444 DIEM
1867 382 2218 450 NATALEM
2255 391 2315 452 S.
2359 394 2639 459 MARI/E.

3370 410 3438 477 18

229 489 491 564 σωτηρίῳ
526 488 710 547 αὑτοῦ·
754 490 866 587 Rga
896 490 1050 587 _T&P_
1078 493 1266 587 ῆῙξιρε
1291 496 1479 587 -κέρας
1494 497 1773 587 Δσιοτηεξῐεπις

1855 551 1858 556 _
1881 500 2009 557 Iutis
2035 503 2090 557 in
2117 505 2282 562 domo
2307 508 2474 564 David
2496 513 2649 582 pueri
2677 515 2761 571 sui
2792 520 2836 585 ',
2873 531 2939 574 ac
2960 558 2975 585 ,
3024 518 3169 577 sicut
3210 487 3435 587 locatus

224 581 361 653 ἡμῖν
390 581 646 653 σήμερον,
670 581 729 634 ιν
762 580 840 653 τῷ
864 582 995 653 οῖκῳ
1025 582 1189 638 Δασὶδ
1224 583 1319 637 τοῦ
1363 584 1549 651 παιδὸς
1576 576 1740 639 αὐτοῦ
1763 602 1779 616 ⁸

222 674 322 727 καὶ
351 672 532 736 καθὼς
570 673 801 745 έλάλησε
828 672 918 727 διὰ
949 673 1213 745 στόματος
1239 675 1348 731 τῶν
1372 678 1541 747 ἀγίων
1568 694 1782 749 προφη-

216 763 333 818 τῶν
365 764 553 830 αὐτοῦ,
580 765 873 838 ἀνέστησεν
889 766 1022 836 ἡμῖν
1044 767 1209 836 φυτὸν
1236 769 1477 840 εἰρήνης,
1505 771 1602 841 τὴν
1627 768 1781 841 ῥίζαν

219 850 319 908 τοῦ
364 853 580 915 Ἰεσσαὶ,
606 852 667 918 ἐξ
697 845 767 924 ἧς
812 855 845 924 ἡ
878 854 1069 924 ῥάϐδος
1108 858 1144 927 ή
1177 856 1238 910 τὸ
1263 859 1573 929 ἀμάραντον
1623 860 1781 926 ἄνθος

215 932 487 1000 ἀναδοῦσά
516 945 768 1016 Χριστόν.
811 946 906 1011 Τίς
947 948 1048 1002 οὐκ
1074 948 1392 1016 ἀγαλλιᾶται
1426 952 1489 1021 τῇ
1527 950 1718 1035 καρδία
1756 969 1771 1018 ;

216 1036 318 1101 Τίς
365 1036 468 1090 οὐκ
517 1034 866 1108 εὐφραίνεται
915 1036 1347 1107 πνεύματιςτίς
1376 1038 1438 1093 οὐ
1502 1034 1777 1109 μυστικῶς

214 1129 656 1200 κατατέρπεται;
722 1128 819 1193 Τίς
861 1130 921 1183 οὐ
968 1127 1325 1202 πανηγυρίζει
1371 1131 1772 1201 πνευματικῶς,

212 1220 319 1291 τήν
351 1220 412 1273 ιν
470 1218 545 1290 τῷ
574 1218 691 1291 Θεῷ
733 1219 1171 1292 προωρισμένην,
1218 1221 1313 1274 καὶ
1356 1220 1446 1276 διὰ
1493 1221 1773 1291 στομάτων

212 1312 577 1385 προφητικῶν
614 1312 1064 1384 προηγγελμένην
1116 1312 1407 1384 σωτηρίαν,
1442 1315 1522 1378 είς
1554 1314 1776 1370 ἔκϐασιν

212 1404 343 1475 ἄρτι
369 1405 515 1475 σαφῆ
545 1405 838 1475 προϊοῦσαν
866 1403 1151 1475 καθορῶν;
1354 1426 1359 1433 ·
1552 1416 1553 1419 ‘

286 1496 446 1550 Πᾶσα
475 1499 507 1566 ἡ
534 1497 709 1559 κτίσις
729 1496 997 1566 χορευέτω
1015 1513 1029 1528 ·
1058 1496 1210 1549 πᾶσα
1250 1496 1283 1565 ή
1316 1495 1389 1566 γῆ
1420 1494 1537 1565 μετ’
1579 1495 1773 1567 εὐφροσ

211 1586 385 1660 σύνης
431 1587 605 1658 βοάτω
648 1587 745 1641 καὶ
784 1587 1077 1657 πιρτάτω,
1110 1585 1194 1639 ὅτι
1240 1587 1303 1639 τὸ
1332 1587 1430 1657 τῆς
1476 1586 1770 1657 ἀρχεγόνου

206 1679 392 1751 λύπης
422 1678 765 1747 ἀναιρετικὸν
796 1680 1086 1751 φάρμακον
1114 1678 1444 1749 ὶόλάστησεν
1482 1680 1606 1751 ἀρτι
1629 1697 1644 1712 ’
1686 1681 1769 1736 ὅτι

202 1777 313 1849 τῆς
344 1776 675 1849 προγονικῆς
701 1776 862 1847 ἀρᾶς,
889 1771 923 1848 ᾗ
960 1776 1067 1829 πᾶν
1096 1792 1156 1829 τε
1188 1774 1427 1846 βρότειον
1449 1776 1768 1830 ὑποπεπτώ-

1884 599 1971 645 est
2018 606 2118 660 per
2146 607 2211 649 os
2249 604 2562 653 sanctorum
2580 597 2983 674 prophetarum
3011 617 3260 682 suorum,
3288 614 3439 683 pacis

1884 682 2042 738 nobis
2078 685 2334 743 arborem
2381 691 2682 759 suscitavit,
2729 695 2964 755 radicem
3012 692 3183 766 Iesse,
3210 682 3301 760 ex,
3330 721 3437 778 qua

1882 774 2057 845 virga,
2084 792 2206 848 qua
2234 778 2511 836 Christum
2538 782 2727 840 ﬂorem
2760 787 3263 865 immarcescibilem
3310 774 3439 865 pro-

1882 866 2039 921 duxit
2062 868 2103 922 ³.
2130 867 2263 936 Quis
2295 886 2406 927 non
2433 873 2616 931 animo
2645 877 2917 961 exsultet!
2945 877 3076 947 Quis
3098 884 3295 953 spiritu
3324 901 3437 942 non

1879 956 2099 1014 laetetur
2128 961 2151 1014 ?
2175 960 2308 1028 Quis
2336 979 2445 1018 non
2478 967 2703 1036 mystice
2722 956 3059 1040 congaudent
3084 988 3148 1028 ac
3164 976 3435 1045 jucunde-

1881 1054 1971 1101 tur
1992 1047 2015 1100 ?
2036 1047 2167 1114 Quis
2209 1067 2321 1105 non
2347 1051 2500 1109 festis
2532 1055 2745 1124 gaudiis
2776 1058 3036 1125 celebret,
3058 1061 3186 1115 dum
3203 1064 3433 1121 salutem

1879 1138 1935 1194 in
1964 1141 2075 1197 Deo
2098 1144 2554 1212 praedestinatam,
2572 1164 2636 1202 ac
2661 1165 2759 1220 per
2780 1166 2875 1210 ora
2899 1153 3285 1223 prophetarum
3298 1173 3431 1228 pra:-

1877 1232 2204 1301 nuntiatam,
2265 1236 2321 1292 in
2364 1248 2611 1309 apertum
2660 1243 2770 1314 jam
2820 1253 3078 1301 eventum
3132 1250 3428 1321 procedere

1876 1325 2144 1394 conspicit
2163 1326 2188 1382 ἲ

1945 1500 2134 1559 Omnis
2164 1515 2414 1561 creatura
2442 1490 2642 1567 chorda
2699 1524 2841 1585 agat.
2870 1517 3058 1574 Omnis
3108 1525 3251 1575 terra
3297 1536 3422 1576 cum

1874 1588 2058 1646 laetitia
2104 1594 2301 1650 clamet
2346 1607 2403 1652 et
2430 1602 2684 1667 exsultet,
2728 1607 2873 1674 quod
2902 1608 3012 1679 jam
3071 1609 3422 1683 pharmacum

1872 1683 2224 1752 germinarit,
2265 1704 2373 1758 quo
2421 1693 2634 1752 sublata
2676 1707 2760 1753 est
2808 1702 3086 1771 originalis
3139 1704 3359 1760 tristitia
3406 1726 3420 1759 :

1874 1772 2018 1842 quod
2047 1782 2245 1843 praesto
2284 1787 2388 1845 est,
2421 1796 2532 1850 quo
2589 1797 2780 1857 magna
2828 1788 2925 1844 Dei
2960 1806 3087 1862 erga
3111 1809 3212 1849 nos
3235 1795 3425 1865 provi-

203 1884 298 1922 κει
329 1869 507 1937 γένος,
562 1866 651 1922 διὰ
694 1868 794 1937 τῆς
844 1865 1086 1937 μεγάλης
1136 1866 1231 1920 τοῦ
1263 1865 1397 1921 Θεοῦ
1442 1867 1768 1936 κηδεμονίας

1871 1860 2055 1918 dentia
2097 1864 2380 1923 aboleatur
2433 1856 2737 1939 primorum
2787 1856 3071 1946 parentum
3114 1856 3424 1941 maledictio

203 1960 341 2030 περὶ
366 1959 543 2030 ἡμῶν,
564 1961 597 2029 ἡ
617 1960 869 2027 ἀφάνισις
893 1959 1121 2030 πάρεστι
1138 1978 1152 1990 ο
1176 1960 1271 2014 καὶ
1290 1964 1515 2030 τοιαύτη
1532 1962 1769 2032 σήμερον

204 2048 343 2118 ἡμῖν
390 2048 598 2103 ἀνωθεν
653 2047 1070 2118 ιπιὸραθεύεται
1134 2048 1327 2120 δωρεὰ,
1377 2051 1451 2113 ὡς
1482 2051 1557 2121 μὴ
1603 2051 1768 2120 μόνην

203 2138 426 2210 ικείνην
456 2138 854 2209 ιξαναιρεῖσθαι
879 2140 976 2210 τὴν
1009 2140 1167 2214 ἀράν,
1189 2140 1324 2196 ἀλλά
1354 2142 1448 2195 καί⁵
1478 2141 1767 2210 σύμπασαν

200 2233 338 2304 ἡμῖν
383 2230 718 2300 εὐλογεῖσθαι
747 2232 850 2301 τὴν
894 2231 1054 2298 φύσιν
1074 2250 1089 2265 ·
1134 2232 1228 2286 κ(ιή⁸
1252 2233 1637 2304 καταργεῖσθαι
1666 2235 1766 2306 μὲν

198 2329 265 2383 τὸ
287 2333 391 2401 τῆς
409 2333 641 2395 παλαιᾶς
664 2330 861 2401 ιχθρας
881 2332 1211 2402 μεσότοιχον,
1230 2333 1449 2400 ἀγάπην
1474 2332 1531 2385 δὲ
1562 2330 1763 2402 μεταξὺ

198 2423 342 2478 Θεοῦ
382 2423 480 2477 καὶ
502 2422 799 2495 ἀνθρώπων
824 2423 920 2476 καὶ
947 2423 1167 2494 είρήνην
1196 2424 1516 2493 ἑξανίσχειν.

282 2517 561 2586 Ἱερεμίας
611 2513 711 2585 μιν
736 2513 767 2566 ό
818 2512 927 2567 τῶν
974 2513 1269 2586 προφητῶν
1317 2515 1763 2584 συμπαθέστατος

198 2608 300 2662 καὶ
330 2609 605 2669 θειότατος
638 2606 947 2677 ῦὸωράίτεῖ
975 2609 1042 2677 τῇ
1062 2607 1293 2676 κεφαλῇ,
1330 2609 1425 2660 καὶ
1462 2609 1646 2678 πηγὴν
1668 2612 1762 2662 δα-

197 2701 389 2768 κρύων
418 2702 531 2762 τοῖς
574 2699 890 2769 ὀφθαλμοῖς,
940 2699 1079 2751 ὥστε
1132 2701 1250 2752 κατ’
1288 2699 1441 2764 ἀξίαν
1493 2700 1760 2770 θρηνῆσαι

193 2786 564 2858 δυστυχοῦντα
613 2787 704 2840 τδν
764 2788 999 2858 Ἰσραήλ.
1048 2786 1204 2857 Ἐμοὶ
1239 2788 1294 2840 δὲ
1342 2788 1425 2851 τίς
1482 2790 1639 2843 δώσει
1690 2792 1756 2861 τῇ

427 2878 607 2950 πηγὴν
642 2880 858 2934 δννοιῶν
896 2880 1079 2944 θείων,
1127 2880 1224 2934 καὶ
1250 2882 1360 2945 τοῖς
1389 2880 1565 2947 λόγοις
1590 2899 1754 2933 ποτα-

194 2974 321 3045 μῶν
344 2970 562 3042 εὔροιαν
591 2972 821 3042 ἀγαθὴν,
844 2971 986 3025 ὥστε
1008 2972 1071 3025 τὸ
1101 2972 1243 3041 μέγα
1268 2972 1421 3036 κλέος
1449 2972 1756 3045 ἐξαγγεῖλαι

188 3066 295 3136 τῆς
329 3060 611 3139 παρούσης
636 3066 832 3136 χαρᾶς,
872 3064 969 3119 καὶ⁸
992 3063 1092 3134 τὴν
1137 3064 1441 3135 ὑπερϐολὴν
1476 3066 1573 3135 τῆς
1606 3064 1755 3128 θείας

194 3157 609 3229 μεγαλοδωρεᾶς
654 3156 895 3222 αίνόσαι;
948 3157 1010 3209 οὐ
1052 3159 1172 3211 κατ’
1218 3154 1375 3221 ἀξίαν
1418 3156 1751 3225 (ἀνέφικτον
1778 3184 1821 3242 c

189 3246 303 3315 γάρ
333 3245 503 3308 οὕτως
530 3244 760 3315 ὑμνεῖν),
777 3245 895 3300 ἀλλ’
925 3244 1050 3298 ὅσον
1078 3247 1249 3298 εἰπεῖν
1269 3244 1392 3315 ἐμοί
1418 3263 1477 3297 τε
1507 3244 1749 3315 θεμιτὸν,

192 3336 293 3389 καὶ
320 3338 429 3398 τοῖς
461 3335 718 3390 ἀκούουσι
750 3335 1012 3406 χωρητόν.
1052 3334 1302 3388 Γενέθλια
1340 3335 1375 3404 ή
1424 3336 1748 3405 πανήγυρις,

188 3422 237 3483 ὦ
270 3428 449 3497 φίλοι·
482 3427 700 3496 γενέσια
753 3427 990 3498 Μαρίας,
1047 3426 1148 3496 τῆς
1183 3427 1275 3480 τὸν
1322 3427 1559 3496 Χριστὸν
1619 3427 1748 3497 ήμῖν

193 3521 339 3590 μετά
376 3520 545 3573 ταῦτα
584 3520 678 3573 τὸν
704 3515 834 3572 Θεὸν
872 3518 1280 3589 γεννησαμένης
1301 3533 1317 3548 ⁸
1350 3519 1451 3589 τῆς
1474 3518 1749 3589 ἀσπόρως,

189 3611 475 3683 ἀχράντως
516 3610 609 3664 τὸν
666 3611 986 3681 ὐπερούσιον
1028 3610 1200 3678 Λόγον
1253 3611 1347 3663 καὶ
1381 3611 1749 3681 ἀπερίληπτον

191 3705 288 3755 καὶ
312 3700 597 3771 ἀσώματον
617 3738 633 3764 ,
667 3704 733 3770 τῇ
766 3702 1044 3770 σωματικῇ
1085 3700 1181 3754 καί⁵
1216 3700 1465 3771 ήμετέρᾳ
1514 3719 1749 3775 καταμι-

189 3792 357 3862 gis-.1;
400 3794 599 3863 μορφῇ.
648 3791 864 3862 Ταύτης
885 3792 983 3860 τὴν
1010 3792 1263 3862 γέννησιν
1296 3794 1533 3872 σήμερον
1554 3794 1745 3864 ἑορτά-

189 3901 284 3937 σαι
310 3883 658 3954 συνήλθομεν,
702 3883 789 3935 ῖνα
816 3883 925 3937 τῶν
960 3885 1262 3953 μεγαλείων
1314 3887 1481 3957 αὐτῆς
1513 3887 1745 3941 αἰνέσω-

191 3993 294 4046 μεν
330 3976 427 4047 τὴν
476 3976 681 4046 ἀρχὴν,
710 3969 786 4030 ὧν
832 3976 1092 4047 εὐδόκησα
1143 3979 1317 4032 ποιεῖν
1361 3978 1390 4030 ό
1430 3978 1653 4044 δυνατὸς
1682 3980 1742 4033 ὲν

186 4068 350 4138 αὐτῇ.

256 4324 475 4379 Πολλῶν
508 4326 616 4397 γάρ
664 4327 755 4381 καὶ
807 4327 1066 4397 ἀπείρων,
1110 4331 1371 4401 οὐμενοῦν
1398 4335 1521 4388 ὅσον
1564 4336 1740 4392 εἰπεῖν

180 4416 430 4485 δυνατὸν,
477 4419 1005 4490 ἀποκαλυπτομένων
1051 4422 1457 4494 μεγαλουργιῶν
1486 4428 1545 4481 έν
1575 4430 1734 4501 αὐτῇ,

1869 1946 2008 2017 ἰιιει,⁵
2029 1954 2117 2009 cui
2146 1955 2442 2012 obnoxium
2473 1957 2675 2016 factum
2704 1964 2884 2020 fuerat
2912 1969 3222 2025 uniVersum
3252 1988 3426 2043 genus

1867 2049 2219 2105 mortalium:
2275 2053 2487 2122 taleque
2543 2056 2699 2111 nobis
2746 2058 2907 2115 hodie
2947 2064 3160 2119 coalitus
3215 2065 3421 2121 donum

1864 2150 2219 2211 praerogatur,
2254 2152 2316 2198 ut
2354 2146 2554 2200 nedum
2579 2148 2888 2206 maledictio
2912 2152 3002 2207 illa
3022 2156 3418 2226 exstinguatur,

1863 2232 1959 2288 sed
1998 2243 2055 2288 et
2072 2236 2250 2290 omnis
2277 2237 2437 2292 nobis
2463 2232 2659 2297 n'atura
2681 2240 3055 2311 benedicatur,
3077 2246 3418 2317 destruatur-

1862 2338 1969 2405 que
1988 2326 2191 2381 veteris
2251 2325 2553 2385 inimicitias
2585 2332 2798 2396 medius
2855 2335 3055 2405 paries,
3109 2353 3173 2393 ac
3199 2339 3421 2396 dilectio

1862 2396 2034 2469 Déum
2069 2406 2213 2473 inter
2264 2429 2322 2475 et
2372 2423 2627 2494 homines
2670 2396 2882 2496 paxque
2911 2396 3140 2484 oriatur.

1931 2505 2199 2568 Jeremias
2234 2502 2477 2581 quidem‘
2490 2515 2879 2584 prophetarum
2936 2516 3417 2578 miserantissimus

1860 2610 1925 2651 ac
1952 2597 2345 2667 divinissimus,
2379 2619 2574 2672 aquam
2621 2606 2783 2675 capiti
2811 2609 2977 2676 petit,
3026 2620 3211 2681 'atque
3244 2614 3414 2669 oculis

1860 2688 2064 2745 fontem
2092 2691 2556 2763 lacrymarum,-ut
2585 2711 2685 2766 pro
2699 2699 2905 2753 meritis
2936 2698 3203 2757 infelicem
3230 2702 3411 2775 lugeat

1857 2780 2110 2836 lsraelem
2143 2783 2166 2816 ⁸
2194 2802 2209 2850 ;
2242 2785 2376 2839 mihi
2422 2802 2555 2841 vero
2574 2788 2699 2858 quis
2748 2789 2898 2845 dabit
2918 2791 3067 2865 cordi
3101 2793 3409 2848 divinorum

1859 2869 2062 2925 fontem
2087 2883 2415 2943 conceptum
2448 2872 2611 2946 atq'ue
2632 2893 2936 2946 sensorum,
2964 2881 3255 2953 verbisque
3268 2884 3409 2939 facili

1857 2961 2077 3032 lenique
2110 2979 2248 3019 vena
2301 2962 2655 3024 detinentium
2730 2970 3017 3028 ﬂuminum
3068 2978 3299 3045 copiam,
3352 2989 3412 3034 ut

1857 3055 2140 3122 praesentis
2167 3057 2347 3125 gaudii
2384 3061 2643 3129 magnum-
2664 3062 2831 3118 decus
2874 3066 3180 3131 enuntiare,
3212 3069 3410 3124 divini-

1855 3161 1963 3213 que
1990 3148 2167 3216 magni
2205 3147 2335 3201 doni
2371 3151 2747 3207 cxcellientiam
2780 3155 3001 3210 laudare
3026 3159 3232 3211 valeam
3257 3160 3406 3216 'Inon

1850 3254 1917 3292 ex
1944 3238 2207 3308 dignitate
2237 3240 2359 3309 (nec
2381 3241 2526 3294 enim
2557 3244 2635 3298 sic
2661 3244 2882 3299 laudare
2913 3263 3227 3303 concessum
3253 3251 3358 3320 est)
3388 3292 3403 3315 ,

1849 3328 1944 3383 sed
1977 3338 2240 3398 quantum
2266 3340 2379 3398 tum
2406 3333 2539 3386 mihi
2562 3330 2784 3389 laodare
2809 3337 2959 3402 licet,
2991 3348 3102 3393 tum
3129 3340 3406 3397 auditores

1844 3402 2045 3488 capere
2072 3431 2320 3490 possunt.
2377 3422 2501 3478 Dies
2532 3424 2727 3481 natalis
2751 3435 2855 3490 est,
2887 3429 3045 3483 amici
3079 3432 3092 3483 ῐ
3130 3447 3293 3500 quam
3317 3448 3404 3487 ce-

1848 3508 2153 3564 lebritatem
2207 3512 2438 3582 agimus,
2492 3515 2675 3570 Maria:
2723 3518 2924 3582 natale,
2958 3535 3026 3573 ex
3086 3537 3193 3590 qua
3246 3522 3403 3577 nobis

1849 3609 2035 3668 postea
2058 3598 2310 3655 Christus
2326 3602 2468 3657 Deus
2499 3590 2753 3661 nascetu‘r
2778 3624 2793 3673 ;
2833 3610 2951 3679 ejus
2979 3612 3257 3674 nimirum,
3284 3630 3405 3683 qua:
3469 3621 3473 3624 ’

1847 3692 1966 3746 sine
2001 3693 2229 3759 semine,
2278 3693 2599 3751 intemerate
2655 3698 2806 3753 omni
2856 3703 3031 3772 majus
3091 3703 3403 3760 substantia

1846 3785 2087 3840 Verbum
2117 3785 2739 3860 incomprehensumque
2759 3798 2813 3846 et
2837 3792 3233 3864 incorporeum,
3285 3814 3405 3853 cor-

1843 3890 2025 3945 poreae
2050 3885 2357 3947 nostraeque
2383 3894 2446 3932 ac
2484 3876 2735 3935 humana:
2760 3874 2948 3939 fdrmaa
2970 3893 3030 3939 ut
3050 3887 3401 3953 coalesceret,

1844 3966 1995 4021 fecit.
2057 3965 2229 4037 Hujus
2252 3969 2431 4024 natale
2456 3970 2781 4027 celebraturi
2809 3973 2972 4028 hodie
3010 3976 3362 4031 convenimus
3381 4017 3401 4044 ,

1844 4065 1905 4112 ut
1949 4057 2067 4128 ejus
2116 4059 2447 4129 magnalium
2491 4054 3106 4130 ekordiumlaudemus,
3160 4083 3281 4137 quae
3341 4067 3397 4122 in

1840 4163 1926 4213 ea,
1994 4151 2087 4218 qui
2155 4160 2348 4220 potens
2403 4162 2487 4209 est
2525 4154 2568 4220 ⁸,
2596 4170 2862 4224 propensa
2884 4157 3166 4213 voluntate
3213 4159 3397 4215 facere

1838 4242 2033 4298 voluit.
3033 4253 3051 4285 ‘

1911 4342 2048 4397 Cum
2099 4344 2244 4397 enim
2278 4345 2448 4400 multa
2495 4355 2551 4401 et
2598 4348 2825 4417 infinita,
2850 4366 2914 4406 ac
2936 4367 3056 4420 qua:
3083 4335 3267 4410 nullus
3307 4373 3395 4412 re-

1838 4433 1980 4489 ferre
2031 4435 2225 4504 possit,
2269 4434 2322 4489 in
2374 4452 2439 4491 ea
2484 4437 2693 4493 detecta
2736 4440 2845 4505 sint
2890 4444 3172 4512 magniﬁca
3230 4462 3395 4515 opera

180 4507 341 4561 τοῦτο
368 4509 578 4577 πρῶτον
597 4512 690 4563 καὶ
710 4511 1176 4581 θαυμασιώτατον,
1199 4516 1292 4570 τὸν
1310 4517 1621 4589 ὑπερφυοῦς
1640 4523 1735 4594 τῆς
1759 4526 1773 4585 ]

1855 4533 2000 4593 itque
2045 4539 2294 4588 munera,
2328 4526 2565 4594 primum
2602 4526 2743 4581 istud
2791 4507 3389 4604 mirabilissimumque,

180 4601 488 4671 γεννήσεως
511 4601 711 4670 τρόπον
732 4602 1016 4673 ὑπερφυῶς
1048 4606 1527 4674 προωτεόἀλλετο.
1561 4612 1736 4664 Ἀνω-

180 4692 275 4744 θεν
297 4692 408 4762 γὰρ
439 4693 473 4758 ή
506 4692 663 4762 σοφία
691 4694 795 4764 πρὸ
817 4676 1025 4749 αἰώνων
1052 4698 1151 4760 τὰς
1180 4698 1287 4751 τῶν
1316 4703 1611 4772 γινομένων
1644 4705 1733 4759 bc-

178 4783 367 4845 ϐάσεις
399 4782 710 4851 προορῶσα,
740 4784 1013 4853 ἀναλόγως
1053 4789 1166 4851 τοῖς
1198 4788 1403 4843 τέλεσιν
1448 4792 1734 4848 ὐποόἁλλει

174 4875 277 4927 καὶ
298 4874 399 4936 τὰς
422 4874 615 4945 ἀρχάς.
655 4875 866 4948 Ἐπειδὴ
890 4874 983 4932 οὖν
1016 4878 1239 4949 ἔμελλεν
1273 4882 1335 4935 οὐ
1371 4886 1550 4956 μήτηρ
1575 4888 1734 4957 μόνον

174 4966 512 5038 χρηματίσαι
547 4966 702 5034 Θεοῦ,
732 4968 866 5022 ἀλλά
894 4971 991 5024 καὶ
1034 4971 1277 5043 θυγάτηρ
1327 4975 1470 5028 κατά
1512 4977 1727 5048 πνεῦμα

172 5057 471 5124 υἱοθεσίας,
532 5057 663 5111 ἀλλά
710 5060 800 5112 καὶ
850 5060 1061 5130 βασιλὶς
1103 5064 1200 5128 καὶ
1246 5064 1408 5136 κυρία
1452 5068 1560 5120 τῶν
1592 5069 1729 5123 ὅλων

173 5147 644 5219 ἀναρρηθήσεσθαι
668 5189 685 5215 ,
734 5152 823 5218 δια
861 5153 960 5221 τῆς
1008 5153 1425 5223 ὐπεραγνὼστου
1470 5159 1608 5229 πρὸς
1640 5162 1726 5214 τὸν

176 5238 298 5291 libs
322 5238 583 5309 ὑψώσεως
610 5242 703 5294 καὶ
725 5243 1032 5314 ἀναγωγῆς,
1057 5245 1144 5299 διὰ
1168 5249 1321 5302 τοῦτο
1354 5250 1442 5303 καὶ
1476 5252 1509 5321 ή
1544 5252 1729 5324 σύλληο

172 5332 263 5399 ψις
309 5334 474 5396 εὐθὺς
519 5334 665 5406 ξένη,
698 5338 790 5389 καὶ
818 5340 850 5409 ἡ
885 5340 1019 5409 πρὸς
1047 5341 1137 5394 τὸν
1162 5342 1275 5411 βίον
1310 5345 1479 5414 αὐτῆς
1524 5347 1723 5409 εἴσοδος

173 5427 541 5494 καινοπρεπής
562 5439 580 5456 °
621 5426 709 5479 διὰ
732 5427 837 5480 τῶν
867 5432 1102 5499 ήττόνων
1152 5436 1284 5504 πρὸς
1326 5438 1426 5507 τὴν
1466 5439 1573 5492 τῶν
1601 5458 1720 5509 μει-

170 5512 341 5574 ζόνων
368 5515 537 5585 αὐτὴν
572 5517 884 5572 όδοποιοῦσσ.
933 5523 1133 5581 πίστιν.
1175 5528 1323 5581 Ἔδει
1367 5530 1474 5599 γὰρ
1510 5533 1717 5586 οἴκοθεν

1830 4628 1977 4678 eum,
2020 4614 2115 4684 qui
2188 4625 2438 4669 naturam
2489 4632 2702 4671 omnem
2760 4620 2996 4684 excedit,
3035 4622 3390 4694 divinumque

1827 4708 2023 4761 altiore
2041 4722 2203 4777 supra
2229 4716 2479 4762 naturam
2498 4709 2653 4764 modo
2673 4710 3019 4788 diviniusque
3032 4718 3390 4784 pmstrucbat

1828 4800 2127 4856 nativitatis
2148 4802 2390 4856 modum.
2438 4802 2714 4873 Sapientia
2735 4805 2905 4872 enim,
2922 4807 3032 4878 jam
3051 4816 3163 4862 tum
3186 4825 3216 4863 a
3238 4812 3387 4879 prin-

1830 4894 1973 4963 cipio
2017 4903 2143 4948 ante
2168 4894 2385 4959 secula,
2418 4910 2606 4949 eorum
2649 4912 2769 4965 qua:
2827 4900 2957 4954 (lant
2981 4910 3212 4957 eventus
3246 4919 3383 4973 prac-

1828 4986 2041 5051 videns,
2096 5002 2195 5056 pro
2222 4987 2411 5042 [inium
2442 4990 2650 5042 ratione
2670 5006 2907 5061 congrue
2955 4994 3220 5062 principia
3254 4994 3383 5047 sub-

1830 5077 1929 5131 dit.
1976 5077 2129 5143 Quod
2164 5078 2325 5148 igitur
2350 5078 2588 5133 futurum
2615 5090 2757 5148 erat,
2774 5091 2834 5136 ut
2860 5082 3058 5137 nedum
3092 5085 3186 5138 Dei
3213 5085 3381 5137 Mater

1828 5169 2062 5232 audiret,
2092 5169 2187 5224 sed
2220 5178 2276 5223 et
2305 5169 2733 5225 ﬁlia'secundum
2766 5175 3016 5243 spiritum
3072 5175 3377 5243 adoptionis

1828 5260 2083 5323 ﬁliorum,
2122 5260 2216 5314 sed
2258 5270 2314 5315 ct
2341 5262 2534 5333 regina
2563 5267 2728 5333 atque
2757 5265 2972 5319 domina
3001 5266 3373 5319 universorum

1825 5353 2217 5418 celebraretur,
2266 5370 2363 5423 per
2390 5356 2785 5425 ignotissimam
2810 5374 2876 5413 ex
2904 5358 3021 5412 Filii
3066 5359 3372 5413 rationibus

1820 5444 2197 5499 cxaltationcm
2231 5447 2535 5515 celsamque
2566 5449 2944 5511 elevationem,
2981 5448 3369 5502 idcircoetiam

1823 5537 2106 5605 conceptio
2129 5538 2308 5592 statim
2352 5539 2511 5605 nova,
2541 5541 2768 5627 cjusgue
2816 5544 2868 5597 in
2898 5542 3063 5594 vitam
3092 5542 3371 5612 ingressus

171 5602 364 5674 ιχουσα
389 5607 487 5676 τῆς
511 5607 604 5661 τοῦ
628 5609 765 5664 Θεοῦ
790 5611 1065 5682 δυνάμεω;
1104 5617 1173 5670 τὰ
1199 5618 1588 5701 ὑποδείγματα,
1622 5627 1715 5679 καὶ

1858 5629 1955 5681 lira
2004 5638 2153 5681 extra
2180 5645 2335 5682 usum
2367 5631 2575 5686 ratione
2602 5652 2615 5662 ·
2664 5602 2783 5703 τιυυ
2810 5631 3064 5686 nimirum
3090 5650 3154 5689 ex
3190 5634 3367 5690 mino-'-

230 5786 249 5814 '
297 5783 429 5841 Luc.
466 5804 503 5855 ι,
535 5788 621 5846 69.
698 5791 717 5822 ’
749 5790 851 5846 lsa.
884 5808 941 5857 ιι,
968 5794 1047 5849 10.
1091 5830 1094 5834 .
1130 5795 1371 5853 ‘Je‘ran
1398 5799 1475 5867 vix,
1508 5802 1553 5854 l.

2596 5710 2615 5742 Ι

1659 5806 1679 5835 ⁵
1710 5803 1838 5861 Luc.
1873 5825 1885 5859 ι
1915 5806 1996 5859 49.
