3950 6320
551 349 621 417 to
1418 336 1421 351 ”
1736 360 2026 423 NICETIS
2062 361 2579 425 PAPHLAGONIS
3676 359 3750 429 ευ

538 430 702 500 ’γὶὶιιιε
728 440 795 498 ad
828 443 1093 515 majorum
1122 444 1172 501 ei
1206 445 1364 500 fidem
1385 446 1527 500 viam
1558 455 1846 504 sterneret.
1872 448 2103 506 Decebat

2207 451 2341 522 πρὸς
2382 451 2479 521 τὴν
2510 450 2863 523 στειρωτικήν
2892 450 2992 523 τῆς
3026 450 3225 524 μητρὸς
3248 449 3500 523 γέννησιν
3546 452 3747 525 δρῶσαι

546 535 694 588 enim
728 592 734 598 ,
769 542 828 589 ut
854 549 975 604 quae
1010 551 1039 587 a
1068 551 1125 588 se
1151 534 1349 589 divinae
1378 534 1604 591 haberet
1630 538 1884 606 potentia:
1915 553 2101 593 exem-

550 624 659 693 pla,
686 633 849 692 atque
878 622 946 677 ad
980 624 1193 689 matris,
1236 640 1344 695 qua
1380 635 1806 697 susceptaesset,
1844 630 2104 685 sterilita-

548 722 657 767 tem
686 712 999 783 respiceret,
1031 730 1133 770 nec
1180 718 1336 788 cujus
1372 718 1599 775 nuntius
1633 719 1710 773 illi
1751 720 2102 786 atterebatur,

547 805 843 877 virginitati
890 807 1049 863 tidem
1103 810 1390 867 abnueret.
1442 813 1642 870 Verum
1664 802 1965 876 videamus,
2010 815 2104 884 qui

544 898 666 966 ejus
698 899 999 955 secundum
1020 888 1237 957 carnem
1259 903 1465 959 fuerint
1490 912 1765 974 parentes,
1796 915 2106 974 quantaque

548 987 669 1043 fulti
737 992 966 1058 virtute,

547 1095 679 1152 pere
704 1083 745 1138 ⁸.

620 1172 754 1240 Quis
786 1176 950 1247 igitur
968 1179 1143 1235 nescit
1164 1181 1410 1239 Joachim
1436 1195 1492 1241 et
1518 1187 1747 1251 Annam,
1778 1189 1873 1260 qui
1908 1190 2105 1246 divinas

553 1266 777 1324 infantis
812 1283 1065 1339 parentes
1087 1276 1351 1331 exsistant
1379 1319 1394 1343 ,
1429 1296 1526 1350 par
1558 1281 1688 1336 illud
1719 1280 2106 1339 venerabileac

554 1362 901 1433 religiosum?
945 1365 1078 1433 Quis
1103 1368 1175 1424 ita
1197 1372 1401 1449 tardus,
1429 1376 1550 1445 quis
1578 1376 1631 1430 in
1663 1375 1865 1431 divinis
1888 1378 2109 1433 Litteris

549 1454 631 1509 sic
665 1458 1005 1527 peregrinus,
1035 1469 1219 1518 utnon
1260 1453 1461 1530 teneat,
1495 1476 1578 1521 ter
1602 1466 1790 1522 beatos
1836 1468 1961 1523 illos
1996 1485 2109 1524 om-

548 1542 636 1599 nis
660 1545 880 1614 pietatis
906 1562 970 1603 ac
988 1548 1234 1621 justitiaa,
1271 1569 1370 1625 per
1396 1571 1538 1619 eam,
1572 1573 1677 1627 qua
1701 1557 1954 1614 vixerunt
1976 1569 2103 1616 teta-

554 1646 684 1700 tem,
721 1653 993 1695 summum
1046 1644 1305 1701 verticem
1349 1649 1577 1719 adeptos
1616 1653 1782 1706 esse?
1830 1655 2005 1724 Atque
2049 1652 2103 1711 id

550 1730 931 1796 manifestum,
992 1735 1190 1790 nedum
1248 1754 1314 1795 ex
1352 1739 1551 1807 fructu,
1584 1758 1744 1817 quem
1787 1761 1895 1801 non
1937 1746 2108 1817 magis

548 1834 771 1888 precum
807 1820 1082 1888 instantia,
1145 1842 1305 1897 quam
1330 1842 1529 1886 natura
1552 1832 1681 1889 faeta
1710 1814 2103 1906 germinarunt,

530 1929 740 1969 'verum
772 1918 934 1972 etiam
960 1934 1025 1973 ex
1049 1920 1264 1976 illorum
1294 1922 1541 1991 historia,
1561 1936 1681 1998 qua:
1708 1928 2013 2001 inculpatos
2028 1932 2107 1993 eis

551 2022 749 2073 mores,
776 2010 1046 2081 vitamque
1096 2014 1207 2069 Deo
1249 2015 1498 2085 placitam
1533 2034 1597 2075 ac
1628 2030 1893 2088 sanctam,
1933 2025 2107 2080 ascri-

546 2097 809 2164 bit;cum
864 2118 1034 2173 genus
1088 2104 1143 2159 in
1190 2106 1446 2163 Davidem
1481 2126 1542 2166 ac
1571 2112 1765 2168 Judam
1816 2115 2105 2183 referrent,

550 2206 874 2263 morumque
904 2196 1239 2266 ingenuitate
1261 2216 1423 2272 atque
1450 2204 1650 2260 indolis
1682 2207 1976 2277 probitate.
2008 2226 2109 2265 nec

548 2299 658 2338 non
702 2287 1078 2344 mandatorum
1122 2292 1219 2346 Dei
1275 2294 1543 2361 custodia,
1586 2310 1804 2353 omnem
1853 2299 2105 2355 lsraelem

546 2376 921 2435 nobilitarent.

622 2470 685 2525 lii
725 2473 1007 2539 nimirum,
1042 2491 1164 2531 cum
1200 2479 1415 2535 virtutis
1439 2496 1604 2537 censu
1642 2483 1743 2553 (nti
1773 2483 1978 2539 dictum
2004 2485 2106 2555 est)

548 2562 743 2620 divites
772 2574 974 2633 essent,
1022 2570 1154 2640 quin
1204 2581 1258 2627 et
1303 2574 1533 2629 terrenis
1578 2576 1737 2630 bonis
1780 2576 2104 2645 amuerent;

548 2673 743 2730 nempe
804 2662 1074 2733 gregibus,
1125 2666 1518 2737 armentisque,
1567 2683 1629 2723 ac
1694 2669 1901 2741 reliqua
1958 2671 2105 2725 omni

551 2751 851 2808 substantia
880 2754 1000 2809 fulti
1019 2767 1222 2823 essent,
1258 2775 1366 2815 uno
1425 2760 1530 2816 hoc
1579 2762 1752 2817 solum
1792 2779 1821 2818 a
1867 2754 2104 2833 perfecta

548 2838 804 2898 felicitate
829 2859 885 2900 se
913 2845 1103 2903 abesse
1132 2849 1541 2922 existimabant,
1569 2851 1712 2920 quod
1760 2867 1953 2922 nempe
1984 2852 2109 2907 abs-

548 2948 655 3001 que
679 2933 865 2989 liberis
898 2930 1349 2994 consenuerant:
1378 2926 1639 3011 erantque
1688 2942 1866 2997 omnia
1905 2942 2109 2998 doloris

548 3025 728 3095 plena,
766 3043 828 3083 ac
853 3030 1107 3084 maestitia
1151 3042 1346 3086 cuncta
1395 3034 1725 3103 oppleverat,
1782 3034 1925 3103 quod
1964 3034 2107 3090 haud

547 3128 704 3169 secus
747 3131 810 3171 ac
836 3124 1061 3172 vetustae
1090 3117 1255 3184 Sarae,
1290 3098 1566 3175 menstrua
1587 3122 1756 3177 Annae
1778 3123 1895 3178 fieri
1925 3123 2104 3179 desie-

546 3213 669 3259 rant
686 3207 707 3236 "
737 3222 750 3271 ;
775 3222 875 3262 nec
901 3208 1181 3265 Joachimo
1207 3219 1639 3276 eratsuccessor,
1659 3228 1761 3269 nec
1776 3215 2102 3269 cernebatur

544 3296 636 3364 qui
687 3297 904 3353 familia:
954 3299 1189 3356 scintilla
1222 3300 1383 3357 foret.
1440 3302 1748 3358 Accedebat
1787 3314 1843 3360 et
1882 3305 2103 3360 irritans

545 3388 846 3468 vicinorum
871 3392 1237 3461 exprobratio,
1260 3388 1327 3457 ac
1355 3405 1615 3466 quantum
1653 3413 1755 3452 nec
1793 3398 1897 3453 dici
1924 3407 2104 3469 potest

546 3476 701 3545 aegrae
733 3482 931 3535 mentis
968 3481 1176 3539 doloris
1205 3498 1425 3574 sensum
1461 3487 1846 3541 succendebat.
1876 3488 1952 3545 Ac
1978 3490 2103 3559 qui-

545 3565 668 3620 dem
699 3568 941 3626 Joachim
966 3572 1205 3643 duplicia
1226 3565 1373 3629 dona
1402 3576 1908 3634 Domiuooﬂ'erebat
1932 3598 1946 3645 ;
1980 3596 2101 3634 cum

548 3657 636 3713 his
666 3658 805 3715 forte
850 3662 1021 3718 Deum
1048 3665 1391 3737 prOpitiaret,
1424 3682 1486 3721 ac
1535 3668 1787 3723 orbitatis
1841 3671 2100 3740 probrum

546 3766 575 3802 a
597 3765 654 3803 se
677 3750 874 3821 depelli
906 3769 1064 3822 posse
1094 3756 1375 3827 cogitaret.
1402 3758 1769 3814 Nihilominus
1798 3770 1976 3816 tamen
2023 3762 2103 3816 sic

545 3818 761 3914 quoque
786 3847 839 3900 in
873 3818 1505 3908 iisdeminafecunditatis
1533 3854 1752 3922 probris
1806 3857 2053 3912 manebat
2084 3900 2098 3922 ,

547 3934 721 3991 donec
755 3938 967 3993 tandem
1002 3941 1085 4019 vir
1110 3942 1290 4012 justus
1320 3953 1621 4005 extremum
1670 3947 1778 4015 jam
1811 3948 1975 4001 an‘imi
2002 3963 2102 4001 an-

546 4023 668 4078 xius
693 4035 746 4079 et
774 4026 1110 4103 humiliatus,
1144 4031 1455 4087 carnalibus
1495 4035 1777 4103 despectis
1796 4035 2015 4100 hostiis,
2048 4045 2103 4089 et

550 4115 746 4185 quibus
786 4102 1085 4187 imperfecti
1131 4121 1444 4191 imperfecte
1475 4102 1701 4195 obsequi
1735 4142 1794 4181 sc
1833 4136 1890 4180 et
1926 4126 2104 4181 indul-

548 4220 675 4273 gere
703 4203 1030 4279 existimant,
1084 4211 1257 4279 iisque
1282 4220 1347 4279 ut
1378 4230 1497 4283 quae
1533 4230 1637 4268 non
1667 4216 1958 4271 admodum
1991 4217 2104 4286 pla:

549 4307 730 4360 ceant,
761 4304 979 4369 spretis,
1032 4304 1357 4359 sacriﬁcium
1389 4306 1498 4361 Deo
1528 4308 1781 4376 spiritum
1814 4308 2099 4362 contribu-

549 4390 717 4444 latum
742 4401 905 4445 cteor
949 4396 1238 4449 contritum
1272 4414 1334 4452 ac
1388 4399 1731 4453 humiliatum
1759 4400 2098 4454 oﬂ‘e’rendum

2202 542 2334 613 μηδέ
2360 541 2457 613 τὴν
2490 542 2977 613 εὑαγγελιξομένην
3011 543 3232 613 ὕστερον
3274 543 3413 616 αὐτῇ
3455 544 3751 615 παρθενίαν
3838 540 3841 541 ν

2201 635 2465 689 ἀπιστεῖν.
2520 636 2659 689 Ἀλλ’
2703 636 2899 706 ἴδωμεν
2939 636 3080 699 τίνες
3108 637 3275 708 αὐτῆς
3318 640 3368 691 0i
3402 637 3542 692 κατά
3570 640 3750 706 σάρκα

2197 722 2398 789 1τοκεῖς,
2434 726 2526 780 παλ⁸
2547 728 2715 781 ὁποῖοι
2734 728 2831 798 τὴν
2855 729 3073 798 ἀρετὴν,
3099 729 3193 783 καὶ
3217 731 3363 791 ὅπως
3389 728 3484 798 τὴν
3510 727 3601 781 τοῦ
3641 727 3748 779 Ἰα-

2201 814 2317 869 κὼε
2377 816 2653 888 καλλονὴν,
2704 819 2771 889 ἢν
2790 821 3073 891 ἠγάπησεν
3111 822 3141 873 ὁ
3188 822 3410 887 Κύριος,
3436 818 3585 871 αὐτοὶ
3619 835 3752 870 κατο-

2200 907 2510 980 ηξιώθησαν
2538 913 2798 966 ἐκτεκεῖν.
3283 936 3286 939 λ

1052 1004 1110 1050 et
1161 997 1436 1065 quomodo
1485 998 1716 1068 speciem
1785 997 1972 1067 Jacob,
2017 1016 2179 1071 quam
2219 1002 2363 1057 Deus
2416 1004 2623 1069 dilexit,
2691 1004 2791 1075 ipsi
2842 1005 3143 1059 meruerint
3184 1003 3405 1075 gignere
3455 1018 3518 1059 ac
3571 1001 3750 1059 susci-
3820 1006 3833 1019 ί

2271 1196 2369 1261 Τίς
2397 1196 2494 1249 οὐκ
2536 1190 2675 1250 οἶδεν
2730 1195 2982 1266 Ἰωακεὶμ
3031 1197 3123 1249 καὶ
3152 1197 3369 1259 Ἀνναν,
3419 1196 3755 1265 γεννήτορας

2158 1270 2165 1281 ί
2201 1286 2359 1350 ὄντας
2383 1287 2482 1356 τῆς
2510 1286 2788 1351 θεόπαιδος
2807 1330 2822 1354 ,
2851 1288 2948 1358 τὴν
2973 1288 3159 1356 τιμίαν
3195 1286 3455 1356 ξυνωρίδα
3498 1286 3591 1339 καὶ
3633 1286 3757 1339 θεο-

2202 1375 2369 1446 φιλὴς
2404 1377 2495 1430 καὶ
2526 1376 2606 1439 τίς
2658 1374 2798 1429 οὕτω
2856 1375 3051 1445 βραδὺς
3079 1416 3093 1435 ,
3148 1375 3230 1435 τίς
3276 1374 3415 1428 οὕτω
3454 1375 3561 1427 τῶν
3594 1374 3759 1427 θείων

2202 1471 2434 1542 Γραφῶν
2450 1470 2863 1533 ἀνεπίσκεπτος,
2890 1467 3016 1521 ὥστ’
3050 1468 3262 1536 ἀγνοεῖν
3287 1468 3366 1520 ὅτι
3397 1467 3574 1535 πάσης
3600 1466 3760 1519 εὐσε-

2208 1562 2359 1626 ϐείας
2404 1562 2500 1615 atat
2529 1560 2872 1631 δικαιοσύνης
2909 1559 3051 1614 κατά
3088 1559 3185 1630 τὴν
3230 1558 3435 1612 ἑαυτῶν
3476 1558 3666 1627 γενεὰν
3694 1558 3760 1611 τὸ

2210 1655 2503 1727 ἀκρότατον
2526 1655 2575 1708 οἱ
2622 1654 2989 1725 τρισμάκαρες
3029 1652 3397 1722 ἀπηνέγκαντο
3423 1669 3437 1715 ;
3472 1650 3582 1705 Καὶ
3602 1648 3763 1705 τοῦτο

2212 1748 2386 1819 δῆλον,
2417 1749 2517 1802 οὐκ
2557 1749 2626 1802 ἐκ
2654 1747 2747 1801 τοῦ
2792 1744 3005 1817 καρποῦ
3037 1746 3214 1816 μόνον,
3239 1745 3297 1798 ὃν
3339 1746 3435 1815 οὐχ
3464 1738 3625 1816 ἦττον
3667 1745 3761 1799 διά

2207 1841 2573 1913 προσευχῆςῆ
2625 1841 2835 1912 φύσεως
2878 1839 3234 1909 ἐϐλάστησαν,
3274 1838 3406 1891 ἀλλά
3435 1840 3527 1891 καὶ
3556 1839 3618 1890 ἐκ
3654 1838 3761 1902 τῆς

2206 1935 2332 2003 περὶ
2361 1933 2538 1987 αὐτῶν
2570 1933 2826 2002 ἱστορίας,
2856 1930 3141 2000 ἄμεμπτον
3160 1929 3433 1984 πολιτείαν
3446 1919 3546 1982 ’καὶ
3568 1930 3765 2000 εὐάρε-

2208 2044 2332 2081 στον
2377 2026 2453 2095 τῷ
2479 2024 2598 2096 Θεῷ
2649 2024 2761 2094 βίον
2789 2023 2934 2094 βιοῦν
2961 2023 3142 2085 αὐτοῖς
3174 2019 3590 2091 ἀναγραφούσης
3609 2037 3623 2051 ·
3674 2020 3772 2094 εἰς.

2206 2117 2369 2172 Δαὸὶδ
2398 2117 2496 2187 μὲν
2531 2117 2621 2171 καὶ
2671 2116 2869 2170 Ἰούδαν
2890 2115 2960 2167 «ab
2990 2114 3143 2181 γένος
3176 2112 3563 2182 ἀναφέροντας,
3597 2113 3762 2179 εὐγε-

2205 2210 2327 2281 νείᾳ.
2371 2209 2428 2263 δέ
2468 2209 2684 2281 τρόπων
2739 2208 2832 2261 καὶ
2886 2206 3033 2277 ἠθῶν
3074 2204 3458 2277 καλοκαγαθίᾳ,
3483 2203 3600 2258 ικαὶ
3647 2202 3765 2256 τῶν

2206 2286 2637 2375 προσταγμάτων
2656 2296 2905 2354 τοῦΘεοῦ
2931 2296 3165 2368 φυλακῇ,
3186 2296 3304 2351 ὅλον
3326 2294 3767 2365 ἐξευγενίξοντας

2208 2397 2297 2450 τὸν
2339 2393 2570 2467 Ἰσραήλ.
2975 2392 2979 2404 ’

2318 2482 2431 2543 ὗτοι
2462 2478 2555 2540 τὸν
2593 2483 2837 2548 πλοῦτον,
2881 2484 2956 2548 ὡς
2994 2482 3240 2556 εἴρηται,
3281 2480 3627 2546 πλουτοῦντες
3657 2481 3766 2552 τῆς
3826 2526 3829 2534 .

2207 2580 2425 2651 ἀρετῆς,
2460 2557 2731 2650 βρίθοντες
2753 2578 2808 2631 δὲ
2839 2578 2930 2630 καὶ
2957 2579 3068 2639 τοῖς
3092 2576 3200 2629 ἀπὸ
3232 2576 3334 2645 γῆς
3369 2574 3612 2643 ἀγαθοῖς,
3631 2591 3762 2627 ποτε

2211 2669 2380 2740 μνίοις
2418 2670 2513 2722 καὶ
2545 2666 2841 2738 βουκολίοις
2870 2665 2963 2719 καὶ
2992 2666 3155 2718 πᾶσιν
3186 2664 3364 2727 ἄλλοις
3384 2662 3766 2735 αύταρκούμε-

2206 2780 2284 2816 νοι
2317 2760 2779 2833 περιουσιασμοῖς,
2808 2757 2886 2811 ἐνὶ
2907 2757 3081 2827 τούτῳ
3116 2754 3259 2826 μόνῳ
3284 2755 3383 2825 τῆς
3419 2752 3625 2817 τελείας
3654 2770 3763 2823 μα-

2210 2853 2547 2925 καριωσύνης
2580 2852 2898 2906 ὑπώπτευον
2950 2849 3228 2917 ἀστοχεῖν·
3279 2847 3492 2902 ἄτεκνοι
3520 2845 3627 2914 γάρ
3663 2845 3764 2899 τὸν

2212 2945 2323 3016 βίον
2352 2946 2706 3015 κατεγήρων·
2744 2942 2839 2996 καὶ
2892 2943 3067 2997 πάντα
3113 2939 3287 3010 λύπης
3339 2938 3509 3009 μεστὰ
3537 2934 3626 3008 ἦν,
3663 2937 3767 2990 καὶ

2209 3039 2650 3109 ἀθυμίαςάὑτοῖς
2673 3036 2741 3090 τὰ
2771 3035 2947 3090 πάντα
2994 3032 3349 3104 πεπλήρωτο·
3380 3031 3461 3084 δτι
3489 3032 3553 3101 τῇ
3589 3030 3765 3100 Ἀννᾳ

2132 3139 2174 3198 c
2212 3133 2309 3201 μέν
2340 3129 2481 3184 κατὰ
2505 3128 2601 3198 τὴν
2624 3126 2859 3181 παλαιὰν
2906 3125 3123 3198 Σάρραν
3174 3124 3421 3190 ἐξέλιπον
3464 3123 3533 3175 τὰ
3565 3138 3763 3190 γυναι-

2207 3226 2358 3276 κεῖα·
2388 3220 2466 3292 τῷ
2506 3221 2562 3273 δὲ
2589 3219 2828 3290 διάδοχος
2846 3218 2944 3271 οὐκ
2962 3212 3051 3288 ἦν,
3088 3214 3182 3270 καὶ
3231 3216 3261 3268 ὁ
3297 3213 3391 3268 τοῦ
3427 3213 3612 3282 γένους
3657 3214 3765 3282 οὐχ

2201 3315 2380 3385 ὡρᾶτο
2407 3312 2658 3384 σπινθὴρ.
2690 3310 2798 3366 Καὶ
2820 3309 2954 3379 πρὸς
2977 3306 3185 3371 τούτοις
3212 3306 3239 3359 ὁ
3260 3307 3323 3360 ἐκ
3342 3305 3597 3374 γειτόνων
3625 3304 3767 3357 ὐπο-

2204 3406 2425 3477 σμύχων
2450 3403 2749 3474 ὀνειδισμὸς
2769 3445 2784 3470 ,
2810 3403 2910 3456 οὐκ
2942 3402 3086 3455 ἐστιν
3114 3401 3235 3453 ὅσον
3270 3400 3441 3452 εἰπεῖν
3470 3396 3767 3463 ὑπεξέκαιε

2203 3501 2300 3569 τὴν
2328 3498 2647 3568 δυσθυμίαν.
2678 3496 2790 3549 Καὶ
2818 3496 3121 3565 προσέφερε
3145 3491 3244 3563 μὲν
3278 3490 3533 3560 Ίωακεὶμ
3569 3489 3765 3559 Κυρίῳ

2202 3592 2271 3645 τὰ
2291 3592 2437 3662 δῶρα
2458 3589 2647 3642 διπλᾶ·
2671 3588 2878 3649 τούτοις
2899 3585 3057 3655 τυχὸν
3078 3583 3437 3654 δεξιούμενος,
3460 3581 3552 3635 καὶ
3579 3580 3640 3633 τὸ
3660 3579 3766 3646 τῆς

2205 3686 2455 3747 ἀπαιδίας
2504 3682 2700 3744 ὄνειδος
2756 3677 3204 3747 ὑπολογιζόμενος
3250 3675 3468 3743 φυγεῖν·
3514 3672 3670 3742 ἔμενε
3700 3672 3767 3724 δὲ

2206 3755 2673 3841 καὶόὓτως-ὀὺδέν
2694 3766 2857 3845 ἦττον
2882 3772 2938 3825 ἐν
2971 3772 3081 3831 τοῖς
3117 3767 3325 3837 ὁμοίοις
3361 3768 3458 3835 τῆς
3482 3764 3767 3836 ἀκαρπίας

2202 3872 2541 3939 ὀνειδισμοῖς,
2565 3866 2668 3929 ἕως
2689 3866 2767 3927 είς
2800 3863 2949 3927 τέλος
2980 3863 3008 3915 ὁ
3035 3861 3240 3923 δίκαιος
3267 3858 3634 3929 ἀπορούμενος
3662 3858 3767 3911 καὶ

2202 3960 2642 4030 ταπεινούμενος,
2674 3954 2780 4009 τῶν
2812 3954 2911 4024 μὲν
2936 3952 3211 4024 σαρκικῶν
3238 3949 3458 4013 θυσιῶν,
3481 3948 3573 4002 καὶ
3603 3942 3680 4010 οἷς
3707 3949 3767 4000 ot

2204 4055 2408 4116 ἀτελεῖς
2449 4051 2651 4113 ἀτελῶς
2696 4047 3012 4120 χαρίζεσθαι
3051 4045 3386 4116 νομίζουσιν,
3416 4042 3624 4113 ἀμελεῖ,
3660 4044 3767 4094 καὶ

2204 4146 2278 4208 ὡς
2300 4125 2375 4197 οὐ.
2392 4145 2529 4198 πάνυ
2558 4140 2792 4210 θελητῶν
2840 4138 3007 4191 ὄντων
3046 4137 3322 4207 ὑπερορᾷ·
3376 4134 3564 4187 θυσίαν
3597 4131 3651 4184 δέ
3680 4132 3767 4202 τῷ

2202 4239 2355 4309 Θεῷ,
2397 4237 2611 4305 πνεῦμα
2662 4232 3117 4304 συντετριμμένον
3171 4228 3266 4282 καὶ
3318 4226 3544 4298 καρδίαν
3570 4240 3763 4277 συντε-

2139 4372 2143 4375 »
2200 4332 2503 4401 τριμμένην
2536 4328 2628 4382 καὶ
2661 4323 3130 4394 τεταπεινωμένην
3165 4319 3447 4390 διεγνώκει
3484 4332 3769 4388 καρποφοτ

2208 4429 2318 4497 ρεῖν
2338 4444 2351 4457 ·
2386 4426 2479 4477 καὶ
2506 4423 2571 4475 δι’
2598 4418 2919 4493 ἐγκρατείας
2952 4418 3043 4471 καὶ
3073 4416 3374 4487 προσευχῆς
3420 4412 3513 4466 τοῦ
3564 4409 3768 4464 ποθου-

546 4496 725 4549 Operae
767 4486 996 4551 pretium
1051 4485 1259 4552 duxit’,
1290 4489 1569 4559 creditque
1598 4506 1693 4560 per
1712 4491 2102 4545 continentiam

2210 4516 2368 4588 μένου
2403 4514 2644 4568 πιστεύει
2673 4510 3149 4583 καταδράττεσθαι.

511 4583 603 4657 ⁸ει
640 4576 940 4630 orationem
961 4580 1427 4647 apprehensurum
1458 4598 1536 4647 se,
1574 4584 1729 4654 cujus
1756 4599 1899 4653 aeger
1934 4583 2100 4639 animi

537 4667 827 4745 'desiderio
852 4678 992 4723 erat.

616 4764 719 4830 Qui
764 4765 909 4819 enim
934 4767 1259 4824 sanctissimi
1316 4770 1551 4839 Spiritus
1582 4770 1978 4857 sanctissimum
2015 4772 2101 4842 pi-

490 4866 495 4871 '
548 4873 686 4928 gnus
706 4848 1089 4919 aNacrarium
1108 4869 1248 4916 esset
1275 4864 1577 4932 geniturus,
1602 4848 1831 4916 [decebat
1859 4864 2098 4933 ejusdem

550 4950 787 5021 primum
811 4950 1048 5021 Spiritus
1089 4951 1286 5007 divinis
1310 4954 1579 5008 amatibus
1610 4955 1898 5023 repletum,
1945 4972 2100 5011 sacro

550 5043 893 5113 spiritalique
959 5043 1233 5098 desiderio
1300 5046 1366 5098 ad
1431 5053 1751 5119 conceptum
1804 5046 2098 5101 confovcri.

548 5134 795 5199 Quonam
853 5134 1021 5202 igitur
1055 5132 1216 5187 modo
1245 5148 1358 5187 rem
1415 5134 1683 5203 praestat?
1732 5134 2108 5191 Communicat

550 5226 767 5294 quidem
800 5226 951 5279 uxori
978 5226 1223 5280 divinum
1245 5204 1423 5280 animo
1440 5237 1771 5297 assumptum
1798 5229 2104 5283 consilium.

550 5318 869 5371 Communis
901 5317 1042 5371 enim
1074 5317 1357 5381 ambobus,
1381 5319 1455 5374 uti
1487 5321 1763 5385 sterilitas,
1800 5322 1877 5375 sic
1904 5331 2103 5374 etcura

552 5407 914 5475 suscipienda:
949 5410 1137 5479 prolis;
1168 5420 1455 5481 monetque
1482 5414 1712 5469 aliorum
1736 5415 1974 5467 omnium
2003 5429 2099 5466 cu-

555 5513 643 5551 ras
700 5498 1043 5566 postltabere.
1088 5502 1401 5582 jejupioque
1468 5519 1524 5559 et
1582 5504 1907 5559 confessioni
1940 5511 2100 5570 atque

554 5586 815 5659 precibus
841 5586 1107 5646 assiduam
1132 5607 1271 5657 esse,
1294 5594 1473 5658 donec,
1502 5594 1697 5661 inquit,
1729 5610 1758 5642 α
1796 5592 1939 5644 nobis
1962 5589 2101 5643 Deus

627 5784 967 5852 ‘Psal.x1.vt.
997 5790 1046 5845 5,
1187 5792 1318 5845 Cen.
1363 5802 1508 5846 xvltl,
1542 5785 1619 5838 Η.
1671 5789 1689 5817 ⁸
1723 5788 1861 5845 Psal.
1899 5805 1945 5856 L,
1988 5786 2068 5843 l9.

2276 4763 2379 4816 Τὸν
2417 4760 2525 4832 γὰρ
2566 4759 2661 4813 τοῦ
2704 4757 2970 4827 παναγίου
3023 4755 3339 4826 Πνεύματος
3387 4751 3648 4823 μέλλοντα
3695 4748 3768 4803 rb

2207 4854 2508 4922 ἁγιώτατον
2561 4852 2839 4922 κειμήλιον
2887 4852 3148 4911 ἐκτεκεῖν,
3177 4848 3280 4899 ἐδει
3325 4844 3416 4899 τοῦ
3446 4843 3769 4911 Πνεύματος

2207 4947 2369 5001 αὑτοῦ
2400 4947 2615 5017 πρῶτον
2644 4945 2752 4997 τῶν
2785 4943 2941 4995 θείων
2978 4940 3345 5007 πληρούμενον
3368 4934 3673 5005 ἐνεργειῶν,
3700 4932 3769 4997 ἐξ

2210 5042 2358 5109 ἱερᾶς
2401 5058 2459 5093 τε
2487 5040 2577 5091 καὶ
2612 5032 2986 5104 πνευματικῆς
3014 5031 3147 5099 πρὸς
3178 5028 3275 5096 τὴν
3318 5028 3510 5097 κύησιν
3546 5024 3767 5092 διαθερ-

2210 5132 2473 5202 μανθῆναι
2496 5124 2826 5197 προθυμίας.
2862 5122 2981 5183 Πῶς
3010 5117 3102 5172 οὖν
3136 5119 3290 5171 τοῦτο
3319 5122 3490 5184 ποιεῖς
3522 5118 3767 5170 Ἀνακοι-

2207 5226 2387 5279 νοῦται
2428 5221 2526 5290 μὲν
2564 5220 2626 5287 τῇ
2665 5215 2880 5285 συζύγῳ
2928 5214 3018 5266 τὸν
3064 5210 3243 5266 ἔνθεον
3272 5212 3557 5281 λογισμόν·
3606 5210 3763 5280 κοινὴ

2208 5319 2312 5384 γὰρ
2344 5314 2561 5379 ἀμφοῖν,
2588 5310 2774 5379 ὥσπερ
2804 5310 2836 5379 ἡ
2867 5310 3168 5377 στείρωσις,
3196 5306 3336 5359 οὕτω
3374 5307 3465 5359 καὶ
3506 5305 3603 5375 τῆς
3633 5319 3762 5357 παι-

2206 5404 2445 5474 δογονίας
2480 5405 2752 5473 ἠφροντίς
2778 5418 2793 5432 ·
2827 5400 2919 5453 καὶ
2944 5401 3155 5452 πάντων
3200 5398 3416 5467 ἀμελεῖν
3448 5398 3553 5450 τῶν
3585 5396 3758 5449 ἄλλων

2210 5498 2517 5566 παρεγγυᾷ·
2542 5494 2762 5567 νηστείᾳ
2783 5493 2839 5545 δὲ
2862 5492 2954 5545 καὶ
2969 5491 3343 5560 ἐξομολογήσει
3368 5489 3458 5543 καὶ
3483 5487 3757 5558 προσευχῇ

2210 5590 2654 5659 προσκαρτερεῖν,
2688 5585 2860 5655 ἄχρις
2900 5582 2973 5637 ἂν
3002 5583 3067 5649 ἐξ
3091 5581 3277 5654 ἡμῶν,
3330 5580 3475 5652 φησὶ,
3513 5577 3757 5647 περιέλιι
