3950 6320
244 271 3407 341 W

3321 307 3405 321 ψ

1480 503 1647 548 ANNO
1688 501 1907 547 DOMINI
1950 501 2173 544 DCCCXC
2185 529 2195 541 .

796 721 1925 940 NICETAS
2059 570 3010 931 DAVI'D‘

1339 1103 2338 1289 PA‘PHLAGO

679 1598 1175 1693 NOTITIA
1272 1546 1907 1688 HISTORICA
2003 1596 2171 1682 ET,
2228 1589 2996 1681 NLITTEBARIA.

794 1814 915 1878 (Leo
943 1815 1195 1874 Αιιιτιοε,
1224 1808 1437 1860 Diatriba
1456 1810 1518 1860 de
1539 1807 1738 1869 Nicetis,
1764 1820 1841 1871 ap.
1866 1807 1975 1857 lat.
2005 1803 2226 1857 Bibiiotlt.
2250 1818 2375 1867 non,
2402 1806 2487 1868 VI,
2510 1810 2632 1869 part.
2656 1819 2709 1864 ιι,
2735 1818 2782 1868 p.
2808 1803 2878 1866 5.)

1715 1988 1722 1995 .
1790 1986 1864 1999 ...-

307 2150 465 2203 Inter
494 2143 638 2199 varia
662 2141 975 2211 cognomina
1020 2148 1075 2193 et
1094 2138 1415 2209 dignitatum
1458 2133 1647 2191 titulos
1672 2150 1836 2190 unum
1873 2135 2112 2192 Nicetam
2136 2134 2434 2190 latitantem
2454 2171 2472 2200 ,
2506 2136 2601 2191 sed
2630 2142 2848 2205 propter
2872 2132 3059 2190 eadem
3094 2131 3434 2187 incommode

240 2242 303 2294 ln
342 2239 537 2309 plures
555 2232 842 2299 variosque
860 2237 1023 2296 atque
1044 2227 1350 2281 immaniter
1373 2226 1627 2291 divisum,
1660 2224 1707 2280 si
1736 2224 1854 2280 ﬁeri
1887 2233 2087 2295 potest,
2109 2224 2224 2281 suis
2244 2224 2492 2295 partibus
2524 2224 2794 2294 integrum
2835 2223 2890 2277 in
2927 2223 3165 2279 medium
3189 2222 3432 2279 adduca-

247 2346 402 2388 mus.
448 2327 574 2382 Fuit
625 2324 670 2379 is
714 2320 1041 2392 Byzantinus
1068 2325 1124 2372 et
1174 2316 1440 2387 Paphlago
1497 2318 1698 2373 dictus.
1756 2317 1991 2372 Joannes
2045 2315 2276 2387 Scylitza
2321 2316 2378 2371 in
2442 2317 2707 2387 proamio
2750 2331 2861 2372 sua
2899 2315 3185 2371 historia:
3248 2315 3305 2369 '0
3331 2316 3437 2382 γὰρ

252 2418 617 2489 Δαφνοπάτης
640 2412 925 2481 Θεόδωρος,
960 2408 1198 2477 Νικήτας
1223 2406 1251 2457 ὁ
1278 2405 1597 2471 Παφλαγὼν,
1631 2406 1821 2476 Ἰωσὴφ
1858 2404 2120 2469 Γενέσιος,
2149 2405 2244 2461 καὶ
2274 2406 2525 2477 Μανουὴλ
2563 2408 2611 2459 oi
2658 2405 2958 2471 Βυζάντιοι,
2986 2405 3293 2476 Νικηφόρος
3319 2404 3436 2462 διὰ-

246 2528 409 2574 novo;
432 2505 597 2576 Φρὺξ,
643 2504 734 2557 καὶ
756 2502 825 2553 τὰ
849 2499 993 2567 ἑξῆς.
1024 2496 1261 2565 Namque
1286 2493 1577 2548 Theodorus
1598 2492 1806 2562 Daphne

1877 2504 1983 2561 ita,
2008 2495 2217 2565 Νίσαια
2238 2495 2532 2567 Paphlago,
2571 2497 2823 2568 Iosephus
2858 2496 3126 2560 Genetius,
3155 2505 3203 2550 et
3228 2492 3437 2550 Mante!

254 2598 569 2673 Byzantini,
605 2594 919 2662 Nicephorus
954 2588 1198 2673 diaconus
1250 2585 1447 2655 Phryx,
1494 2595 1600 2638 etc.
1654 2583 1731 2636 Ex
1754 2582 1984 2653 Scylitza
2039 2598 2149 2641 Sua
2179 2586 2361 2641 hausit
2399 2586 2700 2642 Cedrenus.
2758 2582 3043 2643 censentit
3084 2588 3239 2643 hisce
3280 2587 3431 2643 Nice-

251 2668 466 2765 phorus
492 2686 743 2747 Callistus
773 2681 907 2736 Hist.
937 2678 1060 2732 ecct.
1084 2668 1184 2731 lib.
1226 2692 1332 2740 xxv,
1381 2676 1469 2728 28.
1498 2674 1603 2729 Sed
1660 2673 1953 2745 Paphlago,
1976 2690 2337 2765 cognomenne
2383 2679 2565 2742 fuerit.
2599 2696 2666 2762 an
2718 2680 3064 2750 episcopatus
3093 2682 3302 2745 titulus,
3318 2681 3441 2751 quis

251 2761 485 2838 extricet
524 2777 545 2828 ?
583 2775 744 2830 Plane
782 2771 837 2825 in
880 2766 1065 2823 multis
1122 2766 1501 2835 manuscriptis
1571 2766 1767 2835 legitur

1880 2765 2079 2835 Γικήτας
2127 2761 2512 2838 Παφλαγονίας,
2557 2761 2765 2825 Nicetes
2827 2770 3217 2841 Paphlagoniae,
3271 2781 3333 2826 ut
3385 2773 3440 2828 in

261 2874 456 2927 codice
486 2869 741 2925 Vaticano
768 2863 921 2925 i246,
968 2872 1023 2918 et
1046 2870 1166 2915 ante
1204 2858 1375 2912 Vitam
1419 2858 1605 2928 lgnatii
1638 2857 1976 2928 patriarcha.
2031 2858 2097 2912 Et
2130 2858 2306 2927 potuit
2337 2874 2547 2932 Quoque
2570 2879 2690 2919 esse
2717 2880 2783 2919 ex
2814 2863 3195 2934 Paphlagonia,
3222 2864 3315 2918 sed
3339 2866 3442 2936 By-

254 2964 476 3018 zantina
517 2960 733 3015 civitate
761 2956 1023 3009 donatus:
1081 2966 1255 3019 neque
1303 2948 1358 3003 id
1394 2949 1713 3017 probatione
1745 2941 1869 3018 egei
1895 2966 1908 3001 :
1959 2956 2086 3003 sunt
2130 2948 2273 3003 enim
2305 2963 2489 3005 omnes
2517 2953 2762 3009 omnium
2787 2955 3113 3025 scriptorum
3148 2956 3346 3011 charta
3376 2956 3443 3011 de

254 3054 455 3109 alienis
484 3052 537 3105 in
572 3050 721 3103 cives
750 3045 998 3116 proprios
1022 3043 1204 3098 as’citis
1234 3056 1264 3095 a
1288 3040 1599 3095 civitatibus
1638 3039 1826 3109 plena.
1868 3038 1936 3095 Et
1964 3040 2304 3109 episcopatus
2333 3041 2708 3113 Paphlagonia
2736 3047 2920 3101 nullus
2945 3055 3187 3117 apparet.
3240 3043 3366 3103 Fuit
3398 3046 3444 3101 is

253 3158 483 3214 quoque
518 3135 848 3194 binominis:
906 3147 1137 3202 namque
1188 3140 1244 3185 et
1291 3130 1510 3185 Davidis
1552 3129 1813 3197 appellatit

1882 3143 1913 3183 e
1950 3128 2263 3198 insignitur.
2312 3129 2449 3186 Hinc
2506 3135 2704 3203 sapius
2746 3137 2957 3207 Νικήτα
2998 3138 3090 3191 τοῦ
3132 3141 3228 3193 καὶ
3257 3139 3440 3202 Δαυῖδ,

258 3238 460 3292 Niceti:
481 3233 569 3303 qui
598 3240 647 3284 et
680 3226 847 3283 David
875 3242 894 3291 ;
939 3234 996 3281 et
1022 3225 1268 3279 absolute
1293 3239 1323 3277 a
1357 3221 1634 3276 nonnullis
1655 3221 1862 3276 Nicetas
1892 3220 2058 3276 David
2085 3223 2405 3293 appellatur.
2456 3224 2525 3279 Et
2546 3226 2765 3280 videant
2787 3229 2881 3299 qui
2906 3229 3070 3285 David
3109 3232 3213 3287 hoc
3245 3249 3444 3303 cogno-

261 3335 514 3382 mentum
567 3321 734 3376 l'uisse
784 3317 1026 3385 tradunt,
1059 3331 1167 3385 quo
1215 3330 1271 3368 se
1309 3313 1532 3367 fulciant
1555 3310 1924 3367 fundamento.
1976 3312 2037 3367 lu
2059 3312 2329 3384 aliquibus
2371 3314 2648 3372 codicibus
2667 3319 3113 3377 adnectiturloco
3156 3323 3368 3380 Davidis
3394 3338 3444 3381 et

259 3413 645 3487 Paphlagonis,
691 3408 996 3478 Δαδύὸρων,
1040 3404 1424 3475 Dadybrorum,
1449 3403 1540 3473 qui
1560 3410 1679 3455 erat
1703 3401 2043 3472 episcopatus
2086 3403 2185 3457 sub
2211 3402 2506 3475 Gangrensi
2534 3405 2927 3480 Paphlagonia.
2985 3411 3121 3468 Hinc
3141 3429 3309 3485 arguo
3336 3432 3443 3472 non

264 3506 414 3560 male
440 3502 840 3573 Dadybrensem
865 3498 1199 3568 episcOpum,
1246 3494 1451 3549 dictum
1493 3494 1657 3548 etiam
1681 3492 2097 3563 Paphlagonem,
2127 3494 2221 3563 qui
2255 3510 2448 3565 nempe
2472 3498 2770 3566 possideret
2825 3501 2881 3557 in
2926 3502 3284 3577 Paphlagonia
3337 3510 3447 3579 epi-

260 3607 569 3667 scopatum.
621 3593 759 3648 Huic
785 3590 1001 3646 additur
1029 3601 1245 3659 quoque
1297 3600 1497 3640 nomen
1526 3582 1820 3655 philowplii

1884 3586 2093 3656 Νικήτα
2132 3585 2225 3639 τοῦ
2255 3587 2347 3641 καὶ
2370 3587 2533 3642 Δαυῒδ
2557 3589 2653 3642 τοῦ
2684 3592 2989 3663 φιλοσόφου.
3032 3596 3247 3663 Nicator,
3285 3603 3372 3670 qui
3395 3609 3444 3653 et

266 3689 462 3753 David,
505 3686 811 3757 philosophi,
858 3691 919 3737 ut
949 3682 1090 3737 clare
1116 3680 1335 3735 videtur
1361 3680 1414 3734 in
1463 3677 1745 3734 codicibus
1781 3678 2165 3749 manuscriptis
2186 3680 2459 3736 Vaticanis
2511 3683 2634 3745 544,
2684 3684 2783 3740 385
2822 3696 2877 3742 et
2918 3689 3042 3745 679.
3099 3688 3165 3745 Et
3202 3692 3254 3745 in
3301 3694 3444 3759 aliis,

264 3784 421 3837 nullo
449 3783 556 3836 alio
576 3779 780 3843 addito,
819 3779 1032 3848 Νικήτα
1059 3776 1152 3829 τοῦ
1195 3767 1506 3847 φιλοσόφου,
1538 3774 1753 3858 ’Νἱεειιε
1782 3791 1824 3845 Pl

1882 3773 2092 3846 losophi,
2118 3790 2227 3828 non
2293 3775 2437 3845 quod
2474 3785 2681 3831 tantum
2716 3777 3015 3837 institutum
3056 3788 3442 3843 monachorum

263 3874 570 3946 professus,
614 3871 707 3927 sed
737 3870 881 3941 quod
932 3870 1073 3923 inter
1102 3867 1204 3921 alia
1229 3866 1569 3936 potissimum
1599 3865 1704 3921 sibi
1725 3866 2083 3937 philosophia
2133 3881 2330 3922 munus
2362 3867 2678 3935 ascriberet,
2729 3872 2913 3939 qualea
2952 3876 3197 3946 plerique
3240 3892 3306 3932 eo
3331 3894 3445 3933 avo

270 3965 451 4027 fuere,
479 3974 535 4016 et
556 3952 758 4031 primus
788 3960 931 4015 inter
960 3973 1055 4013 eos
1074 3958 1280 4012 ὑπάτου
1301 3958 1409 4011 τῶν
1429 3956 1728 4027 φιλοσόφων
1753 3958 1830 4013 ιίιι

1886 3973 1911 4012 ο
1939 3958 2409 4012 cohonestabatur.
2472 3958 2648 4025 Quare
2686 3960 2774 4014 hic
2810 3960 2977 4018 fuerit
2993 3966 3228 4032 Nicetas,
3265 3971 3357 4038 qui
3390 3981 3446 4025 et

271 4054 386 4107 alio
418 4052 637 4107 nomine
686 4050 853 4105 David
892 4050 1221 4115 vocabatur,
1279 4050 1640 4121 Byzantinus‘,
1690 4048 1951 4119 dignitate
2000 4049 2388 4121 philosophus,
2432 4051 2804 4122 Dadybrorum
2857 4054 2911 4109 in
2937 4052 3294 4129 Paphlagonia
3346 4062 3446 4115 sub

268 4146 581 4217 Gangrensi
605 4146 893 4216 episcopus
922 4163 936 4199 :
983 4154 1038 4200 et
1066 4145 1268 4210 omnia,
1307 4160 1427 4215 qua
1448 4144 1550 4199 sub
1579 4143 1781 4200 Niceta
1801 4145 2020 4199 nomine
2042 4144 2440 4200 diversishiscc
2475 4146 2645 4203 titulis
2668 4148 2734 4202 ad
2766 4148 2942 4203 varios
2964 4148 3290 4218 referuntur,
3318 4152 3446 4211 huic
3552 4152 3560 4169 '

269 4242 379 4300 soli
400 4241 746 4294 vindicantur
785 4241 886 4311 (a).

349 4330 560 4384 Floruit
588 4330 735 4385 circa
761 4329 960 4383 Leonis
983 4338 1038 4383 et
1060 4327 1396 4383 Constantini
1429 4336 1690 4397 tempora,
1728 4335 1787 4381 ut
1809 4328 2079 4397 colligitur
2105 4342 2173 4380 ex
2218 4327 2482 4397 proamio
2516 4327 2649 4382 Vita
2674 4328 2844 4381 sancti
2875 4326 3064 4395 lgnatii
3102 4334 3444 4400 patriarcha,

267 4436 443 4491 quam
487 4420 577 4474 ille
603 4435 778 4490 neque
833 4420 1047 4473 indocte
1084 4434 1258 4488 neque
1306 4418 1636 4489 ineleganter
1680 4418 1827 4472 conci

1887 4418 2026 4472 navit
2053 4438 2066 4473 :
2106 4420 2166 4471 Εἰ
2198 4419 2253 4471 δὲ
2294 4422 2384 4472 καὶ
2424 4419 2558 4487 πρὸς
2596 4420 2704 4479 τοῖς
2733 4418 2987 4487 ,ἐσχάτοις
3008 4461 3023 4485 ,
3076 4423 3172 4491 καὶ
3199 4426 3307 4486 τοῖς
3331 4428 3447 4479 καθ’

267 4488 428 4584 ἡμῖὶς
450 4511 656 4575 τούτοις
676 4488 983 4581 ἐγγίζοντες
1020 4512 1232 4581 τύχοιεν
1255 4488 1483 4582 καιροῖς,
1524 4510 1704 4580 πολλῷ
1756 4511 1954 4580 μᾶλλον
1987 4512 2591 4582 ἀξιομνημονευτότατοι
2630 4510 2695 4563 ἂν
2726 4506 2832 4563 εἷεν
2887 4488 3282 4580 ἀπάντωνίκαὶ
3335 4517 3451 4581 ἀξι-

268 4604 573 4668 επαίνετοι,
596 4605 670 4667 ὡς
707 4605 839 4657 πολὺ
868 4604 1026 4656 πλέον
1064 4604 1361 4672 οἰκοδομεῖν
1394 4610 1457 4672 τῇ
1496 4604 1752 4673 ὲγγύτητι
1773 4603 2057 4672 δυνάμενοι
2089 4604 2185 4673 τὴν
2224 4603 2543 4671 Ἐκκλησίαν
2570 4618 2583 4630 ’
2609 4602 2668 4654 τὸ
2704 4604 2808 4672 γὰρ
2832 4601 3051 4673 ἀρχαῖον
3076 4608 3168 4660 καὶ
3191 4607 3447 4677 πάμπολυ

271 4696 418 4747 κατὰ
448 4694 635 4765 χρόνον
666 4694 906 4758 διεστὼς,
940 4696 989 4748 εί
1014 4695 1111 4747 καὶ
1134 4693 1441 4748 πιστεύεται
1472 4698 1537 4766 τῇ
1570 4694 1877 4765 ἀξιοπιστίᾳ
1908 4699 2003 4764 τῆς
2037 4697 2278 4766 Γραφῆς,
2312 4695 2443 4748 ἀλλὰ
2468 4695 2559 4746 καὶ
2599 4694 2787 4747 θᾶττον
2809 4696 2874 4747 ἂν
2926 4699 3036 4758 τοῖς
3075 4698 3283 4762 πολλοῖς
3315 4702 3449 4771 πρὸς

273 4786 376 4856 τὴν
411 4788 640 4861 μίμησιν
683 4784 1125 4851 ἀπογινώσκοιτο,
1176 4782 1538 4852 λογιζομένοις
1577 4783 1652 4846 ὡς
1679 4784 1940 4851 κρεῖττον,
1991 4784 2024 4853 ἢ
2055 4786 2191 4838 κατὰ
2224 4787 2320 4853 τὴν
2361 4782 2652 4851 παροῦσαν,
2692 4784 2796 4833 τῶν
2827 4784 3207 4856 πρεσϐυτέρων
3226 4788 3446 4840 ἐκείνων

274 4875 594 4943 δυναμένων
618 4873 909 4944 κατορθοῦν
933 4874 1123 4942 γενεάν
1155 4889 1170 4906 ο
1197 4874 1297 4926 ὅσα
1322 4873 1366 4925 δ’
1394 4872 1458 4925 ἂν
1480 4875 1591 4933 τοῖς
1622 4871 1740 4924 καθ’
1768 4872 1911 4943 ἡμᾶς
1944 4872 2331 4941 κατορθοῦσθαι
2368 4870 2665 4923 πιστεύοιτο
2708 4874 2933 4941 καιροῖς,
2981 4875 3175 4940 μᾶλλον
3199 4875 3262 4928 ἂν
3294 4872 3444 4944 οἶμαι

274 4965 451 5018 ταῦτα
477 4962 823 5033 παρακνίζειν
847 4965 973 5027 τοὺς
996 4963 1427 5032 εὐσεϐεστέρους,
1457 4964 1705 5028 καὶ¹πρὸς
1722 4962 1811 5015 τὸν
1845 4962 1955 5014 ἴσον
1980 4963 2075 5031 τῆς
2098 4964 2293 5032 ἀρετῆς
2320 4961 2629 5031 διερεθίζειν
2653 4964 2828 5031 ζῆλον
2849 4964 2934 5016 διὰ
2958 4965 3126 5017 ταῦτά
3153 4984 3239 5036 μοι
3264 4966 3445 5018 τοῦτον

278 5062 638 5127 ἐνστήσασθαι
666 5060 761 5115 νῦν
785 5057 874 5130 ζτῷ
904 5056 1045 5126 λόγῳ
1066 5056 1155 5108 τὸν
1185 5055 1367 5124 ἀγῶνα
1396 5072 1411 5085 ο
1437 5055 1525 5107 καί
1568 5071 1655 5123 μοι
1680 5054 1902 5122 σφοδρὸς
1943 5054 2103 5116 πόθος
2146 5054 2495 5123 κατακὰρδιος
2523 5054 2785 5121 ἀληθινοῖς
2829 5055 3122 5125 διηγήμασι
3150 5056 3239 5107 καὶ
3272 5056 3443 5123 πάσης

281 5152 603 5222 προλήψεως
627 5151 1058 5221 ἀπηλλαγμένοις
1090 5146 1343 5216 ψεύδους,
1377 5146 1467 5198 τὸν
1509 5146 1677 5213 μέγαν
1706 5144 1982 5213 ἱεράρχην,
2017 5145 2109 5196 καὶ
2154 5144 2380 5211 ποιμένα
2408 5144 2503 5213 τῆς
2523 5144 2782 5212 βασιλίδος
2829 5145 3079 5209 Ίγνάτιον
3114 5146 3212 5197 ὑπό
3242 5162 3300 5210 γε
3326 5147 3440 5214 Θεῴ

284 5243 557 5313 πνεύματι
579 5246 673 5311 τῆς
701 5244 954 5313 ἀληθείας
985 5240 1257 5309 ὑφηγητῇ,
1284 5238 1376 5290 καὶ
1404 5236 1725 5305 συλλήπτορι
1753 5238 1862 5297 τοῖς
1884 5236 2153 5301 ἀγνοοῦσι,
2181 5233 2357 5298 δποῖός
2383 5252 2464 5297 τις
2489 5231 2573 5304 ἧν,
2610 5238 2672 5286 ἐκ
2711 5239 2808 5307 τῆς
2835 5236 2957 5287 κατ’
2981 5238 3136 5290 αὑτὸν
3175 5235 3440 5291 πολιτείας

365 5419 441 5486 (a)
490 5418 761 5472 Hactenus
786 5418 1031 5471 notitiam
1056 5417 1122 5472 dc
1146 5417 1249 5469 hoc
1272 5416 1459 5470 Niccta
1482 5430 1663 5486 nosrex
1693 5413 2250 5486 Allatiocdiderainus
2277 5407 2533 5486 inscript.
2566 5418 2661 5462 vet.
2696 5416 2731 5461 ι.
2759 5407 2848 5474 lx,
2878 5409 3023 5477 praef.
3054 5425 3104 5476 ι).
3137 5421 3251 5470 xu;
3279 5417 3437 5471 quem

293 5479 474 5545 tamen
499 5490 768 5543 diversum
796 5502 916 5541 csse
943 5505 972 5540 a
998 5487 1183 5539 Niceta
1209 5486 1489 5540 Serraruln
1515 5485 1787 5553 episcopo,
1815 5484 1947 5536 infra
1976 5483 2259 5535 constabit.
2307 5482 2366 5532 A.
2390 5479 2456 5532 Μ.

566 5584 833 5642 meon.
888 5581 1000 5639 Gn.
1035 5579 1156 5638 CV.
2992 5563 3011 5621 1
