3950 6320
595 256 654 320 11
1803 263 2112 325 NICETAS
2143 265 2229 323 PA
2238 265 2551 328 PHLAGO.
3680 263 3760 332 12

594 367 865 430 ἀποδεῖξαι
893 383 907 398 ⁸
946 367 1220 438 ’1γνάτιον,
1249 369 1411 440 φημὶ,
1435 369 1618 423 τοῦτον
1643 369 1734 424 τὸν
1781 371 2005 444 ὕστερον
2037 374 2136 444 μὲν
2161 376 2239 445 τῷ
2270 377 2441 446 χρόνῳ
2471 377 2564 430 καὶ
2587 375 2690 447 πρὸ
2714 376 2809 448 τῆς
2841 376 2962 432 καθ’
2987 377 3129 451 ἡμᾶς
3154 377 3350 450 ταύτης
3379 377 3761 449 ἀναδειχθέντα

596 465 806 532 γενεᾶς,
832 464 1040 528 οὐδενὸς
1064 466 1120 517 δὲ
1145 467 1252 518 τῶν
1285 467 1390 536 πρὸ
1418 469 1579 521 αὑτοῦ
1612 469 1807 539 τιμίων
1842 471 2108 544 ἱεραρχῶν
2147 472 2247 543 τὴν
2271 473 2449 526 πίστιν
2473 475 2566 528 καὶ
2596 475 2692 545 τὴν
2721 475 3003 545 ὁμολογίαν
3027 478 3443 549 ἀπολειπόμενον
3468 492 3482 507 ⁸
3529 474 3675 541 Quod
3708 477 3762 530 si

597 563 769 607 autem
804 557 1000 609 eosdem
1029 557 1097 610 ad
1142 566 1427 612 extremam
1450 569 1496 612 et
1531 569 1762 613 nostram
1809 571 2015 615 aetatem
2070 564 2280 632 propius
2324 563 2564 618 accedere
2582 565 2866 636 contingat,
2915 575 3023 622 tum
3055 585 3173 622 vero
3205 568 3370 624 multo
3395 568 3620 622 maxime
3644 581 3764 637 pra:

595 649 789 700 cunctis
836 651 1179 712 memorandi.
1235 652 1473 721 omnique
1517 652 1668 705 laude
1713 654 2031 721 prtedicandi
2077 664 2219 722 sunt,
2240 664 2296 709 ut
2318 658 2651 728 qui‘propter
2711 668 2999 729 temporum
3045 661 3360 714 vicinitatem
3397 659 3760 729 multomagis

597 737 842 829 Ecclesia:
872 744 1107 810 prodesse
1131 747 1345 813 possint.
1395 743 1543 809 Quod
1576 748 1711 800 enim
1744 755 2089 818 pervetustum
2117 759 2210 814 est,
2255 749 2518 820 longisque
2554 759 2837 820 temporum
2866 750 3154 806 intervallis
3177 760 3446 815 remotum,
3480 752 3573 803 etsi
3599 748 3766 817 ﬁdem

597 840 803 901 pr0pter
832 833 1097 886 scribentis
1138 837 1497 889 auctoritatem
1527 845 1809 902 mereatur,
1841 837 2144 906 desperatur
2172 847 2346 893 tamen
2392 858 2424 895 a
2466 839 2720 911 plerisque
2765 842 2992 894 studium
3033 841 3292 905 imitandi,
3332 849 3389 892 ut
3441 841 3531 908 qui
3575 846 3766 907 putent

597 921 703 974 illis
738 924 999 992 majorum
1032 935 1326 980 nostrorum
1357 915 1741 983 stcculismulto
1779 932 2062 1000 promptius
2079 932 2252 1000 fuisse,
2273 950 2431 1002 quam
2481 933 2670 988 nostris
2706 950 2821 987 cum
2844 936 3029 987 virtute
3063 934 3245 987 vivere.
3279 930 3405 996 Quae
3433 948 3550 986 vero
3575 940 3766 985 nostra

600 1016 847 1068 memoria
880 1025 1013 1068 recte
1045 1017 1184 1084 facta
1222 1019 1535 1085 creduntur,
1575 1021 1667 1076 illa
1707 1022 1868 1075 multo
1895 1025 2089 1087 acrius,
2119 1026 2321 1095 opinor,
2359 1028 2561 1097 piorum
2587 1038 2777 1082 mentes
2802 1028 2868 1082 ad
2889 1030 3088 1081 virtutis
3121 1027 3268 1079 decus
3293 1025 3642 1080 aemulandum
3665 1025 3764 1077 in-

599 1107 890 1170 ﬂammant.
946 1105 1267 1178 Quapropter
1294 1110 1472 1180 ingens
1505 1127 1586 1165 me
1609 1111 1917 1166 desiderium
1950 1115 2112 1168 animi
2148 1115 2354 1184 impulit
2383 1119 2451 1171 ad
2489 1135 2701 1172 causam
2737 1120 2870 1172 hanc
2897 1121 2999 1186 sive
3039 1127 3298 1172 certamen
3331 1119 3563 1192 oratione
3585 1132 3766 1186 perso-

599 1198 873 1267 quendum,
905 1198 1130 1270 duceque
1171 1208 1219 1251 et
1260 1201 1510 1276 adjutore
1542 1203 1646 1256 Deo
1671 1205 1856 1273 spiritu
1885 1207 2137 1271 veritatis,
2159 1198 2526 1266 ostendendum
2551 1211 2907 1270 nescientibus.
2944 1213 3029 1282 qui
3048 1213 3127 1265 vir
3151 1211 3387 1282 Ignatius
3409 1211 3676 1282 qualisque
3708 1218 3768 1262 et

600 1297 823 1356 quantus
855 1290 934 1341 hic
986 1289 1221 1351 antistes,
1267 1300 1314 1342 et
1361 1293 1512 1361 regia:
1544 1301 1722 1362 pastor
1751 1295 1912 1358 urbis,
1935 1297 2015 1362 [in
2047 1299 2164 1350 vim
2187 1313 2295 1352 sua:
2334 1300 2536 1352 ratione
2577 1300 2746 1368 fuerit.
2776 1300 3058 1370 Ignatium,
3090 1302 3305 1369 inquam
3334 1316 3471 1364 eum,
3513 1299 3602 1369 qui
3649 1311 3768 1352 sevo

598 1381 802 1449 quidem
829 1382 1078 1450 posterior
1105 1407 1107 1410 ‹
1139 1389 1187 1434 et
1214 1392 1334 1435 ante
1360 1384 1490 1436 hanc
1531 1370 1762 1440 nostram
1795 1390 2173 1461 generationem
2205 1392 2404 1461 ﬂoruit,
2442 1392 2696 1460 prioribus
2736 1401 2908 1445 tamen
2930 1392 3034 1447 illis
3087 1393 3390 1446 venerandis
3437 1388 3768 1461 pontiﬁcibus

599 1472 729 1525 nihil
753 1471 832 1525 vel
857 1472 919 1525 de
937 1471 1060 1539 fide,
1089 1471 1168 1525 vel
1190 1474 1503 1542 confessione
1533 1454 1993 1546 concessiti’ﬂ'uid
2021 1481 2092 1535 sit
2141 1454 2320 1548 γενεά,
2367 1454 2452 1536 vel
2482 1491 2632 1548 aetas,
2680 1492 2963 1553 antequam
3000 1485 3213 1559 tvixisse
3269 1454 3448 1539 fertur
3496 1454 3766 1552 limatius,

601 1560 808 1705 ἓοοειιξ1
811 1561 1160 1616 laudatissimi
1177 1563 1379 1633 quique
1406 1565 1762 1634 grammatici.
1794 1566 1970 1633 Quare
1996 1570 2368 1624 nullidubium
2404 1571 2592 1638 fuerit,
2623 1573 2851 1642 subjam
2883 1564 3045 1628 dictis
3072 1573 3486 1643 imperatoribus
3506 1573 3763 1627 Nicetam

642 1667 746 1705 unc
813 1668 1042 1705 OI‘UISSB.

642 1667 746 1705 unc
775 1667 1042 1708 HOI‘UISSB.

669 1742 892 1812 Scripsit
915 1743 1220 1811 Historiam,
1252 1756 1312 1801 ut
1334 1747 1562 1818 Scylitza
1603 1756 1766 1818 atque
1801 1747 2079 1804 Cedrenus
2103 1749 2356 1817 tradunt,
2377 1758 2431 1805 et
2462 1750 2798 1821 Nicephorus
2822 1751 3070 1808 Callistus
3097 1752 3216 1807 loco
3244 1751 3410 1814 dicto,
3430 1748 3572 1820 quod
3601 1746 3772 1804 divus

599 1831 829 1904 Cyrillus
856 1849 952 1902 per
971 1829 1512 1891 nvisionem'divinam
1536 1851 1732 1892 nomen
1752 1838 1972 1896 Joannis
1991 1841 2308 1910 susceperit,
2332 1850 2762 1911 conceptumque
2789 1851 2944 1896 antea
2991 1841 3171 1896 odium
3215 1841 3269 1895 in
3296 1839 3769 1910 Chrysostomum,

597 1923 694 1978 Dei
715 1924 1006 1981 Genitricis
1031 1929 1249 1984 hortatu
1289 1930 1600 2000 deposuerit
1632 1948 1648 1987 :
1690 1933 1777 1985 Ἐν
1800 1934 2100 2006 ἀποκρύφῳ
2153 1956 2157 1964 ε

2204 1935 2362 2006 πορεᾳ
2409 1934 2580 2007 εὑρὼν
2631 1936 2840 2006 Νικήτα
2891 1935 3175 2005 φιλοσόφου
3198 1935 3291 1988 τοῦ
3331 1935 3422 1988 καὶ
3449 1931 3632 1997 Δαυῒδ,
3658 1932 3764 1985 καὶ

598 2015 793 2082 ἄλλων,
829 2018 920 2072 καὶ
949 2020 1108 2083 αὐτὸς
1172 2021 1279 2074 δεῖν
1304 2020 1474 2088 ἔγνων
1501 2024 1557 2075 ὲν
1587 2025 1652 2092 τῇ
1695 2024 1941 2097 παρούσῃ
1967 2025 2173 2098 ἱστορίᾳ
2205 2027 2440 2093 ἐντάξαι,
2473 2025 2547 2088 ὡς
2575 2025 2640 2080 ἂν
2672 2028 2744 2096 μη
2779 2043 2882 2078 τινι
2922 2025 3274 2096 ἀμφιδάλλειν
3308 2025 3532 2094 γένοιτο,
3567 2026 3683 2087 πῶς
3712 2023 3770 2076 οῑ

599 2113 839 2168 τοσοῦτοι
869 2116 1146 2186 φωστῆρες
1176 2113 1242 2169 δι’
1276 2115 1472 2188 ἔχθρας
1499 2116 1743 2188 ἀλλήλοις
1778 2119 1942 2182 ἰόντες
1964 2120 2263 2192 ἁγιωσύνης
2287 2122 2378 2174 καὶ
2405 2122 2567 2190 ἄμφω
2593 2121 2670 2184 εἰς
2697 2121 2860 2188 ἄκρον
2884 2115 3031 2192 ἧκον,
3077 2118 3169 2171 καὶ
3198 2118 3295 2189 τῆς
3329 2117 3649 2188 Ἐκκλησίας
3669 2115 3771 2170 θε-

582 2205 773 2274 ιμέλιοι
793 2207 1180 2294 ἐχρημάτισαν,
1212 2209 1469 2278 μηδαμῶς
1492 2209 1554 2261 τὸ
1585 2211 1680 2277 τῆς
1717 2208 1911 2280 ἔχθρας
1946 2211 2083 2279 μέγα
2117 2212 2216 2283 τὴν
2269 2211 2572 2294 κρατοῦσαν
2603 2210 2774 2275 ’δόξαν
2808 2206 3138 2278 λυμήνασθαι
3166 2207 3480 2279 δυνηθείσης
3501 2223 3518 2239 ⁸
3556 2208 3621 2263 In
3667 2223 3772 2262 στ’

600 2310 733 2350 cana
754 2295 945 2348 Nicette
980 2293 1283 2366 philosophi,
1318 2298 1406 2366 qui
1426 2305 1473 2350 et
1502 2296 1664 2351 David
1683 2297 1846 2351 dictus
1870 2305 1963 2360 est,
1993 2299 2206 2353 historia
2225 2342 2239 2362 ,
2272 2310 2318 2353 et
2362 2285 2509 2370 apud"
2536 2299 2667 2352 alios
2692 2301 2814 2350 item
2846 2313 2962 2350 cum
2989 2298 3293 2361 invenerim,
3332 2298 3475 2367 operi
3506 2298 3624 2351 huic
3644 2309 3770 2350 meo

602 2392 931 2446 inserendum
959 2406 1066 2445 esse
1089 2408 1288 2462 quoque
1331 2393 1476 2458 duxi,
1527 2408 1591 2446 ne
1637 2394 1722 2446 cui
1774 2392 2010 2462 ambigue
2059 2394 2114 2446 in
2148 2401 2366 2448 mentem
2405 2394 2575 2444 veniat
2639 2391 2890 2460 quomodo
2925 2397 3072 2445 tanta
3103 2391 3408 2457 luminaria,
3454 2391 3768 2447 inimicitias

603 2501 808 2546 mutuas
842 2492 1149 2556 exercentia,
1181 2491 1328 2544 ambo
1346 2491 1413 2544 ad
1443 2507 1701 2545 summam
1724 2491 2047 2560 sanctitatem
2079 2487 2416 2559 pervenerint,
2444 2497 2492 2541 et
2506 2486 2744 2541 Ecclesia;
2766 2486 3106 2555 fundamenta
3135 2487 3440 2552 exstiterint,
3470 2486 3767 2543 inimicitiis

605 2585 901 2654 hujusmodi
930 2582 1133 2638 nullum
1163 2582 1376 2636 illorum
1403 2582 1588 2653 gloria:
1611 2586 1969 2637 detrimean
1996 2581 2337 2652 aﬁ'erentibus.

676 2675 842 2729 Vitam
871 2676 1040 2729 sancti
1060 2675 1275 2745 Ignatii,
1310 2674 1586 2729 Michaelis
1621 2675 1803 2730 Trauli
1851 2671 2044 2741 (Balbi)
2081 2672 2422 2741 imperatoris
2471 2672 3050 2743 Constantinopolitani
3088 2675 3146 2729 F.
3182 2683 3238 2729 et
3277 2675 3593 2744 patriarchae
3618 2657 3772 2730 Con-

605 2769 1087 2840 stantinopolitani,
1116 2782 1226 2838 quo
1270 2777 1461 2822 exacto
1488 2769 1712 2822 Photius
1753 2778 1821 2818 ex
1847 2774 2099 2820 senatore
2134 2773 2190 2820 et
2231 2766 2368 2821 laico
2390 2766 2564 2822 factus
2613 2776 2695 2822 est
2723 2769 3042 2838 patriarcha.
3107 2770 3235 2824 Eam
3279 2771 3332 2824 in
3366 2769 3614 2829 Latinum
3645 2784 3676 2822 a
3707 2783 3773 2825 se

605 2881 818 2922 versam
838 2865 1009 2919 edidit
1044 2863 1226 2918 Graece
1247 2871 1301 2917 et
1354 2863 1520 2918 latine
1550 2861 1822 2918 Matthzeus
1851 2861 2110 2935 .Radcrus
2157 2872 2280 2918 ante
2310 2863 2601 2917 concilium
2630 2871 2875 2916 octavum
2923 2863 3190 2932 generale,
3248 2861 3384 2924 in-A,
3425 2860 3767 2930 lngolstadii.

607 2957 959 3012 Postmodum
987 2956 1045 3010 in
1080 2970 1218 3009 nova
1251 2953 1610 3009 Conciliorum
1640 2952 1974 3023 generalium
2015 2961 2069 3009 et
2100 2954 2503 3024 particularium
2533 2954 2770 3010 editione
2798 2954 3002 3016 Romae,
3048 2952 3302 3018 Coloniae,
3329 2961 3384 3008 et
3412 2953 3629 3008 Parisiis
3660 2968 3773 3024 pu-

609 3049 938 3104 blicata’est.
995 3047 1126 3101 Eam
1155 3059 1368 3117 quoque
1389 3061 1420 3099 e
1451 3042 1638 3098 Graeco
1666 3044 1891 3099 vertisse
1919 3044 2236 3100 Federicum
2283 3046 2502 3101 Metium
2531 3045 2720 3101 scribit
2748 3046 3074 3102 Posscvinus
3119 3045 3174 3100 in
3198 3043 3496 3115 Apparatu.
3546 3035 3776 3114 Legitur

608 3139 772 3195 etiam
817 3152 961 3191 nunc
989 3137 1353 3204 manuscripta
1403 3133 1460 3187 in
1487 3132 1812 3187 bibliotheca
1842 3133 2100 3190 Vaticana
2131 3136 2252 3191 cod.
2286 3136 2445 3211 “52,
2465 3135 2676 3206 collegii
2717 3133 3044 3200 Graecorum,
3087 3134 3232 3206 regia
3258 3133 3776 3200 Sancti-Laurentii,

611 3234 668 3284 et
689 3228 841 3282 alibi.

682 3321 956 3376 Orationes
996 3321 1172 3374 varias
1200 3322 1255 3374 in
1273 3311 1462 3374 laudes
1481 3322 1800 3380 sanctorum,
1850 3313 1993 3381 Quas
2023 3315 2136 3385 ipse
2157 3316 2264 3388 legi
2297 3326 2422 3372 sunt
2456 3335 2470 3371 :

629 3453 641 3462 .
681 3415 738 3468 1.
771 3414 829 3468 In
861 3422 1097 3466 sanctum
1113 3412 1367 3467 Joannem
1393 3406 1774 3477 evangelistam.
1809 3409 1897 3462 P.:
1933 3407 1993 3461 '0
2019 3407 2107 3459 τὸν
2143 3425 2189 3476 με

2213 3425 2312 3475 γαν
2342 3408 2441 3477 τῆς
2479 3408 2701 3480 βροντῆς
2725 3409 2876 3478 γόνον
2903 3409 3334 3482 προτρεπόμενος
3364 3408 3622 3464 ἐπαινεῖν.
3652 3406 3771 3464 Sub

609 3502 800 3557 Nicetis
822 3502 1036 3555 rhetoris
1060 3508 1107 3553 et
1135 3499 1302 3553 sancti
1323 3495 1417 3549 viri
1442 3495 1603 3548 titulo
1641 3505 1892 3550 servatur
1913 3497 1968 3550 in
2003 3497 2329 3553 bibliotheca
2349 3499 2665 3554 Barberina.

680 3597 734 3651 2.
787 3595 847 3648 In
888 3603 1090 3648 sanctos
1153 3581 1405 3659 martyres
1464 3588 1712 3659 Cerycum
1771 3589 1884 3661 (sic)
1938 3599 1988 3643 et
2033 3590 2240 3645 Julittat

2216 3608 2297 3645 cm.
2346 3592 2442 3648 P.-:
2477 3593 2684 3664 Ὠσπερ
2731 3595 2830 3647 οὐκ
2873 3593 2987 3647 εστι
3044 3593 3393 3663 συνεχόμενον
3433 3591 3510 3663 τῷ
3581 3567 3776 3663 Κυρίῳ

524 3711 528 3714 ⁴
622 3687 885 3740 Ἰουδαῖον.

677 3779 730 3833 5.
772 3779 834 3833 In
861 3789 1098 3834 sanctum
1129 3773 1595 3832 Pautaleemonem.
1655 3772 1749 3827 P.:
1791 3773 2107 3843 Θαυμαστὸς
2132 3774 2237 3827 ὁ.Θι

1866 3774 2107 3843 ,υμαστδς
2132 3774 2317 3837 ὁ.Θεὺς
2353 3775 2410 3827 ἐν
2434 3776 2544 3837 τοῖς
2571 3775 2735 3842 ἁγίοις
2763 3773 2948 3840 αὑτοῦ,
2983 3790 3143 3844 φησιν
3165 3785 3198 3825 ο
3237 3775 3426 3843 μέγας.

679 3874 731 3925 4.
789 3871 852 3926 In
886 3881 1124 3925 sanctum
1168 3865 1608 3919 Bartholomazum
1669 3865 1986 3932 apostolum.
2045 3865 2150 3918 P.:
2206 3863 2239 3915 8

2217 3863 2414 3934 Βερμὺς
2465 3867 2493 3916 ὁ
2546 3862 2725 3925 πόθος,
2773 3862 2884 3916 ἀλλ’
2948 3861 3249 3934 ἀδρανὴςιὸ
3314 3863 3475 3929 νοῦς,
3540 3862 3674 3928 ζέων
3726 3859 3777 3915 δ’

511 3989 522 3996 -
613 3968 766 4038 ἔρως.

683 4061 734 4116 5.
767 4060 829 4114 In
854 4067 1090 4110 sanctum
1123 4053 1350 4107 Marcum
1385 4051 1775 4122 evangelistam.
1805 4052 1865 4104 Ρ.
1895 4069 1909 4104 :
1964 4051 2170 4120 ’Ὥσπερ
2199 4049 2243 4102 0i

1964 4051 2170 4120 ’Ὥσπερ
2199 4049 2294 4118 οὐχ
2317 4050 2495 4118 ὅμοιαι
2519 4049 2626 4103 τῶν
2653 4050 2912 4120 σωμάτων
2938 4049 3150 4104 πάντων
3179 4051 3234 4103 αἱ
3262 4047 3482 4119 populi.

681 4152 731 4205 6.
769 4150 828 4203 In
872 4155 1106 4199 sanctum
1154 4143 1407 4196 Iacobum
1457 4141 1688 4194 Zebedtei
1756 4139 1943 4208 ﬁlium.
2005 4145 2107 4194 P.:
2165 4141 2241 4209 Πρ

2219 4139 2358 4211 ρὼην
2412 4141 2510 4210 μὲν
2563 4141 2704 4209 ἡμᾶς
2747 4142 2779 4210 ἡ
2839 4141 2985 4205 ζῶσα
3037 4142 3136 4211 τῆς
3195 4141 3446 4212 ἀληθινῆς
3501 4139 3779 4208 Θεολογῐας

616 4244 786 4312 πηγή-

683 4337 735 4388 7.
787 4332 844 4387 In
897 4332 1108 4385 Petrum
1169 4337 1219 4381 et
1271 4327 1498 4380 Paulum
1571 4327 1923 4396 apostolorum
1992 4328 2242 4396 principes

2219 4344 2262 4380 s.
2323 4324 2379 4380 Ι).
2420 4343 2436 4388 ε,
2486 4326 2579 4388 Τίς
2639 4326 2667 4377 ὁ
2721 4325 2943 4394 τερπνὸς
3005 4317 3156 4380 οὗτος
3207 4317 3375 4392 ἦχοςς
3425 4321 3507 4386 τίς
3568 4325 3596 4377 ὀ
3671 4322 3779 4376 τῶν

611 4423 1104 4498 ἑορταζόντωνατλ.

681 4521 733 4574 8.
771 4519 832 4572 In
872 4524 1076 4570 sanctos
1096 4514 1362 4570 duodecim
1388 4513 1690 4586 apostolos.
1719 4509 1778 4564 P.
1806 4529 1821 4566 :
1848 4511 1912 4564 Τί
1938 4511 2074 4581 καλὴ
2101 4511 2200 4577 τῆς
2238 4512 2241 4522 “

2238 4509 2553 4580 Ἐκκλησίας
2586 4513 2617 4580 ὴ
2651 4510 2828 4576 τάξιςῐ
2859 4509 2910 4562 τί
2937 4508 3138 4578 τερπνὴ
3160 4508 3266 4560 τῶν
3296 4508 3380 4560 ἐπ’
3428 4508 3626 4577 αὐτῆς,
3658 4507 3778 4562 κτλ.

613 4613 703 4667 Ilze
735 4625 920 4663 omnes
943 4609 1042 4662 sub
1073 4610 1260 4662 eodem
1295 4607 1532 4663 rhetoris
1563 4605 1720 4660 titulo
1751 4603 2003 4674 leguntur
2032 4603 2088 4656 in
2109 4601 2421 4656 Barberina.

679 4703 732 4756 9.
789 4702 864 4753 De
886 4701 1182 4762 certamine,
1213 4711 1261 4753 et
1284 4700 1595 4760 inuentione,
1623 4703 1674 4749 et
1705 4695 2046 4749 translatione
2074 4693 2407 4762 reliquiarum
2435 4693 2603 4746 sancti
2629 4693 3022 4762 protomartyris
3051 4700 3099 4744 et
3123 4689 3476 4744 archidiaconi
3508 4687 3780 4758 Stephani.

611 4794 672 4848 P.
711 4810 724 4845 :
768 4793 822 4843 '0
865 4791 1061 4859 Κύριος
1093 4790 1243 4858 ἡμῶν
1283 4789 1482 4860 Ἰησοῦς
1525 4787 1753 4858 Χριστὸς
1798 4788 1824 4839 ό
1856 4785 2042 4855 Σωτὴρ
2081 4785 2171 4836 πάκ

2222 4800 2296 4835 ων
2327 4783 2432 4834 τῶν
2478 4783 2800 4845 ἐλπιζόντων
2834 4783 2916 4834 ἐπ’
2961 4782 3135 4834 αὐτόν.
3182 4781 3293 4835 Sub
3321 4779 3509 4833 eodem
3535 4779 3695 4832 titulo
3726 4779 3781 4832 in

613 4885 925 4948 Barberina,
963 4895 1017 4937 et
1061 4883 1160 4936 sub
1213 4883 1409 4937 Niceno
1454 4881 1758 4950 philosophi
1803 4879 1857 4931 in
1883 4877 2175 4955 Vaticanisé
2201 4875 2481 4930 codicibus
2522 4877 2619 4930 879
2641 4884 2695 4929 et
2723 4875 2842 4929 819.
2893 4873 3216 4926 Possevinus
3247 4872 3300 4923 in
3330 4871 3602 4940 Apparatu
3624 4879 3781 4938 putat

612 4968 811 5042 Nicetm
841 4968 1115 5038 Byzantini
1145 4985 1284 5030 esse,
1313 4971 1402 5039 qui
1431 4971 1483 5022 in
1511 4969 1762 5023 Vaticana
1784 4967 2109 5021 bibliotheca
2133 4966 2231 5018 sub
2264 4966 2482 5020 nomine
2516 4967 2712 5019 Nicetre
2738 4965 3039 5034 philosophi
3062 4971 3366 5016 asscrvatur
3390 4961 3569 5015 Graace
3592 4975 3782 5012 manu-

613 5065 846 5132 scriptus
883 5077 1077 5130 sermo,
1123 5065 1183 5116 de
1223 5065 1500 5134 martyrio,
1548 5065 1853 5123 inuentione,
1881 5070 1929 5114 et
1948 5061 2291 5113 translatione
2322 5061 2727 5112 venerandarum
2772 5058 3110 5124 reliquiarum
3171 5055 3568 5123 protomartyris
3615 5049 3781 5103 sancti

616 5155 888 5222 Stephani.
926 5153 1030 5207 Alii
1058 5154 1270 5207 codices
1296 5155 1539 5207 tribuunt
1565 5154 1804 5208 Michaeli
1842 5152 2036 5215 Psello,
2069 5160 2364 5218 notantque
2393 5166 2457 5203 ex
2487 5149 2779 5216 improviso
2807 5147 3028 5201 dictum.
3519 5147 3533 5158 '

687 5245 770 5298 10.
804 5245 914 5298 Sub
953 5245 1152 5298 Niccue
1187 5244 1560 5314 Paphlagonia:
1589 5245 1816 5298 habetur
1845 5241 2100 5296 Laudatio
2142 5241 2198 5294 in
2223 5252 2456 5293 sanctum
2490 5249 2769 5308 martyrem
2811 5239 3146 5294 Theodorum.
3194 5241 3252 5294 P.
3286 5258 3298 5295 :
3350 5241 3410 5293 Ti
3437 5238 3659 5310 λαμπρᾶ
3691 5236 3779 5288 καὶ

616 5336 895 5405 διαυγὴςὴ
927 5334 1023 5402 τῆς
1050 5335 1257 5403 ἡμέρας
1280 5333 1437 5404 χάρις
1469 5337 1481 5386 ι
1517 5333 1571 5386 in
1594 5335 1869 5397 Vaticana,
1924 5332 2043 5385 cod.
2079 5332 2176 5382 124

2219 5373 2231 5384 .
2277 5331 2333 5383 ln
2366 5328 2655 5384 Barberina
2701 5331 3048 5399 expressius:
3098 5333 3305 5402 Νικήτα
3355 5335 3644 5384 ἐπισκόπου
3674 5332 3778 5383 Πα-

621 5429 928 5497 φλαγονίας,
988 5429 1175 5483 Niceta:
1201 5429 1423 5498 episcopi
1473 5427 1859 5496 Paphlagoniae.
1894 5427 2025 5481 Cod.
2047 5427 2168 5478 ΞΗ.

691 5524 771 5575 Η.
808 5522 926 5577 Chii
960 5523 1121 5577 etiam
1144 5523 1401 5591 legerant:
1463 5523 1673 5591 Νικήτα
1705 5525 1922 5592 ῥήτορος
1958 5503 2049 5572 τοῦ
2075 5523 2251 5588 Παφλο

2216 5520 2420 5587 ιαγόνος
2452 5521 2718 5589 ἐγκώμιον
2743 5522 2817 5582 εἰς
2849 5520 2936 5572 τὸν
2971 5519 3140 5588 μέγαν
3177 5519 3432 5569 Νικόλαον
3468 5517 3558 5568 τὸν
3599 5516 3776 5584 Μυρο-

616 5610 815 5682 ελύτην
854 5617 944 5666 καὶ
1003 5614 1409 5683 θαυματουργὸν
1454 5615 1868 5682 ἀρχιεπίσγοπον
1917 5613 2112 5684 Μύρων
2138 5614 2176 5664 τε

2218 5629 2232 5674 ;
2274 5613 2517 5676 Λυκίαςε
2555 5614 2744 5667 Niceten
2792 5613 3010 5664 rhetoris
3037 5610 3382 5680 Paphlagonis
3431 5609 3666 5662 laudatio
3719 5605 3778 5662 iit
