3950 6320
212 340 270 406 13
1638 343 1965 407 ΝΟΤΙΤΙΑ.
2817 357 2832 391 ν
3314 354 3380 417 ιι

207 460 426 505 sanctum
471 447 746 504 Nicolaum
783 449 1152 524 ngoblytam,
1179 462 1248 518 ‘et
1304 454 1670 508 mir-undarum
1700 457 1992 528 eﬂectorem
2032 459 2473 530 archiepiscopum
2516 458 2780 530 Myrorum
2813 460 3002 531 Lyciae.
3056 460 3142 516 P;
3201 461 3259 516 '0
3287 463 3384 532 μὲν

207 539 470 608 θεοπὰτωρ
492 539 651 594 Δαυτδ
671 541 732 594 τὸ
762 542 1006 606 ἀειθαλὲς
1033 546 1127 599 καὶ
1163 546 1478 617 μετάρσιον.

267 630 349 685 12.
403 629 660 687 Laudatio
687 631 741 688 in
770 643 976 688 sanctos
1001 651 1290 709 anorgyros
1327 637 1575 694 Casmam
1605 648 1653 693 et
1700 639 1827 695 Dant

1825 641 2049 694 tianum.
2078 640 2139 696 Ρ.
2174 658 2188 693 :
2230 642 2318 706 Ὠς
2350 642 2603 712 ἀγαπητά
2626 642 2694 696 τὰ
2718 643 3046 712 σκηνώματα
3071 661 3185 712 σου,
3218 645 3385 717 Κύριε

203 722 296 779 τῶν
313 725 590 796 δυνάμεων
624 728 637 779 !
671 724 783 780 Sub
821 725 1020 781 Nicette
1056 728 1365 798 philosophi
1428 730 1649 784 nomine
1678 729 1734 786 in
1753 732 2008 788 Vaticana
2040 732 2162 787 cod.
2190 731 2310 786 808.
2365 731 2671 801 Eademque
2694 731 2926 788 habetur
2965 734 3019 788 in
3046 750 3166 788 meo
3195 750 3386 788 manu-

205 819 409 890 scripto,
467 822 618 877 nullo
645 821 861 891 praeﬁxo
902 824 1140 879 auctoris
1188 825 1432 879 nomine.
1481 826 1610 880 Eam
1634 841 1756 893 cum
1785 827 2064 882 nonnullis
2106 827 2229 882 aliis
2259 827 2598 882 Monachium
2661 826 2780 880 misi
2811 826 3125 881 doctissimo
3171 828 3380 882 Simoni

204 912 592 985 Wagnercckio,
617 913 711 983 qui
737 929 881 968 nunc
921 915 988 969 de
1012 916 1368 970 sanctissimis
1385 916 1474 971 his
1497 919 1785 990 Anargyris
1805 920 2314 975 commentationem
2341 918 2653 982 meditatur,
2682 933 2841 986 quam
2857 918 2965 987 jam
2999 919 3135 973 bene
3160 920 3384 975 inchoa-

207 1018 299 1062 tam
340 1005 534 1060 melius
560 1006 829 1062 conﬁciet.
868 1007 1006 1075 Quid
1039 1009 1184 1062 enim
1213 1017 1317 1074 est,
1369 1010 1517 1074 quod
1545 1013 1634 1067 ille
1655 1014 1893 1068 calamus
1925 1015 2255 1086 amplissime
2288 1029 2397 1068 non
2430 1010 2756 1082 perfecerit?

258 1097 481 1167 Scripsit
511 1108 769 1167 praeterea
791 1102 1157 1168 expositionem
1179 1103 1234 1157 in
1261 1103 1442 1173 aliqua
1473 1105 1714 1160 carmina
1747 1106 1992 1178 Gregorii
2013 1106 2360 1162 Nazianzeni.

261 1192 307 1244 ί.
355 1191 414 1245 In
444 1191 790 1261 sepulcralia,
827 1209 947 1263 quae
978 1194 1069 1248 ille
1103 1194 1157 1249 in
1191 1194 1510 1251 defunctum
1553 1197 1808 1255 Basiliam
1852 1202 2176 1271 composuit.
2228 1200 2597 1256 Conservatur
2649 1200 2702 1255 in
2744 1200 3074 1255 bibliotheca
3117 1199 3373 1264 Vaticana

199 1284 306 1340 cod.
333 1285 435 1340 496
465 1294 521 1341 et
549 1284 672 1348 949,
703 1285 804 1340 sub
824 1286 1044 1342 nomine
1077 1289 1288 1359 Νικήτα
1317 1289 1606 1369 φιλοσόφου
1631 1291 1723 1343 τοῦ
1752 1293 1759 1344 1

1549 1308 1606 1342 ου
1631 1291 1723 1343 τοῦ
1752 1293 2115 1362 Παφλαγόνος,
2157 1294 2353 1348 Νἰεειω
2383 1294 2673 1364 philosOphi
2720 1293 3109 1365 Paphlagonis:

257 1377 308 1431 τί.
339 1378 394 1432 In
423 1392 649 1450 gnomas
679 1393 775 1433 seu
805 1379 1103 1437 sententias
1147 1376 1412 1448 ejusdem,
1440 1395 1575 1449 quas
1621 1381 1711 1434 ille
1757 1397 1817 1436 ac

1817 1383 2120 1440 orostichide
2155 1384 2245 1439 illa
2280 1386 2592 1454 complexus
2636 1393 2738 1441 est.
2807 1387 3024 1457 Γνῶμαι
3083 1383 3377 1456 Γρηγορίου

199 1469 410 1540 δίστιχος
457 1470 670 1541 εὐεπίη,
715 1468 904 1522 ἐσθλὸν
946 1469 1167 1541 ἄθυρμα
1189 1471 1348 1534 νέοις,
1384 1480 1492 1527 etc.
1549 1470 1662 1526 Sub
1701 1486 1759 1525 nc

1822 1472 1920 1528 line
1961 1474 2172 1544 Νικήτα
2213 1474 2307 1528 τοῦ
2358 1474 2451 1528 καὶ
2481 1474 2640 1528 Δαυῖδ
2668 1474 2765 1527 τοῦ
2822 1477 3132 1545 φιλοσόφου,
3167 1475 3382 1529 Nicena.

198 1570 272 1636 qui
296 1579 341 1622 et
363 1569 554 1632 David,
581 1567 886 1638 philosophi.
936 1565 1070 1622 Cod.
1121 1566 1223 1622 544
1251 1577 1306 1622 et
1336 1566 1461 1621 565.
1513 1567 1580 1622 Ει
1623 1567 1678 1620 in
1727 1567 2042 1640 Augustana
2087 1569 2232 1624 inter
2262 1570 2593 1640 theologicos
2629 1569 2751 1624 cod.
2785 1571 2871 1624 44.
2927 1571 2985 1624 ln
3014 1568 3381 1638 Altempsiana

197 1661 284 1716 sub
316 1660 538 1715 nomine
567 1661 778 1731 Νικήτσ.
808 1659 1093 1728 φιλοσόφου
1132 1659 1426 1712 ἐπισκόπου
1477 1659 1757 1730 Δαδύσρων

1839 1660 2034 1715 Νίεειω
2070 1661 2362 1732 philosOphi
2392 1661 2753 1732 Dadybrorum
2781 1661 3024 1731 episcopi.
3068 1661 3135 1714 Et
3163 1659 3365 1727 absque

197 1751 418 1822 episcOpi
440 1752 682 1807 dictione
708 1752 848 1807 inter
879 1751 1182 1807 rhetoricos
1205 1751 1536 1822 Augustanae
1565 1753 1686 1807 cod.
1715 1753 1801 1807 17.
1852 1753 1983 1819 Quae
2013 1753 2256 1808 Venetiis
2287 1754 2432 1809 edita
2458 1761 2585 1809 sunt
2611 1754 2665 1808 in
2686 1754 2738 1817 4,
2767 1768 2910 1807 anno
2951 1750 3106 1805 1565.
3171 1751 3378 1820 Ἑρμη-

197 1845 298 1898 νεία
323 1844 402 1908 είς
424 1844 495 1898 τὰ
518 1843 845 1915 τετράστιχα
878 1843 970 1897 τοῦ
1002 1844 1232 1913 μεγάλου
1262 1844 1476 1916 Πατρός
1504 1845 1802 1916 Γρηγορίου
1831 1845 1925 1899 τοῦ
1978 1845 2348 1917 Ναζιανξηνοῦ
2376 1847 2454 1909 είς
2477 1845 2545 1900 τὰ
2573 1845 2877 1916 μονόστιχα,
2902 1846 2980 1907 είς
3002 1844 3070 1897 τὰ
3107 1841 3380 1912 ἐπιγράμ-

200 1958 329 2011 ματα
343 1939 411 1994 τὰ
436 1941 517 2004 εἰς
542 1942 634 1995 τὸν
656 1941 826 2013 μέγαν
853 1942 1124 1995 Βασίλειον
1145 1941 1511 2011 παράφρασις.
1533 1941 1760 1996 νίηόίοοη

1818 1958 1891 1996 .ur
1921 1941 2140 2004 Nicetae,
2174 1942 2266 2010 qui
2297 1951 2351 1996 et
2375 1941 2542 1996 David
2561 1982 2574 2004 ,
2597 1940 2756 1995 editae
2782 1955 2996 2011 quoque
3022 1941 3378 2011 paraphrases

201 2035 479 2090 carminum
501 2034 747 2107 Gregorii
768 2033 1091 2090 Nazianzeni
1116 2033 1183 2089 de
1211 2033 1517 2104 principiis,
1566 2050 1632 2089 ex
1654 2034 1984 2091 bibliotheca
2024 2035 2334 2105 reipublica:
2365 2034 2710 2105 Augustante,
2740 2032 2988 2104 Lugduni
3048 2033 3375 2089 Batavorum

196 2123 243 2180 in
269 2125 477 2181 oﬂicina
510 2127 847 2182 Plantiniana
873 2142 1015 2182 anno
1040 2126 1194 2189 1591,
1219 2126 1276 2180 in
1303 2125 1356 2191 8,
1385 2141 1546 2196 quam
1591 2126 1755 2180 etiam
1782 2126 2082 2181 arbitratur
2133 2125 2299 2180 David
2346 2124 2687 2180 liaeschelius
2715 2141 2833 2180 esse
2878 2125 3099 2180 Nicetis.
3155 2125 3376 2181 Verum-

195 2235 354 2278 tamen
382 2236 510 2276 cum
544 2221 659 2290 ipse
681 2236 792 2296 rem
816 2219 1051 2291 penitius
1066 2219 1454 2281 esaminarem,
1495 2217 1671 2288 reperi
1692 2217 2048 2288 paraphrases
2079 2216 2196 2279 has,
2221 2217 2334 2271 sive
2360 2216 2747 2286 expositiones,
2794 2214 2970 2270 editas
2999 2215 3376 2272 tum.Venctiis

197 2328 294 2369 tum
336 2315 591 2384 Lugduni
647 2315 992 2376 Batavorum,
1047 2313 1197 2367 nullo
1276 2312 1439 2366 modo
1485 2312 1687 2368 Nicolae
1769 2327 1919 2376 esse;
1973 2312 2137 2381 idque
2184 2327 2250 2364 ex
2296 2311 2482 2366 codice
2563 2311 2695 2366 satis
2757 2310 2980 2381 antiquo
3031 2309 3377 2366 bibliotheca:

200 2404 248 2459 S.
268 2405 493 2460 Andreas
514 2406 800 2468 Vallensis,
831 2405 1116 2461 codicibus
1140 2405 1430 2471 Vaticanis,
1461 2404 1782 2469 Lutetianis,
1814 2415 1869 2460 et
1894 2405 2035 2460 aliis.
2071 2405 2142 2460 Et
2169 2414 2228 2458 ut
2253 2419 2436 2459 veram
2466 2404 2522 2458 in
2547 2404 2787 2459 carmina
2803 2403 3130 2475 Nazianzeni
3161 2401 3377 2472 exposi-

197 2499 379 2552 tionem
408 2499 614 2554 Nicetaa
644 2497 862 2560 habeas.
890 2513 999 2553 non
1028 2497 1292 2569 gravabor
1325 2511 1393 2552 ex
1421 2496 1614 2552 eodem
1646 2496 2059 2554 Santandreano
2091 2496 2281 2553 codice
2311 2497 2498 2553 titulos
2534 2497 2858 2562 carminum,
2889 2503 2945 2551 et
2968 2494 3369 2566 paraphraseon

194 2588 461 2658 principia,
491 2597 553 2643 ut
593 2588 668 2642 ibi
720 2597 867 2654 sunt,
896 2586 1164 2658 digerere.

250 2705 348 2760 Τοῦ
374 2706 668 2776 φιλοσόφου
699 2705 864 2773 κυροῦ
897 2705 1109 2774 Νικήτα
1133 2704 1429 2758 ἐπισκόπου
1455 2703 1741 2776 Δαδύϐρων
1770 2704 2026 2776 ἐξήγησις
2056 2705 2164 2760 τῶν
2216 2705 2362 2759 ἐπῶν
2396 2705 2488 2758 τοῦ
2515 2705 2744 2775 μεγάλου
2780 2702 3080 2774 Γρηγορίου
3111 2701 3204 2756 τοῦ
3251 2702 3374 2755 Bso-

193 2798 328 2867 λόγου
355 2803 452 2872 (a).
516 2799 818 2869 PhilosOphi
857 2801 1053 2854 domini
1084 2799 1282 2853 Νίσαια
1327 2797 1692 2869 Dadybrorum
1741 2800 1965 2868 episCOpi
1993 2799 2243 2864 expositio
2274 2800 2569 2853 carminum
2605 2796 2784 2868 magni
2834 2796 3071 2865 Gregorii
3103 2793 3366 2864 Theologi.

191 2892 426 2947 Ptommii
469 2892 842 2962 principium:
887 2892 949 2944 Οἱ
1011 2892 1107 2960 μὲν
1158 2891 1288 2960 παρ’
1322 2889 1545 2956 Ἕλλησι
1599 2889 1751 2958 φιλοσ

1812 2888 2024 2942 ›ώτατοι
2069 2885 2207 2944 εῖναι
2261 2889 2530 2955 δόξαντες.
2583 2889 2825 2945 Alterius
2852 2885 3205 2958 prooemii-1‘.
3242 2903 3256 2941 :
3307 2886 3372 2938 Οἱ

189 2987 273 3053 τῆς
302 2985 568 3054 κοσμικῆς
592 2984 779 3050 σοφίας
811 2985 908 3051 τὴν
932 2983 1234 3052 ἀκροτάτην
1260 2981 1600 3036 καταλαϐεῖν.

249 3079 372 3147 Περὶ
421 3076 611 3147 ἀρχῶν
669 3074 823 3143 λόγος
856 3073 923 3128 α’.
1002 3073 1079 3130 De
1135 3076 1402 3145 principiis
1449 3076 1620 3129 oratio
1666 3075 1809 3144 primi

1809 3092 1858 3128 α.
2063 3068 2194 3129 Οἶδα
2241 3075 2358 3145 μὲν,
2417 3077 2579 3145 φησιν
2625 3077 2658 3146 ὴ
2707 3073 2998 3145 θεόληπτος
3052 3071 3146 3125 τοῦ
3211 3070 3369 3140 λόγου

190 3172 342 3240 φωνή-

250 3262 372 3330 Περὶ
418 3259 553 3315 Υίοῦ
594 3257 872 3328 λόγος·β’.
917 3258 993 3313 De
1046 3255 1188 3313 Filio
1228 3259 1400 3319 oratio
1445 3258 1691 3313 secunda.
1733 3260 1793 3315 P.

1831 3278 1845 3315 :
1902 3259 2224 3329 Ἐκθέμενος
2254 3259 2384 3330 περὶ
2441 3256 2644 3328 ἀρχῶν.
2694 3258 2726 3329 ἢ
2773 3257 2943 3330 ἀρχῆς
2979 3273 2995 3289 ⁸
3051 3255 3247 3310 ταυτὸν
3301 3253 3359 3308 δὲ

191 3354 364 3405 εἰπεῖν.
493 3380 496 3382 ~
1818 3391 1822 3394 .

250 3447 371 3510 Περὶ
395 3444 488 3497 τοῦ
522 3441 678 3511 ἁγίου
713 3439 1024 3512 Πνεῦματος
1048 3440 1203 3506 λόγος
1228 3441 1298 3509 Υ.
1321 3439 1396 3495 De
1425 3439 1627 3510 Spiritu
1651 3448 1810 3495 sanctt

1805 3457 1834 3494 ο
1862 3441 2031 3494 oratio
2064 3440 2243 3494 tertia.
2266 3438 2327 3494 P.
2353 3455 2367 3493 :
2392 3436 2727 3509 Θεολογήσας
2748 3438 2776 3492 ό
2799 3436 3217 3509 θεοληπτότατος
3240 3435 3365 3508 περὶ

191 3540 382 3613 Πατρός
399 3540 494 3594 καὶ
525 3541 679 3596 Υἱοῦ.

245 3635 368 3705 Περὶ
394 3635 600 3702 κόσμου
627 3633 782 3700 λόγος
813 3630 876 3685 δ’.
931 3631 1008 3686 De
1033 3631 1223 3685 mundo
1242 3631 1410 3683 oratio
1445 3639 1655 3700 quarta.
1707 3629 1792 3683 P.:

1366 3631 1410 3682 io
1445 3639 1655 3700 quarta.
1707 3629 1792 3683 P.:
1828 3627 2048 3689 Ἱκανῶς
2074 3627 2163 3680 διὰ
2187 3629 2295 3680 τῶν
2327 3626 2723 3698 προειληφότων
2762 3625 2926 3680 ἐπῶν.

245 3726 366 3796 Περὶ
431 3728 691 3798 Προνοίας
723 3726 876 3795 λόγος
909 3732 966 3781 ε’.
993 3726 1068 3780 De
1091 3726 1422 3798 Providentia
1449 3726 1616 3778 oratio
1644 3727 1805 3794 quinti

1800 3741 1845 3780 α.
1901 3724 1959 3778 Ρ.
1992 3741 2005 3778 :
2046 3723 2408 3794 Φιλοσοφήσας
2435 3721 2689 3794 περὶτῶν
2736 3721 2827 3776 δύο
2858 3721 3096 3791 κόσμων,
3122 3718 3360 3791 πρῶτον,

187 3819 328 3888 φημίο
2092 3821 2095 3823 ’

246 3914 367 3982 Περὶ
390 3915 594 3985 νοερῶν
625 3914 820 3968 οὐσιῶν
844 3914 996 3982 λόγος
1021 3912 1092 3978 ς’.
1115 3913 1188 3968 De
1209 3911 1643 3967 intellectualibus
1664 3912 1804 3966 subst

1798 3914 1965 3967 rantiis
1983 3915 2151 3967 oratio
2173 3921 2340 3965 sexta.
2370 3910 2448 3965 P:
2476 3908 2769 3978 Διειληφὼς
2791 3907 2917 3978 περὶ
2936 3905 3114 3960 διττοῦ
3135 3905 3358 3976 κόσμου,

188 4007 354 4076 νοητοῦ
384 4009 532 4075 λέγω
553 4009 648 4060 καὶ
677 4005 954 4076 αἰσθητοῦ.
1427 3998 1430 4002 ’
2531 3991 2550 4078 θ

244 4099 366 4168 Περὶ
393 4099 576 4170 ψυχῆς
605 4098 759 4166 λόγος
782 4101 814 4162 ζ
831 4139 846 4154 .
881 4099 955 4152 De
977 4099 1157 4152 anima
1181 4099 1349 4151 oratio
1377 4099 1617 4168 septima.
1666 4097 1727 4152 P.
1756 4115 1770 4151 :

1839 4097 2146 4166 Ἐτομένως
2199 4096 2336 4164 μετά
2371 4095 2469 4164 τὴν
2517 4095 2624 4149 τῶν
2670 4093 2930 4164 οὐρανίων
2963 4093 3058 4146 καὶ
3105 4092 3357 4161 λογικῶν.

241 4191 364 4258 Περὶ
386 4189 682 4261 διαθηκῶν,
711 4190 805 4242 καὶ
825 4190 1141 4257 ἐπιφανείας
1166 4189 1399 4260 Χριστοῦ
1413 4190 1575 4257 ,λόγος
1602 4187 1673 4258 η’.
1721 4189 1799 4242 De

1871 4191 2174 4253 rstamentis,
2210 4197 2260 4243 et
2317 4191 2644 4259 apparitione
2671 4186 2882 4253 Christi,
2941 4187 3111 4240 oratio
3152 4193 3356 4240 octaua.
3426 4247 3431 4254 η

187 4279 238 4334 Ρ.
266 4297 280 4333 :
331 4281 658 4343 Συντελέσας
690 4282 816 4344 τοὺς
846 4281 1204 4350 δογματικοὺς
1234 4280 1422 4347 λόγους
1446 4282 1603 4334 ἑπτά.

244 4371 366 4441 Περὶ
389 4371 596 4441 ἀρετῆς
641 4369 986 4440 ἀνθρωπίνης
1039 4369 1196 4436 λόγος
1230 4368 1296 4422 θ’.
1357 4367 1433 4421 De
1488 4372 1679 4423 virtute
1727 4372 1804 4424 Im;

1802 4388 1959 4425 mana
1986 4371 2156 4424 oratio
2205 4387 2362 4424 nona.
2407 4370 2512 4423 P.:
2575 4366 3042 4436 Θεολογικώτατον
3084 4367 3178 4420 καὶ
3207 4364 3359 4436 φιλο-

187 4460 482 4542 σοφώτατον.
2992 4510 3001 4520 ,

247 4554 364 4622 Περὶ
403 4557 619 4624 φύσεως
667 4553 1010 4629 ἀνθρωπίνης
1042 4557 1197 4625 λόγος
1226 4562 1276 4611 ι’.
1324 4557 1398 4612 De
1448 4567 1645 4612 natura
1701 4561 1807 4613 [mn

1797 4576 1932 4612 nana
1968 4561 2136 4611 oratio
2198 4559 2417 4612 decium.
2474 4557 2533 4610 Ρ.
2567 4573 2579 4608 :
2639 4553 3004 4625 Φιλοσοφήσας
3037 4555 3066 4607 ό
3091 4553 3357 4621 θεοσοφώ-

187 4659 320 4707 τατος
349 4651 478 4717 περὶ
501 4652 601 4718 τῆς
624 4649 965 4720 ἀνθρωπίνης
997 4652 1214 4723 ἀρετῆς.

247 4734 364 4806 Περὶ
389 4740 667 4802 εὐτελείας
693 4741 785 4794 τοῦ
820 4743 972 4805 ἐκτὸς
997 4742 1306 4812 ἀνθρώπου,
1338 4743 1431 4795 καὶ
1461 4743 1555 4812 τῆς
1583 4743 1690 4796 τῶν
1713 4761 1807 4813 παε

1793 4744 1992 4813 ρόντων
2022 4742 2378 4810 ματαιότητος
2406 4740 2558 4805 λόγος
2586 4743 2672 4790 ια’.
2720 4736 2795 4791 De
2832 4728 3235 4806 contemptione’
3261 4752 3352 4791 ea:-

191 4827 358 4880 trrioris
374 4830 622 4892 hominis,
644 4841 690 4884 et
731 4849 904 4886 rerum
928 4835 1263 4901 prementium
1284 4837 1514 4888 vanitate
1547 4837 1712 4888 oratio
1748 4857 1751 4865 ⁴

1547 4837 1712 4888 oratio
1748 4835 2041 4888 undecima.
2068 4835 2125 4888 P.
2158 4851 2172 4886 :
2198 4833 2330 4902 Περὶ
2355 4835 2450 4903 τῆς
2481 4831 2820 4902 ἀνθρωπίνης
2845 4830 3076 4899 φύσεως.

245 4919 364 4990 Περὶ
395 4924 506 4976 τῶν
541 4925 859 4991 φθασάντων
885 4928 1228 4997 μακαρισμοὶ
1255 4930 1345 4980 καὶ
1367 4929 1805 4997 ὅροι-πνευματικ

1789 4927 1872 4980 ι(οὖ
1921 4928 2036 4996 βίου
2069 4927 2221 4992 λόγος
2252 4925 2335 4995 ιβ’.
2386 4926 2458 4978 De
2498 4924 2898 4978 bealitudinibus
2945 4932 2996 4976 et
3027 4922 3349 4990 ﬁnitionibus

191 5013 285 5067 rita:
312 5018 598 5082 spiritualis
624 5021 792 5072 oratio
828 5020 1150 5074 duodecima.
1193 5020 1253 5074 P.
1286 5039 1298 5072 :
1367 5019 1664 5081 Ταλανίσας
1691 5037 1751 5071 κα

1817 5020 2259 5090 κατασμικρύνας
2306 5021 2374 5072 τὰ
2409 5019 2736 5087 ἀνθρώπινα,
2787 5019 2878 5070 καὶ
2918 5017 2987 5071 τὰ
3039 5016 3132 5070 τοῦ
3159 5018 3349 5079 αίῶνος

193 5119 349 5159 τουτου
357 5148 368 5162 .

248 5197 571 5270 Γνωμολογία
597 5203 849 5272 δίστιχος,
874 5198 940 5273 ἦς
984 5206 1017 5273 ἡ
1045 5203 1352 5274 ἀκροστιχὶς
1399 5203 1557 5273 αὕτη.
1591 5202 1803 5277 scatent

1786 5205 1870 5259 tiae
1900 5203 2126 5256 distichis
2181 5203 2444 5266 expositae,
2489 5217 2711 5268 quarum
2761 5203 2870 5255 lucc
2911 5211 2984 5255 est
3023 5200 3344 5254 acrostichis.

197 5290 380 5364 Γνῶμαι
407 5298 729 5371 Γρηγορίου,
755 5310 860 5356 etc.

253 5389 573 5459 Γνωμο).ογία
611 5392 980 5462 τετραστιχος.
1011 5392 1291 5448 Sententia:
1327 5395 1636 5448 tetrastichis
1676 5410 1813 5462 capri

1783 5409 1946 5446 ressw.
2017 5391 2313 5460 Γρηγορίου
2355 5389 2510 5450 πόνος
2536 5387 2670 5455 εἰμί,
2696 5397 2801 5441 etc.
2857 5389 2962 5441 P.:
3021 5382 3343 5451 Ἐϐουλόμην

201 5487 503 5554 μακροτέρας
526 5486 704 5553 λόγων
737 5486 1131 5554 πραγματείας.
1184 5487 1247 5539 Et
1283 5486 1420 5538 hanc
1455 5501 1605 5538 suam
1640 5501 1761 5552 expt

1782 5477 2032 5537 sitionem
2066 5499 2169 5536 non
2204 5482 2339 5534 ultra
2365 5480 2605 5533 Nicetam
2630 5479 2956 5541 extendisse,
2985 5475 3256 5541 colligitur
3276 5491 3340 5527 ex

202 5574 289 5631 ﬁne
315 5578 466 5650 hujus
493 5591 781 5651 postremae
802 5581 1171 5654 expositionis,
1209 5582 1300 5634 ubi
1346 5583 1458 5634 haec
1523 5580 1684 5633 habet
1710 5597 1722 5632 :

1801 5579 2128 5647 Ἐϐουλόμην
2177 5577 2514 5646 μακροτέρας
2558 5576 2730 5642 λόγων
2767 5570 3137 5641 πραγματείας
3177 5584 3343 5626 κατα-

262 5754 326 5825 (α)
353 5757 516 5829 liujus
540 5759 1297 5830 interpretationisspecimen
1342 5772 1440 5814 nos
1464 5773 1529 5814 ex
1558 5756 1680 5813 cod.
1702 5758 1819 5815 Vat.
1847 5756 2113 5812 edidimus
2145 5753 2196 5807 in
2227 5712 2413 5823 spicit.
2447 5770 2578 5810 rom.
2611 5762 2647 5807 t.
2685 5753 2744 5818 V,
2770 5766 2821 5822 p.
2851 5742 2951 5802 579
2981 5746 3158 5805 -401
3190 5748 3344 5809 LM.
