3950 6320
633 302 704 372 15
1264 357 1303 376 ρ
1812 307 2103 373 ΝΙΕΕΤᾸΞ
2140 309 2193 369 Ρε

2281 307 2659 370 HLAGONIS
3770 302 3839 368 16

625 421 930 493 τεινόμενος
957 422 1091 495 πρὸς
1117 422 1353 495 ἑκάστην
1398 421 1650 477 ὑπόθεσιν
1679 422 1788 478 τῶν
1816 425 2104 494 ἐμμέτρων
2134 424 2279 476 ἐπῶν
2322 423 2416 476 τοῦ
2453 420 2710 489 Θεολόγου
2738 419 2834 490 τὴν
2868 420 3210 492 ἁρμόζουσαν
3244 419 3501 491 ἐξήγησιν
3554 418 3824 487 ἀνατάξα-

623 516 766 582 σθαι,
792 517 927 587 ὁμοῦ
955 518 1054 587 μὲν
1086 518 1307 589 ἐμαυτῷ
1335 520 1703 589 χαριζόμενος,
1739 516 2262 588 ἐγκαλλωπιζομίνῳ
2280 520 2391 579 τοῖς
2414 518 2511 586 τῆς
2536 515 2741 570 ἐκείνου
2773 516 3124 585 μεγαλονοίας
3146 516 3506 587 θεωρήμασιν
3537 514 3632 568 καὶ
3655 514 3837 568 θεολοο

620 608 859 678 γήμασσν
872 608 1004 679 ὁμοῦ
1036 608 1096 662 δέ
1109 609 1203 663 καὶ
1228 613 1337 673 τοῖς
1367 610 1586 663 ὄπισθεν
1610 611 1779 664 ἰοῦσιν
1808 612 2070 681 ὠφέλειαν
2082 611 2202 672 ταῖς
2229 610 2358 682 περὶ
2373 610 2574 663 τούτων
2591 608 2923 678 ἀδελεσχίαις
2939 606 3219 679 προμηθού
3228 621 3405 677 μενος·
3424 606 3581 676 ἄλλης
3594 606 3653 658 δὲ
3687 607 3840 675 βασι-

626 701 801 769 λικῆς,
817 701 1185 774 ὑπομνησθεὶς
1198 703 1293 757 καὶ
1319 703 1585 773 πατρικῆς
1606 703 1842 774 ἐντολῆς,
1885 705 1978 757 Υίέ
1990 720 2128 773 μου,
2154 701 2415 769 φύλαξαι
2440 699 2547 755 τοῦ
2584 698 2826 766 ποιῆσαι
2856 700 3066 764 ﬂuuio
3091 698 3312 761 πολλὰ,
3336 697 3837 767 παραγγελλούσηςυ

624 792 717 845 καὶ
744 791 803 846 τὸ
839 794 1008 847 αἴτιον
1051 795 1449 863 ἐπαγαγούσης,
1482 794 1575 847 τοῦ
1610 795 1684 867 μὴ
1719 790 1857 849 εἶναι
1882 791 2159 865 περαομὸν
2186 791 2566 861 ἢισυντίλειαν
2586 792 2692 844 τῶν
2710 792 3096 861 συνταγμάτων
3140 792 3237 861 τῆς
3259 788 3481 858 ἀπείρου
3512 788 3699 857 σοφίας
3733 788 3833 842 τοῦ

617 883 770 948 Θεοῦ,
793 884 887 937 καὶ
913 884 1151 938 κόπωσιν
1185 885 1281 954 μὲν
1318 886 1579 957 λεγούσης
1600 886 1777 957 ψυχῆς
1804 885 1897 940 καὶ
1927 884 2130 954 σαρκὸς
2165 882 2263 951 τὴν
2290 884 2552 955 ἀμετρίαν
2584 884 2846 955 ὑπάρχειν
2889 884 2985 953 τῆς
3015 884 3266 953 μελέτης,
3299 883 3398 953 τὴν
3433 882 3530 935 ἀπ’
3563 872 3734 950 αὐτῆς
3762 881 3825 934 δὲ

617 975 905 1044 ὠφέλειαν,
926 976 1020 1028 καὶ
1043 976 1221 1045 πάσης
1242 975 1593 1031 θεοπνεύστου
1621 979 1844 1050 Γραφῆς
1865 977 2095 1049 δύναμιν
2113 978 2192 1040 είς
2219 976 2309 1029 τὸν
2332 974 2424 1029 τοῦ
2444 975 2577 1028 Θεοῦ
2607 974 2788 1044 φόϐον,
2810 976 2903 1033 καὶ
2936 978 3032 1047 τῆς
3067 977 3283 1045 ἐντολῆς
3307 978 3538 1049 τήρησιν
3556 991 3835 1044 συγκεφα-

617 1066 967 1135 λαιουμένους
1006 1069 1204 1135 ἐξεῖναι
1240 1069 1420 1123 λαϐεῖν
1453 1085 1467 1098 °
1515 1070 1801 1138 τοιγαροῦν
1825 1071 1922 1138 τῆς
1944 1068 2315 1140 παραγγελίας
2363 1066 2565 1137 ταύτης
2591 1067 3019 1139 ἀκροασάμενος,
3056 1067 3405 1139 ἐφυλαξάμην
3463 1069 3557 1121 ἐπὶ
3583 1068 3838 1121 πλεῖστον

612 1162 711 1231 τῆς
738 1165 1048 1236 ἐξηγήσεως
1094 1166 1234 1238 μετὰ
1260 1166 1359 1236 τὴν
1405 1166 1515 1220 τῶν
1559 1168 1883 1239 ἀπορρήτων
1937 1165 2224 1236 ἐπίσκεψιν
2270 1164 2405 1219 ἰέναι
2434 1181 2451 1196 υ
2486 1163 2798 1217 τελευταίαν
2835 1162 2891 1216 δὲ
2938 1163 3047 1217 τῶν
3077 1166 3445 1235 τστραστίχων
3498 1162 3701 1217 τούτων
3727 1163 3833 1234 τὴν

616 1258 907 1329 ὁμολογίαν
951 1258 1313 1331 ἀποχρώντως
1367 1261 1513 1331 ἡμᾶς
1556 1259 1937 1331 οίκοδομούσης
2001 1259 2144 1332 πρός.
2184 1275 2245 1312 τε
2297 1259 2528 1331 θεωρίαν
2582 1258 2680 1312 καὶ
2747 1259 2947 1329 πρᾶξιν
3000 1257 3404 1329 ἐξηγησάμενος
3472 1255 3832 1311 καταπαύσω

613 1350 745 1407 Mihi
777 1353 832 1405 in
858 1352 1035 1410 animo
1063 1360 1176 1407 erat
1209 1354 1472 1424 diﬁusiore
1498 1354 1752 1407 sermonis
1782 1354 1976 1406 ambitu
2010 1352 2080 1406 ad
2104 1363 2416 1422 argumenta
2440 1351 2651 1423 singula
2681 1352 2972 1406 caminum
3000 1351 3240 1423 Theologi
3283 1351 3643 1405 condecentem
3668 1366 3835 1421 expo-

612 1449 854 1502 sitionem
878 1464 1159 1519 apponere,
1213 1456 1323 1502 tum
1347 1448 1473 1502 mihi
1498 1457 1693 1504 morem
1734 1463 1938 1518 gerens,
1987 1448 2233 1519 quiillius
2275 1451 2512 1519 gravium
2533 1458 2583 1502 et
2614 1447 3060 1518 amplissimarum
3082 1449 3463 1503 sententiarum
3494 1445 3832 1513 speculatio-

612 1538 782 1603 nibus,
833 1549 882 1592 et
943 1541 1274 1594 acuminibus
1327 1540 1621 1611 theologicis
1662 1542 1787 1595 mihi
1824 1541 2139 1612 complnceo,
2196 1549 2307 1595 tum
2332 1543 2550 1611 posteris
2579 1542 2984 1601 emolumentum
3025 1543 3167 1595 circa
3199 1558 3260 1595 ea
3290 1543 3456 1611 magis
3488 1555 3830 1611 comparans.

616 1632 801 1686 Verum
829 1631 1043 1686 alterius
1076 1632 1276 1687 consilii
1302 1634 1605 1689 memoriam
1626 1634 1873 1698 recolens,
1898 1644 1945 1688 et
1975 1634 2105 1705 regii
2129 1652 2191 1688 ac
2218 1636 2425 1705 paterni
2457 1639 2719 1706 praecepti,
2756 1656 2774 1689 ι
2810 1635 2910 1690 Fili
2932 1636 3024 1702 mi,
3065 1652 3187 1690 cave
3209 1652 3273 1689 ne
3299 1636 3489 1689 multos
3521 1635 3675 1689 libros
3704 1651 3834 1688 con-

612 1720 902 1790 scripseris,
939 1740 957 1772 ι
989 1722 1165 1776 sedulo
1195 1724 1542 1790 admonentis,
1561 1732 1613 1777 et
1640 1742 1855 1780 causam
1881 1725 2213 1795 proferentis,
2242 1727 2379 1796 quod
2402 1726 2579 1781 nullus
2611 1729 2677 1781 sit
2715 1727 2836 1796 ﬁnis
2880 1735 2974 1781 aut
3002 1728 3251 1781 terminus
3294 1728 3715 1796 compositionem
3738 1727 3833 1779 in-

609 1812 775 1881 ﬁnita:
804 1820 1027 1872 numinis
1071 1820 1361 1886 sapientiw,
1390 1832 1441 1873 et
1494 1820 1728 1875 laborem
1783 1823 2067 1876 asserentis
2127 1823 2319 1877 anima:
2352 1831 2402 1876 et
2438 1823 2669 1893 corporis
2693 1823 3095 1877 immoderatam
3140 1826 3217 1876 rei
3267 1822 3657 1876 meditationem
3687 1836 3833 1886 esse;

610 1906 889 1962 utilitatem
922 1925 1059 1971 vero,
1090 1926 1205 1979 qua:
1224 1911 1343 1963 inde
1368 1912 1717 1989 consequitur,
1748 1921 1798 1965 et
1851 1913 2009 1967 totius
2048 1914 2294 1967 divinitus
2354 1913 2629 1983 inspirata:
2673 1912 2957 1985 Scriptura
2988 1913 3304 1983 facultatem
3326 1915 3382 1966 in
3415 1910 3510 1966 Dei
3558 1912 3829 1977 timorem,

609 2008 657 2052 et
708 2002 951 2070 praecepti
996 2000 1406 2067 observantiam,
1451 2002 1610 2056 veluti
1659 2005 1715 2056 in
1750 2019 1914 2059 unum
1967 2013 2127 2075 caput
2168 2006 2475 2075 referentes,
2526 2021 2783 2074 usurpare
2815 2004 2991 2059 licere.
3055 2004 3388 2075 Quapropter
3422 2002 3673 2057 monitum
3728 2002 3831 2055 hoc

608 2094 848 2159 audiens,
894 2095 1007 2148 caoi
1045 2111 1107 2148 ne
1132 2094 1277 2149 ultra
1303 2097 1673 2166 expositionem
1702 2108 1816 2167 post
1850 2098 2190 2170 ineﬂ'abilium
2223 2100 2691 2153 considerationem
2721 2104 3095 2169 protraherem.
3148 2096 3477 2150 Postremum
3511 2111 3632 2149 vero
3657 2102 3831 2148 tetra-

608 2188 893 2243 stichorum
913 2191 1097 2243 horum
1116 2192 1410 2256 sententiis,
1443 2209 1558 2263 qua
1578 2194 1705 2247 satis
1732 2195 2032 2266 abundeque
2055 2204 2166 2249 tum
2199 2198 2266 2250 ad
2277 2194 2681 2266 speculationem
2724 2204 2833 2248 tum
2853 2194 2923 2248 ad
2946 2196 3202 2248 actionem
3222 2191 3505 2260 tediﬁcant,
3532 2190 3827 2257 enarratis,

610 2281 813 2337 dicendi
854 2282 1015 2359 linem
1072 2285 1287 2354 faciam.
1345 2285 1453 2341 Has
1505 2286 1981 2359 interpretationes
2039 2290 2271 2347 maxima
2323 2307 2391 2347 ex
2431 2300 2585 2362 parte
2630 2290 2821 2347 Billius
2862 2289 2919 2343 in
2963 2304 3117 2345 suam
3146 2286 3473 2343 Nazianzeni
3516 2286 3821 2342 editionem

609 2375 800 2431 Latine
825 2393 1017 2446 parum
1051 2391 1244 2455 cautus
1273 2380 1376 2439 sub
1400 2380 1525 2453 Cyri
1553 2386 1771 2442 nomine
1795 2386 2107 2444 transfodit.
2165 2389 2235 2443 Et
2256 2389 2311 2444 in
2357 2389 2589 2460 epistola
2607 2387 2679 2443 ad
2710 2386 3038 2442 cardinalem
3067 2384 3360 2441 Sir-letum:
3407 2382 3627 2455 Reliqua
3659 2385 3827 2438 etiam

612 2472 888 2541 opuscula,
928 2488 1045 2543 aute
1072 2472 1240 2546 Cyrus
1265 2478 1591 2548 explanavit,
1618 2479 1845 2534 versibus
1880 2482 2003 2535 item
2037 2480 2265 2536 reddidi.
2304 2482 2411 2538 Sed
2440 2496 2600 2551 cyrus
2626 2480 2705 2553 (id
2735 2488 2821 2537 est
2852 2478 3130 2548 dominus)
3162 2486 3291 2533 ante
3328 2476 3548 2532 nomina
3578 2476 3825 2546 positum

608 2561 741 2631 quid
772 2562 865 2632 sit,
887 2564 1065 2621 fusius
1110 2565 1165 2621 in
1192 2566 1315 2623 aliis
1339 2568 1594 2627 diximus.

1148 2978 1737 3090 NIKHTA
1844 2968 2140 3092 ΤΟΥ
2250 2970 2708 3091 ΠΑφΑλ

1856 2968 2140 3092 ΤΟΥ
2250 2970 3305 3091 ΠΑΦΑΑΓΟΝΟΣ
3404 2972 3416 2979 ‘

846 3213 1070 3303 ΤΩΝ
1143 3218 1451 3305 ΠΛΝΥ
1521 3218 2196 3307 ΛΠΟΣΤΟΛΩΝ
2273 3217 3143 3307 ΕΓΚΩΜΙΑΣΤΙΚΟΙ
3216 3219 3553 3305 ΛΟΓΟΙ

1666 3420 1870 3476 ΑΛΛΟΙ
1905 3421 1992 3475 ΤΕ.
2028 3418 2231 3475 ΤΙΝΕΣ
2274 3420 2750 3477 ΕΟΡΤΔΣΤΙΚΟΙ.

1395 3750 1486 3862 N
1502 3748 1630 3862 1C
1651 3749 1967 3863 ΕΤιίΕ
2065 3752 3035 3871 PAPHLAGONIS

614 4002 1284 4099 SUMMORUM
1338 4002 2207 4097 APOSTOLORUM
2264 4005 2943 4103 ORATIONES
3013 4015 3819 4113 LAUDATORI/E

1666 4218 2007 4292 ALI/EQUE
2047 4220 2373 4293 QUEDAM
2417 4222 2625 4284 FESTI
2635 4226 2766 4287 WE.

1350 4536 1446 4597 (Ex
1476 4537 1647 4587 Franc.
1670 4536 1943 4588 Combeﬁsii
1973 4536 2199 4589 Auctario
2220 4538 2285 4588 ad
2320 4538 2441 4589 Bibl.
2469 4542 2630 4603 Patr.,
2656 4551 2771 4592 tom.
2802 4544 2839 4603 l,
2864 4558 2911 4607 p.
2935 4546 3065 4610 527.)

1198 4828 1454 4885 ORATIO
1492 4829 1530 4883 Ι.
2183 4843 2227 4898 Α

2183 4843 2227 4898 Α
2872 4844 3087 4898 ΛΟΓΟΣ
3117 4846 3192 4899 A’.

674 4925 737 4979 In
779 4925 915 4978 diem
960 4922 1192 4977 natalem
1229 4922 1571 4976 sanctissima:
1608 4920 1701 4975 Dei
1730 4922 2025 4981 Genitricis.

2320 4928 2425 4995 Εἰς
2450 4931 2517 4986 τὸ
2539 4933 2811 5005 γενέσιον
2838 4934 2947 5001 τῆς
2974 4935 3293 5003 ὐπεραγίας
3322 4938 3611 4992 Θεοτόιιου
3639 4938 3742 5009 (1).

677 5038 1066 5095 Exsultationis
1114 5038 1234 5094 dies
1284 5037 1591 5113 lmtitiaeque
1642 5039 1949 5094 exordium.
1979 5040 2158 5111 Depo-

2353 5045 2727 5112 Δγαλλιάσεως
2756 5044 2936 5113 ήμέρα
2965 5045 3059 5096 καὶ
3090 5045 3426 5117 εὐφροσύνης
3448 5049 3612 5120 ἀρχή.
3650 5049 3814 5104 Ἀποο

605 5146 801 5186 namus
839 5131 1179 5217 maestitiam}.
1216 5145 1283 5186 ac
1304 5130 1645 5201 splendorem
1691 5132 1998 5189 induamus.
2054 5135 2160 5191 Lo-

2257 5135 2475 5205 θώμεθα
2505 5136 2604 5203 τὴν
2639 5136 2966 5203 κατήφειαν.
3003 5136 3095 5189 καὶ
3132 5138 3232 5206 τὴν
3264 5136 3619 5209 λαμπρότητα
3653 5158 3814 5213 περι-

606 5238 837 5291 quamur
865 5223 1135 5294 potentias
1158 5222 1390 5287 Domini,
1425 5222 1640 5278 auditas
1666 5223 1927 5280 faciamus
1966 5242 2157 5281 omnes

2261 5228 2495 5297 θώμεθα.
2528 5227 2779 5293 Είπωμεν
2798 5227 2895 5289 τὰς
2928 5226 3239 5295 δυναστείας
3266 5231 3357 5286 τοῦ
3392 5233 3616 5303 Κυρίου,
3648 5234 3810 5288 ἀκου-

606 5312 795 5368 laudes
841 5314 960 5383 ejus
984 5312 1039 5367 in
1093 5313 1266 5383 portis
1305 5314 1425 5369 lilia
1478 5312 1609 5368 Sion
1645 5315 1683 5366 ί.
1722 5314 2067 5372 Exsuitemus
2101 5318 2155 5371 in

2263 5319 2390 5378 στὰς
2432 5318 2744 5385 ποιήσωμεν
2778 5318 2955 5381 πάσας
3005 5321 3101 5385 τὰς
3140 5324 3373 5387 αἱνέσεις
3414 5324 3576 5377 αὑτοῦ
3606 5325 3663 5379 ἐν
3690 5328 3808 5387 ταῖς

606 5404 828 5459 salutari
863 5404 1001 5474 ejhs.
1049 5403 1262 5459 Etenim
1291 5406 1465 5461 erexit
1497 5405 1656 5460 nobis
1683 5405 1844 5460 hodie
1870 5424 2040 5463 cornu
2065 5422 2152 5461 sa-

2262 5406 2450 5467 πὰλαις
2481 5404 2579 5475 τῆς
2602 5406 2866 5478 θυγατρὸς
2897 5409 3051 5463 Σιών.
3098 5412 3571 5485 Ἀγαλλιασὼμεθα
3601 5418 3693 5471 ἐπὶ
3728 5414 3806 5485 τῷ

677 5539 693 5570 ³
717 5538 856 5593 Psal.
884 5541 1039 5603 cv,2.

674 5658 749 5727 (i)
778 5659 851 5712 Ex
882 5659 947 5711 cl.
982 5676 1030 5713 ν.
1066 5655 1492 5725 Raph.Dulrene
1518 5657 1636 5711 cod.
1670 5675 1813 5715 nunc
1842 5662 2026 5731 Regio.
2063 5660 2165 5716 Tit.

605 5730 700 5781 καὶ
722 5728 899 5781 Δαείδ.

2244 5659 2345 5711 Τοῦ
2386 5661 2763 5733 λαμπροτάτου
2790 5665 3070 5736 φιλοσόφου
3100 5668 3188 5723 καὶ
3210 5668 3426 5736 ῥήτορος
3454 5666 3687 5734 Νικήτα,
3705 5664 3801 5721 τοῦ
