3950 6320
499 353 570 422 to
1367 343 1371 360 ‘
1684 360 1975 422 NICETIS
2010 359 2528 423 PAPHLAGONIS
2962 439 2965 441 ἓ
3626 328 3709 422 ω

487 433 652 504 ribus
676 444 744 502 ad
777 447 1042 518 majorum
1070 445 1120 503 ei
1155 446 1476 521 tidemgviam
1507 455 1796 504 sterneret.
1820 447 2054 505 Decebat

2168 449 2291 520 πρὸς
2331 448 2428 519 τὴν
2458 446 2812 521 στειρωτικὴν
2841 446 2942 519 τῆς
2962 439 3175 519 ’μητρὸς
3198 445 3451 519 γέννησιν
3495 446 3700 519 ὁρῶσαι

496 539 644 593 enim
677 597 683 603 κ
717 546 778 593 ιιι
803 553 925 608 qua:
959 554 988 590 a
1017 553 1075 591 se
1100 537 1299 591 divinae
1320 519 1554 592 haberet
1578 537 1834 607 potentia:
1864 552 2051 593 exem-

2168 519 2285 612 ιήδὲ
2309 539 2406 611 τὴν
2439 519 2927 610 εὐαγγελιζομένῳ
2960 539 3183 609 ὕστερον
3224 539 3363 611 αὐτῇ
3405 538 3704 611 παρθενίαν

500 629 609 698 pla,
636 636 799 696 atque
828 625 896 680 ad
930 626 1142 691 matris,
1185 643 1294 697 qua
1329 636 1756 699 susceptaesset,
1795 629 2054 684 sterilita-

2168 634 2414 686 ὶπιστεῖν.
2469 633 2608 686 Ἀλλ’
2653 632 2849 703 ἴδωμεν
2888 632 3031 695 τίνες
3058 633 3226 703 αὐτῆς
3269 634 3318 686 οἱ
3353 632 3493 687 κατά
3521 634 3704 700 σάρκα

498 727 607 772 tem
637 716 949 786 respiceret,
981 733 1083 773 nec
1129 720 1286 790 cujus
1321 719 1549 776 nuntius
1583 719 1661 775 illi
1701 719 2051 784 atl‘erebatur,

2168 721 2347 787 τοκεῖς,
2384 724 2476 777 καὶ
2497 725 2665 778 ὁποῖοι
2683 725 2780 794 τὴν
2805 725 3023 795 ἀρετὴν,
3049 725 3144 778 καὶ
3168 725 3314 786 ὅπως
3339 723 3435 793 τὴν
3461 722 3552 776 τοῦ
3591 722 3702 773 Ἰαε-

496 809 794 881 virginitati
839 809 1000 866 fidem
1051 812 1340 897 abnueret.
1392 815 1593 871 Verum
1613 799 1915 875 videamus,
1960 814 2055 883 qui

2168 813 2267 866 ιὼε
2326 815 2603 886 καλλονὴν,
2654 816 2721 886 ἢν
2741 817 3023 888 ἠγάπησεν
3063 817 3092 869 ὁ
3139 817 3361 883 Κύριος,
3387 813 3536 866 αὐτοὶ
3569 829 3706 864 κατα
3757 835 3759 838 ⁴

494 902 950 970 ejus'secundum
971 919 1189 960 carnem
1210 905 1415 960 fuerint
1440 913 1715 976 parentes,
1746 914 2058 974 quantaque

499 991 620 1048 fulti
688 996 917 1061 virtute,

498 1099 630 1156 pere
655 1087 697 1142 ⁸.

571 1175 706 1245 Quis
737 1179 1094 1255 igiturnescit
1116 1183 1362 1241 Joacbim
1387 1196 1444 1242 et
1469 1189 1699 1252 Annam,
1729 1189 1823 1260 qui
1859 1190 2057 1245 divinae

505 1269 729 1328 infantis
764 1285 1017 1343 parentes
1039 1278 1303 1333 exsistant
1331 1321 1346 1345 ,
1381 1296 1478 1351 par
1509 1281 1640 1337 illud
1671 1279 2059 1339 venerabiieac

505 1366 853 1437 religiosum?
897 1368 1030 1436 Quis
1055 1371 1128 1427 ita
1149 1374 1354 1451 tardus,
1381 1377 1503 1446 quis
1530 1376 1583 1431 in
1615 1375 1817 1432 divinis
1839 1377 2062 1433 Litteris

501 1458 584 1514 sic
617 1461 958 1531 peregrinus,
988 1471 1172 1520 utnon
1211 1451 1414 1533 teneat,
1447 1476 1530 1523 ter
1554 1467 1743 1522 beatos
1789 1467 1913 1523 illos
1949 1465 2062 1524 cm-

499 1546 589 1603 nis
613 1549 833 1618 pietatis
859 1565 923 1606 ac
940 1551 1187 1623 iustitiae,
1223 1571 1323 1627 per
1349 1572 1491 1621 eam,
1524 1549 1629 1629 qua
1654 1557 1907 1614 vixerunt
1929 1569 2056 1615 teta-

507 1650 637 1704 tem,
675 1657 946 1698 summum
999 1646 1258 1702 verticem
1302 1650 1531 1721 adeptos
1568 1653 1734 1708 esse?
1783 1655 1958 1723 Atque
2002 1651 2057 1710 id

503 1733 884 1800 manifestum,
945 1737 1144 1793 nedum
1202 1756 1268 1796 ex
1307 1741 1504 1808 fructu,
1537 1758 1697 1821 quem
1740 1761 1849 1802 non
1891 1745 2062 1816 magis

503 1838 725 1893 precum
761 1824 1036 1891 instantia,
1099 1845 1260 1899 quam
1284 1843 1483 1888 natura
1506 1833 1635 1890 foeta
1664 1836 2058 1906 germinarunt,

484 1933 696 1973 'verum
727 1922 889 1975 etiam
913 1937 980 1976 ex
1003 1922 1218 1978 illorum
1248 1924 1496 1993 historia,
1515 1937 1636 1999 quae
1662 1929 1967 2001 inculpatos
1981 1930 2061 1993 eis

504 2025 704 2076 mores,
730 2013 1001 2084 vitamque
1051 2016 1162 2071 Deo
1204 2017 1453 2088 placitam
1487 2035 1553 2076 ac
1583 2031 1847 2088 sanctam,
1887 2024 2061 2079 ascri-

501 2101 764 2168 bit;cum
819 2121 990 2176 genus
1043 2106 1098 2161 in
1145 2108 1400 2166 Davidem‘
1436 2127 1497 2167 ac
1525 2112 1719 2168 Judam
1770 2114 2059 2183 referrent,

506 2210 830 2267 morumque
857 2199 1194 2270 ingenuitate
1217 2218 1379 2273 atque
1405 2205 1606 2261 indolis
1637 2207 1931 2277 probitate.
1963 2225 2063 2265 nec

503 2302 614 2342 non
658 2290 1033 2347 mandatorum
1077 2294 1174 2350 Dei
1231 2295 1499 2362 custodia,
1541 2312 1760 2353 omnem
1808 2299 2060 2355 israelcm

501 2380 878 2438 nobilitarent.

576 2473 642 2530 lii
681 2476 962 2543 nimirum,
997 2493 1120 2534 cum
1156 2481 1372 2537 virtutis
1395 2497 1560 2538 censu
1598 2483 1700 2554 (uti
1730 2483 1935 2540 dictum
1959 2484 2062 2553 est)

504 2566 699 2624 divites
729 2577 931 2637 essent,
978 2573 1111 2643 quin
1159 2582 1215 2629 et
1258 2575 1490 2630 terrenis
1534 2576 1693 2631 bonis
1736 2576 2061 2644 amuerent;

504 2677 700 2734 nempe
760 2665 1031 2736 gregibus,
1081 2667 1475 2739 armentisque,
1523 2684 1586 2724 ac
1650 2669 1858 2741 reliqua
1914 2670 2062 2725 omni

507 2755 808 2812 substantia
837 2757 957 2812 fulti
976 2769 1180 2826 essent,
1216 2776 1324 2817 uno
1381 2762 1487 2818 hoc
1519 2763 1709 2825 solum
1749 2779 1779 2818 a
1824 2749 2062 2833 perfecta

505 2842 762 2902 felicitate
786 2862 843 2903 se
870 2848 1061 2905 abesse
1089 2850 1498 2923 existimabant,
1526 2852 1670 2921 quod
1717 2867 1911 2923 nempe
1941 2852 2066 2907 abs-

506 2952 613 3006 que
636 2937 823 2993 liberis
854 2934 1307 2996 consenuerant:
1335 2927 1596 3012 erantque
1645 2941 1824 2997 omnia
1863 2941 2066 2998 doloris

506 3029 686 3098 plena,
723 3047 786 3086 ac
810 3032 1064 3088 maestitia
1109 3043 1305 3088 cuncta
1352 3035 1683 3117 oppleverat,
1740 3034 1883 3104 quod
1922 3034 2066 3090 haud

2150 906 2355 978 ηξιώθη
2363 925 2461 962 σαν
2489 910 2607 961 ὲκτε
2615 910 2749 963 κεῖν.

1004 1007 1061 1053 et
1111 999 1387 1068 quomodo
1436 999 1668 1069 speciem
1735 997 1923 1067 Jacob,
1968 1015 2131 1070 quam
2170 1001 2313 1056 Deus
2367 1002 2574 1067 dilexit,
2642 1001 2742 1072 ipsi
2793 1001 3094 1055 meruerint
3136 998 3357 1070 gignere
3407 1013 3469 1054 ac
3523 995 3704 1053 susci-

2223 1195 2320 1259 Τίς
2348 1194 2446 1247 οὐκ
2487 1187 2626 1248 οἶδεν
2681 1191 2934 1262 Ἰωακεὶμ
2982 1192 3075 1246 καὶ
3105 1193 3321 1254 Ἀνναν,
3371 1190 3708 1260 γεννήτορας

2110 1271 2117 1280 ’
2153 1284 2310 1349 ὄντας
2334 1285 2435 1354 τῆς
2462 1284 2740 1348 θεόπαιδος
2759 1326 2774 1351 ,
2803 1285 2900 1355 τὴν
2926 1283 3111 1352 τιμίαν
3147 1280 3407 1352 ξυνωρίδα
3450 1281 3543 1334 καὶ
3586 1280 3710 1333 θεο-

2154 1374 2321 1445 φιλῇς
2355 1375 2448 1428 καὶ
2478 1373 2559 1436 τίς
2610 1371 2750 1426 οὕτω
2808 1371 3004 1442 βραδὺς
3031 1411 3046 1430 .
3100 1371 3183 1430 τίς
3229 1369 3368 1424 οὕτω
3406 1369 3514 1422 τῶν
3547 1369 3711 1422 θείων

2155 1469 2387 1540 Γραφῶν
2403 1467 2815 1529 ἀνεπίσκεπτος,
2843 1463 2968 1518 ὥστ’
3003 1463 3215 1532 ἀγνοεῖν
3240 1463 3319 1516 ὅτι
3350 1461 3527 1529 πάσης
3552 1460 3712 1513 εὐσε-

2161 1560 2312 1624 ϐείας
2356 1560 2452 1614 καὶ
2482 1557 2825 1628 δικαιοσύνης
2862 1555 3004 1610 κατά
3041 1554 3138 1627 τὴν
3184 1553 3389 1608 ἑαυτῶν
3430 1552 3619 1621 γενεὰν
3647 1552 3712 1606 τὸ

2163 1653 2456 1725 ἀκρότατον
2479 1652 2529 1705 οἱ
2574 1650 2942 1722 τρισμάκαρες
2982 1647 3391 1718 ἀπηνέγκαντος
3425 1645 3536 1700 Καὶ
3554 1641 3714 1699 τοῦτο

2165 1747 2340 1818 δῆλον,
2371 1746 2471 1800 οὐκ
2510 1746 2580 1799 ἐκ
2606 1743 2700 1798 τοῦ
2745 1739 2959 1814 καρποῦ
2991 1741 3168 1812 μόνον,
3193 1740 3251 1794 ὃν
3293 1741 3391 1810 οὐχ
3418 1733 3579 1810 ἦττον
3621 1739 3712 1792 διὰ

2160 1838 2526 1912 προσευχῆςῆ
2578 1837 2789 1910 φύσεως
2831 1835 3188 1906 ὲδλάστησαν,
3228 1832 3361 1886 ἀλλά
3389 1834 3481 1886 καὶ
3509 1833 3571 1885 ἐκ
3607 1831 3712 1896 τῆς

2160 1933 2286 2002 περὶ
2315 1931 2492 1985 αὐτῶν
2524 1931 2780 1999 ἱστορίας,
2811 1926 3095 1997 ἄμεμπτον
3114 1924 3387 1979 πολιτείαν
3400 1913 3501 1976 ’καὶ
3523 1924 3715 1994 εὐάρε-

2163 2042 2287 2080 στον
2331 2023 2408 2093 τῷ
2433 2022 2553 2093 Θεῷ
2603 2020 2716 2090 βίον
2744 2019 2889 2091 βιοῦν
2916 2019 3097 2081 αὐτοῖς
3129 2014 3544 2087 ἀναγραφούσης
3563 2030 3577 2044 ·
3629 2015 3723 2089 εἰς

2162 2115 2324 2170 Δασὶδ
2352 2115 2451 2184 μὲν
2485 2114 2577 2168 καὶ
2625 2113 2824 2166 Ἰούδαν
2846 2111 2916 2164 ιτὸ
2946 2110 3098 2178 γένος
3131 2108 3517 2178 ἀναφέροντας,
3552 2108 3713 2174 εὐγε-

2159 2209 2282 2279 νείᾳ,
2326 2206 2383 2260 δὲ
2424 2205 2640 2278 τρόπων
2694 2206 2788 2257 καὶ
2840 2202 2988 2274 ἠθῶν
3029 2197 3556 2272 καλοκαγαθίᾳ,·καὶ
3602 2197 3718 2250 τῶν

2161 2283 2593 2374 προσταγμάτων
2611 2295 2703 2351 τοῦ
2716 2293 2861 2350 ’Θεοῦ
2886 2293 3120 2363 φυλακῇ,
3141 2292 3260 2346 ὅλον
3280 2288 3718 2361 ὲξευγενίζοντας

2163 2395 2253 2449 τδν
2295 2390 2526 2465 Ἰσραήλ.
2931 2388 2935 2400 ⁷
3087 2401 3090 2404 ί

2274 2480 2386 2541 ῧτοι
2418 2476 2512 2561 τον
2549 2480 2794 2545 πλοῦτον,
2837 2480 2912 2545 ὡς
2951 2477 3197 2553 εἴρηται,
3237 2475 3584 2540 πλουτοῦντες
3613 2475 3719 2546 τῆς
3793 2519 3799 2526 .

2163 2577 2382 2650 ἀρετῆς,
2416 2576 2688 2647 βρίθοντες
2709 2575 2765 2628 δὲ
2795 2574 2887 2628 καὶ
2913 2575 3024 2636 τοῖς
3049 2571 3156 2626 ἀπὸ
3189 2571 3291 2641 γῆς
3325 2569 3569 2638 ἀγαθοῖς,
3587 2584 3716 2622 ποι-

2167 2667 2336 2739 μνίοις
2375 2668 2469 2720 καὶ
2501 2663 2798 2736 βουκολίοις
2826 2661 2920 2716 καὶ
2949 2662 3112 2714 πᾶσιν
3143 2659 3320 2723 ἄλλοις
3341 2657 3720 2730 αὑταρκούμε-

2163 2778 2242 2814 νοι
2273 2758 2736 2832 περιουσιασμοῖς,
2765 2753 2843 2808 ἐνὶ
2864 2753 3038 2823 τούτῳ
3073 2750 3217 2822 μόνῳ
3241 2750 3340 2820 τῆς
3376 2748 3582 2812 τελείας
3611 2763 3719 2817 μα-

2167 2851 2504 2924 καριωσύνης
2538 2849 2855 2905 ὑπώπτευον
2907 2845 3185 2914 ἀστοχεῖνο
3236 2843 3449 2898 ἄτεκνοι
3477 2839 3584 2909 γὰρ
3620 2839 3719 2893 τὸν

2169 2943 2280 3015 βίον
2310 2944 2664 3013 κατεγήρωνο
2701 2939 2796 2993 καὶ
2849 2940 3024 2993 πάντα
3070 2934 3245 3006 λύπης
3296 2932 3467 3005 μεστά
3494 2929 3584 3003 ἦν,
3620 2931 3722 2984 καὶ

2166 3037 2608 3107 ἀθυμίας²αὑτοῖς
2631 3033 2700 3087 τά
2729 3032 2905 3087 πάντα
2953 3028 3308 3100 πεπλήρωτο·
3338 3026 3419 3080 ὅτι
3446 3026 3512 3096 τῇ
3546 3024 3721 3094 Ἀννᾳ

505 3132 663 3172 εοεαε
705 3134 768 3174 ac
794 3126 1019 3175 vetustae
1048 3120 1212 3186 Sarae,
1247 3114 1524 3176 nienstrua
1545 3122 1714 3178 Annae
1737 3123 1852 3178 fieri
1883 3123 2062 3180 desie-

2170 3131 2267 3200 μὲν
2297 3127 2439 3183 κατὰ
2463 3126 2560 3197 τὴν
2583 3124 2818 3179 παλαιὰν
2864 3121 3081 3195 Σάρραν
3132 3119 3379 3186 ἐξέλιπον
3422 3117 3492 3170 τὰ
3524 3132 3718 3186 γυναι-

505 3217 628 3263 rant
645 3209 664 3240 ⁷
695 3225 709 3274 ;
733 3225 834 3265 nec
859 3210 1139 3267 Joaebimo
1165 3221 1598 3277 eratsuccessor,
1617 3229 1720 3269 nec
1734 3215 2061 3270 cernebatur

503 3299 595 3368 qui
647 3300 862 3357 familia:
912 3302 1148 3358 scintilla
1180 3301 1341 3358 foret.
1399 3303 1707 3359 Accedebat
1745 3313 1802 3360 et
1841 3305 2062 3360 irritans

504 3391 805 3472 vicinorum
829 3393 1197 3464 exprobratio,
1219 3389 1286 3469 ac'
1314 3405 1574 3468 quantum
1612 3413 1714 3453 nec
1752 3397 1856 3453 dici
1884 3406 2064 3469 potest

505 3479 661 3549 aegrae
693 3484 890 3538 mentis
927 3483 1135 3540 doloris
1165 3500 1385 3577 sensum
1420 3487 1806 3542 suceendebat.
1836 3488 1912 3544 Ac
1937 3489 2062 3559 qui-

438 3603 440 3605 »
504 3568 628 3624 dem
659 3571 901 3630 Joacbim
926 3575 1165 3645 duplicia
1183 3568 1332 3630 dona
1362 3576 1591 3632 Domino
1605 3577 1906 3645 oil'erebat;
1939 3595 2061 3634 cum

509 3661 596 3716 his
627 3661 765 3718 forte
809 3665 981 3720 Deum
1008 3666 1351 3739 propitiaret,
1384 3683 1446 3722 ac
1495 3668 1748 3723 orbitatis
1801 3670 2060 3740 probrum

507 3769 535 3806 a
557 3767 614 3807 se
637 3753 835 3825 depelli
865 3771 1024 3825 posse
1055 3758 1337 3829 cogitaret.
1362 3759 1730 3816 Nihilominus
1758 3770 1937 3816 tamen
1983 3761 2064 3815 sic

506 3819 722 3918 quoque
747 3849 800 3904 in
834 3819 1466 3929 iisdemwid’fecunditatis
1495 3855 1713 3923 probris
1766 3856 2013 3912 manebat
2043 3899 2059 3922 ,

508 3938 682 3994 donec
715 3942 928 3996 tandem
962 3943 1046 4021 vir
1070 3944 1252 4015 justus
1281 3954 1583 4008 extremum
1630 3947 1739 4016 jam
1771 3947 1936 4001 an‘imi
1964 3963 2063 4001 an-

508 4026 628 4082 xius
653 4038 707 4083 et
735 4029 1071 4123 humiliatus,
1105 4033 1416 4087 carnalibus
1456 4035 1976 4104 dcspectisbostiis,
2009 4045 2064 4089 et

511 4118 707 4189 quibus
747 4118 1046 4189 imperfecti
1091 4122 1406 4193 imperfecte
1437 4125 1663 4196 obsequi
1697 4142 1756 4182 se
1794 4136 1852 4181 et
1887 4126 2065 4181 indul-

509 4224 636 4277 gere
665 4205 992 4281 existimant,
1045 4213 1219 4282 iisque
1243 4222 1309 4283 [ut
1341 4231 1460 4284 quae
1494 4231 1600 4269 non
1629 4216 1920 4271 admodum
1951 4217 2066 4286 pla:

510 4311 691 4363 ccant,
722 4300 941 4371 spretis,
995 4306 1319 4361 sacrificium
1352 4307 1461 4362 Deo
1491 4309 1743 4377 spiritum
1775 4309 2062 4363 contribu-

511 4393 680 4448 latum
703 4403 867 4448 ctcor
911 4399 1201 4452 contritum
1234 4415 1297 4453 ae
1351 4399 1693 4454 bumiliatum
1723 4400 2060 4455 offerendum

2165 3224 2317 3275 κεῖαν
2347 3219 2425 3290 τῷ
2463 3219 2520 3272 δὲ
2547 3217 2786 3287 διάδοχος
2805 3215 2902 3268 οὐκ
2920 3209 3010 3285 ἦν,
3047 3210 3141 3266 καὶ
3189 3212 3220 3265 ὁ
3255 3208 3350 3264 τοῦ
3385 3208 3570 3278 γένους
3615 3207 3720 3276 οὐχ

2160 3314 2339 3384 ῶρᾶτο
2365 3309 2618 3382 σπινθήρ.
2648 3308 2758 3364 Καὶ
2780 3306 2914 3377 πρὸς
2935 3302 3144 3366 τούτοις
3171 3303 3198 3356 ὁ
3219 3303 3282 3356 ὲκ
3301 3300 3557 3370 γειτόνων
3584 3298 3722 3351 ὐπο-

2163 3405 2384 3476 σμύχων
2409 3401 2709 3472 ὀνειδισμὸς
2728 3442 2744 3467 ,
2769 3399 2869 3453 οὐκ
2900 3398 3045 3452 ἐστιν
3073 3397 3194 3450 ὅσον
3229 3394 3401 3447 είπεῖν
3429 3390 3722 3458 ύπεξέκαιε

2161 3501 2260 3569 τὴν
2287 3496 2605 3566 δυσθυμίαν.
2637 3493 2750 3548 Καὶ
2777 3492 3080 3562 προσέφερε
3104 3487 3204 3558 μὲν
3238 3485 3493 3556 Ἰωακεὶμ
3529 3483 3722 3553 Κυρίῳ

2161 3591 2230 3645 τά
2251 3590 2397 3661 δῶρα
2417 3587 2607 3641 διπλᾶ·
2631 3584 2838 3647 τούτοις
2858 3581 3017 3651 τυχὸν
3039 3578 3398 3650 δεξιούμενος,
3420 3575 3512 3630 καὶ
3539 3574 3599 3628 τὸ
3619 3573 3722 3640 τῆς

2165 3684 2416 3746 ἀπαιδίας
2464 3680 2660 3742 ὄνειδος
2716 3673 3165 3743 ὑπολογιζόμενος
3210 3670 3428 3740 φυγεῖν·
3474 3666 3630 3737 ἔμενε
3661 3665 3724 3718 δὲ

2166 3754 2267 3833 καῖ
2285 3773 2633 3840 οὖτωςίούδὲν
2653 3764 2817 3842 ἦττον
2842 3769 2898 3821 ὲν
2931 3768 3041 3827 τοῖς
3077 3762 3285 3834 ὁμοίοις
3321 3763 3420 3831 τῆς
3443 3758 3724 3830 ἀκαρπίας

2163 3869 2502 3937 ὀνειδισμοῖς,
2525 3864 2629 3927 ἕως
2649 3863 2728 3925 είς
2760 3860 2910 3924 τέλος
2941 3857 2969 3911 ὁ
2995 3857 3202 3919 δίκαιος
3228 3853 3594 3925 ἀπορούμενος
3623 3852 3724 3905 καὶ

2163 3958 2603 4028 ταπεινούμενος,
2635 3952 2741 4006 τῶν
2774 3950 2872 4022 μὲν
2898 3947 3172 4020 σαρκικῶν
3199 3945 3419 4009 θυσιῶν,
3442 3943 3534 3997 καὶ
3563 3937 3641 4004 οἷς
3669 3943 3725 3994 oi

2165 4054 2370 4114 ἀτελεῖς
2409 4048 2612 4111 ἀτελῶς
2656 4044 2974 4118 χαρίζεσθαι
3012 4040 3348 4112 νομίζουσιν,
3378 4036 3586 4108 ἀμελεῖ,
3621 4037 3726 4088 καὶ

2165 4145 2240 4208 ὼς
2261 4123 2336 4196 οὐ.
2353 4143 2491 4196 πάνυ
2519 4138 2755 4208 θελητῶν
2802 4135 2970 4189 ὄντων
3009 4132 3284 4204 ὑπερορᾷ*
3337 4128 3526 4182 θυσίαν
3558 4125 3613 4178 δὲ
3641 4125 3726 4195 τῷ

2164 4237 2317 4308 Θεῷ,
2359 4235 2573 4304 πνεῦμα
2623 4229 3080 4303 συντετριμμένον
3135 4224 3228 4278 καὶ
3281 4221 3506 4293 καρδίαν
3531 4234 3723 4271 συντε-

2101 4372 2104 4376 -
2162 4331 2466 4401 τριμμένην
2497 4326 2592 4382 καὶ
2623 4320 3093 4391 τεταπεινωμένην
3128 4315 3410 4386 διεγνώκει
3445 4327 3729 4383 καρποφοτ

2170 4428 2280 4496 ρεῖν
2301 4443 2314 4457 ο
2348 4425 2441 4476 καὶ
2469 4422 2535 4475 δι’
2562 4409 2883 4490 ἐγκρατείας
2915 4415 3007 4469 καὶ
3037 4411 3337 4484 προσευχῆς
3383 4406 3476 4461 τοῦ
3526 4403 3728 4459 ποθου-

509 4500 687 4553 Operae
729 4488 958 4554 pretium
1012 4488 1222 4554 duxit“,
1252 4490 1532 4560 creditqne
1561 4506 1656 4561 per
1675 4491 2062 4546 continentiam

2173 4516 2332 4588 μένου
2367 4513 2608 4568 πιστεύει
2637 4507 3114 4582 καταδράττεσθαι.

474 4587 565 4662 ‘et
603 4579 904 4633 orationem
923 4582 1391 4650 appreliensurum
1420 4598 1499 4648 se,
1537 4585 1692 4655 cujus
1719 4599 1861 4655 agger
1897 4584 2063 4639 animi

499 4671 789 4726 ‘desiderio
813 4680 954 4726 erat.
1646 4740 1650 4745 .

503 4763 508 4765 ’
579 4767 682 4833 Qui
727 4767 871 4822 enim
898 4769 1223 4826 sanctissimi
1279 4770 1516 4840 Spiritus
1546 4771 1942 4856 sanctissimum
1980 4773 2065 4843 pi-

452 4871 457 4876 '
510 4876 650 4932 gnus
669 4850 1053 4922 awaerarium
1072 4871 1213 4916 esset
1238 4864 1541 4934 geniturus,
1566 4850 1795 4918 decebat
1823 4865 2062 4934 ejusdem

513 4953 752 5024 primum
775 4952 1013 5022 Spiritus
1054 4952 1252 5009 divinis
1274 4954 1543 5009 aiilatibus
1573 4956 1863 5025 repletum,
1910 4972 2064 5010 sacro

514 5045 858 5115 spiritalique
923 5044 1199 5101 desiderio
1264 5046 1331 5101 ad
1395 5054 1714 5138 coqceplum
1769 5047 2063 5102 confoveri.

512 5136 761 5201 Quonam
817 5135 986 5206 igitur
1019 5134 1181 5189 modo
1209 5151 1323 5190 rem
1379 5134 1647 5206 praestat?
1698 5135 2072 5190 Communicat

514 5227 733 5296 quidem
764 5228 918 5283 uxori
943 5228 1187 5283 divinum
1208 5207 1387 5284 animo
1403 5239 1737 5299 assumptum
1763 5226 2070 5282 consilium.

514 5320 834 5376 Communis
865 5321 1007 5376 enim
1038 5321 1322 5385 ambobus,
1346 5323 1421 5376 uti
1453 5324 1729 5385 sterilitas,
1766 5320 1842 5373 sic
1868 5329 2069 5372 etcura

517 5411 879 5480 suscipiendae
913 5414 1102 5483 prolis;
1132 5424 1422 5485 monetque
1449 5417 1680 5469 aliorum
1702 5412 1940 5467 omnium
1969 5427 2066 5466 cu-

517 5517 608 5557 ras
663 5503 1008 5572 postliabere,
1055 5506 1369 5577 jejunioque
1437 5521 1493 5561 et
1551 5503 1875 5561 confessioni
1907 5510 2068 5570 atque

517 5591 778 5666 precibus
805 5592 1074 5649 assiduam
1099 5578 1240 5660 esse,
1263 5581 1442 5658 donec,
1471 5596 1667 5663 inquit,
1698 5611 1726 5645 α
1762 5592 1908 5646 nobis
1930 5589 2068 5644 Deus

593 5789 936 5855 ‘Psal.n.vt,
966 5793 1016 5848 5.
1157 5792 1288 5846 Gen.
1332 5803 1479 5849 xviii,
1512 5788 1590 5842 ll.
1642 5792 1660 5820 "
1692 5790 1831 5848 Psal.
1869 5807 1916 5858 ι,
1957 5787 2038 5846 l9.

2241 4763 2343 4816 Τὸν
2382 4761 2489 4832 γὰρ
2531 4758 2626 4812 τοῦ
2669 4755 2933 4825 παναγίου
2986 4751 3301 4820 Πνεύματος
3351 4746 3612 4817 μέλλοντα
3659 4742 3731 4798 τὺ

2171 4854 2472 4922 ἁγιώτατον
2525 4850 2803 4921 κειμήλιον
2850 4847 3110 4907 ἐκτεκεῖν,
3139 4842 3242 4893 ἔδει
3287 4838 3380 4892 τοῦ
3410 4837 3732 4906 Πνεύματος

2171 4946 2334 5000 αὑτοῦ
2365 4946 2579 5016 πρῶτον
2608 4943 2716 4994 τῶν
2748 4939 2904 4991 θείων
2940 4933 3310 5003 πληρούμενον
3330 4928 3637 5000 ἐνεργειῶν,
3666 4926 3733 4991 ἐξ

2175 5041 2322 5108 ἱερᾶς
2366 5057 2425 5092 τε
2452 5038 2542 5090 καὶ
2576 5027 2949 5100 πνευματικῆς
2977 5026 3110 5096 πρὸς
3142 5023 3240 5094 τὴν
3282 5022 3474 5092 κύησιν
3511 5018 3732 5088 διαθερ-

2175 5130 2438 5201 μανθῆναι
2460 5121 2790 5196 προθυμίας.
2826 5117 2945 5180 Πῶς
2973 5113 3067 5170 οὖν
3100 5115 3254 5169 τοῦτο
3283 5117 3455 5180 ποιεί;
3486 5113 3732 5165 Ἀνακοι-

2172 5225 2353 5278 νοῦται
2394 5219 2492 5290 μὲν
2529 5219 2592 5285 τῇ
2630 5213 2845 5282 συζύγῳ
2892 5211 2983 5264 τὸν
3028 5208 3208 5263 ἔνθεον
3236 5209 3522 5277 λογισμόν·
3569 5205 3731 5276 κοινὴ

2175 5319 2278 5384 γὰρ
2310 5313 2528 5379 ἀμφοῖν,
2553 5309 2740 5377 ὥσπερ
2769 5307 2801 5377 ἡ
2832 5307 3133 5376 στείρωσις,
3161 5301 3302 5357 οὕτω
3340 5302 3430 5354 καὶ
3471 5299 3567 5370 τῆς
3598 5314 3731 5351 παι-

2173 5403 2411 5473 δογονίας
2445 5405 2478 5472 ἡ
2502 5402 2718 5473 φροντίς
2743 5415 2759 5431 ’
2792 5397 2885 5452 καὶ
2909 5398 3121 5450 πάντων
3165 5395 3381 5464 ἀμελεῖν
3413 5393 3519 5446 τῶν
3550 5389 3730 5444 ἄλλων

2176 5496 2458 5566 παρεγγυᾷ
2473 5514 2484 5528 ο
2508 5493 2728 5566 νηστείᾳ
2749 5491 2805 5544 δὲ
2828 5490 2920 5544 καὶ
2935 5488 3308 5556 ἐξομολογήσει
3333 5484 3423 5538 καὶ
3449 5483 3730 5552 προσευχῇ

2177 5590 2620 5659 προσκαρτερεῖν,
2655 5584 2827 5654 ἄχρις
2866 5581 2940 5638 ἂν
2968 5581 3034 5648 ἐξ
3057 5577 3243 5651 ἡμῶν,
3295 5575 3442 5647 φησὶ.
3479 5571 3732 5643 περιέλῃ
