  <div class='ocr_page' id='page_1' title='image "/cluster/home/n/w/nwhite01/storage/ocr_20150623/105/pst.000005714155/029.png"; bbox 0 0 3950 6320; ppageno 0'>
   <div class='ocr_carea' id='block_1_1' title="bbox 497 409 2020 483">
    <p class='ocr_par' dir='ltr' id='par_1_1' title="bbox 497 409 2020 483">
     <span class='ocr_line' id='line_1_1' title="bbox 497 409 2020 483; baseline -0.009 0"><span class='ocrx_word' id='word_1_1' title='bbox 497 419 572 483; x_wconf 73' lang='grc'><strong><em>23</em></strong></span> <span class='ocrx_word' id='word_1_2' title='bbox 1352 437 1358 441; x_wconf 78' lang='lat'>&#39;</span> <span class='ocrx_word' id='word_1_3' title='bbox 1670 409 1959 474; x_wconf 77' lang='lat' dir='ltr'><strong><em>NICET/E</em></strong></span> <span class='ocrx_word' id='word_1_4' title='bbox 1994 411 2020 470; x_wconf 86' lang='lat' dir='ltr'>l</span> 
     </span>
    </p>
   </div>
   <div class='ocr_carea' id='block_1_2' title="bbox 2121 409 3741 483">
    <p class='ocr_par' dir='ltr' id='par_1_2' title="bbox 2121 411 3741 482">
     <span class='ocr_line' id='line_1_2' title="bbox 2121 411 3741 482; baseline 0.004 -11"><span class='ocrx_word' id='word_1_5' title='bbox 2121 411 2505 476; x_wconf 74' lang='lat' dir='ltr'><strong><em>&#39;HI.AGONIS</em></strong></span> <span class='ocrx_word' id='word_1_6' title='bbox 3594 413 3671 482; x_wconf 72' lang='grc' dir='ltr'><strong><em>ει</em></strong></span> <span class='ocrx_word' id='word_1_7' title='bbox 3737 439 3741 443; x_wconf 91' lang='grc'><strong>·</strong></span> 
     </span>
    </p>
   </div>
   <div class='ocr_carea' id='block_1_3' title="bbox 501 491 2020 603">
    <p class='ocr_par' dir='ltr' id='par_1_3' title="bbox 501 525 2020 602">
     <span class='ocr_line' id='line_1_3' title="bbox 501 525 2020 602; baseline -0.008 -10"><span class='ocrx_word' id='word_1_8' title='bbox 501 543 646 599; x_wconf 65' lang='lat' dir='ltr'><strong><em>latet,</em></strong></span> <span class='ocrx_word' id='word_1_9' title='bbox 679 535 837 587; x_wconf 89' lang='lat' dir='ltr'><strong><em>etiam</em></strong></span> <span class='ocrx_word' id='word_1_10' title='bbox 865 532 985 587; x_wconf 80' lang='lat' dir='ltr'><strong><em>aliis</em></strong></span> <span class='ocrx_word' id='word_1_11' title='bbox 1015 541 1133 586; x_wconf 86' lang='lat' dir='ltr'><strong><em>ante</em></strong></span> <span class='ocrx_word' id='word_1_12' title='bbox 1165 548 1243 585; x_wconf 90' lang='lat' dir='ltr'><strong><em>me</em></strong></span> <span class='ocrx_word' id='word_1_13' title='bbox 1285 531 1498 602; x_wconf 86' lang='lat' dir='ltr'><strong><em>perinde</em></strong></span> <span class='ocrx_word' id='word_1_14' title='bbox 1536 525 2020 594; x_wconf 78' lang='lat' dir='ltr'><strong><em>iaborantibus,for-</em></strong></span> 
     </span>
    </p>
   </div>
   <div class='ocr_carea' id='block_1_4' title="bbox 2121 491 3674 603">
    <p class='ocr_par' dir='ltr' id='par_1_4' title="bbox 2137 491 3674 603">
     <span class='ocr_line' id='line_1_4' title="bbox 2137 491 3674 603; baseline 0.001 -21"><span class='ocrx_word' id='word_1_15' title='bbox 2137 528 2245 595; x_wconf 81' lang='grc' dir='ltr'>τῆς</span> <span class='ocrx_word' id='word_1_16' title='bbox 2271 529 2521 598; x_wconf 79' lang='grc' dir='ltr'><strong><em>ἀμέτρου</em></strong></span> <span class='ocrx_word' id='word_1_17' title='bbox 2546 509 2983 603; x_wconf 53' lang='lat' dir='ltr'><strong><em>ptiar-omnim</em></strong></span> <span class='ocrx_word' id='word_1_18' title='bbox 3005 532 3360 601; x_wconf 68' lang='grc' dir='ltr'>ἐπιλήσομαι</span> <span class='ocrx_word' id='word_1_19' title='bbox 3375 547 3390 562; x_wconf 88' lang='grc'><strong>·</strong></span> <span class='ocrx_word' id='word_1_20' title='bbox 3412 525 3544 587; x_wconf 78' lang='grc' dir='ltr'>οἶδα</span> 
     </span>
    </p>
   </div>
   <div class='ocr_carea' id='block_1_5' title="bbox 501 609 2034 698">
    <p class='ocr_par' dir='ltr' id='par_1_5' title="bbox 501 609 2034 698">
     <span class='ocr_line' id='line_1_5' title="bbox 501 609 2034 698; baseline -0.005 -18"><span class='ocrx_word' id='word_1_21' title='bbox 501 630 717 698; x_wconf 82' lang='lat' dir='ltr'><strong><em>titerque</em></strong></span> <span class='ocrx_word' id='word_1_22' title='bbox 745 625 1124 688; x_wconf 81' lang='lat' dir='ltr'><strong><em>invocantibus,</em></strong></span> <span class='ocrx_word' id='word_1_23' title='bbox 1147 623 1349 692; x_wconf 75' lang='lat' dir='ltr'><strong><em>placide</em></strong></span> <span class='ocrx_word' id='word_1_24' title='bbox 1396 623 1693 685; x_wconf 83' lang='lat' dir='ltr'><strong><em>attendisse,</em></strong></span> <span class='ocrx_word' id='word_1_25' title='bbox 1726 609 1804 674; x_wconf 18' lang='lat' dir='ltr'><strong><em>iac</em></strong></span> <span class='ocrx_word' id='word_1_26' title='bbox 1855 621 2034 673; x_wconf 90' lang='lat' dir='ltr'><strong><em>statim</em></strong></span> 
     </span>
    </p>
   </div>
   <div class='ocr_carea' id='block_1_6' title="bbox 500 711 2035 789">
    <p class='ocr_par' dir='ltr' id='par_1_6' title="bbox 500 711 2035 789">
     <span class='ocr_line' id='line_1_6' title="bbox 500 711 2035 789; baseline -0.006 -17"><span class='ocrx_word' id='word_1_27' title='bbox 500 720 742 789; x_wconf 66' lang='lat' dir='ltr'><strong><em>fecundas</em></strong></span> <span class='ocrx_word' id='word_1_28' title='bbox 763 719 1058 774; x_wconf 78' lang='lat' dir='ltr'><strong><em>reddidisse.</em></strong></span> <span class='ocrx_word' id='word_1_29' title='bbox 1080 714 1195 769; x_wconf 85' lang='lat' dir='ltr'><strong><em>Scio</em></strong></span> <span class='ocrx_word' id='word_1_30' title='bbox 1212 725 1258 767; x_wconf 88' lang='lat' dir='ltr'><strong><em>et</em></strong></span> <span class='ocrx_word' id='word_1_31' title='bbox 1282 717 1489 768; x_wconf 71' lang='lat' dir='ltr'><strong><em>Annam</em></strong></span> <span class='ocrx_word' id='word_1_32' title='bbox 1504 715 1726 767; x_wconf 83' lang='lat' dir='ltr'><strong><em>alteram</em></strong></span> <span class='ocrx_word' id='word_1_33' title='bbox 1742 711 2035 766; x_wconf 75' lang='lat' dir='ltr'><strong><em>sterilitatis</em></strong></span> 
     </span>
    </p>
   </div>
   <div class='ocr_carea' id='block_1_7' title="bbox 499 804 2031 877">
    <p class='ocr_par' dir='ltr' id='par_1_7' title="bbox 499 804 2031 877">
     <span class='ocr_line' id='line_1_7' title="bbox 499 804 2031 877; baseline -0.006 -12"><span class='ocrx_word' id='word_1_34' title='bbox 499 816 712 866; x_wconf 74' lang='lat' dir='ltr'><strong><em>dedecus</em></strong></span> <span class='ocrx_word' id='word_1_35' title='bbox 739 813 976 875; x_wconf 83' lang='lat' dir='ltr'><strong><em>euasisse,</em></strong></span> <span class='ocrx_word' id='word_1_36' title='bbox 1021 813 1112 864; x_wconf 83' lang='lat' dir='ltr'><strong><em>hoc</em></strong></span> <span class='ocrx_word' id='word_1_37' title='bbox 1153 808 1321 862; x_wconf 88' lang='lat' dir='ltr'><strong><em>solum</em></strong></span> <span class='ocrx_word' id='word_1_38' title='bbox 1345 809 1480 877; x_wconf 83' lang='lat' dir='ltr'><strong><em>quod</em></strong></span> <span class='ocrx_word' id='word_1_39' title='bbox 1526 807 1594 859; x_wconf 89' lang='lat' dir='ltr'><strong><em>ad</em></strong></span> <span class='ocrx_word' id='word_1_40' title='bbox 1628 813 1676 859; x_wconf 82' lang='lat' dir='ltr'><strong><em>te</em></strong></span> <span class='ocrx_word' id='word_1_41' title='bbox 1711 804 2031 859; x_wconf 81' lang='lat' dir='ltr'><strong><em>clamaverit.</em></strong></span> 
     </span>
    </p>
   </div>
   <div class='ocr_carea' id='block_1_8' title="bbox 502 897 2033 966">
    <p class='ocr_par' dir='ltr' id='par_1_8' title="bbox 502 897 2033 966">
     <span class='ocr_line' id='line_1_8' title="bbox 502 897 2033 966; baseline -0.006 -11"><span class='ocrx_word' id='word_1_42' title='bbox 502 904 564 955; x_wconf 76' lang='lat' dir='ltr'><strong><em>h‘t</em></strong></span> <span class='ocrx_word' id='word_1_43' title='bbox 587 920 740 966; x_wconf 87' lang='lat' dir='ltr'><strong><em>nunc,</em></strong></span> <span class='ocrx_word' id='word_1_44' title='bbox 775 902 992 954; x_wconf 86' lang='lat' dir='ltr'><strong><em>Domine</em></strong></span> <span class='ocrx_word' id='word_1_45' title='bbox 1030 902 1164 956; x_wconf 86' lang='lat' dir='ltr'><strong><em>Deus</em></strong></span> <span class='ocrx_word' id='word_1_46' title='bbox 1199 917 1358 963; x_wconf 85' lang='lat' dir='ltr'><strong><em>meus,</em></strong></span> <span class='ocrx_word' id='word_1_47' title='bbox 1405 917 1423 950; x_wconf 80' lang='grc' dir='ltr'><strong><em>ι</em></strong></span> <span class='ocrx_word' id='word_1_48' title='bbox 1453 899 1525 952; x_wconf 88' lang='lat' dir='ltr'><strong><em>Tu</em></strong></span> <span class='ocrx_word' id='word_1_49' title='bbox 1563 897 1697 950; x_wconf 89' lang='lat' dir='ltr'><strong><em>idem</em></strong></span> <span class='ocrx_word' id='word_1_50' title='bbox 1738 897 1846 966; x_wconf 81' lang='lat' dir='ltr'><strong><em>ipse</em></strong></span> <span class='ocrx_word' id='word_1_51' title='bbox 1880 911 1952 958; x_wconf 74' lang='lat' dir='ltr'><strong><em>es,</em></strong></span> <span class='ocrx_word' id='word_1_52' title='bbox 1985 903 2033 947; x_wconf 89' lang='lat' dir='ltr'><strong><em>et</em></strong></span> 
     </span>
    </p>
   </div>
   <div class='ocr_carea' id='block_1_9' title="bbox 497 976 2034 1062">
    <p class='ocr_par' dir='ltr' id='par_1_9' title="bbox 497 976 2034 1062">
     <span class='ocr_line' id='line_1_9' title="bbox 497 976 2034 1062; baseline -0.007 -14"><span class='ocrx_word' id='word_1_53' title='bbox 497 997 624 1048; x_wconf 89' lang='lat' dir='ltr'><strong><em>anni</em></strong></span> <span class='ocrx_word' id='word_1_54' title='bbox 648 996 723 1048; x_wconf 86' lang='lat' dir='ltr'><strong><em>tui</em></strong></span> <span class='ocrx_word' id='word_1_55' title='bbox 755 1012 856 1048; x_wconf 89' lang='lat' dir='ltr'><strong><em>non</em></strong></span> <span class='ocrx_word' id='word_1_56' title='bbox 881 994 1219 1062; x_wconf 71' lang='lat' dir='ltr'><strong><em>deﬁcient“,r</em></strong></span> <span class='ocrx_word' id='word_1_57' title='bbox 1240 1001 1289 1046; x_wconf 91' lang='lat' dir='ltr'><strong><em>et</em></strong></span> <span class='ocrx_word' id='word_1_58' title='bbox 1320 988 1683 1044; x_wconf 60' lang='lat' dir='ltr'><strong><em>misericordia</em></strong></span> <span class='ocrx_word' id='word_1_59' title='bbox 1705 997 1804 1041; x_wconf 77' lang='lat' dir='ltr'><strong><em>tua:</em></strong></span> <span class='ocrx_word' id='word_1_60' title='bbox 1818 1003 1915 1039; x_wconf 89' lang='lat' dir='ltr'><strong><em>non</em></strong></span> <span class='ocrx_word' id='word_1_61' title='bbox 1933 976 2034 1038; x_wconf 69' lang='lat' dir='ltr'><strong><em>ini-</em></strong></span> 
     </span>
    </p>
   </div>
   <div class='ocr_carea' id='block_1_10' title="bbox 497 1077 2034 1154">
    <p class='ocr_par' dir='ltr' id='par_1_10' title="bbox 497 1077 2034 1154">
     <span class='ocr_line' id='line_1_10' title="bbox 497 1077 2034 1154; baseline -0.005 -16"><span class='ocrx_word' id='word_1_62' title='bbox 497 1097 735 1151; x_wconf 79' lang='lat' dir='ltr'><strong><em>rmentur,</em></strong></span> <span class='ocrx_word' id='word_1_63' title='bbox 763 1095 1086 1154; x_wconf 81' lang='lat' dir='ltr'><strong><em>prompteque</em></strong></span> <span class='ocrx_word' id='word_1_64' title='bbox 1109 1100 1199 1154; x_wconf 82' lang='lat' dir='ltr'><strong><em>per</em></strong></span> <span class='ocrx_word' id='word_1_65' title='bbox 1227 1100 1381 1153; x_wconf 89' lang='lat' dir='ltr'><strong><em>quam</em></strong></span> <span class='ocrx_word' id='word_1_66' title='bbox 1418 1081 1550 1135; x_wconf 83' lang='lat' dir='ltr'><strong><em>bona</em></strong></span> <span class='ocrx_word' id='word_1_67' title='bbox 1585 1081 1722 1133; x_wconf 87' lang='lat' dir='ltr'><strong><em>dona</em></strong></span> <span class='ocrx_word' id='word_1_68' title='bbox 1753 1090 1843 1132; x_wconf 88' lang='lat' dir='ltr'><strong><em>tua</em></strong></span> <span class='ocrx_word' id='word_1_69' title='bbox 1881 1077 2034 1146; x_wconf 83' lang='lat' dir='ltr'><strong><em>digne</em></strong></span> 
     </span>
    </p>
   </div>
   <div class='ocr_carea' id='block_1_11' title="bbox 496 1168 2033 1245">
    <p class='ocr_par' dir='ltr' id='par_1_11' title="bbox 496 1168 2033 1245">
     <span class='ocr_line' id='line_1_11' title="bbox 496 1168 2033 1245; baseline -0.003 -18"><span class='ocrx_word' id='word_1_70' title='bbox 496 1177 776 1240; x_wconf 72' lang='lat' dir='ltr'><strong><em>petentibus</em></strong></span> <span class='ocrx_word' id='word_1_71' title='bbox 816 1185 1148 1245; x_wconf 70' lang='lat' dir='ltr'><strong><em>prarstantur.</em></strong></span> <span class='ocrx_word' id='word_1_72' title='bbox 1170 1174 1285 1243; x_wconf 84' lang='lat' dir='ltr'><strong><em>Ipse</em></strong></span> <span class='ocrx_word' id='word_1_73' title='bbox 1314 1189 1508 1241; x_wconf 88' lang='lat' dir='ltr'><strong><em>quoque</em></strong></span> <span class='ocrx_word' id='word_1_74' title='bbox 1533 1171 1667 1240; x_wconf 82' lang='lat' dir='ltr'><strong><em>quod</em></strong></span> <span class='ocrx_word' id='word_1_75' title='bbox 1704 1169 1876 1223; x_wconf 77' lang='lat' dir='ltr'><strong><em>liberis</em></strong></span> <span class='ocrx_word' id='word_1_76' title='bbox 1907 1168 2033 1223; x_wconf 85' lang='lat' dir='ltr'><strong><em>orba</em></strong></span> 
     </span>
    </p>
   </div>
   <div class='ocr_carea' id='block_1_12' title="bbox 493 1261 2032 1332">
    <p class='ocr_par' dir='ltr' id='par_1_12' title="bbox 493 1261 2032 1332">
     <span class='ocr_line' id='line_1_12' title="bbox 493 1261 2032 1332; baseline -0.004 -14"><span class='ocrx_word' id='word_1_77' title='bbox 493 1284 631 1332; x_wconf 79' lang='lat' dir='ltr'><strong><em>sum,</em></strong></span> <span class='ocrx_word' id='word_1_78' title='bbox 669 1284 836 1320; x_wconf 76' lang='lat' dir='ltr'><strong><em>meam</em></strong></span> <span class='ocrx_word' id='word_1_79' title='bbox 885 1267 1039 1332; x_wconf 78' lang='lat' dir='ltr'><strong><em>aufer</em></strong></span> <span class='ocrx_word' id='word_1_80' title='bbox 1079 1265 1437 1327; x_wconf 85' lang='lat' dir='ltr'><strong><em>sterilitatem,</em></strong></span> <span class='ocrx_word' id='word_1_81' title='bbox 1478 1273 1536 1316; x_wconf 90' lang='lat' dir='ltr'><strong><em>ut</em></strong></span> <span class='ocrx_word' id='word_1_82' title='bbox 1583 1273 1632 1314; x_wconf 89' lang='lat' dir='ltr'><strong><em>et</em></strong></span> <span class='ocrx_word' id='word_1_83' title='bbox 1683 1262 1736 1314; x_wconf 90' lang='lat' dir='ltr'><strong><em>in</em></strong></span> <span class='ocrx_word' id='word_1_84' title='bbox 1765 1278 1843 1314; x_wconf 91' lang='lat' dir='ltr'><strong><em>me</em></strong></span> <span class='ocrx_word' id='word_1_85' title='bbox 1872 1261 2032 1313; x_wconf 84' lang='lat' dir='ltr'><strong><em>clari-</em></strong></span> 
     </span>
    </p>
   </div>
   <div class='ocr_carea' id='block_1_13' title="bbox 411 1349 2035 1422">
    <p class='ocr_par' dir='ltr' id='par_1_13' title="bbox 411 1349 2035 1422">
     <span class='ocr_line' id='line_1_13' title="bbox 411 1349 2035 1422; baseline -0.002 -17"><span class='ocrx_word' id='word_1_86' title='bbox 411 1402 413 1405; x_wconf 84' lang='lat'><strong><em>.</em></strong></span> <span class='ocrx_word' id='word_1_87' title='bbox 494 1350 684 1422; x_wconf 72' lang='lat' dir='ltr'><strong><em>ﬁéeris.</em></strong></span> <span class='ocrx_word' id='word_1_88' title='bbox 720 1356 833 1410; x_wconf 84' lang='lat' dir='ltr'><strong><em>Non</em></strong></span> <span class='ocrx_word' id='word_1_89' title='bbox 865 1358 1001 1411; x_wconf 77' lang='lat' dir='ltr'><strong><em>enim</em></strong></span> <span class='ocrx_word' id='word_1_90' title='bbox 1021 1355 1146 1410; x_wconf 87' lang='lat' dir='ltr'><strong><em>mihi</em></strong></span> <span class='ocrx_word' id='word_1_91' title='bbox 1193 1355 1309 1410; x_wconf 87' lang='lat' dir='ltr'><strong><em>erit.</em></strong></span> <span class='ocrx_word' id='word_1_92' title='bbox 1341 1354 1429 1422; x_wconf 86' lang='lat' dir='ltr'><strong><em>qui</em></strong></span> <span class='ocrx_word' id='word_1_93' title='bbox 1457 1362 1698 1405; x_wconf 87' lang='lat' dir='ltr'><strong><em>nascetur</em></strong></span> <span class='ocrx_word' id='word_1_94' title='bbox 1731 1351 1923 1420; x_wconf 78' lang='lat' dir='ltr'><strong><em>infans,</em></strong></span> <span class='ocrx_word' id='word_1_95' title='bbox 1943 1349 2035 1403; x_wconf 83' lang='lat' dir='ltr'><strong><em>sed</em></strong></span> 
     </span>
    </p>
   </div>
   <div class='ocr_carea' id='block_1_14' title="bbox 495 1443 2030 1516">
    <p class='ocr_par' dir='ltr' id='par_1_14' title="bbox 495 1443 2030 1516">
     <span class='ocr_line' id='line_1_14' title="bbox 495 1443 2030 1516; baseline -0.004 -16"><span class='ocrx_word' id='word_1_96' title='bbox 495 1459 582 1501; x_wconf 86' lang='lat' dir='ltr'><strong><em>tuo</em></strong></span> <span class='ocrx_word' id='word_1_97' title='bbox 617 1447 815 1500; x_wconf 87' lang='lat' dir='ltr'><strong><em>nomini</em></strong></span> <span class='ocrx_word' id='word_1_98' title='bbox 849 1456 1046 1516; x_wconf 71' lang='lat' dir='ltr'><strong><em>tua&#39;que</em></strong></span> <span class='ocrx_word' id='word_1_99' title='bbox 1064 1455 1261 1500; x_wconf 74' lang='lat' dir='ltr'><strong><em>sancta</em></strong></span> <span class='ocrx_word' id='word_1_100' title='bbox 1287 1445 1465 1498; x_wconf 76' lang='lat' dir='ltr'><strong><em>domui</em></strong></span> <span class='ocrx_word' id='word_1_101' title='bbox 1504 1458 1713 1496; x_wconf 82' lang='lat' dir='ltr'><strong><em>sacrum</em></strong></span> <span class='ocrx_word' id='word_1_102' title='bbox 1753 1443 2030 1496; x_wconf 81' lang='lat' dir='ltr'><strong><em>donarium</em></strong></span> 
     </span>
    </p>
   </div>
   <div class='ocr_carea' id='block_1_15' title="bbox 454 1539 795 1603">
    <p class='ocr_par' dir='ltr' id='par_1_15' title="bbox 454 1539 795 1603">
     <span class='ocr_line' id='line_1_15' title="bbox 454 1539 795 1603; baseline 0.003 -11"><span class='ocrx_word' id='word_1_103' title='bbox 454 1599 456 1603; x_wconf 92' lang='lat'><strong>_</strong></span> <span class='ocrx_word' id='word_1_104' title='bbox 491 1542 705 1594; x_wconf 80' lang='lat' dir='ltr'><strong><em>sistetur</em></strong></span> <span class='ocrx_word' id='word_1_105' title='bbox 731 1539 795 1593; x_wconf 78' lang='lat'><strong><em>&quot;.</em></strong></span> 
     </span>
    </p>
   </div>
   <div class='ocr_carea' id='block_1_16' title="bbox 552 1793 2028 1867">
    <p class='ocr_par' dir='ltr' id='par_1_16' title="bbox 552 1793 2028 1867">
     <span class='ocr_line' id='line_1_16' title="bbox 552 1793 2028 1867; baseline -0.002 -16"><span class='ocrx_word' id='word_1_106' title='bbox 552 1798 628 1851; x_wconf 82' lang='lat' dir='ltr'><strong><em>Ac</em></strong></span> <span class='ocrx_word' id='word_1_107' title='bbox 655 1798 729 1854; x_wconf 83' lang='lat' dir='ltr'><strong><em>illi</em></strong></span> <span class='ocrx_word' id='word_1_108' title='bbox 766 1799 984 1867; x_wconf 89' lang='lat' dir='ltr'><strong><em>quidem</em></strong></span> <span class='ocrx_word' id='word_1_109' title='bbox 1017 1798 1068 1851; x_wconf 92' lang='lat' dir='ltr'><strong><em>in</em></strong></span> <span class='ocrx_word' id='word_1_110' title='bbox 1105 1798 1386 1859; x_wconf 76' lang='lat' dir='ltr'><strong><em>luserant,</em></strong></span> <span class='ocrx_word' id='word_1_111' title='bbox 1421 1795 1550 1864; x_wconf 85' lang='lat' dir='ltr'><strong><em>quid</em></strong></span> <span class='ocrx_word' id='word_1_112' title='bbox 1599 1809 1728 1849; x_wconf 87' lang='lat' dir='ltr'><strong><em>vero</em></strong></span> <span class='ocrx_word' id='word_1_113' title='bbox 1759 1793 1850 1864; x_wconf 87' lang='lat' dir='ltr'><strong><em>qui</em></strong></span> <span class='ocrx_word' id='word_1_114' title='bbox 1882 1803 2028 1848; x_wconf 86' lang='lat' dir='ltr'><strong><em>totus</em></strong></span> 
     </span>
    </p>
   </div>
   <div class='ocr_carea' id='block_1_17' title="bbox 485 1887 2027 1957">
    <p class='ocr_par' dir='ltr' id='par_1_17' title="bbox 485 1887 2027 1957">
     <span class='ocr_line' id='line_1_17' title="bbox 485 1887 2027 1957; baseline -0.001 -16"><span class='ocrx_word' id='word_1_115' title='bbox 485 1890 793 1945; x_wconf 74' lang='lat' dir='ltr'><strong><em>misericors</em></strong></span> <span class='ocrx_word' id='word_1_116' title='bbox 826 1901 926 1952; x_wconf 88' lang='lat' dir='ltr'><strong><em>est,</em></strong></span> <span class='ocrx_word' id='word_1_117' title='bbox 954 1890 1213 1944; x_wconf 86' lang='lat' dir='ltr'><strong><em>Dominus</em></strong></span> <span class='ocrx_word' id='word_1_118' title='bbox 1243 1889 1266 1941; x_wconf 84' lang='lat'><strong>?</strong></span> <span class='ocrx_word' id='word_1_119' title='bbox 1292 1888 1384 1957; x_wconf 88' lang='lat' dir='ltr'><strong><em>qui</em></strong></span> <span class='ocrx_word' id='word_1_120' title='bbox 1427 1887 1552 1942; x_wconf 81' lang='lat' dir='ltr'><strong><em>facit</em></strong></span> <span class='ocrx_word' id='word_1_121' title='bbox 1575 1889 1753 1942; x_wconf 85' lang='lat' dir='ltr'><strong><em>omnia</em></strong></span> <span class='ocrx_word' id='word_1_122' title='bbox 1778 1897 1832 1942; x_wconf 92' lang='lat' dir='ltr'><strong><em>et</em></strong></span> <span class='ocrx_word' id='word_1_123' title='bbox 1848 1896 2027 1942; x_wconf 89' lang='lat' dir='ltr'><strong><em>trans-</em></strong></span> 
     </span>
    </p>
   </div>
   <div class='ocr_carea' id='block_1_18' title="bbox 485 1980 2027 2050">
    <p class='ocr_par' dir='ltr' id='par_1_18' title="bbox 485 1980 2027 2050">
     <span class='ocr_line' id='line_1_18' title="bbox 485 1980 2027 2050; baseline 0.001 -18"><span class='ocrx_word' id='word_1_124' title='bbox 485 1990 657 2035; x_wconf 89' lang='lat' dir='ltr'><strong><em>mutat</em></strong></span> <span class='ocrx_word' id='word_1_125' title='bbox 681 1982 734 2034; x_wconf 90' lang='lat' dir='ltr'><strong><em>in</em></strong></span> <span class='ocrx_word' id='word_1_126' title='bbox 764 1982 959 2036; x_wconf 88' lang='lat' dir='ltr'><strong><em>melius</em></strong></span> <span class='ocrx_word' id='word_1_127' title='bbox 982 1981 1004 2034; x_wconf 86' lang='lat'><strong>?</strong></span> <span class='ocrx_word' id='word_1_128' title='bbox 1029 1980 1121 2050; x_wconf 90' lang='lat' dir='ltr'><strong><em>qui</em></strong></span> <span class='ocrx_word' id='word_1_129' title='bbox 1155 1989 1462 2035; x_wconf 87' lang='lat' dir='ltr'><strong><em>sanctorum</em></strong></span> <span class='ocrx_word' id='word_1_130' title='bbox 1485 1994 1706 2033; x_wconf 89' lang='lat' dir='ltr'><strong><em>suorum</em></strong></span> <span class='ocrx_word' id='word_1_131' title='bbox 1737 1980 2027 2048; x_wconf 84' lang='lat' dir='ltr'><strong><em>petitiones</em></strong></span> 
     </span>
    </p>
   </div>
   <div class='ocr_carea' id='block_1_19' title="bbox 484 2071 2024 2142">
    <p class='ocr_par' dir='ltr' id='par_1_19' title="bbox 484 2071 2024 2142">
     <span class='ocr_line' id='line_1_19' title="bbox 484 2071 2024 2142; baseline -0.001 -16"><span class='ocrx_word' id='word_1_132' title='bbox 484 2081 539 2126; x_wconf 90' lang='lat' dir='ltr'><strong><em>et</em></strong></span> <span class='ocrx_word' id='word_1_133' title='bbox 567 2072 798 2142; x_wconf 71' lang='lat' dir='ltr'><strong><em>cogitata</em></strong></span> <span class='ocrx_word' id='word_1_134' title='bbox 819 2071 1319 2142; x_wconf 82' lang='lat' dir='ltr'><strong><em>superabundanter</em></strong></span> <span class='ocrx_word' id='word_1_135' title='bbox 1341 2071 1466 2129; x_wconf 80' lang='lat' dir='ltr'><strong><em>facit</em></strong></span> <span class='ocrx_word' id='word_1_136' title='bbox 1495 2072 1577 2124; x_wconf 82' lang='lat'><strong>&quot;?</strong></span> <span class='ocrx_word' id='word_1_137' title='bbox 1601 2071 1737 2126; x_wconf 85' lang='lat' dir='ltr'><strong><em>Num</em></strong></span> <span class='ocrx_word' id='word_1_138' title='bbox 1756 2072 2024 2140; x_wconf 88' lang='lat' dir='ltr'><strong><em>justorum</em></strong></span> 
     </span>
    </p>
   </div>
   <div class='ocr_carea' id='block_1_20' title="bbox 482 2162 2026 2232">
    <p class='ocr_par' dir='ltr' id='par_1_20' title="bbox 482 2162 2026 2232">
     <span class='ocr_line' id='line_1_20' title="bbox 482 2162 2026 2232; baseline 0.001 -16"><span class='ocrx_word' id='word_1_139' title='bbox 482 2163 924 2232; x_wconf 79' lang='lat' dir='ltr'><strong><em>supplicationem</em></strong></span> <span class='ocrx_word' id='word_1_140' title='bbox 967 2162 1213 2231; x_wconf 83' lang='lat' dir='ltr'><strong><em>sprevit?</em></strong></span> <span class='ocrx_word' id='word_1_141' title='bbox 1247 2165 1354 2216; x_wconf 77' lang='lat' dir='ltr'><strong><em>Aut</em></strong></span> <span class='ocrx_word' id='word_1_142' title='bbox 1396 2162 1632 2217; x_wconf 88' lang='lat' dir='ltr'><strong><em>attendit</em></strong></span> <span class='ocrx_word' id='word_1_143' title='bbox 1661 2163 1880 2231; x_wconf 89' lang='lat' dir='ltr'><strong><em>quidem</em></strong></span> <span class='ocrx_word' id='word_1_144' title='bbox 1917 2164 2026 2218; x_wconf 87' lang='lat' dir='ltr'><strong><em>cla-</em></strong></span> 
     </span>
    </p>
   </div>
   <div class='ocr_carea' id='block_1_21' title="bbox 482 2232 2026 2323">
    <p class='ocr_par' dir='ltr' id='par_1_21' title="bbox 482 2232 2026 2323">
     <span class='ocr_line' id='line_1_21' title="bbox 482 2232 2026 2323; baseline 0.004 -18"><span class='ocrx_word' id='word_1_145' title='bbox 482 2254 642 2315; x_wconf 86' lang='lat' dir='ltr'><strong><em>mori,</em></strong></span> <span class='ocrx_word' id='word_1_146' title='bbox 659 2232 860 2307; x_wconf 86' lang='lat' dir='ltr'><strong><em>donum</em></strong></span> <span class='ocrx_word' id='word_1_147' title='bbox 897 2262 1075 2306; x_wconf 87' lang='lat' dir='ltr'><strong><em>tamen</em></strong></span> <span class='ocrx_word' id='word_1_148' title='bbox 1098 2253 1153 2306; x_wconf 92' lang='lat' dir='ltr'><strong><em>in</em></strong></span> <span class='ocrx_word' id='word_1_149' title='bbox 1177 2260 1386 2323; x_wconf 79' lang='lat' dir='ltr'><strong><em>tempus</em></strong></span> <span class='ocrx_word' id='word_1_150' title='bbox 1404 2253 1612 2307; x_wconf 90' lang='lat' dir='ltr'><strong><em>donans</em></strong></span> <span class='ocrx_word' id='word_1_151' title='bbox 1634 2253 1844 2309; x_wconf 85' lang='lat' dir='ltr'><strong><em>distulit</em></strong></span> <span class='ocrx_word' id='word_1_152' title='bbox 1869 2255 1892 2307; x_wconf 87' lang='lat'><strong>?</strong></span> <span class='ocrx_word' id='word_1_153' title='bbox 1919 2255 2026 2311; x_wconf 79' lang='lat' dir='ltr'><strong><em>Aut</em></strong></span> 
     </span>
    </p>
   </div>
   <div class='ocr_carea' id='block_1_22' title="bbox 481 2342 2023 2414">
    <p class='ocr_par' dir='ltr' id='par_1_22' title="bbox 481 2342 2023 2414">
     <span class='ocr_line' id='line_1_22' title="bbox 481 2342 2023 2414; baseline 0.001 -17"><span class='ocrx_word' id='word_1_154' title='bbox 481 2344 662 2397; x_wconf 82' lang='lat' dir='ltr'><strong><em>statim</em></strong></span> <span class='ocrx_word' id='word_1_155' title='bbox 683 2343 900 2413; x_wconf 88' lang='lat' dir='ltr'><strong><em>quidem</em></strong></span> <span class='ocrx_word' id='word_1_156' title='bbox 920 2343 1102 2408; x_wconf 87' lang='lat' dir='ltr'><strong><em>donat,</em></strong></span> <span class='ocrx_word' id='word_1_157' title='bbox 1127 2342 1392 2414; x_wconf 87' lang='lat' dir='ltr'><strong><em>ejusmodi</em></strong></span> <span class='ocrx_word' id='word_1_158' title='bbox 1413 2351 1589 2397; x_wconf 89' lang='lat' dir='ltr'><strong><em>tamen</em></strong></span> <span class='ocrx_word' id='word_1_159' title='bbox 1619 2342 1842 2408; x_wconf 90' lang='lat' dir='ltr'><strong><em>donum,</em></strong></span> <span class='ocrx_word' id='word_1_160' title='bbox 1865 2345 2023 2412; x_wconf 87' lang='lat' dir='ltr'><strong><em>quale</em></strong></span> 
     </span>
    </p>
   </div>
   <div class='ocr_carea' id='block_1_23' title="bbox 479 2433 2024 2505">
    <p class='ocr_par' dir='ltr' id='par_1_23' title="bbox 479 2433 2024 2505">
     <span class='ocr_line' id='line_1_23' title="bbox 479 2433 2024 2505; baseline 0.001 -16"><span class='ocrx_word' id='word_1_161' title='bbox 479 2435 736 2505; x_wconf 83' lang='lat' dir='ltr'><strong><em>petebant</em></strong></span> <span class='ocrx_word' id='word_1_162' title='bbox 787 2433 976 2488; x_wconf 88' lang='lat' dir='ltr'><strong><em>tribuit</em></strong></span> <span class='ocrx_word' id='word_1_163' title='bbox 1012 2433 1526 2504; x_wconf 73' lang='lat' dir='ltr'><strong><em>Hlaudquaquam;</em></strong></span> <span class='ocrx_word' id='word_1_164' title='bbox 1585 2433 1681 2489; x_wconf 87' lang='lat' dir='ltr'><strong><em>sed</em></strong></span> <span class='ocrx_word' id='word_1_165' title='bbox 1734 2435 2024 2504; x_wconf 87' lang='lat' dir='ltr'><strong><em>respondet</em></strong></span> 
     </span>
    </p>
   </div>
   <div class='ocr_carea' id='block_1_24' title="bbox 478 2523 2019 2593">
    <p class='ocr_par' dir='ltr' id='par_1_24' title="bbox 478 2523 2019 2593">
     <span class='ocr_line' id='line_1_24' title="bbox 478 2523 2019 2593; baseline 0.001 -16"><span class='ocrx_word' id='word_1_166' title='bbox 478 2524 696 2592; x_wconf 89' lang='lat' dir='ltr'><strong><em>quidem</em></strong></span> <span class='ocrx_word' id='word_1_167' title='bbox 731 2523 910 2579; x_wconf 82' lang='lat' dir='ltr'><strong><em>statim</em></strong></span> <span class='ocrx_word' id='word_1_168' title='bbox 928 2523 1100 2593; x_wconf 81' lang='lat' dir='ltr'><strong><em>angeli</em></strong></span> <span class='ocrx_word' id='word_1_169' title='bbox 1120 2524 1290 2577; x_wconf 88' lang='lat' dir='ltr'><strong><em>sancti</em></strong></span> <span class='ocrx_word' id='word_1_170' title='bbox 1318 2538 1470 2587; x_wconf 86' lang='lat' dir='ltr'><strong><em>voce,</em></strong></span> <span class='ocrx_word' id='word_1_171' title='bbox 1505 2538 1568 2577; x_wconf 87' lang='lat' dir='ltr'><strong><em>ac</em></strong></span> <span class='ocrx_word' id='word_1_172' title='bbox 1592 2525 1812 2579; x_wconf 90' lang='lat' dir='ltr'><strong><em>oraculo</em></strong></span> <span class='ocrx_word' id='word_1_173' title='bbox 1835 2524 2019 2589; x_wconf 86' lang='lat' dir='ltr'><strong><em>edicit,</em></strong></span> 
     </span>
    </p>
   </div>
   <div class='ocr_carea' id='block_1_25' title="bbox 478 2613 2023 2684">
    <p class='ocr_par' dir='ltr' id='par_1_25' title="bbox 478 2613 2023 2684">
     <span class='ocr_line' id='line_1_25' title="bbox 478 2613 2023 2684; baseline 0.001 -18"><span class='ocrx_word' id='word_1_174' title='bbox 478 2615 595 2668; x_wconf 79' lang='lat' dir='ltr'><strong><em>fore</em></strong></span> <span class='ocrx_word' id='word_1_175' title='bbox 632 2614 799 2668; x_wconf 89' lang='lat' dir='ltr'><strong><em>utDei</em></strong></span> <span class='ocrx_word' id='word_1_176' title='bbox 827 2614 1005 2684; x_wconf 88' lang='lat' dir='ltr'><strong><em>puella</em></strong></span> <span class='ocrx_word' id='word_1_177' title='bbox 1032 2613 1370 2683; x_wconf 87' lang='lat' dir='ltr'><strong><em>concipiatur</em></strong></span> <span class='ocrx_word' id='word_1_178' title='bbox 1398 2624 1559 2683; x_wconf 89' lang='lat' dir='ltr'><strong><em>atque</em></strong></span> <span class='ocrx_word' id='word_1_179' title='bbox 1585 2624 1842 2670; x_wconf 87' lang='lat' dir='ltr'><strong><em>nascatur</em></strong></span> <span class='ocrx_word' id='word_1_180' title='bbox 1871 2632 1884 2668; x_wconf 92' lang='lat'>:</span> <span class='ocrx_word' id='word_1_181' title='bbox 1909 2615 2023 2670; x_wconf 77' lang='lat' dir='ltr'><strong><em>edi—</em></strong></span> 
     </span>
    </p>
   </div>
   <div class='ocr_carea' id='block_1_26' title="bbox 478 2704 2017 2761">
    <p class='ocr_par' dir='ltr' id='par_1_26' title="bbox 478 2704 2017 2761">
     <span class='ocr_line' id='line_1_26' title="bbox 478 2704 2017 2761; baseline 0.003 -5"><span class='ocrx_word' id='word_1_182' title='bbox 478 2704 553 2758; x_wconf 91' lang='lat' dir='ltr'><strong><em>cit</em></strong></span> <span class='ocrx_word' id='word_1_183' title='bbox 578 2711 634 2759; x_wconf 88' lang='lat' dir='ltr'><strong><em>et</em></strong></span> <span class='ocrx_word' id='word_1_184' title='bbox 678 2705 1069 2759; x_wconf 76' lang='lat' dir='ltr'><strong><em>clari&#39;nominis</em></strong></span> <span class='ocrx_word' id='word_1_185' title='bbox 1099 2704 1334 2759; x_wconf 80' lang='lat' dir='ltr'><strong><em>futuram</em></strong></span> <span class='ocrx_word' id='word_1_186' title='bbox 1360 2704 1414 2758; x_wconf 89' lang='lat' dir='ltr'><strong><em>in</em></strong></span> <span class='ocrx_word' id='word_1_187' title='bbox 1448 2721 1636 2760; x_wconf 89' lang='lat' dir='ltr'><strong><em>omnes</em></strong></span> <span class='ocrx_word' id='word_1_188' title='bbox 1660 2704 1797 2761; x_wconf 80' lang='lat' dir='ltr'><strong><em>lines</em></strong></span> <span class='ocrx_word' id='word_1_189' title='bbox 1840 2715 2017 2761; x_wconf 63' lang='lat' dir='ltr'><strong><em>terrae.</em></strong></span> 
     </span>
    </p>
   </div>
   <div class='ocr_carea' id='block_1_27' title="bbox 476 2795 2022 2866">
    <p class='ocr_par' dir='ltr' id='par_1_27' title="bbox 476 2795 2022 2866">
     <span class='ocr_line' id='line_1_27' title="bbox 476 2795 2022 2866; baseline -0.001 -15"><span class='ocrx_word' id='word_1_190' title='bbox 476 2797 521 2851; x_wconf 87' lang='lat'><strong>0</strong></span> <span class='ocrx_word' id='word_1_191' title='bbox 543 2795 666 2851; x_wconf 83' lang='lat' dir='ltr'><strong><em>ﬁdei</em></strong></span> <span class='ocrx_word' id='word_1_192' title='bbox 724 2796 1096 2851; x_wconf 79' lang='lat' dir='ltr'><strong><em>fortitudinem</em></strong></span> <span class='ocrx_word' id='word_1_193' title='bbox 1125 2797 1136 2850; x_wconf 91' lang='lat'>!</span> <span class='ocrx_word' id='word_1_194' title='bbox 1167 2810 1201 2850; x_wconf 90' lang='grc' dir='ltr'><strong><em>ο</em></strong></span> <span class='ocrx_word' id='word_1_195' title='bbox 1227 2795 1488 2850; x_wconf 84' lang='lat' dir='ltr'><strong><em>Altissimi</em></strong></span> <span class='ocrx_word' id='word_1_196' title='bbox 1517 2796 1717 2850; x_wconf 91' lang='lat' dir='ltr'><strong><em>donum</em></strong></span> <span class='ocrx_word' id='word_1_197' title='bbox 1773 2796 2022 2866; x_wconf 73' lang='lat' dir='ltr'><strong><em>magniﬁ~</em></strong></span> 
     </span>
    </p>
   </div>
   <div class='ocr_carea' id='block_1_28' title="bbox 356 2885 2019 2955">
    <p class='ocr_par' dir='ltr' id='par_1_28' title="bbox 356 2885 2019 2955">
     <span class='ocr_line' id='line_1_28' title="bbox 356 2885 2019 2955; baseline 0.002 -17"><span class='ocrx_word' id='word_1_198' title='bbox 356 2888 363 2893; x_wconf 84' lang='lat'>&#39;</span> <span class='ocrx_word' id='word_1_199' title='bbox 406 2895 411 2901; x_wconf 90' lang='lat'><strong><em>&#39;</em></strong></span> <span class='ocrx_word' id='word_1_200' title='bbox 477 2901 607 2950; x_wconf 39' lang='lat' dir='ltr'><strong><em>cum...</em></strong></span> <span class='ocrx_word' id='word_1_201' title='bbox 631 2888 644 2939; x_wconf 89' lang='grc' dir='ltr'><strong><em>ι</em></strong></span> <span class='ocrx_word' id='word_1_202' title='bbox 671 2885 750 2939; x_wconf 88' lang='lat' dir='ltr'><strong><em>Illi</em></strong></span> <span class='ocrx_word' id='word_1_203' title='bbox 779 2886 996 2955; x_wconf 87' lang='lat' dir='ltr'><strong><em>quidem</em></strong></span> <span class='ocrx_word' id='word_1_204' title='bbox 1027 2885 1309 2954; x_wconf 80' lang='lat' dir='ltr'><strong><em>desperata</em></strong></span> <span class='ocrx_word' id='word_1_205' title='bbox 1342 2893 1552 2949; x_wconf 91' lang='lat' dir='ltr'><strong><em>natura,</em></strong></span> <span class='ocrx_word' id='word_1_206' title='bbox 1585 2901 1648 2939; x_wconf 91' lang='lat' dir='ltr'><strong><em>ea</em></strong></span> <span class='ocrx_word' id='word_1_207' title='bbox 1672 2895 1863 2954; x_wconf 88' lang='lat' dir='ltr'><strong><em>petunt</em></strong></span> <span class='ocrx_word' id='word_1_208' title='bbox 1898 2902 2019 2955; x_wconf 75' lang='lat' dir='ltr'><strong><em>qua:</em></strong></span> 
     </span>
    </p>
   </div>
   <div class='ocr_carea' id='block_1_29' title="bbox 475 2968 2017 3046">
    <p class='ocr_par' dir='ltr' id='par_1_29' title="bbox 475 2968 2017 3046">
     <span class='ocr_line' id='line_1_29' title="bbox 475 2968 2017 3046; baseline 0.001 -16"><span class='ocrx_word' id='word_1_209' title='bbox 475 2985 723 3030; x_wconf 89' lang='lat' dir='ltr'><strong><em>naturam</em></strong></span> <span class='ocrx_word' id='word_1_210' title='bbox 746 2975 1046 3041; x_wconf 84' lang='lat' dir='ltr'><strong><em>excedunt;</em></strong></span> <span class='ocrx_word' id='word_1_211' title='bbox 1080 2977 1125 3031; x_wconf 88' lang='lat' dir='ltr'><strong><em>is</em></strong></span> <span class='ocrx_word' id='word_1_212' title='bbox 1148 2968 1279 3030; x_wconf 82' lang='lat' dir='ltr'><strong><em>vero</em></strong></span> <span class='ocrx_word' id='word_1_213' title='bbox 1312 2976 1539 3046; x_wconf 80' lang='lat' dir='ltr'><strong><em>gratiam</em></strong></span> <span class='ocrx_word' id='word_1_214' title='bbox 1589 2974 1797 3044; x_wconf 79' lang='lat' dir='ltr'><strong><em>tribuit,</em></strong></span> <span class='ocrx_word' id='word_1_215' title='bbox 1828 2991 2017 3032; x_wconf 83' lang='lat' dir='ltr'><strong><em>emen-</em></strong></span> 
     </span>
    </p>
   </div>
   <div class='ocr_carea' id='block_1_30' title="bbox 2134 618 3672 696">
    <p class='ocr_par' dir='ltr' id='par_1_30' title="bbox 2134 618 3672 696">
     <span class='ocr_line' id='line_1_30' title="bbox 2134 618 3672 696; baseline 0.001 -23"><span class='ocrx_word' id='word_1_216' title='bbox 2134 618 2221 673; x_wconf 75' lang='grc' dir='ltr'>ὅτι</span> <span class='ocrx_word' id='word_1_217' title='bbox 2255 620 2352 672; x_wconf 76' lang='grc' dir='ltr'>καὶ</span> <span class='ocrx_word' id='word_1_218' title='bbox 2378 620 2590 688; x_wconf 73' lang='grc' dir='ltr'>ἄλλως</span> <span class='ocrx_word' id='word_1_219' title='bbox 2613 623 2724 691; x_wconf 79' lang='grc' dir='ltr'>πρὸ</span> <span class='ocrx_word' id='word_1_220' title='bbox 2752 621 2895 692; x_wconf 82' lang='grc' dir='ltr'>ἐμοῦ</span> <span class='ocrx_word' id='word_1_221' title='bbox 2945 621 3016 676; x_wconf 84' lang='grc' dir='ltr'>τὰ</span> <span class='ocrx_word' id='word_1_222' title='bbox 3037 621 3141 676; x_wconf 81' lang='grc' dir='ltr'><strong><em>ἴσα</em></strong></span> <span class='ocrx_word' id='word_1_223' title='bbox 3172 621 3518 696; x_wconf 67' lang='grc' dir='ltr'>παθούσαις,</span> <span class='ocrx_word' id='word_1_224' title='bbox 3573 620 3672 676; x_wconf 76' lang='grc' dir='ltr'><strong><em>καί</em></strong></span> 
     </span>
    </p>
   </div>
   <div class='ocr_carea' id='block_1_31' title="bbox 2136 712 3669 787">
    <p class='ocr_par' dir='ltr' id='par_1_31' title="bbox 2136 712 3669 787">
     <span class='ocr_line' id='line_1_31' title="bbox 2136 712 3669 787; baseline 0.003 -21"><span class='ocrx_word' id='word_1_225' title='bbox 2136 712 2391 783; x_wconf 75' lang='grc' dir='ltr'><strong><em>ἰσχυρῶς</em></strong></span> <span class='ocrx_word' id='word_1_226' title='bbox 2440 716 2989 786; x_wconf 69' lang='grc' dir='ltr'>ἐπικαλεσαμένοις,</span> <span class='ocrx_word' id='word_1_227' title='bbox 3027 716 3272 787; x_wconf 80' lang='grc' dir='ltr'>εὐμενὲς</span> <span class='ocrx_word' id='word_1_228' title='bbox 3312 717 3669 786; x_wconf 76' lang='grc' dir='ltr'>προσέσχες,</span> 
     </span>
    </p>
   </div>
   <div class='ocr_carea' id='block_1_32' title="bbox 2128 806 3673 876">
    <p class='ocr_par' dir='ltr' id='par_1_32' title="bbox 2128 806 3673 876">
     <span class='ocr_line' id='line_1_32' title="bbox 2128 806 3673 876; baseline 0.001 -18"><span class='ocrx_word' id='word_1_229' title='bbox 2128 806 2224 859; x_wconf 78' lang='grc' dir='ltr'>καὶ</span> <span class='ocrx_word' id='word_1_230' title='bbox 2279 809 2689 876; x_wconf 78' lang='grc' dir='ltr'>καρπογόνους</span> <span class='ocrx_word' id='word_1_231' title='bbox 2761 809 3076 874; x_wconf 73' lang='grc' dir='ltr'><strong><em>ἀπέδειξας</em></strong></span> <span class='ocrx_word' id='word_1_232' title='bbox 3146 807 3439 876; x_wconf 78' lang='grc' dir='ltr'>παραυτά.</span> <span class='ocrx_word' id='word_1_233' title='bbox 3529 807 3673 861; x_wconf 79' lang='grc' dir='ltr'>Οἶδα</span> 
     </span>
    </p>
   </div>
   <div class='ocr_carea' id='block_1_33' title="bbox 2132 897 3673 969">
    <p class='ocr_par' dir='ltr' id='par_1_33' title="bbox 2132 897 3673 969">
     <span class='ocr_line' id='line_1_33' title="bbox 2132 897 3673 969; baseline 0.001 -19"><span class='ocrx_word' id='word_1_234' title='bbox 2132 897 2227 950; x_wconf 76' lang='grc' dir='ltr'>καὶ</span> <span class='ocrx_word' id='word_1_235' title='bbox 2279 897 2475 969; x_wconf 71' lang='grc' dir='ltr'>ἄλλην</span> <span class='ocrx_word' id='word_1_236' title='bbox 2508 901 2732 954; x_wconf 72' lang='grc' dir='ltr'>’Ἄνναν</span> <span class='ocrx_word' id='word_1_237' title='bbox 2774 900 3109 969; x_wconf 75' lang='grc' dir='ltr'><strong><em>ὀνειδισμὸν</em></strong></span> <span class='ocrx_word' id='word_1_238' title='bbox 3150 900 3429 965; x_wconf 81' lang='grc' dir='ltr'>ἀτεκνίας</span> <span class='ocrx_word' id='word_1_239' title='bbox 3458 898 3673 966; x_wconf 75' lang='grc' dir='ltr'>δραπε-</span> 
     </span>
    </p>
   </div>
   <div class='ocr_carea' id='block_1_34' title="bbox 2130 978 3697 1061">
    <p class='ocr_par' dir='ltr' id='par_1_34' title="bbox 2130 978 3697 1061">
     <span class='ocr_line' id='line_1_34' title="bbox 2130 978 3697 1061; baseline 0.003 -20"><span class='ocrx_word' id='word_1_240' title='bbox 2130 989 2454 1053; x_wconf 83' lang='grc' dir='ltr'>τεύσασαν.</span> <span class='ocrx_word' id='word_1_241' title='bbox 2507 992 2606 1045; x_wconf 84' lang='grc' dir='ltr'>ἵνα</span> <span class='ocrx_word' id='word_1_242' title='bbox 2643 993 2831 1060; x_wconf 75' lang='grc' dir='ltr'>μόνον</span> <span class='ocrx_word' id='word_1_243' title='bbox 2855 989 3059 1061; x_wconf 73' lang='grc' dir='ltr'><strong><em>,βοῆσῃ</em></strong></span> <span class='ocrx_word' id='word_1_244' title='bbox 3084 991 3231 1060; x_wconf 77' lang='grc' dir='ltr'>πρὸς</span> <span class='ocrx_word' id='word_1_245' title='bbox 3254 989 3348 1046; x_wconf 80' lang='grc' dir='ltr'><strong><em>σέ.</em></strong></span> <span class='ocrx_word' id='word_1_246' title='bbox 3394 991 3501 1046; x_wconf 80' lang='grc' dir='ltr'><strong><em>Καὶ</em></strong></span> <span class='ocrx_word' id='word_1_247' title='bbox 3533 978 3697 1054; x_wconf 39' lang='grc' dir='ltr'>νῦν(</span> 
     </span>
    </p>
   </div>
   <div class='ocr_carea' id='block_1_35' title="bbox 2129 1078 3685 1156">
    <p class='ocr_par' dir='ltr' id='par_1_35' title="bbox 2129 1078 3685 1156">
     <span class='ocr_line' id='line_1_35' title="bbox 2129 1078 3685 1156; baseline 0.003 -24"><span class='ocrx_word' id='word_1_248' title='bbox 2129 1079 2303 1152; x_wconf 79' lang='grc' dir='ltr'>Κύριε</span> <span class='ocrx_word' id='word_1_249' title='bbox 2329 1083 2362 1134; x_wconf 85' lang='lat' dir='ltr'><strong><em>d</em></strong></span> <span class='ocrx_word' id='word_1_250' title='bbox 2398 1083 2538 1148; x_wconf 85' lang='grc' dir='ltr'>Θεός</span> <span class='ocrx_word' id='word_1_251' title='bbox 2558 1101 2697 1151; x_wconf 81' lang='grc' dir='ltr'>μου,</span> <span class='ocrx_word' id='word_1_252' title='bbox 2742 1101 2762 1134; x_wconf 76' lang='grc' dir='ltr'><strong><em>ι</em></strong></span> <span class='ocrx_word' id='word_1_253' title='bbox 2791 1082 2874 1137; x_wconf 85' lang='grc' dir='ltr'><strong><em>Σὺ</em></strong></span> <span class='ocrx_word' id='word_1_254' title='bbox 2895 1082 3073 1147; x_wconf 82' lang='grc' dir='ltr'>αὐτὸς</span> <span class='ocrx_word' id='word_1_255' title='bbox 3098 1078 3170 1146; x_wconf 75' lang='grc' dir='ltr'>εἴ,</span> <span class='ocrx_word' id='word_1_256' title='bbox 3205 1084 3300 1136; x_wconf 75' lang='grc' dir='ltr'><strong><em>καί</em></strong></span> <span class='ocrx_word' id='word_1_257' title='bbox 3334 1082 3404 1136; x_wconf 81' lang='grc' dir='ltr'>τὰ</span> <span class='ocrx_word' id='word_1_258' title='bbox 3420 1082 3524 1150; x_wconf 80' lang='grc' dir='ltr'>ἐτη</span> <span class='ocrx_word' id='word_1_259' title='bbox 3552 1097 3685 1156; x_wconf 44' lang='grc' dir='ltr'>σοι.οῆ</span> 
     </span>
    </p>
   </div>
   <div class='ocr_carea' id='block_1_36' title="bbox 2130 1168 3669 1239">
    <p class='ocr_par' dir='ltr' id='par_1_36' title="bbox 2130 1168 3669 1239">
     <span class='ocr_line' id='line_1_36' title="bbox 2130 1168 3669 1239; baseline 0 -16"><span class='ocrx_word' id='word_1_260' title='bbox 2130 1168 2238 1223; x_wconf 80' lang='grc' dir='ltr'>οὐκ</span> <span class='ocrx_word' id='word_1_261' title='bbox 2253 1169 2599 1225; x_wconf 75' lang='grc' dir='ltr'><strong><em>ἐλλείπουσι</em></strong></span> <span class='ocrx_word' id='word_1_262' title='bbox 2610 1190 2628 1224; x_wconf 78' lang='grc' dir='ltr'><strong><em>ι</em></strong></span> <span class='ocrx_word' id='word_1_263' title='bbox 2640 1214 2654 1235; x_wconf 84' lang='grc'><strong><em>,</em></strong></span> <span class='ocrx_word' id='word_1_264' title='bbox 2671 1171 2767 1225; x_wconf 75' lang='grc' dir='ltr'>καὶ</span> <span class='ocrx_word' id='word_1_265' title='bbox 2782 1173 2852 1227; x_wconf 84' lang='grc' dir='ltr'>τὰ</span> <span class='ocrx_word' id='word_1_266' title='bbox 2867 1171 3005 1239; x_wconf 74' lang='grc' dir='ltr'>ἐλέη</span> <span class='ocrx_word' id='word_1_267' title='bbox 3017 1188 3131 1226; x_wconf 86' lang='grc' dir='ltr'><strong><em>σου</em></strong></span> <span class='ocrx_word' id='word_1_268' title='bbox 3142 1172 3251 1225; x_wconf 78' lang='grc' dir='ltr'>οὐκ</span> <span class='ocrx_word' id='word_1_269' title='bbox 3261 1169 3669 1235; x_wconf 65' lang='grc' dir='ltr'>ἔλαττον-οὖσι,</span> 
     </span>
    </p>
   </div>
   <div class='ocr_carea' id='block_1_37' title="bbox 2129 1259 3673 1332">
    <p class='ocr_par' dir='ltr' id='par_1_37' title="bbox 2129 1259 3673 1332">
     <span class='ocr_line' id='line_1_37' title="bbox 2129 1259 3673 1332; baseline 0.001 -19"><span class='ocrx_word' id='word_1_270' title='bbox 2129 1262 2226 1314; x_wconf 77' lang='grc' dir='ltr'>καὶ</span> <span class='ocrx_word' id='word_1_271' title='bbox 2256 1259 2328 1314; x_wconf 85' lang='grc' dir='ltr'>τὰ</span> <span class='ocrx_word' id='word_1_272' title='bbox 2375 1262 2679 1332; x_wconf 68' lang='grc' dir='ltr'>πανάγαθὰ</span> <span class='ocrx_word' id='word_1_273' title='bbox 2703 1279 2818 1318; x_wconf 90' lang='grc' dir='ltr'><strong><em>σου</em></strong></span> <span class='ocrx_word' id='word_1_274' title='bbox 2839 1263 2995 1331; x_wconf 81' lang='grc' dir='ltr'>δῶρα</span> <span class='ocrx_word' id='word_1_275' title='bbox 3018 1263 3142 1329; x_wconf 81' lang='grc' dir='ltr'>τοῖς</span> <span class='ocrx_word' id='word_1_276' title='bbox 3180 1262 3357 1328; x_wconf 76' lang='grc' dir='ltr'>ἀξίως</span> <span class='ocrx_word' id='word_1_277' title='bbox 3399 1261 3673 1316; x_wconf 70' lang='grc' dir='ltr'>αἰτοῦσιν</span> 
     </span>
    </p>
   </div>
   <div class='ocr_carea' id='block_1_38' title="bbox 2129 1352 3675 1425">
    <p class='ocr_par' dir='ltr' id='par_1_38' title="bbox 2129 1352 3675 1425">
     <span class='ocr_line' id='line_1_38' title="bbox 2129 1352 3675 1425; baseline 0 -19"><span class='ocrx_word' id='word_1_278' title='bbox 2129 1353 2369 1422; x_wconf 78' lang='grc' dir='ltr'>ἑτοίμως</span> <span class='ocrx_word' id='word_1_279' title='bbox 2410 1353 2935 1425; x_wconf 73' lang='grc' dir='ltr'>ἐπιχορηγοῦνταιο</span> <span class='ocrx_word' id='word_1_280' title='bbox 2987 1354 3189 1420; x_wconf 84' lang='grc' dir='ltr'>αὐτὸς·</span> <span class='ocrx_word' id='word_1_281' title='bbox 3219 1355 3316 1408; x_wconf 76' lang='grc' dir='ltr'><strong><em>καί</em></strong></span> <span class='ocrx_word' id='word_1_282' title='bbox 3377 1352 3495 1421; x_wconf 78' lang='grc' dir='ltr'><strong><em>τὴν</em></strong></span> <span class='ocrx_word' id='word_1_283' title='bbox 3519 1353 3675 1422; x_wconf 73' lang='grc' dir='ltr'><strong><em>ἐμὴν</em></strong></span> 
     </span>
    </p>
   </div>
   <div class='ocr_carea' id='block_1_39' title="bbox 2128 1443 3675 1516">
    <p class='ocr_par' dir='ltr' id='par_1_39' title="bbox 2128 1443 3675 1516">
     <span class='ocr_line' id='line_1_39' title="bbox 2128 1443 3675 1516; baseline 0 -19"><span class='ocrx_word' id='word_1_284' title='bbox 2128 1445 2428 1506; x_wconf 77' lang='grc' dir='ltr'>ἀτεκνίαν.</span> <span class='ocrx_word' id='word_1_285' title='bbox 2457 1443 2572 1513; x_wconf 78' lang='grc' dir='ltr'>τὴν</span> <span class='ocrx_word' id='word_1_286' title='bbox 2593 1446 2745 1515; x_wconf 75' lang='grc' dir='ltr'>ἐμὴν</span> <span class='ocrx_word' id='word_1_287' title='bbox 2799 1447 3034 1516; x_wconf 63' lang='lat' dir='ltr'><strong><em>ereptus</em></strong></span> <span class='ocrx_word' id='word_1_288' title='bbox 3080 1445 3415 1516; x_wconf 74' lang='grc' dir='ltr'>στείρωσιν,</span> <span class='ocrx_word' id='word_1_289' title='bbox 3449 1445 3550 1498; x_wconf 71' lang='grc' dir='ltr'><strong><em>ἵνα</em></strong></span> <span class='ocrx_word' id='word_1_290' title='bbox 3574 1443 3675 1498; x_wconf 78' lang='grc' dir='ltr'><strong><em>και</em></strong></span> 
     </span>
    </p>
   </div>
   <div class='ocr_carea' id='block_1_40' title="bbox 2127 1534 3671 1607">
    <p class='ocr_par' dir='ltr' id='par_1_40' title="bbox 2127 1534 3671 1607">
     <span class='ocr_line' id='line_1_40' title="bbox 2127 1534 3671 1607; baseline 0.008 -20"><span class='ocrx_word' id='word_1_291' title='bbox 2127 1534 2202 1587; x_wconf 75' lang='grc' dir='ltr'><strong><em>ἐν.</em></strong></span> <span class='ocrx_word' id='word_1_292' title='bbox 2242 1534 2368 1604; x_wconf 80' lang='grc' dir='ltr'>ἐμοὶ</span> <span class='ocrx_word' id='word_1_293' title='bbox 2409 1535 2734 1605; x_wconf 69' lang='grc' dir='ltr'>δοξωθῇς.</span> <span class='ocrx_word' id='word_1_294' title='bbox 2769 1538 2852 1592; x_wconf 82' lang='grc' dir='ltr'><strong><em>Οὐ</em></strong></span> <span class='ocrx_word' id='word_1_295' title='bbox 2899 1537 3008 1607; x_wconf 79' lang='grc' dir='ltr'><strong><em>τὰρ</em></strong></span> <span class='ocrx_word' id='word_1_296' title='bbox 3035 1535 3162 1606; x_wconf 71' lang='grc' dir='ltr'>ἐμοὶ</span> <span class='ocrx_word' id='word_1_297' title='bbox 3203 1535 3272 1590; x_wconf 80' lang='grc' dir='ltr'>τὸ</span> <span class='ocrx_word' id='word_1_298' title='bbox 3302 1536 3671 1603; x_wconf 73' lang='grc' dir='ltr'>τικτόμενον.</span> 
     </span>
    </p>
   </div>
   <div class='ocr_carea' id='block_1_41' title="bbox 2129 1622 3671 1704">
    <p class='ocr_par' dir='ltr' id='par_1_41' title="bbox 2129 1622 3671 1704">
     <span class='ocr_line' id='line_1_41' title="bbox 2129 1622 3671 1704; baseline 0.001 -27"><span class='ocrx_word' id='word_1_299' title='bbox 2129 1624 2286 1678; x_wconf 69' lang='grc' dir='ltr'>ἀλλὰ</span> <span class='ocrx_word' id='word_1_300' title='bbox 2310 1622 2388 1688; x_wconf 84' lang='grc' dir='ltr'>τῷ</span> <span class='ocrx_word' id='word_1_301' title='bbox 2416 1623 2505 1704; x_wconf 77' lang='grc' dir='ltr'><strong><em>σῷ</em></strong></span> <span class='ocrx_word' id='word_1_302' title='bbox 2519 1625 2756 1695; x_wconf 79' lang='grc' dir='ltr'>ὀνόματι</span> <span class='ocrx_word' id='word_1_303' title='bbox 2783 1626 2879 1686; x_wconf 70' lang='grc' dir='ltr'><strong><em>καί</em></strong></span> <span class='ocrx_word' id='word_1_304' title='bbox 2900 1625 2979 1693; x_wconf 87' lang='grc' dir='ltr'>τῷ</span> <span class='ocrx_word' id='word_1_305' title='bbox 3006 1625 3151 1695; x_wconf 76' lang='grc' dir='ltr'>ἁγίῳ</span> <span class='ocrx_word' id='word_1_306' title='bbox 3178 1640 3294 1681; x_wconf 88' lang='grc' dir='ltr'><strong><em>σου</em></strong></span> <span class='ocrx_word' id='word_1_307' title='bbox 3312 1625 3456 1692; x_wconf 66' lang='lat' dir='ltr'><strong><em>obeat</em></strong></span> <span class='ocrx_word' id='word_1_308' title='bbox 3481 1639 3671 1695; x_wconf 75' lang='grc' dir='ltr'>προσ-</span> 
     </span>
    </p>
   </div>
   <div class='ocr_carea' id='block_1_42' title="bbox 2130 1711 3524 1785">
    <p class='ocr_par' dir='ltr' id='par_1_42' title="bbox 2130 1711 3524 1785">
     <span class='ocr_line' id='line_1_42' title="bbox 2130 1711 3524 1785; baseline 0.004 -15"><span class='ocrx_word' id='word_1_309' title='bbox 2130 1716 2498 1785; x_wconf 79' lang='grc' dir='ltr'>αναθήσομαι</span> <span class='ocrx_word' id='word_1_310' title='bbox 2530 1717 2717 1782; x_wconf 80' lang='grc' dir='ltr'>τούτῳ</span> <span class='ocrx_word' id='word_1_311' title='bbox 2745 1717 2939 1782; x_wconf 74' lang='grc' dir='ltr'>δοτόγ.</span> <span class='ocrx_word' id='word_1_312' title='bbox 3481 1727 3485 1730; x_wconf 81' lang='grc'><strong>’</strong></span> <span class='ocrx_word' id='word_1_313' title='bbox 3507 1711 3524 1728; x_wconf 82' lang='grc'><em>’</em></span> 
     </span>
    </p>
   </div>
   <div class='ocr_carea' id='block_1_43' title="bbox 2199 1799 3672 1878">
    <p class='ocr_par' dir='ltr' id='par_1_43' title="bbox 2199 1799 3672 1878">
     <span class='ocr_line' id='line_1_43' title="bbox 2199 1799 3672 1878; baseline -0.005 -17"><span class='ocrx_word' id='word_1_314' title='bbox 2199 1809 2261 1861; x_wconf 86' lang='grc' dir='ltr'>Οί</span> <span class='ocrx_word' id='word_1_315' title='bbox 2293 1809 2389 1878; x_wconf 85' lang='grc' dir='ltr'>μὲν</span> <span class='ocrx_word' id='word_1_316' title='bbox 2413 1800 2504 1862; x_wconf 77' lang='grc' dir='ltr'>οὖν</span> <span class='ocrx_word' id='word_1_317' title='bbox 2522 1807 2580 1860; x_wconf 79' lang='grc' dir='ltr'>ἐν</span> <span class='ocrx_word' id='word_1_318' title='bbox 2611 1806 2818 1871; x_wconf 79' lang='grc' dir='ltr'>τούτοις</span> <span class='ocrx_word' id='word_1_319' title='bbox 2842 1805 2998 1876; x_wconf 76' lang='grc' dir='ltr'>ἦσαν.</span> <span class='ocrx_word' id='word_1_320' title='bbox 3029 1807 3079 1860; x_wconf 89' lang='grc' dir='ltr'><strong><em>τί</em></strong></span> <span class='ocrx_word' id='word_1_321' title='bbox 3097 1806 3153 1860; x_wconf 73' lang='grc' dir='ltr'>δὲ</span> <span class='ocrx_word' id='word_1_322' title='bbox 3189 1806 3218 1859; x_wconf 81' lang='grc' dir='ltr'><strong>ὁ</strong></span> <span class='ocrx_word' id='word_1_323' title='bbox 3245 1799 3672 1874; x_wconf 83' lang='grc' dir='ltr'>πανοικτίρμων,</span> 
     </span>
    </p>
   </div>
   <div class='ocr_carea' id='block_1_44' title="bbox 2128 1889 3675 1969">
    <p class='ocr_par' dir='ltr' id='par_1_44' title="bbox 2128 1889 3675 1969">
     <span class='ocr_line' id='line_1_44' title="bbox 2128 1889 3675 1969; baseline -0.004 -17"><span class='ocrx_word' id='word_1_324' title='bbox 2128 1901 2327 1969; x_wconf 83' lang='grc' dir='ltr'>Κύριος</span> <span class='ocrx_word' id='word_1_325' title='bbox 2349 1939 2364 1965; x_wconf 89' lang='grc'><strong><em>,</em></strong></span> <span class='ocrx_word' id='word_1_326' title='bbox 2402 1900 2432 1952; x_wconf 78' lang='grc' dir='ltr'><strong>ὁ</strong></span> <span class='ocrx_word' id='word_1_327' title='bbox 2464 1899 2631 1951; x_wconf 85' lang='grc' dir='ltr'>ποιῶν</span> <span class='ocrx_word' id='word_1_328' title='bbox 2675 1899 2848 1952; x_wconf 83' lang='grc' dir='ltr'>πάντα</span> <span class='ocrx_word' id='word_1_329' title='bbox 2886 1899 2978 1950; x_wconf 71' lang='grc' dir='ltr'>καὶ</span> <span class='ocrx_word' id='word_1_330' title='bbox 3026 1894 3442 1967; x_wconf 79' lang='grc' dir='ltr'>μετασκευάζων</span> <span class='ocrx_word' id='word_1_331' title='bbox 3485 1889 3579 1948; x_wconf 68' lang='grc' dir='ltr'><strong><em>ἰπὶ</em></strong></span> <span class='ocrx_word' id='word_1_332' title='bbox 3607 1893 3675 1946; x_wconf 82' lang='grc' dir='ltr'><strong><em>τὺ</em></strong></span> 
     </span>
    </p>
   </div>
   <div class='ocr_carea' id='block_1_45' title="bbox 2127 1983 3675 2062">
    <p class='ocr_par' dir='ltr' id='par_1_45' title="bbox 2127 1983 3675 2062">
     <span class='ocr_line' id='line_1_45' title="bbox 2127 1983 3675 2062; baseline -0.005 -20"><span class='ocrx_word' id='word_1_333' title='bbox 2127 1991 2326 2060; x_wconf 82' lang='grc' dir='ltr'>βέλτιον</span> <span class='ocrx_word' id='word_1_334' title='bbox 2346 2032 2363 2056; x_wconf 86' lang='lat'><strong><em>,</em></strong></span> <span class='ocrx_word' id='word_1_335' title='bbox 2392 1991 2420 2041; x_wconf 85' lang='grc' dir='ltr'>ὁ</span> <span class='ocrx_word' id='word_1_336' title='bbox 2443 1986 2900 2062; x_wconf 76' lang='grc' dir='ltr'>ὑπερεκπερισσοῦ</span> <span class='ocrx_word' id='word_1_337' title='bbox 2946 1986 3015 2039; x_wconf 84' lang='grc' dir='ltr'><strong><em>τὰ</em></strong></span> <span class='ocrx_word' id='word_1_338' title='bbox 3062 1987 3335 2054; x_wconf 76' lang='grc' dir='ltr'><strong><em>αἰτήματα</em></strong></span> <span class='ocrx_word' id='word_1_339' title='bbox 3373 1984 3479 2037; x_wconf 88' lang='grc' dir='ltr'><strong><em>τῶν</em></strong></span> <span class='ocrx_word' id='word_1_340' title='bbox 3502 1983 3675 2049; x_wconf 85' lang='grc' dir='ltr'>ἀγίων</span> 
     </span>
    </p>
   </div>
   <div class='ocr_carea' id='block_1_46' title="bbox 2125 2071 3676 2148">
    <p class='ocr_par' dir='ltr' id='par_1_46' title="bbox 2125 2071 3676 2148">
     <span class='ocr_line' id='line_1_46' title="bbox 2125 2071 3676 2148; baseline -0.005 -15"><span class='ocrx_word' id='word_1_341' title='bbox 2125 2079 2286 2133; x_wconf 80' lang='grc' dir='ltr'>αὑτοῦ</span> <span class='ocrx_word' id='word_1_342' title='bbox 2324 2079 2414 2131; x_wconf 78' lang='grc' dir='ltr'>καὶ</span> <span class='ocrx_word' id='word_1_343' title='bbox 2444 2071 2514 2132; x_wconf 81' lang='grc' dir='ltr'>τὰ</span> <span class='ocrx_word' id='word_1_344' title='bbox 2540 2079 2781 2148; x_wconf 84' lang='grc' dir='ltr'><strong><em>νοήματα</em></strong></span> <span class='ocrx_word' id='word_1_345' title='bbox 2809 2078 3009 2144; x_wconf 87' lang='grc' dir='ltr'>ποιῶν;</span> <span class='ocrx_word' id='word_1_346' title='bbox 3046 2075 3153 2147; x_wconf 79' lang='grc' dir='ltr'>ἄρα</span> <span class='ocrx_word' id='word_1_347' title='bbox 3192 2077 3410 2148; x_wconf 76' lang='grc' dir='ltr'><strong><em>παρεῖδε</em></strong></span> <span class='ocrx_word' id='word_1_348' title='bbox 3454 2073 3562 2128; x_wconf 80' lang='grc' dir='ltr'><strong><em>τῶν</em></strong></span> <span class='ocrx_word' id='word_1_349' title='bbox 3587 2073 3676 2127; x_wconf 80' lang='grc' dir='ltr'>δι·-</span> 
     </span>
    </p>
   </div>
   <div class='ocr_carea' id='block_1_47' title="bbox 2125 2161 3673 2238">
    <p class='ocr_par' dir='ltr' id='par_1_47' title="bbox 2125 2161 3673 2238">
     <span class='ocr_line' id='line_1_47' title="bbox 2125 2161 3673 2238; baseline -0.005 -16"><span class='ocrx_word' id='word_1_350' title='bbox 2125 2168 2291 2223; x_wconf 83' lang='grc' dir='ltr'>καίων</span> <span class='ocrx_word' id='word_1_351' title='bbox 2319 2167 2412 2238; x_wconf 84' lang='grc' dir='ltr'>τὴν</span> <span class='ocrx_word' id='word_1_352' title='bbox 2457 2166 2768 2238; x_wconf 77' lang='grc' dir='ltr'>ἱκετηρίαν;</span> <span class='ocrx_word' id='word_1_353' title='bbox 2812 2165 2846 2235; x_wconf 77' lang='grc' dir='ltr'><strong>ἢ</strong></span> <span class='ocrx_word' id='word_1_354' title='bbox 2881 2165 3145 2236; x_wconf 77' lang='grc' dir='ltr'><strong><em>προσέσχε</em></strong></span> <span class='ocrx_word' id='word_1_355' title='bbox 3190 2165 3286 2233; x_wconf 81' lang='grc' dir='ltr'>μὲν</span> <span class='ocrx_word' id='word_1_356' title='bbox 3326 2165 3391 2233; x_wconf 77' lang='grc' dir='ltr'>τῇ</span> <span class='ocrx_word' id='word_1_357' title='bbox 3431 2161 3673 2231; x_wconf 67' lang='grc' dir='ltr'>κραυγῇ,</span> 
     </span>
    </p>
   </div>
   <div class='ocr_carea' id='block_1_48' title="bbox 2125 2249 3674 2332">
    <p class='ocr_par' dir='ltr' id='par_1_48' title="bbox 2125 2249 3674 2332">
     <span class='ocr_line' id='line_1_48' title="bbox 2125 2249 3674 2332; baseline -0.005 -18"><span class='ocrx_word' id='word_1_358' title='bbox 2125 2260 2413 2332; x_wconf 75' lang='grc' dir='ltr'><strong><em>ὑπερέθετο</em></strong></span> <span class='ocrx_word' id='word_1_359' title='bbox 2434 2259 2489 2311; x_wconf 78' lang='grc' dir='ltr'>δὲ</span> <span class='ocrx_word' id='word_1_360' title='bbox 2516 2249 2598 2321; x_wconf 80' lang='grc' dir='ltr'><strong><em>είς</em></strong></span> <span class='ocrx_word' id='word_1_361' title='bbox 2638 2257 2862 2328; x_wconf 82' lang='grc' dir='ltr'>χρόνους</span> <span class='ocrx_word' id='word_1_362' title='bbox 2912 2256 3010 2327; x_wconf 79' lang='grc' dir='ltr'>τὴν</span> <span class='ocrx_word' id='word_1_363' title='bbox 3062 2255 3302 2326; x_wconf 85' lang='grc' dir='ltr'>δωρεάν;</span> <span class='ocrx_word' id='word_1_364' title='bbox 3419 2253 3674 2323; x_wconf 77' lang='grc' dir='ltr'>δωρεῖται</span> 
     </span>
    </p>
   </div>
   <div class='ocr_carea' id='block_1_49' title="bbox 2126 2342 3673 2420">
    <p class='ocr_par' dir='ltr' id='par_1_49' title="bbox 2126 2342 3673 2420">
     <span class='ocr_line' id='line_1_49' title="bbox 2126 2342 3673 2420; baseline -0.006 -15"><span class='ocrx_word' id='word_1_365' title='bbox 2126 2352 2223 2420; x_wconf 81' lang='grc' dir='ltr'>μὲν</span> <span class='ocrx_word' id='word_1_366' title='bbox 2240 2351 2417 2414; x_wconf 75' lang='grc' dir='ltr'>εὐθὺς,</span> <span class='ocrx_word' id='word_1_367' title='bbox 2445 2349 2696 2420; x_wconf 82' lang='grc' dir='ltr'><strong><em>τοιαύτην</em></strong></span> <span class='ocrx_word' id='word_1_368' title='bbox 2737 2349 2792 2401; x_wconf 78' lang='grc' dir='ltr'>δὲ</span> <span class='ocrx_word' id='word_1_369' title='bbox 2815 2349 2933 2402; x_wconf 80' lang='grc' dir='ltr'>οἵαν</span> <span class='ocrx_word' id='word_1_370' title='bbox 2972 2348 3198 2419; x_wconf 71' lang='grc' dir='ltr'>ᾐτοῦντο</span> <span class='ocrx_word' id='word_1_371' title='bbox 3245 2345 3391 2400; x_wconf 81' lang='grc' dir='ltr'>δόσιν</span> <span class='ocrx_word' id='word_1_372' title='bbox 3431 2342 3673 2420; x_wconf 42' lang='lat' dir='ltr'><strong><em>tit-56967</em></strong></span> 
     </span>
    </p>
   </div>
   <div class='ocr_carea' id='block_1_50' title="bbox 2122 2416 3672 2508">
    <p class='ocr_par' dir='ltr' id='par_1_50' title="bbox 2122 2416 3672 2508">
     <span class='ocr_line' id='line_1_50' title="bbox 2122 2416 3672 2508; baseline -0.005 -16"><span class='ocrx_word' id='word_1_373' title='bbox 2122 2416 2333 2504; x_wconf 69' lang='grc' dir='ltr'>δευσενς</span> <span class='ocrx_word' id='word_1_374' title='bbox 2369 2437 2630 2508; x_wconf 79' lang='grc' dir='ltr'><strong><em>Οὐδαμῶς</em></strong></span> <span class='ocrx_word' id='word_1_375' title='bbox 2652 2416 2669 2467; x_wconf 53' lang='grc' dir='ltr'><strong><em>λ</em></strong></span> <span class='ocrx_word' id='word_1_376' title='bbox 2693 2437 2850 2508; x_wconf 62' lang='lat' dir='ltr'><strong><em>am</em></strong></span> <span class='ocrx_word' id='word_1_377' title='bbox 2888 2416 3212 2508; x_wconf 77' lang='grc' dir='ltr'>χρηματίζει</span> <span class='ocrx_word' id='word_1_378' title='bbox 3243 2435 3341 2505; x_wconf 79' lang='grc' dir='ltr'>μὲν</span> <span class='ocrx_word' id='word_1_379' title='bbox 3368 2434 3564 2488; x_wconf 81' lang='grc' dir='ltr'>αὐτίκα</span> <span class='ocrx_word' id='word_1_380' title='bbox 3597 2416 3672 2487; x_wconf 80' lang='grc' dir='ltr'>δι’</span> 
     </span>
    </p>
   </div>
   <div class='ocr_carea' id='block_1_51' title="bbox 2119 2506 3673 2599">
    <p class='ocr_par' dir='ltr' id='par_1_51' title="bbox 2119 2506 3673 2599">
     <span class='ocr_line' id='line_1_51' title="bbox 2119 2506 3673 2599; baseline -0.006 -16"><span class='ocrx_word' id='word_1_381' title='bbox 2119 2529 2348 2598; x_wconf 76' lang='grc' dir='ltr'><strong><em>ἀγγέλου</em></strong></span> <span class='ocrx_word' id='word_1_382' title='bbox 2375 2506 2558 2599; x_wconf 72' lang='grc' dir='ltr'>φωνῆς</span> <span class='ocrx_word' id='word_1_383' title='bbox 2588 2506 2766 2595; x_wconf 73' lang='grc' dir='ltr'>ἁγίου,</span> <span class='ocrx_word' id='word_1_384' title='bbox 2796 2527 2897 2597; x_wconf 86' lang='grc' dir='ltr'>τῆς</span> <span class='ocrx_word' id='word_1_385' title='bbox 2917 2506 3222 2587; x_wconf 19' lang='grc' dir='ltr'>Ἶθεόπαιδος</span> <span class='ocrx_word' id='word_1_386' title='bbox 3274 2523 3372 2596; x_wconf 77' lang='grc' dir='ltr'>τὴν</span> <span class='ocrx_word' id='word_1_387' title='bbox 3407 2521 3673 2593; x_wconf 75' lang='grc' dir='ltr'>σύλληψιν</span> 
     </span>
    </p>
   </div>
   <div class='ocr_carea' id='block_1_52' title="bbox 2120 2613 3674 2691">
    <p class='ocr_par' dir='ltr' id='par_1_52' title="bbox 2120 2613 3674 2691">
     <span class='ocr_line' id='line_1_52' title="bbox 2120 2613 3674 2691; baseline -0.006 -16"><span class='ocrx_word' id='word_1_388' title='bbox 2120 2623 2213 2676; x_wconf 75' lang='grc' dir='ltr'>καὶ</span> <span class='ocrx_word' id='word_1_389' title='bbox 2238 2621 2335 2691; x_wconf 79' lang='grc' dir='ltr'>τὴν</span> <span class='ocrx_word' id='word_1_390' title='bbox 2360 2619 2611 2682; x_wconf 77' lang='grc' dir='ltr'>ἁττότεξιν</span> <span class='ocrx_word' id='word_1_391' title='bbox 2632 2635 2649 2650; x_wconf 75' lang='grc' dir='ltr'><strong>ο</strong></span> <span class='ocrx_word' id='word_1_392' title='bbox 2684 2619 3008 2689; x_wconf 74' lang='grc' dir='ltr'>χρηματίζει</span> <span class='ocrx_word' id='word_1_393' title='bbox 3039 2616 3096 2671; x_wconf 73' lang='grc' dir='ltr'>δὲ</span> <span class='ocrx_word' id='word_1_394' title='bbox 3148 2615 3318 2686; x_wconf 75' lang='grc' dir='ltr'>αὐτὴν</span> <span class='ocrx_word' id='word_1_395' title='bbox 3366 2613 3674 2684; x_wconf 77' lang='grc' dir='ltr'>ὀνομαστήν</span> 
     </span>
    </p>
   </div>
   <div class='ocr_carea' id='block_1_53' title="bbox 2119 2704 3674 2784">
    <p class='ocr_par' dir='ltr' id='par_1_53' title="bbox 2119 2704 3674 2784">
     <span class='ocr_line' id='line_1_53' title="bbox 2119 2704 3674 2784; baseline -0.005 -19"><span class='ocrx_word' id='word_1_396' title='bbox 2119 2711 2439 2784; x_wconf 86' lang='grc' dir='ltr'>γενήσεσθαι</span> <span class='ocrx_word' id='word_1_397' title='bbox 2465 2711 2591 2780; x_wconf 84' lang='grc' dir='ltr'>ἀχρι</span> <span class='ocrx_word' id='word_1_398' title='bbox 2637 2710 2921 2780; x_wconf 80' lang='grc' dir='ltr'><strong><em>τερμάτων</em></strong></span> <span class='ocrx_word' id='word_1_399' title='bbox 2969 2709 3068 2778; x_wconf 85' lang='grc' dir='ltr'>τῆς</span> <span class='ocrx_word' id='word_1_400' title='bbox 3093 2709 3215 2778; x_wconf 85' lang='grc' dir='ltr'>γῆς.</span> <span class='ocrx_word' id='word_1_401' title='bbox 3266 2708 3328 2760; x_wconf 82' lang='grc' dir='ltr'><strong><em>Ὠ</em></strong></span> <span class='ocrx_word' id='word_1_402' title='bbox 3360 2707 3457 2776; x_wconf 84' lang='grc' dir='ltr'>τῆς</span> <span class='ocrx_word' id='word_1_403' title='bbox 3484 2704 3674 2776; x_wconf 73' lang='grc' dir='ltr'>ίσχιιος</span> 
     </span>
    </p>
   </div>
   <div class='ocr_carea' id='block_1_54' title="bbox 2115 2795 3674 2876">
    <p class='ocr_par' dir='ltr' id='par_1_54' title="bbox 2115 2795 3674 2876">
     <span class='ocr_line' id='line_1_54' title="bbox 2115 2795 3674 2876; baseline -0.006 -18"><span class='ocrx_word' id='word_1_404' title='bbox 2115 2805 2214 2876; x_wconf 84' lang='grc' dir='ltr'>τῆς</span> <span class='ocrx_word' id='word_1_405' title='bbox 2244 2803 2506 2866; x_wconf 75' lang='grc' dir='ltr'>πίστεωςί</span> <span class='ocrx_word' id='word_1_406' title='bbox 2538 2799 2582 2854; x_wconf 82' lang='grc' dir='ltr'><strong>ὣ</strong></span> <span class='ocrx_word' id='word_1_407' title='bbox 2603 2801 2700 2871; x_wconf 86' lang='grc' dir='ltr'>τῆς</span> <span class='ocrx_word' id='word_1_408' title='bbox 2738 2800 2992 2870; x_wconf 77' lang='grc' dir='ltr'><strong><em>Ὑψίστου</em></strong></span> <span class='ocrx_word' id='word_1_409' title='bbox 3025 2797 3455 2870; x_wconf 71' lang='grc' dir='ltr'>μεγαλώωρεᾶςι</span> <span class='ocrx_word' id='word_1_410' title='bbox 3490 2795 3674 2864; x_wconf 70' lang='grc' dir='ltr'>οίμὲν</span> 
     </span>
    </p>
   </div>
   <div class='ocr_carea' id='block_1_55' title="bbox 2117 2887 3669 2964">
    <p class='ocr_par' dir='ltr' id='par_1_55' title="bbox 2117 2887 3669 2964">
     <span class='ocr_line' id='line_1_55' title="bbox 2117 2887 3669 2964; baseline -0.006 -16"><span class='ocrx_word' id='word_1_411' title='bbox 2117 2895 2439 2963; x_wconf 83' lang='grc' dir='ltr'><strong><em>ἀπογνόντες</em></strong></span> <span class='ocrx_word' id='word_1_412' title='bbox 2461 2894 2558 2963; x_wconf 85' lang='grc' dir='ltr'>τῆς</span> <span class='ocrx_word' id='word_1_413' title='bbox 2592 2891 2823 2960; x_wconf 75' lang='grc' dir='ltr'>φύσεως,</span> <span class='ocrx_word' id='word_1_414' title='bbox 2851 2892 2919 2945; x_wconf 80' lang='grc' dir='ltr'>τὰ</span> <span class='ocrx_word' id='word_1_415' title='bbox 2943 2890 3079 2961; x_wconf 67' lang='grc' dir='ltr'>ὑπὲρ</span> <span class='ocrx_word' id='word_1_416' title='bbox 3125 2889 3286 2958; x_wconf 80' lang='grc' dir='ltr'>φύσιν</span> <span class='ocrx_word' id='word_1_417' title='bbox 3309 2887 3669 2964; x_wconf 71' lang='grc' dir='ltr'>ἐξαιτοῦνται·</span> 
     </span>
    </p>
   </div>
   <div class='ocr_carea' id='block_1_56' title="bbox 2116 2974 3669 3051">
    <p class='ocr_par' dir='ltr' id='par_1_56' title="bbox 2116 2974 3669 3051">
     <span class='ocr_line' id='line_1_56' title="bbox 2116 2974 3669 3051; baseline -0.005 -14"><span class='ocrx_word' id='word_1_418' title='bbox 2116 2987 2144 3038; x_wconf 79' lang='grc' dir='ltr'><strong>ὁ</strong></span> <span class='ocrx_word' id='word_1_419' title='bbox 2177 2985 2234 3036; x_wconf 76' lang='grc' dir='ltr'>δὲ</span> <span class='ocrx_word' id='word_1_420' title='bbox 2259 2982 2440 3036; x_wconf 87' lang='grc' dir='ltr'>δίδωσι</span> <span class='ocrx_word' id='word_1_421' title='bbox 2464 2980 2641 3051; x_wconf 80' lang='grc' dir='ltr'><strong><em>χάριν,</em></strong></span> <span class='ocrx_word' id='word_1_422' title='bbox 2662 2981 2722 3033; x_wconf 78' lang='grc' dir='ltr'>τὸ</span> <span class='ocrx_word' id='word_1_423' title='bbox 2743 2979 2970 3042; x_wconf 72' lang='grc' dir='ltr'>ἐκείνοις</span> <span class='ocrx_word' id='word_1_424' title='bbox 3010 2978 3229 3049; x_wconf 70' lang='grc' dir='ltr'>ἔλλειμα</span> <span class='ocrx_word' id='word_1_425' title='bbox 3259 2974 3669 3047; x_wconf 71' lang='grc' dir='ltr'>διορθουμένην.</span> 
     </span>
    </p>
   </div>
   <div class='ocr_carea' id='block_1_57' title="bbox 475 3065 2020 3144">
    <p class='ocr_par' dir='ltr' id='par_1_57' title="bbox 475 3065 2015 3136">
     <span class='ocr_line' id='line_1_57' title="bbox 475 3065 2015 3136; baseline 0.003 -18"><span class='ocrx_word' id='word_1_426' title='bbox 475 3065 692 3121; x_wconf 83' lang='lat' dir='ltr'><strong><em>dantem</em></strong></span> <span class='ocrx_word' id='word_1_427' title='bbox 709 3066 852 3136; x_wconf 90' lang='lat' dir='ltr'><strong><em>quod</em></strong></span> <span class='ocrx_word' id='word_1_428' title='bbox 876 3066 982 3120; x_wconf 89' lang='lat' dir='ltr'><strong><em>illis</em></strong></span> <span class='ocrx_word' id='word_1_429' title='bbox 1013 3067 1191 3121; x_wconf 90' lang='lat' dir='ltr'><strong><em>inerat</em></strong></span> <span class='ocrx_word' id='word_1_430' title='bbox 1206 3067 1420 3120; x_wconf 78' lang='lat' dir='ltr'><strong><em>vitium.</em></strong></span> <span class='ocrx_word' id='word_1_431' title='bbox 1448 3065 1524 3119; x_wconf 82' lang='lat' dir='ltr'><strong><em>Ac</em></strong></span> <span class='ocrx_word' id='word_1_432' title='bbox 1541 3065 1761 3134; x_wconf 84' lang='lat' dir='ltr'><strong><em>quidem</em></strong></span> <span class='ocrx_word' id='word_1_433' title='bbox 1783 3066 1858 3119; x_wconf 87' lang='lat' dir='ltr'><strong><em>illi</em></strong></span> <span class='ocrx_word' id='word_1_434' title='bbox 1885 3083 2015 3136; x_wconf 85' lang='lat' dir='ltr'><strong><em>pro-</em></strong></span> 
     </span>
    </p>
   </div>
   <div class='ocr_carea' id='block_1_58' title="bbox 2121 3065 3674 3144">
    <p class='ocr_par' dir='ltr' id='par_1_58' title="bbox 2125 3066 3674 3144">
     <span class='ocr_line' id='line_1_58' title="bbox 2125 3066 3674 3144; baseline -0.007 -15"><span class='ocrx_word' id='word_1_435' title='bbox 2125 3076 2232 3129; x_wconf 74' lang='grc' dir='ltr'><strong><em>Καὶ</em></strong></span> <span class='ocrx_word' id='word_1_436' title='bbox 2256 3075 2306 3127; x_wconf 74' lang='lat' dir='ltr'><strong><em>oi</em></strong></span> <span class='ocrx_word' id='word_1_437' title='bbox 2331 3075 2428 3144; x_wconf 75' lang='grc' dir='ltr'>μὲν</span> <span class='ocrx_word' id='word_1_438' title='bbox 2475 3071 2659 3126; x_wconf 80' lang='grc' dir='ltr'>τέκνον</span> <span class='ocrx_word' id='word_1_439' title='bbox 2712 3072 2895 3132; x_wconf 70' lang='grc' dir='ltr'>ἁπλῶς</span> <span class='ocrx_word' id='word_1_440' title='bbox 2923 3071 3152 3134; x_wconf 78' lang='grc' dir='ltr'>αἰτοῦσι,</span> <span class='ocrx_word' id='word_1_441' title='bbox 3207 3069 3269 3123; x_wconf 81' lang='grc' dir='ltr'><strong><em>τδ</em></strong></span> <span class='ocrx_word' id='word_1_442' title='bbox 3291 3069 3390 3136; x_wconf 83' lang='grc' dir='ltr'>τῆς</span> <span class='ocrx_word' id='word_1_443' title='bbox 3417 3066 3674 3131; x_wconf 76' lang='grc' dir='ltr'>ἀπαιδίας</span> 
     </span>
    </p>
   </div>
   <div class='ocr_carea' id='block_1_59' title="bbox 476 3151 2020 3247">
    <p class='ocr_par' dir='ltr' id='par_1_59' title="bbox 476 3154 2010 3224">
     <span class='ocr_line' id='line_1_59' title="bbox 476 3154 2010 3224; baseline 0.001 -16"><span class='ocrx_word' id='word_1_444' title='bbox 476 3154 580 3208; x_wconf 91' lang='lat' dir='ltr'><strong><em>lem</em></strong></span> <span class='ocrx_word' id='word_1_445' title='bbox 612 3154 930 3224; x_wconf 88' lang='lat' dir='ltr'><strong><em>simpliciter</em></strong></span> <span class='ocrx_word' id='word_1_446' title='bbox 962 3163 1176 3223; x_wconf 89' lang='lat' dir='ltr'><strong><em>petunt,</em></strong></span> <span class='ocrx_word' id='word_1_447' title='bbox 1204 3163 1261 3209; x_wconf 87' lang='lat' dir='ltr'><strong><em>et</em></strong></span> <span class='ocrx_word' id='word_1_448' title='bbox 1314 3164 1375 3209; x_wconf 91' lang='lat' dir='ltr'><strong><em>ut</em></strong></span> <span class='ocrx_word' id='word_1_449' title='bbox 1417 3154 1472 3207; x_wconf 87' lang='lat' dir='ltr'><strong><em>id</em></strong></span> <span class='ocrx_word' id='word_1_450' title='bbox 1521 3155 1626 3210; x_wconf 84' lang='lat' dir='ltr'><strong><em>illis</em></strong></span> <span class='ocrx_word' id='word_1_451' title='bbox 1659 3156 2010 3224; x_wconf 83' lang='lat' dir='ltr'><strong><em>opprobrium</em></strong></span> 
     </span>
    </p>
   </div>
   <div class='ocr_carea' id='block_1_60' title="bbox 2121 3151 3672 3247">
    <p class='ocr_par' dir='ltr' id='par_1_60' title="bbox 2121 3151 3672 3232">
     <span class='ocr_line' id='line_1_60' title="bbox 2121 3151 3672 3232; baseline -0.008 -13"><span class='ocrx_word' id='word_1_452' title='bbox 2121 3164 2319 3226; x_wconf 78' lang='grc' dir='ltr'>ὄνειδος</span> <span class='ocrx_word' id='word_1_453' title='bbox 2339 3161 2762 3232; x_wconf 77' lang='grc' dir='ltr'>ἀφαιρούμενονο</span> <span class='ocrx_word' id='word_1_454' title='bbox 2800 3161 2828 3212; x_wconf 89' lang='grc' dir='ltr'>ὁ</span> <span class='ocrx_word' id='word_1_455' title='bbox 2859 3159 2915 3211; x_wconf 78' lang='grc' dir='ltr'>δὲ</span> <span class='ocrx_word' id='word_1_456' title='bbox 2956 3159 3052 3227; x_wconf 78' lang='grc' dir='ltr'>τὴν</span> <span class='ocrx_word' id='word_1_457' title='bbox 3088 3157 3221 3210; x_wconf 83' lang='grc' dir='ltr'>ίδίαν</span> <span class='ocrx_word' id='word_1_458' title='bbox 3244 3156 3424 3218; x_wconf 78' lang='grc' dir='ltr'>αὐτοῖς</span> <span class='ocrx_word' id='word_1_459' title='bbox 3446 3151 3672 3224; x_wconf 78' lang='grc' dir='ltr'>χαρίζε-</span> 
     </span>
    </p>
   </div>
   <div class='ocr_carea' id='block_1_61' title="bbox 475 3245 2020 3327">
    <p class='ocr_par' dir='ltr' id='par_1_61' title="bbox 475 3245 2018 3314">
     <span class='ocr_line' id='line_1_61' title="bbox 475 3245 2018 3314; baseline 0.002 -16"><span class='ocrx_word' id='word_1_460' title='bbox 475 3246 772 3304; x_wconf 80' lang='lat' dir='ltr'><strong><em>auferatur.</em></strong></span> <span class='ocrx_word' id='word_1_461' title='bbox 806 3245 949 3314; x_wconf 89' lang='lat' dir='ltr'><strong><em>quod</em></strong></span> <span class='ocrx_word' id='word_1_462' title='bbox 978 3245 1066 3299; x_wconf 86' lang='lat' dir='ltr'><strong><em>illa</em></strong></span> <span class='ocrx_word' id='word_1_463' title='bbox 1095 3245 1214 3300; x_wconf 89' lang='lat' dir='ltr'><strong><em>orbi</em></strong></span> <span class='ocrx_word' id='word_1_464' title='bbox 1238 3254 1394 3310; x_wconf 89' lang='lat' dir='ltr'><strong><em>sunt;</em></strong></span> <span class='ocrx_word' id='word_1_465' title='bbox 1425 3246 1469 3299; x_wconf 88' lang='lat' dir='ltr'><strong><em>is</em></strong></span> <span class='ocrx_word' id='word_1_466' title='bbox 1492 3255 1670 3299; x_wconf 83' lang='lat' dir='ltr'><strong><em>autem</em></strong></span> <span class='ocrx_word' id='word_1_467' title='bbox 1721 3258 1870 3300; x_wconf 88' lang='lat' dir='ltr'><strong><em>suam</em></strong></span> <span class='ocrx_word' id='word_1_468' title='bbox 1910 3245 2018 3301; x_wconf 89' lang='lat' dir='ltr'><strong><em>illis</em></strong></span> 
     </span>
    </p>
   </div>
   <div class='ocr_carea' id='block_1_62' title="bbox 2121 3245 3670 3327">
    <p class='ocr_par' dir='ltr' id='par_1_62' title="bbox 2121 3247 3670 3327">
     <span class='ocr_line' id='line_1_62' title="bbox 2121 3247 3670 3327; baseline -0.008 -15"><span class='ocrx_word' id='word_1_469' title='bbox 2121 3276 2209 3312; x_wconf 89' lang='grc' dir='ltr'><strong><em>ται</em></strong></span> <span class='ocrx_word' id='word_1_470' title='bbox 2236 3256 2493 3326; x_wconf 65' lang='grc' dir='ltr'>Μητέρατ</span> <span class='ocrx_word' id='word_1_471' title='bbox 2518 3253 2578 3305; x_wconf 85' lang='grc' dir='ltr'>οὐ</span> <span class='ocrx_word' id='word_1_472' title='bbox 2607 3251 2713 3304; x_wconf 83' lang='grc' dir='ltr'><strong><em>τῶν</em></strong></span> <span class='ocrx_word' id='word_1_473' title='bbox 2741 3251 3002 3327; x_wconf 78' lang='grc' dir='ltr'>τεκόντων</span> <span class='ocrx_word' id='word_1_474' title='bbox 3039 3249 3197 3318; x_wconf 85' lang='grc' dir='ltr'>μόνον</span> <span class='ocrx_word' id='word_1_475' title='bbox 3235 3247 3536 3317; x_wconf 73' lang='grc' dir='ltr'>τὴνσθλίψιν</span> <span class='ocrx_word' id='word_1_476' title='bbox 3567 3249 3670 3300; x_wconf 70' lang='lat' dir='ltr'><strong><em>la)-</em></strong></span> 
     </span>
    </p>
   </div>
   <div class='ocr_carea' id='block_1_63' title="bbox 473 3337 2016 3407">
    <p class='ocr_par' dir='ltr' id='par_1_63' title="bbox 473 3337 2016 3407">
     <span class='ocr_line' id='line_1_63' title="bbox 473 3337 2016 3407; baseline 0.001 -18"><span class='ocrx_word' id='word_1_477' title='bbox 473 3337 699 3407; x_wconf 78' lang='lat' dir='ltr'><strong><em>largitur</em></strong></span> <span class='ocrx_word' id='word_1_478' title='bbox 726 3337 984 3402; x_wconf 86' lang='lat' dir='ltr'><strong><em>Matrem;</em></strong></span> <span class='ocrx_word' id='word_1_479' title='bbox 1008 3353 1114 3391; x_wconf 89' lang='lat' dir='ltr'><strong><em>non</em></strong></span> <span class='ocrx_word' id='word_1_480' title='bbox 1136 3352 1255 3406; x_wconf 67' lang='lat' dir='ltr'><strong><em>qua:</em></strong></span> <span class='ocrx_word' id='word_1_481' title='bbox 1284 3346 1567 3406; x_wconf 87' lang='lat' dir='ltr'><strong><em>parentum</em></strong></span> <span class='ocrx_word' id='word_1_482' title='bbox 1603 3337 2016 3392; x_wconf 75' lang='lat' dir='ltr'><strong><em>duntaxataﬂli-</em></strong></span> 
     </span>
    </p>
   </div>
   <div class='ocr_carea' id='block_1_64' title="bbox 423 3416 2018 3499">
    <p class='ocr_par' dir='ltr' id='par_1_64' title="bbox 423 3416 2018 3499">
     <span class='ocr_line' id='line_1_64' title="bbox 423 3416 2018 3499; baseline 0.001 -18"><span class='ocrx_word' id='word_1_483' title='bbox 423 3416 425 3419; x_wconf 53' lang='grc'><em>’</em></span> <span class='ocrx_word' id='word_1_484' title='bbox 474 3428 709 3482; x_wconf 88' lang='lat' dir='ltr'><strong><em>ctionem</em></strong></span> <span class='ocrx_word' id='word_1_485' title='bbox 730 3435 900 3492; x_wconf 90' lang='lat' dir='ltr'><strong><em>sanet,</em></strong></span> <span class='ocrx_word' id='word_1_486' title='bbox 933 3427 1027 3481; x_wconf 87' lang='lat' dir='ltr'><strong><em>sed</em></strong></span> <span class='ocrx_word' id='word_1_487' title='bbox 1043 3443 1161 3497; x_wconf 77' lang='lat' dir='ltr'><strong><em>qua:</em></strong></span> <span class='ocrx_word' id='word_1_488' title='bbox 1184 3428 1494 3482; x_wconf 87' lang='lat' dir='ltr'><strong><em>universum</em></strong></span> <span class='ocrx_word' id='word_1_489' title='bbox 1510 3428 1802 3482; x_wconf 83' lang='lat' dir='ltr'><strong><em>humanum</em></strong></span> <span class='ocrx_word' id='word_1_490' title='bbox 1846 3417 2018 3499; x_wconf 73' lang='lat' dir='ltr'><strong><em>genus</em></strong></span> 
     </span>
    </p>
   </div>
   <div class='ocr_carea' id='block_1_65' title="bbox 473 3517 1464 3587">
    <p class='ocr_par' dir='ltr' id='par_1_65' title="bbox 473 3517 1464 3587">
     <span class='ocr_line' id='line_1_65' title="bbox 473 3517 1464 3587; baseline -0.001 -15"><span class='ocrx_word' id='word_1_491' title='bbox 473 3517 702 3586; x_wconf 74' lang='lat' dir='ltr'><strong><em>spiritali</em></strong></span> <span class='ocrx_word' id='word_1_492' title='bbox 731 3533 968 3586; x_wconf 84' lang='lat' dir='ltr'><strong><em>veroque</em></strong></span> <span class='ocrx_word' id='word_1_493' title='bbox 1001 3517 1198 3586; x_wconf 74' lang='lat' dir='ltr'><strong><em>gaudio</em></strong></span> <span class='ocrx_word' id='word_1_494' title='bbox 1225 3517 1464 3587; x_wconf 85' lang='lat' dir='ltr'><strong><em>impleat.</em></strong></span> 
     </span>
    </p>
   </div>
   <div class='ocr_carea' id='block_1_66' title="bbox 542 3608 2013 3680">
    <p class='ocr_par' dir='ltr' id='par_1_66' title="bbox 542 3608 2013 3680">
     <span class='ocr_line' id='line_1_66' title="bbox 542 3608 2013 3680; baseline 0.003 -18"><span class='ocrx_word' id='word_1_495' title='bbox 542 3608 668 3663; x_wconf 68' lang='lat' dir='ltr'><strong><em>Haec</em></strong></span> <span class='ocrx_word' id='word_1_496' title='bbox 701 3609 960 3662; x_wconf 91' lang='lat' dir='ltr'><strong><em>nimirum</em></strong></span> <span class='ocrx_word' id='word_1_497' title='bbox 981 3608 1177 3663; x_wconf 64' lang='lat' dir='ltr'><strong><em>divina:</em></strong></span> <span class='ocrx_word' id='word_1_498' title='bbox 1205 3608 1386 3678; x_wconf 81' lang='lat' dir='ltr'><strong><em>potius</em></strong></span> <span class='ocrx_word' id='word_1_499' title='bbox 1426 3609 1803 3680; x_wconf 66' lang='lat' dir='ltr'><strong><em>promissionis</em></strong></span> <span class='ocrx_word' id='word_1_500' title='bbox 1825 3611 2013 3676; x_wconf 82' lang='lat' dir='ltr'><strong><em>verbo,</em></strong></span> 
     </span>
    </p>
   </div>
   <div class='ocr_carea' id='block_1_67' title="bbox 473 3699 2018 3773">
    <p class='ocr_par' dir='ltr' id='par_1_67' title="bbox 473 3699 2018 3773">
     <span class='ocr_line' id='line_1_67' title="bbox 473 3699 2018 3773; baseline 0.004 -22"><span class='ocrx_word' id='word_1_501' title='bbox 473 3713 636 3767; x_wconf 87' lang='lat' dir='ltr'><strong><em>quam</em></strong></span> <span class='ocrx_word' id='word_1_502' title='bbox 670 3709 878 3753; x_wconf 70' lang='lat' dir='ltr'><strong><em>naturae</em></strong></span> <span class='ocrx_word' id='word_1_503' title='bbox 919 3700 1130 3754; x_wconf 88' lang='lat' dir='ltr'><strong><em>ratione</em></strong></span> <span class='ocrx_word' id='word_1_504' title='bbox 1157 3699 1210 3753; x_wconf 90' lang='lat' dir='ltr'><strong><em>in</em></strong></span> <span class='ocrx_word' id='word_1_505' title='bbox 1242 3699 1414 3754; x_wconf 89' lang='lat' dir='ltr'><strong><em>sterili</em></strong></span> <span class='ocrx_word' id='word_1_506' title='bbox 1442 3708 1702 3768; x_wconf 82' lang='lat' dir='ltr'><strong><em>concepta</em></strong></span> <span class='ocrx_word' id='word_1_507' title='bbox 1738 3710 1900 3771; x_wconf 87' lang='lat' dir='ltr'><strong><em>atque</em></strong></span> <span class='ocrx_word' id='word_1_508' title='bbox 1926 3717 2018 3773; x_wconf 73' lang='lat' dir='ltr'><strong><em>ge-</em></strong></span> 
     </span>
    </p>
   </div>
   <div class='ocr_carea' id='block_1_68' title="bbox 475 3790 2015 3860">
    <p class='ocr_par' dir='ltr' id='par_1_68' title="bbox 475 3790 2015 3860">
     <span class='ocr_line' id='line_1_68' title="bbox 475 3790 2015 3860; baseline 0.004 -17"><span class='ocrx_word' id='word_1_509' title='bbox 475 3798 610 3844; x_wconf 81' lang='lat' dir='ltr'><strong><em>stata</em></strong></span> <span class='ocrx_word' id='word_1_510' title='bbox 635 3798 811 3853; x_wconf 91' lang='lat' dir='ltr'><strong><em>utero,</em></strong></span> <span class='ocrx_word' id='word_1_511' title='bbox 831 3790 995 3844; x_wconf 89' lang='lat' dir='ltr'><strong><em>velut</em></strong></span> <span class='ocrx_word' id='word_1_512' title='bbox 1020 3790 1305 3860; x_wconf 87' lang='lat' dir='ltr'><strong><em>lunaplena</em></strong></span> <span class='ocrx_word' id='word_1_513' title='bbox 1341 3790 1502 3844; x_wconf 89' lang='lat' dir='ltr'><strong><em>hodie</em></strong></span> <span class='ocrx_word' id='word_1_514' title='bbox 1529 3805 1596 3845; x_wconf 81' lang='lat' dir='ltr'><strong><em>ex</em></strong></span> <span class='ocrx_word' id='word_1_515' title='bbox 1622 3801 1864 3847; x_wconf 88' lang='lat' dir='ltr'><strong><em>materno</em></strong></span> <span class='ocrx_word' id='word_1_516' title='bbox 1885 3807 2015 3848; x_wconf 78' lang='lat' dir='ltr'><strong><em>exo-</em></strong></span> 
     </span>
    </p>
   </div>
   <div class='ocr_carea' id='block_1_69' title="bbox 474 3879 2015 3953">
    <p class='ocr_par' dir='ltr' id='par_1_69' title="bbox 474 3879 2015 3953">
     <span class='ocr_line' id='line_1_69' title="bbox 474 3879 2015 3953; baseline 0.005 -22"><span class='ocrx_word' id='word_1_517' title='bbox 474 3879 880 3935; x_wconf 86' lang='lat' dir='ltr'><strong><em>riturthalamo.</em></strong></span> <span class='ocrx_word' id='word_1_518' title='bbox 909 3879 1064 3935; x_wconf 88' lang='lat' dir='ltr'><strong><em>Clare</em></strong></span> <span class='ocrx_word' id='word_1_519' title='bbox 1094 3879 1253 3935; x_wconf 90' lang='lat' dir='ltr'><strong><em>hodie</em></strong></span> <span class='ocrx_word' id='word_1_520' title='bbox 1273 3880 1458 3934; x_wconf 87' lang='lat' dir='ltr'><strong><em>videre</em></strong></span> <span class='ocrx_word' id='word_1_521' title='bbox 1491 3888 1574 3935; x_wconf 83' lang='lat' dir='ltr'><strong><em>est</em></strong></span> <span class='ocrx_word' id='word_1_522' title='bbox 1597 3882 1747 3951; x_wconf 81' lang='lat' dir='ltr'><strong><em>juxta</em></strong></span> <span class='ocrx_word' id='word_1_523' title='bbox 1772 3883 2015 3953; x_wconf 87' lang='lat' dir='ltr'><strong><em>Prophe-</em></strong></span> 
     </span>
    </p>
   </div>
   <div class='ocr_carea' id='block_1_70' title="bbox 475 3970 2015 4043">
    <p class='ocr_par' dir='ltr' id='par_1_70' title="bbox 475 3970 2015 4043">
     <span class='ocr_line' id='line_1_70' title="bbox 475 3970 2015 4043; baseline 0.004 -20"><span class='ocrx_word' id='word_1_524' title='bbox 475 3979 540 4024; x_wconf 72' lang='lat' dir='ltr'><strong><em>tre</em></strong></span> <span class='ocrx_word' id='word_1_525' title='bbox 568 3971 869 4034; x_wconf 84' lang='lat' dir='ltr'><strong><em>oraculum,</em></strong></span> <span class='ocrx_word' id='word_1_526' title='bbox 905 3971 1036 4025; x_wconf 91' lang='lat' dir='ltr'><strong><em>oriri</em></strong></span> <span class='ocrx_word' id='word_1_527' title='bbox 1066 3971 1350 4025; x_wconf 87' lang='lat' dir='ltr'><strong><em>veritatem</em></strong></span> <span class='ocrx_word' id='word_1_528' title='bbox 1377 3970 1442 4025; x_wconf 87' lang='lat' dir='ltr'><strong><em>de</em></strong></span> <span class='ocrx_word' id='word_1_529' title='bbox 1475 3980 1635 4035; x_wconf 87' lang='lat' dir='ltr'><strong><em>terra,</em></strong></span> <span class='ocrx_word' id='word_1_530' title='bbox 1669 3987 1731 4026; x_wconf 87' lang='lat' dir='ltr'><strong><em>ac</em></strong></span> <span class='ocrx_word' id='word_1_531' title='bbox 1748 3973 2015 4043; x_wconf 86' lang='lat' dir='ltr'><strong><em>justitiam</em></strong></span> 
     </span>
    </p>
   </div>
   <div class='ocr_carea' id='block_1_71' title="bbox 472 4060 2016 4130">
    <p class='ocr_par' dir='ltr' id='par_1_71' title="bbox 472 4060 2016 4130">
     <span class='ocr_line' id='line_1_71' title="bbox 472 4060 2016 4130; baseline 0.003 -18"><span class='ocrx_word' id='word_1_532' title='bbox 472 4061 540 4114; x_wconf 84' lang='lat' dir='ltr'><strong><em>de</em></strong></span> <span class='ocrx_word' id='word_1_533' title='bbox 573 4062 710 4115; x_wconf 82' lang='lat' dir='ltr'><strong><em>coelo</em></strong></span> <span class='ocrx_word' id='word_1_534' title='bbox 748 4060 1056 4130; x_wconf 89' lang='lat' dir='ltr'><strong><em>prospicere</em></strong></span> <span class='ocrx_word' id='word_1_535' title='bbox 1084 4061 1147 4114; x_wconf 88' lang='grc'><strong><em>¹⁷.</em></strong></span> <span class='ocrx_word' id='word_1_536' title='bbox 1179 4060 1393 4115; x_wconf 87' lang='lat' dir='ltr'><strong><em>Etenim</em></strong></span> <span class='ocrx_word' id='word_1_537' title='bbox 1432 4060 1692 4116; x_wconf 89' lang='lat' dir='ltr'><strong><em>Dominus</em></strong></span> <span class='ocrx_word' id='word_1_538' title='bbox 1720 4062 2016 4117; x_wconf 88' lang='lat' dir='ltr'><strong><em>ostendens</em></strong></span> 
     </span>
    </p>
   </div>
   <div class='ocr_carea' id='block_1_72' title="bbox 473 4151 2018 4222">
    <p class='ocr_par' dir='ltr' id='par_1_72' title="bbox 473 4151 2018 4222">
     <span class='ocr_line' id='line_1_72' title="bbox 473 4151 2018 4222; baseline 0.003 -18"><span class='ocrx_word' id='word_1_539' title='bbox 473 4153 541 4204; x_wconf 89' lang='lat' dir='ltr'><strong><em>de</em></strong></span> <span class='ocrx_word' id='word_1_540' title='bbox 576 4151 717 4205; x_wconf 66' lang='lat' dir='ltr'><strong><em>caelo</em></strong></span> <span class='ocrx_word' id='word_1_541' title='bbox 765 4151 925 4222; x_wconf 78' lang='lat' dir='ltr'><strong><em>digne</em></strong></span> <span class='ocrx_word' id='word_1_542' title='bbox 976 4153 1287 4221; x_wconf 87' lang='lat' dir='ltr'><strong><em>petentibus</em></strong></span> <span class='ocrx_word' id='word_1_543' title='bbox 1343 4151 1605 4220; x_wconf 90' lang='lat' dir='ltr'><strong><em>justitiam</em></strong></span> <span class='ocrx_word' id='word_1_544' title='bbox 1640 4167 1812 4219; x_wconf 88' lang='lat' dir='ltr'><strong><em>suam,</em></strong></span> <span class='ocrx_word' id='word_1_545' title='bbox 1867 4153 2018 4208; x_wconf 84' lang='lat' dir='ltr'><strong><em>dedit</em></strong></span> 
     </span>
    </p>
   </div>
   <div class='ocr_carea' id='block_1_73' title="bbox 472 4241 2016 4312">
    <p class='ocr_par' dir='ltr' id='par_1_73' title="bbox 472 4241 2016 4312">
     <span class='ocr_line' id='line_1_73' title="bbox 472 4241 2016 4312; baseline 0.003 -18"><span class='ocrx_word' id='word_1_546' title='bbox 472 4241 880 4311; x_wconf 75' lang='lat' dir='ltr'><strong><em>benignitatem,</em></strong></span> <span class='ocrx_word' id='word_1_547' title='bbox 939 4242 1133 4297; x_wconf 84' lang='lat' dir='ltr'><strong><em>divinae</em></strong></span> <span class='ocrx_word' id='word_1_548' title='bbox 1184 4242 1561 4312; x_wconf 90' lang='lat' dir='ltr'><strong><em>promissionis</em></strong></span> <span class='ocrx_word' id='word_1_549' title='bbox 1585 4245 1751 4299; x_wconf 84' lang='lat' dir='ltr'><strong><em>verbo</em></strong></span> <span class='ocrx_word' id='word_1_550' title='bbox 1795 4245 2016 4300; x_wconf 87' lang='lat' dir='ltr'><strong><em>oraculo</em></strong></span> 
     </span>
    </p>
   </div>
   <div class='ocr_carea' id='block_1_74' title="bbox 471 4331 2012 4402">
    <p class='ocr_par' dir='ltr' id='par_1_74' title="bbox 471 4331 2012 4402">
     <span class='ocr_line' id='line_1_74' title="bbox 471 4331 2012 4402; baseline 0.002 -16"><span class='ocrx_word' id='word_1_551' title='bbox 471 4331 621 4386; x_wconf 88' lang='lat' dir='ltr'><strong><em>edito</em></strong></span> <span class='ocrx_word' id='word_1_552' title='bbox 647 4350 664 4397; x_wconf 87' lang='lat'><strong>;</strong></span> <span class='ocrx_word' id='word_1_553' title='bbox 693 4332 846 4386; x_wconf 86' lang='lat' dir='ltr'><strong><em>Anna</em></strong></span> <span class='ocrx_word' id='word_1_554' title='bbox 874 4347 1004 4386; x_wconf 88' lang='lat' dir='ltr'><strong><em>vero</em></strong></span> <span class='ocrx_word' id='word_1_555' title='bbox 1039 4332 1129 4385; x_wconf 89' lang='lat' dir='ltr'><strong><em>illo</em></strong></span> <span class='ocrx_word' id='word_1_556' title='bbox 1161 4332 1264 4386; x_wconf 82' lang='lat' dir='ltr'><strong><em>ﬁde</em></strong></span> <span class='ocrx_word' id='word_1_557' title='bbox 1287 4341 1557 4402; x_wconf 89' lang='lat' dir='ltr'><strong><em>suscepto,</em></strong></span> <span class='ocrx_word' id='word_1_558' title='bbox 1605 4347 1668 4387; x_wconf 81' lang='lat' dir='ltr'><strong><em>ex</em></strong></span> <span class='ocrx_word' id='word_1_559' title='bbox 1708 4334 1868 4388; x_wconf 89' lang='lat' dir='ltr'><strong><em>vulva</em></strong></span> <span class='ocrx_word' id='word_1_560' title='bbox 1895 4349 2012 4400; x_wconf 90' lang='lat' dir='ltr'><strong><em>sua,</em></strong></span> 
     </span>
    </p>
   </div>
   <div class='ocr_carea' id='block_1_75' title="bbox 470 4425 2011 4496">
    <p class='ocr_par' dir='ltr' id='par_1_75' title="bbox 470 4425 2011 4496">
     <span class='ocr_line' id='line_1_75' title="bbox 470 4425 2011 4496; baseline 0.002 -17"><span class='ocrx_word' id='word_1_561' title='bbox 470 4427 621 4481; x_wconf 85' lang='lat' dir='ltr'><strong><em>velut</em></strong></span> <span class='ocrx_word' id='word_1_562' title='bbox 634 4444 698 4481; x_wconf 81' lang='lat' dir='ltr'><strong><em>ex</em></strong></span> <span class='ocrx_word' id='word_1_563' title='bbox 721 4437 881 4490; x_wconf 85' lang='lat' dir='ltr'><strong><em>terra,</em></strong></span> <span class='ocrx_word' id='word_1_564' title='bbox 903 4429 1122 4484; x_wconf 80' lang='lat' dir='ltr'><strong><em>oraculo</em></strong></span> <span class='ocrx_word' id='word_1_565' title='bbox 1135 4425 1447 4496; x_wconf 88' lang='lat' dir='ltr'><strong><em>promissam</em></strong></span> <span class='ocrx_word' id='word_1_566' title='bbox 1464 4427 1744 4480; x_wconf 85' lang='lat' dir='ltr'><strong><em>veritatem</em></strong></span> <span class='ocrx_word' id='word_1_567' title='bbox 1770 4426 1821 4481; x_wconf 92' lang='lat' dir='ltr'><strong><em>in</em></strong></span> <span class='ocrx_word' id='word_1_568' title='bbox 1836 4426 2011 4482; x_wconf 87' lang='lat' dir='ltr'><strong><em>lucem</em></strong></span> 
     </span>
    </p>
   </div>
   <div class='ocr_carea' id='block_1_76' title="bbox 2121 3339 3671 3420">
    <p class='ocr_par' dir='ltr' id='par_1_76' title="bbox 2121 3339 3671 3420">
     <span class='ocr_line' id='line_1_76' title="bbox 2121 3339 3671 3420; baseline -0.012 -18"><span class='ocrx_word' id='word_1_569' title='bbox 2121 3350 2306 3420; x_wconf 72' lang='grc' dir='ltr'>μένην,</span> <span class='ocrx_word' id='word_1_570' title='bbox 2335 3345 2449 3402; x_wconf 75' lang='grc' dir='ltr'>ἀλλ’</span> <span class='ocrx_word' id='word_1_571' title='bbox 2471 3345 2596 3414; x_wconf 87' lang='grc' dir='ltr'>ὃλην</span> <span class='ocrx_word' id='word_1_572' title='bbox 2623 3343 2729 3396; x_wconf 82' lang='grc' dir='ltr'><strong><em>τῶν</em></strong></span> <span class='ocrx_word' id='word_1_573' title='bbox 2757 3342 3054 3411; x_wconf 81' lang='grc' dir='ltr'>ἀνθρώπων</span> <span class='ocrx_word' id='word_1_574' title='bbox 3091 3340 3188 3411; x_wconf 78' lang='grc' dir='ltr'>τὴν</span> <span class='ocrx_word' id='word_1_575' title='bbox 3216 3339 3384 3409; x_wconf 76' lang='grc' dir='ltr'>φύσιν·</span> <span class='ocrx_word' id='word_1_576' title='bbox 3419 3353 3671 3408; x_wconf 55' lang='lat' dir='ltr'><strong><em>«verum-</em></strong></span> 
     </span>
    </p>
   </div>
   <div class='ocr_carea' id='block_1_77' title="bbox 2115 3432 3277 3519">
    <p class='ocr_par' dir='ltr' id='par_1_77' title="bbox 2115 3432 3277 3519">
     <span class='ocr_line' id='line_1_77' title="bbox 2115 3432 3277 3519; baseline -0.016 -26"><span class='ocrx_word' id='word_1_577' title='bbox 2115 3439 2269 3510; x_wconf 80' lang='grc' dir='ltr'>τικῆς</span> <span class='ocrx_word' id='word_1_578' title='bbox 2299 3439 2391 3519; x_wconf 62' lang='grc' dir='ltr'><strong><em>και</em></strong></span> <span class='ocrx_word' id='word_1_579' title='bbox 2415 3435 2644 3506; x_wconf 77' lang='grc' dir='ltr'><strong><em>ἀληθοῦς</em></strong></span> <span class='ocrx_word' id='word_1_580' title='bbox 2669 3432 2979 3503; x_wconf 78' lang='grc' dir='ltr'>πληροῦσαν</span> <span class='ocrx_word' id='word_1_581' title='bbox 3008 3433 3203 3502; x_wconf 76' lang='grc' dir='ltr'>χαρᾶς,</span> <span class='ocrx_word' id='word_1_582' title='bbox 3270 3467 3277 3474; x_wconf 76' lang='grc'>.</span> 
     </span>
    </p>
   </div>
   <div class='ocr_carea' id='block_1_78' title="bbox 2183 3606 3666 3686">
    <p class='ocr_par' dir='ltr' id='par_1_78' title="bbox 2183 3606 3666 3686">
     <span class='ocr_line' id='line_1_78' title="bbox 2183 3606 3666 3686; baseline -0.01 -13"><span class='ocrx_word' id='word_1_583' title='bbox 2183 3617 2330 3686; x_wconf 71' lang='grc' dir='ltr'>Αὕτη</span> <span class='ocrx_word' id='word_1_584' title='bbox 2356 3613 2434 3684; x_wconf 81' lang='grc' dir='ltr'><strong><em>τῷ</em></strong></span> <span class='ocrx_word' id='word_1_585' title='bbox 2457 3615 2659 3683; x_wconf 80' lang='grc' dir='ltr'>ῥήματι</span> <span class='ocrx_word' id='word_1_586' title='bbox 2675 3611 2774 3681; x_wconf 82' lang='grc' dir='ltr'>τῆς</span> <span class='ocrx_word' id='word_1_587' title='bbox 2793 3609 3123 3679; x_wconf 70' lang='grc' dir='ltr'>ἐπαγγελίας</span> <span class='ocrx_word' id='word_1_588' title='bbox 3147 3606 3241 3662; x_wconf 86' lang='grc' dir='ltr'><strong><em>τοῦ</em></strong></span> <span class='ocrx_word' id='word_1_589' title='bbox 3276 3607 3411 3660; x_wconf 83' lang='grc' dir='ltr'>Θεοῦ</span> <span class='ocrx_word' id='word_1_590' title='bbox 3440 3606 3666 3677; x_wconf 75' lang='grc' dir='ltr'>μᾶλλον,</span> 
     </span>
    </p>
   </div>
   <div class='ocr_carea' id='block_1_79' title="bbox 2116 3692 3668 3779">
    <p class='ocr_par' dir='ltr' id='par_1_79' title="bbox 2116 3692 3668 3779">
     <span class='ocr_line' id='line_1_79' title="bbox 2116 3692 3668 3779; baseline -0.008 -20"><span class='ocrx_word' id='word_1_591' title='bbox 2116 3709 2149 3779; x_wconf 70' lang='grc' dir='ltr'>ἢ</span> <span class='ocrx_word' id='word_1_592' title='bbox 2171 3706 2247 3776; x_wconf 84' lang='grc' dir='ltr'><strong><em>τῷ</em></strong></span> <span class='ocrx_word' id='word_1_593' title='bbox 2264 3704 2406 3774; x_wconf 81' lang='grc' dir='ltr'>λόγῳ</span> <span class='ocrx_word' id='word_1_594' title='bbox 2431 3703 2530 3773; x_wconf 85' lang='grc' dir='ltr'>τῆς</span> <span class='ocrx_word' id='word_1_595' title='bbox 2549 3700 2761 3771; x_wconf 85' lang='grc' dir='ltr'>φύσεως</span> <span class='ocrx_word' id='word_1_596' title='bbox 2789 3701 2848 3754; x_wconf 70' lang='grc' dir='ltr'><strong><em>ιν</em></strong></span> <span class='ocrx_word' id='word_1_597' title='bbox 2869 3701 2938 3770; x_wconf 71' lang='grc' dir='ltr'>τῇ</span> <span class='ocrx_word' id='word_1_598' title='bbox 2967 3697 3284 3768; x_wconf 77' lang='grc' dir='ltr'>στειρωτικῇ</span> <span class='ocrx_word' id='word_1_599' title='bbox 3305 3692 3668 3766; x_wconf 68' lang='grc' dir='ltr'>συλληφθεῖσα</span> 
     </span>
    </p>
   </div>
   <div class='ocr_carea' id='block_1_80' title="bbox 2114 3780 3672 3864">
    <p class='ocr_par' dir='ltr' id='par_1_80' title="bbox 2114 3780 3672 3864">
     <span class='ocr_line' id='line_1_80' title="bbox 2114 3780 3672 3864; baseline -0.01 -12"><span class='ocrx_word' id='word_1_600' title='bbox 2114 3797 2209 3852; x_wconf 82' lang='grc' dir='ltr'>καὶ</span> <span class='ocrx_word' id='word_1_601' title='bbox 2236 3793 2627 3864; x_wconf 81' lang='grc' dir='ltr'>κνοφορηθεϊσα</span> <span class='ocrx_word' id='word_1_602' title='bbox 2655 3791 2872 3862; x_wconf 79' lang='grc' dir='ltr'>γαστρὶ,</span> <span class='ocrx_word' id='word_1_603' title='bbox 2913 3790 3152 3861; x_wconf 78' lang='grc' dir='ltr'>σήμερον</span> <span class='ocrx_word' id='word_1_604' title='bbox 3181 3780 3268 3840; x_wconf 76' lang='grc' dir='ltr'>οἶα</span> <span class='ocrx_word' id='word_1_605' title='bbox 3309 3784 3506 3855; x_wconf 73' lang='grc' dir='ltr'>σελήνη</span> <span class='ocrx_word' id='word_1_606' title='bbox 3533 3784 3672 3854; x_wconf 78' lang='grc' dir='ltr'>πλη-</span> 
     </span>
    </p>
   </div>
   <div class='ocr_carea' id='block_1_81' title="bbox 2093 3867 3665 3955">
    <p class='ocr_par' dir='ltr' id='par_1_81' title="bbox 2093 3867 3665 3955">
     <span class='ocr_line' id='line_1_81' title="bbox 2093 3867 3665 3955; baseline -0.009 -19"><span class='ocrx_word' id='word_1_607' title='bbox 2093 3885 2330 3955; x_wconf 81' lang='grc' dir='ltr'>.σιφαὴς,</span> <span class='ocrx_word' id='word_1_608' title='bbox 2381 3882 2489 3935; x_wconf 87' lang='grc' dir='ltr'><strong><em>τῶν</em></strong></span> <span class='ocrx_word' id='word_1_609' title='bbox 2535 3880 2789 3950; x_wconf 77' lang='grc' dir='ltr'>θαλάμων</span> <span class='ocrx_word' id='word_1_610' title='bbox 2853 3873 3188 3942; x_wconf 73' lang='grc' dir='ltr'>ἑξανατέλλει</span> <span class='ocrx_word' id='word_1_611' title='bbox 3226 3871 3332 3926; x_wconf 86' lang='grc' dir='ltr'><strong><em>τῶν</em></strong></span> <span class='ocrx_word' id='word_1_612' title='bbox 3361 3867 3665 3942; x_wconf 81' lang='grc' dir='ltr'>μητρικῶν.</span> 
     </span>
    </p>
   </div>
   <div class='ocr_carea' id='block_1_82' title="bbox 2114 3957 3670 4043">
    <p class='ocr_par' dir='ltr' id='par_1_82' title="bbox 2114 3957 3670 4043">
     <span class='ocr_line' id='line_1_82' title="bbox 2114 3957 3670 4043; baseline -0.011 -15"><span class='ocrx_word' id='word_1_613' title='bbox 2114 3976 2358 4043; x_wconf 84' lang='grc' dir='ltr'>Σήμερον</span> <span class='ocrx_word' id='word_1_614' title='bbox 2386 3969 2634 4041; x_wconf 75' lang='grc' dir='ltr'>ὲναργῶς</span> <span class='ocrx_word' id='word_1_615' title='bbox 2674 3967 2817 4022; x_wconf 69' lang='grc' dir='ltr'>εστιν</span> <span class='ocrx_word' id='word_1_616' title='bbox 2850 3967 2999 4038; x_wconf 79' lang='grc' dir='ltr'>ὁρᾷν,</span> <span class='ocrx_word' id='word_1_617' title='bbox 3027 3963 3167 4018; x_wconf 85' lang='grc' dir='ltr'><strong><em>κατά</em></strong></span> <span class='ocrx_word' id='word_1_618' title='bbox 3194 3963 3296 4031; x_wconf 82' lang='grc' dir='ltr'><strong><em>τὴν</em></strong></span> <span class='ocrx_word' id='word_1_619' title='bbox 3326 3957 3670 4032; x_wconf 70' lang='grc' dir='ltr'>προφητικην</span> 
     </span>
    </p>
   </div>
   <div class='ocr_carea' id='block_1_83' title="bbox 2113 4051 3663 4134">
    <p class='ocr_par' dir='ltr' id='par_1_83' title="bbox 2113 4051 3663 4134">
     <span class='ocr_line' id='line_1_83' title="bbox 2113 4051 3663 4134; baseline -0.006 -18"><span class='ocrx_word' id='word_1_620' title='bbox 2113 4063 2424 4134; x_wconf 86' lang='grc' dir='ltr'>θεηγορίαν,</span> <span class='ocrx_word' id='word_1_621' title='bbox 2449 4059 2704 4132; x_wconf 84' lang='grc' dir='ltr'>ἀλήθειαν</span> <span class='ocrx_word' id='word_1_622' title='bbox 2731 4059 2829 4130; x_wconf 86' lang='grc' dir='ltr'>μὲν</span> <span class='ocrx_word' id='word_1_623' title='bbox 2878 4055 3266 4112; x_wconf 75' lang='grc' dir='ltr'>ἀνατέλλουσαν</span> <span class='ocrx_word' id='word_1_624' title='bbox 3293 4054 3360 4107; x_wconf 78' lang='grc' dir='ltr'>ὲκ</span> <span class='ocrx_word' id='word_1_625' title='bbox 3391 4051 3490 4121; x_wconf 77' lang='grc' dir='ltr'>τῆς</span> <span class='ocrx_word' id='word_1_626' title='bbox 3521 4051 3623 4121; x_wconf 78' lang='grc' dir='ltr'><strong><em>γῆς</em></strong></span> <span class='ocrx_word' id='word_1_627' title='bbox 3641 4088 3663 4115; x_wconf 83' lang='grc'><strong><em>,</em></strong></span> 
     </span>
    </p>
   </div>
   <div class='ocr_carea' id='block_1_84' title="bbox 2115 4142 3665 4224">
    <p class='ocr_par' dir='ltr' id='par_1_84' title="bbox 2115 4142 3665 4224">
     <span class='ocr_line' id='line_1_84' title="bbox 2115 4142 3665 4224; baseline -0.009 -15"><span class='ocrx_word' id='word_1_628' title='bbox 2115 4159 2179 4209; x_wconf 82' lang='grc' dir='ltr'>ὲκ</span> <span class='ocrx_word' id='word_1_629' title='bbox 2210 4153 2304 4209; x_wconf 88' lang='grc' dir='ltr'><strong><em>τοῦ</em></strong></span> <span class='ocrx_word' id='word_1_630' title='bbox 2349 4151 2576 4224; x_wconf 85' lang='grc' dir='ltr'>οὐρανοῦ</span> <span class='ocrx_word' id='word_1_631' title='bbox 2621 4151 2678 4203; x_wconf 83' lang='grc' dir='ltr'>δὲ</span> <span class='ocrx_word' id='word_1_632' title='bbox 2730 4150 2829 4218; x_wconf 83' lang='grc' dir='ltr'>τὴν</span> <span class='ocrx_word' id='word_1_633' title='bbox 2858 4145 3198 4215; x_wconf 72' lang='grc' dir='ltr'>δικαιοσύνην</span> <span class='ocrx_word' id='word_1_634' title='bbox 3245 4142 3665 4196; x_wconf 83' lang='grc' dir='ltr'>διακύπτουσαν.</span> 
     </span>
    </p>
   </div>
   <div class='ocr_carea' id='block_1_85' title="bbox 2113 4231 3670 4315">
    <p class='ocr_par' dir='ltr' id='par_1_85' title="bbox 2113 4231 3670 4315">
     <span class='ocr_line' id='line_1_85' title="bbox 2113 4231 3670 4315; baseline -0.01 -16"><span class='ocrx_word' id='word_1_635' title='bbox 2113 4247 2223 4300; x_wconf 77' lang='grc' dir='ltr'><strong><em>Καὶ</em></strong></span> <span class='ocrx_word' id='word_1_636' title='bbox 2252 4245 2353 4315; x_wconf 80' lang='grc' dir='ltr'><strong><em>γὰρ</em></strong></span> <span class='ocrx_word' id='word_1_637' title='bbox 2401 4245 2430 4298; x_wconf 82' lang='grc' dir='ltr'><strong>ὁ</strong></span> <span class='ocrx_word' id='word_1_638' title='bbox 2478 4243 2677 4312; x_wconf 86' lang='grc' dir='ltr'>Κύριος</span> <span class='ocrx_word' id='word_1_639' title='bbox 2733 4237 2935 4292; x_wconf 80' lang='grc' dir='ltr'>ἀνωθεν</span> <span class='ocrx_word' id='word_1_640' title='bbox 2977 4237 3076 4306; x_wconf 79' lang='grc' dir='ltr'>τὴν</span> <span class='ocrx_word' id='word_1_641' title='bbox 3121 4233 3286 4288; x_wconf 84' lang='grc' dir='ltr'>αὑτοῦ</span> <span class='ocrx_word' id='word_1_642' title='bbox 3324 4231 3670 4300; x_wconf 84' lang='grc' dir='ltr'>δικαιοσύνην</span> 
     </span>
    </p>
   </div>
   <div class='ocr_carea' id='block_1_86' title="bbox 2113 4320 3668 4403">
    <p class='ocr_par' dir='ltr' id='par_1_86' title="bbox 2113 4320 3668 4403">
     <span class='ocr_line' id='line_1_86' title="bbox 2113 4320 3668 4403; baseline -0.012 -13"><span class='ocrx_word' id='word_1_643' title='bbox 2113 4334 2546 4402; x_wconf 69' lang='grc' dir='ltr'>ἐπιδεικνύμενος</span> <span class='ocrx_word' id='word_1_644' title='bbox 2584 4333 2695 4403; x_wconf 78' lang='grc' dir='ltr'>τοῖς</span> <span class='ocrx_word' id='word_1_645' title='bbox 2724 4328 2888 4393; x_wconf 80' lang='grc' dir='ltr'>ἀξίως</span> <span class='ocrx_word' id='word_1_646' title='bbox 2909 4327 3214 4396; x_wconf 77' lang='grc' dir='ltr'>αἰτήσασιν,</span> <span class='ocrx_word' id='word_1_647' title='bbox 3239 4322 3406 4377; x_wconf 77' lang='grc' dir='ltr'>ῑδωκε</span> <span class='ocrx_word' id='word_1_648' title='bbox 3429 4320 3668 4392; x_wconf 76' lang='grc' dir='ltr'>χρηστό-</span> 
     </span>
    </p>
   </div>
   <div class='ocr_carea' id='block_1_87' title="bbox 2114 4414 3662 4499">
    <p class='ocr_par' dir='ltr' id='par_1_87' title="bbox 2114 4414 3662 4499">
     <span class='ocr_line' id='line_1_87' title="bbox 2114 4414 3662 4499; baseline -0.012 -17"><span class='ocrx_word' id='word_1_649' title='bbox 2114 4445 2283 4499; x_wconf 86' lang='grc' dir='ltr'>τητα,</span> <span class='ocrx_word' id='word_1_650' title='bbox 2312 4427 2371 4477; x_wconf 81' lang='grc' dir='ltr'>τὸ</span> <span class='ocrx_word' id='word_1_651' title='bbox 2398 4424 2543 4493; x_wconf 81' lang='grc' dir='ltr'>ῥῆμα</span> <span class='ocrx_word' id='word_1_652' title='bbox 2585 4420 2683 4486; x_wconf 84' lang='grc' dir='ltr'>τῆς</span> <span class='ocrx_word' id='word_1_653' title='bbox 2728 4419 2876 4481; x_wconf 88' lang='grc' dir='ltr'>θείας</span> <span class='ocrx_word' id='word_1_654' title='bbox 2906 4414 3231 4485; x_wconf 71' lang='grc' dir='ltr'>ἐπαγγελίας</span> <span class='ocrx_word' id='word_1_655' title='bbox 3277 4414 3662 4484; x_wconf 76' lang='grc' dir='ltr'>χρηματίζων·</span> 
     </span>
    </p>
   </div>
   <div class='ocr_carea' id='block_1_88' title="bbox 472 4504 2020 4587">
    <p class='ocr_par' dir='ltr' id='par_1_88' title="bbox 472 4516 2014 4587">
     <span class='ocr_line' id='line_1_88' title="bbox 472 4516 2014 4587; baseline 0.001 -16"><span class='ocrx_word' id='word_1_656' title='bbox 472 4518 638 4585; x_wconf 87' lang='lat' dir='ltr'><strong><em>ducit,</em></strong></span> <span class='ocrx_word' id='word_1_657' title='bbox 667 4533 894 4586; x_wconf 87' lang='lat' dir='ltr'><strong><em>eamque</em></strong></span> <span class='ocrx_word' id='word_1_658' title='bbox 929 4518 1139 4576; x_wconf 68' lang='lat' dir='ltr'><strong><em>culmis</em></strong></span> <span class='ocrx_word' id='word_1_659' title='bbox 1173 4516 1489 4571; x_wconf 87' lang='lat' dir='ltr'><strong><em>mortalibus</em></strong></span> <span class='ocrx_word' id='word_1_660' title='bbox 1531 4517 1827 4570; x_wconf 88' lang='lat' dir='ltr'><strong><em>animatum</em></strong></span> <span class='ocrx_word' id='word_1_661' title='bbox 1854 4527 2014 4587; x_wconf 89' lang='lat' dir='ltr'><strong><em>atque</em></strong></span> 
     </span>
    </p>
   </div>
   <div class='ocr_carea' id='block_1_89' title="bbox 2121 4504 3669 4587">
    <p class='ocr_par' dir='ltr' id='par_1_89' title="bbox 2121 4504 3669 4577">
     <span class='ocr_line' id='line_1_89' title="bbox 2121 4504 3669 4577; baseline -0.012 -5"><span class='ocrx_word' id='word_1_662' title='bbox 2121 4522 2283 4572; x_wconf 81' lang='grc' dir='ltr'>Ἀννα</span> <span class='ocrx_word' id='word_1_663' title='bbox 2309 4516 2364 4567; x_wconf 83' lang='grc' dir='ltr'>δὲ</span> <span class='ocrx_word' id='word_1_664' title='bbox 2394 4514 2571 4566; x_wconf 82' lang='grc' dir='ltr'>πίστει</span> <span class='ocrx_word' id='word_1_665' title='bbox 2595 4509 2750 4563; x_wconf 90' lang='grc' dir='ltr'>τοῦτο</span> <span class='ocrx_word' id='word_1_666' title='bbox 2775 4506 3176 4577; x_wconf 76' lang='grc' dir='ltr'>καταδεξαμένη</span> <span class='ocrx_word' id='word_1_667' title='bbox 3203 4546 3216 4570; x_wconf 92' lang='grc'><strong><em>,</em></strong></span> <span class='ocrx_word' id='word_1_668' title='bbox 3250 4504 3435 4574; x_wconf 73' lang='grc' dir='ltr'>ὥσπερ</span> <span class='ocrx_word' id='word_1_669' title='bbox 3467 4505 3530 4557; x_wconf 73' lang='grc' dir='ltr'>ἐκ</span> <span class='ocrx_word' id='word_1_670' title='bbox 3561 4505 3669 4574; x_wconf 83' lang='grc' dir='ltr'>γῆς</span> 
     </span>
    </p>
   </div>
   <div class='ocr_carea' id='block_1_90' title="bbox 471 4606 2017 4676">
    <p class='ocr_par' dir='ltr' id='par_1_90' title="bbox 471 4606 2017 4676">
     <span class='ocr_line' id='line_1_90' title="bbox 471 4606 2017 4676; baseline 0.001 -14"><span class='ocrx_word' id='word_1_671' title='bbox 471 4609 739 4662; x_wconf 80' lang='lat' dir='ltr'><strong><em>viventem</em></strong></span> <span class='ocrx_word' id='word_1_672' title='bbox 785 4606 1028 4662; x_wconf 73' lang='lat' dir='ltr'><strong><em>fructum</em></strong></span> <span class='ocrx_word' id='word_1_673' title='bbox 1053 4607 1322 4676; x_wconf 79' lang='lat' dir='ltr'><strong><em>producit.</em></strong></span> <span class='ocrx_word' id='word_1_674' title='bbox 1366 4606 1536 4660; x_wconf 85' lang='lat' dir='ltr'><strong><em>llodie</em></strong></span> <span class='ocrx_word' id='word_1_675' title='bbox 1567 4621 1687 4675; x_wconf 76' lang='lat' dir='ltr'><strong><em>quae</em></strong></span> <span class='ocrx_word' id='word_1_676' title='bbox 1723 4607 1892 4663; x_wconf 82' lang='lat' dir='ltr'><strong><em>Mater</em></strong></span> <span class='ocrx_word' id='word_1_677' title='bbox 1921 4609 2017 4664; x_wconf 89' lang='lat' dir='ltr'><strong><em>Dei</em></strong></span> 
     </span>
    </p>
   </div>
   <div class='ocr_carea' id='block_1_91' title="bbox 470 4697 2015 4769">
    <p class='ocr_par' dir='ltr' id='par_1_91' title="bbox 470 4697 2015 4769">
     <span class='ocr_line' id='line_1_91' title="bbox 470 4697 2015 4769; baseline -0.002 -13"><span class='ocrx_word' id='word_1_678' title='bbox 470 4703 764 4756; x_wconf 86' lang='lat' dir='ltr'><strong><em>secundum</em></strong></span> <span class='ocrx_word' id='word_1_679' title='bbox 797 4699 1172 4768; x_wconf 86' lang='lat' dir='ltr'><strong><em>carnem,ejus</em></strong></span> <span class='ocrx_word' id='word_1_680' title='bbox 1193 4710 1321 4754; x_wconf 87' lang='lat' dir='ltr'><strong><em>vero</em></strong></span> <span class='ocrx_word' id='word_1_681' title='bbox 1347 4697 1468 4752; x_wconf 80' lang='lat' dir='ltr'><strong><em>lilia&#39;</em></strong></span> <span class='ocrx_word' id='word_1_682' title='bbox 1505 4697 1803 4752; x_wconf 83' lang='lat' dir='ltr'><strong><em>secundum</em></strong></span> <span class='ocrx_word' id='word_1_683' title='bbox 1854 4700 2015 4769; x_wconf 89' lang='lat' dir='ltr'><strong><em>spiri-</em></strong></span> 
     </span>
    </p>
   </div>
   <div class='ocr_carea' id='block_1_92' title="bbox 471 4788 2017 4857">
    <p class='ocr_par' dir='ltr' id='par_1_92' title="bbox 471 4788 2017 4857">
     <span class='ocr_line' id='line_1_92' title="bbox 471 4788 2017 4857; baseline -0.001 -11"><span class='ocrx_word' id='word_1_684' title='bbox 471 4802 584 4846; x_wconf 92' lang='lat' dir='ltr'><strong><em>tum</em></strong></span> <span class='ocrx_word' id='word_1_685' title='bbox 613 4790 1074 4854; x_wconf 82' lang='lat' dir='ltr'><strong><em>sanetiﬁcationis,</em></strong></span> <span class='ocrx_word' id='word_1_686' title='bbox 1104 4789 1405 4845; x_wconf 87' lang='lat' dir='ltr'><strong><em>naturaiem</em></strong></span> <span class='ocrx_word' id='word_1_687' title='bbox 1435 4788 1657 4857; x_wconf 90' lang='lat' dir='ltr'><strong><em>suscipit</em></strong></span> <span class='ocrx_word' id='word_1_688' title='bbox 1683 4797 1882 4854; x_wconf 90' lang='lat' dir='ltr'><strong><em>ortum,</em></strong></span> <span class='ocrx_word' id='word_1_689' title='bbox 1920 4792 2017 4844; x_wconf 59' lang='lat' dir='ltr'><strong><em>ho.</em></strong></span> 
     </span>
    </p>
   </div>
   <div class='ocr_carea' id='block_1_93' title="bbox 472 4879 2008 4951">
    <p class='ocr_par' dir='ltr' id='par_1_93' title="bbox 472 4879 2008 4951">
     <span class='ocr_line' id='line_1_93' title="bbox 472 4879 2008 4951; baseline -0.001 -15"><span class='ocrx_word' id='word_1_690' title='bbox 472 4883 740 4949; x_wconf 84' lang='lat' dir='ltr'><strong><em>minisque</em></strong></span> <span class='ocrx_word' id='word_1_691' title='bbox 766 4882 893 4950; x_wconf 82' lang='lat' dir='ltr'><strong><em>lilia,</em></strong></span> <span class='ocrx_word' id='word_1_692' title='bbox 933 4898 1051 4951; x_wconf 74' lang='lat' dir='ltr'><strong><em>quae</em></strong></span> <span class='ocrx_word' id='word_1_693' title='bbox 1073 4881 1231 4951; x_wconf 80' lang='lat' dir='ltr'><strong><em>Regis</em></strong></span> <span class='ocrx_word' id='word_1_694' title='bbox 1256 4881 1433 4950; x_wconf 80' lang='lat' dir='ltr'><strong><em>magni</em></strong></span> <span class='ocrx_word' id='word_1_695' title='bbox 1466 4879 1576 4934; x_wconf 83' lang='lat' dir='ltr'><strong><em>ﬁlia</em></strong></span> <span class='ocrx_word' id='word_1_696' title='bbox 1600 4880 1690 4944; x_wconf 91' lang='lat' dir='ltr'><strong><em>sit,</em></strong></span> <span class='ocrx_word' id='word_1_697' title='bbox 1724 4881 1967 4934; x_wconf 86' lang='lat' dir='ltr'><strong><em>noscitur</em></strong></span> <span class='ocrx_word' id='word_1_698' title='bbox 1997 4899 2008 4934; x_wconf 97' lang='lat'>:</span> 
     </span>
    </p>
   </div>
   <div class='ocr_carea' id='block_1_94' title="bbox 472 4972 2011 5042">
    <p class='ocr_par' dir='ltr' id='par_1_94' title="bbox 472 4972 2011 5042">
     <span class='ocr_line' id='line_1_94' title="bbox 472 4972 2011 5042; baseline 0.001 -17"><span class='ocrx_word' id='word_1_699' title='bbox 472 4989 535 5027; x_wconf 87' lang='lat' dir='ltr'><strong><em>ac</em></strong></span> <span class='ocrx_word' id='word_1_700' title='bbox 555 4989 673 5042; x_wconf 71' lang='lat' dir='ltr'><strong><em>qua:</em></strong></span> <span class='ocrx_word' id='word_1_701' title='bbox 701 4993 729 5026; x_wconf 88' lang='lat' dir='ltr'><strong><em>a</em></strong></span> <span class='ocrx_word' id='word_1_702' title='bbox 752 4973 953 5027; x_wconf 76' lang='lat' dir='ltr'><strong><em>dextris</em></strong></span> <span class='ocrx_word' id='word_1_703' title='bbox 970 4974 1165 5027; x_wconf 91' lang='lat' dir='ltr'><strong><em>summi</em></strong></span> <span class='ocrx_word' id='word_1_704' title='bbox 1194 4973 1434 5026; x_wconf 89' lang='lat' dir='ltr'><strong><em>omnium</em></strong></span> <span class='ocrx_word' id='word_1_705' title='bbox 1484 4973 1624 5042; x_wconf 78' lang='lat' dir='ltr'><strong><em>regis</em></strong></span> <span class='ocrx_word' id='word_1_706' title='bbox 1659 4972 1709 5026; x_wconf 91' lang='lat' dir='ltr'><strong><em>in</em></strong></span> <span class='ocrx_word' id='word_1_707' title='bbox 1737 4973 1889 5026; x_wconf 82' lang='lat' dir='ltr'><strong><em>ccelis</em></strong></span> <span class='ocrx_word' id='word_1_708' title='bbox 1923 4987 2011 5026; x_wconf 87' lang='lat' dir='ltr'><strong><em>rc-</em></strong></span> 
     </span>
    </p>
   </div>
   <div class='ocr_carea' id='block_1_95' title="bbox 471 5061 2012 5133">
    <p class='ocr_par' dir='ltr' id='par_1_95' title="bbox 471 5061 2012 5133">
     <span class='ocr_line' id='line_1_95' title="bbox 471 5061 2012 5133; baseline -0.001 -16"><span class='ocrx_word' id='word_1_709' title='bbox 471 5067 592 5132; x_wconf 68' lang='lat' dir='ltr'><strong><em>pina</em></strong></span> <span class='ocrx_word' id='word_1_710' title='bbox 617 5064 840 5116; x_wconf 86' lang='lat' dir='ltr'><strong><em>astitura</em></strong></span> <span class='ocrx_word' id='word_1_711' title='bbox 857 5071 958 5127; x_wconf 88' lang='lat' dir='ltr'><strong><em>est,</em></strong></span> <span class='ocrx_word' id='word_1_712' title='bbox 994 5062 1048 5116; x_wconf 89' lang='lat' dir='ltr'><strong><em>in</em></strong></span> <span class='ocrx_word' id='word_1_713' title='bbox 1076 5071 1214 5116; x_wconf 90' lang='lat' dir='ltr'><strong><em>terra</em></strong></span> <span class='ocrx_word' id='word_1_714' title='bbox 1243 5064 1350 5131; x_wconf 90' lang='lat' dir='ltr'><strong><em>jam</em></strong></span> <span class='ocrx_word' id='word_1_715' title='bbox 1372 5072 1528 5133; x_wconf 85' lang='lat' dir='ltr'><strong><em>partu</em></strong></span> <span class='ocrx_word' id='word_1_716' title='bbox 1601 5061 1800 5127; x_wconf 87' lang='lat' dir='ltr'><strong><em>editur,</em></strong></span> <span class='ocrx_word' id='word_1_717' title='bbox 1827 5062 2012 5115; x_wconf 86' lang='lat' dir='ltr'><strong><em>obste-</em></strong></span> 
     </span>
    </p>
   </div>
   <div class='ocr_carea' id='block_1_96' title="bbox 473 5150 2011 5222">
    <p class='ocr_par' dir='ltr' id='par_1_96' title="bbox 473 5150 2011 5222">
     <span class='ocr_line' id='line_1_96' title="bbox 473 5150 2011 5222; baseline -0.001 -17"><span class='ocrx_word' id='word_1_718' title='bbox 473 5157 703 5208; x_wconf 75' lang='lat' dir='ltr'><strong><em>tricante</em></strong></span> <span class='ocrx_word' id='word_1_719' title='bbox 748 5169 907 5207; x_wconf 88' lang='lat' dir='ltr'><strong><em>manu</em></strong></span> <span class='ocrx_word' id='word_1_720' title='bbox 952 5155 1267 5222; x_wconf 89' lang='lat' dir='ltr'><strong><em>suscipitur,</em></strong></span> <span class='ocrx_word' id='word_1_721' title='bbox 1302 5155 1454 5222; x_wconf 84' lang='lat' dir='ltr'><strong><em>aquis</em></strong></span> <span class='ocrx_word' id='word_1_722' title='bbox 1501 5153 1757 5215; x_wconf 82' lang='lat' dir='ltr'><strong><em>abluitur,</em></strong></span> <span class='ocrx_word' id='word_1_723' title='bbox 1819 5150 2011 5218; x_wconf 88' lang='lat' dir='ltr'><strong><em>pannis</em></strong></span> 
     </span>
    </p>
   </div>
   <div class='ocr_carea' id='block_1_97' title="bbox 471 5244 2010 5309">
    <p class='ocr_par' dir='ltr' id='par_1_97' title="bbox 471 5244 2010 5309">
     <span class='ocr_line' id='line_1_97' title="bbox 471 5244 2010 5309; baseline -0.001 -13"><span class='ocrx_word' id='word_1_724' title='bbox 471 5244 786 5307; x_wconf 84' lang='lat' dir='ltr'><strong><em>im&#39;olvilur,</em></strong></span> <span class='ocrx_word' id='word_1_725' title='bbox 807 5245 1175 5298; x_wconf 83' lang='lat' dir='ltr'><strong><em>acinfantibus</em></strong></span> <span class='ocrx_word' id='word_1_726' title='bbox 1194 5244 1373 5297; x_wconf 86' lang='lat' dir='ltr'><strong><em>debita</em></strong></span> <span class='ocrx_word' id='word_1_727' title='bbox 1401 5259 1529 5297; x_wconf 81' lang='lat' dir='ltr'><strong><em>cura</em></strong></span> <span class='ocrx_word' id='word_1_728' title='bbox 1549 5244 1792 5296; x_wconf 81' lang='lat' dir='ltr'><strong><em>fovetur:</em></strong></span> <span class='ocrx_word' id='word_1_729' title='bbox 1825 5251 2010 5309; x_wconf 85' lang='lat' dir='ltr'><strong><em>etquae</em></strong></span> 
     </span>
    </p>
   </div>
   <div class='ocr_carea' id='block_1_98' title="bbox 469 5335 2007 5404">
    <p class='ocr_par' dir='ltr' id='par_1_98' title="bbox 469 5335 2007 5404">
     <span class='ocr_line' id='line_1_98' title="bbox 469 5335 2007 5404; baseline 0.001 -20"><span class='ocrx_word' id='word_1_730' title='bbox 469 5335 717 5402; x_wconf 61' lang='lat' dir='ltr'><strong><em>\‘irgiuali</em></strong></span> <span class='ocrx_word' id='word_1_731' title='bbox 751 5335 869 5389; x_wconf 86' lang='lat' dir='ltr'><strong><em>sinu</em></strong></span> <span class='ocrx_word' id='word_1_732' title='bbox 910 5337 1218 5404; x_wconf 76' lang='lat' dir='ltr'><strong><em>amplexum</em></strong></span> <span class='ocrx_word' id='word_1_733' title='bbox 1279 5343 1639 5401; x_wconf 72' lang='lat' dir='ltr'><strong><em>exspectatur,</em></strong></span> <span class='ocrx_word' id='word_1_734' title='bbox 1692 5335 1862 5402; x_wconf 69' lang='lat' dir='ltr'><strong><em>ipsum</em></strong></span> <span class='ocrx_word' id='word_1_735' title='bbox 1915 5336 2007 5401; x_wconf 85' lang='lat' dir='ltr'><strong><em>qui</em></strong></span> 
     </span>
    </p>
   </div>
   <div class='ocr_carea' id='block_1_99' title="bbox 470 5425 2010 5486">
    <p class='ocr_par' dir='ltr' id='par_1_99' title="bbox 470 5425 2010 5486">
     <span class='ocr_line' id='line_1_99' title="bbox 470 5425 2010 5486; baseline 0.001 -10"><span class='ocrx_word' id='word_1_736' title='bbox 470 5425 664 5478; x_wconf 65' lang='lat' dir='ltr'><strong><em>caelum</em></strong></span> <span class='ocrx_word' id='word_1_737' title='bbox 732 5428 975 5480; x_wconf 76' lang='lat' dir='ltr'><strong><em>continet</em></strong></span> <span class='ocrx_word' id='word_1_738' title='bbox 1036 5443 1097 5480; x_wconf 83' lang='lat' dir='ltr'><strong><em>ac</em></strong></span> <span class='ocrx_word' id='word_1_739' title='bbox 1151 5429 1337 5486; x_wconf 65' lang='lat' dir='ltr'><strong><em>&quot;cum,</em></strong></span> <span class='ocrx_word' id='word_1_740' title='bbox 1388 5426 1650 5477; x_wconf 78' lang='lat' dir='ltr'><strong><em>senilibus</em></strong></span> <span class='ocrx_word' id='word_1_741' title='bbox 1699 5426 1836 5477; x_wconf 87' lang='lat' dir='ltr'><strong><em>ulnis</em></strong></span> <span class='ocrx_word' id='word_1_742' title='bbox 1867 5439 2010 5477; x_wconf 83' lang='lat' dir='ltr'><strong><em>nunc</em></strong></span> 
     </span>
    </p>
   </div>
   <div class='ocr_carea' id='block_1_100' title="bbox 471 5514 2006 5584">
    <p class='ocr_par' dir='ltr' id='par_1_100' title="bbox 471 5514 2006 5584">
     <span class='ocr_line' id='line_1_100' title="bbox 471 5514 2006 5584; baseline -0.001 -18"><span class='ocrx_word' id='word_1_743' title='bbox 471 5514 785 5584; x_wconf 81' lang='lat' dir='ltr'><strong><em>stringitur;</em></strong></span> <span class='ocrx_word' id='word_1_744' title='bbox 818 5519 1114 5584; x_wconf 73' lang='lat' dir='ltr'><strong><em>scniliuquc</em></strong></span> <span class='ocrx_word' id='word_1_745' title='bbox 1140 5519 1246 5584; x_wconf 74' lang='lat' dir='ltr'><strong><em>jam</em></strong></span> <span class='ocrx_word' id='word_1_746' title='bbox 1280 5530 1342 5566; x_wconf 78' lang='lat' dir='ltr'><strong><em>ac</em></strong></span> <span class='ocrx_word' id='word_1_747' title='bbox 1383 5524 1619 5568; x_wconf 80' lang='lat' dir='ltr'><strong><em>materna</em></strong></span> <span class='ocrx_word' id='word_1_748' title='bbox 1649 5517 1782 5584; x_wconf 76' lang='lat' dir='ltr'><strong><em>fugit</em></strong></span> <span class='ocrx_word' id='word_1_749' title='bbox 1821 5514 2006 5575; x_wconf 81' lang='lat' dir='ltr'><strong><em>ubera,</em></strong></span> 
     </span>
    </p>
   </div>
   <div class='ocr_carea' id='block_1_101' title="bbox 471 5603 2009 5675">
    <p class='ocr_par' dir='ltr' id='par_1_101' title="bbox 471 5603 2009 5675">
     <span class='ocr_line' id='line_1_101' title="bbox 471 5603 2009 5675; baseline -0.002 -17"><span class='ocrx_word' id='word_1_750' title='bbox 471 5623 585 5674; x_wconf 60' lang='lat' dir='ltr'><strong><em>quae</em></strong></span> <span class='ocrx_word' id='word_1_751' title='bbox 611 5610 831 5675; x_wconf 68' lang='lat' dir='ltr'><strong><em>posthac</em></strong></span> <span class='ocrx_word' id='word_1_752' title='bbox 859 5610 1037 5660; x_wconf 69' lang='lat' dir='ltr'><strong><em>divina</em></strong></span> <span class='ocrx_word' id='word_1_753' title='bbox 1065 5608 1293 5673; x_wconf 71' lang='lat' dir='ltr'><strong><em>quadam</em></strong></span> <span class='ocrx_word' id='word_1_754' title='bbox 1318 5603 1517 5655; x_wconf 68' lang='lat' dir='ltr'><strong><em>ratione</em></strong></span> <span class='ocrx_word' id='word_1_755' title='bbox 1546 5622 1668 5657; x_wconf 85' lang='lat' dir='ltr'><strong><em>eum</em></strong></span> <span class='ocrx_word' id='word_1_756' title='bbox 1693 5606 1782 5673; x_wconf 84' lang='lat' dir='ltr'><strong><em>qui</em></strong></span> <span class='ocrx_word' id='word_1_757' title='bbox 1800 5603 2009 5657; x_wconf 74' lang='lat' dir='ltr'><strong><em>cunctis</em></strong></span> 
     </span>
    </p>
   </div>
   <div class='ocr_carea' id='block_1_102' title="bbox 467 5697 1512 5763">
    <p class='ocr_par' dir='ltr' id='par_1_102' title="bbox 467 5697 1512 5763">
     <span class='ocr_line' id='line_1_102' title="bbox 467 5697 1512 5763; baseline -0.005 -12"><span class='ocrx_word' id='word_1_758' title='bbox 467 5700 791 5752; x_wconf 64' lang='lat' dir='ltr'><strong><em>animalibus</em></strong></span> <span class='ocrx_word' id='word_1_759' title='bbox 826 5720 897 5748; x_wconf 66' lang='grc' dir='ltr'>νο(</span> <span class='ocrx_word' id='word_1_760' title='bbox 920 5717 1001 5748; x_wconf 83' lang='lat' dir='ltr'><strong><em>Jlll</em></strong></span> <span class='ocrx_word' id='word_1_761' title='bbox 1037 5698 1255 5763; x_wconf 62' lang='grc' dir='ltr'>ιιι-δεινοί,</span> <span class='ocrx_word' id='word_1_762' title='bbox 1281 5698 1343 5747; x_wconf 70' lang='lat' dir='ltr'><strong><em>Im</em></strong></span> <span class='ocrx_word' id='word_1_763' title='bbox 1366 5697 1512 5747; x_wconf 66' lang='lat' dir='ltr'><strong><em>tavit.</em></strong></span> 
     </span>
    </p>
   </div>
   <div class='ocr_carea' id='block_1_103' title="bbox 542 5808 1532 5878">
    <p class='ocr_par' dir='ltr' id='par_1_103' title="bbox 542 5808 1532 5878">
     <span class='ocr_line' id='line_1_103' title="bbox 542 5808 1532 5878; baseline 0.004 -20"><span class='ocrx_word' id='word_1_764' title='bbox 542 5808 726 5874; x_wconf 48' lang='lat' dir='ltr'><strong><em>“,RC-g</em></strong></span> <span class='ocrx_word' id='word_1_765' title='bbox 775 5827 806 5858; x_wconf 85' lang='grc' dir='ltr'>ι.</span> <span class='ocrx_word' id='word_1_766' title='bbox 849 5810 896 5857; x_wconf 80' lang='grc' dir='ltr'>Η</span> <span class='ocrx_word' id='word_1_767' title='bbox 927 5841 962 5862; x_wconf 65' lang='grc' dir='ltr'>σε</span> <span class='ocrx_word' id='word_1_768' title='bbox 986 5829 1069 5878; x_wconf 64' lang='grc' dir='ltr'><strong><em>(Ν.</em></strong></span> <span class='ocrx_word' id='word_1_769' title='bbox 1111 5816 1145 5838; x_wconf 73' lang='grc'><strong><em>¹·’</em></strong></span> <span class='ocrx_word' id='word_1_770' title='bbox 1176 5811 1309 5863; x_wconf 59' lang='lat' dir='ltr'><strong><em>imi.</em></strong></span> <span class='ocrx_word' id='word_1_771' title='bbox 1350 5829 1415 5874; x_wconf 57' lang='grc' dir='ltr'><strong><em>(Α,</em></strong></span> <span class='ocrx_word' id='word_1_772' title='bbox 1448 5810 1532 5862; x_wconf 64' lang='lat'><strong><em>“3.3.</em></strong></span> 
     </span>
    </p>
   </div>
   <div class='ocr_carea' id='block_1_104' title="bbox 1631 5812 2064 5881">
    <p class='ocr_par' dir='ltr' id='par_1_104' title="bbox 1631 5812 2064 5881">
     <span class='ocr_line' id='line_1_104' title="bbox 1631 5812 2064 5881; baseline 0 -16"><span class='ocrx_word' id='word_1_773' title='bbox 1631 5818 1669 5842; x_wconf 73' lang='lat'>&quot;‘</span> <span class='ocrx_word' id='word_1_774' title='bbox 1709 5815 1843 5881; x_wconf 68' lang='lat' dir='ltr'><strong><em>Eph.</em></strong></span> <span class='ocrx_word' id='word_1_775' title='bbox 1879 5830 1960 5879; x_wconf 82' lang='grc' dir='ltr'>ιιι,</span> <span class='ocrx_word' id='word_1_776' title='bbox 1978 5812 2064 5866; x_wconf 75' lang='lat'><strong><em>‘20.</em></strong></span> 
     </span>
    </p>
   </div>
   <div class='ocr_carea' id='block_1_105' title="bbox 2119 4595 3670 4678">
    <p class='ocr_par' dir='ltr' id='par_1_105' title="bbox 2119 4595 3670 4678">
     <span class='ocr_line' id='line_1_105' title="bbox 2119 4595 3670 4678; baseline -0.01 -16"><span class='ocrx_word' id='word_1_777' title='bbox 2119 4610 2218 4678; x_wconf 81' lang='grc' dir='ltr'>τῆς</span> <span class='ocrx_word' id='word_1_778' title='bbox 2241 4605 2443 4665; x_wconf 72' lang='grc' dir='ltr'>οἰκείας</span> <span class='ocrx_word' id='word_1_779' title='bbox 2500 4603 2710 4673; x_wconf 80' lang='grc' dir='ltr'>μήτρας</span> <span class='ocrx_word' id='word_1_780' title='bbox 2747 4602 2844 4669; x_wconf 84' lang='grc' dir='ltr'>τὴν</span> <span class='ocrx_word' id='word_1_781' title='bbox 2887 4597 3356 4670; x_wconf 71' lang='grc' dir='ltr'>χρησμῳδοθεϊσαν</span> <span class='ocrx_word' id='word_1_782' title='bbox 3405 4595 3670 4665; x_wconf 82' lang='grc' dir='ltr'>ἀλήθειαν</span> 
     </span>
    </p>
   </div>
   <div class='ocr_carea' id='block_1_106' title="bbox 2118 4686 3668 4766">
    <p class='ocr_par' dir='ltr' id='par_1_106' title="bbox 2118 4686 3668 4766">
     <span class='ocr_line' id='line_1_106' title="bbox 2118 4686 3668 4766; baseline -0.007 -14"><span class='ocrx_word' id='word_1_783' title='bbox 2118 4700 2344 4766; x_wconf 82' lang='grc' dir='ltr'>ἀνίσχει,</span> <span class='ocrx_word' id='word_1_784' title='bbox 2379 4694 2471 4747; x_wconf 70' lang='grc' dir='ltr'>καὶ</span> <span class='ocrx_word' id='word_1_785' title='bbox 2522 4692 2721 4764; x_wconf 88' lang='grc' dir='ltr'>ταύτην</span> <span class='ocrx_word' id='word_1_786' title='bbox 2751 4694 2914 4745; x_wconf 79' lang='grc' dir='ltr'>πᾶσιν</span> <span class='ocrx_word' id='word_1_787' title='bbox 2970 4688 3268 4758; x_wconf 79' lang='grc' dir='ltr'>ἀνθρώποις</span> <span class='ocrx_word' id='word_1_788' title='bbox 3299 4686 3538 4757; x_wconf 73' lang='grc' dir='ltr'>ἔμψυχον</span> <span class='ocrx_word' id='word_1_789' title='bbox 3568 4688 3668 4741; x_wconf 77' lang='grc' dir='ltr'>καὶ</span> 
     </span>
    </p>
   </div>
   <div class='ocr_carea' id='block_1_107' title="bbox 2118 4776 3668 4858">
    <p class='ocr_par' dir='ltr' id='par_1_107' title="bbox 2118 4776 3668 4858">
     <span class='ocr_line' id='line_1_107' title="bbox 2118 4776 3668 4858; baseline -0.008 -17"><span class='ocrx_word' id='word_1_790' title='bbox 2118 4790 2290 4854; x_wconf 79' lang='grc' dir='ltr'>ζῶντα</span> <span class='ocrx_word' id='word_1_791' title='bbox 2306 4785 2591 4858; x_wconf 75' lang='grc' dir='ltr'>προϐάλλει</span> <span class='ocrx_word' id='word_1_792' title='bbox 2611 4784 2839 4854; x_wconf 83' lang='grc' dir='ltr'>καρπόν.</span> <span class='ocrx_word' id='word_1_793' title='bbox 2864 4783 3105 4852; x_wconf 77' lang='grc' dir='ltr'>Σήμερον</span> <span class='ocrx_word' id='word_1_794' title='bbox 3128 4781 3159 4850; x_wconf 77' lang='grc' dir='ltr'>ἡ</span> <span class='ocrx_word' id='word_1_795' title='bbox 3181 4781 3380 4848; x_wconf 84' lang='grc' dir='ltr'>Μήτηρ</span> <span class='ocrx_word' id='word_1_796' title='bbox 3405 4778 3504 4846; x_wconf 84' lang='grc' dir='ltr'>μὲν</span> <span class='ocrx_word' id='word_1_797' title='bbox 3528 4776 3668 4830; x_wconf 75' lang='grc' dir='ltr'>Θεοῦ</span> 
     </span>
    </p>
   </div>
   <div class='ocr_carea' id='block_1_108' title="bbox 2118 4868 3666 4948">
    <p class='ocr_par' dir='ltr' id='par_1_108' title="bbox 2118 4868 3666 4948">
     <span class='ocr_line' id='line_1_108' title="bbox 2118 4868 3666 4948; baseline -0.01 -13"><span class='ocrx_word' id='word_1_798' title='bbox 2118 4879 2257 4934; x_wconf 79' lang='grc' dir='ltr'>κατὰ</span> <span class='ocrx_word' id='word_1_799' title='bbox 2303 4878 2499 4948; x_wconf 77' lang='grc' dir='ltr'>σάρκα,</span> <span class='ocrx_word' id='word_1_800' title='bbox 2547 4878 2788 4945; x_wconf 82' lang='grc' dir='ltr'>Θυγάτηρ</span> <span class='ocrx_word' id='word_1_801' title='bbox 2840 4875 2894 4928; x_wconf 81' lang='grc' dir='ltr'>δὲ</span> <span class='ocrx_word' id='word_1_802' title='bbox 2931 4873 3071 4927; x_wconf 83' lang='grc' dir='ltr'>κατὰ</span> <span class='ocrx_word' id='word_1_803' title='bbox 3102 4872 3315 4941; x_wconf 87' lang='grc' dir='ltr'>πνεῦμα</span> <span class='ocrx_word' id='word_1_804' title='bbox 3356 4868 3666 4938; x_wconf 80' lang='grc' dir='ltr'>ἁγιωσύνης</span> 
     </span>
    </p>
   </div>
   <div class='ocr_carea' id='block_1_109' title="bbox 2113 4959 3666 5042">
    <p class='ocr_par' dir='ltr' id='par_1_109' title="bbox 2113 4959 3666 5042">
     <span class='ocr_line' id='line_1_109' title="bbox 2113 4959 3666 5042; baseline -0.008 -18"><span class='ocrx_word' id='word_1_805' title='bbox 2113 4973 2378 5042; x_wconf 80' lang='grc' dir='ltr'>ἐσομένη,</span> <span class='ocrx_word' id='word_1_806' title='bbox 2410 4969 2506 5041; x_wconf 83' lang='grc' dir='ltr'><strong><em>τὴν</em></strong></span> <span class='ocrx_word' id='word_1_807' title='bbox 2555 4969 2695 5022; x_wconf 84' lang='grc' dir='ltr'>κατὰ</span> <span class='ocrx_word' id='word_1_808' title='bbox 2725 4967 2879 5034; x_wconf 83' lang='grc' dir='ltr'>φύσιν</span> <span class='ocrx_word' id='word_1_809' title='bbox 2923 4964 3200 5037; x_wconf 76' lang='grc' dir='ltr'>προσίεται</span> <span class='ocrx_word' id='word_1_810' title='bbox 3245 4963 3514 5032; x_wconf 77' lang='grc' dir='ltr'>γέννησιν.</span> <span class='ocrx_word' id='word_1_811' title='bbox 3561 4959 3666 5023; x_wconf 63' lang='grc' dir='ltr'>καὶ</span> 
     </span>
    </p>
   </div>
   <div class='ocr_carea' id='block_1_110' title="bbox 2108 5051 3664 5132">
    <p class='ocr_par' dir='ltr' id='par_1_110' title="bbox 2108 5051 3664 5132">
     <span class='ocr_line' id='line_1_110' title="bbox 2108 5051 3664 5132; baseline -0.006 -18"><span class='ocrx_word' id='word_1_812' title='bbox 2108 5063 2345 5132; x_wconf 83' lang='grc' dir='ltr'>θυγάτηρ</span> <span class='ocrx_word' id='word_1_813' title='bbox 2377 5060 2658 5128; x_wconf 82' lang='grc' dir='ltr'>ἀνθρώπου</span> <span class='ocrx_word' id='word_1_814' title='bbox 2699 5059 3016 5127; x_wconf 78' lang='grc' dir='ltr'>γνωρίζεται</span> <span class='ocrx_word' id='word_1_815' title='bbox 3044 5057 3078 5125; x_wconf 78' lang='grc' dir='ltr'><strong><em>ή</em></strong></span> <span class='ocrx_word' id='word_1_816' title='bbox 3107 5055 3349 5125; x_wconf 82' lang='grc' dir='ltr'>θυγάτηρ</span> <span class='ocrx_word' id='word_1_817' title='bbox 3370 5052 3464 5106; x_wconf 89' lang='grc' dir='ltr'><strong><em>τοῦ</em></strong></span> <span class='ocrx_word' id='word_1_818' title='bbox 3496 5051 3664 5105; x_wconf 79' lang='grc' dir='ltr'>Βασι-</span> 
     </span>
    </p>
   </div>
   <div class='ocr_carea' id='block_1_111' title="bbox 2106 5143 3662 5222">
    <p class='ocr_par' dir='ltr' id='par_1_111' title="bbox 2106 5143 3662 5222">
     <span class='ocr_line' id='line_1_111' title="bbox 2106 5143 3662 5222; baseline -0.006 -17"><span class='ocrx_word' id='word_1_819' title='bbox 2106 5155 2236 5216; x_wconf 83' lang='grc' dir='ltr'>λέως</span> <span class='ocrx_word' id='word_1_820' title='bbox 2257 5155 2350 5206; x_wconf 84' lang='grc' dir='ltr'><strong><em>τοῦ</em></strong></span> <span class='ocrx_word' id='word_1_821' title='bbox 2385 5152 2616 5222; x_wconf 80' lang='grc' dir='ltr'>μεγάλου</span> <span class='ocrx_word' id='word_1_822' title='bbox 2637 5166 2648 5177; x_wconf 87' lang='grc'>·</span> <span class='ocrx_word' id='word_1_823' title='bbox 2683 5149 2820 5220; x_wconf 74' lang='grc' dir='ltr'>καὶὴ</span> <span class='ocrx_word' id='word_1_824' title='bbox 2845 5152 2907 5202; x_wconf 80' lang='grc' dir='ltr'>ὲκ</span> <span class='ocrx_word' id='word_1_825' title='bbox 2936 5147 3123 5214; x_wconf 77' lang='grc' dir='ltr'>δεξιῶν</span> <span class='ocrx_word' id='word_1_826' title='bbox 3144 5146 3236 5199; x_wconf 82' lang='grc' dir='ltr'><strong><em>τοῦ</em></strong></span> <span class='ocrx_word' id='word_1_827' title='bbox 3262 5143 3662 5215; x_wconf 65' lang='grc' dir='ltr'>Παμῦασιλάως</span> 
     </span>
    </p>
   </div>
   <div class='ocr_carea' id='block_1_112' title="bbox 2107 5229 3664 5312">
    <p class='ocr_par' dir='ltr' id='par_1_112' title="bbox 2107 5229 3664 5312">
     <span class='ocr_line' id='line_1_112' title="bbox 2107 5229 3664 5312; baseline -0.008 -14"><span class='ocrx_word' id='word_1_828' title='bbox 2107 5249 2162 5297; x_wconf 81' lang='grc' dir='ltr'>ἐν</span> <span class='ocrx_word' id='word_1_829' title='bbox 2194 5250 2300 5304; x_wconf 72' lang='grc' dir='ltr'>τοῖς</span> <span class='ocrx_word' id='word_1_830' title='bbox 2329 5244 2570 5312; x_wconf 82' lang='grc' dir='ltr'>οὐρανοῖς</span> <span class='ocrx_word' id='word_1_831' title='bbox 2617 5242 2904 5308; x_wconf 86' lang='grc' dir='ltr'>στήσεσθαι</span> <span class='ocrx_word' id='word_1_832' title='bbox 2936 5240 3198 5309; x_wconf 83' lang='grc' dir='ltr'>μέλλουσα</span> <span class='ocrx_word' id='word_1_833' title='bbox 3235 5238 3534 5308; x_wconf 83' lang='grc' dir='ltr'>βασίλισσα,</span> <span class='ocrx_word' id='word_1_834' title='bbox 3563 5229 3664 5287; x_wconf 67' lang='grc' dir='ltr'><strong><em>ἐπὶ</em></strong></span> 
     </span>
    </p>
   </div>
   <div class='ocr_carea' id='block_1_113' title="bbox 2106 5326 3662 5403">
    <p class='ocr_par' dir='ltr' id='par_1_113' title="bbox 2106 5326 3662 5403">
     <span class='ocr_line' id='line_1_113' title="bbox 2106 5326 3662 5403; baseline -0.006 -16"><span class='ocrx_word' id='word_1_835' title='bbox 2106 5337 2205 5403; x_wconf 81' lang='grc' dir='ltr'>γῆς</span> <span class='ocrx_word' id='word_1_836' title='bbox 2239 5335 2358 5399; x_wconf 82' lang='grc' dir='ltr'>ἄρτι</span> <span class='ocrx_word' id='word_1_837' title='bbox 2388 5332 2678 5401; x_wconf 83' lang='grc' dir='ltr'>λοχεύεται,</span> <span class='ocrx_word' id='word_1_838' title='bbox 2715 5331 2991 5400; x_wconf 82' lang='grc' dir='ltr'>μαιεύεται</span> <span class='ocrx_word' id='word_1_839' title='bbox 3011 5345 3025 5359; x_wconf 80' lang='grc'><strong><em>⁸</em></strong></span> <span class='ocrx_word' id='word_1_840' title='bbox 3057 5331 3208 5382; x_wconf 80' lang='grc' dir='ltr'>ὒδασι</span> <span class='ocrx_word' id='word_1_841' title='bbox 3233 5331 3520 5400; x_wconf 82' lang='grc' dir='ltr'>σμήχεται,</span> <span class='ocrx_word' id='word_1_842' title='bbox 3559 5326 3662 5397; x_wconf 76' lang='grc' dir='ltr'><strong><em>ρά-</em></strong></span> 
     </span>
    </p>
   </div>
   <div class='ocr_carea' id='block_1_114' title="bbox 2118 5415 3659 5506">
    <p class='ocr_par' dir='ltr' id='par_1_114' title="bbox 2118 5415 3659 5506">
     <span class='ocr_line' id='line_1_114' title="bbox 2118 5415 3659 5506; baseline -0.006 -29"><span class='ocrx_word' id='word_1_843' title='bbox 2118 5445 2231 5477; x_wconf 74' lang='grc' dir='ltr'>κεσι</span> <span class='ocrx_word' id='word_1_844' title='bbox 2277 5422 2705 5491; x_wconf 86' lang='grc' dir='ltr'>σπαργανοῦται·</span> <span class='ocrx_word' id='word_1_845' title='bbox 2744 5423 2838 5475; x_wconf 75' lang='grc' dir='ltr'>καὶ</span> <span class='ocrx_word' id='word_1_846' title='bbox 2882 5422 2978 5488; x_wconf 81' lang='grc' dir='ltr'><strong><em>τῆς</em></strong></span> <span class='ocrx_word' id='word_1_847' title='bbox 2999 5420 3398 5506; x_wconf 62' lang='grc' dir='ltr'><strong><em>νπροσηκούσης</em></strong></span> <span class='ocrx_word' id='word_1_848' title='bbox 3438 5415 3659 5485; x_wconf 73' lang='grc' dir='ltr'>νηπίοις</span> 
     </span>
    </p>
   </div>
   <div class='ocr_carea' id='block_1_115' title="bbox 2116 5507 3658 5580">
    <p class='ocr_par' dir='ltr' id='par_1_115' title="bbox 2116 5507 3658 5580">
     <span class='ocr_line' id='line_1_115' title="bbox 2116 5507 3658 5580; baseline -0.004 -15"><span class='ocrx_word' id='word_1_849' title='bbox 2116 5512 2420 5580; x_wconf 79' lang='grc' dir='ltr'>ἐπιμελείας</span> <span class='ocrx_word' id='word_1_850' title='bbox 2469 5507 2765 5576; x_wconf 72' lang='grc' dir='ltr'>ἀξιοῦται,</span> <span class='ocrx_word' id='word_1_851' title='bbox 2801 5512 2890 5563; x_wconf 74' lang='grc' dir='ltr'>καὶ</span> <span class='ocrx_word' id='word_1_852' title='bbox 2937 5512 2969 5578; x_wconf 86' lang='grc' dir='ltr'><strong><em>ή</em></strong></span> <span class='ocrx_word' id='word_1_853' title='bbox 3004 5510 3352 5580; x_wconf 79' lang='grc' dir='ltr'>παρθενικαῖς</span> <span class='ocrx_word' id='word_1_854' title='bbox 3386 5507 3658 5573; x_wconf 80' lang='grc' dir='ltr'>ἀγκάλαις</span> 
     </span>
    </p>
   </div>
   <div class='ocr_carea' id='block_1_116' title="bbox 2113 5598 3656 5672">
    <p class='ocr_par' dir='ltr' id='par_1_116' title="bbox 2113 5598 3656 5672">
     <span class='ocr_line' id='line_1_116' title="bbox 2113 5598 3656 5672; baseline -0.005 -15"><span class='ocrx_word' id='word_1_855' title='bbox 2113 5608 2200 5657; x_wconf 68' lang='grc' dir='ltr'>τὸν</span> <span class='ocrx_word' id='word_1_856' title='bbox 2229 5605 2320 5656; x_wconf 82' lang='grc' dir='ltr'><strong><em>τοῦ</em></strong></span> <span class='ocrx_word' id='word_1_857' title='bbox 2366 5606 2594 5672; x_wconf 75' lang='grc' dir='ltr'>οὐρανοῦ</span> <span class='ocrx_word' id='word_1_858' title='bbox 2646 5606 2862 5671; x_wconf 87' lang='grc' dir='ltr'>συνοχέα</span> <span class='ocrx_word' id='word_1_859' title='bbox 2903 5605 2994 5654; x_wconf 80' lang='grc' dir='ltr'><strong><em>καὶ</em></strong></span> <span class='ocrx_word' id='word_1_860' title='bbox 3017 5604 3146 5655; x_wconf 82' lang='grc' dir='ltr'>Θεὸν</span> <span class='ocrx_word' id='word_1_861' title='bbox 3196 5598 3656 5666; x_wconf 77' lang='grc' dir='ltr'>ὲναγκαλίσασθαι</span> 
     </span>
    </p>
   </div>
   <div class='ocr_carea' id='block_1_117' title="bbox 2117 5689 3653 5767">
    <p class='ocr_par' dir='ltr' id='par_1_117' title="bbox 2117 5689 3653 5767">
     <span class='ocr_line' id='line_1_117' title="bbox 2117 5689 3653 5767; baseline 0 -21"><span class='ocrx_word' id='word_1_862' title='bbox 2117 5700 2550 5767; x_wconf 71' lang='grc' dir='ltr'>προσδοκωμένη,</span> <span class='ocrx_word' id='word_1_863' title='bbox 2585 5697 2871 5764; x_wconf 74' lang='grc' dir='ltr'>γηραλὲαις</span> <span class='ocrx_word' id='word_1_864' title='bbox 2915 5696 3137 5758; x_wconf 74' lang='grc' dir='ltr'>ὠλέναις</span> <span class='ocrx_word' id='word_1_865' title='bbox 3189 5689 3653 5759; x_wconf 69' lang='grc' dir='ltr'>περιλαμόἀνέται</span> 
     </span>
    </p>
   </div>
   <div class='ocr_carea' id='block_1_118' title="bbox 2143 5811 2708 5878">
    <p class='ocr_par' dir='ltr' id='par_1_118' title="bbox 2143 5811 2708 5878">
     <span class='ocr_line' id='line_1_118' title="bbox 2143 5811 2708 5878; baseline -0.009 -11"><span class='ocrx_word' id='word_1_866' title='bbox 2143 5813 2181 5840; x_wconf 77' lang='grc'><strong><em>’⁷</em></strong></span> <span class='ocrx_word' id='word_1_867' title='bbox 2224 5813 2358 5867; x_wconf 80' lang='lat' dir='ltr'><strong><em>Psal.</em></strong></span> <span class='ocrx_word' id='word_1_868' title='bbox 2391 5831 2599 5878; x_wconf 71' lang='lat' dir='ltr'><strong><em>Lxxxiv,</em></strong></span> <span class='ocrx_word' id='word_1_869' title='bbox 2631 5811 2708 5863; x_wconf 71' lang='lat'><strong><em>12.</em></strong></span> 
     </span>
    </p>
   </div>
  </div>
