3950 6320
585 261 655 324 ετ
1169 218 1177 223 ’
1771 254 2058 316 meum
2095 205 2606 328 PAPIILAGONIS
3689 268 3763 332 ss

587 386 692 430 nec
711 369 996 433 triennem,
1014 363 1092 420 uti
1118 379 1175 420 se
1190 371 1316 419 voto
1335 363 1761 431 obstrinxerant,
1782 366 2011 422 hostiam
2031 368 2128 420 do-

2237 369 2530 442 προθυμίας
2550 388 2566 403 ·
2595 371 2695 436 ἕως
2725 372 2890 446 αὐτὴν
2905 376 3290 446 τριετίζουσαν,
3314 374 3489 441 καθὼς
3508 378 3759 453 ηὔξαντο,

591 477 828 531 numque
860 458 1173 513 obtulerunt
1204 457 1334 536 Deo.
1371 456 1481 510 Nos
1530 472 1660 512 vero
1708 457 1802 511 Dei
1845 457 2134 512 Genitricis

592 553 769 608 natale
795 549 953 604 hodie
981 549 1335 610 honoremus,
1364 563 1427 601 ac
1452 563 1558 616 prae
1582 547 1687 602 illis
1709 548 1908 618 majore
1937 548 2132 618 gaudio

589 643 941 704 exsultemus,
983 639 1305 710 spiritaliter
1352 639 1546 692 festum
1595 639 1930 695 celebrantes
1970 647 2133 708 atque

488 783 494 789 .
587 734 850 792 laetantes,
880 739 1082 800 quanto
1109 739 1164 784 et
1188 731 1442 799 majorem
1474 744 1542 782 ex
1565 729 1654 784 illa
1693 713 1976 783 utilitatem
2004 744 2134 783 con-

589 822 906 892 sequimur;
943 830 1145 890 quanto
1179 835 1323 874 nunc
1361 821 1549 891 magis,
1589 819 2028 890 splendidiusque
2069 837 2133 876 ac

586 915 878 985 perfectius
896 913 1063 984 gratia
1083 927 1179 981 per
1197 913 1290 967 Dei
1316 922 1590 982 parentem
1619 921 1867 968 coruscat
1899 927 1961 966 ac
1996 929 2135 982 prae-

541 1073 543 1076 .
590 1008 744 1060 nitet.
773 1004 1110 1059 Honoremus
1127 1019 1277 1066 vero,
1299 1004 1496 1058 nedum
1521 1005 1662 1073 quod
1693 1004 1896 1058 carnali
1922 1005 2132 1061 ratione

588 1113 654 1151 cx
673 1095 845 1150 sterili
869 1095 1150 1164 processit,
1169 1094 1263 1148 sed
1284 1096 1438 1162 longe
1464 1095 1631 1165 magis
1651 1095 1794 1164 quod
1814 1110 1879 1149 ex
1901 1111 2131 1165 superna

589 1186 756 1256 gratia
776 1185 966 1254 spiritu
995 1195 1116 1238 nata
1159 1194 1262 1244 est.
1290 1185 1475 1238 animo
1494 1184 1709 1252 quidem
1730 1184 2132 1239 considerantes

591 1286 752 1346 atque
775 1275 1037 1340 colentes,
1073 1276 1300 1330 canticis
1332 1292 1459 1328 vero
1491 1275 1806 1344 plaudentes
1837 1285 1894 1329 et
1923 1275 2120 1346 magni-

596 1365 819 1420 ﬁcantes
847 1379 912 1420 ac
964 1365 1333 1430 dilaudantes;
1370 1375 1635 1434 quatenus
1664 1365 1950 1434 purissima
1982 1365 2130 1420 omni

591 1455 696 1511 hoc
739 1466 897 1510 exuta
948 1456 1144 1509 seculo
1173 1495 1188 1516 ,
1219 1454 1697 1523 supercmlestique
1722 1453 1928 1523 Sponso
1965 1470 2133 1524 prope

591 1545 844 1614 adjuncta
873 1559 937 1597 ac
967 1559 1089 1598 cum
1123 1559 1187 1598 eo
1217 1544 1270 1596 in
1309 1543 1728 1598 sacratissimum
1765 1543 2122 1612 incorruptis-

591 1634 819 1703 simumq
829 1650 894 1688 ue
911 1634 1201 1689 thalamum
1221 1634 1478 1704 ingressa,
1496 1634 1754 1704 regnique
1774 1635 1911 1688 solio
1927 1635 1978 1689 ei
2003 1650 2132 1689 con-

590 1726 812 1787 sociata,
856 1739 954 1794 pro
1003 1733 1184 1778 nostra
1228 1724 1512 1778 intercedit
1559 1726 1762 1791 salute,
1807 1726 2130 1797 adjuvatque
2163 1713 2203 1766 Β

590 1829 712 1869 cum
729 1814 882 1869 Patre
905 1823 960 1870 et
976 1815 1108 1869 Filio
1129 1824 1185 1870 et
1205 1815 1412 1884 Spiritu
1434 1825 1640 1881 sancto,
1662 1832 1806 1871 nunc
1819 1826 1874 1873 et
1895 1822 2127 1889 semper,

590 1915 646 1962 et
683 1904 738 1959 in
764 1905 955 1960 saecula
984 1907 1322 1961 saeculorum.
1353 1908 1543 1962 Amen.

1172 2199 1424 2256 ORATIO
1477 2202 1542 2263 ll.

674 2309 737 2364 In
759 2304 1128 2368 exultationem
1162 2315 1467 2368 venerandae
1489 2332 1554 2367 ac
1579 2317 1787 2385 viviﬁca!
1807 2320 1990 2373 crucis.

659 2422 762 2489 Qui
792 2425 938 2479 cruci
976 2425 1236 2481 honorem
1272 2427 1524 2500 habeam,
1565 2431 1838 2499 explorate
1873 2426 2130 2490 cruciﬁxo

593 2512 795 2568 habeo:
816 2515 908 2585 qui
932 2530 1059 2571 vero
1081 2515 1338 2572 honorem
1359 2501 1582 2573 habeam
1610 2521 1887 2588 crucifixo,
1911 2503 2128 2579 crucem

595 2605 761 2660 dubio
788 2607 974 2676 procul
1002 2608 1185 2662 adoro.
1217 2610 1443 2678 Utrique
1464 2611 1606 2664 enim
1639 2611 1896 2677 vicissim,
1928 2615 2131 2686 aliique

506 2748 513 2756 ,
595 2711 658 2750 ex
679 2697 785 2750 alio
805 2697 972 2767 gloria
997 2704 1060 2753 'et
1077 2699 1318 2753 adoratio
1341 2700 1625 2756 conﬂatur.
1657 2703 1786 2756 Nam
1807 2720 1978 2773 neque
2000 2723 2132 2761 crux

595 2793 718 2839 ante
745 2784 942 2839 Christi
965 2788 1351 2855 apparitionem
1385 2790 1607 2859 gloriam
1645 2793 1873 2848 habebat
1901 2795 2131 2866 (quippe

591 2888 715 2927 cum
754 2873 940 2927 mortis
973 2891 1254 2946 organum,
1289 2885 1450 2948 atque
1481 2878 1532 2932 id
1571 2880 1804 2946 infamis,
1839 2887 2022 2951 esset).
2056 2896 2131 2949 et,

595 2959 763 3024 Iesus.
793 2960 987 3030 inquit,
1021 2965 1247 3017 nondum
1273 2976 1384 3018 erat
1412 2967 1729 3036 glori/ictum:
1757 2971 1824 3034 ",
1858 2973 2134 3040 quia’nec-

598 3047 727 3103 dum
753 3059 862 3104 tum
891 3067 1106 3108 crucem
1131 3055 1356 3109 adierat.
1376 3056 1681 3115 Laudemus
1702 3039 1974 3129 igituriter
2003 3064 2132 3118 bea-
2160 3039 2203 3100 δ

597 3150 704 3196 tam
740 3143 948 3197 Domini
984 3161 1222 3212 crucem,
1254 3159 1309 3202 et
1341 3149 1625 3204 adoremus
1665 3162 1718 3207 et
1745 3153 2131 3222 gloriﬁcemus,

597 3239 659 3284 ut
685 3242 740 3286 et
767 3233 931 3286 Deum
961 3235 1142 3304 gloriae
1169 3236 1220 3290 in
1253 3253 1316 3292 ea
1343 3240 1546 3306 pariter
1573 3241 1853 3298 laudemus
1879 3260 1944 3298 ac
1987 3247 2134 3300 exal-

597 3331 791 3378 temus.
814 3324 927 3389 Qua
958 3342 1084 3381 vero
1102 3324 1382 3383 laudemus
1413 3332 1658 3387 ratione?
1683 3333 1797 3388 Non
1829 3334 1900 3390 ita
1933 3345 1992 3390 ut
2019 3353 2137 3392 cra-

597 3414 724 3484 pula
773 3425 830 3470 et
860 3416 1216 3472 ebrietatibus
1245 3437 1679 3491 corrumpamur,
1717 3425 1809 3479 sed
1841 3435 1899 3480 ut
1930 3427 2136 3497 jejunio

567 3560 570 3564 ,
595 3521 662 3560 ac
691 3507 939 3576 precibus
967 3509 1267 3564 castitatem
1295 3513 1533 3566 colamus
1554 3530 1573 3565 :
1601 3530 1706 3569 non
1739 3525 1797 3570 ut
1826 3518 2005 3572 saeculi
2035 3503 2134 3574 cu-

597 3596 675 3649 ris
698 3613 760 3649 ac
783 3597 956 3652 turbis
975 3599 1318 3661 sull‘ocemur,
1345 3603 1436 3654 sed
1487 3613 1548 3656 ut
1573 3604 1783 3658 Domini
1806 3621 1900 3675 spe
1929 3606 2156 3679 ﬁdeque

600 3685 956 3741 illustremur.
992 3690 1068 3743 Ne
1101 3691 1554 3762 avaritiae‘reique
1589 3694 1803 3764 injustis
1839 3697 2005 3754 lucris
2037 3715 2134 3755 att-

596 3777 782 3847 gendae
803 3778 981 3832 studio
1002 3781 1238 3834 animum
1267 3781 1597 3847 addicamus,
1616 3785 1710 3838 sed
1735 3785 1915 3841 divina
1946 3804 2010 3842 ac
2045 3807 2139 3846 ve—

598 3867 774 3920 ritatis
823 3867 1047 3922 scientia
1082 3867 1401 3923 ‘dilatemur.
1451 3870 1684 3927 Prorsus
1742 3890 1870 3930 vero
1930 3865 2136 3934 Christi

599 3972 783 4012 amore
809 3959 873 4012 ad
910 3960 1012 4013 a‘lta
1041 3961 1517 4030 contemplationis
1547 3962 1800 4032 ducente,
1837 3970 2139 4026 sanctiﬁce-

600 4062 741 4112 mur,
770 4065 876 4102 non
907 4050 1184 4120 occupatis
1236 4052 1491 4121 nequitiae
1520 4055 1884 4124 opinionibus,
1930 4076 2037 4114 non
2068 4060 2142 4116 si-

579 4137 841 4194 ‘multatis
893 4140 1336 4210 malignitatibus,
1413 4160 1520 4198 non
1565 4147 1828 4215 superbiae
1860 4129 2137 4218 iactantia,

601 4243 711 4281 non
739 4230 920 4282 vesani
956 4230 1140 4299 gloriae
1168 4234 1438 4302 appetitus
1471 4236 1725 4302 vanitate,
1755 4255 1857 4292 nec
1889 4240 1996 4294 ullo
2021 4257 2138 4294 om-

600 4317 731 4373 nino
754 4319 859 4373 alio
874 4320 1005 4374 vitio
1027 4321 1335 4379 interiorem
1379 4325 1650 4379 hominem
1679 4327 2058 4386 labefactentus
2079 4349 2138 4387 ac

601 4427 1042 4480 conspurcemus.

675 4504 793 4560 Non
829 4506 1246 4562 scurrilitatibus
1274 4516 1453 4562 mente
1484 4492 1793 4577 evagemur,
1821 4527 1927 4565 non
1965 4514 2138 4584 turpi-

606 4595 1043 4669 loquiolinguam
1076 4599 1441 4667 inquinemus,
1466 4615 1570 4652 non
1599 4602 1856 4657 conviciis
1874 4614 1967 4657 aut
1988 4621 2140 4658 men-

604 4687 775 4743 daciis
809 4691 1195 4743 conscientiam
1237 4688 1532 4755 fcedemus;
1571 4707 1743 4761 neque
1781 4710 1910 4748 vero
1943 4705 2143 4752 temere

603 4779 905 4849 iuramento
954 4794 1361 4844 assuescamus,
1413 4795 1509 4848 per
1551 4783 1691 4850 quod
1749 4783 1803 4836 in
1851 4785 2144 4854 pcrjurium

610 4870 806 4940 (negati
838 4871 1043 4924 scilicet
1066 4869 1156 4922 Dei
1189 4867 1386 4939 scelus)
1418 4872 1780 4938 prolabamur.
1809 4874 2006 4929 Verum
2033 4874 2148 4929 hate

611 4959 791 5029 impiis
831 4970 886 5014 et
928 4957 1222 5012 incredulis
1259 4958 1507 5024 gentibus
1541 4961 1942 5030 relinquamus,
1983 4964 2090 5034 jam
2118 4979 2149 5018 a

609 5065 776 5118 puero
805 5064 981 5117 pravae
1012 5043 1335 5113 mancipalis
1358 5049 1758 5115 consuetudini,
1787 5065 1850 5105 ac
1875 5067 1994 5120 quae
2020 5052 2149 5106 vitia

611 5139 725 5193 hac
764 5149 1012 5205 tanquam
1044 5137 1252 5191 nativos
1281 5137 1522 5201 allectus,
1561 5157 1669 5209 pra:
1699 5136 1860 5209 longo
1887 5141 2144 5210 temporis

612 5244 735 5290 usu,
767 5232 1167 5301 consectentur,
1202 5241 1265 5280 ac
1302 5243 1420 5297 qua:
1465 5244 1533 5282 ne
1567 5231 1669 5283 hoc
1705 5229 1925 5299 quidem
1970 5230 2143 5300 ipsum

616 5315 946 5384 intelligant,
990 5315 1130 5383 quod
1182 5317 1521 5388 delinquunt.
1572 5321 1680 5376 Nos
1725 5331 1902 5376 autem
1951 5322 2147 5391 quibus

618 5404 902 5460 cruciﬁxus
948 5413 1104 5475 atque
1143 5408 1259 5478 ejus
1295 5425 1428 5464 crux
1467 5411 1722 5464 adoretur
1763 5427 1827 5465 ac
1853 5413 2074 5474 colatur,
2103 5412 2146 5463 si

620 5494 805 5563 utique
840 5510 964 5550 vere
984 5497 1205 5554 adorare
1232 5500 1497 5564 volumus,
1528 5501 1594 5553 ab
1618 5499 1762 5553 omni
1789 5505 1939 5569 prius
1971 5500 2146 5569 inqui—

687 5608 730 5640 "
757 5610 905 5666 Joan.
932 5629 1022 5680 vn,
1051 5613 1134 5670 59.

2231 460 2398 530 δῶρον
2457 462 2744 530 ἀνάγοντες
2799 467 3246 537 ὲκαρποερόρησαν
3287 465 3362 538 τῷ
3395 467 3530 538 Θεῷ.
3570 470 3761 543 Ἡμεῖς

2232 550 2287 604 δὲ
2324 551 2640 621 τιμήσωμεν
2669 553 2761 622 τῆς
2799 554 3054 608 Θεοτόκου
3103 557 3199 625 τὴν
3227 556 3470 626 γέννησιν
3502 557 3758 629 σήμερον,

2233 643 2325 694 καὶ
2355 642 2550 711 μᾶλλον
2570 644 2787 698 ἐκείνων
2815 646 3209 717 ἀγαλλιώμεθα,
3239 649 3613 717 πνευματικῶς
3645 654 3762 723 ἐορ-

2232 734 2479 798 τὰζοντες
2535 737 2625 791 καὶ
2658 737 3083 808 εὐφραινόμενοι,
3139 740 3246 809 ὃσῲ
3296 738 3389 792 καὶ
3419 738 3660 805 πλείονος
3705 742 3764 808 ἐξ

2233 827 2399 895 αὐτῆς
2424 827 2749 898 μετέσχομεν
2771 829 2868 899 τῆς
2909 829 3189 899 ὠφελείας,
3240 832 3345 901 ὅσῳ
3371 829 3464 884 νῦν
3497 832 3696 900 μᾶλλον
3730 834 3761 898 ἦ

2232 920 2371 983 τότε,
2402 919 2770 990 λαμπρότερόν
2821 911 2879 973 τε
2913 922 3005 974 καὶ
3053 921 3423 994 τελεώτερονή
3475 923 3633 992 χάρις
3679 924 3766 978 διὰ

2231 1012 2324 1077 τῆς
2354 1010 2685 1080 Θεομήτορος
2726 1011 3150 1082 ὑπερεκλὰμπει.
3202 1013 3526 1084 Τιμήσωμεν
3555 1013 3632 1077 δὲ,
3691 1013 3764 1084 μὴ

2235 1109 2390 1177 μόνον
2443 1109 2540 1179 τὴν
2590 1110 2654 1161 ἐκ
2691 1109 2789 1180 τῆς
2821 1109 3033 1179 στείρας
3089 1111 3228 1164 κατά
3278 1112 3452 1182 σάρκα
3507 1111 3764 1182 πρόοδον,

2231 1198 2407 1268 πολλῷ
2427 1199 2483 1251 δὲ
2515 1199 2711 1269 μᾶλλον
2759 1199 2856 1269 τὴν
2893 1202 2954 1253 ὲκ
3001 1202 3096 1268 τῆς
3149 1201 3352 1255 ἄνωθεν
3375 1203 3592 1274 χάριτος
3625 1203 3766 1257 κατά

2232 1289 2446 1358 πνεῦμα
2472 1291 2721 1360 γέννησιν
2772 1290 2960 1360 αὐτῆς,
2992 1291 3416 1361 ἀναθεωροῦντες
3453 1292 3551 1362 μὲν
3580 1292 3656 1362 τῷ
3685 1288 3765 1345 νοτ

2230 1386 2324 1433 καὶ
2357 1379 2650 1449 σεϐόμενοι,
2685 1380 2998 1448 κροτοῦντες
3020 1382 3075 1435 δὲ
3122 1383 3231 1445 τοῖς
3259 1381 3440 1451 ὕμνοις
3468 1382 3561 1436 καὶ
3593 1399 3763 1452 μεγα-

2229 1470 2472 1533 λύνοντες
2503 1472 2593 1525 καὶ
2644 1473 2950 1536 δοξάζοντες
2970 1490 2984 1505 ο
3017 1473 3137 1526 καθ’
3167 1474 3231 1543 ἢν
3275 1474 3394 1526 ὅλον
3421 1475 3453 1544 ἡ
3492 1474 3763 1540 πάναγνος

2231 1562 2586 1616 ἀπεκδυθεῖσα
2615 1563 2703 1616 τὸν
2759 1564 2851 1617 νῦν
2897 1565 3084 1629 αἰῶνα,
3140 1565 3233 1618 καὶ
3283 1565 3360 1634 τῷ
3391 1564 3763 1635 ὑπερουρανίῳ

2232 1653 2462 1722 Νυμφίῳ
2496 1657 2913 1723 προσεγγίσασα,
2944 1657 3036 1708 καὶ
3057 1656 3133 1717 είς
3162 1655 3258 1726 τήν
3294 1656 3588 1726 ἱερωτάτην
3617 1654 3764 1722 αὑτῷ

2234 1742 2475 1795 παστάδα
2499 1744 2590 1796 καὶ
2644 1745 3022 1814 πανακήρατον
3051 1743 3460 1797 συνεισελθοῦσα
3489 1745 3583 1796 καὶ
3627 1759 3763 1812 συμ-

2234 1830 2606 1892 ϐασιλεύουσα.
2663 1830 2759 1901 τήν
2810 1831 3077 1904 ἡμετέραν
3130 1832 3416 1902 πρεσϐεύει
3478 1832 3762 1902 σωτηρίαν,

2234 1922 2322 1974 καὶ
2377 1923 2622 1989 συνεργεῖ
2675 1920 2751 1992 τῷ
2784 1922 2953 1990 Πατρὶ
2983 1922 3073 1975 κει.)⁵
3103 1922 3180 1992 τῷ
3212 1920 3322 1990 Υἱῷ
3377 1922 3470 1975 κα)⁸
3517 1923 3596 1992 τῷ
3627 1920 3765 1990 ἁγίῳ

2234 2012 2539 2082 Πνεῦματι,
2591 2010 2686 2067 νῦν
2745 2013 2836 2067 καὶ
2867 2013 2973 2079 ἀεὶ,
3031 2013 3123 2067 καὶ
3173 2014 3249 2078 είς
3278 2014 3400 2076 τοὺς
3431 2013 3633 2076 αἰῶνας
3660 2010 3766 2065 τῶν

2233 2103 2460 2157 αἰώνων.
2505 2104 2693 2174 ⁹Λμήν.

2846 2215 3060 2270 ΛΟΓΟΣ
3097 2212 3174 2271 Β’.

2279 2330 2379 2395 Είς
2408 2326 2641 2398 ὕψωσιν
2668 2324 2774 2380 τοῦ
2800 2326 2993 2395 τιμίου
3023 2326 3119 2380 καί
3139 2325 3412 2386 ζωοποιοῦ
3436 2321 3721 2390 σταυροῦ.

2302 2441 2404 2493 Τὸν
2434 2438 2656 2509 σταυρὸν
2700 2437 2896 2508 τιμῶν,
2946 2438 3380 2507 ὁμολογουμένως
3406 2437 3495 2489 τὸν
3519 2449 3767 2503 σταυρω-

2235 2531 2391 2585 θέντα
2420 2531 2595 2601 τιμῶ·
2642 2529 2731 2583 τδν
2777 2529 3148 2602 σταυρωθέντα
3189 2529 3243 2580 δὲ
3273 2527 3464 2598 τιμῶν,
3514 2523 3767 2594 ἀναντιρ-

2236 2625 2408 2695 ρήτως
2434 2623 2716 2694 προσκυνῶ
2744 2621 2832 2683 τὸν
2864 2620 3088 2691 σταυρόν
3109 2638 3123 2653 ο
3152 2619 3218 2673 δι’
3251 2619 3491 2691 ἀλλήλων
3525 2621 3634 2686 γὰρ
3665 2617 3768 2680 ἀμ·-

2235 2714 2478 2784 φοτέροις
2526 2714 2559 2784 ἠ
2597 2712 2723 2778 δόξα
2758 2714 3127 2781 συγκροτεῖται
3160 2711 3251 2764 καὶ
3286 2711 3317 2780 ή
3377 2707 3762 2778 προσκύνησις.

2235 2803 2370 2858 Οῦτε
2415 2803 2520 2875 γὰρ
2557 2803 2783 2873 σταυρὸς
2825 2802 2928 2872 πρὸ
2967 2802 3062 2870 τῆς
3115 2800 3426 2870 ἐπιφανείας
3456 2789 3770 2876 δεδόξασται.

2234 2895 2326 2948 τοῦ
2343 2893 2574 2965 Χριστοῦ
2590 2910 2602 2924 ⁸
2621 2894 2846 2964 ὄργανον
2870 2893 2972 2964 γάρ
3003 2891 3247 2954 θανάτου,
3283 2893 3376 2944 καὶ
3402 2890 3622 2960 ἀτίμου,
3639 2886 3765 2939 καθ·

2242 2987 2451 3041 ίστατο·
2499 2989 2626 3048 καὶ,
2689 2984 2749 3038 Ὀ
2799 2985 3031 3053 Ἰησοῦς
3087 2984 3352 3046 οὐδέπω,
3407 2982 3592 3050 φησιν,
3643 2977 3770 3033 ἐδο-

2239 3076 2449 3142 ξάσθη.
2482 3077 2559 3130 ὅτι
2594 3077 2756 3145 μήπω
2783 3071 2848 3146 ἦν
2875 3076 2992 3126 τότε
3040 3072 3114 3142 τῷ
3154 3072 3368 3144 σταυρῷ
3419 3069 3768 3141 προσωμιληο

2238 3161 2366 3227 κώς.
2416 3162 2810 3230 Ἐπαινέσωμεν
2870 3160 3152 3232 τοιγαροῦν
3209 3160 3297 3212 τὸν
3346 3158 3651 3228 τρισόλϐιον
3678 3149 3768 3206 τοῦ

2237 3251 2435 3321 Κυρίου
2476 3250 2725 3319 σταυρὸν,
2783 3250 2878 3301 καὶ
2928 3249 3383 3319 προσκυνήσωμεν
3416 3248 3508 3301 καὶ
3539 3245 3770 3310 δοξάσω-

2241 3358 2356 3412 ρεν,
2383 3341 2468 3394 ἵνα
2496 3339 2589 3394 καὶ
2643 3338 2734 3391 τὸν
2761 3339 2862 3408 τῆς
2889 3339 3041 3408 δόξης
3092 3337 3220 3392 Θεὸν
3254 3339 3311 3392 ὲν
3340 3337 3486 3409 αὐτῷ
3515 3351 3771 3390 συνεπαι-

2198 3506 2201 3507 ν
2237 3430 2473 3500 νέσωμέν
2490 3447 2549 3484 τε
2576 3429 2669 3483 καὶ
2693 3427 3102 3499 συνυψώσωμεν.
3132 3429 3520 3498 Ἐπαινέσωμεν
3543 3428 3603 3481 δὲ
3623 3425 3767 3487 πῶςς

2239 3522 2328 3592 Μὴ
2382 3520 2703 3593 κρσ-ιπάλαις
2757 3520 2847 3573 καὶ
2876 3519 3061 3589 μέθαις
3115 3518 3620 3589 καταφθειρόμενοι,
3661 3510 3770 3569 ἀλλ’

2240 3613 2527 3684 ιγκρατείᾳ
2549 3614 2642 3668 καὶ
2670 3615 2990 3682 προσευχαῖς
3007 3611 3360 3681 ἁγνιζόμενοι.
3377 3610 3465 3680 Μὴ
3489 3610 3772 3682 μερίμναις

2242 3704 2332 3757 καὶ
2362 3702 2585 3772 τῦρϐαις
2617 3699 2892 3770 βιωτικαῖς
2935 3701 3384 3771 συμπνιγόμενοι·
3438 3699 3552 3752 ἀλλ’
3603 3693 3772 3753 ἐλπίδι

2242 3793 2335 3845 καὶ
2361 3793 2535 3845 πίστει
2569 3792 2660 3844 τοῦ
2691 3792 2892 3861 Κυρίου
2916 3789 3298 3859 φωτιζόμενον
3329 3789 3403 3860 μὴ
3421 3790 3516 3860 τὴν
3552 3786 3774 3859 καρδίαν

2242 3884 2320 3944 εἰς
2371 3882 2674 3946 πλεονεξίαν
2723 3881 3025 3950 τιθῶμεθα,
3072 3880 3185 3935 ἀλλ’
3239 3881 3318 3942 είς
3376 3879 3648 3945 θεολογίαν
3683 3876 3770 3928 καὶ

2243 3972 2638 4040 ἀληθογνωσίαν
2685 3969 3181 4041 ὲμπλατυνώμεθαο
3215 3956 3430 4031 ’ὑλικῶς
3477 3968 3533 4020 δὲ
3580 3965 3655 4036 τῷ
3682 3964 3773 4017 ἀν-

2241 4062 2437 4132 αγώγῳ
2469 4062 2627 4133 ἔρωτι
2649 4061 2991 4131 ἀγιαζὼμεθα
3027 4061 3115 4114 τοῦ
3138 4060 3389 4130 Χριστοῦ,
3416 4059 3489 4131 μὴ
3520 4054 3776 4126 πονηρίας

2243 4152 2559 4223 προλήψεσι,
2611 4153 2685 4223 μὴ
2739 4152 3100 4223 μνησικακίας
3152 4151 3430 4220 κακότησι,
3457 4148 3531 4218 μὴ
3576 4149 3776 4214 ὑπερη-

2244 4242 2437 4312 φανίας
2470 4243 2740 4313 αὑχήματι
2765 4281 2781 4305 ,
2810 4241 2882 4312 μὴ
2911 4240 3224 4310 δοξομανίας
3265 4239 3581 4310 ματαιότητι
3603 4256 3620 4271 ο
3657 4231 3772 4303 μηδῗ

2246 4333 2379 4405 ἄλλῃ
2431 4334 2666 4404 μηδεμιᾷ
2693 4333 2876 4404 κακίᾳ,
2911 4332 3138 4395 συνόλως
3163 4332 3355 4397 εἰπεῖν,
3401 4329 3491 4383 τὸν
3515 4327 3662 4390 ένίτδς
3683 4325 3772 4379 ἀν·

2221 4418 2452 4494 ’θρωπον
2481 4419 2863 4493 ἀχρειώσωμεν
2887 4422 2919 4494 ἢ
2944 4423 3244 4507 χράνωμεν.

2309 4514 2400 4586 Μὴ
2455 4513 2825 4584 εὐτραπελίαις
2881 4505 3339 4584 μτεωριζὼμεθα.
3382 4509 3456 4580 μὴ
3505 4505 3777 4580 αἰσχρολο-

2241 4605 2384 4674 γίαις
2419 4604 2517 4674 τήν
2541 4603 2787 4671 γλῶσσαν
2818 4602 3408 4674 καταρρυπαινὼμεθαο
3447 4601 3583 4673 μηδὲ
3615 4597 3775 4652 λοιδο-

2249 4695 2387 4765 ρίαις
2419 4692 2693 4764 ἣψεύδεσι
2730 4693 2789 4746 τὸ
2827 4693 3055 4755 συνειδὸς
3093 4690 3456 4764 μιαινώμεθα·
3512 4693 3636 4761 μήτ’
3687 4686 3776 4741 οὖν

2241 4782 2463 4853 ὃρκωμα
2498 4782 2669 4852 μάτην
2702 4781 3125 4851 κατεθιζώμεθα,
3181 4782 3247 4835 δι’
3293 4775 3352 4836 οὗ
3416 4781 3549 4852 πρὸς
3595 4784 3774 4847 ἐπιορ-

2243 4870 2383 4936 κίαν,
2443 4871 2538 4923 εἰτ’
2574 4870 2665 4925 οὖν
2713 4872 2934 4940 ἄρνησιν
2965 4870 3117 4932 Θεοῦ,
3153 4870 3589 4941 καταπίπτομεν⁸
3639 4866 3773 4924 ἀλλὰ

2242 4961 2411 5015 ταῦτα
2444 4964 2539 5032 μὲν
2588 4962 2787 5014 ἔθνεσιν
2817 4959 3030 5012 ἀσεϐέσι
3062 4962 3185 5012 καὶ⁸
3206 4964 3451 5026 ἀπίστοις
3493 4961 3768 5031 παρῶμεν,

2246 5053 2460 5124 πονηρῷ
2476 5051 2723 5119 νηπιόθεν
2746 5048 3150 5118 δεδουλωμένοις
3177 5051 3282 5104 ἓθει
3300 5067 3316 5082 ⁸
3342 5056 3432 5106 καὶ
3451 5051 3523 5115 ὡς
3553 5042 3770 5122 φυσικὰ,

2244 5127 2411 5198 ταῦτα
2447 5138 2684 5211 μετιοῦσι
2722 5138 2789 5190 τά
2818 5138 2960 5208 πάθη
3005 5139 3091 5192 διὰ
3140 5143 3237 5211 τήν
3277 5142 3367 5195 τοῦ
3413 5144 3600 5212 χρόνου
3651 5157 3769 5192 συν-

2246 5236 2459 5302 ήθειαν·
2486 5229 2577 5280 καὶ
2609 5228 2714 5280 οὐδ’
2748 5231 2875 5282 αὐτὸ
2914 5231 3065 5286 τοῦτο
3098 5235 3307 5299 εἰδόσιν,
3333 5234 3407 5297 ὡς
3435 5233 3770 5304 ἁμαρτάνου-

2249 5339 2348 5374 σιν.
2392 5319 2576 5386 Ἡμεῖς
2625 5318 2682 5372 δὲ
2713 5313 2793 5383 οἷς
2841 5323 2867 5374 ό
2923 5324 3330 5393 ἐσταυρωμένος
3379 5326 3471 5378 καὶ
3509 5327 3533 5378 ὁ
3589 5323 3767 5377 τούτου

2249 5405 2469 5474 σταυρός
2492 5407 2602 5459 ἐστι
2645 5408 2707 5462 τὸ
2730 5411 3188 5480 προσκυνοῦμενον
3232 5412 3325 5465 καὶ
3368 5414 3669 5482 σεϐόμενον,
3721 5406 3768 5460 εί

2247 5494 2454 5561 ἀληθῶς
2483 5495 2588 5565 ἄρα
2611 5501 2926 5570 προσκυνεῖν
2953 5501 3243 5571 ἐθέλοιμεν,
3273 5502 3469 5564 παντὸς
3503 5493 3768 5572 μολυσμοῦ
