3950 6320
274 306 367 383 29'
1065 326 1340 391 ORATIO
1378 331 1459 392 II.
1492 357 1560 370 -
1590 332 1673 397 IN
1708 334 2290 401 EXALTATIONEM
2328 342 2385 404 s.
2418 345 2706 409 cuucrs.
3410 348 3482 413 30

285 433 490 535 σαρκὸς
536 436 641 535 καὶ.
659 436 964 509 πνεύματος
1001 444 1264 515 πρότερον
1296 432 1517 512 ἑαυτοὺς
1552 451 1639 505 διὰ
1669 470 1810 505 πνευε

1932 468 2187 512 namcnto
2224 460 2406 514 carnis
2426 469 2481 515 et
2519 464 2744 532 Spiritus
2777 480 2876 534 per
2905 464 3205 535 spiritalem
3234 465 3481 522 dilectio-

281 522 516 593 ματικῆς
540 524 754 596 ἀγάπης
788 528 1243 601 ὲκκαθηράμενοι,
1299 536 1393 587 καὶ
1421 537 1538 590 ὃλον
1569 540 1659 593 τὸν
1688 541 1822 610 Χρι-

277 612 405 665 στὸν
428 614 517 667 διὰ
546 616 727 687 πάσης
772 619 1153 695 είπσοικίσαντες
1201 625 1423 696 ἀρετῆς,
1455 628 1622 693 οὕτως
1668 632 1827 685 πνεύ-

276 720 413 770 ματι
456 708 845 778 προπυνῶμεν
872 696 1248 786 καίάληθείᾳ.
1287 718 1524 787 Πνεῦμα
1561 722 1689 793 γὰρ,
1722 741 1826 795 φη-

275 797 386 862 σὶν,
424 800 458 853 ό
491 801 653 867 Θεὸς.
688 803 785 856 καὶ
822 802 964 867 τοὺς
1003 810 1496 876 προσκυνοῦντας
1538 815 1723 869 αὐτὸν
1757 817 1828 869 ἐν

271 890 569 957 πνεύματι
599 892 696 945 καί
719 893 965 962 ἀληθείᾳ
996 897 1087 951 δεῖ
1100 901 1483 966 προσκυνεῖν.
1504 904 1613 956 Καὶ
1640 905 1825 978 ὥσπερ

269 980 301 1030 ὁ
335 982 807 1054 προσκυνούμενος
837 989 1065 1059 σταυρὸς
1096 991 1207 1060 ἔχει
1240 996 1336 1061 μέν
1384 1012 1434 1047 τι
1467 997 1559 1047 καὶ
1592 995 1826 1068 σωματι-

272 1073 392 1164 κὸν,
436 1074 533 1145 τὴν
582 1077 686 1130 ἀπὸ
715 1078 814 1148 τῆς
867 1080 968 1149 γῆς
1018 1083 1213 1154 δηλαδή
1245 1085 1656 1160 λαμϐανομένην
1695 1092 1824 1164 ὕλην

269 1162 414 1229 πρὸς
440 1164 603 1217 αὐτοῦ
651 1172 991 1241 κατασκευήν
1016 1188 1028 1203 ’
1066 1175 1214 1228 πᾶσα
1252 1177 1307 1229 δὲ
1336 1180 1367 1248 ἡ
1397 1179 1517 1244 δόξα
1544 1183 1635 1233 καὶ
1666 1184 1697 1252 ή
1731 1162 1823 1253 με.

268 1255 645 1326 γαλοπρὲπεια
684 1261 785 1330 τῆς
816 1262 977 1316 αὐτοῦ
1032 1266 1310 1336 δυνάμεως
1366 1270 1566 1325 ἔσωθεν
1595 1274 1699 1327 ἀπὸ
1728 1276 1822 1328 τοῦ

270 1345 589 1417 Πνεῦματος
633 1351 1039 1423 ἑπιῇφρηγεῖται
1086 1357 1178 1410 τοῦ
1210 1360 1651 1431 ἐσταυρωμένον·
1684 1363 1824 1418 οὕτω

267 1436 379 1507 χρὴ
406 1439 501 1491 καὶ
531 1441 679 1509 ἡμᾶς
727 1443 909 1514 διττὴν
957 1445 1223 1519 αὐτῷτὴν
1277 1452 1645 1523 προσκύνησιν
1691 1455 1825 1508 ἀπο-

266 1530 476 1601 νέμειν.
507 1534 599 1586 καὶ
640 1534 737 1605 τὴν
773 1538 966 1607 τιμήν·
1003 1543 1423 1611 προηγουμένως
1456 1546 1555 1615 μὲν
1570 1586 1593 1609 ,,
1632 1546 1731 1617 τὴν
1766 1548 1825 1600 ἐν

263 1620 539 1688 πνεύματι
583 1623 721 1677 κατὰ
774 1624 1020 1698 δεύτερον
1059 1629 1116 1683 δὲ
1164 1629 1337 1699 λόγον,
1372 1632 1465 1686 καὶ
1492 1631 1590 1705 τὴν
1636 1650 1822 1705 σωμα-

264 1713 451 1780 τικήν.

1929 567 2051 604 nem
2080 552 2341 613 mundati.
2361 568 2423 608 ac
2445 554 2535 623 qui
2562 564 2731 609 totum
2748 556 3044 623 Christum;
3069 559 3246 613 omnis
3266 558 3482 614 virtutis

1930 642 2113 719 cultu,
2155 643 2354 708 mentis
2386 642 2622 712 hOSpitio
2653 648 3055 715 exceperimus,
3091 648 3168 703 sic
3198 648 3391 718 spiritu
3418 662 3481 702 ac

1927 734 2153 787 veritate
2185 734 2494 789 adoremus.
2533 734 2759 805 Spiritus
2789 738 2954 801 enim,
2995 739 3190 808 inquit.
3220 747 3294 792 est
3318 738 3476 800 Deus,

1927 832 1976 877 et
2004 840 2086 876 eos
2117 826 2205 893 qui
2234 826 2459 905 adoralut
2498 845 2637 888 eum,
2667 829 2720 881 in
2754 831 2942 899 spiritu
2962 841 3009 883 et
3036 833 3257 886 veritate
3279 839 3478 901 oportet

1928 917 2152 970 adorare
2174 919 2237 972 ".
2288 919 2366 974 Ac
2397 921 2538 975 sicut
2566 936 2719 985 crux,
2757 938 2875 991 qua:
2904 922 3177 983 adoratur,
3206 924 3319 993 ipsa
3344 940 3479 994 quo-

1926 1025 2032 1077 que
2061 1024 2384 1079 corporeum
2411 1013 2538 1082 quid
2578 1014 2739 1067 habet
2779 1020 3073 1080 (terrenam
3109 1016 3314 1069 scilicet
3344 1016 3476 1069 sub-

1926 1101 2202 1164 stantiam,
2234 1118 2353 1170 quae
2383 1104 2447 1156 ad
2471 1104 2726 1158 fabricam
2746 1104 2891 1157 illius
2917 1105 3255 1171 assumitur),
3291 1106 3469 1161 omnis

1927 1208 2058 1245 vero
2086 1193 2304 1247 claritas
2330 1205 2386 1249 et
2408 1197 2806 1267 magniﬁcentia
2830 1200 3050 1253 virtutis
3079 1199 3216 1269 ejus,
3250 1200 3475 1254 interius

1924 1299 1953 1337 a
1977 1283 2229 1339 Cruciﬂxi
2268 1284 2471 1354 Spiritu
2495 1288 2966 1354 subministratur;
3005 1290 3083 1344 sic
3136 1306 3235 1344 nos
3260 1304 3475 1359 quoque

1925 1375 2196 1443 duplicem
2224 1377 2272 1431 ei
2305 1377 2677 1433 adorationem
2713 1396 2775 1434 ac
2802 1382 3063 1435 honorem
3103 1381 3479 1451 impendamus

1925 1478 2148 1519 necesse
2189 1474 2308 1529 est;
2354 1465 2531 1534 primo
2576 1468 2827 1536 quidem,
2866 1469 3232 1523 adorationem
3270 1484 3387 1537 qua:
3423 1469 3479 1523 in

1924 1553 2117 1623 spiritu
2158 1564 2273 1617 est,
2314 1558 2669 1627 consequenti
2710 1573 2838 1613 vero
2869 1559 3107 1625 ratione,
3137 1560 3300 1614 etiam
3330 1575 3475 1624 eam,

1924 1656 2044 1711 qua:
2082 1659 2311 1714 corpore
2342 1653 2629 1716 praestatur
3392 1660 3393 1663 “

350 1803 662 1872 Ἀποδιῖῳεν
682 1800 973 1879 τοιγαροῦν
1006 1810 1064 1864 τὸ
1086 1812 1187 1882 τῆς
1221 1815 1636 1885 προσκυνήσεως
1660 1815 1810 1887 χρέος

1990 1816 2300 1873 Rcddamus
2346 1819 2513 1890 igitur
2538 1820 2688 1875 cruci
2725 1820 2929 1878 Christi
2962 1822 3296 1881 adorationis
3319 1825 3476 1881 debi-

257 1893 342 1963 τῷ
375 1897 589 1968 σταυρῷ
616 1898 707 1953 τοῦ
743 1901 995 1971 Χριστοῦ.
1026 1904 1343 1975 Κάμψωμεν
1371 1907 1517 1978 αὐτῷ
1540 1909 1667 1978 γόνυ
1724 1908 1820 1961 τοῦ

258 1986 550 2056 σώματος’
613 1990 917 2063 κάμψωμεν
972 1994 1104 2049 πολὺ
1155 1997 1416 2069 πρότερον
1460 2000 1551 2052 τὸν
1587 2000 1816 2070 ἀκαμπῆ

252 2078 362 2149 τῆς
403 2080 629 2150 καρδίας
664 2084 888 2155 αὐχένα,
920 2086 1012 2140 τὸν
1044 2088 1117 2159 μὴ
1163 2088 1457 2160 δυνάμενον
1484 2092 1817 2162 ὑποταγῆναι

254 2171 335 2241 ’τῷ
366 2174 515 2245 νόμῳ
550 2174 644 2228 τοῦ
696 2176 829 2229 Θεοῦ
853 2194 866 2209 ·
920 2181 1012 2233 τὸν
1044 2180 1245 2253 αὐθάδη
1278 2182 1419 2251 λέγω
1452 2186 1546 2246 καὶ
1579 2185 1812 2250 ἀλαζόνα

254 2262 361 2330 τῆς
385 2263 669 2333 φιλαυτίας
693 2264 966 2336 λογισμόν.
1014 2269 1212 2324 Τοῦτον
1242 2271 1506 2343 κλίνωμεν
1532 2274 1813 2345 πρότερον,

253 2350 355 2404 καὶ
383 2353 828 2423 κατακάμψωμεν
859 2356 935 2426 τῷ
965 2358 1197 2428 σταυρῷ,
1251 2361 1341 2412 τὸν
1373 2361 1533 2429 ζυγὸν
1561 2362 1815 2433 εὐμαρῶς

253 2443 645 2513 ὑποδεχόμενοι
692 2447 790 2516 τῆς
837 2447 1108 2519 ὑποταγῆς
1148 2450 1241 2504 τοῦ
1275 2452 1508 2522 Χριστοῦ
1534 2470 1548 2485 ·
1596 2455 1689 2508 καὶ
1717 2454 1812 2508 οῦ-

250 2551 367 2599 τως
396 2538 526 2607 ἡμῖν
575 2539 668 2591 καὶ
702 2539 808 2592 τῶν
836 2542 1070 2609 γονάτων
1116 2543 1149 2613 ἡ
1186 2543 1358 2607 κλίσις
1395 2544 1578 2614 δεκτή.
1628 2545 1813 2610 Οὕτως

249 2631 720 2702 προσκυνήσωμεν
768 2634 860 2686 καὶ
892 2635 1298 2706 προσπέσωμεν,
1349 2637 1424 2700 ὡς
1452 2637 1598 2709 αὐτῷ
1643 2655 1811 2709 προσ-

254 2720 558 2784 πίπτοντες
599 2722 676 2794 τῷ
736 2723 1129 2796 ἐσταυρωμένῳ
1177 2726 1315 2797 ὑπὲρ
1365 2727 1550 2797 ήμῶν·
1606 2729 1699 2781 καὶ
1724 2729 1811 2782 δο-

246 2811 513 2883 ξάσωμεν
558 2817 677 2879 ταῖς
729 2816 1015 2881 αίνέσεσιν,
1073 2817 1309 2883 καὶτοῖς
1361 2818 1550 2890 ὕμνοις
1585 2820 1811 2890 ὐψώσω-

248 2921 381 2974 μεν.

344 2994 709 3065 ’Υψὼσωμεν
735 2998 919 3071 αὐτὸν
962 2999 1033 3053 ἐν
1068 3000 1192 3067 τοῖς
1240 3002 1480 3057 ἔθνεσιν
1507 3022 1519 3034 ·
1562 3006 1810 3074 ύψώσω-

240 3103 368 3157 μεν
397 3087 583 3141 αὑτὸν
625 3087 694 3141 ἐν
720 3087 795 3157 τῇ
969 3090 1184 3144 Μᾶλλον
1210 3091 1267 3143 δὲ
1297 3094 1415 3146 καθ’
1450 3095 1685 3166 ἑκάστην
1709 3098 1807 3149 αὐ-

243 3181 350 3234 τὸν
395 3180 655 3250 ὐψοῦντες
713 3182 807 3235 καὶ
859 3183 1286 3251 προσκυνοῦντες
1328 3184 1417 3255 μὴ
1447 3187 1805 3258 παυσώμεθα,

247 3270 418 3343 ἄχρις
443 3270 507 3324 ἂν
532 3270 621 3324 ὐπ’
646 3271 809 3326 αὐτοῦ
834 3273 1230 3345 κυϐερνώμενοι
1261 3277 1352 3338 καὶ
1378 3279 1805 3349 ποιμαινόμενοι,

245 3362 352 3416 τδν
381 3362 612 3433 πονηρὸν
636 3363 821 3417 τοῦτον
843 3364 1009 3417 αἰῶνα
1042 3365 1137 3419 καὶ
1168 3368 1265 3430 τὰς
1301 3368 1463 3423 αὐτοῦ
1492 3369 1807 3440 δυσχερείας

245 3452 507 3523 διαϐῆναι
536 3454 864 3534 δυνηθῶμεν.
892 3455 1101 3527 Ὥσπερ
1132 3455 1239 3528 γὰρ
1284 3459 1384 3512 οὐκ
1411 3460 1487 3513 ἔνι
1518 3462 1681 3531 χωρίς
1713 3462 1805 3515 τοῦ

246 3544 484 3616 ἡλιακοῦ
516 3544 667 3598 τοῦδε
713 3546 887 3615 φωτίς
908 3546 1103 3616 βιωτὸν
1123 3549 1372 3616 γενέσθαι
1400 3550 1490 3603 τὸν
1520 3551 1631 3621 βίον
1654 3552 1806 3620 ἡμῖν,

244 3634 431 3699 οὕτως
463 3636 581 3689 οὐδὲ
618 3636 793 3708 ψυχὴν
818 3638 1103 3709 ἀνθρώπου
1146 3639 1367 3694 δυνατὸν
1394 3642 1520 3696 ἄνευ
1547 3643 1653 3696 τῶν
1695 3660 1809 3696 νοε-

251 3727 369 3798 ρῶν
399 3729 842 3799 ἀπαυγασμὰτων
869 3729 1115 3805 σταυροῦ,
1135 3731 1235 3784 τοῦ
1260 3731 1496 3802 Χριστοῦ
1522 3732 1803 3787 διαϐιῶναι

248 3819 399 3873 κατὰ
430 3820 682 3890 Χριστόν.
738 3822 845 3873 Καὶ
881 3819 1067 3892 ῶσπερ
1109 3823 1380 3892 ἀναγκαία
1422 3826 1534 3888 τοῖς
1573 3824 1737 3887 ζῶσιν
1773 3827 1805 3895 ἡ

243 3910 349 3964 τοῦ
371 3911 528 3981 ἀέρος
556 3911 814 3982 ἀναπνοὴ,
848 3910 1020 3976 οὕτως
1048 3914 1391 3984 Χριστιανοῖς
1436 3916 1807 3987 ἀπαραίτητος

248 4004 286 4075 ἡ
323 4003 619 4074 σημείωσις
648 4003 744 4058 τοῦ
774 4006 1030 4077 σταυροῦ.

328 4119 565 4190 Σταυρδς
605 4119 665 4173 τὸ
698 4118 918 4191 σημεῖόν
948 4120 1063 4172 ἐστι
1093 4119 1185 4172 τοῦ
1214 4119 1343 4195 Υίοῦ
1368 4119 1461 4174 τοῦ
1488 4120 1620 4175 Θεοῦ
1640 4161 1655 4187 ,
1683 4123 1807 4190 δόξα

243 4210 521 4280 Χριστοῦ,
565 4210 768 4279 ὖψωσις
812 4210 1025 4281 Ἰησοῦ,
1064 4211 1338 4282 σκῆπτρον
1387 4216 1485 4284 τῆς
1532 4214 1806 4283 βασιλείας

241 4299 359 4353 τῶν
407 4299 671 4372 οὐρανῶν,
734 4299 1004 4372 βακτηρία
1059 4300 1219 4364 Θεοῦ,
1262 4302 1450 4372 ῥάϐδος
1486 4305 1801 4376 εὐθύτητος,

246 4392 447 4463 ῥάϐδος
478 4393 756 4462 δυνάμεως
784 4432 799 4453 ,
839 4394 1032 4464 ῥάϐδος
1063 4395 1129 4465 ἢν
1183 4396 1326 4463 μάλα
1379 4390 1565 4463 σαφῶς
1612 4398 1645 4467 ἡ
1676 4400 1801 4452 Μω-

1921 1918 2057 1962 tum.
2087 1907 2240 1963 Genu
2267 1908 2318 1964 ei
2358 1911 2607 1980 corporis
2637 1910 2939 1979 ﬂectamus,
2974 1914 3131 1985 longe
3164 1931 3296 1971 vero
3323 1917 3477 1986 prius

1918 2000 2168 2056 inﬂexam
2217 2002 2402 2057 cordis
2450 2005 2749 2070 cervicem,
2805 1992 2911 2077 legi
2958 2007 3055 2063 Dei
3123 2008 3319 2079 subjici
3364 2025 3473 2063 non

1915 2092 2183 2147 valentem
2224 2094 2571 2165 (protervum
2620 2096 2830 2152 scilicet
2868 2107 2925 2152 et
2962 2107 3303 2169 arrogantem
3345 2100 3471 2156 ca°ci

1917 2185 2117 2240 amoris
2147 2201 2211 2241 ac
2240 2185 2489 2265 libidinis
2521 2197 2760 2249 sensum)
2793 2187 3091 2243 ﬂectamus.
3132 2188 3286 2246 Hunc
3319 2192 3472 2259 prius

1913 2280 2063 2333 cruci
2098 2278 2423 2334 inclinemus
2475 2295 2540 2333 ac
2578 2280 2953 2343 incurvemus,
2992 2282 3086 2351 qui
3118 2283 3301 2351 jugum
3341 2284 3473 2337 θυι)-

1911 2371 2168 2442 jectionis
2186 2371 2387 2427 Christi
2412 2362 2624 2442 placide
2646 2373 3039 2442 suscipiamus:
3064 2374 3251 2444 sicque
3275 2375 3385 2440 ﬁet,
3414 2384 3473 2431 ut

1914 2462 2060 2531 quod
2099 2464 2264 2516 etiam
2309 2479 2482 2533 genua
2526 2463 2826 2527 ﬂectimus,
2869 2475 3148 2533 acceptum
3188 2468 3467 2521 reddatur.

1913 2552 2004 2608 Sic
2025 2555 2317 2609 adoremus
2331 2571 2393 2610 ac
2419 2553 2783 2625 procidamus,
2811 2556 2957 2610 velut
2977 2557 3048 2618 ei.
3074 2558 3165 2627 qui
3194 2574 3290 2627 pro
3312 2559 3471 2613 nobis

1910 2644 2062 2698 cruci
2095 2644 2287 2699 aﬂixus
2308 2656 2411 2711 est,
2444 2646 2904 2715 procumbamus;
2933 2648 3293 2719 laudibusque
3322 2650 3469 2705 cele-

1909 2732 2135 2789 bremus
2155 2750 2218 2789 ac
2246 2735 2474 2791 canticis
2503 2737 2824 2792 exaltemus.

1978 3008 2283 3067 Exaltemus
2330 3028 2447 3067 eam
2488 3015 2542 3068 in
2592 3016 2828 3086 gentibus
2866 3016 3206 3071 :exaltemus
3256 3034 3373 3073 eam
3412 3019 3467 3073 in
3542 3050 3543 3055 η

1910 3105 2130 3157 terra”.
2160 3105 2414 3169 Quinimo
2435 3122 2551 3162 eam
2581 3107 2823 3177 quotidie
2846 3109 3115 3164 exaltandi
3134 3110 3465 3166 etadorandi

1908 3198 2117 3252 nullum
2153 3197 2313 3253 tinem
2337 3200 2620 3265 faciamus,
2649 3202 3003 3272 quoadusque
3030 3218 3090 3257 ea
3126 3205 3461 3274 gubernante

1905 3300 2067 3359 atque
2110 3299 2330 3361 regente
2356 3292 2611 3347 saeculum
2639 3294 2743 3348 hoc
2776 3310 3005 3364 nequam
3037 3298 3263 3366 ejusque
3294 3292 3465 3352 inole-

1904 3381 2038 3435 stias
2061 3384 2521 3451 superaverimus.
2553 3384 3018 3450 Quemadmodum
3044 3388 3189 3441 enim
3218 3386 3333 3442 ﬁeri
3354 3394 3465 3441 non

1906 3481 2086 3540 potest
2110 3481 2169 3526 ut
2188 3473 2394 3543 absque
2418 3474 2583 3529 solari
2605 3476 2706 3529 hac
2726 3476 2848 3530 luce
2866 3476 2976 3530 vita
3001 3477 3159 3532 nobis
3185 3478 3463 3533 toleranda
3486 3459 3493 3469 ’

1905 3562 2008 3630 sit,
2052 3563 2131 3621 sic
2160 3580 2337 3635 neque
2370 3566 2608 3621 hominis
2642 3568 2854 3625 animus
2875 3568 3086 3637 absque
3125 3568 3463 3641 spiritalibus

1880 3665 2252 3727 .mentemque
2287 3656 2678 3733 irradiantibus
2705 3658 2885 3713 crucis
2915 3657 3117 3713 Christi
3153 3659 3461 3729 splendori-

1905 3744 2008 3801 bus
2032 3744 2340 3802 Christiana
2386 3746 2585 3817 pietate
2620 3747 2833 3803 vixerit.
2867 3747 2943 3802 Ac
2975 3747 3116 3802 sicut
3143 3749 3267 3803 vitae
3298 3764 3462 3804 usura

1903 3835 2207 3892 [ruentibus
2236 3839 2542 3893 necessaria
2575 3839 2715 3893 aeris
2744 3838 2998 3909 spiratio,
3028 3840 3108 3895 sic
3140 3839 3465 3896 Christianis

1907 3928 2236 3985 inevitabilis
2258 3930 2439 3986 crucis
2468 3932 2808 4002 consignatio
2839 3940 2943 3988 est.

1975 4130 2119 4189 Crux
2156 4130 2366 4203 signum
2412 4142 2494 4187 est
2530 4133 2649 4188 Filii
2687 4133 2815 4198 Dei,
2854 4132 3054 4189 Christi
3089 4133 3294 4205 gloria',
3332 4133 3461 4190 Jesu

1904 4223 2187 4287 exaltatio,
2238 4232 2510 4294 sceptrum
2556 4226 2708 4296 regni
2756 4227 3039 4292 cmlorum,
3074 4225 3172 4281 Dei
3212 4225 3458 4291 baculus,

1902 4315 2052 4385 virga
2109 4315 2467 4380 directionis,
2520 4318 2666 4386 virga
2721 4319 2989 4372 virtutis:
3054 4319 3242 4388 virga,
3296 4333 3458 4387 quam

1903 4407 2133 4461 Mosaica
2176 4406 2266 4461 illa
2297 4408 2440 4463 clare
2480 4409 2768 4464 admodum
2808 4408 3174 4480 praeﬁguravit
3202 4411 3266 4463 ".
3305 4410 3458 4463 Nun-

244 4481 412 4551 σαῖκὴ
442 4482 621 4560 ἐκείνη
652 4484 985 4553 προεικόνισε
1028 4483 1237 4554 ῥάϐδος.
1280 4485 1393 4537 Οὐκ
1425 4485 1490 4537 ἂν
1520 4486 1547 4539 ὁ
1587 4487 1799 4560 Ἰσραὴλ

1913 4515 2062 4569 quam
2091 4499 2414 4555 israeliticus
2445 4501 2533 4556 ille
2565 4502 2797 4572 populus
2825 4518 3006 4557 amara
3043 4513 3169 4559 tunc
3197 4503 3286 4557 illa
3315 4503 3458 4557 Pha-

239 4575 454 4637 ἐκεῖνος
477 4574 567 4627 τοῦ
600 4592 659 4628 τε
704 4572 896 4644 Φαραὼ
933 4575 1029 4628 καὶ⁵
1070 4576 1177 4628 τῶν
1220 4576 1528 4641 Αἰγυπτίων
1556 4579 1673 4631 τότε
1704 4581 1803 4649 τῆς

241 4668 452 4736 πικρᾶς
481 4666 693 4735 ἐκείνης
734 4664 1053 4738 δουλοσύνης
1095 4667 1191 4721 καὶ
1213 4667 1579 4741 ταλαιπωρίας
1631 4670 1804 4739 ἀπήλ-

238 4756 412 4809 λακτο
431 4772 446 4787 ·
496 4755 595 4809 οὐκ
627 4756 691 4808 ἂν
715 4755 811 4826 τὴν
844 4756 1114 4809 θάλασσαν
1142 4758 1504 4811 ἀνακοπεῖσαν
1534 4760 1700 4830 αὐτῷ,
1728 4762 1801 4825 ὠς

237 4850 331 4904 διὰ
359 4850 657 4921 χλοηφόρου
685 4850 916 4904 διέϐαινε
942 4852 1146 4916 πεδίου,
1176 4853 1223 4905 εί
1251 4853 1324 4924 μὴ
1351 4856 1383 4924 ἠ
1410 4854 1600 4925 ῥάϐδος
1620 4856 1801 4929 εκείνη

239 4941 303 4993 ἑν
327 4938 474 5010 χειρὶ
498 4939 709 5007 Μωῦσῆ
741 4940 809 4993 τὰ
838 4942 1074 5010 στοιχεῖα
1102 4940 1522 5011 μετεσκεύασεν,
1557 4947 1646 4998 καὶ
1670 4947 1797 5010 τοὺς

237 5029 563 5093 ἀδικοῦντας
600 5030 897 5086 ἀπώλεσεν.
936 5034 1042 5085 Καὶ
1065 5034 1165 5087 οὐκ
1198 5033 1264 5087 ἂν
1290 5036 1451 5103 ἡμεῖς
1477 5036 1571 5089 τοῦ
1600 5039 1792 5108 νοητοῦ

237 5121 462 5189 Φαραὼ,
513 5121 607 5178 καὶ
635 5121 743 5177 τῶν
769 5123 858 5177 ὑπ’
884 5123 1034 5196 αὐτῷ
1082 5127 1571 5197 στρατηγουμένων
1602 5129 1792 5202 δαιμό-

234 5230 345 5265 νων
376 5212 476 5282 τῆς
500 5214 808 5292 τυραννίδος
854 5216 1249 5287 ἀπηλλάγμεθα
1275 5233 1289 5246 °
1319 5219 1427 5272 οὐδ’
1465 5218 1553 5286 ἂν,
1582 5221 1681 5292 τῆς
1713 5226 1793 5278 εἰ-

236 5290 749 5373 δωλολατρείαςώς
789 5306 1111 5379 Ἐρυθραίας
1148 5311 1280 5381 ἡμῖν
1332 5312 1608 5382 ῥαγείσης,
1639 5290 1796 5384 πρὸς

240 5394 339 5463 τὴν
361 5392 468 5447 τῶν
510 5397 760 5465 πατέρων
789 5398 1168 5471 κληρονομίαν,
1219 5404 1335 5473 ἦτοι
1373 5405 1469 5473 τὴν
1518 5403 1611 5458 τοῦ
1656 5405 1792 5459 Θεοῦ

239 5486 428 5538 πίστιν
462 5487 554 5540 καὶ
598 5488 854 5559 ἀλήθειαν
906 5492 1180 5563 διέϐημεν,
1216 5497 1264 5549 εἱ
1295 5492 1369 5565 μὴ
1400 5496 1428 5549 ὁ
1462 5495 1556 5549 τοῦ
1586 5497 1790 5567 Κυρίου

312 5666 360 5697 ³³
388 5663 540 5722 Joan.
572 5682 644 5734 tv,
671 5666 760 5723 ει.
838 5667 881 5699 ’⁸
906 5668 1042 5725 Psal.
1090 5686 1210 5737 va,
1240 5671 1323 5727 Η.

246 5751 303 5791 ιιι
328 5746 437 5791 εις.
780 5747 785 5753 ’

1903 4588 2085 4642 raonis
2133 4587 2612 4659 Egyptiorumque
2668 4592 2928 4646 servitute
2985 4602 3147 4662 atque
3204 4607 3453 4647 mrumna

1899 4679 2162 4735 liberatus
2206 4690 2381 4746 esset;
2440 4697 2717 4750 nunquam
2771 4681 3088 4739 intercisum
3152 4684 3229 4739 illi
3284 4700 3451 4748 mare,

1899 4770 2049 4825 velut
2077 4766 2275 4824 virenti
2309 4772 2425 4825 solo
2464 4770 2788 4838 incedendo,
2825 4774 3137 4839 transisset,
3170 4774 3274 4829 nisi
3304 4775 3454 4845 virga

1900 4861 1990 4916 illa
2024 4861 2077 4915 in
2103 4878 2263 4915 manu
2291 4862 2449 4917 Mosis
2480 4864 2749 4919 elementa
2791 4873 3083 4933 mutasset,
3120 4876 3281 4938 atque
3308 4868 3452 4937 inju-

1900 4952 1994 5007 riae
2018 4960 2268 5007 auctores
2288 4953 2617 5022 perdidisset
2642 4972 2656 5009 :
2682 4971 2783 5010 nec
2805 4972 2935 5011 vero
2961 4973 3059 5013 nos
3081 4975 3317 5030 unquam
3344 4959 3451 5028 spi-

1899 5044 2071 5099 ritalis
2098 5045 2392 5101 Pharaonis
2410 5046 2571 5117 eique
2595 5048 3119 5121 succenturiatorum
3146 5052 3445 5105 daemonum

1902 5134 2239 5205 tyrannidem
2268 5151 2486 5192 eramus
2517 5122 2823 5203 exeussuri,
2859 5146 2954 5191 aut
2980 5155 3107 5193 vero
3132 5139 3446 5193 simulacro-

1899 5242 2019 5281 rum
2052 5227 2199 5282 cultu
2230 5230 2379 5283 velut
2406 5230 2541 5283 mari
2562 5226 2747 5284 Rubro
2775 5230 2934 5284 nobis
2966 5231 3200 5299 dirupto.
3241 5228 3307 5281 ad
3348 5244 3443 5298 pa-

1900 5327 2041 5373 trum
2073 5317 2443 5384 haer‘editatem
2470 5319 2587 5382 (Dei
2617 5320 2827 5375 scilicet
2850 5321 3007 5375 ﬁdem
3049 5336 3109 5373 ac
3135 5318 3439 5389 veritatem)

1896 5411 2390 5477 commeaturi,nisi
2406 5426 2538 5487 crux
2555 5412 2831 5467 Dominica
2851 5411 3234 5481 nequissimum
3252 5412 3440 5467 mundi

1897 5501 2191 5571 principem
2243 5500 2609 5573 proﬂigasset,
2655 5516 3045 5569 ascensumque
3094 5500 3149 5555 in
3210 5501 3434 5567 coelum,

1422 5674 1465 5706 ”
1495 5674 1681 5734 Matth.
1739 5695 1883 5743 niv,
1938 5675 2032 5741 30;
2092 5679 2233 5735 Psal.
2281 5698 2406 5749 xm,
2463 5681 2515 5749 4,
2568 5690 2624 5736 et
2670 5697 2807 5744 xuv,
2864 5680 2931 5743 5;
2982 5694 3087 5742 cu,
3123 5678 3204 5746 .2;
3255 5677 3431 5736 Exod.
