3950 6320
464 368 535 445 ει
1649 375 1942 443 meme
1978 381 2500 447 PAPHLAGONIS

468 481 777 549 inaccessas
830 498 951 542 cum
976 490 1151 554 esset,
1205 497 1488 542 accessum
1531 484 1844 545 volentibus
1882 504 2022 560 pra:-

2143 491 2359 562 τταυρδς
2383 491 2474 545 τὸν
2492 490 2723 562 πονηρὸν
2740 478 2971 562 ἄρχοντα
2996 488 3324 545 καταλέλυκε
3338 488 3434 545 τοῦ
3449 457 3676 563 κόσμου,

468 578 722 635 stitisset.

544 758 714 824 Crux,
754 757 1013 815 Ecclesiae
1072 757 1359 817 catholica:
1397 760 1656 833 splendor
1692 761 2029 833 illustrisque

465 860 717 913 ornatus.
751 853 1120 937 apostolorum
1168 854 1370 927 gloria,
1412 846 1759 913 sacerdotum
1790 858 2030 915 sanctifi-

467 942 646 1009 catio,
688 953 988 1017 martyrum
1028 945 1197 1011 nitor,
1238 952 1604 1017 constansque
1643 948 1904 1006 adversus
1930 966 2029 1007 ne-

468 1034 768 1105 quissimos
796 1034 1081 1105 patientia.
1102 1037 1322 1092 Piorum
1352 1052 1416 1093 ac
1442 1039 1835 1095 monachorum
1862 1040 2033 1096 firmi-

470 1134 577 1190 tas,
602 1126 956 1200 omniumque
971 1128 1244 1200 iustorum
1268 1126 1403 1182 fides
1420 1136 1583 1199 atque
1606 1144 1757 1201 spes,
1786 1130 2030 1185 omnium

472 1215 708 1287 denique
723 1226 1035 1274 sanctorum
1056 1218 1312 1290 gaudium
1334 1228 1391 1275 et
1408 1234 1609 1276 corona
1632 1221 2028 1278 exsultationis.

468 1307 552 1365 Ne
581 1309 668 1365 lex
696 1308 917 1380 quidem
942 1326 1139 1381 expers
1170 1310 1395 1367 virtutis
1425 1314 1639 1370 crucis:
1666 1330 1769 1370 nec
1796 1314 1888 1385 qui
1910 1330 2033 1386 gra-

469 1408 585 1457 tam
612 1416 937 1475 pramessere
960 1404 1136 1459 sancti
1168 1404 1375 1475 absque
1404 1420 1470 1461 ea
1498 1406 1851 1462 admirabiles
1876 1424 1891 1461 :
1922 1406 2024 1462 sed

467 1501 531 1549 et
560 1492 617 1553 in
647 1493 755 1550 illis
774 1494 1035 1565 paulatim
1057 1496 1306 1552 obscuris
1326 1498 1483 1567 quasi
1506 1498 1717 1554 umbris
1740 1499 2031 1563 delineata,

471 1599 628 1639 suam
655 1586 885 1657 gloriam
911 1587 1131 1659 vimque
1166 1587 1632 1644 submonstrabat.
1661 1588 1796 1643 Nam
1828 1572 2033 1645 et'ma-

472 1690 613 1745 gnus
639 1676 915 1747 quondam
947 1678 1122 1733 Moses
1157 1678 1410 1733 manibus
1443 1679 1500 1733 in
1534 1678 1731 1755 coelum
1769 1678 1947 1733 crucis
1971 1678 2034 1733 fi-

472 1782 607 1838 gura
636 1767 899 1835 extensis,
928 1768 1243 1825 Amalecutn
1272 1769 1478 1841 fugavit
1510 1785 1574 1825 ac
1604 1768 1748 1824 fudit
1767 1768 1832 1823 ".

544 1941 699 2000 Crux.
711 1952 986 1999 armatura
1003 1941 1332 1998 Christianis
1350 1940 1603 1995 omnibus
1619 1940 2032 1997 invulnerabilis

474 2033 1021 2106 “inexpugnabilis.
1061 2032 1249 2087 Murus
1276 2046 1479 2097 aeneus,
1513 2032 1727 2095 cunctis
1758 2032 2034 2087 latronum

472 2126 777 2182 insultibus
803 2124 1211 2195 insuperabilis.
1244 2123 1437 2178 Turris
1474 2122 1812 2179 fortitudinis
1836 2140 1867 2179 a
1894 2123 2033 2180 facie

474 2218 842 2278 inimicorum.
873 2216 1224 2289 Signaculum
1248 2216 1458 2286 regium
1487 2215 1802 2270 inviolabile
1832 2230 1896 2273 ac
1946 2214 2036 2269 in-.

472 2311 831 2367 adulterabile
851 2312 1034 2365 :locus
1057 2309 1301 2364 munitus
1322 2323 1387 2363 ac
1410 2318 1561 2364 tutus
1582 2308 1649 2362 ad
1672 2308 1923 2372 salutem,
1948 2307 2036 2363 his

476 2402 574 2473 qui
608 2404 1049 2473 persecutionem
1111 2402 1436 2471 patiuntur:
1472 2402 1666 2456 domus
1703 2400 1920 2471 refugii,
1949 2399 2036 2455 his

474 2494 571 2564 qui
602 2509 634 2548 a
664 2507 891 2564 peccato
920 2493 1309 2563 impugnantur
1336 2511 1350 2547 :
1380 2493 1505 2549 vitae
1531 2493 1914 2563 pharmacum,
1939 2493 2052 2549 his

471 2585 851 2655 quorumvita
879 2584 934 2639 in
965 2585 1214 2655 periculo
1238 2594 1489 2639 versatur
1513 2587 1581 2639 "’.

541 2676 739 2732 Crucis
772 2678 988 2748 signum
1016 2676 1193 2732 Moses
1220 2675 1506 2746 efﬁngebat
1524 2717 1539 2742 ,
1575 2693 1699 2734 cum
1734 2678 1789 2733 in
1817 2678 2035 2734 deserto

476 2767 611 2823 olim
643 2783 674 2822 e
703 2780 857 2823 recto
882 2769 1030 2839 ligno
1054 2768 1204 2823 velut
1238 2768 1400 2834 malo,
1421 2776 1729 2838 serpentem
1762 2778 2035 2825 transver-

476 2876 598 2917 sum
619 2862 951 2931 exponeret:
985 2875 1050 2915 ac
1070 2860 1115 2916 si
1136 2860 1281 2931 quod
1305 2860 1618 2915 lethiferum
1640 2861 1792 2915 virus
1812 2877 2035 2931 serpens

476 2966 661 3007 morsu
682 2951 1012 3017 immisisset,
1044 2966 1111 3006 eo
1134 2950 1321 3016 larsus',
1348 2951 1405 3004 in
1433 2966 1552 3005 eam
1580 2953 1762 3006 statim
1787 2953 1949 3021 pilam
1973 2967 2037 3007 ac

476 3042 826 3097 simulacrum
858 3042 1101 3112 aspicere
1126 3041 1439 3112 jubebatur.
1469 3042 1591 3097 Mox
1622 3043 1785 3113 igitur
1810 3058 1875 3097 ac
1897 3058 2026 3112 per-

477 3148 677 3189 cussus
699 3132 881 3188 crucis
908 3134 1065 3204 signo
1086 3133 1383 3189 adhibebat
1403 3134 1647 3199 oculum,
1676 3136 1841 3190 etiam
1868 3150 2035 3188 vene-

2128 583 2223 637 ml.
2242 582 2339 654 τὴν
2366 578 2503 655 πρὸς
2541 582 2767 654 οὐρανὸν
2795 580 2998 647 ἄνοδον,
3022 580 3223 636 ἀϐατον
3250 577 3434 648 οὖσαν,
3486 581 3674 653 είργά-

2130 691 2259 730 σατο
2285 677 2398 739 τοῖς
2431 674 2772 746 βουλομένοις
2797 673 2986 745 βατήν.
3063 718 3068 723 .
3565 747 3573 753 .

2199 767 2437 845 Στᾳυρὸς
2464 767 2565 837 τῆς
2590 766 2878 837 καθολικῆς
2913 764 3235 837 Ἐκκλησίας
3259 767 3288 819 6
3315 766 3680 838 λαμπρυσμός

2127 879 2187 916 τε
2215 860 2309 915 καὶ
2353 860 2633 930 στολισμός
2650 876 2665 891 ·
2693 858 2801 912 τῶν
2848 859 3156 913 ἀποστόλων
3195 860 3223 912 ό
3249 858 3628 929 καλλωπισμός
3654 876 3674 893 ο

2127 952 2235 1007 τῶν
2263 953 2452 1025 ίερέων
2481 951 2810 1022 όάγιασμός
2829 966 2846 980 ·
2870 951 2979 1004 τῶν
3008 950 3295 1023 μαρτύρων
3315 953 3342 1005 6
3362 950 3682 1022 ἀγλαϊσμδς,

2129 1044 2227 1099 καὶ
2250 1045 2285 1115 ἡ
2317 1043 2452 1115 πρὸς
2496 1043 2621 1106 τοὺς
2666 1042 2933 1112 πονηροὺς
2957 1040 3231 1105 ἀνένδοτος
3259 1040 3499 1112 ὑπομονή
3524 1054 3539 1070 ⁸
3572 1040 3684 1093 τῶν

2128 1135 2289 1189 ὁσίων
2307 1137 2336 1189 6
2358 1133 2677 1205 στηριγμός,
2703 1134 2795 1189 καὶ
2823 1133 3038 1186 πάντων
3054 1132 3162 1186 τῶν
3190 1133 3412 1187 δικαίων
3428 1135 3462 1205 ὴ
3493 1134 3679 1194 πίστις

2130 1227 2223 1281 καὶ
2254 1228 2288 1298 ὴ
2311 1228 2482 1293 ὲλπὶς,
2517 1228 2611 1279 καὶ
2647 1227 2863 1281 πάντων
2896 1226 3064 1294 ἁγίων
3105 1227 3248 1297 χαρά
3295 1227 3388 1280 καὶ
3415 1226 3677 1313 στίφιανος

2132 1316 2467 1387 καυχήσεως.
2500 1315 2634 1370 Οὐδὲ
2660 1317 2689 1369 6
2716 1315 2878 1387 νόμος
2904 1316 3128 1386 ἄμοιρος
3155 1315 3253 1385 τῆς
3277 1314 3561 1386 δυνάμεως
3582 1316 3679 1370 τοῦ

2119 1406 2366 1479 ’σταυροῦ
2381 1422 2396 1437 ·
2431 1406 2550 1461 οὐδὲ
2574 1407 2623 1461 οἱ
2645 1406 2747 1477 πρὸ
2768 1406 2868 1476 τῆς
2887 1406 3104 1477 χάριτος
3128 1406 3271 1475 ἅγιοι
3294 1406 3484 1459 τούτου
3512 1408 3685 1478 χωρὶς

2133 1498 2469 1571 θαυμαστοί’
2514 1498 2651 1554 ἀλλά
2699 1497 2793 1551 καὶ
2826 1500 2884 1552 ὲν
2922 1497 3149 1562 ἐκείνοις
3196 1500 3380 1570 ἠρέμα
3413 1514 3683 1569 σκιαγρα-

2132 1584 2418 1661 φούμενος,
2447 1588 2545 1659 τὴν
2580 1589 2712 1643 ίδίαν
2732 1587 2888 1653 δόξαν
2932 1587 3193 1657 ὑπέφαινε
3209 1590 3301 1642 καὶ
3329 1587 3679 1657 ίσχύν.Ἐπε“ι

2133 1680 2228 1734 καὶ
2253 1679 2455 1748 Μωσῆς
2494 1680 2522 1732 6
2555 1678 2723 1748 μέγας
2779 1678 2908 1730 ποτὲ
2946 1677 3304 1749 σταυροειδῶς
3356 1678 3456 1740 τὰς
3500 1678 3687 1749 χεῖρας

2135 1770 2270 1842 πρὸς
2302 1769 2524 1840 οὐρανὸν
2568 1767 2933 1837 ὲκτεινόμενος
3018 1769 3108 1822 τὸν
3144 1769 3389 1839 ’Δμαλὴκ
3437 1767 3685 1842 seponi»-

2068 1849 2113 1909 Β
2144 1880 2292 1917 σατο.

2204 1952 2458 2024 Σταυρὸς,
2490 1953 2652 2006 ὅπλον
2683 1953 3023 2025 Χριστιανοῖς
3052 1954 3215 2005 πᾶσιν
3261 1950 3561 2020 ἄθραυστον
3588 1951 3690 2003 καὶ

2132 2045 2482 2115 ἀπρόσμαχον
2501 2058 2515 2071 ·
2546 2045 2721 2113 τεῖχος
2741 2041 2990 2114 χαλκοῦν,
3014 2041 3212 2104 πάσαις
3236 2041 3443 2109 ἐφόδοις
3473 2039 3692 2112 λῃστριο

2131 2137 2254 2197 καῖς
2308 2134 2629 2187 ἀνεπίϐατον
2655 2150 2669 2165 ·
2730 2134 2937 2205 πύργος
2998 2132 3176 2202 ίσχύος
3235 2131 3342 2187 ἀπὺ
3398 2133 3692 2201 προσώπου

2130 2226 2356 2296 ἐχθρῶν.
2397 2225 2651 2296 Βασιλικὴ
2680 2225 2911 2295 σφραγὶς
2939 2225 3330 2295 ἀπαράτρωτος
3353 2225 3442 2277 καὶ
3466 2226 3689 2295 ἀπαρα-

2133 2317 2351 2387 ποίητος
2372 2331 2385 2344 ’
2419 2317 2581 2379 τόπος
2617 2316 2809 2386 ὀχυρὸς
2845 2318 2955 2378 τοῖς
2987 2314 3335 2385 διωκομένοις
3387 2317 3466 2378 είς
3511 2333 3691 2386 σωτη-
3749 2351 3762 2367 ._

2137 2409 2285 2479 ρίαν·
2320 2404 2464 2472 οἴκος
2494 2408 2832 2478 καταφυγῆς,
2862 2410 2975 2470 τοῖς
3004 2405 3062 2472 ἐξ
3105 2407 3375 2478 ἁμαρτίας
3419 2408 3688 2478 πολεμου-

2136 2502 2349 2571 μένοιςο
2388 2502 2534 2570 ζωῆς
2585 2500 2892 2571 φάρμακον,
2934 2500 3049 2564 τοζ
3099 2500 3179 2565 είς
3216 2498 3445 2555 θάνατον
3497 2499 3650 2557 κινδυ
3678 2535 3690 2542 -

2132 2591 2397 2647 νεύουσιν.

2203 2683 2440 2751 Σταυρὺν
2491 2682 2692 2737 ὲτύπου
2748 2682 2972 2751 Μωσῆς,
3022 2681 3188 2753 ὀρθίῳ
3240 2682 3381 2751 ξύλῳ
3435 2682 3690 2754 καθάπερ

2128 2774 2265 2845 ίστῷ
2291 2773 2522 2845 χαλκοῦν
2548 2774 2671 2843 δηφιν
2698 2773 2986 2842 ὲγκάρσιον
3004 2773 3097 2831 ιπὶ
3115 2773 3214 2841 τῆς
3240 2772 3446 2843 ἐρήμου
3477 2774 3538 2828 τὸ
3560 2776 3695 2845 πρὶν

2133 2862 2465 2927 ἐκδεδωκώς·
2502 2864 2596 2917 καὶ
2628 2864 2680 2917 εί
2705 2881 2757 2916 τι
2805 2863 3173 2933 θανατηφόρον
3227 2862 3303 2917 ίδν
3340 2862 3461 2932 ϐφις
3522 2864 3694 2919 ὲναπ-

2140 2954 2312 3022 ήμεσε
2358 2951 2556 3016 δακὼν,
2579 2954 2761 3023 ἐκείνῃ
2810 2952 3165 3021 προσϐλέπειν
3212 2950 3370 3014 εὐθὺς
3401 2954 3466 3024 τῇ
3520 2953 3694 3025 στήλῃ

2136 3042 2501 3114 παρήγγελτο.
2537 3045 2690 3113 ’Λμα
2742 3042 2918 3095 τοίνυν
2963 3042 3042 3111 τῷ
3091 3042 3246 3113 τύπῳ
3300 3042 3394 3096 τοῦ
3456 3043 3691 3114 σταυροῦ

2137 3136 2410 3204 προσεῖχε,
2438 3134 2533 3187 καὶ
2569 3133 2631 3186 τὸ
2662 3133 2862 3187 ίοϐὀλον
2909 3132 3212 3202 ἠμϐλύνετο
3255 3134 3456 3205 δῆγμαζ
3485 3134 3579 3188 καὶ
3624 3134 3694 3187 τὸ

476 3224 701 3280 nativis
739 3240 952 3280 morsus
975 3225 1395 3296 elanguescebat
1423 3265 1440 3292 ,
1482 3239 1732 3293 noxaque
1756 3224 2036 3280 interitum

2143 3223 2481 3293 όλεθροτόκον
2529 3223 2714 3276 ἐλύετο
2744 3222 2903 3290 πῆμα
2926 3238 2942 3253 ο
2974 3222 3069 3276 καὶ
3100 3222 3328 3292 ἄμισθον
3356 3223 3550 3277 αὐτίκα
3590 3223 3695 3293 τὴν

386 3350 391 3353 »
476 3318 715 3375 nﬂerens
741 3318 1070 3385 lacessebat;
1096 3332 1161 3373 ac
1179 3317 1467 3373 confestim
1490 3317 1585 3388 qui
1608 3332 1820 3371 morsus
1840 3316 2036 3379 fuerat,

478 3410 728 3467 sanitatis
768 3410 1069 3465 remedium
1109 3409 1253 3464 ultro
1303 3424 1622 3465 concessum
1658 3408 1948 3463 referebat.
1982 3407 2039 3463 Si

478 3512 660 3558 autem
724 3502 903 3558 crucis
952 3501 1123 3573 ﬁgura
1186 3500 1455 3559 vivificam
1496 3502 1632 3556 adeo
1669 3502 2039 3570 Operationem

480 3594 790 3663 prabebat,
818 3595 991 3649 multo
1032 3593 1204 3665 magis
1233 3609 1367 3648 crux
1398 3592 1535 3663 ipsa.
1564 3591 1619 3646 Si
1646 3592 1867 3661 quidem
1894 3590 2041 3645 enim

480 3684 629 3741 Petri
672 3684 866 3739 umbra
902 3684 1148 3739 inﬁrmos
1180 3683 1407 3738 sanabat
1448 3682 1547 3755 (uti
1580 3697 1735 3736 sacro
1768 3680 2041 3750 proditum

479 3777 784 3846 eloquioac
803 3775 1072 3831 creditum
1093 3775 1391 3845 est),longe
1417 3774 1599 3844 potius
1623 3774 1737 3841 ipse
1760 3774 1952 3827 Petrus
1975 3773 2040 3826 ³⁸.

552 3865 699 3922 Crux
749 3863 1063 3921 sacerdotii.
1094 3863 1499 3938 consummatio
1550 3876 1615 3916 ac
1664 3861 2041 3932 signaculum,

484 3958 699 4028 imperii
728 3958 894 4013 robur
928 3972 991 4033 ac
1019 3957 1452 4019 fundamentum,
1485 3962 1725 4025 potestas
1760 3953 2044 4023 magistra-

484 4058 660 4116 tuum,
686 4058 960 4104 armatura
984 4050 1208 4109 ducum,
1242 4048 1467 4102 victoria
1502 4048 1734 4104 militum
1774 4065 1839 4103 ac
1868 4048 2042 4103 victo-

484 4140 581 4196 rite
604 4148 884 4215 tropaeum,
935 4149 1051 4194 tuta
1075 4139 1222 4193 salus
1248 4154 1347 4207 pro
1372 4139 1601 4210 imperio
1622 4142 2041 4205 dominantium,

484 4236 829 4310 subditorum
866 4234 1189 4303 compositio
1222 4248 1285 4287 ac
1318 4222 1650 4289 constantia.
1677 4234 1823 4290 Crux
1856 4235 2043 4289 erudi-

488 4337 667 4383 torum
712 4325 1011 4396 sapientia,
1048 4323 1421 4393 insipientium
1458 4325 1770 4395 disciplina,
1813 4324 2043 4380 divitum

484 4418 865 4474 fulcimentum
901 4430 963 4468 ac
998 4414 1420 4479 ﬁrmamentum,
1460 4429 1759 4484 pauperum
1798 4415 2046 4485 gloriatio

486 4517 545 4564 et
571 4508 847 4569 solatium,
885 4520 1075 4559 eorum
1103 4504 1196 4573 qui
1220 4512 1511 4559 versantur
1538 4503 1594 4557 in
1620 4520 1882 4569 aerumna,
1912 4519 2044 4574 gau-

2140 3316 2283 3369 ῐασιν
2309 3312 2337 3364 6
2365 3312 2579 3382 δηχθεὶς
2610 3298 2911 3382 ἐκομίζετο.
2943 3312 3003 3364 Et
3053 3311 3107 3364 δὲ
3151 3314 3179 3365 6
3205 3311 3298 3365 τοῦ
3330 3315 3560 3382 σταυροῦ
3590 3314 3693 3366 τύ·

2140 3423 2241 3469 πος
2270 3404 2529 3469 ζωοποιὸν
2548 3403 2689 3456 οὕτω
2718 3404 2978 3471 παρεῖχεν
3022 3402 3318 3473 ἐνέργειαν,
3350 3385 3529 3474 πολλῷ
3554 3405 3695 3474 μᾶλ-

2125 3497 2226 3572 λον
2253 3499 2281 3550 6
2310 3496 2536 3566 σταυρὸς
2564 3496 2722 3558 αὑτός
2744 3510 2759 3523 ·
2787 3497 2834 3579 εί
2865 3495 2968 3563 γὰρ
2998 3496 3030 3564 ἡ
3063 3496 3190 3549 σκιά
3213 3495 3307 3548 τοῦ
3336 3497 3541 3568 Πέτρου
3566 3497 3695 3579 τους

2140 3587 2494 3650 ἀσθενοῦντας
2553 3586 2734 3640 ἰᾶσθαι
2790 3572 2883 3638 καὶ
2942 3585 3358 3656 μεμαρτύρηται
3402 3590 3495 3641 καὶ
3523 3572 3693 3641 πεπι-

2143 3695 2383 3744 στευται,
2415 3678 2547 3731 πολὺ
2586 3676 2797 3746 πρῶτον
2823 3676 2851 3728 ὁ
2887 3676 3082 3747 Πέτρος
3112 3677 3291 3740 αὐτός.
3656 3670 3659 3671 ν

2211 3861 2451 3931 Σταυρδς
2478 3860 2577 3930 τῆς
2617 3858 2912 3929 ἱερωσύνης
2943 3859 2976 3928 ἡ
3004 3854 3278 3921 τελείωσις
3306 3859 3397 3912 καὶ
3426 3847 3698 3929 σφραγίς·

2140 3953 2235 4023 τῆς
2270 3951 2536 4023 βασιλείας
2576 3951 2608 4022 ἠ
2643 3950 2969 4020 κραταίωσις
2997 3950 3091 4003 καὶ
3122 3949 3326 4021 κρηπίς
3349 3967 3363 3982 ·
3400 3950 3433 4021 ἡ
3462 3950 3697 4021 δύναμις

2140 4041 2246 4095 τῶν
2274 4038 2567 4102 δυναστῶν,
2622 4039 2657 4108 ή
2686 4036 2953 4091 πανοπλία
2978 4036 3087 4090 τῶν
3114 4037 3452 4107 στρατηγῶν,
3498 4039 3532 4108 ἡ
3566 4038 3693 4108 νίκη

2141 4124 2247 4177 τῶν
2281 4124 2618 4197 στρατιωτῶν
2669 4123 2762 4178 καὶ⁵
2802 4123 2899 4193 τῆς
2950 4122 3107 4192 νίκης
3142 4124 3200 4178 τὸ
3241 4120 3532 4195 τρόπαιον”
3581 4126 3696 4179 τῶν

2143 4215 2472 4287 ἀρχόντωνή
2503 4214 2765 4283 ἀσφάλεια
2802 4214 2901 4283 τῆς
2926 4214 3120 4285 ἀρχῆς,
3170 4215 3277 4267 τῶν
3310 4216 3625 4286 ἀρχομένων
3650 4220 3690 4289 ἡ

2143 4307 2359 4373 εὐταξία
2387 4323 2446 4360 τε
2478 4306 2574 4361 καὶ
2618 4305 2923 4385 εὐστάθεια.
2986 4304 3221 4375 Σταυρδς
3267 4306 3373 4360 τῶν
3400 4307 3694 4361 πεπαιδευ-

2155 4399 2380 4469 μένωνὴ
2415 4397 2593 4467 σοφία,
2623 4398 2730 4451 τῶν
2755 4396 2973 4464 ἀσόφων
3003 4398 3037 4468 ἠ
3068 4395 3365 4461 παίδευσις,
3393 4396 3501 4450 τῶν
3528 4396 3694 4452 πλου-

2146 4490 2276 4543 σίων
2305 4488 2535 4560 ἔρεισμα
2557 4489 2651 4544 καὶ
2679 4487 3019 4559 κραταίωμα,
3038 4485 3145 4541 τῶν
3166 4490 3414 4558 πενήτων
3433 4489 3695 4559 καύχημά

487 4595 642 4651 dium
662 4603 717 4651 et
732 4565 1044 4660 exsultatio,
1082 4565 1274 4648 eorum
1302 4594 1394 4663 qui
1419 4593 1623 4647 morbis
1643 4565 2036 4659 conﬂictantur,

2144 4598 2203 4633 τε
2253 4581 2345 4634 καὶ
2384 4581 2774 4651 παρηγόρημα,
2804 4579 2911 4633 τῶν
2969 4581 3027 4632 ὲν
3086 4577 3326 4649 θλίψεσιν
3374 4579 3695 4650 χαρμοσύνη

489 4689 697 4744 sanitas
721 4696 777 4741 et
811 4685 1153 4755 refrigerium
1176 4726 1190 4749 ,
1237 4700 1427 4741 eorum
1455 4685 1547 4753 qui
1586 4685 1640 4738 in
1678 4686 1889 4740 cunctis
1922 4685 2045 4741 vita:

491 4781 649 4836 malis
702 4788 901 4848 agunt,
954 4776 1240 4831 aediﬁcatio
1289 4775 1701 4844 exhortatioque
1752 4784 1807 4830 et
1854 4790 2046 4830 conso-

490 4874 641 4928 latio.

561 4964 707 5018 Crux
733 4962 974 5016 omnium
1025 4971 1337 5015 sanctorum
1373 4959 1684 5029 angelorum
1718 4958 1967 5029 gloriatio
1987 4965 2043 5011 et

490 5067 727 5117 corona,
771 5050 1073 5105 darmonum
1113 5050 1361 5104 omnium
1404 5052 1555 5123 plaga
1594 5067 1657 5107 ac
1686 5051 1998 5117 ,confractio
2024 5090 2038 5115 ,

398 5136 399 5139 “
491 5141 801 5199 Judaeorum
828 5141 1053 5196 offensio
1071 5150 1127 5197 et
1146 5141 1365 5195 afﬂictio
1383 5184 1396 5208 ,
1430 5143 1723 5199 inﬁdelium
1746 5142 2040 5199 confutatio

489 5246 547 5289 et
568 5233 972 5297 condemnatio,
1004 5230 1240 5287 fidelium
1267 5236 1605 5290 conservatio
1629 5246 1683 5289 et
1707 5233 2039 5303 justiﬁcatio,

491 5325 803 5380 cadentium
836 5325 1116 5390 excitatio,
1149 5324 1407 5381 elisorum
1436 5326 1639 5381 erectio
1663 5325 1727 5375 ".

565 5578 711 5635 Crux
729 5589 1101 5637 emortuorum
1122 5582 1251 5642 vita,
1281 5577 1648 5647 depositorum
1675 5592 1815 5647 spes,
1842 5582 2039 5635 virtute

570 5786 611 5817 "
638 5787 809 5845 Exod.
838 5806 965 5851 xvu,
1000 5792 1081 5845 ll.
1160 5788 1209 5825 ³⁷
1235 5785 1373 5840 Psal.
1402 5800 1483 5843 ιχ,
1520 5787 1578 5843 l:
1619 5789 1751 5843 Psal.
1794 5807 1911 5852 ως,
1948 5788 1997 5851 5;

2145 5786 2177 5839 1.
2214 5802 2331 5851 xxx,
2371 5790 2419 5841 3.
2490 5794 2531 5823 "
2568 5792 2683 5845 Act.
2714 5810 2762 5855 ν,
2798 5795 2876 5844 πὶ.

2147 4673 2236 4726 καὶ
2262 4672 2574 4740 ἀγαλλίασις
2594 4714 2613 4743 ,
2642 4672 2749 4725 τῶν
2781 4675 2837 4725 ὲν
2866 4673 3163 4743 νοσήμασιν
3195 4672 3333 4733 ίασις
3365 4671 3457 4725 καὶ
3475 4670 3695 4741 ἀνάψυο

2147 4764 2252 4830 ξις,
2307 4765 2415 4818 τῶν
2445 4766 2503 4819 ὲν
2530 4768 2694 4819 πᾶσιν
2729 4764 3129 4835 ἐξεταζομένων
3179 4764 3275 4818 τοῦ
3329 4764 3441 4834 βίου
3505 4765 3694 4827 κακοῖς

2142 4854 2394 4925 οἰκοδομὴ
2432 4856 2526 4908 καὶ
2556 4856 2899 4925 παράκλησις
2928 4856 3018 4906 καὶ
3054 4854 3392 4923 παραμυθία.

2210 4946 2441 5018 Σταυρὸς
2492 4946 2599 4999 τῶν
2650 4946 2817 5011 ἁγίων
2864 4942 3105 5014 ἀγγέλων
3151 4946 3371 4999 πᾶντων
3423 4945 3483 4999 τὸ
3512 4944 3690 5010 ἀγαλ-

2144 5034 2311 5105 λίαμα
2362 5038 2455 5089 καὶ
2512 5034 2881 5101 στεφάνωμα,
2936 5032 3044 5086 τῶν
3107 5033 3377 5104 δαιμόνων
3437 5038 3694 5091 ἁπάντων

2147 5126 2396 5197 οραῦσμα
2420 5127 2512 5181 καὶ
2536 5125 2888 5193 συντριμμὸς,
2918 5125 3023 5178 τῶν
3063 5127 3329 5181 Ἰουδαίων
3362 5129 3697 5199 πρόσκομμα

2144 5220 2237 5270 καὶ
2268 5216 2515 5285 θλιμμὺς,
2543 5213 2653 5266 τῶν
2691 5215 2936 5269 ἀπίστων
2963 5216 3172 5285 ἐλεγξις
3206 5220 3299 5271 καὶ
3342 5220 3693 5290 κατάκρισις,

2141 5309 2249 5361 τῶν
2275 5305 2477 5358 πιστῶν
2518 5305 2839 5377 συντήρησις
2886 5308 2978 5361 καὶ
3006 5309 3283 5373 δικαίωσις
3305 5311 3342 5377 ,’
3363 5310 3471 5364 τῶν
3518 5327 3696 5364 κατα-

2144 5398 2440 5451 πιπτόντων
2472 5396 2783 5467 ἀνάστασις,
2816 5402 2922 5457 τῶν
2972 5404 3500 5475 καταρρηγνυμένων
3532 5401 3697 5475 ἀνόρ-

2146 5488 2325 5546 Θωσίς.

2213 5576 2449 5647 Σταυρὸς
2478 5580 2587 5651 ζωὴ
2607 5582 3265 5651 τεθανατωμένων,ηὲλπὶς
3293 5584 3401 5637 τῶν
3430 5587 3695 5655 ἀπεγνωο

2954 5798 2994 5828 ²⁹
3026 5794 3160 5851 Psal.
3185 5806 3357 5857 cxuv,
3390 5794 3472 5850 14.
