3950 6320
286 289 376 358 33
1109 303 1385 365 ORATIO
1421 306 1501 367 II.
1528 308 1692 370 -ΙΝ
1732 312 2312 379 EXALTATIONEM
2351 319 2409 380 S.
2446 320 2735 383 CRUCIS.

3447 317 3528 393 ’3-8

306 407 560 481 σνένων,
602 414 708 466 τῶν
759 416 1168 486 κατορθούντων
1216 421 1413 491 κλίμαξ
1470 425 1677 494 ὑψοῦσα
1727 428 1849 500 πρὸς

1963 433 2263 491 viventium
2286 436 2431 491 scala
2454 438 2506 490 in
2533 438 2730 491 cmlum
2758 438 3071 505 sublevans,
3095 439 3527 503 discordantium

303 505 553 576 οὐρανὸν,
598 507 706 561 τῶν
754 508 1054 567 διεστώτων
1086 516 1453 605 συναγωγεὺς,
1482 519 1587 571 τῶν
1645 522 1870 592 όροοποο

300 598 539 653 δούντων
570 600 903 674 εύθυδρομία
949 607 1044 657 καὶ
1070 608 1341 666 συντονία,
1374 598 1481 660 τῶν
1510 610 1868 667 ἐκκλινάντων

1968 535 2310 599 conciliatio,
2356 548 2505 590 recto
2543 536 2679 605 pede
2723 537 3091 593 incedentium
3124 547 3306 594 rectus
3334 553 3530 593 cursus

1966 640 2029 679 ac
2057 627 2336 681 contentio
2356 666 2373 691 ,
2400 627 2793 682 declinantium
2819 630 3129 685 emendatio
3147 638 3202 685 et
3229 628 3533 689 manuduc-

302 688 592 759 διόρθωσις
622 693 716 747 καὶ
763 697 1126 767 χειραγωγία,
1156 697 1265 752 τῶν
1298 702 1705 769 μετανοούντων
1734 704 1849 759 ἀνα-

1968 718 2070 784 ῑίο,
2107 720 2488 789 pcenitentium
2514 720 2798 775 renovatio
2826 730 2883 776 et
2907 722 3207 777 subvectio.
3244 725 3249 731 ’

301 784 568 848 καίνωσις
596 787 690 840 καὶ
716 787 1021 857 ἀναγωγία.

373 874 633 947 Σταυρὸς,
688 878 798 931 τῶν
844 878 981 936 ὅλων
1019 880 1115 935 τοῦ
1166 882 1311 937 θείου
1353 885 1668 957 Πνεύματος
1706 907 1864 961 χαρι-

313 965 538 1035 σμάτων
568 967 802 1039 βραδεὺς
825 971 919 1025 καὶ
936 972 1121 1046 δοτὴρ.
1156 977 1297 1029 Ὀσα
1321 976 1428 1048 γὰρ
1454 980 1510 1031 έν
1534 980 1611 1052 τῷ
1645 980 1866 1053 Χριστῷ

299 1056 538 1125 μένοντα
568 1063 678 1123 τοῖς
702 1061 874 1126 ἀξίοις
918 1065 1349 1137 ὲπιχορηγείται,
1375 1070 1461 1125 διὰ
1500 1073 1734 1137 πίστεως
1771 1076 1864 1127 καὶ

294 1148 583 1221 δυνάμεως
617 1153 1029 1226 ὲπιχορηγεῖται
1057 1158 1151 1212 τοῦ
1187 1163 1442 1233 σταυροῦ.
1477 1163 1736 1234 Σταυρὸς,
1766 1166 1864 1235 φό-

294 1242 411 1295 ϐων
449 1246 803 1316 νυκτερινῶν,
845 1248 1018 1320 βελῶν
1044 1252 1339 1322 ἡμερινῶν,
1369 1254 1462 1309 καὶ
1498 1256 1697 1319 παντὸς
1722 1256 1864 1328 πρά·

294 1351 509 1404 γματος
540 1337 598 1390 ιν
633 1337 811 1394 σκότει
840 1339 1303 1413 διαπορευομένου
1326 1386 1342 1410 ,
1381 1346 1478 1400 καὶ
1517 1346 1863 1418 συμπτώμα-

292 1442 391 1488 τος
428 1426 631 1492 παντὸς
667 1430 762 1484 καὶ
802 1430 1080 1503 δαιμονίου
1120 1435 1340 1503 παντὸς,
1374 1436 1435 1490 ού
1486 1438 1861 1511 μεσημϐρινοῦ

293 1518 483 1587 μόνον,
525 1523 640 1585 τοῖς
680 1522 861 1588 καλῶς
904 1524 1066 1579 αὑτὸν
1112 1526 1492 1599 ὡπλισμένοις,
1539 1531 1657 1602 ἦτοι
1699 1533 1861 1604 σεση-

290 1611 628 1680 μειωμένοις
650 1653 666 1680 ,
697 1613 1040 1685 ἀναιρετικός
1070 1616 1129 1669 τέ
1174 1619 1289 1672 ἐστι
1340 1620 1434 1674 καὶ
1467 1620 1857 1693 ἀποτρόπαιος.

364 1701 626 1773 Σταυρὸς,
659 1704 713 1757 τί
735 1704 815 1759 δεῖ
844 1710 1251 1781 μακρηγορεϊν;
1280 1710 1388 1766 τῶν
1418 1714 1745 1782 παναγὰθων
1767 1716 1859 1769 τοῦ

2034 900 2181 957 Crux
2204 902 2447 958 omnium
2479 902 2648 959 divini
2672 903 2907 975 Spiritus
2936 905 3204 959 donorum
3232 907 3436 962 arbitra
3460 923 3529 965 ac

1964 990 2162 1045 datrix.
2187 989 2533 1063 Quaecunque
2556 994 2702 1048 enim
2726 995 2779 1048 in
2802 994 3023 1049 Christo
3048 996 3320 1051 manentia
3344 997 3525 1068 dignis

1964 1081 2482 1148 subministrantur,
2532 1101 2631 1154 per
2676 1084 2859 1140 crucis
2904 1085 3063 1139 ﬁdem
3110 1101 3174 1141 ac
3228 1089 3526 1155 potentiam

1962 1173 2470 1229 subministrantur.
2511 1175 2705 1231 Crucis
2726 1192 2794 1231 ea
2822 1177 2923 1239 vis,
2959 1184 3018 1229 ut
3041 1176 3108 1230 iis
3135 1176 3230 1247 qui
3261 1192 3325 1231 ea
3354 1178 3526 1246 probe

1961 1266 2156 1321 armati
2185 1275 2313 1321 sunt
2340 1282 2435 1320 seu
2459 1267 2781 1338 eonsignati,
2813 1268 3042 1323 timores
3067 1277 3387 1331 nocturnos,
3414 1268 3526 1324 diei

1960 1358 2205 1428 sagittas,
2241 1372 2464 1427 remque
2492 1374 2707 1413 omnem
2750 1360 2804 1413 in
2846 1358 3088 1414 tenebris
3127 1359 3523 1424 ambulantem,

1963 1461 2029 1502 ac
2058 1462 2249 1502 casum
2301 1461 2556 1511 omnem,
2606 1461 2876 1517 omneque
2934 1446 3526 1519 daemonium(nedum

1960 1536 2348 1609 meridianum)
2374 1538 2658 1595 interimat
2683 1538 3050 1610 proﬂigetque
3071 1541 3139 1594 ”.

2028 1716 2174 1773 Crux
2209 1705 2375 1788 (quid
2402 1716 2569 1773 refert
2598 1712 2866 1787 prolixius
2896 1716 3155 1788 dicere?)
3187 1716 3525 1788 optimorum

284 1791 430 1845 Θεοῦ
455 1795 708 1865 ιδωρεῶν,
743 1791 819 1853 ὧν
856 1800 914 1865 ἐξ
958 1779 1152 1868 αἰῶνος
1191 1802 1496 1876 ἀνθρώποις
1525 1779 1849 1878 ἐδωρήσατο1

1959 1807 2055 1862 Dei
2079 1779 2370 1875 donorum,
2388 1823 2508 1877 quae
2526 1822 2557 1862 a
2575 1779 2779 1865 saeculo
2795 1808 3116 1865 moi-talibus
3135 1779 3396 1879 elargitus
3417 1817 3523 1873 est,

282 1880 353 1933 τὺ
391 1881 863 1954 θεοπρεπέστατον
909 1889 1003 1941 καὶ
1030 1890 1385 1946 τελειότατον.
1430 1887 1597 1956 Οὗτος
1634 1893 1725 1947 τὸν
1754 1893 1861 1948 όλιο

283 1973 420 2027 σθον
444 1975 539 2029 τοῦ
568 1979 907 2050 προπάτορος
936 1981 1322 2049 ἀνεκαλέσατο,
1362 1984 1459 2037 καὶ
1491 1985 1594 2056 τὴν
1622 1986 1859 2058 ἀρχαίαν

281 2067 582 2139 ὕπήνοιξεν
620 2070 715 2124 τοῦ
761 2074 1092 2144 παραδείσου
1139 2078 1370 2149 τρυφήν.
1422 2069 1591 2143 Οὗτος
1630 2079 1730 2151 τὴν
1770 2080 1859 2134 διὰ

277 2160 382 2212 τοῦ
432 2160 592 2224 ξύλου
623 2163 898 2236 κατάραν,
940 2167 1020 2230 είς
1062 2168 1336 2238 εὐλογίανο
1368 2168 1470 2242 τὴν
1510 2169 1739 2243 φθορὰν.
1776 2172 1857 2237 εἰς

275 2251 628 2324 ἀφθαρσίαν·
673 2256 772 2328 τὴν
816 2260 1065 2329 πικρίαν,
1118 2262 1199 2327 είς
1242 2260 1593 2334 γλυκύτητα·
1630 2264 1723 2317 καὶ
1751 2265 1853 2335 τὴν

282 2344 610 2416 ὑπερορίαν,
677 2349 757 2413 είς
802 2348 1078 2418 βασιλείαν
1113 2368 1128 2382 ·
1179 2353 1275 2406 καὶ
1321 2354 1415 2407 τὸν
1464 2353 1693 2410 θάνατον
1725 2373 1857 2425 μετ-

279 2436 590 2491 εσκεύασεν
639 2441 716 2503 είς
755 2440 925 2513 ζωήν.
956 2436 1143 2509 Οὗτος,
1175 2444 1236 2497 οὐ
1268 2445 1426 2516 μόνον
1460 2446 1599 2518 πρὸς
1628 2447 1719 2501 τὸν
1742 2448 1854 2502 ἄνω

277 2528 617 2599 παράδεισον
647 2530 850 2594 εἴσοδος
883 2534 978 2589 καὶ
1010 2536 1371 2606 είσαγωγεὺς,
1402 2537 1538 2601 ἀλλὰ
1573 2538 1668 2593 καὶ
1705 2539 1853 2610 ζωῆς

274 2619 452 2686 δντως
497 2622 676 2691 ξύλον,
720 2626 906 2700 ῶσπερ
954 2628 1033 2700 τῷ
1066 2628 1236 2701 λῃστῇ
1279 2630 1565 2703 πρότερον,
1592 2633 1733 2687 οὕτω
1760 2634 1851 2686 καὶ

272 2713 418 2767 πᾶσι
470 2715 793 2772 καθίσταται
844 2719 1101 2791 τοῖςίτὴν
1147 2720 1332 2775 πίστιν
1387 2721 1597 2778 ἐκείνου
1646 2740 1847 2795 μιμου-

275 2804 493 2873 μένοις.
528 2856 533 2861 ,

352 2896 557 2975 Τοῦτον
579 2900 609 2952 ό
644 2901 819 2970 μέγας
857 2901 1063 2975 Πέτρος
1096 2905 1315 2976 κρατῶν
1348 2908 1413 2977 τῇ
1444 2907 1607 2979 χειρὶ,
1647 2908 1743 2961 καὶ
1771 2908 1848 2972 ὡς

272 2988 465 3060 ῥάϐδῳ
502 2996 828 3064 ποιμαντικῇ
885 2994 1061 3065 τούτῳ
1104 2998 1559 3068 σκηριπτόμενος,
1606 2998 1845 3053 ἀπεϐου-

269 3079 477 3150 κόλησε
526 3081 626 3151 μὲν
677 3084 773 3151 τῆς
814 3084 1140 3157 Ἐκκλησίας
1172 3065 1247 3150 ὡς
1294 3065 1582 3142 ἐπίϐουλον
1621 3065 1863 3159 Σίμωνα.

266 3171 372 3224 τὸν
404 3172 617 3241 Μάγον,
660 3175 754 3227 καὶ
800 3177 925 3241 τοὺς
971 3176 1168 3241 λύκους
1218 3177 1468 3250 έξέτριψε
1511 3180 1610 3249 τῆς
1679 3180 1842 3250 Ἀρα-

267 3262 425 3327 δίας·
453 3265 510 3317 ἐν
541 3265 689 3336 αύτῷ
730 3266 786 3320 δὲ
817 3267 885 3321 τὰ
928 3267 1181 3337 πρόϐατα.
1223 3269 1517 3341 προθύμως
1546 3269 1838 3340 ὲποίμανεν

267 3355 375 3407 καὶ
397 3354 675 3426 ποιμαίνει
703 3357 961 3428 Χριστοῦ.
1000 3358 1303 3430 Λήψομαι,
1344 3362 1511 3433 φησιν
1568 3364 1597 3417 ό
1644 3361 1841 3416 θεσπέ-

269 3462 396 3509 σιος
424 3449 715 3519 Ζαχαρίας,
743 3452 857 3518 τὴν
893 3451 1122 3521 ῥάϐδον
1174 3471 1291 3525 μου
1342 3455 1457 3523 τὴν
1485 3456 1680 3523 καλὴν
1722 3454 1834 3527 (τὸν

269 3540 514 3607 σταυρὸν
541 3541 663 3611 ιιμο⁴ι⁸
685 3540 859 3597 δοκεῖν
886 3543 1083 3615 λέγων)
1107 3586 1123 3611 ,
1148 3544 1249 3599 καὶ
1270 3545 1429 3615 ῥίψω
1449 3544 1653 3615 ⁸αὐτὴν
1671 3545 1847 3599 ἐναν-

271 3632 413 3684 τίον
450 3630 565 3685 τῶν
592 3633 846 3703 ἐχθρῶν,
878 3636 980 3691 καί
1007 3636 1274 3708 ποιμανῶ
1310 3638 1383 3692 τὰ
1410 3636 1673 3707 πρόϐατά
1708 3653 1849 3707 μου,

267 3721 379 3774 καί
412 3721 796 3781 διασκεδάσω
846 3728 962 3797 τὴν
983 3726 1147 3801 [εἰπε.
1194 3728 1365 3801 αὐτὴν
1385 3729 1478 3782 τοῦ
1501 3730 1854 3785 διασκευάσαι

1959 1901 2401 1972 augustissimum
2433 1900 3028 1972 perfectissimumque.
3062 1901 3193 1956 Haec
3227 1900 3389 1971 primi
3426 1917 3525 1973 pa-

1959 1992 2132 2047 rentis
2161 1992 2374 2047 ruinam
2422 1993 2751 2049 instauravit
2781 2008 2849 2049 ae
2886 1992 3123 2063 paradisi
3147 1992 3402 2063 antiquas
3426 1991 3524 2047 de-
3570 2060 3571 2063 η

1958 2080 2111 2135 licias
2170 2083 2506 2153 subaperuit.
2571 2084 2697 2139 llaec
2764 2082 3030 2138 invectam
3082 2098 3113 2136 a
3158 2083 3305 2153 ligno
3350 2083 3527 2138 male-

1956 2172 2251 2229 dictionem
2314 2175 2369 2228 in
2440 2174 2881 2230 benedictionem
2911 2214 2927 2240 ,
2990 2175 3397 2243 corruptionem
3465 2174 3523 2230 in

1956 2263 2420 2333 incorruptionem
2459 2304 2475 2330 ,
2529 2263 2952 2318 amaritudinem
3015 2262 3073 2317 in
3126 2264 3468 2319 dulcedinem
3502 2302 3523 2329 ,

1953 2354 2287 2423 exiliumque
2324 2355 2379 2408 in
2412 2369 2641 2425 regnum
2664 2397 2680 2421 ,
2716 2369 2781 2411 ac
2820 2362 3052 2409 mortem
3084 2354 3139 2410 in
3168 2354 3335 2411 vitam
3372 2371 3524 2411 com-

1953 2446 2204 2500 mutavit.
2234 2443 2360 2500 Hazc
2411 2444 2610 2500 neduni
2649 2446 2927 2516 ingressus
2952 2461 3017 2501 ac
3052 2446 3310 2505 admissio
3336 2456 3423 2502 ost
3448 2446 3519 2502 ad

1951 2552 2251 2607 supernum
2300 2537 2648 2607 paradisum,
2687 2537 2783 2592 sed
2821 2546 2879 2593 et
2920 2538 3079 2608 plane
3118 2537 3324 2609 lignum
3366 2538 3515 2606 vita,

1951 2629 2031 2684 uti
2070 2630 2223 2699 prius
2252 2630 2481 2696 latroni,
2512 2630 2595 2686 sic
2627 2639 2686 2686 et
2717 2630 3052 2701 cunctis'qui
3079 2632 3200 2704 ejus
3231 2631 3518 2688 imitantur

1955 2720 2121 2779 ﬁdem
2151 2721 2217 2774 ³¹.

2021 2901 2172 2957 Hanc
2218 2862 2448 2972 magnus
2489 2901 2579 2956 ille
2623 2900 2821 2955 Petrus
2862 2915 3028 2955 manu
3068 2907 3279 2967 tenens,
3316 2899 3516 2970 illaque

1946 2998 2203 3060 tanquam
2238 2990 2389 3061 virga
2421 2990 2681 3061 pastorali
2719 2990 2914 3055 nixus,
2958 2989 3236 3045 Simonem
3275 3005 3513 3061 magum,
3610 2979 3623 2991 κ

1946 3083 2099 3138 velut
2121 3083 2215 3152 qui
2262 3082 2515 3137 Ecclesia:
2558 3081 2948 3147 insidiaretur,
2989 3082 3200 3153 abegit,
3247 3083 3513 3153 luposque

1946 3172 2158 3227 Arabiae
2180 3171 2424 3235 extrivit,
2461 3180 2629 3241 atque
2662 3172 2719 3225 in
2739 3172 2830 3225 illa
2862 3187 3133 3241 propense
3156 3171 3356 3227 Christi
3381 3187 3513 3228 oves

1944 3265 2087 3320 rexit
2126 3279 2189 3319 ac
2231 3264 2372 3334 regit
2396 3264 2483 3317 “'.
2520 3262 2772 3329 Sumam,
2820 3265 2898 3319 ait
2938 3263 3157 3319 divinus
3195 3263 3513 3332 Zacharias,

1937 3358 2140 3427 virgam
2155 3372 2323 3410 meam
2341 3355 2611 3426 pulchram
2626 3360 2868 3426 (crucem
2884 3371 3008 3410 eum
3026 3354 3207 3409 dicere
3227 3354 3511 3424 arbitror),

1943 3454 1991 3501 et
2008 3446 2283 3517 projiciam
2302 3462 2415 3499 eam
2435 3454 2621 3499 contra
2638 3447 2895 3512 inimicos,
2914 3456 2962 3499 et
2980 3463 3192 3517 pascam
3208 3462 3321 3500 oves
3342 3463 3509 3513 meas,

1947 3546 1995 3592 et
2018 3538 2275 3609 dissipabo
2306 3539 2467 3608 {trdus
2493 3555 2685 3603 meum,
2710 3539 2848 3609 quod
2873 3548 3056 3609 pactus
3085 3555 3199 3591 sum
3231 3537 3303 3591 ad
3331 3554 3505 3591 omnes

1948 3629 2167 3702 populos
2192 3629 2257 3682 ³³.
2292 3629 2351 3683 In
2384 3644 2548 3684 cruce
2584 3629 2732 3685 enim
2769 3629 3030 3699 dissipata
3069 3628 3289 3699 quidem
3330 3629 3509 3684 littera

1950 3731 2062 3790 est;
2094 3719 2337 3777 reﬂoruit
2362 3737 2498 3777 vero
2538 3737 2602 3778 ac
2648 3738 2705 3777 se
2735 3723 2911 3794 palam
2938 3723 3164 3793 spiritus
3198 3722 3402 3792 prodit.

267 3815 400 3888 τὴν]
456 3816 744 3889 διαθήκην
777 3838 919 3890 μου,
964 3820 1044 3889 ῆν
1078 3821 1355 3891 διεθέμην
1412 3820 1561 3888 πρὸς
1611 3819 1841 3885 πάντας
1876 3814 2018 3880 τοὺς
2086 3813 2304 3879 λαούς·
2354 3814 2413 3867 ὲν
2481 3814 2560 3884 τῷ
2608 3814 2823 3885 σταυρῷ
2851 3814 2980 3887 γὰρ,
3034 3813 3095 3867 τὸ
3142 3814 3372 3884 γράμμα
3412 3812 3511 3883 μὲν

268 3910 684 3980 διεσκέδασται,
735 3914 959 3971 ἁνέθαὶε
1024 3917 1082 3971 δὲ
1135 3916 1227 3970 καὶ
1276 3916 1712 3988 παρρησιάζεται
1767 3914 1830 3968 τὸ
1868 3908 2105 3979 πνεῦμα.

349 4006 554 4063 Τοῦτον
584 4010 679 4063 καὶ
729 4011 757 4064 ό
784 4011 1175 4082 ούρανοφοίτης
1208 4012 1419 4074 Παῦλος
1445 4012 1644 4082 ἄριστα
1684 4027 1841 4079 περι-

268 4100 559 4171 φραχθεὶς,
584 4103 764 4155 πᾶσαν
790 4101 1150 4172 περιώδευσεν
1174 4104 1273 4177 τὴν
1318 4104 1664 4174 οἰκουμένην,
1694 4103 1839 4170 λογι-

271 4192 451 4260 σμοὺς
505 4194 562 4245 ἒν
593 4193 740 4265 αύτῷ
775 4195 1078 4267 καθαιρῶν,
1108 4196 1203 4249 καὶ
1242 4197 1349 4249 πᾶν
1381 4196 1581 4267 ὕψωμα
1616 4195 1837 4266 ἐπαιρό-

271 4298 444 4351 μενον
482 4283 623 4337 ma
666 4283 767 4354 τῆς
800 4285 1052 4353 γνώσεως
1070 4287 1165 4340 τοῦ
1200 4286 1355 4340 Θεοῦ⁶
1385 4287 1478 4341 καὶ
1498 4286 1834 4357 αἰχμαλωτί-

268 4372 389 4438 ξων
417 4377 526 4430 πᾶν
555 4376 731 4449 νόημα
758 4378 839 4442 είς
870 4380 969 4449 τὴν
1007 4379 1258 4451 ὑπακοὴν
1304 4378 1398 4433 τοῦ
1444 4377 1701 4447 Χριστοῦ.

344 4467 452 4521 Τὸν
500 4469 728 4541 σταυρὸν
774 4471 868 4525 καὶ
906 4471 1105 4534 πάντες
1152 4472 1437 4525 ἀπόστολοι
1500 4471 1613 4524 καῖ’
1635 4470 1832 4532 πάντες

269 4559 571 4632 μάρτυρες,
604 4561 767 4632 ίερετς
813 4579 875 4615 τε
931 4563 1138 4634 Κυρίου
1201 4564 1401 4626 πάντες
1431 4604 1447 4629 ,
1481 4563 1575 4616 καὶ
1633 4563 1833 4625 πάντες

264 4655 413 4707 ὅσιοι
436 4651 640 4721 νοητῶς
664 4652 1136 4724 καθοπλιζόμενοιε
1171 4656 1219 4708 oi
1251 4654 1352 4726 μὲν
1376 4655 1517 4708 κατὰ
1554 4652 1652 4723 τῆς
1683 4654 1836 4707 είδω⁴

2011 4006 2121 4060 Hac
2165 4014 2419 4074 quoque,
2468 4002 2562 4073 qui
2619 4002 2673 4056 in
2726 4001 2864 4057 caelo
2910 4010 3253 4066 versaretur,
3307 4000 3508 4055 Paulus

1936 4098 2144 4167 optime
2167 4096 2488 4157 instructus,
2528 4093 2843 4147 universum
2879 4101 3147 4147 terrarum
3182 4091 3372 4145 orbem
3399 4082 3507 4146 cir-

1933 4186 2429 4251 cuivig'destruens
2454 4185 2507 4238 in
2537 4199 2602 4239 eo
2631 4182 2987 4253 cogitationes
3014 4192 3070 4237 et
3092 4194 3307 4238 omnem
3337 4182 3507 4239 subli-

1932 4280 2173 4336 mitatem
2205 4278 2553 4332 extollentem
2588 4290 2645 4330 se
2681 4274 2943 4329 adversus
2965 4275 3251 4331 scientiam
3276 4276 3372 4331 Dei
3405 4314 3421 4339 ,
3449 4284 3506 4330 et

1932 4371 2213 4442 captivans
2237 4383 2451 4424 omnem
2474 4382 2692 4423 sensum
2742 4366 2795 4420 in
2824 4366 3147 4437 obsequium
3172 4366 3377 4423 Christi
3405 4367 3504 4425 ⁸⁸⁸.

2004 4463 2177 4519 Cruee
2210 4476 2400 4517 omnes
2438 4469 2553 4513 tum
2579 4459 2809 4529 apostoli
2836 4469 2951 4514 tum
2992 4467 3280 4529 martyres,
3325 4474 3505 4516 sacer-

1935 4554 2199 4625 dotesque
2239 4551 2452 4607 Domini
2497 4565 2724 4615 omnes,
2771 4565 2837 4606 ac
2877 4551 2952 4620 pii
2998 4565 3191 4606 omnes
3228 4559 3284 4605 et
3327 4548 3501 4604 sancti

1936 4645 2253 4717 spiritaliter
2276 4642 2506 4709 armati;
2539 4642 2751 4712 priores
2769 4642 3012 4713 quidem,
3036 4641 3300 4700 adversus
3326 4642 3498 4697 simu-

266 4742 594 4813 λολατρείας
617 4741 887 4814 λαμπρῶς
907 4723 1306 4815 ἀριστεύοντες·
1331 4746 1380 4798 οἱ
1406 4745 1463 4797 δὲ
1488 4744 1627 4798 κατὰ
1653 4745 1833 4813 πάσης

1958 4752 2205 4794 acrorum
2247 4736 2487 4801 cultum,
2538 4734 2694 4789 alteri
2741 4744 2958 4801 autem,
3004 4733 3268 4789 adversus
3308 4746 3499 4787 omnes

264 4832 527 4903 ἀνομίας,
562 4833 825 4911 ποικίλοις
858 4835 1137 4905 τροπαίοις
1165 4836 1322 4905 νίκης
1351 4837 1446 4913 τὸν
1481 4835 1832 4906 ἐσταυρωμέ-

263 4938 356 4976 νον
396 4922 487 4977 διὰ
514 4923 614 4993 τῆς
642 4925 922 4995 δυνάμεως
951 4924 1263 4992 δοξάζουσιν
1288 4924 1384 4979 τοῦ
1420 4924 1678 4997 σταυροῦ.

331 5099 446 5153 Τὸν
480 5101 710 5173 σταυρὸν
755 5103 849 5156 καὶ
896 5104 1297 5165 Κωνσταντίνος
1350 5101 1542 5172 πρώην
1580 5103 1608 5154 ό
1652 5106 1827 5171 μέγας

261 5192 413 5261 φωτὶ
456 5194 867 5265 μορφαζόμενον
913 5198 971 5248 ὲν
1025 5195 1235 5265 οὐρανῷ
1284 5193 1537 5256 κατιδὼν,
1592 5195 1685 5247 καὶ
1736 5195 1831 5265 τὴν

261 5287 437 5342 αὐτοῦ
473 5288 707 5360 δύναμιν
755 5290 843 5344 διὰ
894 5291 988 5347 τοῦ
1033 5292 1201 5344 τύπου
1241 5290 1440 5354 συνεὶς,
1476 5290 1701 5360 ὕστερον
1738 5293 1832 5344 καὶ

262 5381 399 5435 αὐτὸ
429 5382 607 5434 έκεῖνο
654 5382 717 5435 τὸ
754 5384 1102 5454 πρωτότυπον
1138 5381 1232 5436 τοῦ
1277 5382 1506 5453 σταυροῦ
1545 5381 1700 5446 ξύλον
1722 5421 1738 5445 ,
1776 5384 1831 5435 ὲν

260 5462 307 5536 ᾧ
335 5469 784 5542 προσηλούμενος
836 5473 1108 5543 κατετάθη
1138 5472 1401 5547 Χριστὸς,
1442 5470 1546 5541 γῆς
1584 5488 1828 5541 κατορω-

586 5673 739 5763 “(105,
757 5675 903 5763 1(ξιμ9.
978 5679 1017 5708 ³¹
1052 5678 1176 5763 Pro.
1212 5694 1289 5741 ιιι,
1322 5676 1405 5741 18;
1439 5677 1571 5733 Luc.
1607 5692 1761 5740 χχιιι,
1795 5679 1881 5732 43.

250 5743 339 5829 _'“
359 5746 500 5799 Phil.
530 5761 608 5807 ιιι,
630 5743 1018 5810 20;11(]οι·.,ς,
1042 5751 1091 5801 Il.

1936 4831 2204 4897 haereses,
2237 4828 2500 4898 postremi
2541 4826 2599 4885 ac'
2614 4843 2803 4884 versus
2840 4842 3057 4882 omnem
3088 4823 3497 4896 improbitatem

1935 4933 2155 4978 strenue
2176 4920 2520 4987 dimicantes,
2544 4920 2711 4974 variis
2728 4919 2971 4975 victoria:
2999 4917 3217 4989 tropaeis
3238 4931 3337 4987 per
3372 4930 3497 4969 cru-

1933 5017 2011 5071 cis
2047 5014 2347 5083 potentiam
2378 5013 2702 5068 cruciﬁxum
2724 5011 3046 5067 clariﬁcant.

2003 5107 2234 5162 Crucem
2267 5120 2487 5175 quoque
2530 5120 2755 5175 magnus
2786 5103 2912 5157 olim
2954 5098 3345 5157 Constantinus
3375 5096 3494 5149 luce

1936 5201 2219 5255 formatam
2255 5214 2381 5253 eum
2413 5197 2467 5252 in
2496 5197 2637 5252 coelo
2665 5195 2910 5259 vidisset,
2935 5210 3109 5264 exque
3133 5194 3321 5260 ﬁgura,
3348 5188 3493 5241 illius

1936 5293 2235 5362 potentiam
2274 5286 2662 5353 intellexisset,
2709 5297 2895 5357 postea
2927 5287 3059 5341 illud
3096 5286 3270 5354 ipsum
3310 5289 3497 5350 proto—

1939 5393 2121 5453 typum
2164 5382 2407 5451 lignum,
2449 5380 2503 5433 in
2545 5391 2655 5448 quo
2690 5376 2944 5433 Christus
2985 5376 3254 5430 distentus
3293 5371 3494 5435 fuerat,

1937 5474 2043 5526 alta
2062 5473 2335 5527 defossum
2360 5472 2546 5535 humo,
2567 5483 2665 5538 per
2686 5468 3045 5524 beatissimam
3067 5463 3236 5534 ipsius
3262 5472 3494 5519 matrem

1978 5677 2053 5707 3”
2077 5675 2277 5731 Hahae.
2308 5693 2343 5742 ι,
2369 5676 2417 5730 8.
2446 5676 2600 5745 Vulg.
2630 5675 2967 5744 Vespcrlinos.
3044 5668 3089 5701 ³³
3112 5668 3254 5723 Zaclt
3302 5685 3368 5733 XI,
3402 5668 3487 5727 10.
