3950 6320
459 264 530 330 35
1651 261 1938 327 NICETAS
1971 257 2490 322 PAPHLAGONIS
3582 250 3657 317 36

454 379 916 454 (augustissimam
943 380 1151 435 scilicet
1174 377 1454 447 Helenam)
1483 376 1772 449 diligenter
1798 385 2000 432 seruta-

2127 377 2379 447 ιυγμένον
2408 374 2646 446 βάθεσιν,
2681 370 2770 427 διὰ
2791 369 2891 442 τῆς
2925 369 3215 434 πανολόίας
3235 367 3401 425 αὐτοῦ
3429 369 3656 443 μητρὸς,

454 483 546 528 tus
569 471 808 542 reperit,
851 482 1233 541 repertumque
1277 470 1524 540 religiose
1575 470 1713 524 adeo
1753 469 1922 524 coluit
1955 477 2012 523 et

2127 469 2209 539 ι-ἧς
2247 467 2629 538 κοσμιωτάτης
2657 465 2871 534 Ἑλένης
2904 464 3064 533 λέγω,
3114 463 3411 533 φιλοπόνως
3437 463 3662 533 ἀνερευ-

453 563 745 628 exaltavit,
800 570 860 617 ut
886 563 1005 634 ejus
1036 563 1194 634 longe
1224 562 1442 618 claritas
1480 560 1536 614 in
1569 552 1785 616 omnem
1823 558 2009 617 orbem

2127 560 2409 630 θησάμενος
2437 552 2592 629 εῦρεν
2611 574 2626 590 ’
2658 558 2750 610 καὶ
2785 556 2977 627 εὑρὼν,
3020 556 3279 626 φιλοθέως
3314 553 3572 625 ἐτίμησεν
3597 571 3658 607 τι

452 652 736 706 exuberet.
2109 654 2202 706 καὶ
2235 653 2447 722 ὕψωσεν
2480 652 2571 704 ἐπὶ
2598 649 2882 715 τοσοῦτον,
2915 649 2990 714 ὡς
3036 649 3133 720 τὴν
3175 649 3338 703 αὐτοῦ
3371 648 3527 713 δόξαν
3573 649 3658 712 είς

620 759 630 764 ”
2108 747 2286 798 πᾶσαν
2320 740 2805 815 ὐπερπερισσεύειν
2845 741 2942 806 τὴν
2979 742 3104 811 γῆν.

520 831 655 898 Quis
685 845 816 885 vero
839 831 916 886 illi
940 845 1038 902 spe
1071 831 1374 894 devinctus,
1396 828 1462 883 ad
1487 828 1606 900 ejus
1632 827 2004 882 adorationem

2175 836 2285 890 Καὶ
2335 836 2415 900 τίς
2461 835 2566 888 τῶν
2609 835 2688 896 εἰς
2740 833 2902 886 αὐτὸν
2944 834 3252 904 ήλπικότων
3297 835 3396 887 οὐκ
3442 836 3662 908 ἀπαντᾷ

452 939 560 978 non
594 924 1027 990 occurrit?Quis
1056 939 1164 977 non
1197 923 1578 991 exaltatatque
1594 917 2008 976 adoratscabel—

450 1019 566 1072 lum
597 1018 796 1088 pedum
826 1017 1035 1072 Domini
1070 1017 1163 1071 Dei
1189 1016 1381 1075 nostri.
1408 1015 1536 1085 quia
1575 1023 1796 1069 sanctus
1823 1021 1905 1068 est
1926 1011 2009 1065 ³³⁴ἔ

452 1110 586 1175 Quis
612 1124 717 1163 non
745 1107 930 1162 laudat
972 1123 1034 1162 ac
1067 1107 1529 1177 magniﬁcateam,
1554 1122 1674 1176 qua:
1701 1113 2006 1160 emortuum

454 1215 625 1271 genus
649 1209 892 1254 nostrum
926 1214 992 1254 ex
1015 1208 1188 1252 morte
1213 1209 1269 1253 et
1306 1197 1506 1251 inferni
1528 1197 1831 1266 perditione
1855 1194 2004 1250 exal-

2107 929 2242 1000 πρδς
2290 930 2386 997 τὴν
2436 926 2624 980 τούτου
2678 926 3088 997 προσκύνησινς
3125 927 3219 990 Τίς
3263 926 3358 997 οὐχ
3398 927 3522 996 eeo:
3567 929 3663 982 καὶ

2106 1023 2398 1092 προσκυνεῖ
2429 1019 2508 1088 τῷ
2537 1019 2811 1086 ὑποποδίῳ
2849 1017 3052 1088 Κυρίου
3087 1018 3180 1071 τοῦ
3209 1018 3343 1071 Θεοῦ
3379 1018 3555 1089 ήμῶν,
3578 1020 3662 1076 ὅτι

2106 1112 2259 1180 ἆγιός
2293 1113 2484 1174 ὲστιν;
2520 1109 2614 1171 Τίς
2668 1109 2728 1160 οὐ
2765 1105 2973 1172 δοξάζει
3026 1106 3118 1159 καὶ
3156 1105 3441 1174 μεγαλύνει
3473 1106 3565 1160 τὸν
3598 1108 3664 1160 ὲκ

2108 1203 2330 1256 Θανάτου
2380 1201 2474 1254 καὶ
2520 1199 2790 1262 ἀπωλείας
2819 1197 2963 1269 ᾅδου,
2998 1196 3098 1266 τὴν
3135 1197 3409 1268 ἡμετέραν
3449 1195 3664 1267 avoidi-

456 1292 594 1346 tavit
639 1298 695 1345 et
746 1289 1085 1344 viviﬁcavit?
1129 1289 1286 1344 Nune
1339 1289 1576 1358 gaudent
1623 1287 1799 1358 angeli
1843 1295 2006 1356 atque

2127 1313 2274 1349 ταντα
2324 1293 2417 1346 καὶ
2453 1291 2742 1354 ζωώσαντα
2804 1290 3095 1359 νέκρωσιν;
3126 1287 3239 1372 Ικξῦν
3280 1287 3495 1354 ἄγγελοι
3542 1288 3666 1357 χαί-

452 1382 724 1438 exsultant
767 1381 1096 1450 archangeli,
1129 1395 1251 1434 cum
1279 1381 1478 1450 quibus
1501 1379 1660 1433 etiam
1685 1380 1879 1434 choros
1901 1379 2005 1433 du-

2127 1403 2277 1451 >ουσι,
2336 1385 2429 1436 καὶ
2473 1381 2765 1452 σκιρτῶσιν
2815 1379 3172 1452 ἀρχάγγελοι,
3233 1377 3420 1448 Ἀρχαί
3457 1395 3517 1432 τε
3567 1379 3666 1432 σὺν

452 1482 584 1528 cunt
611 1473 1034 1543 supermundani
1071 1473 1408 1543 principatus
1452 1481 1507 1526 et
1541 1480 1854 1541 potestates,
1881 1485 2002 1525 om-

2127 1477 2310 1539 πούτοις
2343 1475 2705 1545 ύπερκόσμιαι
2754 1475 2843 1526 καὶ
2875 1471 3160 1537 Ἐξουσίαι,
3185 1470 3278 1523 καὶ
3321 1471 3496 1522 πᾶσαι
3551 1469 3663 1522 τῶν

454 1580 657 1634 nosque
689 1565 949 1619 ccelorum
982 1564 1209 1617 virtutes
1237 1605 1250 1629 ,
1283 1560 1656 1632 invisibilique
1694 1564 2003 1631 praesentia,

2127 1569 2344 1640 ιύρανῶν
2387 1570 2440 1623 αἱ
2471 1567 2736 1637 Δυνάμεις
2781 1565 3080 1636 χορεύουσι,
3118 1562 3212 1616 καὶ
3251 1563 3495 1633 ἀοράτως
3521 1578 3667 1634 παρ-

455 1657 747 1712 salutarem
782 1663 897 1709 toto
923 1653 1055 1709 orbe
1088 1654 1305 1709 adorari
1333 1663 1496 1723 atque
1535 1653 1757 1708 exaltari
1786 1667 2004 1708 erucem

2127 1661 2356 1724 στῶσαι,
2387 1661 2478 1712 καὶ
2533 1660 2623 1712 τὸν
2673 1660 2934 1728 σωτήριον
2973 1659 3030 1710 ὲν
3059 1656 3206 1726 πάσῃ
3226 1657 3289 1725 τῇ
3319 1657 3388 1724 γῇ
3423 1670 3667 1723 προσκυ-

456 1747 724 1810 videntes,
747 1761 868 1800 cum
884 1745 1142 1800 Ecclesiis
1161 1745 1256 1799 Dei
1274 1720 1630 1799 collzetantur.
1653 1743 1840 1812 Neque
1861 1743 2007 1798 enim

2127 1749 2198 1807 ιού
2207 1720 2363 1822 μενον
2380 1753 2471 1806 καὶ
2491 1750 2622 1820 eoos
2632 1767 2786 1820 μενον
2803 1720 3001 1820 δρῶσαι
3021 1720 3414 1817 σταυρδνξταξς
3429 1720 3663 1817 ’ἐκκλη-

456 1839 565 1893 ulla
591 1839 695 1892 alia
723 1846 805 1892 est
839 1837 999 1891 bonis
1028 1835 1233 1906 angelis
1259 1850 1412 1904 aeque
1441 1834 1633 1889 festiva
1671 1834 1900 1904 laetaque
1923 1849 2011 1890 so-

2127 1845 2253 1908 τίαις
2290 1842 2776 1913 συνευφραίνονται
2826 1839 2921 1893 τοῦ
2972 1838 3128 1894 Θεοῦ.
3169 1839 3300 1893 Οὐδὲ
3357 1839 3463 1910 γάρ
3514 1839 3663 1892 ἐστιν

453 1930 729 1994 lemnitas,
749 1943 811 1982 ae
828 1943 947 1999 quae
964 1927 1156 1983 salutis
1173 1926 1457 1982 hominum
1473 1933 1791 1998 argumento
1811 1927 2010 1998 agitur.

2127 1935 2241 2006 ἱλλη
2284 1938 2396 1997 τοῖς
2442 1933 2666 2002 ἀγαθοῖς
2716 1932 2966 2001 ἀγγέλοις
3031 1929 3200 1996 οὕτως
3252 1931 3410 2002 ἑορτή
3467 1946 3526 1984 τε
3568 1929 3666 1984 καὶ

527 2213 686 2270 i‘iunc
736 2210 965 2282 apostoli
996 2209 1337 2272 clarescunt,
1369 2217 1424 2262 et
1451 2207 1749 2278 prophetre,
1779 2207 1866 2261 his
1893 2222 2012 2277 qua:

460 2313 752 2376 geruntur,
796 2302 1078 2373 magniﬁce
1117 2298 1522 2370 splendescunt.
1563 2299 1719 2354 Nunc
1749 2310 2014 2370 martyres

455 2393 846 2468 jucundantur,
871 2409 935 2447 ac
959 2392 1288 2447 deeorantur
1342 2390 1673 2445 sacerdotes.
1704 2390 1861 2445 Nune
1886 2391 2013 2445 reli-

459 2488 733 2559 giosorum
768 2493 1185 2554 sanctorumque
1218 2481 1370 2537 chori
1423 2497 1612 2536 omnes
1639 2481 1781 2538 diem
1815 2481 2010 2536 festum

461 2586 628 2649 agunt
669 2575 1051 2647 gestiuntquc,
1085 2574 1179 2644 qui
1213 2574 1472 2627 nimirum
1503 2588 1664 2643 quam
1703 2572 1779 2626 illi
1814 2571 2013 2628 clariﬁ-

461 2677 678 2733 earuut,
710 2675 766 2722 et
792 2682 912 2736 quae
948 2681 1043 2720 eos
1079 2665 1416 2728 clariﬁeavit,
1459 2680 1613 2720 sacro
1648 2664 1756 2718 ritu
1796 2679 2012 2719 erucem

465 2758 755 2815 clariﬁcari
785 2758 1026 2817 videant.
1057 2767 1219 2826 atque
1250 2773 1280 2811 e
1309 2766 1448 2812 terra
1483 2757 1652 2812 sacris
1680 2755 1930 2811 manibus
1958 2755 2015 2809 in

465 2853 635 2905 altum
672 2836 827 2905 tolli:
856 2865 980 2903 cum
1021 2865 1127 2919 qua
1177 2849 1380 2918 pariter
1428 2848 1660 2912 sublati,
1710 2863 1808 2917 per
1853 2862 2015 2918 quam

465 2943 611 2998 bono
665 2942 907 2996 omnium
961 2942 1228 2997 Salvatori
1270 2942 1563 3013 gratiarum
1611 2945 1879 2999 actionem
1935 2940 2019 2994 in-

2110 2024 2376 2096 χαρμονὴ,
2405 2024 2478 2087 ῶς
2520 2025 2554 2095 ή
2589 2023 2680 2076 ἐπὶ
2713 2021 2956 2093 σωτηρίᾳ
2992 2020 3287 2092 τελουμένη
3327 2021 3434 2073 τῶν
3460 2020 3666 2090 ἀνθρω-

2110 2114 2281 2168 πίνων
2305 2113 2509 2184 ψυχῶν.

2181 2202 2294 2257 Νῦν
2368 2201 2650 2258 ἀπόστολοι
2725 2200 3217 2274 ἔλλαμπρύνονται,
3252 2200 3347 2255 καὶ
3389 2201 3666 2273 προφῆται

2112 2299 2224 2359 τοῖς
2252 2295 2521 2367 παροῦσιν
2563 2295 2990 2364 ὲναγλαῒζονται.
3024 2293 3137 2348 Νῦν
3180 2295 3230 2348 οἱ
3271 2295 3539 2366 μάρτυρες
3563 2311 3666 2350 κα-

2111 2386 2485 2460 τατέρπονται,
2515 2388 2612 2442 καὶ
2659 2389 2708 2442 ot
2762 2389 2927 2460 ἱερεῖς
2954 2385 3296 2459 ὠραῖζονται.
3329 2385 3442 2440 Νῦν
3470 2387 3670 2449 πάντες

2113 2478 2275 2535 ὁσίων
2305 2480 2400 2533 καὶ
2431 2478 2601 2547 ἁγίων
2631 2478 2946 2551 ἑορτάζουσι
2973 2480 3066 2532 καὶ
3089 2478 3384 2549 γεγήθασιν
3417 2479 3466 2532 οἱ
3494 2477 3665 2549 χοροὶ,

2113 2574 2203 2627 τὸν
2231 2573 2323 2626 ὐπ’
2347 2572 2525 2626 αὐτῶν
2556 2571 2957 2643 δεδοξασμένον,
3001 2571 3093 2625 καὶ
3135 2571 3329 2634 αὐτοὺς
3349 2569 3668 2635 δοξάσαντα,

2117 2662 2401 2732 βλέποντες
2437 2663 2672 2734 σταυρὸν
2711 2662 2870 2733 ίερῶς
2904 2661 3275 2734 δοξαζόμενον,
3302 2662 3396 2718 καὶ
3434 2662 3540 2715 ἀπὸ
3565 2661 3673 2731 γῆς

2119 2755 2290 2823 ἱεραῖς
2319 2754 2507 2825 χερσὶν
2545 2755 2624 2816 είς
2666 2753 2795 2823 ὕψος
2841 2755 3162 2825 αἰρόμενον·
3214 2754 3308 2809 καὶ
3353 2752 3502 2824 αὐτῷ
3549 2768 3674 2805 συν-

2121 2847 2469 2916 επαιρόμενοι
2493 2885 2510 2909 ,
2541 2845 2618 2917 τῷ
2650 2845 2948 2915 παναγάθῳ
2982 2845 3090 2899 τῶν
3141 2846 3277 2900 ὅλων
3323 2847 3533 2917 Σωτῆρι
3579 2846 3678 2901 τὸν

2119 2940 2466 3011 χαριστήριον
2509 2937 2945 3001 ἀκαταπαύστοις
3004 2938 3096 2991 καὶ
3138 2940 3420 3008 μυστικαῖς
3444 2936 3679 3008 ἀναμέλ-

466 3035 819 3090 cessabilibus
856 3034 1204 3106 mysticisq‘ue
1255 3035 1479 3090 vocibus
1546 3034 1895 3089 modulantur
1953 3047 2019 3088 ac

2127 3047 2287 3085 πουσι
2316 3032 2433 3095 ταῖς
2462 3032 2680 3100 φωναῖς.

426 3129 428 3131 ’
464 3132 746 3199 promunt.

535 3227 722 3284 Omnis
764 3229 872 3300 jam
927 3228 1169 3284 Ecclesia
1215 3228 1426 3284 laetatur
1473 3245 1538 3284 ac
1583 3229 1779 3286 decore
1832 3231 2022 3301 fulget,

465 3319 725 3389 velutq'ue
767 3319 988 3373 cmleste
1042 3318 1273 3386 donum,
1320 3330 1382 3373 ut
1431 3320 1764 3374 immortales
1803 3321 2027 3375 delicias

465 3411 768 3482 pignusque
796 3409 1107 3464 inviolabile
1133 3450 1148 3475 ,
1192 3410 1267 3463 ita
1303 3423 1519 3464 crucem
1558 3411 1679 3465 sinu
1713 3411 2028 3481 complecti-

469 3514 579 3567 tur,
613 3502 1101 3572 universorumque
1139 3501 1524 3570 conspectibus
1558 3501 1624 3555 ad
1659 3502 2027 3571 spectaculum

468 3593 630 3647 simul
675 3602 731 3646 et
769 3592 1154 3647 exaltationem
1195 3607 1257 3647 ac
1296 3591 1662 3646 adorationem
1697 3606 2027 3661 preponens,

472 3683 600 3737 tiliis
634 3682 747 3737 suis
785 3682 1000 3737 fortiter
1033 3683 1100 3737 ad
1138 3683 1422 3737 Dominum
1459 3683 1838 3746 clamantibus,
1885 3684 2030 3737 illius

474 3791 700 3829 munere
743 3775 1171 3830 misericordiam
1209 3783 1264 3830 et
1305 3777 1786 3831 sanetilicationem
1811 3785 1868 3831 et
1901 3777 2029 3831 illu-

471 3865 822 3920 minutionem
855 3867 1001 3937 large
1042 3867 1370 3936 impertitur.
1410 3868 1633 3938 Jamque
1671 3884 1860 3924 omnes
1904 3885 2034 3940 gen-

474 3965 588 4020 tes,
621 3965 853 4026 quantas
898 3956 1031 4011 fecit
1074 3956 1365 4023 Dominus,
1408 3959 1667 4022 veniunt,
1715 3973 1778 4012 ac
1814 3959 2031 4014 viviﬁco

477 4056 668 4114 terque
705 4044 863 4099 beato
894 4043 1041 4115 ligno
1078 4047 1551 4116 procumbunt‘”.
1577 4046 1818 4101 Aderant
1849 4063 2032 4104 coram

476 4135 606 4199 illo,
652 4150 715 4189 ac
764 4152 858 4204 per
892 4152 1110 4190 erucem
1162 4136 1414 4192 Crucilixi
1457 4153 1655 4192 nomen
1694 4139 2029 4206 elariﬁeant,

483 4227 628 4295 quod
657 4241 847 4281 revera
875 4243 1101 4298 magnus
1118 4230 1189 4284 sit
1213 4239 1268 4285 et
1290 4231 1493 4286 faciens
1511 4233 1775 4287 mirabilia
1801 4235 1948 4288 solus
1965 4235 2030 4288 ³³.

475 4318 592 4373 Jam
618 4318 1099 4386 daemonumzaerea
1119 4322 1292 4377 omnis
1316 4324 1537 4393 acrique
1557 4323 1817 4380 incu‘bans
1838 4326 2034 4382 cohors

479 4425 542 4463 ac
580 4425 774 4479 pompa
822 4411 1133 4480 triumphali
1167 4415 1390 4468 cazditur
1434 4417 1611 4487 ligno,
1653 4418 2028 4490 frangiturque
2061 4403 2102 4457 D

477 4509 534 4553 et
559 4500 854 4568 rumpitur,
887 4515 1059 4570 exque
1097 4504 1410 4560 coelestibus
1435 4507 1555 4576 jure
1584 4510 1778 4563 merito
1807 4510 2030 4566 sedibus

478 4592 802 4647 deturbatur
829 4611 843 4647 :
869 4606 1181 4663 cunctaeque
1201 4604 1506 4652 sanctorum
1532 4599 1784 4655 Ecclesia:
1817 4611 1872 4655 et
1908 4602 2030 4671 pio-

481 4701 603 4738 rum
628 4693 804 4738 eretus
826 4686 975 4739 velut
1007 4701 1130 4740 cum
1161 4687 1304 4740 scala
1336 4703 1366 4742 e
1403 4699 1544 4745 terra
1583 4693 1636 4744 in
1666 4693 1860 4746 coelum
1885 4693 2031 4746 exal-

483 4777 827 4845 tata,pariter
851 4777 1089 4841 exaltati,
1113 4778 1261 4832 velut
1290 4778 1451 4850 virgae
1473 4781 1804 4835 fortitudinis
1832 4784 2026 4845 innixi,

482 4867 630 4918 velut
653 4867 929 4935 praelatum
963 4879 1239 4938 sceptrum
1267 4873 1492 4941 regium,
1515 4874 1752 4938 supremi
1786 4877 2028 4930 omnium

484 4958 646 5027 Regis
686 4974 897 5015 crucem
938 4963 1100 5020 hodie
1150 4965 1507 5024 deducentes,
1561 4964 1834 5022 cmlestem
1885 4986 2034 5024 eom-

459 5116 462 5118 γ
485 5059 696 5103 mutant
746 5049 943 5117 locum,
964 5071 1061 5123 pro
1085 5055 1316 5110 terrenis
1336 5036 1603 5118 caelestes,
1627 5069 1690 5108 ac
1716 5072 1813 5125 pro
1837 5068 2038 5112 morta-

484 5140 626 5194 libus
653 5143 982 5198 immortales
999 5148 1176 5200 (παροιὶ
1205 5163 1218 5197 :
1244 5146 1505 5212 ignesque
1543 5146 1809 5214 romphma
1848 5149 2039 5202 trimu-

487 5231 630 5299 pliali
665 5234 810 5304 ligno
872 5246 1140 5305 superata,
1178 5235 1242 5286 ad
1280 5249 1573 5302 supernum
1606 5237 1913 5305 paradisum
1978 5255 2039 5294 ac

487 5325 686 5398 lignum
712 5333 830 5386 vitae
862 5344 1006 5386 recta
1032 5330 1349 5397 procedunt.

2201 3225 2359 3296 Ἀρτι
2390 3223 2488 3290 μὲν
2504 3221 2799 3293 Ἐκκλησία
2816 3224 2964 3277 πᾶσα
2993 3221 3337 3295 φαιδρύνεται
3364 3223 3458 3278 καὶ
3479 3221 3680 3278 καλλύ-

2125 3333 2293 3370 νεται·
2323 3316 2418 3369 καὶ
2446 3315 2631 3385 ῶσπερ
2666 3332 2719 3368 τι
2743 3315 2916 3385 δῶρον
2962 3316 3228 3386 οὐράνιον,
3261 3315 3334 3379 ὡς
3358 3316 3509 3368 ὄλϐον
3542 3317 3682 3386 ἀκή-

2128 3425 2311 3480 ρατον,
2342 3409 2415 3471 ὼς
2441 3407 2726 3478 κειμήλιον
2760 3406 3061 3476 ἄψαυστον,
3088 3405 3258 3472 οὕτως
3289 3407 3676 3476 ὲγκολπίζεται

2126 3501 2216 3553 τὸν
2251 3498 2515 3568 σταυρὸν,
2565 3499 2658 3552 καὶ
2695 3498 2880 3551 τοῦτον
2919 3501 3039 3562 ταῖς
3083 3500 3339 3553 ἁπάντων
3375 3499 3558 3569 ὄψεσιν
3597 3501 3681 3564 είς

2129 3590 2361 3662 θεωρίαν
2389 3607 2448 3642 τε
2478 3589 2594 3661 ἅμα
2619 3591 2711 3644 καὶ
2739 3590 2944 3660 ῦψωσιν
2972 3592 3065 3645 καὶ
3095 3590 3463 3664 προσκύνησιν
3486 3609 3681 3662 προτι-

2129 3682 2300 3746 θεῖσα,
2333 3682 2448 3744 τοῖς
2464 3683 2671 3745 τέκνοις
2701 3682 2867 3752 αὐτῆς
2906 3682 3143 3756 στερρῶς
3171 3681 3558 3753 ἐπιϐοωμένοις
3589 3683 3682 3736 τὸν

2129 3774 2351 3843 Κύριον,
2385 3771 2452 3825 δι’
2487 3771 2651 3826 αὐτοῦ
2704 3773 2795 3825 τὸν
2839 3772 2984 3827 ἐλεόν
3024 3791 3082 3826 τε
3129 3774 3403 3839 πλουσίως
3447 3774 3542 3828 καὶ
3587 3773 3680 3827 τὸν

2130 3862 2396 3932 ἀγιασμὸν
2447 3863 2764 3933 ἐπιχορηγεῖ
2809 3863 2903 3915 καὶ
2942 3865 3030 3917 τὸν
3079 3865 3372 3935 φωτισμόν.
3425 3865 3575 3935 Ἀρτι
3619 3863 3680 3919 δὲ

2131 3955 2308 4009 πάντα
2332 3953 2402 4007 τὰ
2422 3953 2574 4024 ἔθνη,
2597 3955 2697 4006 ὅσα
2725 3954 2980 4025 ἐποίησεν
3008 3958 3036 4009 ό
3065 3955 3289 4028 Κύριος,
3333 3958 3556 4027 ἥκοντα,
3586 3959 3680 4011 καὶ

2129 4051 2208 4122 τῷ
2246 4048 2497 4120 ζωοποιῷ
2556 4049 2695 4119 ξύλῳ
2748 4048 2844 4103 καὶ
2892 4047 3178 4120 τρισολϐίῳ
3236 4047 3676 4118 προσπίπτοντα,

2132 4140 2527 4213 προσκυνοῦσιν
2553 4134 2783 4194 ἐνώπιον
2826 4140 3013 4193 αὐτοῦ⁸
3047 4139 3142 4191 καὶ
3179 4139 3268 4192 διὰ
3307 4140 3401 4192 τοῦ
3443 4128 3678 4210 σταυροῦ

2130 4235 2192 4288 τὸ
2221 4233 2316 4287 τοῦ
2355 4231 2774 4302 ἐσταυρωμένον
2816 4229 3124 4295 δοξάζουσιν
3159 4230 3347 4300 ὄνομα,
3389 4232 3470 4284 ὅτι
3507 4232 3679 4300 μέγας

2135 4324 2249 4376 ἐστὶ
2278 4323 2355 4392 τῶ
2401 4323 2513 4374 δντι
2562 4321 2655 4373 καὶ
2687 4320 2854 4374 ποιῶν
2888 4320 3165 4389 θαυμάσια
3213 4320 3392 4389 μόνος.
3429 4321 3587 4390 ’Ἄρτι
3623 4320 3680 4373 δὲ

2131 4415 2279 4466 πᾶσα
2306 4411 2410 4464 τῶν
2438 4411 2705 4480 δαιμόνων
2741 4412 2961 4483 ἐνάερος
3002 4407 3224 4477 στρατιὰ
3255 4409 3348 4463 καὶ
3385 4409 3574 4481 πομπὴ
3602 4408 3681 4480 τῷ

2133 4503 2390 4573 νικοποιῷ
2430 4502 2716 4572 ραπίζεται
2740 4502 2898 4570 ξύλῳ,
2930 4501 3021 4555 καὶ
3053 4500 3238 4555 θλᾶται
3268 4500 3360 4554 καὶ
3395 4502 3677 4572 ῥήγνυται,

2132 4598 2225 4649 καὶ
2249 4596 2354 4648 τῶν
2385 4595 2649 4665 οὐρανίων
2683 4595 2905 4658 ἐνδίκως
2951 4593 3279 4664 οἰκητηρίων
3313 4597 3674 4654 κατασπᾶται·

2135 4690 2302 4740 πᾶσαι
2343 4687 2399 4740 δὲ
2433 4687 2541 4739 τῶν
2584 4687 2755 4754 ἁγίων
2810 4688 2864 4740 αἱ
2903 4686 3187 4754 ἐκκλησίαι
3242 4685 3333 4738 καὶ
3383 4686 3680 4757 ὀμηγύρεις

2133 4779 2240 4831 τῶν
2293 4778 2565 4843 εὐσεϐῶν,
2606 4780 2679 4841 ὡς
2727 4780 2948 4848 κλίμακι
2995 4777 3158 4845 γῆθεν
3215 4777 3492 4850 ὐψουμένῃ
3546 4778 3680 4846 πρὸς

2135 4870 2362 4940 οὐρανὸν
2412 4870 2828 4939 συνυψούμεναι,
2867 4868 2940 4929 ὼς
2984 4868 3159 4936 ῥάϐδῳ
3193 4868 3373 4937 ἰσχύος
3406 4869 3678 4940 ἐπερειδό-

2142 4982 2317 5034 μεναι,
2349 4963 2421 5026 ῶς
2454 4965 2709 5032 σκήπτρῳ
2736 4960 2994 5028 βασιλικῴ
3029 4960 3288 5028 προῖόντι,
3306 4961 3383 5032 τῷ
3408 4961 3500 5015 τοῦ
3532 4980 3682 5032 παμ-

2141 5055 2404 5116 ϐασιλέως
2446 5055 2680 5120 σήμερον
2729 5051 3087 5119 συνεπόμεναι
3128 5052 3365 5123 σταυρῷ,
3401 5056 3491 5106 τὸν
3516 5053 3684 5124 οὐρά-

2143 5165 2252 5199 νιον
2281 5143 2647 5215 διαμείὸονται
2680 5139 2873 5209 χῶρον·
2911 5141 3028 5193 ἀντὶ
3061 5144 3263 5211 γηΐνων
3292 5143 3552 5213 οὐράνιοι,
3588 5145 3683 5198 καὶ

2137 5237 2257 5288 ἀντὶ
2290 5232 2494 5302 evntch
2528 5228 2781 5281 ἀθάνατοι
2809 5231 3213 5299 καθιστάμενοι·
3251 5235 3340 5287 καὶ
3367 5237 3467 5305 τὴν
3497 5236 3682 5304 φλογί-

2135 5348 2231 5398 νην
2285 5322 2557 5397 ῥομφαίαν
2609 5322 2684 5391 τῷ
2732 5327 3109 5397 τροπαιοφόρῳ
3168 5329 3450 5401 παριόντες
3504 5328 3680 5396 ξύλῳ,

2135 5424 2266 5490 πρὸς
2295 5419 2382 5468 τὸν
2415 5414 2526 5466 ἄνω
2570 5415 2894 5485 παράδεισον
2938 5421 3029 5474 καὶ
3058 5421 3117 5472 τὸ
3147 5420 3302 5488 ξύλον
3329 5417 3680 5472 κατευθύνον-

2103 5530 2219 5565 .ται
2241 5513 2337 5578 τῆς
2368 5506 2532 5578 ζωῆς,

561 5681 605 5712 ³³
629 5674 976 5742 Psal..xcvm,
1012 5674 1060 5729 5.
1135 5679 1212 5713 ³³*
1242 5682 1381 5739 ΡςειΙ.
1424 5698 1610 5749 Lxxxv,
1638 5685 1690 5742 9.
1765 5685 1806 5716 “
1835 5687 1971 5742 Psal.
2000 5701 2181 5754 τηις,
2208 5686 2260 5742 ἂ.
