3950 6320
255 348 324 415 3⁸1

948 348 1222 410 ORATIO
1259 349 1368 410 Ill.
1398 376 1462 386 —
1493 349 1571 410 ΙΝ
1610 348 1913 409 LAUDEM
1951 348 2063 417 SS.-
2085 348 2309 411 PETRI
2344 349 2437 410 ET
2471 347 2718 411 PAULI.

3356 351 3425 419 38

339 448 560 520 ’Δλλ“,ὧ
583 457 775 529 σταυρὲ
806 455 971 527 τίμιε,
998 450 1093 512 καί
1121 459 1380 527 ύπέρτιμε
1416 457 1677 527 σωτηρίας
1700 456 1773 509 κα¹

1864 504 1868 515 .
1959 459 2178 524 Verum,
2195 473 2229 513 o
2255 458 2396 514 Crux
2421 457 2773 521 venerabilis,
2792 455 3052 527 omnique
3067 457 3237 527 major
3258 473 3425 515 vene.

257 543 403 616 ζωῆς
431 547 650 617 χορηγέ·
674 546 747 610 ὡς
772 548 991 619 ἐμψύχῳ
1016 550 1121 619 γάρ
1150 566 1231 601 σοι
1257 548 1350 601 καὶ
1382 547 1543 613 ζῶντι
1570 549 1656 603 διὰ
1688 551 1785 623 τὴν

254 635 439 698 ζῶσαν
483 638 769 706 προσλαλῶ
813 639 987 709 χάριν·
1035 640 1096 692 τὸ
1146 639 1286 709 μέγα
1333 640 1426 693 καὶ
1476 640 1638 694 καλὸν
1678 642 1787 694 τῶν

253 727 442 796 ψυχῶν
476 730 861 801 φυλακτήριονο
894 731 954 784 τὸ
992 731 1188 791 παντὸς
1224 730 1472 795 εὐσεϐοῦς
1510 732 1627 794 νοὸς
1670 733 1787 787 ῑλαο

254 818 499 887 στήριον,
530 821 621 872 καὶ
657 821 833 890 πάσης
858 821 1079 892 καρδίας
1106 823 1198 875 καὶ
1233 822 1462 887 διανοίας
1486 824 1646 894 ὀρθῆς
1678 843 1787 894 φω-

248 910 530 978 τιστήριον
554 911 645 963 καὶ
665 911 1025 983 ἅγιαστήριον.
1054 907 1122 965 Ὦ
1144 911 1360 983 σταυρὲ,
1385 914 1598 967 πάντων
1621 913 1786 984 ὑπερ-

248 1001 491 1053 ασπιστά
521 1002 628 1054 τῶν
658 1002 879 1067 πιστῶν,
908 1003 1094 1057 πασῶν
1152 1004 1339 1058 οίκιῶν
1401 1005 1637 1069 οῑκιστά,
1690 1006 1785 1060 καὶ

249 1092 567 1145 συνοικιστά
599 1093 705 1145 τῶν
739 1094 947 1163 χωρῶν·
979 1093 1165 1147 πασῶν
1200 1095 1403 1148 πόλεων
1424 1095 1670 1159 πολιστά,
1691 1096 1785 1149 καὶ

246 1178 538 1248 εἰρηνευτά
570 1180 675 1232 τῶν
704 1181 889 1235 ἐθνῶν.
920 1177 990 1236 Ὦ
1031 1185 1225 1252 σταυρὲ
1248 1223 1262 1244 ,
1292 1185 1385 1236 τοῦ
1418 1183 1620 1253 κόσμου
1647 1202 1783 1237 παν-

245 1268 343 1329 τὸς
378 1269 662 1337 συναγωγὲ
704 1272 795 1323 καὶ
840 1272 1065 1337 ἑνοποιὲ,
1100 1267 1159 1324 οὗ
1197 1273 1257 1325 τὸ
1306 1273 1437 1341 ὕψος
1469 1275 1562 1327 καὶ
1602 1275 1780 1344 βάθος,

248 1358 426 1428 μῆκός
472 1376 531 1411 τε
584 1360 675 1413 τοῦ
725 1362 917 1425 παντὸς
949 1364 1041 1415 καὶ
1080 1364 1275 1426 πλάτος
1311 1366 1428 1427 ταῖς
1452 1365 1671 1428 οίκείαις
1695 1384 1784 1420 κε-

247 1449 435 1517 ραίαις
462 1450 799 1519 διαγράφων,
831 1454 923 1505 καὶ
953 1454 1053 1522 τὴν
1088 1454 1483 1525 τετραπέρατον
1520 1455 1694 1509 κτίσιν
1726 1459 1781 1511 ἐν

241 1539 423 1609 ἑαυτῷ
468 1540 853 1611 διαζωγραφῶν
898 1546 987 1596 καὶ
1027 1545 1343 1615 συγκρατῶν
1369 1583 1385 1610 ,
1430 1543 1633 1599 σῶσον
1677 1548 1782 1600 τὸν

238 1632 401 1681 λαόν
426 1646 563 1696 σου,
590 1633 683 1685 καὶ
708 1634 1041 1709 εὐλόγησογς
1080 1634 1197 1704 τὴν
1216 1637 1614 1705 κληρονομίαν
1640 1651 1777 1692 a'ov'

236 1720 337 1772 καὶ
373 1722 665 1790 ποίμανον
690 1721 880 1793 ἡμᾶς,
912 1724 1005 1779 καὶ
1045 1726 1264 1795 ἔπορον
1314 1725 1469 1803 ἡμᾶς
1521 1726 1634 1794 ἓως.
1672 1728 1777 1783 τοῦ

234 1807 458 1875 aliIn-oc
490 1810 605 1883 τῶν
630 1811 871 1869 αἰώνων.
923 1813 1112 1887 Ἀμήν.
1564 1848 1567 1851 -

855 2117 1070 2174 ΛΟΓΟΣ
1102 2122 1174 2174 ιν.

236 2232 339 2295 Εις
385 2232 529 2296 τοὺς
576 2228 781 2304 drlgyc
840 2230 939 2283 καὶ
974 2233 1357 2304 ’κορυφαίους
1402 2234 1777 2304 ἀποστόλους

653 2298 869 2365 Πέτρον
894 2299 991 2352 καί
1012 2298 1251 2357 Παῦλον
1273 2298 1373 2374 (2).

304 2406 407 2469 Τίς
434 2406 463 2459 ὁ
494 2405 720 2477 τερπνὸς
748 2400 902 2471 οὗτος
935 2403 1095 2479 ἧχοςς
1145 2409 1239 2473 Τίς
1279 2411 1307 2464 ὁ
1350 2410 1457 2464 τῶν
1497 2412 1774 2485 ἑορταζόν-

233 2511 347 2549 των
371 2494 605 2565 εὔσημος
630 2497 816 2563 κρότος
837 2514 853 2563 ;
881 2497 975 2561 Τίς
999 2500 1033 2568 ἡ
1060 2499 1337 2569 θαυμαστῆ
1366 2501 1458 2552 καὶ
1478 2505 1776 2574 περιφανὴς

233 2583 377 2656 αὕτη
414 2584 787 2656 λαμπροφορία
801 2588 1264 2659 καΥφωταγωγίας
1300 2593 1481 2663 Ὑμεῖς
1510 2596 1539 2646 ό
1559 2595 1775 2665 περιού-

234 2694 356 2742 σιος
387 2677 481 2731 τοῦ
515 2676 646 2729 Θεοῦ
673 2678 797 2741 λαός
821 2694 836 2711 ο
865 2680 895 2732 ὁ
923 2680 987 2749 τῇ
1027 2681 1395 2755 Χριστωνύμῳ
1417 2685 1771 2757 τετιμημένος

234 2768 452 2839 κλήσει,
477 2768 505 2820 ό
534 2771 627 2823 καὶ
647 2768 850 2832 παντὸς
884 2770 1073 2836 γένους
1103 2773 1197 2826 καὶ
1225 2773 1339 2842 βίου
1385 2776 1478 2828 καὶ
1503 2777 1774 2842 πολιτείας

234 2856 330 2907 καὶ
368 2854 600 2925 ἡλικίας,
654 2854 798 2919 ζέσει
854 2858 1083 2921 πίστεως
1144 2863 1509 2932 κεκινημένος,
1550 2864 1641 2917 καὶ
1686 2864 1803 2919 τὸν

237 2944 588 3016 περιώνυμον
641 2944 823 2999 τοῦτον
881 2948 989 3001 τῶν
1036 2949 1337 3004 ἀποστόλων
1383 2953 1543 3022 σηκὸν
1572 2956 1775 3026 πεπλη-

232 3034 453 3106 ρωκὼς.
516 3036 610 3098 Τίς
646 3039 674 3090 ό
703 3037 927 3107 δρόμοςς
957 3039 1088 3110 τίςή
1130 3042 1328 3113 σπουδὴ
1352 3042 1450 3115 τὴν
1473 3044 1621 3112 ίερὰν
1642 3047 1770 3099 ταύ-

230 3104 335 3197 την
392 3127 716 3180 καταλαϐεῖν
735 3104 965 3197 amas;
994 3104 1155 3207 πόθεν
1189 3104 1604 3207 ύμῖννῶσπερ-ὲξ
1638 3122 1766 3201 ’ἑνὸς
1792 3104 1836 3163 c

232 3216 595 3287 συνθήματος,
624 3220 715 3288 ἀφ’
763 3220 994 3290 ἑσπέρας
1042 3222 1208 3292 αὐτῆς
1230 3225 1635 3295 ἐγηγερμένοις,
1669 3229 1767 3292 τὰς

234 3308 378 3372 ἰδίας
408 3313 506 3381 μὲν
531 3315 704 3378 οἰκίας
736 3315 1049 3383 ὲκκενῶσαι,
1082 3321 1172 3374 τὸν
1202 3321 1341 3377 θεῖον
1386 3324 1442 3377 δὲ
1487 3324 1766 3395 πληρῶσαι

232 3398 414 3464 ναόνς
473 3401 563 3452 καὶ
609 3401 814 3454 ἑαυτῶν
852 3404 948 3472 μὲν
1000 3406 1183 3478 ὥσπερ
1225 3409 1498 3473 ἐξεστάναι
1553 3413 1763 3466 δοκεῖν·

230 3485 481 3555 αλλήλων
530 3487 586 3541 δὲ
646 3492 911 3563 σύμπνοια
974 3498 1323 3568 γεγενῆσθαι,
1372 3499 1612 3571 ¹γνώμης
1675 3503 1766 3555 καὶ

230 3573 475 3636 πίστεως
514 3578 868 3651 ὁμοφροσύνῃ,
900 3583 990 3635 καὶ
1029 3584 1275 3662 Δγλώσσης
1315 3589 1619 3660 συμφωνίᾳ,
1674 3608 1768 3661 μο-

230 3662 413 3731 νοειδῆ
444 3665 535 3716 καὶ
561 3667 868 3738 ἐναρμόνιον
894 3668 1076 3743 ῶσπερ
1103 3674 1160 3739 ἐξ
1192 3676 1473 3747 εὐρύθμων
1521 3678 1763 3748 ὀργάνων

230 3752 329 3805 τὸν
356 3752 457 3823 τῆς
496 3755 796 3826 δοξολογίας
847 3760 1174 3832 ἀνακροῦσαι
1203 3766 1433 3835 φθόγγον
1458 3784 1474 3834 ;
1504 3769 1597 3832 Τίς
1624 3772 1651 3824 ὁ
1676 3771 1766 3824 τὸν

234 3840 531 3917 ἱερώτατον
567 3846 750 3901 τοῦτον
795 3849 1047 3920 σύλλογον
1085 3854 1118 3925 ἢ
1154 3855 1335 3910 θίασον
1384 3856 1524 3913 οὕτω
1559 3877 1765 3932 παναρ-

235 3933 438 4000 μονίως
470 3938 776 4005 συγκροτῶν
804 3956 820 4004 ;
845 3940 914 3993 Ἦ
944 3941 1095 4012 δῆλον
1114 3944 1187 4009 ὡς
1207 3947 1401 4017 Πέτρος
1421 3948 1514 4002 καὶ
1540 3950 1764 4013 Παῦλος.

231 4020 267 4086 ή
294 4022 563 4091 κορυφαία
606 4025 699 4077 καὶ
730 4026 1070 4100 πρεσϐυτάτη
1106 4031 1212 4086 τῶν
1244 4034 1548 4095 ἀποστόλων
1602 4036 1766 4103 ἀκρό-

230 4126 335 4180 της
376 4126 391 4139 ·
422 4112 641 4183 Πέτρος,
667 4117 700 4187 ὴ
727 4119 824 4187 τῆς
849 4120 1083 4189 Χριστοῦ
1126 4124 1355 4188 πίστεως
1405 4128 1544 4198 ἀρχή
1571 4141 1586 4157 °
1619 4128 1763 4180 Παῦ-

233 4199 348 4263 λος,
379 4203 411 4273 ἠ
436 4204 532 4271 τῆς
560 4206 775 4277 ἀγάπης
816 4210 1085 4281 τελειότης
1114 4227 1128 4244 ο
1159 4212 1382 4284 Πέτρος,
1423 4217 1457 4287 ή
1508 4205 1768 4286 ἀμετακί-

229 4307 394 4361 νητος
427 4293 524 4364 τῆς
583 4294 897 4366 Ἐκκλησίας
932 4302 1102 4373 πέτρα
1129 4320 1143 4334 ·
1174 4305 1398 4372 Παῦλος,
1421 4307 1451 4359 ό
1492 4307 1582 4360 τὸν
1610 4306 1766 4378 θεμέ-

226 4380 347 4435 λιον
370 4386 567 4467 ταύτης
585 4388 835 4455 ἀσφαλῶς
867 4392 1311 4460 καταϐαλόμενος.

296 4558 458 4617 Οὗτοι
486 4566 547 4637 δὴ
580 4568 815 4638 σήμερον
842 4565 929 4625 οἷα
955 4573 1073 4637 νόες
1118 4575 1405 4647 ὑπόπτεροι
1428 4579 1534 4632 τῶν
1590 4582 1751 4651 ὑπερ-

226 4655 423 4723 φὼτων
468 4658 561 4710 καὶ
620 4658 877 4730 οὐρανίων
923 4664 1357 4730 ὑποκαταϐάντες
1403 4671 1617 4741 χώρων,
1666 4675 1758 4726 καὶ

222 4745 339 4829 τοίς
390 4744 447 4829 εν
479 4743 685 4829 γενέσει
720 4749 812 4801 καὶ
849 4748 1020 4821 φθορᾷ
1048 4753 1210 4815 ζῶσιν
1256 4754 1333 4808 ἔτι
1366 4759 1560 4828 νοερῶς
1581 4776 1637 4811 τε
1669 4760 1760 4813 καὶ

227 4826 618 4899 φιλανθρώπως
645 4836 1010 4906 συγγινόμενοι
1041 4854 1055 4869 ο
1082 4839 1242 4904 ὀξέως
1277 4858 1335 4894 τε
1373 4826 1758 4915 διατρέχοντες,

224 4920 319 4970 καὶ
367 4919 855 4990 ἱμπεριπατοῦντες
906 4928 964 4979 ὲν
1000 4929 1147 4997 ἡμῖν,
1203 4932 1333 5000 πρὸς
1373 4934 1756 5007 ὑπέρλαμπρον

224 5007 578 5063 ἐκκαλοῦνται
619 5011 878 5083 θυμηδίαν
910 5033 924 5049 ο
955 5018 1049 5071 καὶ
1078 5018 1232 5072 ἄλλον
1245 5021 1531 5093 ἀλλαχόθεν
1559 5028 1759 5097 ήσυχίῳ

226 5098 321 5148 καὶ
358 5097 548 5169 ὑψηλῷ
608 5104 1023 5174 συγκαλούμενοι
1082 5108 1410 5180 κηρύγματι,
1459 5114 1552 5168 καὶ
1594 5119 1760 5173 καθά-

225 5202 331 5256 περ
364 5189 501 5259 μέλη
526 5191 692 5245 πλείω
714 5194 835 5259 τοὺς
864 5198 1067 5261 πάντας
1112 5201 1190 5263 είς
1214 5201 1271 5254 ἓν
1301 5202 1455 5272 σῶμα
1494 5193 1559 5276 τῇ
1608 5207 1759 5277 ἁρχι-

293 5343 340 5373 ⁸³
360 5344 502 5399 Psal.
523 5363 685 5415 xxvii,
707 5350 759 5403 9.

283 5504 385 5589 ⁹(θλ
403 5504 540 5589 Tota
560 5507 692 5589 inec
716 5510 1078 5589 oratio_varii_s
1105 5502 1341 5589 flosculis
1370 5517 1525 5584 ludit,
1557 5521 1750 5589 vixque

220 5573 438 5658 aliaad
472 5574 752 5658 historiam
779 5580 1091 5658 pertinentia
1116 5586 1453 5658 sumitquam
1486 5573 1602 5656 quae
1640 5573 1752 5658 ipsa

221 5643 505 5707 Scriptura
534 5643 601 5698 de
629 5643 966 5723 principibus
982 5643 1344 5721 apostolorum
1366 5656 1444 5710 sic
1474 5643 1751 5729 magnifice

1885 552 2111 615 ratione,
2141 565 2204 604 ac
2235 550 2676 618 salutisviueque
2707 547 3049 602 conciliatrix
3084 549 3251 617 (velut
3275 550 3420 604 enim

1885 655 2005 695 cum
2054 641 2285 694 animata
2327 648 2489 709 atque
2517 640 2731 693 vivente
2778 638 3001 706 loquor,
3040 638 3111 692 ob
3152 653 3269 693 eam
3316 653 3422 708 qua

1884 728 2105 798 praedita
2138 743 2195 782 es
2227 728 2443 781 vitalem
2479 725 2749 797 gratiam),
2783 740 3040 796 magnum
3075 728 3422 796 praeclarum-

1883 834 1988 890 que
2034 816 2333 873 animorum
2380 818 2802 889 phylacterium,
2852 818 2952 886 piae
2999 817 3180 871 omnis
3228 818 3424 872 mentis

1882 911 2347 981 propitiatorium,
2378 926 2589 966 necnon
2652 910 2785 965 reeti
2840 912 3021 965 omnis
3053 911 3231 966 cordis
3262 920 3425 981 atque
3484 910 3494 940 ³

1883 1002 2047 1057 animi
2081 1003 2218 1058 lucis
2249 1018 2311 1058 ac
2343 1003 2641 1057 sanctitatis
2673 1004 3131 1072 promptuarium.
3163 1002 3208 1058 Ο
3247 1001 3420 1066 Crux,

1883 1094 2121 1147 omnium
2148 1093 2390 1153 defensio
2413 1084 2833 1162 praesidiumque
2863 1090 3108 1146 ﬁdelium
3139 1094 3153 1143 l
3177 1092 3420 1146 omnium

1881 1185 2166 1240 aediﬁcatio
2211 1183 2525 1248 domorum,
2556 1192 2852 1250 auctorque
2888 1190 2947 1236 ut
2978 1192 3187 1259 tractus
3216 1188 3272 1235 et
3303 1180 3424 1236 loca

1881 1276 1998 1347 pari
2028 1276 2229 1331 foedere
2258 1275 2598 1339 babitentur;
2624 1274 2862 1326 omnium
2894 1271 3299 1325 condendarum
3328 1286 3421 1325 ar-

1881 1366 2023 1421 bitra
2054 1366 2353 1429 civitatum,
2380 1375 2434 1418 et
2463 1373 2523 1418 ut
2549 1363 2794 1417 nationes
2826 1376 2956 1431 pace
2989 1364 3415 1430 componantur!

1882 1456 1925 1512 Ο
1976 1471 2111 1511 crux
2168 1454 2428 1517 mundum
2475 1454 2786 1508 universum
2850 1452 3143 1506 concordia
3201 1452 3419 1506 socians

1822 1554 1825 1558 ’
1880 1547 2183 1615 uniensque
2201 1583 2215 1610 ,
2233 1544 2398 1613 cuius
2426 1543 2603 1597 omnis
2629 1542 2966 1597 altitudinem
2995 1549 3053 1595 et
3079 1539 3418 1609 profundita-

1880 1644 2009 1699 tem,
2040 1633 2537 1704 longitudinemque
2572 1640 2627 1686 et
2653 1630 2990 1691 latitudinem
3019 1629 3132 1683 tuis
3160 1628 3419 1684 cornibus

1879 1726 2146 1792 ramisque
2188 1723 2458 1786 delineas,
2488 1723 2739 1791 orbisque
2780 1729 3009 1790 quatuor
3052 1728 3231 1789 partes
3266 1720 3319 1774 in
3363 1730 3417 1775 te

1803 1786 1846 1842 θ
1875 1786 2225 1882 reprarsentes
2256 1786 2669 1880 contineasque,
2699 1786 2857 1865 Salva
2898 1786 3147 1880 populum
3187 1820 3331 1863 tuum
3366 1816 3416 1862 et

1818 1948 1821 1949 ν
1874 1902 2078 1955 benedic
2106 1901 2458 1955 [nereditatem
2490 1909 2636 1953 tuam
2669 1915 2687 1953 :
2717 1907 2765 1952 et
2793 1916 2909 1969 rege
2931 1916 3021 1953 nos
3048 1895 3203 1969 atque
3229 1898 3417 1952 extollo

1875 1993 1927 2046 in
1951 1992 2197 2047 sarculum
2222 2009 2379 2063 usque
2398 1991 2708 2047 saeculorum
2730 1988 2796 2044 ³⁸.
2821 1990 3015 2044 Amen.

2453 2126 2701 2199 ommo
2738 2126 2827 2181 ιιι.

1872 2250 2127 2307 Laudatio
2151 2258 2448 2317 sanctorum
2477 2266 2537 2303 ac
2550 2250 2851 2330 principum
2873 2246 3223 2322 αρᾳειοίοηιπι
3267 2247 3412 2303 Petri

2126 2388 2129 2391 ν
2511 2317 2571 2372 σι’
2584 2317 2765 2373 Pauli.

1940 2430 2197 2499 Quisnam
2248 2428 2519 2501 iucundus
2577 2428 2668 2483 hic
2722 2427 2969 2482 sonitus?
3024 2425 3157 2493 Quis
3200 2427 3412 2484 faustus

1871 2522 2152 2591 clarusque
2174 2521 2371 2575 festum
2404 2518 2679 2590 agentium
2710 2517 2963 2589 plausus?
2990 2517 3244 2584 Quaenam
3272 2520 3411 2573 mira

1872 2613 1986 2667 haec
2031 2628 2093 2667 ac
2149 2610 2429 2682 splendida
2473 2610 2705 2665 vestium
2753 2609 2985 2681 candore
3034 2608 3412 2679 luminumque

1872 2689 2169 2774 gestatione
2197 2702 2424 2772 pompa?
2445 2702 2555 2756 Vos
2578 2700 2786 2755 scilicet
2806 2700 3096 2769 peculiaris
3121 2700 3212 2754 Dei
3239 2715 3412 2769 popu-

1869 2794 1974 2857 lus,
1997 2791 2454 2848 Christi-nbminis
2480 2791 2885 2859 nuncupatione
2910 2798 3151 2855 ornatus,
3170 2806 3236 2844 ex
3260 2790 3409 2844 omni

1870 2868 2384 2953 genera-instituto,
2412 2880 2629 2935 civitate
2660 2888 2819 2949 atque
2842 2888 3016 2940 aetate,
3044 2878 3168 2933 lidei
3196 2878 3429 2937 fervore

1871 2982 2199 3037 commotus,
2229 2973 2430 3042 quique
2464 2971 2674 3025 illustre
2706 2970 2810 3025 hoc
2842 2971 3206 3039 apostolorum
3246 2964 3407 3025 delu-

1870 3063 2048 3128 brum,
2076 3051 2336 3132 quantum
2374 3072 2477 3127 est,
2508 3061 2945 3116 concertantibus
2977 3062 3175 3115 animis
3208 3060 3407 3130 imple-

1869 3150 2078 3206 veritis.
2106 3150 2360 3215 Quisnam
2405 3148 2631 3204 cursus?
2664 3149 2790 3214 Quae
2825 3148 3098 3217 diligentia
3133 3156 3189 3203 et
3224 3150 3405 3214 ardor,

1865 3248 1926 3294 ut
1953 3239 2011 3291 in
2044 3252 2253 3291 sacrum
2284 3236 2387 3290 boc
2418 3245 2628 3304 septum
2655 3204 2951 3289 veniretis;
2972 3204 3126 3291 llnde
3150 3236 3305 3291 vobis
3338 3245 3403 3292 ut

1863 3318 2011 3381 velut
2036 3342 2103 3381 ex
2132 3341 2241 3380 uno
2263 3324 2512 3380 condicto
2537 3325 2604 3379 ab
2630 3326 2745 3397 ipso
2770 3325 2986 3402 excitati
3008 3340 3255 3395 vespere,
3276 3327 3400 3382 teli.

1864 3417 1966 3471 ctis
1985 3416 2171 3470 vacuis
2192 3414 2461 3480 domibus,
2481 3414 2716 3469 divinam
2739 3415 2879 3470 hanc
2898 3416 3065 3470 aedem
3084 3416 3404 3485 repleretisl

1864 3520 1927 3559 ac
1950 3504 2175 3582 quidem
2191 3504 2345 3559 vobis
2372 3504 2506 3573 ipsis
2528 3519 2693 3574 prope
2717 3504 2935 3558 modum
2961 3506 3281 3571 excessisse;
3311 3507 3403 3561 alii

1862 3610 1990 3649 vero
2026 3596 2255 3650 aliorum
2294 3594 2442 3658 facti,
2466 3594 2766 3648 animorum
2807 3590 3204 3664 conspiratione
3243 3595 3401 3651 ﬁdei-

1864 3703 1970 3759 que
2011 3687 2303 3742 concordia
2344 3701 2407 3741 ac
2443 3688 2637 3756 linguae
2677 3687 3049 3749 consensione,
3081 3688 3400 3742 uniformem

1863 3788 2021 3850 atque
2055 3778 2371 3833 concinnam
2394 3778 2541 3832 velut
2566 3764 2856 3832 modulatis
2884 3778 3099 3847 organis
3133 3779 3403 3833 laudatio-

1862 3870 1949 3923 nis
1977 3883 2162 3924 vocem
2194 3882 2494 3937 sonumque
2520 3867 2683 3922 edere
2708 3867 3034 3921 videamini?
3064 3866 3193 3932 Quis
3222 3884 3403 3922 sacra-

1865 3958 2131 4013 tissimum
2176 3958 2323 4011 hunc
2366 3965 2690 4011 conventum
2746 3971 2839 4010 seu
2885 3956 3108 4009 chorum
3161 3956 3238 4013 sic
3279 3966 3402 4025 apte

1862 4057 2120 4117 tantaque
2162 4048 2384 4102 Omnino
2434 4039 2713 4100 harmonia
2765 4045 2935 4115 cogit?
2984 4046 3172 4101 Nonne
3227 4048 3401 4116 palam

1863 4139 2054 4193 Petrus
2098 4146 2153 4194 et
2192 4138 2419 4202 Paulus,
2449 4138 2701 4207 princeps
2747 4138 2836 4190 ille
2883 4138 3402 4207 augustissimusque

1863 4230 2225 4298 apostolorum
2267 4238 2453 4282 vertex
2505 4245 2518 4280 :
2560 4228 2778 4290 Petrus,
2807 4226 3006 4280 Chrlsti
3050 4227 3172 4280 ﬁdei
3216 4227 3397 4297 origo,

1862 4320 2096 4383 Paulus,
2147 4318 2429 4372 cbaritatis
2480 4316 2741 4386 perfectio
2796 4334 2809 4369 :
2868 4317 3057 4370 Petrus
3113 4318 3401 4374 immobilis

1789 4420 1841 4479 1)
1865 4408 2117 4463 Ecclesiae
2150 4418 2329 4477 petra,
2366 4409 2591 4472 Paulus,
2619 4407 2764 4462 illius
2799 4414 2911 4460 tute
2945 4418 3199 4478 certaque
3231 4409 3402 4465 desti-

1855 4497 2072 4551 natione
2094 4497 2297 4566 jactuin
2324 4496 2729 4550 fundamentum
2760 4497 2781 4549 Y

1930 4586 1995 4639 Hi
2039 4586 2297 4639 nimirum
2340 4586 2499 4638 hodie
2532 4586 2678 4639 velut
2711 4588 2922 4656 aligera:
2954 4597 3164 4643 mentes
3195 4604 3224 4641 a
3260 4589 3399 4644 luci-

1859 4674 2096 4729 dissimis
2126 4674 2233 4728 illis
2257 4689 2320 4728 ac
2343 4675 2655 4729 cmlestibus
2675 4691 2792 4730 sese
2818 4677 3163 4732 demittentes
3184 4679 3395 4744 axibus,

1860 4765 2199 4833 benignaque
2232 4765 2582 4817 inclinatione
2617 4765 2723 4818 illis
2754 4766 2946 4834 spiritu
2980 4769 3275 4836 congressi,
3302 4770 3395 4837 qui

1862 4856 2144 4909 mortalem
2177 4856 2353 4909 adhuc
2386 4864 2550 4925 agunt
2582 4857 2777 4919 vitam,
2806 4842 3394 4926 velociusque‘discur-

1862 4955 2042 4999 rentes
2076 4961 2137 4999 ac
2170 4947 2505 5000 ambulantes
2539 4945 2595 5000 in
2628 4947 2812 5008 nobis,
2847 4946 2913 5001 ad
2956 4950 3100 5002 omni
3138 4951 3393 5019 majorem

1862 5036 2147 5103 splendore
2172 5038 2561 5107 iucunditatem
2586 5038 2815 5091 invitant
2841 5056 2853 5090 :
2880 5038 3152 5109 aliumque
3174 5042 3391 5095 aliunde

1864 5124 2074 5193 placido
2124 5127 2339 5195 altoque
2391 5137 2746 5181 convocantes
2796 5133 3091 5197 preconio,
3136 5149 3197 5186 ac
3244 5133 3391 5187 velut

1865 5213 2019 5279 plura
2044 5216 2301 5279 membra,
2327 5216 2382 5269 in
2412 5232 2576 5269 unum
2605 5230 2819 5284 corpus,
2842 5223 3181 5276 sacratissimi
3202 5238 3387 5276 eorum

1862 5525 2056 5604 tradit;
2085 5540 2202 5604 qua:
2228 5536 2373 5580 certe
2402 5534 2792 5604 suntmaxima,
2821 5542 2874 5587 et
2902 5549 3016 5602 qua:
3038 5534 3238 5604 merito
3267 5552 3383 5591 ma-

1858 5599 2051 5663 ximam
2086 5599 2161 5645 cis
2187 5599 2581 5652 venerationem
2616 5602 2667 5654 in
2696 5599 2930 5655 lidcliuni
2964 5602 3154 5658 animis
3199 5607 3385 5663 conci-

1857 5661 2010 5716 lient.
2046 5664 2216 5718 Pauca
2242 5665 2419 5734 itaque
2450 5669 2604 5724 nobis
2635 5672 2950 5725 annotanda.
