3950 6320
584 271 655 338 39
1762 262 2049 326 NICETIE
2083 263 2134 325 P.

2237 232 2631 327 HLAGONIs
3544 292 3551 309 ι
3709 259 3777 328 ω

583 383 809 456 spiritus
854 379 1213 439 fabricatione
1256 386 1483 436 cunctos
1551 387 1898 451 coaptantes,
1939 377 2007 433 ad
2050 377 2134 432 De]

2246 379 2494 449 τεκτονίᾳ
2515 380 2607 431 τοῦ
2635 374 2975 443 πανευαγοῦς
3026 371 3206 434 αὐτῶν
3256 372 3561 443 πνεύματος
3614 370 3779 444 ἁρμό-

583 472 791 527 cantica
834 470 1135 540 laudesque
1178 469 1558 536 celebrandas,
1584 469 1932 540 ipsorumque
1972 467 2141 523 hono-

583 560 828 615 standam
875 546 1336 631 magniﬁcentian
1379 572 1444 627 ac
1490 556 1824 631 spargendos
1862 557 2137 622 honores,

584 662 930 723 congregant.

652 742 820 812 igitur
841 757 905 798 ea
937 748 1219 806 sonemus,
1245 754 1365 810 quae
1396 739 1659 811 Spiritum
1692 740 1850 796 nobis
1881 741 2140 797 insonan-

582 840 703 889 tem
729 832 1062 889 addeceantl
1095 830 1367 888 Canamus
1398 832 1526 888 tuba
1558 832 1615 888 in
1662 832 1801 890 Sion
1832 851 1847 888 :
1880 834 2140 905 praedice-

583 940 707 980 mus
753 924 809 980 in
851 926 1041 980 monte
1087 933 1320 989 sancto,
1369 921 1425 976 in
1473 922 1578 978 hac
1623 923 1836 979 scilicet
1896 923 2140 979 Ecclesia

584 1016 832 1089 (mystica
860 1030 925 1070 ae
956 1013 1271 1087 praedileeta
1300 1013 1396 1070 Dei
1423 1013 1666 1080 civitate,
1697 1029 1761 1070 ac
1785 1030 1971 1069 sacros
1993 1014 2141 1069 ordi-

582 1116 779 1163 nantes
810 1105 1033 1173 choros,
1061 1120 1338 1161 sacrorum
1372 1105 1747 1177 theologorum
1776 1106 2139 1171 sacratissime

583 1198 945 1269 religiosaque
972 1196 1206 1268 'pietate
1236 1198 1465 1264 ,cantica
1508 1196 1806 1267 laudesque
1851 1196 2140 1267 deproma-

582 1304 706 1345 mus
727 1290 792 1342 ⁸⁸.
814 1288 930 1356 Qua
951 1302 1089 1345 vero
1115 1286 1171 1342 id
1194 1288 1435 1343 ratione?
1454 1287 1575 1343 Non
1597 1288 1972 1357 Sophistarum
1994 1289 2139 1359 leges

581 1380 756 1438 secuti
802 1397 818 1447 ;
870 1394 980 1435 non
1024 1395 1278 1453 sermone
1320 1378 1686 1447 celebrantes,
1711 1394 1874 1452 quam
1907 1380 2137 1451 quisque

580 1472 637 1531 in
701 1471 863 1527 terris
925 1471 1160 1542 patriam
1229 1477 1421 1526 nactus
1482 1470 1555 1527 sit
1612 1488 1629 1539 ;
1690 1486 1801 1526 non
1858 1480 2136 1540 terrenum

580 1562 867 1635 magniﬁce
898 1578 1075 1634 genus
1107 1562 1431 1618 extollentes
1462 1580 1477 1629 ;
1510 1577 1619 1631 non
1650 1563 1945 1619 nativitatis
1973 1571 2135 1634 atque

580 1656 1012 1713 conversationis
1048 1654 1364 1710 civilitatem
1401 1669 1654 1710 sermone
1696 1663 1973 1710 ornantes.
2005 1654 2134 1722 ρυω

580 1750 729 1805 enim
779 1748 899 1803 laus
951 1747 1033 1805 eis
1076 1747 1393 1817 proveniat,
1427 1746 1523 1817 qui
1566 1755 1773 1817 patrem
1819 1746 2132 1807 habuerunt

580 1838 964 1895 universorum
1002 1838 1171 1892 Deum
1191 1877 1206 1903 ,
1243 1837 1471 1907 patriam
1498 1852 1651 1901 vero,
1676 1837 1950 1893 caelestem
1975 1838 2134 1893 Jeru-

580 1932 748 1986 salem
766 1970 780 1997 ,
815 1944 1012 2001 genus,
1042 1928 1416 1984 beatissimum
1442 1928 1805 1999 pptriarcham
1830 1927 2136 1982 Abraham?

580 2024 714 2095 quin
745 2023 934 2094 potius
966 2021 1114 2076 illius
1144 2021 1303 2076 ﬁdem
1337 2026 1395 2075 et
1422 2020 1710 2091 justitiam,
1736 2019 1937 2088 quibus
1970 2017 2135 2074 etiam

581 2115 659 2171 illi
687 2128 915 2184 prorsus
954 2112 1160 2169 similes
1200 2113 1527 2165 exstiterunt
1568 2126 1582 2163 :
1628 2098 2133 2176 conversationem,

579 2208 879 2270 virtutem,
921 2211 979 2257 et
1026 2216 1146 2271 quae
1197 2200 1265 2255 ad
1308 2200 1591 2275 Christum
1644 2208 1730 2255 est
1773 2214 1878 2269 per
1928 2198 2133 2270 legem,

578 2295 809 2366 primam
838 2293 1243 2350 institutionem
1269 2306 1333 2346 ac
1358 2291 1797 2363 praeparationem
1819 2291 1843 2345 Ἰ
1863 2289 1931 2346 At
1959 2305 2135 2360 neque

581 2395 781 2443 cuncta
807 2386 998 2441 ordine
1026 2380 1281 2454 praeclare
1308 2384 1419 2437 illis
1440 2398 1509 2441 ac
1540 2376 1822 2453 magniﬁce
1848 2383 1944 2438 Dei
1970 2381 2134 2439 Verbi

580 2494 747 2535 causa
792 2486 942 2549 gesta
984 2476 1259 2552 sigillatim
1290 2475 1591 2552 laudemus.
1624 2472 1713 2529 Sic
1740 2474 1884 2529 enim
1916 2482 2137 2545 praeter-

585 2581 755 2638 quam
788 2566 937 2636 quod
973 2563 1329 2635 impossibilia
1359 2579 1423 2619 ea
1455 2564 1666 2619 molitio
1696 2572 1803 2629 est,
1827 2564 1985 2634 justze
2019 2580 2136 2620 me-

581 2660 889 2716 diocritatis
920 2660 1097 2730 legem
1129 2658 1546 2716 excesserimus.
1571 2656 1665 2714 lite
1692 2674 1824 2713 vero
1878 2659 2065 2730 etiam,
2088 2659 2135 2715 si

585 2765 693 2818 qua
721 2748 848 2812 alia,
874 2727 1333 2818 quemadmodum
1360 2747 1416 2801 in
1448 2747 1702 2803 omnibus
1731 2727 2137 2818 operationibus

583 2838 1041 2908 passionibusque
1065 2844 1120 2893 et
1147 2838 1381 2903 actibus,
1408 2838 1488 2893 sic
1520 2847 1575 2893 et
1608 2838 1664 2892 in
1702 2840 1833 2909 ipsis
1869 2839 2136 2894 intellecta

586 2931 904 3000 integraque
937 2929 1314 2992 sermonibus,
1340 2929 1555 2984 laudem
1588 2930 1773 2985 habet.
1803 2931 2002 2985 Verum
2032 2930 2135 2985 alia

2240 474 2444 539 ζοντες,
2508 472 2589 535 είς
2630 469 2859 541 ὕμνησιν
2909 467 3007 539 μὲν
3038 466 3132 521 καὶ
3185 464 3340 531 δόξαν
3370 464 3524 529 Θεοῦ,
3565 462 3776 521 tantum

2235 566 2294 621 δὲ
2327 567 2422 620 καὶ
2452 563 2614 636 τιμὴν
2648 563 2745 635 τῆς
2768 561 2969 626 οἰκείας
3030 558 3497 629 μεγαλοπρεπείας
3545 574 3774 630 συγκροο

2235 675 2438 713 τουσιν.

2308 748 2514 804 Οὐκοῦν
2537 747 2826 819 ήχήσωμεν
2864 745 2958 802 τοῦ
2998 745 3315 816 ινηχοῦντος
3342 745 3476 816 ἡμῖν
3522 742 3775 813 Πνεῦμα-

2236 858 2325 905 τος
2382 839 2614 912 ιπάξιαθ
2665 838 3010 909 σαλπίσωμεν
3052 838 3313 907 σάλπιγγι
3357 838 3415 892 ιν
3454 833 3592 889 Σιών
3623 849 3639 865 ο
3670 851 3775 905 κή-

2238 931 2487 1004 ρύξωμεν
2538 933 2601 986 ιν
2648 930 2765 1002 δρει
2818 930 2980 1000 ἁγίῳ,
3040 931 3106 1001 τῇ
3152 926 3443 997 Ἐκκλησία
3491 923 3682 996 ταύτῃ,
3712 926 3776 995 τῇ

2239 1025 2473 1096 μυστικῇ
2507 1022 2603 1077 καὶ
2646 1023 2900 1095 ἀγαπητῇ
2934 1021 3027 1075 τοῦ
3086 1019 3217 1074 Θεοῦ
3259 1019 3407 1073 πόλει
3441 1034 3456 1049 ο
3507 1015 3601 1070 καὶ
3627 1014 3775 1085 ἱερὰς

2238 1111 2631 1188 συστησάμενοι
2652 1114 3023 1187 χοροστασίας,
3054 1111 3152 1175 τὰς
3174 1112 3283 1166 τῶν
3329 1110 3487 1181 ιερῶν
3519 1108 3779 1176 θεολόγων

2237 1208 2509 1280 παναρως
2564 1208 2912 1279 κρατήσωμεν
2940 1203 3279 1276 ὕμνολογίας.
3324 1201 3691 1272 Κροτήσωμεν
3722 1198 3780 1253 δὲ

2236 1296 2352 1362 πῶς
2384 1313 2400 1364 ;
2430 1295 2506 1350 Οὐ
2564 1296 2831 1366 σοφιστῶν
2874 1294 3127 1364 ἑπόμενοι
3186 1292 3369 1361 νόμοις
3402 1304 3416 1319 ο
3449 1289 3509 1342 οὐ
3533 1287 3612 1358 τῷ
3634 1286 3779 1356 λόγῳ

2232 1389 2332 1454 τὰς
2379 1388 2532 1444 κάτω
2568 1385 2915 1459 σεμνύνοντες
2967 1383 3263 1455 πατρίδαςε
3314 1380 3376 1435 οὐ
3423 1380 3487 1434 τὸ
3511 1376 3618 1435 ἀπὸ
3673 1379 3779 1456 γῆς

2235 1456 2696 1554 μγαλαυχοῦντες
2732 1456 2890 1547 γένος
2909 1492 2926 1509 ·
2983 1475 3047 1530 οὐ
3103 1475 3438 1546 γεννήσεως,
3496 1471 3597 1525 οὐκ
3642 1469 3791 1551 ἀνα-λ

2233 1572 2471 1644 στροφῆς
2503 1570 2821 1642 άστειότητα
2844 1569 3145 1637 διεξιόντες.
3175 1566 3269 1630 Τίς
3320 1565 3429 1636 γὰρ
3461 1565 3525 1619 tat
3575 1560 3779 1616 τούτων

2233 1662 2402 1731 αἴνος,
2431 1667 2543 1729 τοῖς
2570 1664 2782 1732 Πατέρα
2805 1662 2925 1734 μιν,
2949 1662 3043 1716 τὸν
3072 1662 3180 1715 τῶν
3216 1660 3353 1713 ὅλων
3391 1656 3576 1729 σχοῦσι
3597 1655 3732 1710 Θεόν
3758 1668 3776 1685 ο

2160 1713 2207 1772 Β
2235 1713 2925 1823 ᾏέῥὶδῖἑιῖἶῆῗὲᾄᾶ
2960 1713 3342 1820 ίιήερουσαλήμ·
3393 1713 3569 1815 γῐνᾷςι
3594 1744 3651 1799 δι
3676 1735 3779 1799 tu.

2234 1841 2407 1912 χοῦσι,
2458 1840 2551 1895 τὸν
2604 1840 2869 1913 μακάριον
2918 1840 3262 1912 πατριάρχην
3321 1838 3609 1909 ’Δϐραάμο
3642 1836 3778 1908 μᾷλ-

2233 1930 2324 1984 λον
2354 1931 2434 1996 δὲ,
2452 1930 2551 2003 τήν
2575 1930 2779 1985 ἑκείνου
2808 1929 2987 1986 πίστιν
3013 1930 3105 1983 καὶ
3132 1927 3492 1999 δικαιοσύνην,
3518 1923 3599 1989 οῐς
3625 1924 3777 1996 αὐτῷ

2232 2022 2328 2076 καὶ
2372 2022 2719 2083 παντάπασιν
2781 2021 3085 2103 ὡμοίωνται
3114 2037 3131 2052 ·
3180 2017 3520 2090 ἀναστροφὴν
3565 2017 3622 2072 δὲ
3674 2016 3777 2087 τὴν

2233 2103 2453 2184 ἀρετὴν,
2509 2112 2602 2167 καὶ
2652 2111 2751 2184 τὴν
2786 2112 2919 2184 πρὸς
2982 2109 3214 2183 Χριστὸν
3260 2109 3346 2163 διὰ
3403 2108 3567 2178 νόμον
3616 2106 3777 2162 παιδ-

2233 2202 2473 2271 αγωγίαν
2521 2219 2579 2256 τε
2603 2201 2697 2256 καὶ
2752 2200 3211 2274 προκατάρτισιν;
3249 2199 3385 2254 Ἀλλ’
3435 2197 3556 2252 οὐδὲ
3597 2197 3778 2260 πάσας

2233 2282 2359 2361 ἑξῆς
2378 2293 2476 2356 τὰς
2522 2291 2662 2363 ὑπὲρ
2685 2291 2778 2345 τοῦ
2830 2290 2964 2347 Θεοῦ
3001 2291 3172 2360 Λόγου
3213 2287 3645 2360 κατωρθωμένας
3677 2288 3780 2341 αὑ-

2231 2369 2342 2450 τοίς
2396 2381 2790 2454 μεγαλουργίας
2841 2382 2962 2437 κατ’
3013 2377 3151 2446 εϊδος
3173 2381 3561 2453 ὲξυμνήσωμεν
3583 2399 3600 2416 ο
3632 2382 3779 2436 οὕτω

2233 2474 2341 2546 γὰρ
2360 2474 2494 2545 πρὸς
2519 2474 2594 2544 τῷ
2622 2474 2894 2546 ἀνεφίκτῳ
2924 2476 3021 2546 τῆς
3039 2477 3418 2547 ἐγχειρήσεως,
3448 2474 3656 2530 καὶτὸν
3672 2475 3779 2547 τῆς

2235 2566 2570 2637 συμμετρίας
2606 2565 2671 2620 ἂν
2703 2566 2863 2637 νόμον
2897 2565 3302 2637 παραϐαίημεν.
3360 2554 3664 2629 Ἐπαινετδς
3719 2565 3781 2619 δι

2239 2658 2333 2712 καὶ
2389 2651 2563 2723 οὗτος,
2597 2659 2753 2729 εῐπερ
2782 2656 2937 2722 ἄλλος
2962 2675 3065 2724 τις,
3107 2658 3304 2727 ὥσπερ
3332 2657 3626 2727 ἐνεργείαις
3671 2654 3781 2711 πά-

2236 2767 2354 2814 σαις
2384 2752 2477 2806 καὶ
2527 2749 2721 2804 πάθεσι
2771 2750 2863 2805 καὶ
2908 2750 3199 2833 πράξεσιν,
3255 2749 3397 2804 οὕτω
3432 2748 3611 2820 δήκαὶ
3662 2751 3782 2813 τοῖς

2234 2839 2410 2907 λόγοις
2441 2838 2618 2901 αὐτοῖς
2652 2836 3093 2906 ὲνθεωρούμενος.
3140 2835 3300 2890 Ἀλλά
3356 2834 3426 2888 τὰ
3460 2835 3557 2905 μὶν
3606 2834 3784 2904 ἑτέρῳ

2233 2929 2604 3001 τεταμιεύσθω
2638 2928 2813 2999 καιρῷ
2849 2927 2943 2981 καὶ
2978 2927 3119 2997 λόγῳ
3147 2943 3162 2960 ο
3194 2926 3261 2979 τὰ
3292 2926 3348 2981 δὲ
3377 2924 3470 2980 νῦν
3509 2918 3655 2977 αῐνον
3682 2924 3785 2979 καὶ

585 3018 812 3090 quidem
844 3019 935 3072 alii
964 3018 1195 3088 tempori
1222 3028 1385 3090 atque
1415 3018 1654 3073 sermoni
1684 3028 1844 3074 sunto
1871 3021 2133 3089 reposita;

2237 3022 2393 3087 δόξαν
2424 3024 2533 3084 τοῖς
2568 3019 2913 3090 λογιωτάτοις
2967 3016 3322 3089 προσάξωμεν
3362 3016 3457 3072 τοῦ
3486 3017 3658 3085 Λόγου
3684 3018 3782 3086 φί-

582 3110 691 3165 alia
738 3124 868 3165 vero
920 3124 1067 3164 nunc
1121 3109 1297 3165 laudis
1366 3120 1685 3180 argumento
1738 3120 1898 3179 atque
1951 3111 2135 3181 glorize

587 3197 963 3255 disertissimis
996 3198 1266 3253 sermonis
1298 3198 1489 3252 amicis
1520 3197 1813 3253 oﬁ'eramus
1850 3216 1863 3252 :
1899 3198 2134 3254 directo-

583 3306 692 3361 que
722 3290 788 3344 ad
816 3304 912 3345 eos
940 3289 1117 3345 laudis
1149 3289 1385 3354 cantico,
1414 3288 1467 3343 in
1501 3289 1618 3345 haec
1650 3290 1811 3343 verba
1849 3304 1970 3364 cum
2004 3306 2134 3360 pro-

585 3382 753 3453 pheta
780 3398 795 3436 :
825 3381 1004 3445 Avete,
1030 3381 1131 3449 ﬁlii
1159 3379 1283 3435 Sion
1302 3382 1366 3447 ",
1394 3380 1541 3452 ipsos
1567 3381 1927 3452 alloquamur.

656 3474 847 3542 Avete,
886 3482 1123 3545 paternae
1156 3473 1353 3529 divinas
1385 3474 1613 3545 originis
1646 3474 1777 3528 clari
1813 3488 2127 3543 prtecones:

584 3564 897 3621 divinorum
931 3563 1054 3618 Filii
1084 3578 1310 3633 operum
1343 3562 1668 3617 divinissimi
1703 3552 2079 3631 explanatores
2116 3577 2131 3614 :

585 3656 817 3712 viviﬁcte
854 3655 1088 3726 Spiritus
1127 3654 1348 3709 virtutis
1385 3654 1507 3708 viva
1547 3666 1746 3723 organa
1789 3666 1853 3705 ac
1892 3651 2135 3706 modula-

588 3748 823 3811 tissima,
865 3763 985 3818 qua:
1024 3747 1280 3802 videlicet
1329 3738 1663 3801 dulcissimis
1703 3743 1927 3797 vocibus
1971 3751 2134 3812 atque

587 3840 823 3895 modulis
867 3838 1331 3903 concinnissimis,
1373 3838 1688 3893 universum
1715 3836 1895 3892 simul
1943 3834 2131 3890 orbem

588 3942 787 3985 terram
820 3930 914 3983 uni
944 3930 1120 3985 Verbo
1152 3938 1209 3983 et
1236 3930 1349 3984 Deo
1380 3928 1762 3990 adhibueritis,
1791 3936 1847 3981 et
1871 3925 1937 3979 ad
1967 3925 2045 3978 illi
2077 3924 2132 3979 in

586 4020 779 4090 spiritu
804 4029 859 4074 et
884 4020 1110 4074 veritate
1136 4018 1480 4074 serviendum
1514 4017 1857 4072 institueritis
1875 4016 1939 4070 ³⁸.

657 4109 813 4165 Salve
828 4111 922 4173 sis.
938 4112 1115 4173 Petre,
1137 4110 1224 4164 cui
1251 4110 1429 4165 claves
1452 4108 1601 4178 regni
1627 4107 1887 4162 caelorum
1914 4108 2133 4162 creditae

584 4211 714 4257 sunt
765 4218 782 4267 ;
839 4216 1005 4271 super
1052 4217 1211 4271 quem
1259 4200 1509 4255 Christus
1558 4197 1791 4253 ﬁrmavit
1836 4198 2130 4252 Ecclesiam

584 4307 771 4359 suam;
814 4307 978 4361 quem
1026 4292 1093 4345 ad
1132 4293 1345 4346 Patrem
1388 4290 1718 4362 migraturus
1778 4289 1893 4345 suis
1938 4289 2132 4345 ovibus

584 4390 857 4453 pastorem
882 4381 1119 4453 prtefecit
1135 4381 1199 4436 ”.

654 4588 812 4646 Salve
841 4587 936 4653 sis,
960 4587 1147 4651 Paule,
1174 4584 1268 4655 qui
1296 4584 1472 4640 ﬁdelis
1498 4592 1554 4639 et
1581 4583 1822 4653 prudens
1846 4582 2130 4652 dispensa-

585 4692 672 4738 tor
693 4679 1148 4753 paterntedomus
1175 4677 1459 4739 enitueris,
1480 4691 1706 4744 eamque
1729 4674 1799 4728 ob
1825 4689 1937 4730 rem
1965 4673 2129 4729 etiam

585 4787 750 4842 super
783 4769 964 4824 omnia
998 4783 1118 4837 quas
1151 4766 1296 4820 illius
1327 4775 1483 4829 sunt,
1511 4765 1842 4819 constitutus
1877 4763 1952 4818 sis
1986 4779 2001 4827 ;
2035 4762 2128 4831 qui

584 4862 769 4916 adhuc
789 4860 978 4913 vivens
1007 4870 1255 4927 corpore,
1276 4852 1331 4911 in
1357 4857 1575 4913 tertium
1602 4855 1800 4911 caelum
1820 4862 2009 4923 raptus
2033 4854 2128 4920 sis,

584 4954 1008 5026 paradisumque
1028 4948 1225 5004 mentis
1246 4949 1421 5004 oculis
1439 4948 1822 5019 aspectabilem
1844 4960 2132 5009 conspexe-

586 5046 686 5111 ris,
708 5059 773 5099 ac
796 5043 967 5099 verba
1000 5042 1194 5097 arcana
1230 5042 1337 5097 tuis
1370 5041 1485 5110 ipse
1520 5040 1745 5095 auribus
1777 5036 2049 5093 audiveris
2064 5036 2128 5087 ⁸ο.

657 5137 815 5192 Salve
838 5135 933 5196 sis,
964 5135 1141 5198 Petre,
1170 5135 1261 5201 qui
1294 5134 1449 5198 prius
1479 5131 1697 5199 quidem
1728 5137 1906 5183 mutos
1934 5143 2129 5197 sagena

588 5228 766 5298 pisces
794 5224 1104 5295 cupiebas“
1134 5243 1146 5277 :
1179 5234 1363 5294 postea
1392 5238 1541 5285 vero,
1571 5223 1753 5275 divino
1784 5222 1936 5290 plexa
1968 5236 2129 5289 opere

590 5316 706 5384 ipse
750 5330 849 5385 per
892 5312 1169 5368 Christum
1221 5325 1413 5379 sagena
1457 5309 1710 5374 eﬁ‘ectus,
1746 5320 1803 5363 et
1848 5310 1911 5362 in
1950 5306 2130 5361 smculi

592 5406 789 5459 missus
828 5420 1006 5469 mare,
1044 5414 1202 5471 atque
1236 5417 1303 5455 ex
1334 5401 1480 5454 omni
1516 5402 1862 5455 rationalium
1900 5398 2128 5467 piscium

664 5598 1431 5665 ³⁸100111,1,15;Ρ5ειι.ιι.ϐ.
1510 5600 1680 5653 “loel
1706 5600 1868 5657 11,95.

596 5690 737 5737 xxn',
759 5673 852 5735 46;
887 5674 925 5725 ll
955 5675 1081 5727 (lor.
1108 5688 1199 5737 xu,
1224 5670 1275 5722 ἓ.
1355 5667 1819 5736 “Mailtli.iv,19;
1852 5682 1959 5732 xm,
1983 5666 2066 5718 47.

2238 3112 2349 3174 λοις
2381 3128 2395 3142 °
2451 3112 2560 3171 atat
2593 3110 2728 3181 πρὸς
2766 3108 2961 3173 αὐτοὺς
3011 3109 3101 3163 τὸν
3150 3108 3317 3177 ὕμνον
3368 3108 3782 3171 ἀποτείναντες,

2244 3202 2320 3255 Τὰ
2356 3200 2533 3254 τέκνα
2550 3200 2723 3267 Σιὼν,
2748 3200 3000 3270 χαίρετε,
3033 3198 3167 3270 μετὰ
3183 3198 3275 3253 τοῦ
3304 3199 3596 3270 προφήτου,
3618 3214 3789 3269 προσ-

2238 3292 2614 3362 φθεγγώμεθα.

2306 3468 2558 3541 Χαίρετε,
2589 3468 2687 3536 τῆς
2711 3467 2981 3538 πατρικῆς
3012 3466 3267 3537 θεαρχίας
3311 3464 3616 3535 διαπρύσιοι
3681 3465 3787 3536 κή-

2242 3578 2401 3630 ρυκες
2433 3576 2447 3591 ·
2470 3561 2571 3631 τῆς
2608 3557 2703 3612 τοῦ
2733 3557 2861 3611 Υίοῦ
2900 3556 3181 3627 θεουργίας
3228 3556 3596 3637 ίεροφάντορες
3644 3554 3787 3609 θειό-

2236 3670 2385 3707 τατοι
2412 3669 2425 3683 ⁸
2450 3655 2544 3722 τῆς
2580 3650 2850 3723 ζωαρχίας
2877 3650 2970 3703 τοῦ
2997 3649 3306 3720 Πνεύματος
3360 3648 3563 3720 ὄργανα
3602 3646 3788 3717 ζῶντα

2237 3745 2329 3799 καὶ
2352 3744 2718 3813 πολυαρμόνια
2747 3756 2764 3773 ⁸
2818 3743 2887 3794 τὰ
2919 3742 3171 3810 φθόγγοις
3197 3740 3429 3811 ἡδίστοις
3467 3740 3559 3792 καὶ
3589 3738 3785 3808 μέλεσι

2237 3835 2642 3906 παναρμονίοις,
2673 3834 2769 3905 τὴν
2794 3834 3109 3904 οἰκουμένην
3140 3832 3273 3903 ὁμοῦ
3294 3834 3493 3897 πᾶσαν,
3523 3832 3601 3884 ἑνὶ
3618 3831 3786 3900 Λόγῳ

2236 3928 2329 3981 καὶ
2356 3926 2473 3996 Θεῷ
2510 3926 2989 3996 παραστησάμενα,
3025 3925 3144 3978 καὶ.
3166 3923 3336 3995 τούτῳ
3374 3922 3641 3993 πνεύματι
3688 3923 3787 3979 καὶ

2237 4020 2461 4091 ἀληθείᾳ
2485 4017 2759 4088 λατρεύειν
2789 4017 3217 4087 συμϐιϐάσαντα.

2229 4092 2237 4101 ’
2305 4110 2547 4194 Χαίροις,
2578 4109 2765 4180 Πέτρε,
2796 4110 2824 4162 ὀ
2845 4110 2943 4177 τῆς
2964 4108 3073 4164 τῶν
3109 4108 3351 4181 οὐρανῶν
3376 4107 3647 4177 βασιλείας
3675 4107 3786 4170 τὰς

2236 4205 2382 4267 κλεῖς
2410 4200 2871 4273 πεπιστευμένοςο
2896 4201 2981 4269 ἐφ’
3030 4194 3075 4269 ᾧ
3118 4201 3216 4268 τὴν
3278 4198 3413 4252 ίδίαν
3439 4200 3488 4258 ,ὁ
3545 4198 3785 4267 Χριστὸς

2248 4298 2567 4369 Ἐκκλησίαν
2591 4297 2909 4369 ἐστήριξατο
2937 4311 2953 4327 ο
2988 4295 3047 4349 ὃν
3074 4295 3168 4349 καὶ⁸
3197 4291 3447 4361 ποιμένα.
3492 4289 3627 4359 πρὸς
3684 4288 3786 4342 τὸν

2164 4395 2209 4452 D
2236 4389 2425 4444 ἑαυτοῦ
2455 4390 2670 4460 Πατέρα
2699 4378 3057 4460 μεταϐαίνων,
3093 4385 3185 4438 ἐπὶ
3216 4383 3325 4437 τῶν
3353 4381 3517 4437 αὑτοῦ
3566 4379 3788 4449 προὸά-

2232 4498 2339 4535 των
2366 4481 2754 4550 κατεστήσατο.

2304 4570 2551 4647 Χαίροις,
2585 4568 2783 4634 Παῦλε,
2817 4569 2847 4622 ό
2875 4566 3061 4629 πιστὸς
3091 4564 3367 4633 οίκονόμός
3397 4560 3491 4617 καὶ
3515 4560 3785 4631 φρόνιμος

2232 4660 2329 4730 τῆς
2356 4660 2450 4713 τοῦ
2501 4660 2708 4731 Πατρός
2748 4658 3083 4731 ἀποδειχθεὶς
3127 4652 3301 4719 οίκίας
3334 4673 3347 4687 ·
3375 4653 3441 4707 δι’
3480 4652 3509 4705 ὃ
3540 4652 3633 4707 καὶ
3681 4652 3784 4705 ἐπὶ

2234 4752 2366 4805 πᾶσι
2412 4752 2522 4813 τοῖς
2566 4750 2897 4821 ὑπάρχουσιν
2948 4748 3093 4819 αὐτῷ
3130 4745 3523 4815 καθεσταμένος
3548 4758 3563 4773 ⁸
3606 4743 3635 4795 ὀ
3694 4742 3783 4795 ἔτι

2235 4840 2443 4913 σώματι
2462 4842 2590 4908 ζῶν,
2626 4842 2758 4913 πρὸς
2784 4843 2875 4895 τὸν
2893 4842 3071 4911 τρίτον
3101 4838 3363 4908 άρπαγεὶς
3405 4833 3647 4905 οὐρανὸν,
3680 4834 3783 4886 καὶ

2234 4931 2323 4984 τὸν
2368 4932 2554 5001 νοητὸν
2609 4932 2929 5001 παράδεισον
2967 4928 3309 4996 τεθεαμένος,
3366 4928 3459 4981 καὶ
3515 4923 3785 4995 ῥημάτων

2233 5028 2484 5097 άρῤήτων
2514 5028 2771 5094 αὐτήκοος
2796 5022 3171 5091 γεγενημένος.

2303 5119 2543 5187 Χαίροις,
2599 5116 2791 5183 Πέτρε,
2827 5118 2853 5166 ὁ
2904 5114 3160 5182 πρότερον
3214 5113 3312 5182 μὲν
3340 5112 3546 5179 ἀλόγων
3578 5110 3784 5179 ἰχθύων

2238 5205 2568 5273 σαγηνευτής
2603 5218 2615 5231 ·
2644 5203 2834 5255 ἔπειτα
2866 5206 3070 5273 σαγήνη
3106 5203 3391 5265 θεόπλοκος
3423 5202 3509 5254 διὰ
3537 5202 3783 5272 Χριστοῦ

2240 5296 2517 5363 γενόμενος
2568 5294 2745 5357 αὐτὸς,
2798 5296 2888 5346 καὶ
2938 5296 3016 5355 είς
3068 5295 3163 5365 τὴν
3205 5297 3471 5365 κοσμικὴν
3504 5294 3785 5348 θάλασσαν

2237 5386 2651 5455 ἐμϐεβλημένος,
2684 5389 2774 5439 καὶ
2811 5388 2872 5438 ὲκ
2906 5386 3101 5449 παντὸς
3152 5389 3338 5454 γένους
3388 5385 3495 5438 τῶν
3545 5384 3784 5450 λογικῶν

1980 5596 2022 5626 ³⁸
2042 5594 2193 5648 Joan.
2221 5608 2290 5661 tv,
2312 5591 2398 5645 ‘23.
2493 5594 2533 5625 ³9
2557 5570 2739 5647 Matth.
2771 5608 2869 5654 xw,
2916 5592 3005 5656 l8;
3035 5591 3185 5646 Joan.
3210 5606 3315 5652 XXI,
3341 5590 3422 5641 l7.
3515 5587 3559 5619 “
3581 5586 3779 5642 Matth.
