3950 6320
256 278 326 344 LI
992 270 1270 341 OR'ATIO
1310 280 1425 340 III.
1455 279 1622 340 -ΙΝ
1664 277 1826 338 LAUl

1933 277 1971 335 VI
2011 277 2117 340 SS.
2156 277 2382 337 PETRI
2422 276 2515 334 ET
2555 274 2803 334 PAULI.
3428 270 3500 332 42

259 397 589 468 συνειλεχὼς
659 398 854 467 ἰχθύων
899 410 913 424 ’

257 490 715 542 πολυτελέστατον
745 490 1293 559 παρασκευαζόμενος
1326 489 1572 557 ὀψώνιον.

329 579 580 650 Χαίροις,
629 579 829 642 Παῦλε,
873 579 1180 650 ὁπρότερον
1243 581 1339 649 μὲν
1396 579 1474 649 τῷ
1522 578 1670 648 ζήλῳ
1730 579 1822 631 τοῦ

255 671 424 742 νόμου
469 671 830 742 καταφλεγείς
862 689 876 702 ·
909 672 1097 725 ἔπειτα
1140 674 1205 743 τῇ
1250 671 1350 742 τῆς
1396 673 1616 741 χάριτος
1637 673 1824 742 ἀγάπῃ

253 763 632 835 πυρποληθείς
664 781 678 795 θ
737 766 830 817 καὶ
866 764 1042 838 φυγὰς
1083 764 1202 834 μὲν,
1233 765 1352 816 ἀντὶ
1377 764 1606 818 διώκτου
1639 780 1654 795 °
1704 765 1824 816 ἀντὶ

255 854 589 927 βλασφήμου
618 856 676 909 δὲ
716 857 809 910 καὶ
849 856 1125 927 ὑϐριστοῦ,
1180 855 1544 926 δοκιμώτατος
1592 858 1825 922 εὐαγγε-

253 949 452 1018 λιστὴς
477 949 842 1018 γεγενημένος
873 966 886 980 ο
921 949 1013 1002 καὶ
1039 950 1192 1019 χερσὶ
1229 949 1327 1019 μὲν
1361 949 1572 1020 δέρρεις
1585 949 1824 1018 ἀψύχους

253 1045 596 1114 συρρἀτων
639 1044 775 1114 πρὸς
816 1045 1164 1113 σκηνοποιίαν
1197 1058 1212 1072 ο
1267 1042 1542 1113 Πνεύματι
1584 1043 1638 1096 δὲ
1697 1041 1825 1111 θείῳ

251 1132 488 1197 λογικὰς
537 1135 770 1187 συνδέων
820 1134 1042 1203 καρδίας
1073 1136 1166 1187 καὶ
1213 1135 1422 1204 νοερὰς,
1479 1135 1572 1187 καὶ
1620 1136 1826 1204 σκηνὴν

249 1224 465 1288 ταύτας
502 1226 793 1295 ἀκήρατον,
835 1227 926 1278 καὶ
954 1226 1205 1297 οὐράνιον
1240 1228 1377 1295 πρὸς
1407 1227 1504 1297 τὴν
1534 1226 1628 1280 τοῦ
1669 1227 1823 1296 Ὑψί-

253 1331 390 1367 στου
420 1317 737 1384 κατοίκησιν
760 1316 1222 1386 ἀπεργαζόμενος.

343 1497 555 1566 ’Υμεῐς,
588 1499 634 1549 εί
662 1499 756 1550 καὶ
782 1499 921 1552 κατὰ
949 1499 1138 1568 χρόνον
1159 1500 1248 1551 τὸν
1280 1501 1406 1552 ἴδιον
1445 1502 1701 1570 ἑκάτερος
1727 1502 1824 1570 τῆς

249 1589 312 1639 ἐν
383 1592 547 1658 σαρκὶ¹
603 1592 907 1661 γεννήσεως
953 1592 1195 1662 ἐτύχετε,
1226 1593 1358 1645 ἀλλὰ
1391 1595 1725 1664 προαιωνίως
1767 1596 1826 1645 ἐν

248 1678 379 1749 Θεῷ
405 1682 576 1750 Πατρὶ
610 1682 1066 1752 προεγνωσμένοι,
1101 1685 1194 1735 καὶ
1231 1684 1331 1754 τῆς
1359 1685 1452 1759 τοῦ
1485 1685 1826 1752 Μονογενοῦς

976 400 1068 452 καὶ
1106 400 1172 467 τῇ
1225 399 1524 466 Δεσποτικῇ
1579 396 1823 466 τραπέζῃ

1933 409 2124 462 genere
2148 407 2501 464 congregans,
2522 387 2959 444 laudatissimum
2984 398 3183 439 mensa)
3203 384 3494 439 Dominicae

1927 487 2170 541 edulium
2203 486 2371 540 struis
2401 497 2765 554 apparasquc.

1909 605 1930 615 ε
1996 580 2152 634 Salve
2190 580 2284 641 sis,
2317 579 2499 640 Paule,
2525 577 2676 646 prius
2736 573 2957 643 quidem
2995 571 3127 641 legis
3154 570 3497 625 aemulatione

1927 679 2260 734 exaestuans;
2284 677 2471 738 postea
2495 676 2679 720 autem
2702 663 2889 735 gratia:
2910 663 3171 716 charitate
3209 661 3496 724 incensus;

1928 776 1990 815 ac
2036 777 2136 830 pro
2182 767 2552 830 persecutore,
2589 758 2689 826 .qui
2737 756 2849 826 ipse
2906 753 3084 823 fugam
3137 751 3368 814 inieris;
3400 766 3500 819 pro

1927 851 2246 920 blaspheme
2287 858 2340 904 et
2373 849 2590 919 injuriis
2619 858 2825 903 atroce.
2858 843 3280 914 probatissimus
3305 841 3500 910 prmdi-

1927 952 2079 997 cator
2107 929 2427 996 exstiteris:
2457 955 2519 994 ac
2547 940 2639 1009 qui
2675 939 2843 1007 pelles
2872 937 3089 1007 quidem
3137 935 3406 989 inanimes
3443 934 3497 986 in

1930 1050 2082 1089 usum
2107 1033 2585 1088 tabernaculorum
2611 1031 2865 1084 manibus
2886 1030 3000 1098 ipse
3018 1027 3304 1082 consueris
3323 1025 3391 1088 δ’,
3410 1025 3497 1078 di-

1926 1126 2054 1178 vino
2082 1134 2265 1179 autem
2302 1123 2508 1192 Spiritu
2535 1124 2699 1178 corda
2739 1124 2945 1176 utentia
2982 1122 3194 1175 ratione
3230 1136 3294 1174 ac
3317 1128 3498 1173 meme

1926 1217 2155 1286 pradita
2206 1217 2308 1271 alia
2355 1216 2478 1271 aliis
2531 1217 2752 1285 Deoque
2800 1215 3138 1279 devinciens,
3191 1213 3498 1266 immortale

1927 1309 2043 1364 haec
2069 1311 2478 1365 tabernaculum
2505 1320 2667 1379 atque
2697 1307 2940 1372 cmleste,
2972 1307 3024 1361 in
3051 1321 3159 1376 quo
3189 1306 3498 1360 Altissimus

1926 1402 2217 1464 habitaret,
2245 1413 2551 1472 praastarcs.

1997 1495 2122 1558 Vos,
2146 1496 2249 1549 etsi
2268 1511 2366 1549 suo
2396 1497 2628 1564 quisque
2653 1503 2898 1562 tempore
2933 1494 2985 1546 in
3016 1508 3180 1547 carne
3201 1491 3310 1546 nati
3333 1491 3496 1557 estis;

1927 1594 2052 1640 ante
2084 1586 2278 1664 saecula
2311 1594 2492 1640 tamen
2519 1585 2572 1639 in
2603 1586 2714 1649 Deo
2750 1586 2913 1639 Patre
2949 1584 3209 1653 praesciti,
3240 1593 3404 1651 atque
3437 1590 3498 1635 ut

1929 1674 2201 1744 Unigeniti
2228 1675 2414 1745 gloria:
2457 1675 2667 1730 similes
2689 1674 3064 1734 efliceremini,
3094 1671 3494 1742 prmdestinati;

247 1766 419 1835 δόξης
453 1768 765 1837 σῦμμορφοι
796 1750 1045 1837 γενέσθαι
1095 1750 1514 1842 προωρισμένοι,
1559 1750 1826 1845 ὅτεῆλθεν

1933 1764 2145 1833 quando
2185 1764 2338 1819 venit
2365 1763 2653 1833 plenitudo
2703 1761 2964 1831 temporis
2997 1777 3060 1816 ae
3096 1759 3330 1830 Verbum
3369 1773 3497 1812 caro

247 1856 317 1905 τὸ
346 1856 620 1926 πλήρωμα
653 1857 746 1912 τοῦ
772 1859 986 1927 χρόνον,
1037 1861 1130 1912 καὶ
1178 1861 1348 1928 Λόγος
1387 1861 1522 1931 σὰρξ
1584 1865 1820 1930 ἐγένετο,

251 1946 497 2015 πρῲτως
525 1948 678 2001 αὐτοὶ
713 1950 786 2019 (5)
820 1951 1008 2002 τοῦτον
1027 1953 1336 2019 ἐπιγνόντες
1377 1955 1473 2006 καὶ
1523 1953 1778 2019 λαϐόντες
1805 1974 1819 1988 ·

249 2040 359 2090 καὶ
399 2041 602 2108 πρῶτοι
631 2041 728 2110 τῆς
755 2040 814 2106 ἐξ
835 2043 1000 2096 αὑτοῦ
1031 2046 1331 2115 γεννήσεως
1364 2046 1676 2116 ἠξιωμένοι,
1731 2049 1826 2102 καὶ

248 2129 471 2196 πρῶτοι
493 2129 674 2183 τοῦτον
700 2131 908 2194 ἑαυτοῖς
961 2133 1390 2206 εὐμοιρήσαντες
1445 2139 1822 2205 ὲσκηνωιιότα,

248 2220 394 2272 αὐτὸ
422 2221 484 2272 τὸ
520 2222 738 2292 Πνεῦμα
767 2223 859 2276 τοῦ
905 2224 1038 2277 Θεοῦ
1075 2227 1501 2296 συμμαρτυροῦν
1555 2231 1823 2298 ἐσχήκατε

247 2312 338 2380 τῷ
363 2313 630 2381 πνεύματι
665 2315 842 2384 ὑμῶν,
873 2316 955 2368 δτι
987 2318 1110 2370 ἐστὲ
1146 2320 1311 2374 τέκνα
1331 2319 1423 2372 τοῦ
1462 2320 1597 2373 Θεοῦ
1627 2339 1640 2351 ⁸
1673 2325 1721 2375 εἰ
1767 2324 1825 2376 δὲ

246 2406 457 2470 τέκνα,
518 2407 612 2458 καὶ
673 2408 1051 2478 κληρονόμοι·
1111 2410 1441 2481 κληρονόμοι
1506 2412 1607 2482 μὲν
1651 2415 1822 2478 Θεοῦ,

252 2496 691 2566 συγκληρονόμοι
722 2498 780 2551 δὲ
809 2499 1064 2568 Χριστοῦ.

347 2588 556 2657 Ὑμεῖς,
591 2589 652 2641 οὐ
690 2590 786 2660 τῆς
810 2592 1136 2663 ἐπουρανίου
1187 2595 1431 2665 κλήσεως
1484 2597 1698 2668 μέτοχοι
1732 2601 1826 2667 μό-

249 2696 375 2744 νον,
405 2680 540 2734 ἀλλὰ
561 2684 656 2735 καὶ
686 2683 913 2754 ἐκλογῆς
933 2684 1041 2737 υἱοὶ
1070 2689 1509 2757 κεχρηματίκατε
1541 2705 1555 2721 ο
1591 2692 1684 2743 καὶ
1725 2693 1825 2745 οὐκ

250 2775 552 2845 ἐξελέγητε
583 2778 762 2847 μόνον,
799 2777 933 2833 ἀλλὰ
960 2780 1054 2833 καὶ
1099 2781 1472 2852 ἐδικαιώθητε,
1540 2784 1675 2838 ἀλλὰ
1735 2789 1825 2838 καὶ

249 2867 604 2938 ἐδοξάσθητε.
645 2870 829 2940 Ὑμεῖς
874 2873 973 2924 οὐκ
1028 2873 1135 2926 ἀπὸ
1185 2875 1386 2945 σαρκὸς
1431 2877 1528 2930 καὶ
1555 2878 1822 2947 αἵματοςο

245 2959 354 3010 διὰ
381 2955 445 3012 δὲ
475 2960 566 3013 τοῦ
588 2961 646 3013 ἐν
678 2962 922 3032 οὐρανοῖς
982 2963 1189 3033 Πατρὸς
1240 2965 1330 3019 τὸν
1378 2968 1541 3020 αὐτοῦ
1595 2970 1825 3039 Χριστὸν

252 3051 727 3119 ἀπαυγασθέντες,
750 3054 841 3106 καὶ
871 3053 927 3105 ἐν
949 3053 1025 3124 τῷ
1051 3055 1271 3125 μεγάλῳ
1291 3057 1430 3124 φωτὶ
1461 3057 1520 3110 τὸ
1555 3058 1695 3126 μέγα
1712 3058 1826 3126 φῶς

251 3143 603 3213 τεθεαμένοι,
638 3146 730 3198 καὶ
760 3145 932 3215 τούτῳ
985 3147 1170 3213 σαφῶς
1225 3149 1668 3215 πεπιστευκότες,
1732 3150 1825 3203 καὶ

259 3233 394 3286 νοῦν
453 3237 510 3286 ὲν
546 3236 693 3305 αὐτῷ
744 3227 1266 3310 καταστραφθέντες,
1301 3243 1392 3295 καὶ
1447 3244 1621 3314 ψυχὴν
1661 3263 1826 3298 κατα-

259 3327 605 3394 λαμφθέντες
638 3344 650 3357 ·
683 3330 878 3397 μᾶλλον
901 3331 956 3382 δὲ
973 3331 1122 3398 φῶτα
1151 3333 1375 3404 λαμπρὰ
1411 3337 1502 3388 καὶ
1528 3336 1727 3407 θεαυγῆ
1747 3337 1822 3406 (ὁ)

261 3417 641 3485 γεγενημένοι,
670 3420 750 3479 εἰς
783 3419 896 3484 φῶς
929 3417 1094 3472 ἐθνῶν
1148 3422 1515 3493 ἀπεστάλητε,
1539 3425 1618 3486 είς
1649 3443 1826 3495 σωτη-

264 3507 397 3576 ρίαν
421 3507 645 3576 ἐσχάτου
675 3508 917 3561 τέθεισθε
940 3512 1035 3582 τῆς
1065 3511 1189 3582 γῆς.

354 3597 536 3666 ’Υμῶν
558 3600 656 3668 τὴν
695 3599 898 3664 πίστιν,
933 3604 960 3652 ὁ
1008 3603 1275 3673 μακάριος
1315 3606 1408 3659 καὶ
1467 3610 1625 3676 μόνος
1669 3609 1821 3661 δυνά-

263 3707 404 3759 στης
430 3691 641 3759 πρῶτος
664 3693 1017 3764 ἐμακάρισεν,
1057 3696 1277 3763 ἄγγελοι
1317 3697 1589 3768 ὕμνησαν,
1644 3701 1828 3770 δαίμο-

261 3798 359 3843 νες
388 3782 646 3848 ἔπτηξαν,
676 3784 707 3852 ή
748 3783 922 3844 κτίσις
944 3784 1213 3848 ἐδόξασεν.
1252 3785 1435 3857 Ὑμῶν
1468 3788 1566 3860 τὴν
1618 3791 1825 3855 ἐλπίδα,
1852 3835 1854 3837 .

260 3874 329 3926 οῦ
367 3875 802 3945 πυκναῖβροχαὶ
854 3881 945 3930 καὶ
993 3881 1238 3948 συνεχεῖς
1286 3880 1562 3951 λογισμῶν
1583 3883 1866 3948 ἐκτόπων,

264 3967 682 4036 παρεσάλευσαν
708 3983 721 3995 ⁸
745 3971 805 4021 οὐ
839 3971 1217 4040 πονηροτάτων
1239 3973 1546 4040 καταιγίδες
1568 3973 1828 4040 γλωσσῶν

264 4061 364 4110 καὶ
394 4057 717 4127 βαρύτητες,
743 4060 817 4123 ὡς
845 4063 1080 4130 ποταμοὶ
1103 4063 1530 4133 προσπίπτοντες
1547 4065 1824 4118 διέλυσανο

262 4149 328 4199 οὐ
397 4148 659 4202 κινδύνων
715 4153 806 4202 καὶ
856 4152 1325 4223 θανάτωνέσμδς,
1358 4155 1432 4218 ὡς
1473 4157 1691 4222 ἀνέμων
1741 4157 1829 4226 βία

262 4240 693 4308 προσρήσσουσα
722 4243 1074 4312 κατέρραξεν.
1126 4244 1308 4312 ’Υμῶν
1333 4245 1430 4314 τὴν
1457 4246 1694 4316 ἀγάπην,
1727 4249 1828 4300 οὐκ

275 4332 489 4400 Ἀρχαὶ,
545 4333 647 4383 οὐκ
703 4333 991 4395 Ἐξουσίαι,
1049 4333 1170 4386 οὔτε
1222 4335 1353 4405 ζωὴ,
1420 4336 1542 4389 οὒτε
1577 4337 1826 4402 θάνατος,

1924 1855 2127 1910 factum
2160 1864 2263 1917 est.
2290 1863 2420 1908 tunc
2450 1855 2687 1924 primum
2735 1853 2859 1923 ipsi,
2902 1853 2996 1906 illo
3023 1851 3208 1922 agnito
3247 1858 3496 1917 accepto-

1923 1962 2030 2016 (Ιιιθ
2060 1963 2074 2011 ;
2109 1961 2172 2001 ac
2195 1945 2357 2016 primi
2390 1953 2452 2000 ut
2476 1961 2542 2000 ex
2569 1961 2635 1999 eo
2668 1943 3034 1999 nasceremini
3063 1942 3363 2004 consecuti,
3387 1940 3496 2009 pri—

1925 2039 2108 2107 mique
2133 2045 2195 2090 ut
2221 2038 2400 2106 ipsum
2422 2038 2476 2090 in
2508 2036 2666 2091 vobis
2696 2046 3008 2094 manentem
3043 2034 3319 2088 haberetis
3349 2033 3494 2087 felici

1924 2137 2069 2184 sorte
2100 2129 2268 2190 nacti,
2296 2129 2475 2198 ipsum
2523 2128 2619 2183 Dei
2649 2127 2912 2197 Spiritum
2959 2125 3198 2180 habuisti
3248 2123 3516 2178 testimo-.

1924 2222 2077 2275 nium
2133 2221 2512 2293 perhibentem
2547 2220 2779 2291 spiritui.
2822 2229 3026 2282 vestro,
3077 2218 3221 2288 quod
3254 2216 3347 2270 filii
3399 2215 3494 2268 Dei

1923 2312 2148 2368 essetis:
2180 2312 2223 2367 si
2253 2321 2433 2366 autem
2457 2311 2576 2375 lilii,
2607 2319 2665 2366 et
2687 2311 2970 2374 hazredes;
3001 2311 3244 2364 haeredes
3271 2309 3493 2378 quidem

1925 2408 2041 2470 Dei,
2077 2405 2391 2461 cohaeredes
2426 2414 2607 2459 autem
2640 2403 2846 2458 Christi
2877 2404 2945 2455 ⁵³.

1996 2601 2122 2664 Vos,
2165 2600 2366 2653 nedum
2416 2597 2656 2653 cmlestis
2692 2595 2999 2649 vocationis
3022 2594 3314 2662 participes
3365 2594 3494 2649 facti

1925 2690 2077 2754 estis,
2124 2688 2301 2743 sed-et
2330 2686 2616 2742 electionis
2662 2685 2950 2739 exstitistis
2979 2683 3114 2738 lilii:
3178 2680 3279 2738 n'ec
3317 2684 3496 2738 solum

1926 2781 2083 2835 electi
2114 2780 2265 2844 estis,
2301 2779 2393 2833 sed
2429 2788 2484 2832 et
2510 2777 2811 2848 iustificati,
2839 2777 2933 2831 sed
2969 2787 3024 2830 et
3049 2775 3360 2846 gloriﬁcati.
3385 2776 3496 2830 Vos

1926 2860 2034 2929 non
2061 2891 2128 2929 ex
2158 2889 2322 2929 carne
2354 2880 2410 2928 et
2438 2872 2724 2941 sanguine,
2777 2874 2877 2923 sed.
2898 2870 3071 2923 Patris
3096 2869 3336 2923 emlestis
3367 2868 3496 2922 illu-

1925 2967 2210 3030 stratioue,
2240 2967 2359 3036 ejus
2391 2965 2669 3019 Christum
2703 2963 2918 3025 edocti,
2955 2961 3120 3030 inque
3154 2977 3345 3031 magna
3375 2961 3495 3014 luce

1855 3089 1897 3148 ρ
1930 3075 2180 3130 magnam
2233 3057 2532 3127 conspicati
2589 3060 2789 3118 lucem,
2845 3053 3325 3122 eiquemanil‘este
3378 3067 3501 3105 ere--

1881 3142 1897 3190 -—
1928 3150 2140 3214 dentes,
2189 3159 2351 3218 atque
2397 3149 2451 3201 in
2488 3148 2576 3201 illa
2601 3155 2784 3200 mente
2835 3144 3132 3199 collustrati
3170 3142 3498 3211 penitusque

1927 3241 2108 3294 animo
2140 3238 2468 3302 illuminati;
2496 3238 2744 3305 quinimo
2774 3235 3057 3305 splendida
3083 3235 3360 3304 divinique
3391 3233 3497 3292 ful-

1926 3330 2072 3400 goris
2101 3331 2307 3384 lumina
2349 3328 2547 3391 effecti,
2580 3327 2635 3380 in
2671 3327 2848 3381 lucem
2883 3325 3125 3396 gentium
3149 3324 3296 3377 missi
3324 3324 3494 3379 estis:

1928 3424 1981 3475 in
2016 3423 2244 3474 salutem
2283 3419 2349 3473 ad
2410 3427 2717 3473 extremum
2784 3432 2954 3486 usque
3000 3424 3162 3470 terra:
3210 3416 3342 3470 esus
3394 3431 3495 3485 po-

1927 3515 2016 3568 siti
2054 3515 2118 3566 ιδ.

1996 3600 2187 3660 Fidem
2210 3616 2470 3666 vestram,
2492 3604 2701 3673 primus
2721 3603 2912 3657 beatus
2941 3601 3029 3654 ille
3058 3608 3113 3653 et
3131 3599 3278 3654 solus
3305 3599 3514 3667 potens‘
3551 3613 3554 3618 ‘

1927 3699 2139 3752 beatam
2163 3696 2476 3766 praedicavit
2497 3712 2510 3760 ;
2535 3695 2987 3750 eoncelebrarunt
3007 3692 3204 3762 angeli,
3224 3686 3497 3745 dtem'oncs

1926 3793 2535 3857 expaverunt,creatura
2565 3785 2736 3854 gloria
2771 3783 2984 3837 extulit.
3035 3781 3196 3849 Spem
3235 3790 3493 3841 vestram,

1928 3881 2109 3934 crebri
2154 3880 2424 3950 jugesque
2475 3878 2801 3931 absonarum
2850 3874 3240 3943 cogitationum
3289 3870 3495 3924 imbres

1929 3985 2036 4022 non
2071 3976 2497 4031 concusserunt;
2533 3965 2992 4034 nequissimarum
3030 3963 3336 4031 linguarum
3373 3976 3500 4030 pro-

1931 4061 2097 4122 cellae,
2121 4059 2339 4128 dirique
2365 4057 2825 4127 blasphemiarum
2853 4054 3100 4108 turbines
3125 4069 3188 4108 ac
3211 4053 3495 4118 molestiae,

1931 4152 2260 4205 irruentium
2322 4153 2473 4205 more
2534 4149 2856 4208 fluminum,
2916 4163 3023 4200 non
3089 4147 3490 4210 dissolverunt;

1929 4244 2299 4315 periculorum
2332 4244 2546 4314 agmina
2576 4249 2886 4310 mortesque
2917 4240 3183 4308 plurimae,
3215 4253 3314 4292 ceu
3344 4238 3492 4292 venti

1929 4336 2310 4391 vehementius
2339 4336 2487 4400 illisi,
2520 4349 2628 4388 non
2660 4333 2946 4388 eliserunt.
2976 4332 3219 4388 Vestram
3254 4332 3495 4384 Charita-

255 4423 379 4477 ἀλλ’
437 4424 557 4476 οὐδὲ
611 4425 718 4485 πᾶς
753 4426 781 4476 ὁ
831 4415 1032 4494 κόσμος
1091 4427 1405 4496 ἰταμώτατα
1440 4432 1826 4499 ,συγκινηθε“ις,

1935 4438 2064 4491 tem,
2102 4442 2208 4480 non
2247 4427 2608 4496 Principatus,
2642 4440 2749 4477 non
2795 4425 3114 4487 Potestates,
3150 4438 3327 4492 neque
3365 4423 3492 4483 vita.

255 4516 362 4583 τῆς
395 4518 607 4579 οἰκείας
641 4517 809 4587 αὐτὴν
833 4517 1173 4587 βεϐαιότητος
1216 4521 1530 4592 μετεκίνησε
1561 4525 1651 4575 καὶ
1681 4542 1824 4592 μονι-

258 4608 364 4678 μότ
372 4626 497 4676 ητος
506 4647 519 4660 .

340 4785 507 4852 Ὑμῖν
543 4783 771 4852 πρώτως
798 4787 889 4838 καὶ
921 4785 1228 4854 εἰλικρινῶς
1261 4790 1354 4840 καὶ
1406 4790 1587 4857 σαφῶς
1619 4790 1826 4845 δέδοται

253 4879 468 4946 γνῶναι
496 4878 561 4928 τὰ
605 4878 877 4946 μυστήρια
904 4879 1001 4948 τῆς
1045 4879 1321 4947 βασιλείας
1350 4881 1441 4935 τοῦ
1467 4883 1602 4935 Θεοῦ
1647 4901 1660 4913 ·
1712 4889 1825 4946 τοῖς

1888 4564 1890 4566 τ
1934 4535 2112 4589 neque
2159 4534 2306 4572 mors
2358 4518 2442 4588 (at
2488 4532 2665 4585 neque
2711 4517 2951 4569 mundus
3005 4523 3152 4567 totus
3199 4516 3496 4568 saevissime

1933 4608 2260 4679 commotus)
2305 4624 2338 4662 a
2374 4623 2469 4662 sua
2509 4605 2813 4660 constantia
2857 4613 2911 4658 et
2949 4605 3204 4658 firmitate
3248 4605 3495 4658 dimove--

1934 4702 2138 4754 runt”.
3237 4743 3243 4750 .
3478 4693 3482 4698 ’

2003 4793 2168 4846 Vobis
2206 4794 2439 4861 primum
2478 4808 2715 4859 vereque
2756 4807 2818 4844 ae
2857 4791 3143 4843 manifeste
3184 4791 3368 4842 datum
3413 4797 3494 4840 est

1934 4901 2093 4940 nosse
2146 4886 2398 4955 mysteria
2453 4885 2600 4954 regni
2652 4884 2778 4948 Dei;
2835 4884 3060 4952 reliquis
3098 4893 3309 4946 autem,
3343 4884 3490 4950 juxta

363 5039 413 5111 ξ’
436 5037 551 5111 Gal.
578 5054 615 5098 ι,
642 5039 883 5111 ΜςίΑοι.
905 5056 979 5102 Ix,
1000 5040 1064 5104 2;
1096 5039 1212 5094 Aet.
1239 5057 1385 5103 xvru,
1411 5043 1462 5095 5.
1538 5043 1581 5074 ⁸³
1602 5044 1757 5103 Rom.
1780 5061 1893 5111 vm,
1917 5047 2014 5110 c29;
2046 5046 2162 5099 Gal.
2191 5062 2259 5106 IV,
2284 5047 2342 5108 .l;
2370 5043 2526 5097 Joan'.
2553 5061 2588 5108 ι,
2633 5044 2726 5108 ll;
2777 5045 2933 5098 Rom.
2959 5063 3068 5104 vm.
3098 5047 3178 5099 l6.
3257 5046 3302 5075 “
3327 5046 3487 5098 Hebr.

255 5123 338 5192 ut,
364 5110 386 5160 1
413 5125 430 5171 ;
464 5109 583 5192 Aet:
609 5124 683 5192 li,
712 5109 803 5174 15;
839 5110 1004 5192 Rom;
1019 5126 1127 5175 vut,
1150 5111 1245 5192 ’5οξ
1273 5111 1462 5166 Matth.
1488 5115 1716 5180 “1,17;
1747 5109 1888 5172 Psal.
1908 5109 2067 5180 vav,
2094 5116 2185 5181 lt);
2217 5116 2315 5168 lsa.
2340 5129 2480 5168 xmx.

257 5179 354 5243 i7;
380 5194 480 5241 vu,
501 5178 602 5243 25;
631 5179 786 5232 Rom.
805 5196 915 5244 vtu,
939 5182 1028 5236 38.

328 5323 412 5384 (5)
455 5321 591 5374 Τότε
617 5321 852 5387 πρώτως
869 5325 1054 5378 αὐτοί.
1079 5323 1136 5378 Id
1172 5325 1242 5378 ita
1270 5328 1456 5379 verum
1480 5326 1548 5380 de
1579 5327 1742 5380 Petro
1764 5343 1825 5381 ac

256 5391 482 5446 Andrea
504 5392 626 5459 ejus
665 5390 852 5451 fratre.
883 5394 975 5460 qui
1009 5394 1090 5448 sic
1120 5395 1295 5462 pritno
1332 5397 1600 5464 primique
1664 5397 1825 5452 Chri—

259 5472 410 5515 stum
443 5468 789 5530 agnoverunt
815 5472 870 5515 et
903 5475 1268 5532 receperunt;
1314 5466 1512 5519 Paulus
1545 5483 1694 5525 vero,
1722 5467 1823 5519 ali-

257 5539 470 5600 quanto
526 5540 670 5600 post.
713 5539 768 5583 et
826 5533 1048 5602 tardius,
1103 5533 1332 5587 Domino
1386 5537 1494 5602 jam
1542 5537 1594 5589 in
1658 5537 1826 5591 cwlos

260 5609 511 5679 recepto,
540 5617 571 5655 a
601 5616 714 5679 quo
767 5601 930 5655 etiam
964 5603 1031 5656 de
1056 5604 1199 5679 cmlo
1252 5601 1475 5657 vocatus
1501 5616 1602 5659 est.
1636 5607 1738 5679 Sed
1771 5619 1826 5660 ct

260 5671 384 5740 ipse
426 5671 565 5725 inter
617 5671 825 5740 primos
885 5681 939 5725 et
987 5673 1217 5742 primus,
1276 5682 1539 5742 quantum
1595 5676 1662 5730 ad
1703 5678 1825 5731 illos

591 5771 865 5833 Ριτιιοι..
915 5771 1030 5831 (ia.
1075 5773 1196 5833 CV.

2655 5115 2737 5169 "‘i
2766 5117 2905 5167 'l‘im.
2929 5132 3001 5181 Vl,
3028 5113 3129 5181 15':
3155 5117 3340 5168 Matth.
3381 5131 3489 5175 τινε,

1930 5329 2050 5450 quil
2089 5337 2213 5396 post
2276 5328 2430 5382 illum
2473 5331 2702 5399 ejusque
2754 5329 2985 5382 maxime
3037 5343 3200 5396 opera
3237 5327 3489 5383 credide-

1930 5414 2024 5450 run
2059 5438 2070 5450 .

1927 5414 2070 5450 runt.

1999 5469 2071 5535 (εὖ)
2108 5469 2339 5538 Θεαιιγνῆ
2384 5469 2566 5535 φῶτα.
2605 5470 2777 5523 Divini
2830 5467 3129 5538 splendoris
3162 5484 3223 5521 ac
3262 5467 3487 5535 fulgoris

1928 5537 2154 5590 lumina.
2217 5537 2568 5608 Siernaxime
2616 5537 2933 5608 apostoliet
2988 5539 3038 5588 in
3070 5537 3151 5589 eis
3187 5539 3482 5607 principes,

1929 5622 2158 5678 quorum
2189 5608 2268 5660 sic
2295 5607 2512 5662 div‘inus
2551 5607 2809 5677 splendor
2836 5617 2887 5661 et
2913 5608 3151 5669 claritas,
3195 5616 3251 5661 et
3274 5609 3369 5678 qui
3408 5608 3485 5663 dii

1929 5677 2168 5747 quidam,
2203 5679 2428 5732 toti'Deo
2457 5679 2650 5744 imbuti
2687 5678 3005 5735 mortalibus
3039 5678 3170 5732 sint.

3054 5773 3094 5832 2
