3950 6320
544 457 614 519 43
1733 456 2021 516 ΝΙΟΕΤλΕ
2059 455 2580 517 PAPHLAGONIS
3678 455 3752 519 M

548 570 690 641 quod
737 569 925 624 divino
970 565 1243 637 proditum
1290 565 1530 634 eloquio,
1561 575 1668 630 est,
1706 566 1759 620 in
1798 567 2093 637 parabolis,

2207 569 2250 622 Βὲ
2287 569 2509 631 λοιποῖς,
2565 567 2703 621 κατὰ
2732 570 2821 621 τὸν
2866 569 3007 621 θεῖον
3035 569 3226 635 Λόγον,
3275 569 3333 622 ἐν
3393 571 3750 642 παραϐολαῖς,

546 679 649 733 pro
681 664 944 732 cujusque
982 657 1240 714 nimirum
1274 665 1420 711 certa
1451 658 1681 727 quadam
1718 661 1926 713 ratione
1971 675 2095 713 cum

547 769 799 809 sermone
847 753 1134 820 Verboque
1185 749 1605 804 necessitudine.
1643 751 1806 804 Vobis
1848 751 2097 807 sublimis

546 848 837 916 divinaque
877 862 941 900 ac
982 846 1291 900 immediata
1328 845 1381 897 in
1413 845 1646 898 excelsis
1674 847 1815 899 circa
1850 847 2096 903 inacces-

548 957 666 995 sum
703 940 955 992 thronum
990 938 1176 1007 prima:
1212 936 1355 991 sedis
1388 938 1679 990 constituta
1714 938 1966 1007 dignitas.
2000 956 2098 1007 pro

546 1039 727 1084 vestra
761 1029 850 1081 illa
881 1043 1005 1082 cum
1038 1026 1382 1079 divinissimo
1415 1043 1664 1079 sermone
1691 1027 1976 1097 Verboque
2006 1043 2099 1082 ne-

548 1120 879 1176 cessitudine
909 1119 1066 1188 digne
1093 1133 1155 1171 ac
1182 1117 1464 1186 magniﬁce
1493 1117 1752 1170 attributa
1787 1135 1799 1170 :
1828 1133 1929 1172 nec
1951 1118 2100 1172 dictu

552 1213 899 1267 temerarium
934 1211 1191 1271 arbitror,
1218 1224 1338 1276 quae
1370 1223 1400 1261 a
1434 1208 1638 1264 dextris
1670 1217 1830 1278 atque
1863 1209 2102 1266 sinistris

551 1304 746 1358 summi
777 1304 1154 1356 universorum
1187 1298 1349 1368 Regis
1378 1299 1548 1368 sessio
1575 1307 1677 1364 est,
1703 1300 1860 1354 vobis
1886 1315 1914 1354 a
1940 1301 2102 1354 Patre

550 1401 904 1465 praeparatam
931 1407 1053 1446 esse
1071 1391 1135 1444 ⁸⁸.

621 1487 759 1548 Vos,
787 1493 930 1538 terra
965 1484 1183 1553 quidem
1222 1493 1477 1552 tanquam
1510 1483 1827 1548 veritatem,
1852 1485 2005 1554 juxta
2041 1499 2102 1538 ac

553 1577 976 1632 sacratissimum
1003 1576 1202 1629 occinit
1229 1576 1415 1639 melos,
1438 1574 1610 1629 edidit
1636 1593 1648 1627 :
1681 1576 1875 1630 ccelum
1901 1584 2099 1640 autem,

547 1669 772 1740 justitiae
814 1682 1092 1737 praecones
1133 1666 1470 1735 produxit".
1498 1667 1632 1721 Nam
1679 1677 1824 1721 terra
1861 1668 2101 1737 quidem,

551 1763 701 1816 velut
738 1761 1036 1838 elegantem
1080 1757 1262 1812 emisit
1295 1757 1530 1812 fructum
1570 1777 1582 1812 :
1621 1775 1720 1814 sua
1752 1776 1883 1815 vero
1919 1761 2103 1814 Domi-

550 1871 678 1919 nus,
706 1855 762 1908 in
795 1853 948 1907 vobis
981 1853 1087 1906 alte
1119 1850 1294 1906 deﬁxa
1327 1862 1552 1922 rataque
1587 1853 1938 1922 benignitate,
1966 1856 2104 1907 emi-

552 1947 804 2000 cantibus
827 1961 895 1999 ex
915 1943 1072 1997 vobis
1093 1939 1258 1997 radiis
1288 1952 1591 1998 creaturam
1617 1959 1834 1999 omnem
1865 1945 2107 2000 bonitate

552 2038 768 2092 imbuit.
1076 2098 1087 2113 θ

546 2125 552 2132 ’
619 2129 730 2184 Vos
762 2130 966 2198 prim’os
997 2147 1120 2186 vasa
1158 2118 1577 2193 misericOrdire,
1611 2144 1943 2199 suarumque
1982 2145 2105 2200 gra-

552 2220 749 2275 tiarum
789 2222 1054 2290 pretiosas
1096 2237 1268 2291 penus
1308 2219 1571 2283 condens,
1606 2228 2106 2273 sacrosanctorum-

550 2329 658 2381 que
678 2312 944 2367 donorum
967 2327 1188 2366 suorum
1214 2310 1548 2381 plenitudine
1575 2311 1824 2380 implens,
1847 2327 1912 2366 ex
1927 2320 2105 2365 vestra

550 2417 764 2456 rursum
785 2402 1146 2470 plenitudine,
1172 2409 1395 2454 cunctas
1419 2399 1674 2468 deinceps
1696 2399 1932 2469 gentium
1955 2413 2109 2468 gene-

553 2495 791 2548 rationes
822 2507 1050 2547 munere
1078 2491 1322 2546 allicit“.
1349 2492 1427 2544 Ac
1455 2489 1596 2544 sicut
1623 2490 1765 2566 legis,
1779 2489 1908 2543 olim
1939 2489 2107 2543 inter-

551 2592 760 2654 pretem
808 2599 871 2636 ac
910 2583 1394 2653 promulgatorem,
1423 2596 1546 2635 eum
1586 2596 1685 2634 suo
1721 2565 1871 2633 illum
1912 2581 2102 2650 spiritu

553 2676 739 2744 illique
771 2675 991 2743 proprio
1023 2674 1391 2743 adimplesset,
1425 2672 1701 2742 subjectos
1732 2671 1784 2725 ei
1817 2672 2104 2741 legisperi-

521 2772 526 2777 ‘
552 2774 639 2818 tos
661 2780 726 2818 ex
756 2765 848 2817 illo
880 2764 1120 2833 impartit
1150 2763 1314 2832 (quod
1347 2762 1420 2816 ita
1451 2755 1733 2815 manifeste
1761 2759 2103 2830 Septuaginta

553 2856 862 2914 seniorum,
900 2854 1051 2923 juxta
1106 2854 1471 2921 Scripturam,
1517 2852 1731 2906 vocatio
1782 2851 1992 2920 prodit;
2046 2866 2106 2905 ac

551 2945 697 3014 quod
733 2960 763 2998 a
794 2945 1028 2999 Mosaico
1061 2944 1299 2997 ablatum
1320 2984 1334 3008 ,
1368 2941 1603 3012 Spiritus
1629 2941 1750 2994 illis
1787 2939 2104 2994 demensum

552 3037 923 3095 contributum
956 3036 1083 3100 est),
1120 3035 1198 3088 sic
1230 3035 1284 3088 in
1315 3049 1412 3087 vos
1445 3047 1661 3102 quoque
1681 3040 1864 3100 postea
1905 3031 2105 3100 princi-

553 3141 670 3196 pes,
696 3126 882 3194 gratia:
915 3124 1166 3178 doctores
1203 3124 1614 3190 ministrosque,
1647 3137 1752 3175 non
1798 3135 2106 3174 eommensa

551 3215 824 3284 largitate;
872 3214 963 3268 sed
1016 3214 1163 3267 velut
1208 3213 1262 3266 in
1314 3227 1523 3266 summe
1573 3211 1945 3274 necessarios,
1992 3221 2104 3265 toto

2199 659 2472 727 ἀναλόγως
2501 661 2597 730 τῆς
2627 659 2761 730 πρὸς
2783 659 2871 712 τὸν
2923 659 3091 726 Λόγον
3129 661 3371 714 ἑκάστων
3400 661 3751 731 οἰκειότητος.

2213 751 2368 822 Ὑμῖν
2394 753 2571 823 ὑψηλή
2614 769 2671 804 τε
2699 751 2792 804 καὶ
2829 751 2946 804 θεία
2982 752 3072 803 καὶ
3121 752 3392 821 προσεχὴς
3443 752 3500 805 ἐν
3531 751 3757 820 ὑψηλοῖς

2199 843 2326 910 περὶ
2372 842 2462 894 τὸν
2517 842 2809 912 ἀπρόσιτον
2860 841 3046 913 θρόνον
3101 841 3403 912 ἡτοιμάσθη
3469 841 3754 912 προεδρία,

2198 933 2336 986 κατὰ
2364 934 2461 1003 τὴν
2480 932 2614 1001 πρὸς
2663 933 2753 983 τὸν
2785 931 3212 1002 θεαρχικώτατον
3264 933 3433 1000 Λόγον
3487 932 3761 986 οίκείωσιν

2199 1021 2544 1090 ἀξιοπρεπῶς
2598 1022 3115 1091 ἀποκεκληρωμένη.
3159 1021 3317 1090 Ὑμῖν
3363 1024 3424 1075 οὑ
3483 1023 3760 1093 τολμηρὸν

2199 1108 2349 1181 οἶμαι
2372 1111 2534 1179 φάναι
2558 1111 2654 1182 τὴν
2691 1112 2754 1163 ὲκ
2777 1112 2963 1184 δεξιῶν
3007 1131 3065 1165 τε
3103 1114 3194 1164 καὶ
3219 1113 3274 1178 ὲξ
3316 1113 3610 1178 εὐωνύμων
3656 1112 3757 1165 τοῦ

2201 1202 2588 1272 Παμϐασιλέως
2615 1201 2882 1274 καθέδραν
2931 1204 3036 1257 ὑπὸ
3089 1203 3182 1255 τοῦ
3233 1202 3440 1272 Πατρὸς
3498 1219 3760 1272 προητοι-

2204 1296 2423 1364 μάσθαι.

2283 1479 2474 1547 Ὑμεῖς,
2505 1479 2634 1552 ἡνγῆ
2663 1480 2758 1550 μὲν
2781 1480 2853 1543 ὼς
2883 1480 3153 1549 ἀλήθειαν,
3187 1480 3327 1532 κατὰ
3383 1479 3441 1533 τὸ
3468 1478 3764 1549 ἱερώτατον

2206 1572 2383 1641 μέλος,
2415 1571 2745 1635 ἐξανέτειλεν
2774 1587 2786 1600 ·
2822 1574 2848 1625 ὁ
2880 1572 3102 1642 οὐρανὸς
3129 1572 3184 1624 δὲ
3214 1570 3553 1640 δικαιοσύνης
3579 1571 3767 1642 κήρυον

2204 1680 2305 1724 κας
2329 1660 2607 1731 ἐξέφανεν.
2635 1662 2743 1716 Καὶ
2775 1662 2932 1733 γὰρὴ
2964 1663 3035 1732 γῆ
3089 1665 3207 1737 μέν,
3237 1662 3311 1724 ὡς
3369 1661 3568 1731 ὡραῖον
3626 1680 3763 1731 προ-

2200 1753 2385 1821 ΐσχετο
2424 1754 2637 1825 καρπόν
2673 1771 2685 1784 ·
2713 1754 2839 1823 ὑμῖν
2858 1754 2914 1806 δὲ
2934 1757 2961 1806 ὁ
2981 1752 3178 1820 Κύριος
3192 1753 3288 1823 τὴν
3323 1753 3523 1823 οἰκείαν
3555 1753 3766 1822 ἐνιδρυ-

2207 1843 2437 1912 σάμενος
2475 1849 2838 1914 χρηστότητα,
2857 1846 2972 1906 ταῖς
2999 1842 3378 1913 ὲξαλλομέναις
3396 1836 3547 1913 ὑμῶν
3577 1845 3766 1898 ἀκτῖσι

2211 1938 2388 1989 πᾶσαν
2413 1937 2744 2006 ἀγαθουργεῖ
2774 1935 2872 2006 τὴν
2899 1935 3096 1990 κτίσιν.
3381 1953 3384 1956 ·
3723 1935 3729 1942 ’

2285 2111 2458 2178 ’Υμᾶς
2489 2111 2734 2181 πρώτους
2765 2112 2944 2173 ἐλέους
2969 2113 3158 2182 σκεύη,
3187 2114 3279 2166 καὶ
3334 2115 3555 2181 ταμιεῖα
3587 2113 3754 2183 τίμια

2206 2187 2313 2253 τῶν
2331 2201 2494 2254 αὑτοῦ
2521 2203 2757 2273 χαρίτων
2789 2205 3355 2273 κατασκευασάμενος,
3398 2206 3490 2257 καὶ
3543 2206 3607 2263 ἐκ
3659 2205 3760 2258 τοῦ

2207 2291 2568 2361 πληρώματος
2618 2293 2724 2344 τῶν
2760 2293 3155 2363 τελεταρχικῶν
3188 2294 3372 2361 αὑτοῦ,
3399 2294 3616 2366 δωρεῶν
3657 2313 3764 2348 πε-

2207 2381 2529 2451 πληρωκὼς,
2556 2385 2620 2436 ὲκ
2637 2383 2730 2436 τοῦ
2757 2384 3022 2453 ἡμετέρου
3055 2384 3212 2439 πάλιν
3236 2378 3619 2455 πληρώματος,
3658 2387 3765 2452 τὰς

2204 2469 2328 2532 ὅλας
2353 2470 2477 2539 ἑξῆς
2510 2472 2700 2538 γενεὰς
2724 2472 2830 2525 τῶν
2873 2472 3047 2526 ’ἐθνῶν
3093 2475 3374 2542 εὐεργετεῖ
3398 2491 3414 2505 ·
3450 2477 3542 2528 καὶ
3565 2475 3759 2543 ῶσπερ

2205 2559 2298 2612 τὸν
2324 2561 2418 2612 τοῦ
2457 2560 2780 2630 γράμματος
2825 2562 3013 2632 πρώην
3045 2559 3380 2633 ὑποφήτην,
3413 2564 3505 2618 τοῦ
3562 2568 3763 2636 ἐκείνῳ

2205 2653 2568 2720 προσήκοντος
2596 2654 2902 2723 πνεύματος
2923 2655 3316 2725 πεπληρωκὼς,
3361 2657 3418 2724 ἐξ
3452 2658 3615 2710 αὑτοῦ
3645 2661 3765 2721 τοῖς

2206 2741 2295 2794 ὑπ’
2325 2741 2472 2810 αὑτῷ
2498 2743 2820 2812 μεταδίδωσι
2854 2747 3246 2814 νομιζομένοις·
3293 2748 3444 2816 εἰπερ
3484 2747 3765 2813 ἀπόδειξις

2204 2828 2393 2882 τούτου
2443 2831 2646 2901 σαφὴς,
2704 2836 2735 2898 ἠ
2788 2835 2895 2886 τῶν
2965 2833 3358 2906 Ἐὀδομήκοντα
3424 2836 3768 2907 πρόσκλησις

2204 2925 2608 2996 πρεσόυτέρων,
2664 2929 2804 2982 κατὰ
2828 2931 3175 3001 τὴννΓραφήν
3205 2947 3218 2960 ’
3256 2931 3348 2984 καὶ
3400 2932 3612 3002 πνεῦμα
3659 2911 3762 2987 τοὶῑ

2203 3016 2498 3069 Μωσαῖκοῢ
2531 3019 2631 3088 μὲν
2653 3020 3074 3090 ἀφαιρούμενον,
3116 3023 3297 3084 αὐτοῖς
3325 3023 3381 3076 δὲ
3420 3024 3762 3094 ἐπιμετριὺ-

2207 3122 2365 3171 μενον
2395 3127 2410 3140 ·
2438 3107 2578 3160 οὕτω
2607 3110 2702 3162 καὶ
2743 3110 2871 3180 ὑμῖν
2915 3111 3137 3182 ὕστερον
3164 3116 3276 3175 τοῖς
3316 3114 3632 3182 κορυφαίοις
3655 3115 3766 3180 τῆς

2199 3197 2421 3272 χάριτος
2453 3204 2829 3269 μυσταγωγοῖς
2863 3204 2953 3256 καὶ
2977 3204 3263 3266 διακόνοις,
3304 3205 3404 3257 οὑκ
3455 3206 3516 3257 ὲκ
3552 3207 3758 3278 μέτρου

552 3277 729 3360 effuso
761 3277 1071 3374 adoptionis
1106 3303 1337 3373 Spiritu,
1362 3311 1540 3357 vestra
1576 3317 1640 3356 ex
1675 3301 2011 3371 plenitudine
2046 3313 2102 3356 ut

2207 3290 2261 3340 τὸ
2292 3288 2508 3359 Πνεῦμα
2540 3291 2639 3359 τῆς
2690 3293 2960 3356 υἱοθεσίας
2994 3311 3007 3325 ·
3067 3282 3181 3346 ἄλλ’
3209 3295 3328 3348 ὅλον
3383 3297 3460 3358 ὼς
3487 3277 3761 3350 οίκειοτά-

461 3449 471 3460 ,
551 3411 621 3449 ex
659 3391 982 3449 inexhausto
1024 3395 1192 3458 fonte,
1226 3393 1417 3467 gratiae
1458 3392 1598 3446 ﬁlios
1635 3407 1825 3447 omnes
1864 3393 2104 3447 bonitate

553 3486 750 3540 imbuit
777 3495 832 3539 et
859 3486 1078 3540 deitate.

623 3663 732 3718 Vos
762 3662 999 3718 mundus
1034 3664 1317 3718 universus
1350 3678 1458 3717 non
1493 3673 1639 3717 recte
1671 3664 1973 3728 azmulatus,
2002 3664 2106 3718 hoc

552 3773 770 3830 quoque
803 3768 1050 3826 satagens
1080 3766 1138 3810 ut
1167 3757 1486 3825 perditionis
1519 3749 1784 3826 profundo
1816 3769 2101 3826 mergeret,

555 3851 636 3905 sic
699 3850 946 3903 nesciens
1009 3848 1428 3917 imprudensque
1486 3862 1580 3916 spe
1639 3846 1929 3901 frustratus
1988 3859 2102 3912 est,

557 3951 618 3996 ut
662 3956 789 3994 suos
838 3941 1009 4007 magis
1055 3940 1217 3993 heros
1262 3954 1524 4009 regesque
1572 3938 1866 4008 agnoverit.
1903 3938 2104 4006 Nempe

556 4049 739 4102 reges,
772 4048 878 4094 non
922 4032 1012 4100 qui
1058 4032 1246 4099 rapina
1287 4044 1509 4099 regnum
1551 4029 1813 4084 caducum
1854 4029 2101 4092 inierint,

554 4122 649 4176 sed
690 4122 783 4190 qui
826 4121 1048 4190 gloriam
1094 4120 1453 4173 immortalem
1494 4133 1559 4172 ac
1598 4119 1986 4188 sempiternum
2025 4134 2107 4173 re-

554 4229 718 4282 gnum
749 4212 1048 4265 induerint.
1077 4211 1264 4265 Omnis
1294 4211 1441 4265 enim
1471 4218 1614 4264 terra
1643 4219 1697 4264 et
1725 4226 1872 4264 mare
1905 4211 2106 4264 excita-

555 4303 648 4366 tis,
681 4316 1227 4369 aquarumquemore
1257 4295 1585 4369 importabili
1622 4301 1823 4370 impetu
1852 4301 2107 4370 prmcipi-

557 4394 790 4447 nntium
844 4392 1115 4454 ell'eratis,
1158 4393 1462 4460 linguaeque
1506 4391 1820 4461 multiplicis
1865 4393 2105 4460 gentiqu

556 4485 782 4547 cuneis,
828 4483 1089 4540 adversus
1150 4497 1333 4536 sacros
1392 4482 1536 4551 ipsos
1596 4483 1909 4553 theologos;
1962 4485 2106 4545 viros

556 4575 765 4629 scilicet
795 4572 1070 4626 modestos
1100 4588 1161 4645 ac
1193 4587 1402 4641 graves,
1428 4572 1679 4638 humiles,
1705 4574 1855 4628 brevi
1890 4575 2103 4628 lacerna

2208 3397 2320 3444 τοις
2350 3381 2697 3452 ὲκχεάμενος,
2719 3383 2793 3447 ὡς
2819 3385 2875 3448 ἐξ
2921 3386 3190 3439 ἀκενώτου
3234 3389 3410 3458 πηγῆς
3444 3389 3541 3459 τῆς
3560 3388 3762 3459 ὑμετέ-

2214 3488 2309 3540 ρας
2377 3473 2748 3544 πληρότητος,
2805 3478 2873 3529 τὰ
2921 3466 3086 3531 τέκνα
3149 3479 3324 3532 πάντα
3379 3481 3477 3549 τῆς
3536 3482 3759 3551 χάριτος

2209 3565 2462 3633 ἀγαθύνει
2503 3567 2593 3619 καὶ
2618 3568 2882 3639 θεουργεῖ.

2287 3656 2514 3725 ’Υμᾶςό
2543 3660 2644 3720 πᾶς
2659 3660 2859 3728 κόσμος
2889 3659 3136 3728 ζηλώσας
3159 3663 3218 3714 οὑ
3245 3661 3439 3725 καλῶς,
3467 3666 3557 3717 καὶ
3577 3663 3761 3733 βυθοῖς

2208 3747 2476 3810 ἀπωλείας
2508 3749 2845 3819 καταχώσειν
2878 3737 3221 3821 βιασάμενος,
3267 3754 3435 3817 οὑτως
3463 3755 3619 3808 ἔλαθε
3649 3757 3761 3810 τῶν

2210 3839 2435 3892 ἐλπίδων
2487 3841 2785 3911 ἀποτυχὼν,
2835 3843 2970 3896 ὥστε
3021 3845 3217 3914 μᾶλλον
3274 3848 3535 3911 δεσπότας
3596 3849 3763 3913 ίδίους

2210 3931 2500 3998 ἐπιγνῶναι
2528 3934 2622 3984 καὶ
2645 3933 2880 4001 βασιλεῖς
2909 3953 2922 3964 ·
2959 3936 3194 4006 βασιλεῖς
3220 3939 3319 4008 οὑχ
3353 3940 3625 4010 ἁρπαγμῷ
3657 3939 3760 4010 βα·

2210 4024 2402 4104 σίλειον
2424 4025 2707 4095 εἰληφότας
2739 4029 3175 4100 καταργούμενον
3218 4048 3232 4064 ο
3264 4031 3379 4085 ἀλλ’
3423 4033 3761 4087 ἀκατάλυτον

2208 4114 2362 4179 δόξαν
2375 4116 2468 4168 καὶ
2488 4116 2892 4180 διαιωνίζουσαν
2910 4121 3315 4190 ἠμφιεσμένους
3329 4123 3628 4193 βασιλείαν.
3647 4125 3764 4179 Καὶ

2209 4207 2315 4276 γὰρ
2349 4209 2379 4277 ἡ
2414 4207 2484 4275 γῆ
2534 4208 2633 4276 μὲν
2666 4211 2811 4262 πᾶσα
2865 4211 2958 4264 καὶ
2989 4211 3250 4278 θάλασσα,
3299 4213 3395 4276 τὰς
3432 4213 3764 4282 ἐκτεθηριω-

2210 4297 2378 4368 μένας
2412 4299 2506 4351 καὶ
2546 4300 2956 4368 πολυγλώσσους
2985 4304 3181 4370 ἀγέλας
3214 4304 3322 4355 τῶν
3359 4305 3548 4368 ἐθνῶν,
3584 4305 3758 4358 καθά-

2211 4406 2315 4458 περ
2343 4391 2548 4444 ὑδάτων
2575 4393 2692 4462 βίαν
2713 4395 3097 4461 ἀνυπόστατον,
3124 4398 3264 4450 κατὰ
3296 4399 3404 4449 τῶν
3437 4398 3596 4469 ἱερῶν
3627 4399 3756 4451 τού-

2209 4496 2318 4531 των
2358 4481 2620 4548 θεολόγων
2649 4485 3058 4552 κατεγείροιισα,
3108 4488 3214 4539 τῶν
3239 4487 3467 4556 σεμνῶν,
3501 4489 3608 4540 τῶν
3668 4507 3761 4559 μι-

2211 4569 2377 4639 κρῶν,
2405 4571 2511 4624 τῶν
2543 4573 2735 4643 βραχεῖ
2759 4576 2911 4644 ρἀει
2937 4578 2997 4629 τὸ
3017 4578 3170 4646 σῶμα
3201 4579 3551 4646 σκεπομένων
3587 4595 3602 4610 ⁶
3627 4573 3761 4634 ἄλλο

475 4718 481 4730 ,
554 4673 794 4735 opertos,
815 4679 919 4716 nec
943 4664 1109 4715 ullum
1140 4672 1398 4731 praeterea
1418 4665 1600 4719 saeculi
1625 4665 1784 4734 hujus
1811 4664 2102 4718 inferentes

2209 4662 2263 4714 δὲ
2301 4639 2552 4728 καθάπαξ
2705 4639 2798 4719 νὺν
2825 4669 3016 4732 αἰῶνος
3058 4639 3208 4721 οὑδὲν
3259 4639 3502 4739 ἐφόλκιον
3552 4675 3758 4742 ἐπαγο-

555 4766 950 4819 commeatum;
979 4762 1139 4823 atque
1171 4755 1253 4809 his
1279 4771 1474 4826 corpus
1502 4756 1750 4825 perdere,
1771 4756 2081 4824 przudicatio

557 4863 678 4901 nem
708 4846 1071 4914 exstinguere,
1100 4844 1426 4916 seusquue
1460 4863 1521 4902 ac
1552 4847 1710 4900 ﬁdem
1741 4848 1817 4901 sic
1844 4846 2105 4901 radicitus

554 4935 788 4989 evellere
839 4933 1215 5000 molientibus,
1247 4946 1306 4990 ut
1352 4953 1453 4991 nec
1500 4937 1774 4991 memoriae
1817 4937 2099 5005 vestigium

553 5025 760 5077 mundo
787 5031 1050 5080 exstaret:
1078 5025 1157 5080 sic
1183 5026 1421 5081 vicissim
1450 5043 1658 5090 aversa,
1680 5037 1734 5081 et
1761 5027 1828 5081 ab
1853 5028 2102 5082 absurdis

528 5115 787 5170 inhibita
826 5115 1110 5170 conatibus
1148 5126 1294 5182 sunt,
1329 5126 1389 5169 ut
1429 5117 1670 5170 divinum
1714 5117 1843 5171 illud
1888 5133 1944 5171 re
1988 5118 2101 5187 ipsa

553 5207 894 5262 oraculorum
922 5209 1200 5277 impletum
1224 5207 1590 5275 conspiciatur
1606 5207 1670 5260 ⁸ο.
1691 5210 1887 5263 Eorum
1911 5218 2104 5279 nempe

551 5295 800 5353 sermone
833 5314 1140 5368 compressa
1175 5307 1490 5366 tempestate
1521 5298 1682 5367 inque
1709 5301 1886 5354 lenem
1917 5302 2103 5355 tradu-

550 5397 639 5444 cta
661 5405 881 5455 auram;
909 5379 1073 5459 atque
1100 5390 1242 5442 illius
1266 5387 1480 5455 quidem
1506 5390 1794 5445 silentibus
1817 5391 2102 5455 fluctibus;

549 5481 760 5535 cunctis
781 5495 912 5533 vero
939 5496 1048 5548 pra:
1080 5477 1470 5546 tranquillitate
1496 5480 1820 5544 laetantibus,
1845 5497 1907 5535 ac
1929 5484 2020 5551 qui
2048 5485 2098 5535 in

547 5568 746 5624 divinae
774 5571 1069 5623 voluntatis
1096 5578 1312 5637 portum
1340 5566 1696 5624 deducantur.

647 5772 697 5846 (⁸⁸
719 5771 934 5846 piatum
956 5791 1066 5830 xm.
1097 5779 1152 5830 Η
1179 5794 1191 5841 ;
1218 5776 1349 5828 Luc.
1397 5792 1507 5844 vut,
1538 5778 1629 5844 i0;
1664 5779 1847 5834 Matth.
1895 5798 2000 5846 xax,
2025 5780 2118 5845 9.8;
2153 5778 2539 5842 Μει(11ι.κκ,⁴ἒ5

549 5841 598 5871 ⁸⁸
619 5840 757 5892 Psal.
783 5855 884 5904 ενι,
909 5843 993 5898 29.
1030 5840 1188 5901 Num.
1218 5862 1285 5912 xl,
1313 5847 1392 5900 l7.

2213 4751 2424 4819 μένωνσ
2489 4755 2581 4806 καὶ
2630 4756 2837 4820 τούτοις
2893 4759 3070 4810 ὀλέσαι
3103 4762 3199 4827 μὲν
3251 4761 3428 4829 σῶμα,
3464 4762 3652 4816 σϐέσαι
3699 4765 3758 4818 δὲ

2207 4843 2363 4910 λόγον
2393 4860 2408 4874 ⁶
2440 4845 2563 4898 νοῦν
2587 4847 2642 4898 δὲ
2678 4848 2772 4897 καὶ
2813 4848 2992 4899 πίστιν
3026 4849 3196 4911 οὕτως
3226 4850 3466 4920 ὁλόριζον
3513 4855 3749 4917 ὲκτῖλαι,

2206 4935 2279 4998 ὡς
2308 4936 2439 5004 μηδὲ
2489 4940 2706 5008 μνήμης
2733 4939 2873 5004 ἴχνος
2916 4939 2990 5007 τῷ
3033 4939 3129 5007 βίῳ
3156 4943 3467 4995 καταλιπεῖν
3502 4961 3758 5013 μηχανω-

2208 5029 2381 5097 μένηο
2432 5030 2602 5090 οὕτως
2656 5029 3052 5095 ἀντέστραπται
3091 5032 3187 5100 τῆς
3234 5034 3447 5099 κακίας,
3497 5036 3590 5087 καὶ
3646 5034 3759 5086 τῶν

2206 5122 2420 5176 ἀτόπων
2483 5123 2892 5190 ἐγχειρημάτων
2938 5124 3308 5191 ἀνακέκοπτο,
3374 5131 3449 5193 ὡς
3495 5130 3556 5182 τὸ
3614 5121 3758 5183 θεῖον

2205 5212 2380 5264 ἐκεῖνο
2443 5213 2616 5275 λόγιον
2662 5212 3046 5279 ὲνεργούμενον
3094 5218 3224 5286 όρᾷν
3259 5235 3272 5250 ⁸
3338 5217 3599 5288 τῷλόγῳ
3655 5221 3757 5288 μὲν

2205 5300 2381 5352 αὐτῶν
2403 5298 2497 5364 τῆς
2522 5300 2830 5365 καταιγίδος
2856 5303 3300 5374 ὲπιτεταγμένης,
3335 5309 3410 5369 εἰς
3455 5311 3682 5377 πραεῖαν
3698 5309 3755 5360 δὲ

2207 5387 2376 5460 αὔραν
2408 5389 2699 5460 ἱσταμένης
2723 5409 2737 5422 ·
2771 5394 2992 5446 καὶτῶν
3020 5398 3276 5464 κυμάτων
3312 5400 3410 5467 μὲν
3444 5399 3614 5467 αὐτῆς
3657 5415 3752 5451 κα-

2207 5475 2643 5545 τασιγαζῡμένων
2676 5499 2687 5511 ·
2720 5484 3155 5552 εὐφραινομένων
3189 5487 3245 5538 δὲ
3297 5487 3512 5540 πάντων
3553 5489 3645 5541 ἐπὶ
3685 5492 3753 5559 τῇ

2201 5570 2414 5638 ἡσυχίᾳ,
2446 5572 2536 5622 καὶ
2563 5574 2652 5625 ἐπὶ
2681 5575 2874 5644 λιμένα
2901 5578 2991 5628 τοῦ
3023 5578 3165 5630 θείου
3201 5580 3499 5649 θελήματος
3523 5582 3753 5649 ὁδηγθυ“

2202 5660 2391 5727 μένων.

2639 5788 2678 5816 ’⁸⁷
2703 5786 2837 5840 Psal.
2867 5802 3071 5853 txxxn',
3100 5790 3180 5843 ίεζ.
3258 5788 3302 5820 ⁸⁸
3325 5789 3479 5844 Rom.
3509 5805 3617 5854 Vtu,
3641 5789 3745 5859 εἴη
