3950 6320
139 443 195 509 ιε
812 443 1091 508 ORATIO
1130 447 1246 509 III.
1276 475 1347 486 ·-·
1377 449 1464 511 ΙΝ
1502 449 1685 509 LAUI

1784 447 1816 508 ii
1853 449 1960 510 SS.
2002 446 2229 508 PETRI
2261 448 2357 509 ET
2389 447 2645 510 PAULI.
3279 451 3350 515 46

195 558 293 616 Ἦν
319 560 453 632 δρᾷν
483 561 602 615 ἐκεῖ
632 561 755 616 τότε
795 565 975 616 πᾶσαν
1000 564 1097 630 μὲν
1134 562 1438 636 ἀνθρώπων
1467 564 1640 633 φυλήν
1666 581 1678 593 ·

1856 560 2100 616 Vidisses
2150 560 2262 616 illic
2311 570 2440 616 tunc
2483 561 2764 615 hominum
2808 560 3084 617 nationem
3132 575 3350 625 omnem

141 658 298 710 πᾶσαν
321 654 373 707 δὲ
394 653 673 722 γλῶσσαν,¹
703 656 802 727 τὴν
853 656 989 708 ἰδίαν
1025 656 1306 732 διάλεκτον
1351 656 1680 716 ἀκούουσαν,

138 748 205 819 τῷ
250 747 584 819 Παρακλήτῳ
641 747 748 804 διὰ..
778 748 1094 801 ἀποστόλων
1143 748 1479 824 λαλουμένην
1520 765 1533 780 ’
1591 751 1684 801 καὶ

139 839 248 906 γόνυ
265 837 357 906 μὲν
371 835 547 908 ψυχῆς
563 837 642 905 τῷ
668 837 917 903 θεολογου
926 840 1070 909 μένῳ
1081 829 1236 910 Λόγῳ
1253 840 1681 911 κατακάμπτου-

140 947 260 983 σαν·
303 930 452 1000 χείλη
489 929 548 984 δὲ
598 931 697 982 καὶ
754 929 1009 998 γλῶσσαν
1047 932 1182 1010 πρὸς
1239 933 1340 998 τὴν
1395 931 1681 1002 τριαδικην

139 1021 546 1075 κατευθύνουσαν
577 1021 885 1090 δοξολογίαν
917 1039 930 1053 ’
969 1023 1063 1076 καὶ
1117 1023 1307 1096 ὥσπερ
1340 1023 1575 1077 εἰδώλων
1622 1040 1703 1086 τες

141 1113 320 1181 πλάνης
341 1113 567 1165 καὶτῶν
599 1113 892 1183 δαιμονίων
933 1115 1125 1186 πρώην
1164 1117 1537 1186 ὲμεμέστωτο,
1588 1107 1701 1170 οὖιέ

138 1221 228 1266 τως
247 1203 463 1273 ὕστερον
505 1203 731 1274 χάριτος
760 1205 941 1274 ζώσης
969 1207 1059 1259 τοῦ
1108 1207 1412 1279 ζωαρχικοῦ
1433 1209 1684 1280 Πνεύμαο

139 1312 213 1357 τος
257 1293 597 1366 πεπλήρωτο.
648 1296 761 1350 Καὶ
812 1293 926 1353 οἷον
980 1298 1104 1352 ἁλσὶ
1163 1300 1516 1371 δραστηρίοις
1562 1304 1682 1365 ταῖς

140 1385 316 1437 τούτων
341 1386 658 1454 θεηγορίαις
686 1389 1123 1458 καταρτυομένη,
1169 1389 1273 1461 τὴν
1305 1376 1683 1462 ὑῆρὰνξάπερ-

144 1480 352 1545 (lanato
375 1480 471 1532 καὶ
490 1481 701 1550 δυσώδη
736 1481 836 1552 τῆς
879 1483 1156 1555 ἁμαρτίας
1215 1486 1504 1554 σηπεδόνα.
1563 1485 1683 1538 Τῶν

143 1569 329 1640 μιαρῶν
358 1571 467 1642 γὰρ
492 1571 692 1641 ὀργίων
715 1572 810 1625 καὶ
844 1573 982 1626 ἐθῶν
1020 1574 1114 1627 καὶ
1147 1574 1404 1641 τελετῶν,
1441 1571 1523 1638 οἷς
1560 1592 1685 1645 χρο-

140 1661 249 1723 vim;
297 1661 600 1730 ἐμμείνασα
657 1662 1056 1719 δυσαπόνιπτον
1103 1663 1234 1734 ἔσχε
1299 1663 1398 1734 τὴν
1453 1653 1696 1734 κηλῖδα,

139 1754 324 1806 τούτων
349 1752 502 1807 ὕδατι
547 1754 861 1826 ῥύπτομένη
916 1756 1144 1827 καθαρῷ
1167 1797 1182 1821 ,
1239 1757 1339 1810 καὶ
1373 1756 1684 1832 μυστηρίων

139 1846 280 1898 θείων
306 1845 708 1921 θεουργουμένῃ
756 1848 1035 1920 μετουσίᾳ,
1095 1849 1356 1912 κοινωνὸς
1412 1847 1682 1918 οὐρανίων

140 1937 434 2008 ἀναπέφηνε
465 1939 910 2011 μεγαλοδωρειῖΝ.

208 2026 334 2080 Ἀλλ’
374 2029 470 2098 οὐχ
534 2029 568 2100 ή
621 2028 907 2100 σωματικὴ
954 2029 1129 2104 κτίσις
1163 2030 1345 2099 μόνον,
1409 2027 1553 2082 οὕτω
1578 2027 1679 2099 τῆς

143 2117 320 2186 Πέτρου
349 2120 442 2172 καὶ
470 2119 682 2172 Παύλου
712 2103 1078 2196 μεγαλοφυῖας
1130 2121 1227 2173 καὶ
1289 2103 1671 2190 στερρότητος,

140 2197 244 2276 ἦτοι
291 2213 504 2282 χάριτος
548 2211 754 2282 ἡττήθη
779 2228 794 2242 ·
853 2211 950 2266 xui.
1002 2202 1183 2267 αὐταὶ¹
1219 2211 1277 2264 δὲ
1307 2211 1366 2265 ai.
1392 2208 1675 2280 ἀσώματοι

139 2305 287 2355 πᾶσαι
335 2305 428 2356 καὶ
487 2290 852 2359 ἀποστατικαὶ
917 2303 1226 2375 Δυνάμεις,
1264 2303 1682 2374 ’δυσμαχώτατα

141 2395 352 2465 πόλεμον
377 2396 496 2449 κατ’
542 2395 723 2449 αὐτῶν
750 2394 1112 2469 ἀνῃρημέναι,
1147 2394 1318 2456 οὓτως
1361 2394 1681 2468 ἐξουδένων·

137 2505 219 2554 ταέ
254 2488 344 2541 καὶ
399 2479 873 2559 κατανενίκηνται,
935 2489 1011 2551 ὡς
1061 2489 1207 2551 εἰκὸς
1260 2484 1328 2559 ἦν
1371 2487 1678 2552 ὲξουδενοῦρ

139 2580 249 2630 σθαι
279 2578 398 2642 τοὺς
440 2580 582 2632 κατὰ
622 2580 731 2632 τῶν
791 2579 968 2651 Ἰησοῦ
1020 2579 1360 2652 πιστοτάτων
1392 2578 1682 2650 ὁπλιζομὲ·

137 2686 246 2732 νους
290 2670 519 2746 ὀπαδῶν.
552 2671 663 2724 Καὶ
687 2669 1007 2741 γὰρ‹’ὦσπερ
1049 2670 1264 2742 πρῶτος
1318 2671 1524 2749 ὲκεζνος
1553 2670 1684 2742 ’τὴν

137 2760 512 2833 ἁνθρωπότητα
547 2763 1022 2834 περιποιούμενος,
1079 2764 1173 2818 καὶ
1217 2763 1307 2816 διὰ
1359 2760 1568 2834 ταύτην
1605 2760 1684 2832 τῷ

141 2855 521 2924 κοσμοκράτορι
576 2854 720 2926 πάλῃ
775 2856 1137 2926 συμπλακεὶς,
1178 2855 1388 2925 νοητῶς
1417 2853 1681 2920 ἅπεξεδύ-

139 2964 256 3001 σατο
311 2951 420 3020 (5)’
475 2937 909 3023 καίπαρῤησίᾳ
959 2937 1333 3023 θριαμϐεύσας
1384 2951 1568 3015 αὑτὸν,
1605 2949 1684 3022 τῷ

140 3041 340 3113 σταυρῷ
365 3042 883 3113 παρεδειγμάτισενο
917 3041 1061 3095 οὓτω
1084 3043 1148 3113 δὴ
1180 3034 1383 3110 Πέτρος
1415 3041 1511 3095 καὶ
1533 3039 1683 3094 Ῑῐαῦ-

137 3134 237 3199 λος,
264 3138 312 3187 ot
330 3137 539 3208 γνήσιοι
556 3136 655 3206 τῆς
676 3139 887 3189 ἐκείνου
918 3135 1112 3206 πείρας
1153 3135 1248 3188 καὶ
1283 3134 1441 3212 νίκης
1499 3151 1682 3206 μιμηο

135 3226 232 3287 ταὶ,
260 3228 452 3291 πάσαις
480 3229 700 3306 ’Δρχαῖς
728 3229 823 3282 καὶ
866 3225 1164 3292 Ἐξουσίαις
1191 3226 1331 3298 ὑπὲρ
1352 3227 1460 3280 τῶν
1489 3227 1680 3291 ἐθνῶν,
1709 3267 1753 3326 c

137 3322 220 3368 καὶ
260 3318 749 3390 κοσμοκρατορίαις
793 3319 1033 3381 ἁπάσαις
1077 3316 1536 3388 συμπλεκόμενοι,
1589 3317 1684 3369 καὶ
1713 3316 1753 3353 έ

133 3409 319 3472 ταύτας
355 3412 630 3483 ἀραχνίων
666 3412 868 3484 τρόπον
918 3412 1178 3482 νημάτων
1231 3413 1571 3480 ἀπημάντως
1627 3412 1684 3463 ὲν

134 3501 314 3572 ἑκιίνῳ
337 3503 702 3568 διεκδύνοντες
721 3521 734 3536 ·
791 3506 886 3558 καὶ
915 3509 1028 3568 τοῖς
1058 3503 1344 3574 παθήμασι
1387 3502 1484 3573 μὲν
1538 3487 1686 3573 εύδο-

135 3592 360 3660 κσῦντες,
381 3601 491 3662 τοῖς
530 3598 919 3670 καθημερινοῖς
941 3598 999 3652 δὲ
1029 3597 1281 3661 θανάτοις
1329 3595 1688 3667 ἐγκαυχώμε-

133 3683 224 3752 vat,
249 3684 366 3743 εἶτα
391 3688 448 3743 τὺ
478 3689 572 3747 τοῦ
613 3690 937 3752 διδασκάλου
981 3691 1238 3762 ποτήριον
1279 3690 1684 3752 ὲκπεπωκὸτες,

130 3779 184 3831 ὲν
209 3778 350 3851 αύτῷ
373 3781 460 3835 τὸν
487 3782 783 3837 ἀντίπαλον
809 3783 1156 3854 κατακράτος
1171 3781 1525 3854 καθαιροῦσιν
1547 3796 1565 3814 ο
1591 3781 1688 3837 καὶ

127 3876 247 3941 τοὺς
276 3877 368 3931 ὑπ’
424 3878 620 3952 ἐκείνῳ
643 3861 1049 3951 κρατουμένους
1079 3877 1523 3951 ῂχμαλωτικότες
1549 3878 1688 3948 Χρι-

132 3968 254 4039 στῷ,
283 3973 391 4035 τοῖς
415 3971 516 4044 τῆς
537 3957 885 4043 δικαιοσύνης
910 3972 1007 4026 καὶ
1037 3972 1196 4044 νίκης
1223 3968 1684 4042 ἐστεφανώθησαν

131 4064 417 4131 στεφάνοις.

195 4156 301 4208 Καὶ
364 4157 569 4227 Πέτρος
630 4157 730 4228 μὲν
770 4155 849 4226 τῷ
890 4154 1109 4227 σταυρῷ
1153 4153 1254 4220 τὰς
1303 4155 1452 4228 ἱεράς
1481 4172 1543 4209 τε
1589 4154 1686 4209 καὶ

128 4249 484 4317 πρεσϐυτικὰς
527 4248 787 4319 παλάμας
827 4249 1349 4320 ἐκπεπετασμένοςο
1409 4249 1505 4330 καὶ
1534 4247 1687 4301 κάτω

129 4342 219 4409 μὲν
245 4342 380 4414 πρὸς
411 4345 479 4413 τῇ
509 4345 582 4414 γῇ
610 4343 710 4413 τὴν
741 4342 1015 4411 κεφαλήν·
1061 4343 1173 4395 ἄνιθι
1204 4341 1262 4394 δὲ
1293 4340 1428 4411 πρὸς
1459 4338 1688 4412 οὐρανὸν

126 4437 234 4498 τοὺς
258 4438 423 4499 πόδας
451 4437 874 4508 ἀπῃωρημένος,
929 4437 1005 4499 ὡς
1035 4435 1100 4488 ἂν
1136 4437 1230 4486 καὶ
1283 4437 1352 4505 τῇ
1405 4434 1684 4504 ὁμοιότητι

128 4528 206 4580 τοῦ
233 4529 466 4594 πάθους,
482 4530 576 4582 καὶ
601 4532 668 4600 τῇ
700 4528 1051 4599 ἁνομοιότητι
1078 4527 1175 4604 τδν
1198 4525 1512 4579 διδάσκαλον
1536 4526 1683 4593 δοξά-

1785 669 2112 723 omnemque
2142 653 2402 724 linguam,
2435 669 2592 708 suum
2628 654 2908 723 proprium
2945 669 3252 709 sermonem
3286 671 3353 708 ex

1787 748 2162 818 apostolorum
2189 763 2284 802 ore
2314 739 2552 817 Spiritus
2583 761 2806 800 munere
2835 748 3151 804 audientem
3169 748 3215 779 ⁵ο
3245 765 3259 800 :
3289 763 3354 802 ac

1787 839 2010 925 quidem
2046 853 2211 910 genu,
2245 839 2504 903 sermoni,
2538 840 2696 907 cujus
2729 839 2905 895 deitas
2939 841 3352 911 praedicaretur,

1782 930 2128 996 ﬂectentem;
2188 931 2331 987 labia
2374 946 2506 985 vero
2555 945 2618 984 ac
2668 928 2908 1000 linguam
2951 932 3017 985 ad
3069 932 3356 987 Trinitatis
3417 936 3426 944 ‘

1782 1024 1996 1080 laudem
2040 1023 2364 1094 dirigentem
2411 1042 2424 1077 :
2472 1037 2536 1078 ac
2576 1022 2719 1076 sicut
2764 1023 2894 1088 olim
2939 1024 3355 1080 simulacrorum

1781 1117 2204 1187 dremonumque
2240 1133 2436 1172 errore
2483 1118 2644 1188 plena
2691 1117 3007 1180 exstiterat,
3040 1118 3119 1172 sic
3165 1109 3358 1186 postea

1780 1210 1904 1264 viva
1953 1209 2157 1264 viviﬁci
2215 1209 2455 1279 Spiritus
2509 1211 2681 1281 gratia
2742 1207 3078 1264 exuberabat
3138 1225 3152 1262 :
3204 1207 3359 1262 velut

1782 1300 2021 1371 denique
2054 1306 2165 1356 acri
2200 1302 2344 1364 sale,
2374 1302 2574 1357 divinis
2608 1320 2800 1358 eorum
2835 1303 3053 1358 condita
3088 1301 3353 1372 praedica-

1782 1394 2051 1455 tionibus,
2071 1394 2232 1447 udam
2257 1403 2418 1464 atque
2447 1397 2684 1452 olentem
2713 1395 2922 1466 peccati
2947 1397 3148 1453 cariem
3176 1396 3356 1450 deter-

1782 1486 1966 1556 gebat.
2001 1486 2235 1556 lmpuris
2267 1487 2412 1541 enim
2451 1488 2620 1557 orgiis
2660 1489 3039 1558 mysteriisque
3085 1503 3148 1541 ac
3193 1501 3360 1542 caveres

1787 1579 2023 1644 moniis,
2070 1579 2273 1648 quibus
2330 1580 2458 1634 olim
2512 1581 2616 1635 alte
2668 1581 2963 1652 haerentem
3012 1587 3361 1636 contraxerat

1784 1671 2076 1735 maculam,
2097 1671 2292 1727 horum
2317 1671 2516 1725 munda
2540 1687 2678 1741 aqua
2703 1673 2910 1737 abluta,
2932 1672 3358 1743 divinorumque

1784 1762 2171 1834 mysteriorum
2221 1762 2607 1817 communione
2659 1762 2898 1829 imbuta,
2938 1765 3359 1836 magniﬁcorum

1785 1853 1908 1909 cmii
1941 1867 2234 1927 munerum
2263 1867 2492 1909 consors
2517 1853 2712 1909 eil‘ecta
2741 1863 2847 1910 est.

1787 2061 1796 2072 ο
1847 2034 1959 2094 Nec
1989 2013 2289 2106 corporalis
2331 2034 2597 2090 duntaxat
2638 2041 2856 2110 natura,
2885 2033 2966 2090 sic
2996 2032 3145 2089 Petri
3174 2013 3363 2086 Pauli-

1783 2143 1889 2200 que
1914 2128 2059 2185 victa
2084 2127 2370 2201 magniﬁca
2409 2127 2591 2183 indole
2618 2114 2682 2184 et
2700 2127 2975 2191 ﬁrmitate,
3008 2125 3122 2182 sive
3153 2124 3358 2197 gratia;

1779 2236 1969 2277 verum
2016 2206 2193 2276 etiam
2236 2219 2574 2292 incorporea:
2612 2234 2804 2274 omnes
2846 2226 3009 2289 atque
3049 2217 3364 2288 apostaticaa

1783 2314 2106 2380 Potestates,
2135 2312 2279 2367 duro
2319 2311 2377 2366 in
2415 2311 2538 2366 illos
2561 2309 2994 2378 ’diiﬁcillimoque
3041 2309 3184 2363 bello
3211 2307 3363 2363 exci-

1781 2411 1916 2467 tato,
1965 2403 2044 2457 sic
2077 2403 2303 2474 deiecta:
2347 2416 2683 2472 prorsusque
2727 2401 2943 2455 obtrita:
2983 2406 3131 2463 sunt,
3165 2406 3227 2453 ut
3266 2413 3368 2469 par

1781 2504 1902 2551 erat
1957 2495 2118 2566 dejici
2173 2481 2298 2561 eos,
2349 2494 2443 2564 qui
2502 2492 2768 2550 adversus
2833 2493 2962 2548 Jesu
3019 2489 3368 2545 ﬁdelissimos

1783 2583 2084 2655 discipulos
2120 2599 2186 2647 ac
2228 2591 2532 2639 sectatores
2580 2583 2748 2638 armis
2791 2581 3217 2636 instruerentur.
3273 2577 3371 2633 Et-

1786 2660 1937 2732 enim
1993 2661 2137 2733 sicut
2191 2677 2405 2748 primus
2435 2677 2526 2732 ille
2574 2676 2830 2751 humana:
2882 2684 3096 2728 naturae
3143 2670 3366 2730 vindex,

1782 2767 2010 2839 ejusque
2036 2765 2212 2823 'causa
2245 2766 2507 2822 adversus
2532 2765 2722 2820 mundi
2760 2774 3030 2819 rectorem
3062 2763 3208 2816 lucta
3232 2777 3366 2816 con-

1781 2875 2021 2931 gressus,
2052 2860 2543 2931 spiritaliterexnit
2565 2861 2647 2912 "z
2680 2859 2966 2928 palamque
3001 2853 3366 2924 triumphans.

1784 2952 1840 3006 in
1894 2968 2058 3011 cruce
2109 2953 2392 3017 traduxit;
2444 2952 2732 3020 sic‘plane
2783 2951 2980 3005 Petrus
3036 2948 3368 3017 Paulusque,

1783 3045 1934 3101 illius
1966 3047 2284 3100 certaminis
2311 3059 2374 3100 ac
2399 3046 2643 3100 victoriae
2669 3044 2784 3098 veri
2822 3041 3026 3109 aemuli,
3056 3057 3181 3097 cum
3207 3031 3371 3096 Priu-

1786 3138 2066 3208 eipatibus
2122 3137 2392 3193 omnibus
2449 3145 2506 3193 et
2568 3137 2975 3197 Potestatibus,
3045 3135 3373 3204 cunctisque

1785 3229 1976 3284 mundi
2022 3229 2252 3284 rectoris
2297 3230 2488 3301 cuneis
2529 3231 2776 3300 gentium
2829 3243 2994 3297 causa
3059 3225 3366 3302 congressi,

1789 3322 2047 3395 velutque
2079 3313 2404 3395 aranearum
2436 3315 2692 3382 stamina,
2719 3319 2870 3373 nulla
2899 3317 3019 3372 lucc
3046 3333 3186 3372 noxa
3213 3317 3267 3370 in
3299 3330 3369 3373 eo

1785 3393 2088 3467 ementes:
2132 3428 2197 3466 ac
2241 3393 2462 3481 quidem
2525 3411 2806 3466 laboribus
2872 3421 3036 3480 atque
3099 3409 3370 3465 arumnis

1784 3502 2079 3567 audentes,
2152 3501 2599 3572 quotidianisque
2671 3500 2944 3556 mortibus
3031 3499 3366 3571 gloriantes;

1786 3604 2012 3665 tumque
2053 3594 2300 3665 magistri
2334 3595 2532 3649 hausto
2571 3593 2863 3671 calice._in
2894 3608 2962 3649 eo
2991 3585 3368 3647 adversarium

1786 3702 2012 3758 prorsus
2048 3686 2372 3759 proﬂigant:
2426 3671 2678 3759 quosque
2726 3687 2818 3742 ille
2862 3685 3110 3752 tenebat,
3149 3683 3369 3756 Christo

1786 3780 2186 3850 mancipantes,
2222 3793 2457 3835 coronas
2503 3779 2732 3852 iustitia:
2784 3794 2848 3835 ac
2883 3775 3129 3832 victoriae
3177 3789 3371 3848 pereo-

1785 3880 2006 3943 perunt.

1859 4157 1940 4212 Ac
1967 4153 2166 4213 Petrus
2198 4153 2442 4226 quidem,
2470 4167 2656 4209 sacras
2681 4154 2737 4208 in
2766 4167 2931 4209 cruce
2970 4162 3133 4223 atque
3162 4152 3362 4207 seniles

1785 4227 2104 4321 expandens
2132 4248 2340 4320 palmas
2364 4264 2379 4314 ;
2426 4247 2604 4316 capite
2634 4246 2891 4301 deorsum
2919 4245 2974 4299 in
3003 4254 3207 4300 terram
3231 4257 3363 4316 pro:

1785 4357 1913 4417 nus,
1957 4327 2298 4412 pedibusque
2353 4353 2573 4394 sursum
2638 4339 2692 4391 in
2749 4338 2950 4393 caelum
3008 4337 3244 4400 levatus,
3303 4346 3364 4391 ut

1784 4436 2055 4508 passionis
2112 4443 2226 4489 tum
2298 4432 2656 4489 similitudine
2729 4442 2844 4486 tum
2913 4431 3364 4487 dissimilitudine

1787 4516 2110 4598 magistrum,
2141 4525 2504 4580 clariﬁcaret:
2542 4525 2746 4580 Paulus
2769 4539 2903 4579 vero
2937 4539 3105 4594 supra
3137 4524 3363 4582 modum

130 4635 274 4675 τειεν.
329 4620 540 4683 Παῦλος
592 4619 668 4685 δὲ,
702 4620 800 4690 τὴν
857 4618 1380 4688 ὑπερτιμον,κάραν
1434 4621 1684 4687 ἀποτμη-

1786 4619 2086 4676 venerabili
2133 4606 2270 4673 caesa
2310 4617 2563 4684 cervice;
2614 4626 2778 4687 atque
2827 4632 2913 4684 ea,
2957 4618 3104 4689 quod
3148 4618 3367 4675 deesset

129 4713 242 4779 θεὶς,
266 4715 362 4766 καὶ
379 4715 457 4766 τὸ
492 4713 740 4785 στέρημα
766 4712 939 4782 ταύτῃ
954 4699 1063 4764 τῶν
1086 4710 1676 4783 παθημάτωνΧριστοῦ

129 4806 510 4881 πεπληρωκὼς,
550 4807 695 4868 οὕτω
740 4809 1058 4874 νενικήκασι
1091 4804 1182 4857 τὸν
1229 4804 1455 4874 κόσμον.
1490 4803 1676 4867 Οὕτως

1782 4713 1983 4771 Christi
2013 4711 2338 4781 passionum
2354 4710 2682 4780 adimplens,
2707 4711 2787 4766 sie
2808 4711 3073 4766 mundum
3096 4711 3278 4767 vicere
3293 4713 3362 4764 δ’.

1782 4804 1843 4858 In
1895 4817 2022 4857 eum
2062 4801 2289 4856 modum
2338 4802 2569 4872 contigit
2619 4810 2680 4856 ut
2725 4803 2903 4859 virtus
2944 4802 3001 4858 in
3046 4802 3361 4859 inﬁrmitate

183 4969 224 5001 "
245 4973 359 5027 Act.
385 4987 442 5034 ιι,
473 4971 586 5024 Ι.³¹
619 4970 922 5036 Coloss.’n,
946 4971 1033 5026 l5.
1108 4972 1153 5003 ⁸³
1175 4970 1388 5044 Coloss.
1422 4969 1460 5035 ι,
1492 4969 1593 5033 24ς
1630 4969 1674 5023 li

1789 4985 1835 5023 r.
1864 4984 1962 5033 xu,
1992 4967 2045 5023 9.

189 5116 254 5183 (ὄρ
276 5112 521 5181 Νοητώς
547 5113 988 5177 ἀπεξεδύσατο.
1029 5112 1178 5183 lianc
1209 5126 1398 5165 vocem
1433 5110 1680 5183 plerique

131 5187 391 5240 transitive
418 5194 722 5254 exponunt,
748 5199 857 5237 non
885 5183 1020 5238 satis
1040 5182 1120 5254 ad
1155 5193 1393 5248 mentem
1414 5181 1677 5254 apostoli,

130 5257 261 5321 quasi
285 5257 420 5311 velit
449 5252 532 5310 sic
569 5254 906 5325 exspoliatos
942 5253 1288 5325 nudatosque
1343 5252 1682 5325 principatus

130 5339 184 5376 ac
211 5337 503 5394 potestates
521 5322 866 5388 traduxisse;
897 5338 1007 5377 non
1037 5324 1185 5392 quod
1236 5324 1351 5392 ipse
1387 5324 1571 5392 potius
1608 5322 1677 5376 ad

132 5406 381 5452 certamen
401 5409 627 5461 exutus,
650 5395 828 5466 posita
844 5395 1060 5449 "scilicet
1088 5410 1186 5463 per
1207 5401 1444 5466 mortem
1479 5409 1668 5457 carne,

129 5467 198 5538 vel
250 5469 433 5530 etiam,
468 5478 530 5522 ut
575 5464 1266 5538 Chrysostomusettponit,
1319 5464 1431 5533 ipsa
1485 5479 1677 5538 eorum

131 5535 254 5596 labe.
286 5555 458 5607 eaque
511 5539 565 5593 in
607 5554 666 5592 se
694 5533 923 5606 depulsa
965 5537 1033 5591 ab
1073 5533 1309 5607 humana
1337 5545 1536 5607 natura
1562 5533 1678 5604 (qui

133 5624 230 5660 mos
247 5619 326 5662 est
352 5605 738 5673 laetaturum),
774 5605 854 5662 isic
909 5605 1303 5679 magniﬁce‘de
1335 5606 1442 5658 illis
1481 5607 1678 5679 trium-

132 5679 374 5756 phaverit,
401 5695 465 5756 ac
495 5680 934 5756 exemplum‘eos
959 5673 1172 5733 fe'cerit.
1207 5676 1482 5756 Sic:cert'e
1506 5673 1676 5756 Snus

134 5746 362 5818 interpr.,
397 5750 464 5803 Et
523 5766 617 5818 per
645 5746 1079 5819 exspoliationem
1116 5748 1348 5819 corporis
1381 5747 1483 5812 sui,
1515 5746 1674 5816 diﬁ‘a-
1714 5804 1720 5810 ,

133 5821 270 5871 moti!
289 5821 612 5891 principatus
640 5831 689 5872 et
721 5827 1025 5889 potestates.
1049 5819 1160 5875 Sua
1179 5818 1441 5891 nimirum
1473 5826 1669 5891 morte,

133 5903 223 5958 qua
249 5887 392 5946 velut
416 5887 825 5955 indumentum,
857 5903 1057 5958 corpus
1079 5890 1254 5946 exuit.
1276 5889 1479 5944 Eodem
1508 5887 1674 5943 modo

1781 5111 2017 5181 August.
2057 5111 2096 5164 l.
2147 5110 2223 5162 De
2250 5125 2417 5180 agone
2470 5109 2662 5181 Cium.
2703 5121 2751 5161 c.
2785 5107 2819 5161 2
2867 5107 3071 5181 et_l6;
3104 5106 3353 5181 adversus

1781 5178 2060 5245 Faustum,
2093 5197 2142 5235 c.
2170 5182 2239 5235 29
2259 5178 2315 5234 et
2339 5181 2388 5243 1,
2419 5188 2477 5235 et
2500 5179 2572 5232 De
2598 5186 2796 5248 peccat.
2825 5179 2998 5231 merit.
3033 5188 3082 5230 et
3121 5178 3350 5248 remisi”

1780 5266 1829 5305 c.
1860 5253 1951 5316 27,
1980 5252 2194 5305 Exuens
2235 5250 2288 5303 se
2324 5267 2558 5303 carnem.
2587 5244 2728 5316 Quin
2783 5259 2840 5302 et
2872 5248 3040 5302 llilar.
3073 5249 3109 5301 Ι.
3151 5263 3225 5305 rx,
3275 5244 3353 5299 De

1783 5321 2001 5382 Trinit..
2040 5322 2244 5376 Exutus
2282 5338 2513 5379 carnem.
2548 5328 2598 5372 et
2651 5327 2932 5388 potestates
2985 5317 3205 5388 ostentui
3232 5331 3353 5388 esse

1781 5393 1921 5460 fecit.
1965 5394 2078 5447 Hoc
2114 5397 2323 5460 'nempe
2358 5385 2719 5449 insinuantes,
2757 5392 3035 5458 reciproco
3072 5385 3356 5460 accipien-'

1779 5459 1905 5518 dam
1937 5479 2057 5518 eam
2087 5459 2300 5519 vocem.
2332 5461 2544 5514 utrovis
2571 5460 2789 5514 tandem
2820 5460 2981 5512 modo
3014 5459 3353 5526 intelligatur

1779 5550 1842 5588 ea
1867 5535 2248 5604 reciprocatio.
2281 5531 2496 5604 Nicetas
2512 5531 2738 5604 exponit
2754 5530 2820 5584 ad
2852 5543 3068 5582 sensum
3087 5527 3348 5604 _Ch_ry§o-

1776 5606 1938 5658 stomi
1965 5595 2420 5678 exspoliationem-
2448 5602 2499 5654 in
2525 5595 2686 5655 nobis
2711 5601 2904 5678 factam
2931 5598 3161 5678 3.0711(7);
3184 5595 3354 5678 inferf-

1777 5677 1986 5732 nalium
2013 5669 2362 5744 potestatum.
2408 5671 2483 5725 ita
2513 5679 2572 5725 ut
2604 5681 2788 5744 mente
2815 5669 3041 5744 intelligi
3076 5677 3257 5744 potest
3290 5675 3353 5744 et

1773 5737 2049 5816 spirituali
2094 5743 2335 5816 ratione;
2392 5742 2669 5810 quomodo
2719 5744 2882 5816 etiam
2933 5740 3103 5792 oblita
3160 5737 3348 5816 Dei_iu

1772 5807 1933 5871 nobis
1969 5814 2207 5884 imagine
2238 5827 2336 5884 per
2369 5807 2676 5884 peccatum.
2720 5813 2988 5865 internum
3020 5824 3242 5865 omnem
3267 5807 3349 5867 la-

1771 5888 1894 5942 bem
1916 5902 2038 5941 cum
2061 5883 2381 5939 auctoribus
2406 5883 2773 5938 indueramus.
