3950 6320
621 436 686 498 47
1810 429 2101 490 NICET/E
2139 427 2661 490 PAPHLAGONIS
2938 426 2992 482 ι·
3763 437 3825 500 48

621 552 979 622 perﬁceretur
1005 568 1018 613 ;
1051 549 1233 617 sicque
1264 547 1492 602 exitloso
1531 549 1620 602 illo
1659 549 1846 602 colliso
1870 557 2032 617 atque
2060 562 2180 616 ρει·-
2209 547 2252 604 Α

625 661 804 709 cusso,
838 643 968 698 clari
997 640 1138 696 clare
1167 657 1270 694 una
1298 656 1420 695 eum
1450 641 1668 696 Christo
1687 642 1929 698 victoria:
1953 650 2177 695 auctore

625 739 674 789 in
737 736 932 789 coelum
990 733 1190 802 recepti
1251 730 1464 787 sunt”.
1514 733 1581 786 Et
1628 732 1766 786 sicut
1824 732 2030 801 primus
2089 729 2177 783 ille

621 827 846 881 victoria
876 825 1106 896 potitus,
1132 826 1186 879 in
1217 825 1436 878 dextera
1471 824 1616 879 sedis
1645 824 1940 895 majestatis
1967 821 2178 892 primus

623 919 676 972 in
713 917 942 976 excelsis
969 917 1147 980 sedit,
1184 917 1256 970 ita
1289 916 1344 969 hi
1378 931 1594 985 quoque
1624 930 1723 985 pro
1754 915 1900 969 illius
1926 911 2179 968 similitu-

621 1011 773 1085 dine
799 1010 1054 1073 victores,
1102 1016 1162 1062 ut
1212 1007 1292 1062 illi
1331 1023 1362 1062 a
1397 1008 1614 1066 dextrisf
1643 1007 1889 1071 sedeant,
1924 1004 2179 1060 secundis

604 1099 865 1170 partibus
898 1097 1305 1153 nanciscu'ntur.

688 1295 731 1349 Ο
781 1293 1032 1350 eximiam
1080 1291 1438 1347 imitationem
1489 1291 1635 1347 omni
1681 1282 1946 1364 majorum
1995 1293 2178 1348 imita-

623 1388 769 1441 tione
799 1387 810 1437 !
848 1384 890 1440 Ο
932 1384 1311 1462 humilium'ac
1339 1383 1587 1438 modesto
1610 1400 1769 1448 sensu
1798 1385 2177 1440 exaltationem

623 1476 765 1546 apud
795 1474 1130 1530 Altissimum
1157 1474 1169 1526 l
1202 1473 1451 1539 Terreni,
1493 1483 1550 1528 et
1584 1475 1869 1540 caelestes;
1899 1477 2177 1539 mortales,

619 1577 674 1623 et
709 1565 1076 1632 immortales;
1128 1565 1333 1635 pusilli,
1384 1551 1574 1636 terque
1612 1565 1849 1621 maximi.
1880 1565 1983 1633 Qui
2028 1569 2177 1622 omni

619 1657 823 1712 mundo
851 1656 1230 1713 retrimentum
1256 1671 1321 1712 ac
1345 1657 1650 1727 quisquilia:
1678 1658 1860 1728 positi,
1891 1660 2180 1715 venerabi-

618 1753 789 1806 liorcs
813 1745 1083 1820 Seraphin
1103 1750 1448 1805 exstiterunt.
1477 1750 1577 1816 Qui
1607 1751 1764 1818 fame,
1794 1753 1905 1817 siti,
1931 1755 2175 1810 nuditate

2282 546 2314 613 ἡ
2342 545 2465 598 θεία
2491 545 2716 613 δύναμις
2745 548 2800 599 ὲν
2830 549 2896 618 τῇ
2924 540 3182 634 ἀσθενείᾳ
3211 550 3411 604 τούτων
3458 551 3824 604 τετελείωται·

2282 637 2375 689 καὶ
2401 637 2544 690 οὕτω
2577 639 2669 692 τὸν
2710 638 2938 710 ὀλετῆρα
2990 639 3342 709 θραύσαντες,
3407 642 3649 712 λαμτεροῖι
3695 645 3826 714 λαμ-

2234 717 2248 726 ·
2282 729 2432 798 πρῶς
2478 729 2555 798 τῷ
2605 729 2859 799 νικοποιῷ
2911 731 3128 800 Χριστῷ
3160 732 3294 801 πρὸς
3337 733 3594 802 οὐρανοὺς
3642 752 3825 788 συναν-

2278 819 2605 890 ελήφθησαν.
2650 822 2757 872 Καὶ
2807 820 2994 891 ὥσπερ
3029 825 3232 885 ἐκεῖνος
3262 824 3476 893 πρῶτος
3512 826 3824 895 νενικηκὼς,

2282 913 2341 963 ἐν
2370 911 2516 983 δεξιᾷ
2539 911 2634 965 τοῦ
2674 913 2864 982 θρόνου
2896 914 2992 982 τῆς
3025 915 3407 986 μεγαλωσύνης
3433 916 3643 987 πρῶτος
3668 918 3826 970 ἐκάθ-

2283 1021 2393 1056 ισεν
2431 1006 2488 1056 ἐν
2528 1003 2783 1074 ὑψηλοϊςδ
2835 1005 2976 1057 οὕτω
3014 1005 3107 1058 καὶ
3160 999 3304 1060 οὗτοι
3362 1009 3502 1060 κατὰ
3547 1007 3646 1077 τὴν
3699 1009 3828 1077 πρὶς

2279 1094 2484 1146 ἐκεῖνον
2517 1093 2773 1162 ὁμοίωσιν
2806 1093 3168 1161 νενικηκότες,
3199 1095 3299 1163 τῆς
3323 1097 3384 1148 ὲκ
3410 1096 3600 1160 δεξιῶν
3643 1097 3827 1150 τούτου
3920 1147 3921 1150 η

2278 1183 2530 1253 δευτέρας
2564 1184 2942 1250 καταξιοῦνται
2975 1185 3328 1255 καθιζήσεως.

2352 1276 2415 1328 Ὢ
2453 1275 2554 1345 τῆς
2603 1276 2911 1346 ὑπερφυοῦς
2961 1279 3244 1346 μιμήσεως
3289 1278 3399 1330 τῶν
3433 1281 3756 1351 ἀμιμήτωνί
3787 1281 3831 1336 ὦ

2277 1368 2375 1437 τῆς
2414 1369 2551 1439 πρὸς
2587 1369 2677 1420 τὸν
2705 1369 2963 1437 ’Ὕψιστον
3006 1371 3112 1422 τῶν
3147 1373 3580 1442 ταπεινοφρόνων
3615 1366 3826 1444 ἁνυψὼ-

2279 1445 2444 1523 σε’ωςί
2466 1461 2515 1512 oi
2538 1460 2788 1524 ἐπίγειοι,
2806 1464 2894 1514 καὶ
2917 1463 3153 1533 οὐράνιοι
3169 1481 3182 1493 ·
3205 1465 3254 1516 οἱ
3282 1463 3488 1534 θνητοὶ,
3507 1467 3599 1519 καὶ⁸
3626 1467 3827 1521 ἀθάνα-

2275 1568 2358 1604 τοι
2377 1567 2390 1582 ·
2410 1553 2457 1604 οί
2483 1552 2686 1621 μικροὶ,
2712 1553 2800 1605 καὶ
2820 1555 3220 1624 τρισμέγιστοι·
3247 1556 3341 1608 καὶ
3365 1557 3415 1611 οί
3441 1559 3827 1630 περικάθαρμα

2274 1641 2353 1712 τῷ
2369 1642 2555 1714 κόσμῳ
2569 1642 2835 1697 παντὶκαὶ
2850 1644 3049 1714 περίψη
3059 1662 3132 1714 μα
3146 1647 3404 1714 κείμενοι,
3419 1648 3685 1721 αίδέσιμοι
3703 1649 3830 1704 καθα

2276 1735 2537 1803 εστήκασι
2554 1739 2679 1814 τοῖς
2695 1735 2972 1806 Σεραφείμ
2993 1752 3007 1766 ο
3028 1737 3120 1789 καὶ
3143 1738 3192 1790 οἱ
3226 1739 3383 1811 πείνῃ
3407 1739 3461 1793 δὲ
3481 1741 3573 1794 καὶ
3593 1740 3720 1813 δίψῃ
3736 1742 3828 1796 καὶ

617 1841 935 1906 conﬂictati,
978 1840 1248 1894 bonorum
1306 1855 1427 1909 quae
1479 1841 1669 1895 oculus
1712 1856 1818 1895 non
1869 1843 2024 1908 vidit,
2067 1858 2171 1897 non

2277 1822 2571 1895 γυμνότητι
2589 1826 3105 1898 ταλαιπωρούμενοι,
3124 1829 3231 1882 τῶν
3252 1831 3470 1900 ἀγαθῶν
3485 1834 3521 1887 ἃ.
3551 1833 3827 1904 ὀφθαλμὸς

615 1931 766 1986 auris
803 1929 1032 1996 audivit,
1076 1944 1182 1983 nec
1210 1929 1266 1983 in
1299 1945 1394 1996 cor
1423 1930 1661 1984 hominis
1690 1931 2087 1999 ascenderunt;
2117 1935 2174 1991 in

614 2037 734 2092 qua:
776 2020 940 2076 etiam
972 2018 1148 2090 angeli
1193 2018 1276 2090 (ut
1302 2035 1425 2075 cum
1460 2021 1593 2090 ipsis
1621 2020 1834 2090 loquar)
1862 2022 2175 2077 desiderant

609 2106 950 2176 prospicere,
995 2105 1193 2160 horum
1241 2106 1297 2160 hi
1338 2107 1739 2183 dispensatores
1785 2119 1948 2178 atque
1981 2110 2172 2165 arbitri

611 2196 816 2251 sanctis
859 2196 1097 2266 praefecti
1162 2204 1308 2251 sunt.
1373 2197 1654 2263 Quodnam
1703 2198 1847 2252 istud
1900 2209 2025 2278 erga
2078 2216 2174 2254 vos

611 2289 873 2344 bonitatis
906 2289 1222 2361 mysterium
1253 2289 1578 2355 iQuomodo
1613 2290 1774 2345 iidem
1803 2299 1916 2345 tum
1945 2292 2036 2345 ﬁlii
2074 2292 2171 2345 bo-

610 2382 820 2436 minum
865 2380 1088 2445 auditis,
1133 2389 1247 2435 tum
1296 2381 1437 2435 Dei?
1481 2381 1748 2443 Alterum,
1789 2383 2174 2445 natura;alte-

612 2487 763 2533 rum,
811 2471 1124 2540 adoptione.
1179 2471 1461 2537 Quomodo
1506 2481 1880 2527 momentanea
1930 2473 2172 2541 levisque

611 2563 932 2628 tribulatio,
1002 2562 1082 2616 sic
1148 2571 1416 2616 mternum
1490 2563 1644 2617 vobis
1706 2563 1891 2633 gloriae
1958 2564 2173 2633 pondus

553 2721 557 2727 γ
609 2654 863 2724 praestitit
883 2653 930 2686 εδ
957 2654 980 2706 '2

677 2744 908 2800 Carnem
939 2743 1143 2798 factum
1186 2759 1305 2798 esse
1339 2745 1508 2798 Deum
1539 2744 1775 2800 Verbum
1811 2754 1866 2801 et
1899 2747 2170 2802 habitasse

609 2835 665 2889 in
696 2832 877 2898 nobis,
904 2843 1087 2901 vestra
1131 2831 1500 2886 insinuatione
1526 2846 1688 2902 atque
1717 2835 1969 2890 doctrina
2001 2851 2169 2905 agno-

608 2922 890 2977 vimus":
947 2937 1042 2976 vos
1094 2931 1274 2976 autem
1329 2923 1505 2991 reipsa
1566 2939 1764 2994 corpus
1819 2925 2171 2996 membraque

607 3011 835 3074 nobilia,
867 3011 917 3065 ei
946 3010 1040 3080 qui
1069 3025 1288 3065 carnem
1328 3014 1639 3082 assumpsit,
1677 3015 1960 3071 exstitistis
1993 3034 2005 3068 :
2047 3033 2171 3071 cor-

607 3121 710 3176 pus
764 3104 1015 3157 nimirum
1075 3102 1435 3172 undequaque
1499 3106 1820 3174 pulchrum,
1875 3107 2168 3174 deiforme,

607 3194 810 3250 divinis
852 3195 1060 3248 micans
1102 3193 1422 3294 fulgoribus,
1465 3198 1609 3265 quod
1639 3200 1839 3252 nullam
1881 3202 2164 3268 maculam,
2195 3230 2243 3294 ο

606 3289 784 3343 nullas
821 3299 982 3357 rugas
1005 3295 1099 3341 aut
1136 3287 1312 3342 labem
1339 3280 1502 3343 ullam
1529 3292 1797 3347 admittat.
1844 3295 1997 3349 Velut
2023 3297 2166 3351 enim

606 3382 717 3436 duo
766 3380 1089 3434 lucidissimi
1128 3395 1192 3434 ac
1227 3381 1565 3437 blandissimi
1615 3384 1881 3451 Dominici
1927 3391 2169 3458 corporis

606 3470 866 3541 prostatis
894 3470 1062 3533 oculi,
1093 3469 1294 3539 quibus
1340 3480 1512 3526 totum
1557 3475 1674 3544 ejus
1702 3491 1899 3544 corpus
1930 3474 2168 3536 illustre-

608 3569 698 3614 tur
719 3575 734 3613 ε
758 3575 857 3630 per
878 3573 1015 3628 quos
1032 3559 1291 3614 Dominus
1309 3568 1585 3615 exstantes
1614 3570 1728 3616 toto
1749 3564 1879 3618 orbe
1903 3564 2169 3620 Ecclesias

605 3653 946 3722 inspectans,
1008 3650 1241 3705 aediﬁcet
1295 3651 1668 3722 perﬁciatque.
1740 3653 1845 3708 Sed
1898 3667 1954 3710 et
2010 3672 2171 3712 aures

605 3757 806 3818 apertae
837 3755 891 3800 et
922 3747 1095 3810 clarae,
1130 3755 1292 3815 atque
1321 3746 1519 3802 divina:
1547 3749 1666 3804 voci
1694 3749 1901 3815 faciles,
1927 3751 2022 3805 Dei
2048 3768 2168 3806 ver-

603 3839 735 3907 bum
778 3837 1236 3908 sapientissimum
1281 3854 1344 3893 ac
1381 3838 1746 3908 omnipotens,
1773 3839 2169 3897 lncarnationis

605 3933 815 3986 scilicet
847 3931 1185 4000 mysterium,
1235 3946 1358 3984 cum
1407 3931 1642 4000 primum
1685 3931 1993 3997 audissetis,
2030 3949 2166 3987 cun-

604 4031 814 4076 ctorum
845 4021 975 4073 illud
1011 4021 1353 4088 postmodum
1380 4020 1604 4074 auribus
1634 4021 1915 4076 intulistis.

677 4114 780 4166 Vos
809 4120 864 4164 et
897 4125 1057 4164 nares
1079 4110 1472 4165 odoratissimae
1496 4120 1551 4163 et
1575 4127 1724 4181 gena:
1749 4111 1882 4166 estis
1902 4101 2162 4184 "mysticae.

601 4204 768 4258 Nares
814 4218 1007 4266 sacrm,
1042 4218 1318 4257 sacrorum
1367 4214 1763 4272 unguentorum
1803 4204 2004 4259 Christi
2054 4206 2164 4260 fra-

602 4293 868 4364 grantiam
919 4293 1158 4346 suaviter
1208 4293 1498 4347 admodum
1548 4293 1894 4359 olfacientes,
1940 4297 2164 4366 ejusque

601 4386 842 4440 scientia
879 4400 1097 4438 suavem
1136 4385 1381 4449 odorem,
1411 4385 1556 4438 omni
1586 4386 1706 4439 loco
1736 4386 2160 4442 manifestantes.

603 4479 757 4531 Cena:
784 4492 912 4530 vero
960 4477 1091 4529 sicut
1133 4476 1324 4545 phiala:
1351 4486 1646 4530 aromatum
1671 4477 1736 4541 “,
1774 4478 1923 4532 velut
1953 4495 1983 4533 e
2016 4479 2160 4534 fonte

2276 1919 2374 1970 οὐκ
2403 1913 2561 1985 εἶδεν,
2580 1919 2670 1982 οὖς
2687 1921 2786 1973 οὐκ
2807 1921 3057 1990 ἤκουσεν,
3081 1923 3174 1975 καὶ
3190 1925 3280 1976 ὲπί
3295 1926 3520 1996 καρδίαν
3539 1927 3827 2000 ἀνθρώπου

2273 2009 2371 2062 οὐκ
2395 2010 2593 2078 ἀνέϐη*
2621 2013 2700 2074 είς
2723 2011 2758 2064 ἆ
2781 2013 2874 2065 καὶ
2904 2011 3147 2080 ἄγγελοι,
3197 2015 3320 2067 κατ’
3370 2015 3569 2080 αὐτοὺς
3609 2019 3826 2084 εἰπεῖν,

2273 2099 2597 2168 ἐπιθυμοῦσι
2634 2101 2968 2172 παρακύψαι,
3020 2103 3221 2157 τούτων
3275 2098 3419 2159 οὗτοι
3460 2108 3674 2176 ταμίαι,
3728 2109 3827 2162 καὶ

2272 2194 2562 2263 πρυτάνεις
2623 2194 2796 2262 ἁγίοις
2842 2196 3229 2265 προεστήκασι.
3297 2197 3362 2249 Τί
3411 2199 3469 2250 τὸ
3518 2202 3645 2270 περὶ
3681 2202 3828 2271 ὑμᾶς

2270 2280 2428 2333 τοῦτο
2471 2280 2569 2350 τῆς
2603 2281 2932 2350 ἀγαθότητος
2964 2285 3292 2355 μμστήριον;
3322 2287 3448 2350 Πῶς
3471 2289 3520 2340 οί
3546 2289 3695 2343 αὐτοὶ
3731 2292 3832 2344 καὶ

2271 2372 2376 2426 υίοὶ
2394 2373 2689 2441 ἀνθρώπων
2705 2375 2798 2428 καὶ
2821 2373 2955 2428 Θεοῦ
2986 2394 3154 2448 κεχρη
3164 2379 3422 2446 ματίκατε
3449 2396 3464 2446 ;
3491 2379 3566 2432 Τὸ
3589 2383 3709 2451 μὲν,
3735 2382 3836 2436 διὰ

2269 2462 2366 2532 τὴν
2389 2461 2568 2531 φύσιν,
2585 2465 2646 2517 τὸ
2659 2465 2734 2529 δὲ,
2751 2465 2836 2519 διὰ
2857 2466 2953 2535 τὴν
2973 2467 3265 2522 υἱοθεσίαν.
3286 2470 3410 2534 Πῶς
3429 2472 3490 2525 τὸ
3513 2459 3831 2544 παραυτίκα

2269 2554 2366 2622 τῆς
2404 2552 2648 2622 θλίψεως,
2698 2555 2791 2608 καὶ
2821 2555 3073 2625 ἐλαφρὸν,
3117 2555 3288 2625 οὕτως
3313 2558 3438 2630 ὑμῖν
3463 2559 3624 2631 βάρος
3666 2561 3831 2632 δόξης

2269 2644 2486 2698 αἰώνιον
2539 2646 2830 2714 εἰργάσατο
2855 2666 2869 2716 ;
3608 2642 3610 2644 ’

2339 2738 2520 2807 Σάρκα
2552 2738 2650 2808 μὲν
2681 2741 2959 2808 γεγονέναι
2982 2742 3072 2796 τὸν
3102 2742 3231 2798 Θεὸν
3253 2745 3425 2813 Λόγον
3460 2727 3554 2798 καὶ
3582 2746 3640 2800 ὲν
3690 2747 3831 2818 ἡμῖν

2271 2825 2657 2897 ὲσκηνωκέναι,
2706 2832 2769 2882 ὲκ
2811 2832 2909 2901 τῆς
2948 2833 3215 2903 ὑμετέρας
3265 2837 3591 2908 μεμυήμεθα
3653 2838 3833 2907 μύστι-

2269 2917 2511 2984 αγωγίας
2533 2931 2548 2946 ⁶
2580 2919 2736 2989 ὑμεῖς
2763 2920 2818 2973 δὲ
2840 2921 2999 2992 σῶμα
3024 2923 3099 2993 τῷ
3126 2924 3258 2990 δντι,
3282 2927 3375 2979 καὶ
3403 2927 3536 2998 μέλη
3558 2927 3712 2999 τίμια
3751 2929 3832 2999 τῷ

2272 3008 2671 3078 σεσαρκωμένῳ
2697 3009 3088 3081 καθεστήκατε.
3122 3014 3289 3085 Σῶμα
3324 3017 3620 3085 πάγκαλον,
3651 3017 3831 3072 θεοει-

2269 3095 2378 3161 δὲς,
2407 3095 2656 3169 θεαυγὲς,
2688 3099 2864 3169 πάσης
2894 3100 3106 3170 κηλίδος
3135 3106 3228 3157 καὶ
3259 3105 3443 3175 ρύπων
3474 3109 3566 3162 καὶ
3613 3110 3830 3179 μώμων

2271 3185 2631 3239 ἀνεπίδεκτον.
2661 3183 2761 3240 Οἷα
2810 3191 2918 3259 γὰρ
2952 3191 3220 3262 ὀφθαλμοὶ
3270 3194 3362 3248 δύο
3400 3199 3830 3266 φωτοιρανέστα-

2271 3291 2349 3329 τοι
2394 3279 2487 3329 καὶ
2518 3279 2856 3348 χαριέστατοι
2888 3280 2980 3333 τοῦ
3028 3284 3358 3338 Δεσποτικοῦ
3407 3285 3655 3358 σώματος
3684 3308 3830 3360 προσ

2270 3368 2552 3443 ϐέϐλησθε,
2586 3365 2665 3433 οἷς
2700 3371 2818 3425 ὅλον
2851 3373 3015 3426 αὑτοῦ
3043 3376 3331 3442 φωτίζεται
3384 3379 3447 3431 τὸ
3503 3380 3695 3450 σῶμα*
3755 3383 3830 3435 δι’

2267 3453 2342 3512 ὧν
2371 3462 2398 3513 ὁ
2429 3460 2629 3531 Κύριος
2669 3462 2766 3527 τὰς
2809 3464 2929 3518 καθ’
2976 3467 3102 3538 ὃλην
3127 3467 3221 3537 τὴν
3248 3471 3350 3539 γῆν
3378 3470 3671 3540 ἐκκλησίας
3725 3474 3828 3541 ἔφ-

2271 3553 2434 3626 ορῶν,
2459 3555 2726 3626 οίκοδομεῖ
2769 3558 2863 3610 καὶ
2891 3561 3224 3630 καταρτίζει.
3260 3563 3367 3616 Καὶ
3397 3558 3509 3616 ῶτα
3538 3564 3593 3617 δὲ
3630 3568 3817 3634 τρανά

2268 3634 2364 3698 καί
2390 3648 2554 3714 σαφῆ,
2587 3648 2680 3700 καὶ
2709 3649 2805 3720 τῆς
2843 3649 2991 3713 θείας
3019 3651 3168 3715 ὄντες
3220 3655 3424 3724 εὐήκοα
3464 3642 3664 3725 ’φωνῆς
3687 3673 3701 3688 ·
3763 3660 3832 3711 τὸ

2270 3738 2420 3809 ῥῆμα
2443 3739 2535 3791 τοῦ
2594 3740 2726 3794 Θεοῦ
2761 3741 2821 3794 τὸ
2871 3743 3164 3810 πάνσοφον,
3211 3745 3273 3798 τὸ
3299 3746 3829 3817 παντοδύναμον,,τὸ

2265 3830 2362 3898 τῆς
2414 3830 2772 3899 Οίκονομίας,
2811 3835 2972 3903 φημὶ,
3015 3825 3227 3904 πρῶτον
3278 3841 3571 3909 μυστήριον
3622 3842 3826 3895 ἑνωτι-

2267 3921 2516 3986 σθέντες,
2579 3924 2697 3985 ταῖς
2753 3925 2940 3989 ἀκοαῖς
2995 3926 3124 3980 αὐτὸ
3164 3928 3360 3994 πάσαις
3401 3931 3663 4002 δευτέρως
3731 3936 3829 4013 ἦν·

2266 4014 2523 4084 ηχθσατε.

2346 4106 2536 4176 Ὑμεῖς
2563 4108 2654 4160 καὶ
2683 4111 2952 4179 μυκτῆρες
3011 4111 3382 4181 εὐοσμότατοι,
3434 4115 3528 4166 καὶ
3571 4117 3830 4183 σιαγὸνες

2264 4197 2384 4248 ἐστὲ
2416 4199 2692 4267 μυστικαί.
2722 4198 3014 4270 Μυκτῆρες
3048 4203 3181 4272 ίεροὶ
3222 4206 3320 4273 τῆς
3363 4205 3510 4274 ίερᾶς
3542 4205 3652 4259 τῶν
3678 4209 3827 4279 Χρι-

2264 4286 2388 4339 στοῦ
2426 4288 2612 4358 μύρων
2643 4291 2868 4354 εὐωδίας
2898 4293 3038 4361 ἄγαν
3065 4295 3234 4361 ἡδέως
3255 4297 3691 4367 ὀσφραινόμενοι,
3719 4302 3831 4354 καὶ

2260 4377 2360 4446 τὴν
2381 4377 2554 4448 ὀσμὴν
2583 4381 2680 4450 τῆς
2709 4381 2962 4448 γνώσεως
3006 4385 3167 4438 αὐτοῦ
3222 4387 3384 4440 παντὶ
3437 4388 3588 4456 τόπῳ
3646 4406 3832 4458 φανε-

2263 4467 2500 4539 ροῦντες.
2538 4472 2816 4539 Σιαγόνες
2847 4473 2924 4539 δὲ,
2961 4476 3222 4545 καθάπερ
3271 4460 3476 4546 φιάλαι
3506 4477 3613 4532 τοῦ
3664 4482 3834 4549 ἀρώ-

601 4567 784 4620 divina
817 4567 988 4620 doctae
1031 4567 1245 4634 lingum,
1282 4568 1633 4635 germinantes
1667 4568 1765 4637 (uti
1796 4569 2160 4623 sacratissimo

2273 4575 2465 4625 ιιατος,
2495 4560 2684 4634 ὥσπερ
2715 4564 2822 4617 ἀπὸ
2853 4567 3034 4636 πηγῆς
3087 4569 3182 4637 τῆς
3213 4568 3488 4635 ,θεολόγου
3513 4569 3831 4640 ’γλώσσης,

599 4659 911 4712 continetur
956 4656 1194 4725 eloquio)
1239 4658 1624 4726 unguentaria;
1663 4660 1915 4726 mysticas
1953 4659 2163 4714 scilicet

599 4750 784 4802 odoris
839 4748 1134 4800 suavitates
1183 4747 1440 4815 (Spiritus
1485 4765 1679 4819 nempe
1726 4750 2024 4818 doctrinas)
2075 4751 2161 4805 his

598 4840 692 4908 qui
721 4837 868 4906 digni
899 4836 1025 4899 sint,
1062 4835 1418 4904 proferentes.

675 4930 781 4982 Vos
826 4929 952 4981 item
990 4943 1181 4981 manus
1210 4936 1442 4999 strenuae
1470 4944 1531 4982 ac
1559 4930 2022 5002 industriaajquae
2053 4949 2158 4987 non

596 5021 650 5072 in
690 5017 887 5070 tabulis
918 5015 1165 5085 lapideis,
1210 5015 1304 5070 sed
1342 5017 1670 5080 carnalibus.
1703 5033 1804 5071 nec
1835 5027 2159 5082 atramento,

599 5092 693 5162 srd
719 5109 843 5161 vivo
874 5108 966 5161 Dei
995 5107 1222 5176 Spiritu,
1256 5110 1477 5180 mystice
1515 5109 1697 5162 divina
1733 5110 1948 5178 eloquia
1974 5119 2164 5167 ornate

596 5198 988 5267 depingatis".
1039 5197 1248 5264 Manus,
1296 5214 1416 5267 qua:
1466 5200 1664 5253 nedum
1712 5199 1928 5256 ﬁrmum
1973 5202 2165 5256 funda-

599 5299 842 5344 mentum
901 5290 1046 5360 (lidei
1105 5291 1334 5357 scilicet)
1394 5299 1504 5342 tuta
1556 5291 1684 5344 base
1741 5291 1950 5362 ligatis,
1982 5297 2074 5350 sed
2108 5304 2164 5350 et

597 5380 758 5450 digna
806 5380 929 5436 ﬁdei
960 5396 1123 5450 opera
1154 5379 1619 5450 superandiﬁcetis.
1647 5382 1764 5435 Non
1797 5385 1943 5459 enim
1973 5386 2155 5454 lignis,

600 5473 800 5541 stipula
849 5483 904 5526 et
950 5472 1094 5534 leno,
1144 5470 1238 5524 sed
1281 5484 1414 5521 auro
1469 5477 1522 5521 ct
1556 5483 1778 5540 argento
1826 5475 2155 5542 pretiosissi—

594 5564 806 5630 misque
851 5563 1120 5631 lapidibus
1167 5558 1454 5624 (doctrinis
1502 5562 1711 5616 scilicet
1752 5577 1913 5633 atque
1944 5565 2155 5623 actibus

592 5651 704 5706 Deo
772 5650 999 5719 placitis)
1068 5648 1452 5720 intelligentem
1510 5660 1672 5719 atque
1722 5656 1992 5709 viventem
2045 5654 2153 5707 Deo

665 5761 710 5793 ³³
734 5762 895 5817 Hebr.
931 5780 968 5822 ι,
1000 5766 1082 5819 l5.

595 5833 642 5864 ⁸⁸
662 5831 817 5884 Cant.
840 5848 891 5895 ν,
926 5833 1003 5886 15,
1084 5834 1127 5863 ⁸⁷
1153 5831 1211 5884 ll.
1243 5831 1366 5886 COr.
1406 5850 1480 5896 ιιι,
1514 5835 1562 5888 5.

1187 5761 1335 5845 ﬁt."
1366 5761 1602 5845 (ξομ-ιν,
1657 5769 1738 5832 l7,
1781 5771 1831 5834 1,
1886 5771 1938 5832 4,
1971 5768 2066 5832 υς
2103 5785 2140 5832 l,

2273 5772 2330 5839 1;
2388 5774 2406 5827 Ι
2439 5775 2580 5830 Pelr.
2634 5791 2667 5828 ι,
2697 5775 2795 5839 12;
2824 5776 2866 5830 ll
2893 5776 3018 5836 Cor.
3070 5795 3142 5845 ιν,
3182 5779 3265 5833 17.

2261 4653 2522 4720 φύουσαι
2547 4655 2706 4724 (κατὰ
2731 4656 2791 4708 τὸ
2826 4659 3226 4727 μυστικώτατον
3251 4659 3467 4727 λόγιον),
3490 4663 3829 4729 μυρεψικὰ,

2259 4743 2356 4806 τὰς
2387 4746 2650 4813 μυστικὰς
2687 4747 2912 4809 εὐωδίας
2951 4749 3089 4816 (ἦτοι
3141 4748 3487 4812 διδασκαλίας
3519 4746 3613 4802 τοῦ
3646 4749 3832 4804 Πνεύ-

2265 4835 2451 4905 ματος)
2478 4840 2585 4899 τοῖς
2608 4837 2778 4900 ἀξίοις
2809 4839 3251 4909 προϐαλλόμενοι.
3513 4853 3516 4856 ’

2345 4927 2530 4997 Ὑμεῖς
2547 4928 2637 4980 καλ⁵
2655 4931 2830 4996 χεῖρες
2851 4931 3090 4998 ένεργεῖς
3106 4912 3197 4982 καί
3230 4930 3540 5000 δραστήριοι
3556 4933 3834 4986 πιστεύε-

2266 5018 2380 5085 σθε,
2412 5020 2511 5071 οὑκ
2536 5021 2592 5069 ὲν
2614 5016 2840 5079 λιθίναις
2862 5019 2931 5072 τὰ
2961 5019 3082 5073 θεῖα
3101 5020 3255 5088 λόγια
3276 5022 3487 5088 πλαξὶν,
3517 5021 3652 5077 ἀλλὰ
3679 5041 3834 5095 σαρ-

2263 5110 2465 5170 κίναις·
2507 5108 2563 5157 οὐ
2592 5106 2800 5174 μέλανι,
2838 5109 2972 5163 ἀλλὰ
2995 5110 3130 5163 Θεοῦ
3175 5113 3453 5183 Πνεύματι
3489 5113 3648 5177 ζῶντι
3711 5133 3832 5184 μυ-

2264 5199 2458 5258 στικῶς
2492 5196 2970 5269 καλλιγραφοῢσαι.
3004 5202 3310 5273 Χεῖρες,ὀὐ
3347 5206 3592 5273 θεμέλιον
3653 5207 3839 5275 μόνον

2259 5288 2494 5356 ἀσφαλῆ,
2543 5288 2633 5343 τὸν
2684 5293 2784 5360 τῆς
2832 5295 3063 5357 πίστεως
3119 5299 3618 5368 καταπηγνύουσαι,
3677 5299 3838 5352 ἀλλὰ

2261 5380 2353 5431 καὶ
2384 5379 2519 5449 ἔργα
2548 5381 2646 5450 τῆς
2671 5384 2902 5447 πίστεως
2934 5385 3057 5451 ἄξια
3101 5388 3568 5457 ὲποικοδομοῦσαι.
3608 5390 3683 5442 Οὐ
3722 5389 3840 5455 ξύ-

2258 5472 2365 5530 λοις
2383 5473 2508 5541 γὰρ,
2532 5475 2592 5526 οὐ
2616 5475 2832 5546 καλάμῃ
2845 5476 2936 5526 καὶ
2955 5478 3152 5548 χόρτῳ,
3185 5482 3367 5550 χρυσῷ
3402 5482 3457 5532 δὲ
3477 5482 3566 5549 καὶ
3587 5481 3837 5553 ἀργύρῳ

2257 5563 2516 5617 καὶλίθων
2532 5569 2636 5628 τοῖς
2651 5567 3014 5635 τιμιωτάτοις,
3039 5572 3137 5623 εἴτ’
3155 5569 3246 5624 οὖν
3261 5571 3438 5637 λόγοις
3463 5574 3553 5624 καὶ
3580 5573 3835 5643 πράξεσι

2256 5655 2583 5727 θεοτερπέσι,
2603 5659 2699 5727 τὴν
2729 5659 2915 5725 votiin
2962 5662 3281 5732 Ἐκκλησίαν
3306 5665 3398 5716 καὶ
3419 5664 3595 5726 ζῶσαν
3617 5682 3841 5740 καταρ-

3401 5781 3446 5813 ⁸⁸
3469 5780 3627 5839 Joan.
3652 5797 3692 5853 ι,
3721 5783 3838 5844 Μ.
