3950 6320
185 185 241 250 49
860 185 1143 249 ORATIO
1177 185 1292 246 III.
1317 211 1392 224 -
1418 185 1500 250 IN
1539 183 1852 248 LAUDEM
1893 184 2000 247 SS.
2040 186 2269 254 PETRI
2309 188 2403 249 ET
2441 191 2694 251 PAULI.
3001 183 3005 188 “
3247 197 3251 204 ’
3329 202 3402 265 50

181 303 329 366 τίζετε
367 297 507 371 Θεῷ.
570 299 770 373 Χεῐρες
834 300 1155 373 μυστηρίων
1212 302 1487 373 ἱερουργοὶ
1525 301 1720 354 Θείων⁹

1849 300 2127 356 Ξοειοεῑαηι
2188 302 2458 358 instruitis
2482 304 2546 357 ⁸⁸.
2597 304 2806 370 Manus,
2858 306 3059 365 divinis
3113 325 3402 380 operante“;

184 392 444 464 ὑπερφυῶν
486 395 785 464 τεραστίων
807 390 1132 467 αὐτουργοί·
1191 395 1302 468 ἀφῇ
1347 396 1484 468 μόνῃ
1534 395 1722 456 νόσους

184 487 378 557 ίώμεναι
408 526 423 550 ,
482 485 740 557 δαίμονας
822 485 1183 554 ὲλαύνουσαι,
1235 489 1721 561 παραλελυμένους

183 578 522 648 σφίγγουσαι,
572 579 808 649 λεπροὺς
842 577 1243 652 καθαίρουσαι,
1295 583 1724 651 παγκεκυφότας

179 669 495 742 ἁνορθοῦσαι,
524 673 752 738 νεκροὺς
781 672 1096 740 ἁνιστῶσαι,
1127 675 1223 728 καὶ
1249 675 1473 744 τυφλοῖς
1499 675 1595 746 μὲν
1625 674 1723 745 τὴν

179 765 296 835 ὄψιν.
332 766 542 835 κωφοῖς
577 763 636 817 δὲ
663 764 762 834 τὴν
788 764 980 836 ἀκοὴν,
1009 765 1323 836 μογιλάλοις
1349 767 1406 821 δὲ
1434 767 1532 837 τὴν
1557 766 1724 836 γλῶσι

159 867 262 913 ’σαν
282 854 656 928 διατωνοῦσαι
679 856 773 910 καὶ
795 857 1156 927 διασαφοῦσαι
1175 871 1191 890 ⁸
1217 861 1309 912 καὶ
1334 861 1509 912 πᾶσαν
1535 859 1721 930 σώμα-

177 970 250 1016 τος
290 951 486 1021 λώϐην,
515 951 609 1004 καὶ
657 951 838 1006 πᾶσαν
879 951 1060 1024 ψυχῆς
1085 951 1265 1024 λύμην
1307 937 1599 1023 ἀφράστως
1633 953 1723 1008 καὶ

179 1046 390 1116 ὰχρόνως
429 1040 850 1115 θεραπεύουσαι.
929 1027 936 1036 ’

245 1137 424 1207 Ὑμεῖς
452 1135 545 1190 καὶ
573 1136 667 1190 δύο
711 1131 853 1209 ὦμοι
907 1137 1002 1192 καὶ
1064 1137 1226 1207 μαζοὶ
1271 1137 1364 1192 δύο
1407 1139 1506 1208 τῆς
1547 1139 1720 1208 Ἰησοῦ

181 1230 428 1298 πεφήνατε
461 1229 884 1303 μεγαλειότητος
905 1245 918 1261 ⁸
961 1230 1009 1283 oi
1035 1230 1138 1300 μὲν
1164 1229 1256 1282 τὸν
1283 1232 1515 1301 σταυρὸν
1550 1231 1724 1301 αἴρον-

178 1340 271 1388 τες,
301 1323 389 1376 καὶ
420 1322 568 1395 αύτῷ
597 1321 1052 1394 συνεπαιρόμενοι
1079 1339 1091 1351 ·
1122 1324 1217 1378 καὶ
1247 1323 1324 1388 ὡς
1354 1325 1564 1394 κεφαλῇ
1593 1327 1719 1396 ἰδίᾳ.

179 1417 242 1487 τῷ
295 1418 691 1489 ἑσταυρωμένῳ
760 1417 1055 1490 προθύμως
1116 1419 1466 1490 ἐφεπόμενοι.
1519 1415 1720 1489 Ὤμοι,

178 1512 252 1564 τὸν
279 1511 512 1580 χρηστὸν
534 1509 782 1582 αἴροντες
826 1511 1062 1582 Χριστοῦ
1096 1509 1281 1582 ζυγδν,
1341 1513 1432 1565 καὶ
1472 1513 1562 1565 τὸν
1609 1514 1720 1566 ἐλα-

178 1602 290 1672 φρδν
309 1601 557 1672 ἐλαφρῶς
601 1603 951 1672 κουφίζοντες
979 1603 1176 1673 φόρτον
1227 1603 1320 1657 τοῦ
1369 1603 1720 1672 Εὑαγγελίου,

1834 396 2144 467 mysteriis;
2180 397 2309 477 ipsa:
2340 397 2666 452 eximiorum
2711 401 3085 472 prodigiorum
3131 398 3405 463 artiﬁces:
3486 390 3490 392 ⁷

1833 498 1980 545 tactu
2032 490 2149 546 solo
2206 499 2461 546 sanantes
2514 492 2755 557 morbos,
2808 493 3057 564 fugantes
3110 495 3404 564 daemones,

1830 583 2199 653 astringentes
2247 581 2424 637 soluta
2457 583 2723 647 membra,
2767 585 3012 655 leprosos
3057 588 3407 653 inundantes,

1831 674 2094 728 incurvos
2129 674 2424 746 erigentes,
2471 683 2718 728 mortuos
2764 676 3120 743 suscitantes;
3149 693 3211 732 ac
3249 679 3410 733 catcis

1829 766 2031 832 visum,
2066 767 2249 822 surdis
2279 766 2550 831 auditum,
2584 767 2760 822 balbis
2787 767 3000 823 facilem
3020 778 3074 823 et
3095 770 3408 839 expeditum

1831 860 2028 931 linguae
2059 875 2216 916 usum
2245 861 2582 930 praebentes;
2610 875 2937 931 omnemque
2965 863 3207 932 corporis
3230 863 3406 916 labem

1831 964 1992 1024 atque
2022 969 2240 1009 omnem
2266 953 2434 1008 animi
2469 969 2665 1008 noxam
2691 955 2858 1009 nullis
2888 954 3073 1009 verbis
3096 952 3406 1025 explicabili

1831 1047 2062 1112 ratione,
2095 1056 2480 1117 momentoque
2510 1059 2786 1102 curantes.

1901 1139 2009 1194 Vos
2029 1154 2248 1210 quoque
2275 1142 2386 1196 duo
2412 1139 2628 1196 humeri
2651 1140 2872 1211 duoque
2902 1142 3076 1194 ubera
3110 1137 3412 1210 maiestatis

1829 1232 1957 1287 Jesu
1987 1233 2228 1288 enitetis.
2265 1233 2489 1288 Humeri
2525 1232 2736 1290 scilicet
2785 1232 3043 1309 tollentes
3069 1245 3315 1295 crucem,
3349 1245 3415 1285 ac

1832 1335 1954 1378 cum
1985 1339 2048 1380 ea
2079 1325 2285 1394 pariter
2325 1324 2577 1391 exaltati;
2616 1325 2877 1395 velutque
2904 1333 3070 1394 caput
3103 1322 3413 1395 proprium,

1831 1433 1957 1472 cum
2012 1418 2106 1488 qui
2160 1417 2456 1498 crucifixus
2498 1427 2582 1472 est
2638 1419 2848 1473 alacres
2897 1417 3094 1490 secuti,
3151 1414 3412 1480 Humeri,

1831 1511 2032 1568 Christi
2078 1513 2269 1584 jugum
2318 1528 2485 1568 suave
2537 1512 2811 1574 tollentes,
2857 1513 3085 1581 leveque
3131 1509 3414 1581 Evangelii

1833 1618 1974 1658 onus
2027 1605 2295 1669 levantes,
2349 1612 2511 1674 atque
2565 1602 2698 1657 illud
2749 1602 2931 1674 dignis
2981 1601 3323 1670 imponentes
3344 1602 3412 1653 δ’.

178 1697 376 1758 καὶτοῖς
408 1695 580 1759 ἀξίοις
632 1694 794 1750 αὐτὸν
833 1694 1274 1766 ὲπιφορτίζοντες
1319 1712 1334 1728 ·
1364 1697 1452 1750 ναὶ
1488 1697 1574 1764 δὴ,
1634 1700 1727 1752 καὶ

1849 1697 1975 1754 Sane
1997 1708 2142 1754 “vero
2172 1698 2338 1754 etiam
2369 1704 2620 1754 errantes
2643 1711 2774 1752 oves
2801 1701 3165 1760 assumentes,
3185 1709 3419 1757 eamm—

176 1788 348 1843 τὰτῶν
377 1788 668 1858 προϐάτων
705 1789 1178 1872 ἀναλαμϐάνοντες
1234 1789 1588 1860 πλανώμενα,
1633 1793 1729 1844 καὶ

179 1882 271 1942 τοῖς
313 1880 566 1951 μένουσιν
616 1881 1100 1954 συναριθμοῦντες,
1161 1884 1258 1938 καὶ
1309 1884 1568 1956 μάνδραις
1612 1889 1730 1948 ταῖς

180 1973 275 2028 ἄνω
301 1975 853 2047 κατασφαλιζόμενοι,
884 1978 980 2032 καὶ
1003 1979 1147 2050 ὑπὲρ
1170 1979 1352 2034 αὐτῶν
1394 1980 1611 2052 σταυρῷ
1637 1984 1732 2036 καὶ

182 2066 372 2136 θανάτῳ
432 2068 574 2122 κατὰ
643 2069 876 2142 μίμησιν
945 2072 1298 2144 ἁγιαζόμενοι
1373 2076 1726 2146 Δεσποτικήν.

186 2162 344 2226 Maio).
367 2162 448 2229 δὲ,
477 2163 576 2216 οὐκ
606 2163 849 2234 αἰσθητῷ
877 2165 1132 2231 γάλακτι,
1164 2166 1340 2238 νοητῷ
1362 2166 1416 2220 δὲ
1444 2168 1734 2240 τρέφοντες

179 2249 259 2318 τὴν
291 2249 650 2319 Ἐκκλησίαν·
691 2253 784 2306 καὶ
813 2252 932 2306 οὐδὲ
981 2253 1118 2321 γάλα
1154 2254 1334 2324 μόνον,
1361 2256 1451 2308 τὸν
1503 2257 1735 2326 εἰσαγω-

179 2341 310 2407 γικόν
352 2357 415 2394 τε
459 2342 620 2412 λόγον
668 2344 763 2396 καὶ
808 2346 917 2407 τοῖς
971 2328 1736 2419 ε.ίσαγομένοιςκ’κατάλληλον

178 2433 653 2505 ἀναλαμϐάνοντες,
685 2435 821 2491 ἀλλὰ
851 2436 947 2491 καὶ
1001 2432 1164 2502 οίνον,
1211 2439 1312 2510 τὴν
1358 2441 1583 2511 στερεὰν
1626 2441 1735 2496 τῶν

179 2525 440 2597 δογμάτων
470 2529 842 2602 ἑστιατορίαν,
875 2531 968 2586 καὶ
1003 2533 1115 2596 τοῖς
1143 2531 1372 2597 τελείοις
1417 2534 1735 2605 πρέπουσαν

180 2617 470 2683 ὲπινὰοντες
500 2617 802 2689 θεολογίαν.

248 2710 436 2780 ’Υμᾶς,
471 2713 569 2766 καὶ
597 2713 881 2785 σπλάγχνα
921 2715 1018 2768 καὶ
1047 2713 1281 2786 νεφρούς
1319 2734 1402 2780 τις
1445 2714 1619 2770 εἰπὼν
1651 2718 1735 2772 δι-

182 2798 388 2871 δύμουςο
442 2808 654 2874 μηρούς
686 2821 748 2856 τε
783 2805 879 2858 καὶ
930 2805 1096 2876 σκέλη
1133 2807 1230 2859 καὶ
1277 2808 1447 2871 πόδας
1495 2810 1593 2879 τῆς
1642 2809 1738 2862 τοῦ

183 2895 539 2964 σαρκωθέντος
595 2896 1072 2966 ὑπερουσιότητος,
1133 2900 1236 2952 οὐκ
1286 2897 1584 2970 ἂν,οῐμαι,
1645 2901 1740 2953 τοῦ

183 2984 468 3053 πρέποντος
507 2986 878 3071 ἀποσφαλείη.
925 2986 1038 3040 Καὶ
1063 2988 1174 3058 γὰρ
1202 2989 1334 3060 παρ’
1370 2991 1500 3062 ὑμῖν
1536 2991 1740 3063 ζωτικὴ

186 3078 386 3147 ποιότης
419 3079 518 3131 καὶ
550 3077 854 3148 άρρευστος
887 3077 989 3148 τῆς
1022 3077 1386 3152 θεοπρεποῦς,
1414 3083 1534 3154 ἦτοι
1560 3083 1740 3138 θεοτε-

185 3170 290 3235 λοῦς
335 3172 562 3243 ἀγάπης
600 3172 1038 3245 ὲνθεωρουμένη,
1070 3175 1164 3229 καὶ
1190 3173 1381 3246 ὥσπερ
1417 3177 1481 3230 ἐκ
1513 3173 1738 3247 διδύμου

186 3265 266 3349 και
290 3264 467 3336 ζώσης
490 3264 679 3336 πηγῆς
700 3265 810 3318 τῶν
828 3265 1114 3336 ὑμετέρων
1137 3265 1384 3336 κρυφίως
1406 3267 1739 3340 ὲξαλλομένη

190 3357 518 3430 σπλάγχνων,
556 3361 780 3422 πισταῖς
813 3359 1163 3436 ὲπαρδομὲνη
1211 3358 1434 3430 ψυχαῖς,
1486 3359 1743 3431 γονίμους

186 3449 338 3514 αὑτὰς
367 3450 717 3507 ἀποδεικνύει
742 3451 880 3522 Θεῷ.
909 3450 1138 3522 Κνῆμαι
1171 3450 1229 3504 δὲ
1256 3450 1350 3504 καὶ
1377 3437 1566 3519 πόδες,¹
1590 3453 1745 3506 εὐλό-

187 3559 306 3609 γως,
343 3541 514 3616 οἶμαι,
552 3547 647 3599 τοῦ
698 3545 874 3614 Λόγου
906 3543 1271 3616 τεθεώρησθε,
1300 3545 1385 3598 ὅτι
1417 3545 1598 3600 πᾶσαν
1646 3547 1747 3618 τὴν

186 3637 277 3707 γῆν
323 3638 554 3693 διαθέων
588 3641 646 3691 ἐν
683 3637 834 3707 ὑμῖν,
870 3631 981 3691 καὶ.
1012 3640 1192 3691 πᾶσαν
1248 3635 1457 3710 βροτῶν
1507 3637 1748 3692 διάνοιαν

189 3731 359 3793 ἐπιὼν,
391 3733 528 3803 πρὸς
552 3731 654 3802 τὴν
711 3733 814 3802 τῆς
846 3731 1112 3805 ἀληθείας
1161 3729 1464 3799 ἐπίγνωσιν
1498 3730 1566 3784 δι’
1594 3731 1749 3802 ὑμῶν

190 3827 519 3896 χειραγωγεϊ.
585 3823 592 3836 ’
1095 3809 1110 3824 ἢ
1170 3805 1178 3812 θ

259 3913 442 3984 Ὑμεῖς
471 3914 643 3979 δντως
683 3914 828 3979 ἐστὲ,
859 3913 1004 3969 κατὰ
1052 3913 1146 3969 τὸν
1177 3915 1324 3987 ἱερὸν
1368 3917 1666 3987 Ζαχαρίαν,
1699 3918 1749 3969 οἱ

192 4007 273 4062 δύο
301 4011 405 4063 τῶν
452 4011 652 4065 ὲλαιῷν
681 4010 890 4074 κλάδοι,
923 4010 990 4064 ὲκ
1009 4009 1202 4076 δεξιῶν
1229 4027 1291 4063 τε
1326 4013 1421 4064 καὶ
1454 4010 1750 4083 εὐωνύμων

191 4107 249 4172 τῇ
292 4108 468 4177 χρυσῇ
502 4096 723 4179 λυχνίᾳ,
762 4107 832 4176 τῇ
878 4103 1177 4175 Ἐκκλησία
1221 4103 1288 4175 δὴ
1320 4103 1488 4172 λέγω,
1531 4107 1626 4159 καὶ
1672 4105 1752 4178 τῷ

194 4195 270 4248 ἐπ’
298 4197 470 4268 αὐτῆς
496 4197 792 4269 λαμπαδίῳ
817 4197 1042 4270 Χριστῷ
1070 4198 1486 4267 παρεστηκότες
1509 4213 1524 4229 ·
1552 4199 1602 4251 oi
1633 4197 1751 4266 δύο,

195 4290 297 4341 κατ’
334 4291 499 4346 αὑτὸν
548 4288 747 4356 εἰπεῖν,
798 4290 899 4361 τῆς
951 4291 1206 4362 πιότητος
1254 4290 1398 4358 υἱοὶ,
1449 4288 1526 4363 τῷ
1562 4293 1752 4365 Κυρίῳ

195 4381 360 4447 πάσης
389 4400 466 4436 πα
477 4383 734 4456 ρίστασθε
758 4384 862 4456 τῆς
887 4383 1016 4456 γῆς.
1573 4371 1575 4375 ί

265 4471 432 4543 ’Υμᾶς
470 4476 567 4528 καὶ
615 4476 674 4528 αἱ
717 4473 814 4529 δύο
869 4475 1077 4546 ῥάϐδοι,
1142 4472 1207 4539 ἃς
1256 4472 1435 4544 ἑαυτῷ
1485 4463 1754 4544 λήψεσθαι

197 4581 342 4636 φησιν
372 4568 401 4620 ό
434 4567 664 4639 Κύριος,
694 4567 850 4639 παρὰ
885 4566 964 4639 τῷ
993 4566 1166 4636 αὐτῷ,
1209 4568 1754 4638 προῦπογράφουσιν.

140 4730 142 4732 τ
199 4649 283 4710 Ὧν
309 4659 406 4730 τὴν
441 4660 540 4730 μὲν
584 4658 802 4725 κάλλος,
849 4659 940 4715 διὰ
970 4663 1032 4714 τὸ
1073 4660 1175 4730 τῆς
1216 4659 1394 4730 ψυχῆς
1430 4657 1755 4727 περικαλλές

202 4765 410 4806 στατον·
451 4751 747 4823 σχοίνισμα
795 4751 852 4805 δὲ
878 4751 977 4824 τὴν
1025 4752 1240 4824 ἑτέραν,
1272 4750 1348 4815 ὡς
1392 4751 1527 4804 ίδίαν
1564 4750 1758 4821 μερίδα

201 4847 607 4913 κατωνόμασεν’
657 4847 713 4899 ἐν
749 4839 838 4908 αἷς
889 4846 985 4899 καὶ
1040 4845 1107 4899 τὰ
1150 4844 1401 4916 πρόϐατα
1456 4844 1758 4916 ποιμαίνει,

205 4937 283 4986 καὶ
306 4936 402 5005 τὴν
433 4936 722 5007 διαθήκην,
760 4936 824 5003 ἢν
851 4935 988 5007 πρὸς
1020 4938 1147 5000 τοὺς
1175 4935 1340 5000 λαοὺς
1376 4935 1606 5001 διέθετο,
1641 4936 1760 4990 δια-

207 5027 472 5083 σκεδάσειν
528 5028 955 5104 ὲπαγγέλλεται·
1005 5029 1164 5100 δῆλον
1188 5030 1271 5084 ὅτι
1322 5029 1413 5084 τὸν
1455 5029 1620 5100 νόμον
1663 5027 1756 5082 τοῦ

207 5118 543 5190 γράμματος,
575 5119 666 5174 διὰ
705 5124 797 5174 τὸν
834 5119 934 5174 τοῦ
974 5121 1285 5190 πνεύματος
1328 5122 1492 5191 νόμον
1525 5119 1754 5174 ἀθετῶν.

209 5208 301 5264 Καὶ
325 5212 433 5285 γὰρ
479 5213 510 5266 ὃ
539 5216 608 5286 τῇ
634 5214 777 5268 κατὰ
798 5214 967 5287 νόμον
1009 5214 1238 5287 λατρεία
1270 5215 1363 5269 καὶ
1403 5217 1516 5279 τοῖς
1570 5215 1762 5278 τύποις

210 5300 427 5377 Mutila-il;
475 5309 757 5379 πεφήνασι
805 5309 900 5370 καὶ
941 5307 1193 5381 Ἀαρὼν,
1231 5309 1576 5378 παιδαγωγοὶ
1626 5309 1762 5380 πρὸς

213 5394 424 5466 Χριστὸν
452 5408 566 5469 τοῖς
604 5402 824 5456 ἀτελέσι
853 5404 1158 5474 γεγονότες,
1180 5403 1342 5458 τοῦτό
1371 5422 1434 5472 γε
1459 5404 1524 5472 δὴ
1559 5405 1764 5475 Πέτρος

1830 1804 1938 1860 que
1967 1804 2088 1867 qua:
2120 1795 2501 1844 remanserant
2549 1786 2699 1858 gregi
2751 1784 3051 1841 inferentes
3103 1791 3268 1860 atque
3321 1798 3417 1837 su-

1831 1881 2020 1952 pernis
2071 1881 2244 1937 caulis
2278 1879 2660 1946 includentes;
2716 1893 2929 1949 proque
2982 1877 3110 1942 illis,
3147 1891 3316 1934 cruce
3355 1889 3419 1930 ac

1832 1980 2032 2038 morte,
2065 1973 2298 2045 Domini
2350 1972 2624 2041 exemplo,
2678 1970 2782 2040 ipsi
2833 1985 2932 2025 vos
2977 1969 3123 2039 ipsos
3171 1967 3418 2024 sanctiﬁ-

1833 2072 2110 2127 cantes“.
2147 2071 2326 2128 Ubera
2359 2087 2490 2138 vero
2520 2068 2630 2124 non
2675 2083 2742 2124 eo
2791 2067 2930 2123 lacte
2973 2067 3065 2136 qui
3099 2065 3156 2118 in
3195 2077 3416 2119 sensum

1835 2164 2000 2228 cadit,
2057 2163 2153 2218 sed
2202 2162 2458 2234 spiritali,
2504 2158 2804 2216 Ecclesiam
2848 2157 3082 2223 alentia;
3113 2169 3178 2210 ac
3215 2155 3419 2210 nedum

1834 2258 1921 2313 lac
1969 2256 2298 2330 (doctrinam
2359 2255 2569 2311 scilicet
2610 2249 3060 2308 rudimentariam
3106 2258 3268 2317 atque
3311 2246 3422 2299 illis

1835 2348 1931 2418 qui
1961 2348 2296 2402 inducuntur
2343 2342 2788 2415 convenientem)
2839 2340 3174 2412 culligentia,
3221 2337 3317 2392 sed
3364 2342 3421 2390 et

1835 2442 2024 2495 vinum
2088 2440 2351 2511 (solidam
2406 2423 2617 2494 scilicet
2675 2437 2990 2507 dogmatum
3046 2431 3421 2503 epulationem

1835 2549 1900 2589 ac
1934 2533 2208 2604 perfectos
2238 2532 2524 2588 decentem
2561 2527 2910 2600 theologiam)
2942 2524 3238 2580 afﬂuentia.

1906 2725 2010 2793 Qui
2052 2740 2150 2780 vos
2182 2725 2392 2780 viscera
2439 2723 2794 2794 geminosque
2834 2733 3016 2784 renes,
3054 2729 3325 2784 coxasque
3357 2727 3422 2767 ac
3501 2759 3504 2765 .
3564 2765 3568 2768 _

1839 2833 2004 2873 crura
2037 2817 2202 2883 dicat,
2243 2817 2474 2888 ejusque
2514 2815 2608 2884 qui
2653 2828 2872 2868 carnem
2907 2810 3424 2879 assumpsit’super-

1841 2909 2218 2968 substantialis
2270 2907 2567 2978 Maiestatis
2614 2905 2781 2976 pedes
2829 2903 2980 2964 velit,
3026 2900 3171 2955 haud
3221 2907 3354 2970 puto
3391 2911 3426 2953 a

1844 3004 2040 3059 decore
2069 3001 2360 3057 erraverit.
2394 3000 2551 3071 Apud
2579 2992 2677 3052 vos
2709 2997 2854 3051 enim
2889 2995 3070 3049 vitalis
3090 3002 3147 3049 et
3169 2992 3425 3047 inemuxa

1843 3096 2043 3151 divinat
2073 3109 2170 3150 seu
2199 3092 2408 3149 deifica:
2436 3089 2721 3148 charitatis
2760 3088 3036 3143 intellecta
3075 3084 3330 3155 qualitas,
3361 3096 3427 3138 ac

1839 3187 1990 3242 velut
2036 3202 2105 3242 ex
2149 3187 2367 3257 gemino
2417 3184 2651 3253 vivoque
2697 3181 2870 3250 fonte,
2897 3196 2928 3235 e
2972 3178 3172 3234 vestris
3211 3177 3427 3233 occulte

1841 3279 2167 3342 visceribus,
2213 3276 2468 3333 ﬁdelibus
2508 3276 2755 3330 irrorans
2782 3271 2980 3327 animis
3013 3272 3188 3339 iisque
3230 3269 3422 3334 affusa,

1843 3369 2111 3427 fecundos
2151 3351 2266 3424 beo
2288 3369 2492 3424 reddit.
2527 3366 2705 3422 Crura
2736 3380 2870 3420 vero
2904 3379 2968 3418 ac
2991 3366 3158 3434 pedes
3186 3377 3428 3434 congrue

1845 3474 1979 3535 puto
2007 3463 2177 3518 Verbi
2213 3458 2614 3531 intelligamini,
2655 3454 2800 3526 quod
2834 3455 3011 3526 ipsum
3038 3456 3092 3509 in
3115 3454 3273 3510 vobis
3302 3452 3428 3508 uni-

1847 3571 2062 3612 versam
2097 3558 2431 3625 percurrens
2474 3561 2697 3616 terram,
2747 3563 3076 3618 omnemque
3115 3546 3428 3604 mortalium

1849 3655 2087 3701 mentem
2115 3646 2376 3708 lustrans,
2410 3644 2478 3698 ad
2515 3643 2766 3698 veritatis
2791 3629 3054 3697 notitiam.
3081 3650 3266 3695 vestro
3313 3653 3436 3693 mu-

1848 3753 1980 3793 nere
2015 3747 2178 3809 atque
2208 3751 2375 3807 opera
2401 3735 2574 3791 ducit.
2791 3719 2794 3722 ”

1924 3916 2029 3971 Vos
2055 3929 2266 3981 revera,
2297 3912 2676 3971 sacratissimo
2693 3911 2956 3968 Zacharia
2984 3920 3210 3966 auctore
3230 3910 3297 3977 ",
3320 3910 3431 3963 duo

1851 4009 2120 4079 olivarum
2175 4006 2353 4072 rami,
2399 4021 2431 4061 a
2477 4005 2686 4064 dextris
2733 4013 2896 4074 atque
2946 4001 3215 4067 sinistris,
3263 4014 3432 4054 aureo

1855 4101 2188 4159 candelabro
2221 4097 2501 4162 (Ecclesia:
2541 4094 2775 4164 scilicet)
2807 4095 2972 4165 eique
3009 4093 3277 4163 impositae
3301 4092 3437 4146 lam-

1855 4197 1979 4269 padi
2010 4196 2229 4266 (nempe
2248 4191 2488 4258 Christo)
2513 4190 2708 4261 positi;
2735 4189 2866 4253 duo,
2899 4196 2963 4243 ut
2992 4189 3134 4243 idem
3167 4185 3433 4255 loquitur,

1859 4290 1954 4344 lilii
2032 4285 2419 4360 pinguedinis,
2477 4284 2794 4340 assistentes
2863 4281 3096 4336 Domino
3164 4278 3438 4334 universa:

1775 4392 1831 4453 D
1857 4397 2035 4442 terrae.

1935 4474 2042 4531 Vos
2079 4486 2300 4543 quoque
2327 4469 2448 4525 duze
2484 4466 2684 4536 virgas,
2735 4479 2872 4534 quas
2928 4448 3035 4517 sibi
3080 4459 3437 4517 assumendas

1861 4567 2005 4639 apud
2037 4563 2294 4621 eumdem
2323 4559 2586 4617 Dominus
2611 4555 2764 4615 dicit.
2798 4554 3174 4626 praaiigurant;
3207 4568 3437 4624 quarum

1861 4665 2088 4718 alteram
2123 4658 2380 4714 decorem
2414 4652 2485 4707 ob
2514 4650 2684 4705 animi
2733 4664 3002 4704 summam
3055 4655 3436 4713 venustatem;

1865 4757 2094 4810 alteram
2132 4766 2264 4806 vero
2293 4744 2617 4808 funiculum,
2649 4743 2799 4797 velut
2842 4741 3120 4811 propriam
3155 4751 3444 4809 nuncupa-

1863 4848 1942 4901 vit
1990 4853 2200 4916 partem
2224 4843 2307 4894 ωε
2354 4839 2410 4893 in
2459 4837 2666 4909 quibus
2710 4835 2827 4891 fore
2875 4834 3166 4904 pollicetur
3205 4844 3268 4888 ut
3313 4846 3445 4905 oves

1862 4941 2068 5012 pascat,
2100 4952 2165 4992 ac
2190 4934 2389 5000 fmdus,
2422 4931 2569 5003 quod
2599 4944 2722 5021 cum
2753 4928 2968 4999 populis
2992 4922 3295 4998 pepigerat,
3328 4927 3440 4979 dis-

1861 5035 2030 5105 sipet;
2085 5031 2218 5085 dum
2259 5026 2525 5082 nimirum
2584 5020 2757 5094 legem
2817 5021 3032 5086 litterae,
3073 5037 3171 5091 per
3206 5020 3442 5089 spiritus

1861 5124 2033 5196 legem
2085 5123 2331 5191 abrogat.
2385 5117 2540 5185 Quod
2591 5131 2826 5184 namque
2885 5117 3020 5185 legis
3073 5115 3221 5168 cultu
3276 5123 3440 5179 atque

1866 5213 2056 5286 figuris
2100 5212 2312 5283 Moyses
2350 5219 2406 5265 et
2439 5211 2620 5264 Aaron
2670 5205 2972 5276 (paedagOgi
3027 5205 3232 5259 scilicet
3278 5211 3440 5268 atque
3477 5262 3482 5266 _

1868 5310 2126 5365 ductores
2177 5304 2620 5377 imperfectorum
2680 5300 2749 5354 ad
2798 5299 3099 5366 Christum)
3164 5296 3264 5347 huc
3310 5309 3444 5347 sane

1871 5403 2068 5459 Petrus
2121 5410 2178 5455 et
2227 5399 2425 5464 Paulus
2477 5395 2673 5466 spiritu
2727 5393 3081 5451 exsuterunt;
3148 5387 3444 5456 gratiaeque

223 5656 232 5666 ε
261 5575 302 5617 ³³
323 5587 613 5666 1099;",
654 5587 778 5666 ΗΣ-
817 5587 1070 5666 "Matth:
1122 5588 1648 5666 xv1,_§4;_l__.uc._u_t_,
1673 5588 1733 5666 ‘5;

1855 5587 1956 5666 ttl_i.
2008 5601 2080 5648 χι,
2112 5584 2214 5650 9.8;
2249 5597 2401 5650 xvm,
2433 5581 2517 5636 12.
2599 5581 2642 5613 ⁸⁸
2667 5579 2823 5635 Joan.
2865 5591 2993 5638 xvu,
3027 5573 3114 5628 19.
3194 5573 3282 5629 σει
3314 5572 3443 5630 Cor.

225 5659 288 5721 in,
323 5660 386 5727 2;
426 5659 592 5718 llebr.
626 5677 680 5725 v,
719 5659 801 5715 1‘2.
873 5661 917 5692 “
943 5660 1104 5733 Zach.
1144 5677 1215 5727 Iv,
1253 5661 1336 5728 l3,
1372 5661 1454 5714 Μ.
1532 5661 1574 5693 ⁸³
1607 5659 1770 5714 Zach.
1805 5674 1875 5723 χι,
1907 5659 1958 5710 7.
