3950 6320
543 167 607 235 51
1739 175 2032 237 ΝῙΕΕΤᾸΞ
2069 176 2109 235 Ρ

2221 175 2597 237 HLAGONIS
2930 224 2938 234 .
3707 166 3790 237 52

538 283 897 356 Evangelium
941 283 1327 356 defungentes,
1356 285 1494 356 legis
1529 285 1753 339 umbras
1779 301 1842 340 ac
1879 282 2109 356 ﬁguralia

2225 300 2319 336 και
2368 279 2577 346 Παῦλος
2633 282 2892 351 γεγόνασι
2939 282 3018 355 τῷ
3080 282 3372 354 πνεύματι·
3431 298 3525 339 και
3567 283 3631 338 τὸ
3693 287 3800 355 τῆς

541 376 798 432 mandata
836 377 894 433 in
929 379 1023 434 illo
1059 378 1330 449 dissipant
1356 387 1521 448 atque
1556 387 1833 432 evertunt.

612 638 936 701 Enimvero,
980 640 1109 709 quid
1143 641 1256 695 haec
1277 641 1343 695 ad
1365 639 1584 694 laudem
1612 639 1878 696 claritatis
1905 640 2116 711 magni-

540 731 773 787 ﬁcentiae
817 743 1015 788 vestrae
1056 734 1385 788 videantur?
1427 730 1627 789 Certus
1656 735 1802 788 enim
1834 750 1974 799 sum,
2016 747 2113 788 ve-

537 831 704 876 stram
733 821 879 876 illam
902 823 1225 888 claritatem,
1247 821 1448 876 nedum
1465 822 1852 878 historicorum
1870 823 2115 878 omnium

537 914 927 970 dexteritatem
974 925 1367 986 oratorumque
1415 917 1524 970 vim
1571 917 1790 972 dicendi
1831 916 2110 981 excedere,

544 1023 736 1062 verum
795 1009 957 1062 etiam
1012 1023 1254 1072 summos
1295 1007 1437 1078 apud
1478 1025 1579 1064 nos
1631 1010 1927 1080 theologos,
1979 1009 2114 1063 nihil

541 1109 721 1154 vestra
763 1101 985 1170 dignum
1017 1099 1176 1154 laude
1213 1116 1371 1169 posse
1399 1102 1617 1156 efferre.
1649 1101 2113 1168 Quemadmodum

536 1192 684 1248 enim
743 1193 927 1248 nullus
982 1209 1163 1247 sermo
1206 1202 1310 1260 est,
1356 1195 1450 1264 qui
1490 1197 1818 1249 eminentem
1860 1195 2113 1250 omnibus

537 1287 877 1357 majestatem
911 1287 1109 1340 merito
1153 1286 1428 1355 explicare
1469 1286 1702 1342 suﬁiciat
1729 1280 1936 1354 (divina
1963 1285 2112 1340 enim

540 1381 734 1450 gloria,
757 1381 959 1435 nedum
981 1395 1315 1446 sermonem,
1343 1397 1528 1435 verum
1555 1389 1610 1434 et
1631 1389 1906 1446 mentem;
1933 1393 2113 1450 neque

540 1475 833 1531 humanam
881 1475 1078 1538 solum,
1128 1475 1222 1528 sed
1256 1481 1311 1529 et
1345 1473 1716 1543 Seraphicam,
1749 1473 1906 1542 longe
1948 1487 2113 1542 supe-

539 1571 671 1633 rat),
720 1569 802 1623 sic
847 1581 1064 1638 quoque
1091 1569 1205 1638 ipsa
1238 1584 1450 1632 eorum,
1483 1567 1577 1637 qui
1626 1565 1770 1635 apud
1815 1565 1960 1619 illam
1983 1580 2111 1621 vere

2219 374 2442 444 χάριτος
2476 375 2810 443 Εὑαγγέλιον
2841 371 3252 446 ἱερουργοῦντες
3275 417 3290 439 ,
3343 377 3412 432 τά
3447 375 3654 446 σκιώδη
3693 373 3797 430 τοῦ

2219 468 2389 537 νόμου
2421 469 2512 519 καὶ
2542 468 2758 521 τυπικὰ
2793 469 3236 545 παραγγέλματα
3263 470 3710 538 διασκεδάζουσιν
3731 470 3800 528 ἐν

2225 559 2376 630 αὐτῷ
2417 560 2511 613 καὶ
2546 578 2689 615 κατα
2696 560 2941 631 ργοῦσιν.

2298 651 2461 707 Ἀλλά
2505 653 2558 706 τί
2603 653 2780 708 ταῦτα
2824 657 2958 724 πρὸς
3009 655 3234 709 ἔπαινον
3286 654 3446 726 δόξης
3488 655 3589 724 τῆς
3637 653 3798 726 ὑμῶν

2215 747 2330 798 ἐστι
2368 746 2818 818 μεγαλωσύνηςςΔ
2850 742 3118 817 Πείθομαι
3163 747 3294 818 γὰρ,
3331 747 3393 800 οὐ
3438 747 3600 815 μόνον
3633 744 3795 813 λογο-

2215 839 2442 910 γράφων
2461 857 2522 892 τε
2549 840 2730 910 πάσης
2760 839 3040 911 περινοίας
3075 841 3171 892 καὶ
3202 840 3450 911 ρητόρων
3479 838 3791 908 δυνάμεως,

2215 931 2314 1000 τὴν
2339 929 2613 1001 ὑμετέραν
2648 926 2960 1001 ὑπερῆρθαι
2997 928 3179 996 δόξαν,
3209 929 3346 985 ἀλλὰ
3381 929 3477 984 καὶ⁸
3502 928 3629 992 τοὺς
3655 928 3794 999 παρ’

2215 1024 2346 1093 ἡμῖν
2379 1022 2715 1094 ἁκροτάτους
2747 1022 3051 1089 θεολόγους,
3081 1021 3248 1091 μηδὲν
3282 1021 3460 1075 είπεϊν
3501 1016 3667 1085 ἄξιον
3690 1018 3790 1072 δύ-

2214 1116 2411 1170 νασθαι
2441 1115 2543 1185 τῆς
2591 1113 2868 1185 ὑμετέρας
2914 1113 3272 1184 τελειότητος.
3307 1112 3521 1182 Ὥσπερ
3547 1113 3659 1182 γὰρ
3685 1113 3791 1164 οὐκ

2214 1209 2330 1263 ἔστι
2385 1209 2545 1277 λόγος
2586 1207 2809 1272 ὲπάξιος
2837 1208 2947 1277 τῆς·
2989 1200 3792 1279 ὑπερεχούσηςιὲκφαντορικδς

2210 1299 2370 1371 δόξης
2390 1315 2404 1330 ’
2448 1297 2543 1375 καὶ
2574 1297 2683 1369 γὰρ
2711 1297 2773 1351 οὐ
2805 1296 2966 1365 λόγου
3004 1297 3186 1368 μόνον,
3221 1296 3356 1350 ἀλλὰ
3385 1296 3478 1348 καὶ
3509 1294 3751 1356 διανοίας
3770 1311 3784 1324 ·

2211 1392 2312 1445 οὐκ
2371 1389 2964 1460 άνθρωπικῆςμόνον,
3020 1389 3158 1443 ἀλλὰ
3224 1389 3320 1443 καὶ
3376 1386 3709 1458 Σιραφικῆς,
3752 1388 3787 1456 ἡ

2213 1482 2333 1536 θεία
2385 1481 2740 1553 μεγαλειότης
2788 1481 3140 1552 ὑπερίδρυται
3173 1497 3190 1512 ο
3225 1481 3366 1548 οὕτω
3400 1479 3491 1532 καὶ
3515 1478 3622 1532 τῶν
3652 1479 3788 1548 παρ’

2213 1577 2353 1646 αὐτῇ
2400 1575 2643 1645 γνησίως
2683 1573 3006 1645 ἱδρυμένων,
3051 1575 3146 1632 καὶ
3182 1572 3283 1642 τῆς
3327 1572 3589 1628 ἀνωτάτω
3617 1571 3788 1642 τιμῆς

540 1657 686 1712 ﬁrmi
722 1667 1005 1732 steterunt.
1033 1673 1460 1727 supremumque
1491 1657 1637 1711 nacti
1658 1649 1929 1710 honorem
1960 1664 2106 1722 sunt,

2221 1669 2644 1740 εὐμοιρηκότων,
2670 1657 3053 1738 άνέκφραστός
3075 1666 3134 1719 τέ
3157 1667 3273 1719 ἐστι
3290 1651 3397 1719 ’καὶ
3426 1665 3786 1734 άπερινόητος

538 1759 689 1804 tanta
719 1747 934 1803 claritas
991 1759 1095 1812 est,
1127 1756 1185 1800 ut
1213 1762 1315 1801 nec
1344 1747 1527 1801 verbis
1555 1745 1808 1815 exprimi,
1844 1763 1948 1801 nec
1976 1747 2107 1803 satis

537 1850 720 1897 mente
763 1841 974 1911 concipi
1019 1841 1227 1911 possit:
1276 1849 1440 1910 atque
1495 1840 1546 1894 id
1597 1840 1848 1910 amplius,
1901 1857 2011 1911 quo
2053 1851 2108 1896 et

534 1935 709 2008 magis
739 1949 963 1991 accessu
1009 1934 1075 1988 ad
1111 1921 1714 2004 supersubstantialem,
1754 1934 2023 2005 quidquid
2051 1935 2107 1990 in

536 2029 736 2087 creatis
772 2036 875 2094 est,
908 2027 1146 2084 excedit.
1423 2069 1425 2072 ι
1900 2098 1905 2102 ι

610 2120 1063 2194 Quandoquidem
1096 2124 1263 2194 igitur
1313 2133 1533 2179 terrena
1577 2123 1756 2179 omnis
1797 2123 1982 2194 lingua
2017 2139 2110 2179 ve-

539 2215 669 2272 Stris
692 2216 866 2283 impar
893 2215 1147 2269 laudibus
1169 2224 1272 2279 est,
1298 2215 1393 2269 ubi
1417 2215 1597 2269 adhuc
1633 2229 1805 2283 pauca
1843 2213 2112 2285 adjeceri-

539 2322 680 2369 mus,
716 2307 1022 2375 spirituque
1066 2306 1366 2374 spiritalius
1393 2306 1832 2370 salutaverimus,
1861 2303 2110 2376 magniﬁ-

536 2400 772 2456 centiam
817 2398 1001 2469 gloria:
1028 2400 1335 2453 sanctitatis
1365 2409 1554 2454 vestrae
1592 2400 1810 2453 silentio
1835 2398 2107 2453 dabimus.

539 2492 774 2555 Salvete,
805 2499 1024 2554 natura,
1045 2481 1103 2544 id
1134 2501 1218 2545 est
1242 2491 1443 2545 deitate
1473 2492 1775 2561 conjunctae
1805 2485 2106 2554 Trinitatis,

540 2598 704 2651 quam
776 2580 1170 2641 annuntiastis.
1224 2597 1286 2636 ac
1337 2583 1493 2652 cujus
1541 2582 1791 2636 notitiam
1848 2589 2110 2635 creatura:

537 2673 689 2728 omni
730 2672 1012 2738 intulistis,
1049 2674 1404 2728 sacratissimi
1455 2689 1732 2744 praecones
1774 2682 1831 2729 et
1876 2673 2107 2744 apostoli

535 2772 593 2820 et
619 2773 805 2819 testes.

614 2857 859 2923 Salvete,
892 2857 1019 2927 equi
1050 2856 1259 2911 ratione
1289 2865 1582 2926 menteque
1610 2853 1845 2926 praediti,
1878 2853 2113 2936 singula—

538 2955 672 3010 riter
693 2955 914 3023 Deoque
935 2943 1122 3023 judice
1154 2953 1279 3008 lecti
1303 2967 1367 3006 ac
1396 2951 1594 3006 delecti
1621 2969 1634 3004 :
1664 2965 1772 3005 non
1806 2959 1864 3006 ut
1890 2950 2111 3020 quidam

2213 1760 2408 1833 ήδόξα
2433 1777 2447 1791 ·
2491 1761 2586 1814 καὶ
2637 1759 2874 1830 τοσούτῳ
2923 1760 3108 1822 πλέον,
3157 1758 3268 1843 δσῳ
3315 1757 3411 1811 καὶ
3463 1757 3665 1828 μᾶλλον
3713 1759 3784 1827 τῇ

2213 1853 2347 1924 πρὸς
2382 1853 2473 1907 τὸν
2521 1851 3146 1923 ὑπερούσιον“ὲγγύτητι
3196 1851 3296 1922 τὴν
3323 1850 3454 1921 ὅλην
3502 1850 3784 1921 ὑπερανα-

2214 1945 2386 2000 6αίνει
2415 1945 2616 2000 κτίσιν.

2285 2119 2614 2188 Τοιγαροῦν,
2671 2118 2860 2190 ἐπειδὴ
2913 2118 3063 2172 πᾶσα
3121 2116 3358 2190 γηγενὴς
3410 2117 3629 2187 γλῶσσα
3679 2115 3786 2187 τῆς

2215 2213 2334 2264 κατ’
2387 2211 2543 2276 ἀξίαν
2584 2210 2879 2279 ,αίνέσεωςὶ
2902 2209 3157 2280 ὑφεῖται,
3224 2208 3400 2280 μικρὰ
3461 2206 3644 2280 λοιπὸν
3699 2206 3785 2262 ἔτι

2216 2304 2625 2372 προσειπόντες,
2661 2301 2755 2354 καὶ
2797 2299 2876 2371 τῷ
2908 2298 3180 2370 πνεύματι
3212 2279 3616 2370 μυστικώτερον
3644 2303 3783 2351 κατ’·

2217 2399 2620 2468 ασπασάμενοι,
2668 2399 2790 2467 σιγῇ
2831 2396 2927 2467 τὴν
2959 2393 3433 2466 μεγαλοπρέπειαν
3486 2391 3785 2462 τῆςμδόξης

2215 2493 2314 2561 τῆς
2375 2492 2645 2561 ὑμετέρας
2697 2490 2925 2560 θείημεν
2983 2487 3314 2556 ἁγιωσύνης.
3369 2485 3625 2556 Χαίρετε,
3674 2485 3782 2555 τῆς

2215 2582 2495 2652 τριαδικῆς
2526 2582 2801 2650 συμφυΐας
2839 2579 2871 2650 ἢ
2908 2579 3176 2642 σωθεῖας,
3207 2580 3304 2648 τῆς
3337 2579 3404 2632 δι’
3450 2576 3606 2647 ὑμῶν
3640 2593 3780 2630 κατ·-

2217 2673 2568 2740 αγγελείσης,
2591 2673 2683 2725 καί
2708 2671 2851 2742 πάσῃ
2886 2673 2950 2742 τῇ
2982 2671 3155 2722 κτίσει
3173 2669 3531 2740 γνωσθείσης,
3551 2665 3784 2739 ἱερώτα-

2215 2781 2299 2816 τοι
2325 2764 2566 2833 κήρυκες
2599 2763 2694 2816 καὶ
2722 2763 3005 2815 ἀπόστολοι
3033 2762 3127 2814 καὶ
3163 2762 3458 2831 μάρτυρες.

2288 2856 2543 2927 Χαίρετε,
2579 2855 2738 2908 ἵπποι
2766 2855 2975 2922 λογικοὶ
3021 2855 3114 2908 καί¹
3144 2855 3339 2925 νοεροὶ,
3383 2853 3654 2907 ἐπίλεκτοι
3686 2853 3783 2908 καὶ

2223 2948 2512 3011 θεόλεκτοι,
2562 2949 2661 3018 οὐχ
2708 2946 2781 3011 ὦς
2828 2964 2971 3009 τινες
3021 2946 3289 3013 λέγονται,
3319 2946 3418 3015 τὴν
3472 2947 3637 3018 χρόαν
3681 2945 3780 2998 τοῦ

532 3055 834 3112 vocantur,
886 3045 1137 3115 corporis
1191 3045 1376 3098 colore
1427 3044 1553 3098 nive
1599 3043 1960 3104 candidiores.
2016 3042 2109 3096 sed

2221 3039 2466 3109 σώματος
2494 3014 2803 3111 λευκότεροι
2825 3040 3000 3108 χιόνος
3019 3057 3031 3072 ·
3063 3038 3177 3091 ἀλλ’
3210 3039 3350 3110 ὑπὲρ
3375 3014 3548 3109 χιόνα,
3586 3042 3650 3109 τῇ
3679 3040 3782 3107 τῆς

534 3153 703 3209 supra
728 3138 914 3206 nivem
942 3137 1112 3191 animi
1145 3137 1382 3206 puritate
1416 3136 1654 3190 nitentes
1676 3136 1758 3188 “z
1806 3151 1907 3190 nec
1947 3151 2113 3189 cursu

533 3235 714 3290 ventis
745 3249 927 3304 pares,
960 3232 1056 3289 sed
1100 3232 1300 3287 mentis
1348 3230 1634 3285 velocitate
1678 3237 1842 3299 atque
1887 3227 2112 3281 numine

445 3360 451 3368 ι
536 3335 826 3381 ventorum
886 3321 1127 3377 volatum
1180 3330 1503 3391 superantes
1546 3338 1559 3372 :
1617 3334 1718 3373 nec
1765 3327 2031 3388 quantum
2080 3330 2111 3370 e

533 3416 754 3487 specula
800 3414 1022 3484 dispicit
1065 3413 1277 3476 oculus,
1315 3393 1528 3466 tantum
1561 3417 1786 3480 repente
1815 3407 2110 3464 subsilien-

535 3524 650 3574 tes,
709 3510 792 3565 uti
845 3519 1004 3578 poeta
1062 3507 1335 3576 loquitur,
1404 3504 1499 3560 sed
1552 3512 1816 3575 quantum
1873 3503 1954 3575 sol
2009 3503 2112 3556 iste

535 3619 730 3672 magna
768 3601 892 3655 luce
948 3598 1355 3669 complectitur,
1402 3606 1712 3657 creaturam,
1756 3611 1972 3658 omnem
2007 3594 2113 3649 ful-

533 3695 688 3765 guris
737 3693 907 3748 instar
940 3708 1191 3747 sermone
1256 3698 1655 3760 percurrentes.
1715 3685 1925 3753 Quibus
1970 3687 2114 3742 Deus

533 3787 773 3841 Verbum
797 3784 1132 3846 conscensis,
1170 3792 1230 3837 ut
1255 3781 1499 3851 loquitur
1537 3780 1759 3834 divinus
1785 3779 2109 3843 Ambacum,

537 3877 776 3948 atquein
803 3876 1049 3947 spiritale
1076 3876 1185 3930 hoc
1213 3889 1361 3928 mare
1388 3873 1660 3938 deductis,
1685 3872 1741 3926 in
1765 3873 1922 3927 vobis
1947 3888 2115 3941 aquas

535 3969 736 4024 multas
761 3969 1025 4041 (gentium
1074 3968 1281 4025 scilicet
1330 3967 1564 4037 mentes)
1616 3965 1858 4022 turbavit
1879 3967 1943 4019 ⁸⁵.
1987 3966 2116 4036 Ejus

533 4078 668 4118 vero
709 4062 1052 4133 'equitatus,
1117 4077 1321 4118 eorum
1387 4061 1484 4130 qui
1553 4059 1907 4114 turbarentur
1967 4060 2115 4114 salus

535 4155 762 4212 exstitit.
826 4163 831 4174 '
1495 4150 1500 4157 ’
1798 4191 1841 4204 η.
1900 4146 1904 4149 ”

607 4246 853 4315 Salvete,
898 4248 1107 4319 lapides
1152 4249 1414 4319 pretiosi,
1471 4261 1592 4321 post
1634 4251 1785 4305 illum
1839 4263 2112 4303 summum

2213 3133 2392 3203 ψυχῆς
2421 3132 2818 3202 διαλάμποντες
2861 3130 3229 3200 καθαρότητι·
3262 3130 3380 3183 οὐδὲ
3428 3129 3518 3183 τὸν
3575 3130 3781 3201 δρόμον

2215 3227 2438 3297 ἀνέμοις
2465 3294 2470 3298 _
2501 3223 2910 3299 παραπλήσιοι·
2963 3225 3078 3278 ἀλλ’
3131 3223 3272 3294 ὑπὲρ
3322 3223 3535 3294 ἀνέμων
3579 3222 3780 3292 πτῆσιν

2212 3318 2456 3388 ὀξύτεροι
2489 3320 2555 3388 τῇ
2587 3316 2679 3370 τοῦ
2704 3317 2796 3371 νοῦ
2830 3304 3216 3388 ἕαχύτητιικαὶ
3257 3317 3500 3387 θεότητι’
3531 3315 3635 3370 οὐδ’
3656 3318 3782 3389 ᾆσον

2212 3411 2486 3478 ὀφθαλμὸς
2540 3410 2648 3465 ἀπὸ
2691 3410 2925 3472 σκοπιᾶς
2953 3411 3074 3480 ὁρᾷ,
3123 3409 3376 3474 τοσοῦτον
3405 3408 3616 3484 ἀθρόως
3653 3410 3779 3462 ὲπι-

2216 3505 2580 3572 θρώσκοντες,
2634 3503 2774 3556 κατὰ
2818 3503 2918 3571 τὴν
2969 3504 3189 3573 ποίησιν
3213 3519 3226 3532 ·
3257 3502 3370 3555 ἀλλ’
3425 3502 3547 3555 ὅσον
3575 3503 3602 3554 ό
3629 3502 3780 3572 ἦλιος

2213 3590 2367 3659 οὗτος
2388 3595 2466 3665 τῷ
2501 3595 2721 3666 μεγάλῳ
2751 3597 2891 3663 φωτὶ
2937 3595 3353 3666 περιλαμϐάνει,
3388 3597 3563 3651 κτίσιν
3598 3599 3780 3650 πᾶσαν

2215 3687 2501 3758 ἀστραπῆς
2531 3685 2730 3756 τρόπον
2772 3684 2848 3755 τῷ
2884 3684 3024 3755 λόγῳ
3073 3683 3474 3754 διατρέχοντες·
3513 3682 3598 3753 ἐφ’
3640 3677 3719 3745 οἷς
3749 3686 3782 3736 ὁ

2214 3779 2344 3841 Θεὸς
2378 3767 2741 3852 ᾼόγοςξκατὰ
2768 3778 2860 3831 τὸν
2896 3776 3037 3830 θεῖον
3079 3775 3274 3839 ἐπιϐὰς
3313 3775 3651 3845 Ἀμὸαιιοὺμ,
3684 3776 3779 3828 καὶ

2214 3874 2293 3933 εἰς
2318 3870 2416 3940 τὴν
2444 3855 2642 3939 νοητὴν
2663 3868 2866 3939 ταύτην
2894 3869 3168 3922 Θάλασσαν
3194 3866 3540 3931 ὲπιΰιὸάσας,
3563 3869 3619 3922 ὲν
3647 3868 3779 3938 ὑμῖν

2216 3962 2386 4017 ὕδατα
2421 3963 2610 4026 πολλὰ,
2639 3962 2738 4024 τὰς
2764 3963 2870 4016 τῶν
2893 3961 3060 4014 ὲθνῶν
3093 3961 3333 4025 διανοίας
3363 3961 3672 4032 διετάραξεν
3701 3977 3714 3991 ·
3741 3963 3776 4032 ἡ

2216 4055 2453 4132 ίππασία
2511 4055 2570 4109 δὲ
2624 4054 2812 4107 τούτου
2889 4054 3134 4125 σωτηρία
3187 4051 3295 4106 τῶν
3361 4053 3779 4125 ταραττομένων

2213 4150 2466 4220 ἐγενήθη.
2964 4176 2968 4181 -
3532 4189 3534 4192 -

2284 4245 2542 4314 Χαίρετε,
2578 4243 2733 4310 λίθοιξ
2756 4242 2951 4311 τίμιοι,
3002 4241 3048 4294 οἱ
3085 4240 3222 4310 μετὰ
3243 4241 3334 4296 τὸν
3361 4241 3776 4310 ἀκρογωνιαῖον,

536 4338 848 4408 angularem
903 4340 960 4394 in
1015 4341 1278 4409 spiritalis
1336 4343 1465 4397 Sion
1523 4343 1875 4397 fundamenta
1934 4339 2107 4394 missi.

2221 4338 2291 4401 είς
2308 4338 2378 4392 τὰ
2398 4337 2496 4407 τῆς
2528 4335 2732 4407 νοητῆς
2757 4333 3062 4411 τεθειμένοι
3079 4333 3313 4406 ’θεμέλια
3337 4333 3495 4392 Σιών,
3519 4332 3774 4402 Χαίρετε,

536 4431 775 4497 Salvete,
799 4433 1140 4488 venerabiles
1167 4435 1262 4489 Dei
1290 4435 1457 4500 servi,
1482 4435 1687 4491 Christi
1709 4434 1898 4490 ﬁdeles
1927 4433 2110 4502 amici,

535 4523 753 4579 Domini
808 4522 1044 4592 Spiritus
1101 4526 1240 4579 sacri
1302 4527 1488 4591 liberi,
1543 4529 1863 4598 angelorum
1917 4525 2109 4596 gloria,

2209 4430 2303 4484 τοῦ
2340 4429 2472 4482 Θεοῦ
2506 4429 2694 4482 σεπτοὶ
2723 4426 2918 4492 δοῦλοι,
2960 4427 3055 4479 τοῦ
3101 4426 3340 4497 Χριστοῦ
3385 4426 3567 4481 πιστοὶ
3608 4425 3776 4514 φίλοι,

2212 4524 2307 4577 τοῦ
2355 4522 2565 4590 Κυρίου
2605 4519 2921 4590 Πνεύματος
2955 4518 3078 4590 ιερά
3106 4518 3290 4584 τέκνα,
3333 4518 3444 4573 τῶν
3509 4516 3777 4585 ’Δγγέλων

534 4611 989 4682 archangelorum
1022 4613 1160 4675 laus,
1211 4615 1620 4684 Principatuum
1652 4617 1976 4677 sublimitas.
2010 4618 2109 4672 Po-

2221 4616 2355 4681 Ξόξα,
2385 4613 2493 4666 τῶν
2527 4611 2911 4682 Ἀρχαγγέλων
2958 4612 3200 4676 ἔπαινος,
3240 4610 3350 4665 τῶν
3386 4610 3594 4681 ’Δρχῶν
3624 4610 3772 4678 balitn-

503 4712 793 4758 .testatum
837 4703 1109 4775 gloriatio.
1159 4703 1437 4764 Virtutum
1483 4709 1817 4776 jucunditas,
1847 4709 2107 4763 Domina-

532 4795 744 4848 tionum
788 4794 1115 4858 exsultatio,
1149 4795 1492 4850 Throuorum
1549 4799 1756 4863 honor,
1811 4800 2107 4855 Cberubim

531 4879 846 4951 oblectatio,
884 4887 1168 4957 Seraphim
1200 4891 1555 4957 pulchritudo
1593 4904 1648 4948 et
1683 4894 1928 4951 decor“.

601 5061 842 5127 Salvete,
873 5064 1076 5120 diaboli
1118 5065 1509 5132 destructores,
1559 5070 1872 5127 hominibus
1915 5089 2105 5129 mune-

438 5165 441 5168 '
532 5169 656 5207 rum
711 5154 847 5224 largi
900 5155 1244 5224 praebitores,
1298 5161 1504 5214 erroris
1551 5162 1817 5226 vindices,
1862 5165 2107 5219 veritatis

535 5245 772 5313 patroni,
810 5245 1081 5300 idolorum
1108 5247 1429 5313 destructio,
1457 5251 1741 5307 Trinitatis
1765 5254 2099 5322 prmdieatio,

535 5334 814 5392 haereseon
860 5338 1107 5405 abolitio,
1149 5353 1492 5410 peccatorum
1537 5346 1884 5416 propitiatio;
1912 5362 2100 5402 eorum

537 5442 660 5494 qua:
716 5438 1032 5484 veterantur
1088 5435 1318 5499 eversio,
1372 5452 1560 5492 eorum
1612 5455 1732 5509 quae
1771 5439 2101 5494 innovantur

516 5521 858 5577 conversio:
887 5525 1080 5602 littera!
1113 5527 1415 5596 deStitutio,
1449 5535 1671 5600 spiritus
1698 5533 2060 5587 conﬁrmatio.

2209 4727 2305 4779 μα,
2337 4708 2444 4762 τῶν
2499 4705 2786 4771 Ἐξουσιῶν
2838 4706 3119 4776 καύχημα,
3149 4705 3257 4758 τῶν
3305 4704 3777 4774 Δυνάμεωνθυμ-

2210 4803 2370 4870 ηδία,
2441 4799 2549 4853 τῶν
2613 4800 2962 4872 Κυριοτήτων
3011 4799 3360 4867 ἀγαλλίαμα,
3406 4798 3516 4852 τῶν
3562 4798 3779 4868 Θρόνων
3856 4835 3864 4846 -

2209 4894 2367 4964 τιμὴ,
2395 4894 2502 4947 τῶν
2531 4893 2843 4965 Χερουϐεἳμ
2879 4891 3152 4962 τερπωλὴ,
3174 4890 3281 4943 τῶν
3308 4889 3591 4961 Σεραφεὶμ
3642 4889 3775 4944 καλ-

2182 4984 2362 5052 .λονή.

2281 5077 2537 5145 Χαίρετε,
2578 5077 2821 5128 διαϐόλου
2848 5076 3188 5146 καθαιρέται,
3213 5073 3516 5142 ἀνθρώπων
3547 5075 3773 5144 εὐεργέ-

2207 5185 2318 5228 ται,
2359 5169 2564 5235 πλάνης
2597 5165 2878 5226 ἀντίδικοι,
2918 5168 3175 5235 ἀληθείας
3210 5168 3518 5238 συνήγοροι,
3544 5168 3776 5221 εἰδώλων

2209 5262 2547 5327 καθαίρεσις,
2574 5259 2802 5326 Τριάδος
2823 5260 3145 5329 ἀνάρῤησις,
3169 5263 3431 5332 αἱρέσεων
3447 5262 3772 5333 ἀφανισμός,

2215 5346 2498 5418 ἁμαρτιῶν
2533 5346 2777 5414 ἱλασμὸς,
2809 5348 2917 5400 τῶν
2953 5350 3367 5421 παλαιουμένων
3405 5352 3771 5421 καταστροφὴ,

2207 5441 2317 5492 τῶν
2385 5438 2861 5508 ἁνακαινουμένιυν
2915 5443 3244 5513 ἐπιστροφὴ,
3308 5447 3403 5499 τοῦ
3451 5445 3772 5515 γράμματος

2210 5534 2494 5598 ἀθετηταὶ,
2529 5537 2622 5586 τοῦ
2655 5537 2964 5606 πνεύματος
2990 5539 3249 5610 κυρωταέ.

620 5637 666 5673 ⁵⁸
687 5639 888 5699 Thren.
923 5660 992 5712 tv,
1027 5647 1074 5702 7.
1152 5649 1194 5682 ⁸⁵
1224 5649 1423 5705 llabac.
1459 5666 1534 5714 ιιι,
1574 5649 1622 5702 8.
1704 5653 1865 5706 “lsa.
1900 5668 2079 5719 xxvut,

2257 5651 2300 5705 ll
2345 5652 2469 5708 Cor.
2505 5672 2583 5721 ιιι,
2625 5657 2702 5709 l7.
