3950 6320
209 159 278 223 ἔιῧ
1115 173 1398 236 ORATIO
1432 175 1526 239 IV.
1567 201 1638 214 --
1667 176 1748 238 ΙΝ
1774 179 1794 238 -ἶ

1898 178 2105 238 UDEM
2145 180 2217 240 S.
2255 177 2603 242 ANDRE/E.
3394 182 3466 248 56

283 275 553 350 Χαίρετε,
581 277 690 333 τῶν
729 280 1068 353 Ἐκιιλησιῶν
1100 285 1418 354 ἀνάστασις,
1444 288 1554 343 τῶν
1578 291 1780 362 κατερ-

1958 290 2197 356 Salvete,
2240 290 2610 346 Ecciesi-arum
2655 290 2936 354 excitatio,
2977 290 3241 347 elisorum
3268 292 3478 351 instau-

210 369 512 443 ρατμένων
535 373 978 446 ἀνάκτησις,τῶν
1002 377 1438 450 ἀπηλπισμένων
1466 382 1790 454 ἀνάκλησις,

206 463 326 519 τῶν
346 463 408 518 ιν
439 465 623 531 πόνοις
654 471 990 542 παρηγορία,
1018 471 1127 524 τῶν
1159 473 1218 526 ὲν
1258 473 1455 529 πάθεσι
1501 476 1788 550 θεραπεία,

207 556 324 610 τῶν
351 559 412 611 ἐν
441 557 628 614 πένθέι
659 562 1004 634 παραμυθία,
1036 564 1144 618 τῶν
1191 569 1601 640 χειμαζομένων
1630 571 1792 643 λιμὴν

202 650 490 722 ἀσφαλὴς,
520 653 630 707 τῶν
675 656 991 726 πενομένων
1038 658 1266 725 πλοῦτος
1317 663 1632 736 ἀνελλιπὴς,
1684 665 1792 718 τῶν

191 740 595 801 »πλουτούντων
665 747 948 818 ἀντίληψις
985 751 1252 824 ἀψευδὴς,
1309 755 1417 808 τῶν
1470 757 1792 826 ὀφειλόντων

202 834 508 909 ἐγγυηταὶ,
543 836 650 892 τῶν
680 839 1005 910 σωζομένων
1031 847 1419 917 προασπισταί.
1538 862 1546 870 ·

283 928 526 1001 Χαίρετε
557 933 651 988 καὶ
681 933 1038 1008 εὐφραίνεσθε
1068 977 1082 1002 ,
1134 940 1375 1009 οὐρανοὶ,
1409 942 1526 1014 ἅμα
1552 944 1629 1016 τῷ
1664 947 1791 1018 ὑμῖν

205 1016 303 1077 οἷα
328 1023 510 1097 θρόνῳ
536 1027 855 1100 θεοπρεπῶς
880 1031 1231 1108 ἐποχουμένῳ
1250 1050 1264 1064 ·
1295 1037 1514 1107 οὐρανοὶ
1545 1038 1676 1094 θεῖοι
1697 1016 1792 1097 ttat

203 1117 423 1187 νοητοὶ,
468 1119 563 1173 καὶ
592 1120 693 1190 τῆς
723 1123 782 1176 ὲν
810 1123 1419 1198 οὐρανοῖςκἘκκλησίας
1451 1134 1792 1200 μυστικώτα-

197 1223 302 1260 τον
345 1209 639 1279 στερέωμα
685 1232 696 1244 ·
750 1214 800 1266 ot
845 1212 945 1283 τὴν
999 1212 1139 1267 Θεοῦ
1187 1215 1343 1282 δόξαν
1385 1221 1791 1291 μαγαλοφώνως

200 1296 593 1371 διηγούμενοι,
656 1305 752 1356 καὶ
795 1304 894 1376 τὴν
945 1304 1053 1359 τῶν
1101 1307 1303 1379 χειρῶν
1351 1310 1514 1367 αὑτοῦ
1576 1314 1792 1385 ποίησιν

200 1390 461 1454 ἀιννάως
494 1393 920 1462 ἀναγγέλλοντες
947 1411 962 1428 ο
995 1389 1068 1451 ὧν
1112 1399 1140 1450 ὁ
1183 1399 1421 1470 φθόγγος
1471 1405 1552 1467 είς
1611 1407 1792 1461 πᾶσαν

202 1482 487 1556 λαμπρῶς
515 1485 802 1558 ἐξελήλυθε
854 1489 954 1561 τὴν
979 1493 1107 1562 γῆν,
1165 1494 1261 1548 καὶ
1305 1495 1416 1549 τῶν
1466 1498 1791 1573 ῥημάτωνή

195 1574 442 1648 δύναμις
469 1580 548 1642 εις
575 1578 645 1632 τὰ
669 1581 884 1652 πέρατα
902 1583 1159 1655 διέδραμε
1179 1585 1279 1654 τῆς
1311 1589 1657 1660 οίκουμένης.

282 1666 504 1739 Ὠσπερ
543 1664 635 1723 οὖν
674 1649 766 1740 ἀφ’
812 1672 986 1742 ὑμῶν,
1016 1649 1190 1746 ”ἢ’δι’
1231 1649 1386 1748 ἀτμῶν
1436 1649 1478 1750 ἡ.
1526 1649 1790 1755 θεατρχικὴ
1826 1649 1867 1705 Β

195 1759 380 1831 χάρις
421 1766 534 1827 τοῖς
571 1765 804 1835 πέρασιν
829 1765 1113 1838 ἐξήχηται,
1146 1770 1289 1824 οὕτω
1316 1773 1410 1827 καὶ
1442 1773 1614 1843 δεξιὸν
1641 1777 1793 1841 τέλος

201 1854 376 1922 ὑμεῖς
420 1856 486 1924 τῇ
533 1854 681 1926 δεξιᾷ
730 1858 1097 1913 καταῦάλλετε
1140 1861 1307 1934 ἀρχῇ,
1350 1863 1448 1916 καλ
1501 1865 1592 1919 τὸν
1652 1866 1793 1921 θεῖον

202 1943 384 2012 λόγον
413 1949 527 2010 τοῖς
568 1952 736 2003 πᾶσιν
767 1950 947 2006 ἔθνεσι
977 1953 1356 2024 κρατύνοντες,
1386 1959 1486 2029 τὴν
1522 1959 1673 2029 ίερὰν
1701 1962 1794 2015 πί-

204 2052 337 2088 στιν
375 2036 432 2090 ὲν
472 2039 649 2111 τούτῳ
681 2039 1024 2111 βεδαιὼσατε
1045 2057 1076 2077 -‘
1103 2046 1231 2111 τοὺς
1257 2047 1647 2121 πλανωμένους
1671 2053 1793 2108 ἐπι-

206 2127 516 2199 στρέψατε,
543 2133 668 2193 τοὺς
705 2134 1041 2204 ἀμφιϐόλους
1064 2123 1376 2210 στηρίξατε,
1408 2140 1534 2206 τοὺς
1562 2144 1793 2211 ἀναιδῶς

203 2221 550 2288 ἀθετοῦντας
578 2223 907 2295 διορθώσατε
941 2228 972 2300 ἢ
1007 2229 1254 2284 ὲκτίλατε
1275 2249 1290 2263 ο
1323 2233 1418 2286 καὶ
1445 2236 1571 2299 τοὺς
1600 2237 1698 2306 μὲν
1719 2239 1794 2309 τῷ

204 2313 473 2385 ὑμετέρῳ
499 2317 683 2371 κανόνι
718 2319 1089 2389 στοιχοῖωτας,
1120 2321 1389 2392 ἑδραίους,
1413 2327 1796 2396 ἀμετακλινεῖς

201 2408 339 2470 ταῖς
384 2406 556 2477 ἱεραῖς
606 2412 980 2482 συντηρήσατε
1023 2413 1408 2483 θεσμοθεσίαις
1429 2434 1441 2447 ·
1470 2419 1568 2482 τὰς
1588 2419 1715 2482 ὅλας
1741 2422 1797 2475 δὲ

201 2500 328 2552 τῶν
381 2500 585 2554 πιστῶν
617 2503 923 2575 ὁμηγύρεις
956 2508 1021 2577 τῇ
1052 2506 1346 2584 όλοκληρίᾳ.
1386 2511 1480 2565 τοῦ
1511 2510 1655 2566 θείου
1692 2515 1796 2566 σώε-

210 2609 396 2662 ματος
441 2593 498 2646 ἐν
528 2595 669 2666 ἀγίῳ
700 2596 978 2668 Πνεύματι
1032 2600 1365 2668 συνδέοντες,
1412 2606 1474 2660 τὸ
1522 2602 1796 2679 πλήρωμα

217 2688 327 2755 τῆς
361 2686 690 2759 Ἐκκλησίας
710 2690 829 2746 ὅλον
858 2691 937 2756 είς
966 2690 1063 2745 ἕνα
1093 2695 1278 2750 καινὸν
1322 2697 1626 2770 ἄνθρωπον,
1667 2697 1727 2756 οὗ
1761 2704 1795 2775 ἡ

208 2779 436 2853 κεφαλὴ
474 2781 747 2850 Χριστὸς,
801 2783 1167 2852 καταρτίσατε
1226 2790 1320 2842 καὶ
1363 2795 1791 2866 συναρμόσατε·

210 2871 463 2941 πόλεμον
486 2871 544 2925 δὲ
578 2874 674 2926 καὶ
693 2874 834 2928 ὅπλα
863 2879 1040 2930 πάντα
1067 2879 1383 2949 πρεσϐείαις
1410 2884 1438 2936 ὑ
1448 2877 1563 2955 μῶν
1584 2887 1796 2952 δεκταῖς

1896 384 2056 449 ratio,
2105 381 2520 453 desperatorum
2561 384 2867 449 revocatio,
2916 385 3287 440 laborantium
3335 387 3482 444 refe-

1893 480 2034 545 ctio,
2101 494 2373 550 aegrorum
2445 481 2693 542 curatio.
2762 481 3069 551 lugentium
3137 479 3482 548 consolatio,

1893 589 2086 628 eorum
2149 573 2244 643 qui
2295 582 2620 642 tempestate
2684 574 2960 642 jactantur
3030 580 3145 628 tuta
3208 573 3372 629 statio
3417 588 3484 628 ac

1895 675 2088 737 portus
2143 681 2448 748 pauperum
2503 651 2886 722 indeﬁcientes
2944 666 3188 735 divitiae,
3244 666 3481 732 divitum

1891 774 2024 815 vera
2071 756 2344 822 defensio,
2401 751 2716 820 debitorum
2775 773 3088 828 sponsores,
3137 776 3334 817 eorum
3379 760 3479 832 qui

1893 853 2125 910 salutem
2149 862 2342 925 parant
2362 853 2703 910 defensores.
3005 931 3009 935 ι

1965 948 2182 1010 Salvete
2213 959 2270 1005 et
2297 951 2584 1015 exsultate,
2609 952 2754 1018 caeli,
2778 968 2884 1007 una
2913 967 3036 1007 cum
3060 966 3146 1016 eo,
3179 953 3269 1022 qui
3294 953 3480 1011 divina

1893 1043 1949 1098 in
1979 1042 2137 1099 vobis
2163 1043 2569 1114 magnificentia
2595 1045 2750 1114 quasi
2776 1045 2830 1099 in
2864 1045 3068 1100 throno
3097 1045 3269 1100 sedet.
3297 1046 3481 1101 Dlvini

1893 1137 2019 1193 cmli
2066 1145 2123 1193 et
2163 1137 2480 1207 spiritales;
2519 1139 2751 1210 ejusque
2778 1137 3059 1204 Ecclesiae,
3096 1154 3218 1209 quae
3245 1140 3302 1193 iu
3324 1138 3482 1194 caelis

1892 1216 2015 1298 est,
2079 1231 2516 1287 sacratissimum
2581 1231 2981 1287 ﬁrmamentum
3010 1233 3108 1287 "z
3172 1232 3328 1297 caeli;
3381 1232 3480 1286 Dei

1894 1325 2128 1396 gloriam
2177 1325 2289 1380 alto
2341 1325 2494 1380 vocis
2536 1334 2856 1381 enarrantes
2900 1325 3211 1398 praeconio,
3251 1327 3481 1398 ejusque

1893 1433 2034 1489 opus
2068 1434 2330 1473 manuum
2363 1417 2568 1489 jugiter
2594 1418 2987 1498 annuntiantes
3011 1437 3028 1473 :
3053 1435 3288 1490 quorum
3312 1433 3485 1474 sonus

1894 1510 1948 1564 in
1980 1525 2199 1565 omnem
2243 1510 2388 1565 clare
2431 1509 2602 1565 exivit
2641 1519 2863 1576 terram,
2893 1526 2957 1567 ac
2989 1510 3285 1581 verborum
3316 1510 3402 1564 vis
3423 1510 3481 1563 in

1895 1601 2031 1656 ﬁnes
2061 1601 2215 1657 orbis
2229 1589 2510 1657 excurrit.
3244 1659 3257 1678 ,
3438 1667 3444 1677 ι

1963 1695 2441 1765 Quemadmodum
2487 1696 2655 1769 igitur
2679 1713 2709 1752 a
2736 1695 2916 1763 vobis,
2950 1703 3246 1766 vestraque
3291 1695 3481 1764 opera,

1893 1786 2078 1842 divina
2110 1788 2282 1859 gratia
2325 1787 2530 1842 ﬁnibus
2575 1786 2841 1855 insonuit,
2883 1787 2965 1843 sic
2997 1801 3218 1857 quoque
3241 1785 3482 1841 faustum

1893 1879 2072 1937 fausto
2106 1881 2266 1936 initio
2308 1879 2472 1936 tinem
2523 1881 2810 1948 adhibete,
2864 1881 3228 1951 divinumque
3267 1894 3483 1934 sermo-

1895 1991 2020 2030 nem
2067 1976 2281 2032 cunctis
2322 1975 2643 2031 nationibus
2695 1975 3012 2040 ﬁrmantes,
3064 1990 3278 2030 sacram
3318 1974 3373 2028 in
3414 1988 3482 2029 eo

1897 2068 2058 2127 fidem
2081 2069 2422 2124 conﬁrmate.
2451 2069 2715 2126 Errantes
2738 2068 3065 2132 convertite,
3087 2068 3287 2123 dubios
3308 2067 3478 2122 animi

1896 2161 2158 2227 solidat'e,
2220 2161 2576 2232 impudenter
2641 2165 2964 2231 spernentes
2997 2160 3321 2218 .emendate
3383 2168 3481 2215 aut

1896 2255 2172 2310 evellitc:
2232 2268 2297 2309 ac
2354 2269 2450 2310 eos
2507 2243 2729 2325 quidem
2784 2252 2879 2324 qui
2937 2261 3177 2310 vestram
3235 2251 3478 2323 regulam

1898 2355 2238 2416 sequuntur,
2303 2345 2493 2401 ﬁrmos
2549 2343 2962 2400 indeclinabiles
3015 2345 3216 2401 vestris
3265 2343 3483 2422 legibus

1898 2447 2258 2493 conservata:
2292 2437 2690 2508 universasque
2725 2436 2966 2493 ﬁdelium
3005 2430 3281 2499 collectas.
3307 2437 3480 2493 divini

1899 2527 2138 2599 Spiritus
2183 2529 2496 2600 integritate
2540 2529 2594 2582 in
2636 2535 2827 2583 sancto
2876 2527 3084 2598 Spiritu
3133 2530 3336 2584 arctius
3366 2530 3481 2586 col:-

1897 2614 2166 2692 ligantes,’
2202 2619 2463 2676 Ecclesiae
2515 2627 2720 2674 coetum
2773 2634 2991 2674 omnem
3045 2618 3104 2674 in
3157 2635 3330 2674 unum
3378 2636 3480 2676 no—

1895 2726 2024 2766 vum
2070 2709 2369 2770 hominem.
2412 2711 2568 2782 cujus
2603 2720 2770 2780 caput
2815 2709 3090 2774 Christus,
3131 2710 3380 2780 perﬁcite
3412 2725 3483 2766 ac

1895 2813 2293 2875 coagmenta-te.
2323 2803 2531 2859 Bellum
2560 2812 2743 2858 autem
2769 2815 3028 2873 armaque
3050 2804 3259 2870 omnia,
3282 2804 3476 2859 vestris

1897 2895 2011 2951 Deo
2041 2896 2278 2967 acceptis
2325 2895 2816 2951 intercessionibus
2843 2911 2873 2951 e
2897 2897 3176 2951 contrario
3199 2896 3474 2961 tollentes,

207 2964 631 3032 ἀντανιλόντες,
667 2968 759 3020 καὶ
790 2970 1075 3039 τροπαίοις
1104 2973 1260 3045 νίκης
1301 2974 1508 3042 ἐνθέοις
1535 2979 1624 3032 τὸν
1653 2981 1789 3051 ἀλη-

1898 2964 2206 3057 divinisque
2237 2987 2480 3042 victoria:
2534 2987 2754 3059 iropzeis
2803 2986 2958 3059 pium
2997 3003 3128 3043 vere
3177 2987 3476 3059 imperato-

214 3055 334 3120 Θῶς
379 3059 578 3129 εὐσεσῆ
616 3060 843 3131 βασιλέα
885 3063 1341 3138 καταστέφοντες,
1378 3069 1602 3142 εἰρήνης
1643 3071 1793 3138 θείας

213 3147 519 3213 εὐσταθοῦς
559 3168 619 3204 τε
660 3152 754 3204 καὶ
796 3153 1098 3223 γαληναίας
1134 3154 1280 3236 ζωῆς
1320 3159 1645 3232 πληρώσατε
1695 3162 1792 3234 τὴν

211 3242 358 3314 γῆν·
385 3243 591 3313 ἧρεμον
615 3243 673 3298 δὲ
705 3243 820 3313 βίον
854 3248 949 3299 καὶ
971 3239 1286 3319 φιλευσεόἧ,
1317 3250 1412 3306 καὶ
1439 3255 1540 3324 τῆς
1575 3255 1793 3325 ὲνοΧρι-

215 3336 333 3406 στῷ
381 3333 553 3406 Ἰησοῦ
592 3337 940 3408 δικαιοσύνης
973 3339 1067 3391 καὶ
1109 3341 1461 3413 χαρμοσύνης
1500 3343 1832 3412 ὲπίμεστον⁹

215 3432 287 3499 τῇ
343 3429 720 3500 Χριστωνύμῳ
750 3430 1162 3501 παρεσχηκότες
1205 3431 1470 3504 πολιτείᾳ,
1514 3433 1605 3486 καὶ
1658 3427 1794 3505 πρὸς

212 3520 319 3591 τὴν
369 3520 482 3574 ἀνω
527 3519 903 3593 Ἰερουσαλὴμ,
955 3516 1023 3592 ἦς
1063 3524 1218 3593 ὑμεῖς
1268 3517 1586 3605 πρωτότοκα
1628 3527 1795 3581 τέκνα

213 3612 313 3666 καὶ
339 3611 590 3667 πολισταὶ
630 3613 926 3683 γεγένησθε
949 3614 1042 3667 καὶ
1070 3615 1366 3686 πολιοῦχοι,
1394 3616 1792 3687 διακυϐερνῶν-

213 3721 331 3769 τες,
348 3707 426 3770 είς
455 3707 552 3776 τὴν
575 3706 669 3760 τοῦ
691 3707 827 3760 Θεοῦ
845 3708 1053 3770 πάντας
1078 3709 1389 3776 εἰσάγοντες
1412 3708 1791 3762 καταπαύσετε
1833 3747 1847 3758 .

213 3801 568 3854 κατάπαυσιν
595 3817 610 3834 ο
663 3803 720 3854 ὲν
759 3801 981 3872 Χριστῷ
1024 3801 1200 3873 Ἰησοῦ
1247 3801 1324 3873 τῷ
1379 3803 1573 3873 Κυρίῳ
1613 3804 1788 3875 ἡμῶν,

211 3886 256 3961 ᾧ
283 3896 316 3962 ἡ
351 3893 478 3958 δόξα
499 3895 595 3948 καὶ
622 3895 681 3948 τὸ
704 3895 928 3966 κράτος,
957 3897 1072 3967 ἃμα
1105 3895 1181 3965 τῷ
1218 3895 1393 3974 lia-cpi.
1416 3896 1510 3949 καὶ
1536 3895 1615 3962 τῷ
1652 3897 1790 3967 ἁγίῳ

215 3987 522 4054 Ilva-Spuri,
566 3989 646 4051 είς
673 3989 797 4052 τοὺς
820 3988 1026 4051 αἰῶνας
1057 3989 1165 4042 τῶν
1185 3987 1417 4041 αἰώνων.
1462 3990 1653 4058 Ἀμήν.

843 4143 1062 4198 ΛΟΓΟΣ
1100 4143 1174 4196 Δ’.

313 4262 419 4327 Εἰς
451 4261 559 4314 τὸν
585 4259 755 4332 ἅγιον
781 4260 879 4315 καὶ
903 4260 1298 4332 ,πιινεύρημον
1333 4260 1683 4328 ἀπόστολον

803 4330 1077 4398 Ἀνδρέαν
1115 4332 1212 4400 (6).

283 4461 432 4515 Ilia:
465 4460 566 4530 μὲν
592 4461 709 4523 τοῖς
729 4457 827 4512 τοῦ
856 4457 992 4511 Θεοῦ
1029 4456 1205 4525 Λόγου
1253 4456 1428 4526 φίλοις
1483 4455 1577 4508 καὶ
1618 4445 1795 4526 μαθη-

214 4554 358 4614 ταῖς,
406 4551 443 4620 ἡ
487 4549 576 4604 διὰ
631 4549 742 4602 τῶν
794 4549 970 4617 λόγων
1027 4549 1257 4612 αίνεσις,
1310 4548 1499 4619 ὥσπερ
1546 4547 1639 4601 οὖν
1701 4549 1794 4602 καὶ

218 4643 251 4711 ἡ
278 4643 369 4696 διὰ
410 4641 521 4695 τῶν
539 4642 728 4712 ’ἔργων
767 4641 1021 4713 μίμησις,
1059 4640 1201 4695 κατά
1233 4641 1460 4712 δύναμιν
1479 4642 1751 4710 ὀφείλεται
1775 4657 1790 4670 ·

215 4734 423 4791 mirum
463 4735 522 4790 δὲ
587 4735 826 4804 μάλιστα
877 4737 992 4798 τοῖς
1040 4726 1364 4806 κορυφαίοις
1406 4752 1466 4788 τε
1518 4735 1612 4787 καὶ
1657 4753 1791 4803 πρε-

214 4829 506 4892 σϐυτάτοις
535 4834 550 4858 ⁸
581 4829 643 4882 οὐ
679 4826 839 4897 μόνον
875 4827 957 4878 ὅτι
982 4825 1106 4878 καθ’
1151 4825 1346 4879 ἑαυτὸν
1393 4827 1422 4878 ὁ
1471 4826 1579 4880 τῶν
1632 4825 1790 4880 θείων

207 4905 426 4992 ἂνδρῶν
484 4917 706 4982 ἔπαινος
761 4917 1040 4970 ἐπαινετόν
1089 4933 1142 4997 τι
1203 4915 1397 4987 χρῆμα
1464 4915 1623 4986 Θεῷ,
1693 4917 1788 4969 καὶ

209 5014 327 5076 τοις
380 5009 805 5080 ἐπαινουμένοις
850 5008 1035 5070 αὐτοῖς
1089 5007 1318 5079 ὲραστόν
1348 5025 1362 5039 ο
1415 5006 1532 5060 ἀλλ’
1579 5009 1659 5060 ὅτι
1696 5007 1788 5060 καὶ

209 5105 329 5166 τοῖς
379 5104 576 5167 αἰσίως
633 5102 877 5156 ἐπαινεῖν
934 5099 1120 5162 εἰδόσι,
1173 5100 1437 5170 σωτήριος
1474 5116 1489 5132 ·
1539 5100 1636 5153 καὶ
1677 5098 1786 5162 τοῖς

213 5193 563 5247 σιηαινοῦσιν
623 5191 898 5262 ὠφέλιμος
928 5208 940 5222 ·
1013 5189 1110 5242 καὶ
1184 5191 1316 5242 πᾶσι
1377 5193 1487 5254 τοῖς
1547 5191 1786 5252 ,συνετῶς

275 5354 326 5386 ⁶¹
352 5351 502 5409 Psal.
530 5346 647 5417 xm.

280 5510 358 5579 (6)
379 5509 755 5565 Floridissima
775 5511 890 5565 haec
911 5509 1168 5573 laudatio,
1195 5509 1372 5578 magni
1397 5509 1626 5563 Androm
1646 5523 1768 5578 apo-

211 5583 484 5639 stolorum
508 5583 800 5636 vocatione
827 5580 1010 5652 primi.
1038 5596 1198 5652 quem
1224 5579 1347 5633 ideo
1369 5580 1537 5637 Graeci
1569 5580 1776 5647 πρωτὸ-

206 5655 414 5724 nigrm:
437 5661 646 5719 vocant,
678 5653 994 5721 habentque
1016 5651 1345 5723 praecipuum
1368 5665 1526 5705 suum
1554 5661 1775 5720 aposto-

1897 3095 2013 3136 rem
2060 3079 2416 3144 coronantes,
2455 3071 2638 3136 divina
2694 3093 2825 3152 pace
2872 3080 3188 3150 stabilique,
3229 3097 3294 3135 ac
3322 3089 3475 3140 tran-

1896 3170 2064 3241 quilla
2102 3169 2446 3241 jucunditate
2495 3181 2697 3227 terram
2731 3171 2991 3240 implete;
3032 3171 3388 3240 quietamque
3411 3186 3477 3226 ac

1897 3263 2228 3335 religiosam,
2249 3265 2474 3336 ejusque
2491 3265 2736 3335 justitite,
2767 3279 2889 3334 qua:
2911 3272 2996 3319 cst
3028 3264 3084 3317 in
3107 3264 3326 3319 Christo
3344 3263 3475 3320 Jesu

1898 3366 2062 3426 atque
2101 3356 2285 3427 gaudii
2332 3357 2568 3427 plenam,
2596 3357 2911 3412 christiana:
2955 3356 3271 3426 rei’publiw:
3307 3358 3473 3411 vitam

1899 3446 2236 3516 praebentes,
2285 3449 2450 3518 atque
2495 3448 2563 3502 ad
2606 3445 3265 3512 cmlcstem,'.ierusalem,
3316 3449 3476 3519 cujus

1898 3553 1996 3594 vos
2048 3539 2310 3608 primitivi
2364 3539 2459 3594 ﬁlii
2504 3540 2891 3610 principesque
2915 3539 3474 3610 patroniatque‘re-

1897 3639 2080 3685 ctores
2107 3630 2416 3698 exstitistis,
2442 3633 2829 3703 gubernantes,
2861 3632 2915 3686 in
2939 3633 3035 3686 Dei
3059 3643 3287 3687 cunctos
3314 3633 3475 3686 indu-

1895 3733 2084 3778 centes
2134 3713 2402 3794 requiem,
2457 3725 2704 3795 requiem
2749 3725 3108 3794 praestabitis;
3154 3726 3208 3779 in
3250 3725 3472 3779 Christo

1891 3803 2019 3869 Jesu
2061 3815 2292 3870 Domino
2345 3816 2705 3877 nostro,,~cui
2755 3803 2839 3870 est
2883 3814 3055 3884 gloria
3109 3825 3165 3883 et
3209 3822 3468 3884 potestas,

1895 3922 2000 3960 una
2028 3922 2153 3961 cum
2178 3907 2338 3962 Patre
2358 3915 2414 3964 et
2444 3907 2652 3976 Spiritu
2689 3915 2897 3972 sancto,
2936 3907 2989 3961 in
3021 3907 3220 3962 saecula
3244 3908 3472 3963 saeculov-
3502 3969 3508 3976 ,

1895 4014 2037 4053 rum.
2070 3999 2265 4053 Amen.
3211 3991 3216 4001 ’

2489 4149 2745 4208 ORATIO
2782 4153 2869 4208 ιν.

1887 4247 1893 4260 ’
1995 4260 2256 4315 Laudatio
2294 4263 2464 4315 sancti
2496 4262 2750 4332 (audeque
2789 4262 3117 4318 celeberrimi
3154 4266 3382 4321 Andron:

2562 4333 2804 4403 apostoli.
3302 4367 3309 4373 -

1963 4454 2194 4510 Cunctis
2221 4470 2350 4510 sane
2378 4455 2473 4511 Dei
2510 4453 2674 4511 Verbi
2706 4457 2898 4513 amicis
2929 4473 2993 4512 ac
3013 4458 3324 4530 discipulis,
3348 4479 3471 4520 ver-
3574 4517 3580 4523 .

1892 4548 1978 4602 bis
2019 4555 2278 4616 concepta
2308 4547 2550 4602 laudatio
2589 4541 2689 4617 pro
2735 4549 2881 4604 virili
2921 4549 3178 4606 facultate
3211 4552 3466 4623 debetur,

1891 4638 1970 4693 uti
2014 4647 2070 4692 et
2108 4636 2363 4701 imitatio,
2414 4653 2536 4707 qua:
2574 4638 2837 4708 operibus
2874 4648 3204 4709 praestatur;
3235 4644 3467 4701 maxime

1890 4746 2022 4786 vero
2063 4731 2168 4795 his,
2195 4746 2288 4800 qu:
2333 4730 2478 4785 inter
2524 4731 2646 4786 illos
2686 4730 2966 4801 principes
3003 4748 3067 4787 ac
3095 4725 3467 4803 antiquissimi

1895 4832 2057 4880 sunt:
2098 4823 2300 4878 nedum
2322 4839 2387 4877 ea
2404 4819 2647 4886 ratione,
2678 4823 2970 4894 quod-ipsa
3000 4838 3032 4877 α
3063 4838 3123 4877 se
3141 4814 3464 4881 divinorum
3539 4871 3546 4878 .

1895 4918 2137 4970 virorum
2177 4914 2440 4977 laudatio,
2469 4930 2557 4970 res
2580 4922 2662 4970 est
2693 4915 2878 4968 divino
2899 4913 3110 4983 judicio
3129 4916 3252 4984 jure
3275 4917 3464 4972 lauda-

1893 5006 2022 5062 bilis
2043 5021 2105 5060 ac
2136 5022 2299 5075 quam
2338 5005 2374 5059 ii
2410 5006 2514 5075 ipsi
2557 5007 2650 5076 qui
2675 5004 2988 5068 laudantur,
3025 5006 3200 5059 amori
3227 5006 3459 5074 ducant;

1892 5112 2082 5151 verum
2107 5096 2272 5152 etiam
2305 5096 2452 5166 quod
2497 5097 2591 5162 iis,
2632 5097 2726 5164 qui
2765 5093 2945 5149 fausta
2974 5094 3198 5148 laudare
3237 5104 3458 5160 norunt,

1892 5188 2150 5244 salutaris
2172 5189 2270 5254 sit;
2293 5198 2459 5256 atque
2482 5187 2566 5241 his
2593 5186 2686 5256 qui
2715 5185 2988 5253 laudando
3015 5185 3148 5240 socii
3175 5185 3459 5249 accedant,

1884 5508 2020 5571 lum,
2047 5511 2098 5563 in
2125 5508 2324 5563 Graecia
2355 5506 2584 5562 maxime
2607 5507 2909 5576 apostolico
2934 5519 3156 5558 inlinere
3183 5503 3453 5570 functum,

1887 5595 1950 5632 ac
2010 5580 2226 5634 tandem
2281 5579 2334 5632 in
2390 5594 2451 5633 ea
2515 5579 2714 5633 illustri
2777 5576 3031 5646 martyrio
3107 5589 3458 5631 consumtu-

1887 5658 2023 5704 tum.
