  <div class='ocr_page' id='page_1' title='image "/cluster/home/n/w/nwhite01/storage/ocr_20150623/105/pst.000005714155/045.png"; bbox 0 0 3950 6320; ppageno 0'>
   <div class='ocr_carea' id='block_1_1' title="bbox 499 250 3725 361">
    <p class='ocr_par' dir='ltr' id='par_1_1' title="bbox 499 250 3725 361">
     <span class='ocr_line' id='line_1_1' title="bbox 499 250 3725 361; baseline -0.001 -13"><span class='ocrx_word' id='word_1_1' title='bbox 499 286 568 348; x_wconf 73' lang='lat'><strong>55</strong></span> <span class='ocrx_word' id='word_1_2' title='bbox 793 311 799 314; x_wconf 89' lang='lat'><strong><em>-</em></strong></span> <span class='ocrx_word' id='word_1_3' title='bbox 1652 354 1657 361; x_wconf 57' lang='grc'><strong>,</strong></span> <span class='ocrx_word' id='word_1_4' title='bbox 1704 284 1994 345; x_wconf 77' lang='lat' dir='ltr'><strong>NlCET/E</strong></span> <span class='ocrx_word' id='word_1_5' title='bbox 2024 250 2548 346; x_wconf 69' lang='lat' dir='ltr'><strong>PAPHhAGONIS</strong></span> <span class='ocrx_word' id='word_1_6' title='bbox 3658 280 3725 344; x_wconf 84' lang='lat'><em>56</em></span> 
     </span>
    </p>
   </div>
   <div class='ocr_carea' id='block_1_2' title="bbox 499 381 2051 463">
    <p class='ocr_par' dir='ltr' id='par_1_2' title="bbox 499 381 2045 462">
     <span class='ocr_line' id='line_1_2' title="bbox 499 381 2045 462; baseline -0.003 -13"><span class='ocrx_word' id='word_1_7' title='bbox 499 396 689 462; x_wconf 80' lang='lat' dir='ltr'><strong>utilis;</strong></span> <span class='ocrx_word' id='word_1_8' title='bbox 750 393 1073 462; x_wconf 73' lang='lat' dir='ltr'><strong>cunctisque</strong></span> <span class='ocrx_word' id='word_1_9' title='bbox 1131 381 1352 446; x_wconf 82' lang='lat' dir='ltr'><strong>domum</strong></span> <span class='ocrx_word' id='word_1_10' title='bbox 1405 391 1638 446; x_wconf 78' lang='lat' dir='ltr'><strong>solerter</strong></span> <span class='ocrx_word' id='word_1_11' title='bbox 1693 391 2045 447; x_wconf 72' lang='lat' dir='ltr'><strong>audientibus</strong></span> 
     </span>
    </p>
   </div>
   <div class='ocr_carea' id='block_1_3' title="bbox 2161 381 3726 463">
    <p class='ocr_par' dir='ltr' id='par_1_3' title="bbox 2171 386 3726 463">
     <span class='ocr_line' id='line_1_3' title="bbox 2171 386 3726 463; baseline -0.001 -19"><span class='ocrx_word' id='word_1_12' title='bbox 2171 391 2569 463; x_wconf 84' lang='grc' dir='ltr'>ἀκροωμένοις,</span> <span class='ocrx_word' id='word_1_13' title='bbox 2625 387 2957 460; x_wconf 81' lang='grc' dir='ltr'>τελεωτέρας</span> <span class='ocrx_word' id='word_1_14' title='bbox 3013 387 3219 457; x_wconf 87' lang='grc' dir='ltr'>γίνεται</span> <span class='ocrx_word' id='word_1_15' title='bbox 3268 386 3527 459; x_wconf 75' lang='grc' dir='ltr'>πρόξενον</span> <span class='ocrx_word' id='word_1_16' title='bbox 3579 389 3726 442; x_wconf 77' lang='lat' dir='ltr'><strong>obto-</strong></span> 
     </span>
    </p>
   </div>
   <div class='ocr_carea' id='block_1_4' title="bbox 494 479 1820 551">
    <p class='ocr_par' dir='ltr' id='par_1_4' title="bbox 494 479 1820 551">
     <span class='ocr_line' id='line_1_4' title="bbox 494 479 1820 551; baseline -0.005 -9"><span class='ocrx_word' id='word_1_17' title='bbox 494 500 659 542; x_wconf 79' lang='lat' dir='ltr'><strong>causa</strong></span> <span class='ocrx_word' id='word_1_18' title='bbox 691 486 763 540; x_wconf 82' lang='lat' dir='ltr'><strong>sit</strong></span> <span class='ocrx_word' id='word_1_19' title='bbox 793 496 863 540; x_wconf 82' lang='lat' dir='ltr'><strong>ac</strong></span> <span class='ocrx_word' id='word_1_20' title='bbox 882 483 1024 538; x_wconf 70' lang='lat' dir='ltr'><strong>ratio</strong></span> <span class='ocrx_word' id='word_1_21' title='bbox 1051 480 1397 551; x_wconf 79' lang='lat' dir='ltr'><strong>perfectioris</strong></span> <span class='ocrx_word' id='word_1_22' title='bbox 1425 479 1820 536; x_wconf 80' lang='lat' dir='ltr'><strong>aedificationis.</strong></span> 
     </span>
    </p>
   </div>
   <div class='ocr_carea' id='block_1_5' title="bbox 566 570 2064 646">
    <p class='ocr_par' dir='ltr' id='par_1_5' title="bbox 566 570 2064 646">
     <span class='ocr_line' id='line_1_5' title="bbox 566 570 2064 646; baseline -0.005 -16"><span class='ocrx_word' id='word_1_23' title='bbox 566 574 752 646; x_wconf 80' lang='lat' dir='ltr'><strong>Igitur,</strong></span> <span class='ocrx_word' id='word_1_24' title='bbox 802 589 837 627; x_wconf 89' lang='grc' dir='ltr'><strong>ο</strong></span> <span class='ocrx_word' id='word_1_25' title='bbox 884 572 1022 627; x_wconf 88' lang='lat' dir='ltr'><strong>viril</strong></span> <span class='ocrx_word' id='word_1_26' title='bbox 1053 571 1447 628; x_wconf 82' lang='lat' dir='ltr'><strong>adcommune</strong></span> <span class='ocrx_word' id='word_1_27' title='bbox 1508 572 1668 627; x_wconf 86' lang='lat' dir='ltr'><strong>nobis</strong></span> <span class='ocrx_word' id='word_1_28' title='bbox 1724 570 2064 642; x_wconf 90' lang='lat' dir='ltr'><strong>propositum</strong></span> 
     </span>
    </p>
   </div>
   <div class='ocr_carea' id='block_1_6' title="bbox 492 661 2062 722">
    <p class='ocr_par' dir='ltr' id='par_1_6' title="bbox 492 661 2062 722">
     <span class='ocr_line' id='line_1_6' title="bbox 492 661 2062 722; baseline -0.005 0"><span class='ocrx_word' id='word_1_29' title='bbox 492 662 771 722; x_wconf 64' lang='lat' dir='ltr'><strong>certamen</strong></span> <span class='ocrx_word' id='word_1_30' title='bbox 812 665 1134 720; x_wconf 77' lang='lat' dir='ltr'><strong>excitemur.</strong></span> <span class='ocrx_word' id='word_1_31' title='bbox 1161 663 1465 720; x_wconf 83' lang='lat' dir='ltr'><strong>Commune</strong></span> <span class='ocrx_word' id='word_1_32' title='bbox 1497 663 1643 719; x_wconf 91' lang='lat' dir='ltr'><strong>enim</strong></span> <span class='ocrx_word' id='word_1_33' title='bbox 1684 663 1846 718; x_wconf 88' lang='lat' dir='ltr'><strong>nobis</strong></span> <span class='ocrx_word' id='word_1_34' title='bbox 1882 661 2062 718; x_wconf 89' lang='lat' dir='ltr'><strong>omni-</strong></span> 
     </span>
    </p>
   </div>
   <div class='ocr_carea' id='block_1_7' title="bbox 494 756 2066 826">
    <p class='ocr_par' dir='ltr' id='par_1_7' title="bbox 494 756 2066 826">
     <span class='ocr_line' id='line_1_7' title="bbox 494 756 2066 826; baseline -0.003 -12"><span class='ocrx_word' id='word_1_35' title='bbox 494 758 600 814; x_wconf 83' lang='lat' dir='ltr'><strong>bus</strong></span> <span class='ocrx_word' id='word_1_36' title='bbox 632 766 909 813; x_wconf 84' lang='lat' dir='ltr'><strong>certamen</strong></span> <span class='ocrx_word' id='word_1_37' title='bbox 950 757 1114 812; x_wconf 88' lang='lat' dir='ltr'><strong>hodie</strong></span> <span class='ocrx_word' id='word_1_38' title='bbox 1156 758 1479 826; x_wconf 83' lang='lat' dir='ltr'><strong>proponitur</strong></span> <span class='ocrx_word' id='word_1_39' title='bbox 1508 774 1523 822; x_wconf 90' lang='lat'><strong>;</strong></span> <span class='ocrx_word' id='word_1_40' title='bbox 1557 756 1969 825; x_wconf 82' lang='lat' dir='ltr'><strong>mihi&#39;quidem,</strong></span> <span class='ocrx_word' id='word_1_41' title='bbox 2004 765 2066 810; x_wconf 91' lang='lat' dir='ltr'><strong>ut</strong></span> 
     </span>
    </p>
   </div>
   <div class='ocr_carea' id='block_1_8' title="bbox 492 849 2062 920">
    <p class='ocr_par' dir='ltr' id='par_1_8' title="bbox 492 849 2062 920">
     <span class='ocr_line' id='line_1_8' title="bbox 492 849 2062 920; baseline -0.001 -17"><span class='ocrx_word' id='word_1_42' title='bbox 492 850 886 920; x_wconf 89' lang='lat' dir='ltr'><strong>discipulorum</strong></span> <span class='ocrx_word' id='word_1_43' title='bbox 915 849 1253 912; x_wconf 89' lang='lat' dir='ltr'><strong>coronidem,</strong></span> <span class='ocrx_word' id='word_1_44' title='bbox 1279 851 1649 917; x_wconf 84' lang='lat' dir='ltr'><strong>apostolorum</strong></span> <span class='ocrx_word' id='word_1_45' title='bbox 1672 849 2062 914; x_wconf 86' lang='lat' dir='ltr'><strong>summitatem,</strong></span> 
     </span>
    </p>
   </div>
   <div class='ocr_carea' id='block_1_9' title="bbox 490 940 2067 1010">
    <p class='ocr_par' dir='ltr' id='par_1_9' title="bbox 490 940 2067 1010">
     <span class='ocr_line' id='line_1_9' title="bbox 490 940 2067 1010; baseline -0.003 -14"><span class='ocrx_word' id='word_1_46' title='bbox 490 958 523 996; x_wconf 87' lang='lat' dir='ltr'><strong>a</strong></span> <span class='ocrx_word' id='word_1_47' title='bbox 553 941 879 996; x_wconf 78' lang='lat' dir='ltr'><strong>fortitudine</strong></span> <span class='ocrx_word' id='word_1_48' title='bbox 909 951 1284 1010; x_wconf 86' lang='lat' dir='ltr'><strong>nuncupatum</strong></span> <span class='ocrx_word' id='word_1_49' title='bbox 1312 940 1609 1002; x_wconf 85' lang='lat' dir='ltr'><strong>Andream,</strong></span> <span class='ocrx_word' id='word_1_50' title='bbox 1629 948 1886 1009; x_wconf 81' lang='lat' dir='ltr'><strong>tanquam</strong></span> <span class='ocrx_word' id='word_1_51' title='bbox 1917 954 2067 994; x_wconf 81' lang='lat' dir='ltr'><strong>rosa-</strong></span> 
     </span>
    </p>
   </div>
   <div class='ocr_carea' id='block_1_10' title="bbox 488 1031 2064 1098">
    <p class='ocr_par' dir='ltr' id='par_1_10' title="bbox 488 1031 2064 1098">
     <span class='ocr_line' id='line_1_10' title="bbox 488 1031 2064 1098; baseline -0.001 -12"><span class='ocrx_word' id='word_1_52' title='bbox 488 1047 613 1090; x_wconf 84' lang='lat' dir='ltr'><strong>rum</strong></span> <span class='ocrx_word' id='word_1_53' title='bbox 644 1032 908 1098; x_wconf 84' lang='lat' dir='ltr'><strong>flosculis,</strong></span> <span class='ocrx_word' id='word_1_54' title='bbox 944 1048 1260 1088; x_wconf 84' lang='lat' dir='ltr'><strong>sermonum</strong></span> <span class='ocrx_word' id='word_1_55' title='bbox 1292 1032 1549 1086; x_wconf 83' lang='lat' dir='ltr'><strong>laudibus</strong></span> <span class='ocrx_word' id='word_1_56' title='bbox 1585 1031 1874 1087; x_wconf 82' lang='lat' dir='ltr'><strong>ambitiose</strong></span> <span class='ocrx_word' id='word_1_57' title='bbox 1902 1047 2064 1086; x_wconf 88' lang='lat' dir='ltr'><strong>coro-</strong></span> 
     </span>
    </p>
   </div>
   <div class='ocr_carea' id='block_1_11' title="bbox 488 1123 2064 1197">
    <p class='ocr_par' dir='ltr' id='par_1_11' title="bbox 488 1123 2064 1197">
     <span class='ocr_line' id='line_1_11' title="bbox 488 1123 2064 1197; baseline -0.003 -17"><span class='ocrx_word' id='word_1_58' title='bbox 488 1141 639 1193; x_wconf 89' lang='lat' dir='ltr'><strong>nem,</strong></span> <span class='ocrx_word' id='word_1_59' title='bbox 683 1127 912 1197; x_wconf 77' lang='lat' dir='ltr'><strong>ejusque</strong></span> <span class='ocrx_word' id='word_1_60' title='bbox 957 1126 1220 1181; x_wconf 86' lang='lat' dir='ltr'><strong>memoria</strong></span> <span class='ocrx_word' id='word_1_61' title='bbox 1252 1125 1476 1179; x_wconf 88' lang='lat' dir='ltr'><strong>suavius</strong></span> <span class='ocrx_word' id='word_1_62' title='bbox 1504 1125 1782 1190; x_wconf 90' lang='lat' dir='ltr'><strong>delecter;</strong></span> <span class='ocrx_word' id='word_1_63' title='bbox 1824 1139 1890 1179; x_wconf 87' lang='lat' dir='ltr'><strong>ac</strong></span> <span class='ocrx_word' id='word_1_64' title='bbox 1915 1123 2064 1178; x_wconf 91' lang='lat' dir='ltr'><strong>velut</strong></span> 
     </span>
    </p>
   </div>
   <div class='ocr_carea' id='block_1_12' title="bbox 489 1215 2063 1289">
    <p class='ocr_par' dir='ltr' id='par_1_12' title="bbox 489 1215 2063 1289">
     <span class='ocr_line' id='line_1_12' title="bbox 489 1215 2063 1289; baseline -0.002 -18"><span class='ocrx_word' id='word_1_65' title='bbox 489 1233 614 1272; x_wconf 89' lang='lat' dir='ltr'><strong>cum</strong></span> <span class='ocrx_word' id='word_1_66' title='bbox 647 1230 917 1288; x_wconf 79' lang='lat' dir='ltr'><strong>praesente</strong></span> <span class='ocrx_word' id='word_1_67' title='bbox 941 1229 1105 1289; x_wconf 89' lang='lat' dir='ltr'><strong>atque</strong></span> <span class='ocrx_word' id='word_1_68' title='bbox 1128 1218 1306 1272; x_wconf 88' lang='lat' dir='ltr'><strong>oculis</strong></span> <span class='ocrx_word' id='word_1_69' title='bbox 1336 1218 1657 1287; x_wconf 89' lang='lat' dir='ltr'><strong>conspicuo,</strong></span> <span class='ocrx_word' id='word_1_70' title='bbox 1691 1217 1770 1271; x_wconf 89' lang='lat' dir='ltr'><strong>sic</strong></span> <span class='ocrx_word' id='word_1_71' title='bbox 1808 1230 1931 1270; x_wconf 92' lang='lat' dir='ltr'><strong>cum</strong></span> <span class='ocrx_word' id='word_1_72' title='bbox 1971 1215 2063 1268; x_wconf 93' lang='lat' dir='ltr'><strong>illo</strong></span> 
     </span>
    </p>
   </div>
   <div class='ocr_carea' id='block_1_13' title="bbox 487 1307 2059 1381">
    <p class='ocr_par' dir='ltr' id='par_1_13' title="bbox 487 1307 2059 1381">
     <span class='ocr_line' id='line_1_13' title="bbox 487 1307 2059 1381; baseline -0.003 -17"><span class='ocrx_word' id='word_1_73' title='bbox 487 1310 702 1380; x_wconf 88' lang='lat' dir='ltr'><strong>loquar,</strong></span> <span class='ocrx_word' id='word_1_74' title='bbox 721 1314 948 1381; x_wconf 86' lang='lat' dir='ltr'><strong>ejusque</strong></span> <span class='ocrx_word' id='word_1_75' title='bbox 976 1311 1302 1366; x_wconf 87' lang='lat' dir='ltr'><strong>enarrandis</strong></span> <span class='ocrx_word' id='word_1_76' title='bbox 1326 1311 1493 1365; x_wconf 85' lang='lat' dir='ltr'><strong>rebus</strong></span> <span class='ocrx_word' id='word_1_77' title='bbox 1527 1309 1810 1380; x_wconf 85' lang='lat' dir='ltr'><strong>magnifice</strong></span> <span class='ocrx_word' id='word_1_78' title='bbox 1831 1307 2059 1377; x_wconf 83' lang='lat' dir='ltr'><strong>glorier;</strong></span> 
     </span>
    </p>
   </div>
   <div class='ocr_carea' id='block_1_14' title="bbox 487 1397 2062 1469">
    <p class='ocr_par' dir='ltr' id='par_1_14' title="bbox 487 1397 2062 1469">
     <span class='ocr_line' id='line_1_14' title="bbox 487 1397 2062 1469; baseline -0.001 -17"><span class='ocrx_word' id='word_1_79' title='bbox 487 1399 646 1454; x_wconf 70' lang='lat' dir='ltr'><strong>vobis</strong></span> <span class='ocrx_word' id='word_1_80' title='bbox 695 1409 900 1463; x_wconf 89' lang='lat' dir='ltr'><strong>autem,</strong></span> <span class='ocrx_word' id='word_1_81' title='bbox 950 1410 1010 1453; x_wconf 91' lang='lat' dir='ltr'><strong>ut</strong></span> <span class='ocrx_word' id='word_1_82' title='bbox 1055 1416 1324 1469; x_wconf 79' lang='lat' dir='ltr'><strong>prepense</strong></span> <span class='ocrx_word' id='word_1_83' title='bbox 1371 1399 1560 1454; x_wconf 78' lang='lat' dir='ltr'><strong>feratis</strong></span> <span class='ocrx_word' id='word_1_84' title='bbox 1599 1413 1782 1468; x_wconf 86' lang='lat' dir='ltr'><strong>opem,</strong></span> <span class='ocrx_word' id='word_1_85' title='bbox 1826 1397 2062 1465; x_wconf 88' lang='lat' dir='ltr'><strong>totisque</strong></span> 
     </span>
    </p>
   </div>
   <div class='ocr_carea' id='block_1_15' title="bbox 485 1481 2061 1557">
    <p class='ocr_par' dir='ltr' id='par_1_15' title="bbox 485 1481 2061 1557">
     <span class='ocr_line' id='line_1_15' title="bbox 485 1481 2061 1557; baseline -0.002 -12"><span class='ocrx_word' id='word_1_86' title='bbox 485 1481 999 1546; x_wconf 67' lang='lat' dir='ltr'><strong>viribus&#39;laboranti</strong></span> <span class='ocrx_word' id='word_1_87' title='bbox 1030 1492 1215 1546; x_wconf 86' lang='lat' dir='ltr'><strong>animo</strong></span> <span class='ocrx_word' id='word_1_88' title='bbox 1249 1507 1316 1547; x_wconf 88' lang='lat' dir='ltr'><strong>ac</strong></span> <span class='ocrx_word' id='word_1_89' title='bbox 1343 1490 1636 1554; x_wconf 89' lang='lat' dir='ltr'><strong>fatiscenti,</strong></span> <span class='ocrx_word' id='word_1_90' title='bbox 1671 1487 1853 1543; x_wconf 89' lang='lat' dir='ltr'><strong>tacitis</strong></span> <span class='ocrx_word' id='word_1_91' title='bbox 1882 1489 2061 1557; x_wconf 86' lang='lat' dir='ltr'><strong>preci-</strong></span> 
     </span>
    </p>
   </div>
   <div class='ocr_carea' id='block_1_16' title="bbox 484 1579 2064 1647">
    <p class='ocr_par' dir='ltr' id='par_1_16' title="bbox 484 1579 2064 1647">
     <span class='ocr_line' id='line_1_16' title="bbox 484 1579 2064 1647; baseline -0.003 -13"><span class='ocrx_word' id='word_1_92' title='bbox 484 1580 591 1635; x_wconf 87' lang='lat' dir='ltr'><strong>bus</strong></span> <span class='ocrx_word' id='word_1_93' title='bbox 637 1581 1134 1647; x_wconf 20' lang='lat' dir='ltr'><strong>collaboretis;vac</strong></span> <span class='ocrx_word' id='word_1_94' title='bbox 1173 1597 1483 1636; x_wconf 83' lang='lat' dir='ltr'><strong>sermonem</strong></span> <span class='ocrx_word' id='word_1_95' title='bbox 1534 1581 1667 1634; x_wconf 90' lang='lat' dir='ltr'><strong>tanti</strong></span> <span class='ocrx_word' id='word_1_96' title='bbox 1713 1579 1855 1633; x_wconf 89' lang='lat' dir='ltr'><strong>mole</strong></span> <span class='ocrx_word' id='word_1_97' title='bbox 1901 1593 2064 1647; x_wconf 84' lang='lat' dir='ltr'><strong>argu-</strong></span> 
     </span>
    </p>
   </div>
   <div class='ocr_carea' id='block_1_17' title="bbox 485 1661 2063 1744">
    <p class='ocr_par' dir='ltr' id='par_1_17' title="bbox 485 1661 2063 1744">
     <span class='ocr_line' id='line_1_17' title="bbox 485 1661 2063 1744; baseline -0.001 -18"><span class='ocrx_word' id='word_1_98' title='bbox 485 1673 656 1727; x_wconf 81' lang='lat' dir='ltr'><strong>menti</strong></span> <span class='ocrx_word' id='word_1_99' title='bbox 687 1675 777 1727; x_wconf 80' lang='lat' dir='ltr'><strong>le</strong></span> <span class='ocrx_word' id='word_1_100' title='bbox 806 1690 915 1727; x_wconf 90' lang='lat' dir='ltr'><strong>non</strong></span> <span class='ocrx_word' id='word_1_101' title='bbox 950 1661 1273 1744; x_wconf 84' lang='lat' dir='ltr'><strong>oppressum</strong></span> <span class='ocrx_word' id='word_1_102' title='bbox 1298 1689 1361 1727; x_wconf 91' lang='lat' dir='ltr'><strong>ac</strong></span> <span class='ocrx_word' id='word_1_103' title='bbox 1383 1673 1882 1742; x_wconf 87' lang='lat' dir='ltr'><strong>elanguescentem,</strong></span> <span class='ocrx_word' id='word_1_104' title='bbox 1913 1669 2063 1724; x_wconf 89' lang='lat' dir='ltr'><strong>altis-</strong></span> 
     </span>
    </p>
   </div>
   <div class='ocr_carea' id='block_1_18' title="bbox 483 1763 1885 1836">
    <p class='ocr_par' dir='ltr' id='par_1_18' title="bbox 483 1763 1885 1836">
     <span class='ocr_line' id='line_1_18' title="bbox 483 1763 1885 1836; baseline -0.003 -16"><span class='ocrx_word' id='word_1_105' title='bbox 483 1767 622 1821; x_wconf 82' lang='lat' dir='ltr'><strong>simo</strong></span> <span class='ocrx_word' id='word_1_106' title='bbox 644 1766 745 1836; x_wconf 87' lang='lat' dir='ltr'><strong>ipsi</strong></span> <span class='ocrx_word' id='word_1_107' title='bbox 781 1768 999 1822; x_wconf 87' lang='lat' dir='ltr'><strong>silentio</strong></span> <span class='ocrx_word' id='word_1_108' title='bbox 1026 1777 1080 1821; x_wconf 91' lang='lat' dir='ltr'><strong>et</strong></span> <span class='ocrx_word' id='word_1_109' title='bbox 1109 1768 1408 1821; x_wconf 83' lang='lat' dir='ltr'><strong>attentione</strong></span> <span class='ocrx_word' id='word_1_110' title='bbox 1431 1765 1601 1820; x_wconf 91' lang='lat' dir='ltr'><strong>animi</strong></span> <span class='ocrx_word' id='word_1_111' title='bbox 1640 1763 1885 1834; x_wconf 85' lang='lat' dir='ltr'><strong>erigatis.</strong></span> 
     </span>
    </p>
   </div>
   <div class='ocr_carea' id='block_1_19' title="bbox 550 1855 2056 1928">
    <p class='ocr_par' dir='ltr' id='par_1_19' title="bbox 550 1855 2056 1928">
     <span class='ocr_line' id='line_1_19' title="bbox 550 1855 2056 1928; baseline 0 -17"><span class='ocrx_word' id='word_1_112' title='bbox 550 1857 808 1927; x_wconf 89' lang='lat' dir='ltr'><strong>Prompte</strong></span> <span class='ocrx_word' id='word_1_113' title='bbox 844 1858 1011 1928; x_wconf 81' lang='lat' dir='ltr'><strong>igitur</strong></span> <span class='ocrx_word' id='word_1_114' title='bbox 1049 1860 1296 1913; x_wconf 82' lang='lat' dir='ltr'><strong>debitum</strong></span> <span class='ocrx_word' id='word_1_115' title='bbox 1337 1858 1665 1922; x_wconf 84' lang='lat' dir='ltr'><strong>reddamus;</strong></span> <span class='ocrx_word' id='word_1_116' title='bbox 1701 1856 1842 1910; x_wconf 87' lang='lat' dir='ltr'><strong>alius</strong></span> <span class='ocrx_word' id='word_1_117' title='bbox 1874 1855 2056 1911; x_wconf 84' lang='lat' dir='ltr'><strong>laudis</strong></span> 
     </span>
    </p>
   </div>
   <div class='ocr_carea' id='block_1_20' title="bbox 483 1946 2055 2017">
    <p class='ocr_par' dir='ltr' id='par_1_20' title="bbox 483 1946 2055 2017">
     <span class='ocr_line' id='line_1_20' title="bbox 483 1946 2055 2017; baseline -0.001 -15"><span class='ocrx_word' id='word_1_118' title='bbox 483 1950 858 2016; x_wconf 79' lang='lat' dir='ltr'><strong>praeconium;</strong></span> <span class='ocrx_word' id='word_1_119' title='bbox 897 1950 1039 2003; x_wconf 91' lang='lat' dir='ltr'><strong>alius</strong></span> <span class='ocrx_word' id='word_1_120' title='bbox 1095 1949 1415 2014; x_wconf 83' lang='lat' dir='ltr'><strong>auditione;</strong></span> <span class='ocrx_word' id='word_1_121' title='bbox 1464 1957 1630 2017; x_wconf 89' lang='lat' dir='ltr'><strong>atque</strong></span> <span class='ocrx_word' id='word_1_122' title='bbox 1670 1947 1808 2001; x_wconf 91' lang='lat' dir='ltr'><strong>adeo</strong></span> <span class='ocrx_word' id='word_1_123' title='bbox 1861 1946 2055 2002; x_wconf 87' lang='lat' dir='ltr'><strong>fructi-</strong></span> 
     </span>
    </p>
   </div>
   <div class='ocr_carea' id='block_1_21' title="bbox 479 2033 2055 2109">
    <p class='ocr_par' dir='ltr' id='par_1_21' title="bbox 479 2033 2055 2109">
     <span class='ocr_line' id='line_1_21' title="bbox 479 2033 2055 2109; baseline 0.001 -17"><span class='ocrx_word' id='word_1_124' title='bbox 479 2039 743 2106; x_wconf 86' lang='lat' dir='ltr'><strong>ficemus;</strong></span> <span class='ocrx_word' id='word_1_125' title='bbox 785 2041 926 2094; x_wconf 83' lang='lat' dir='ltr'><strong>alius</strong></span> <span class='ocrx_word' id='word_1_126' title='bbox 958 2033 1208 2109; x_wconf 72' lang='lat' dir='ltr'><strong>quidem,</strong></span> <span class='ocrx_word' id='word_1_127' title='bbox 1237 2040 1513 2094; x_wconf 91' lang='lat' dir='ltr'><strong>actionem</strong></span> <span class='ocrx_word' id='word_1_128' title='bbox 1548 2039 1762 2093; x_wconf 88' lang='lat' dir='ltr'><strong>ratione</strong></span> <span class='ocrx_word' id='word_1_129' title='bbox 1787 2038 2055 2094; x_wconf 88' lang='lat' dir='ltr'><strong>nitentem</strong></span> 
     </span>
    </p>
   </div>
   <div class='ocr_carea' id='block_1_22' title="bbox 478 2133 2057 2200">
    <p class='ocr_par' dir='ltr' id='par_1_22' title="bbox 478 2133 2057 2200">
     <span class='ocr_line' id='line_1_22' title="bbox 478 2133 2057 2200; baseline -0.001 -14"><span class='ocrx_word' id='word_1_130' title='bbox 478 2148 540 2186; x_wconf 89' lang='lat' dir='ltr'><strong>ac</strong></span> <span class='ocrx_word' id='word_1_131' title='bbox 583 2133 893 2200; x_wconf 86' lang='lat' dir='ltr'><strong>eruditam;</strong></span> <span class='ocrx_word' id='word_1_132' title='bbox 925 2133 1065 2188; x_wconf 90' lang='lat' dir='ltr'><strong>alius</strong></span> <span class='ocrx_word' id='word_1_133' title='bbox 1110 2149 1263 2197; x_wconf 87' lang='lat' dir='ltr'><strong>vero,</strong></span> <span class='ocrx_word' id='word_1_134' title='bbox 1302 2147 1613 2187; x_wconf 89' lang='lat' dir='ltr'><strong>sermonem</strong></span> <span class='ocrx_word' id='word_1_135' title='bbox 1664 2141 1951 2186; x_wconf 88' lang='lat' dir='ltr'><strong>actuosum</strong></span> <span class='ocrx_word' id='word_1_136' title='bbox 2001 2138 2057 2184; x_wconf 90' lang='lat' dir='ltr'><strong>et</strong></span> 
     </span>
    </p>
   </div>
   <div class='ocr_carea' id='block_1_23' title="bbox 477 2222 2058 2290">
    <p class='ocr_par' dir='ltr' id='par_1_23' title="bbox 477 2222 2058 2290">
     <span class='ocr_line' id='line_1_23' title="bbox 477 2222 2058 2290; baseline -0.002 -11"><span class='ocrx_word' id='word_1_137' title='bbox 477 2224 807 2280; x_wconf 86' lang='lat' dir='ltr'><strong>efficacem:</strong></span> <span class='ocrx_word' id='word_1_138' title='bbox 860 2226 1003 2280; x_wconf 91' lang='lat' dir='ltr'><strong>alius</strong></span> <span class='ocrx_word' id='word_1_139' title='bbox 1054 2226 1374 2290; x_wconf 87' lang='lat' dir='ltr'><strong>canticum;</strong></span> <span class='ocrx_word' id='word_1_140' title='bbox 1426 2224 1567 2280; x_wconf 89' lang='lat' dir='ltr'><strong>alius</strong></span> <span class='ocrx_word' id='word_1_141' title='bbox 1622 2222 1957 2278; x_wconf 84' lang='lat' dir='ltr'><strong>desiderium</strong></span> <span class='ocrx_word' id='word_1_142' title='bbox 2001 2229 2058 2276; x_wconf 90' lang='lat' dir='ltr'><strong>et</strong></span> 
     </span>
    </p>
   </div>
   <div class='ocr_carea' id='block_1_24' title="bbox 478 2314 2050 2388">
    <p class='ocr_par' dir='ltr' id='par_1_24' title="bbox 478 2314 2050 2388">
     <span class='ocr_line' id='line_1_24' title="bbox 478 2314 2050 2388; baseline -0.003 -17"><span class='ocrx_word' id='word_1_143' title='bbox 478 2334 749 2384; x_wconf 70' lang='lat' dir='ltr'><strong>amorem;</strong></span> <span class='ocrx_word' id='word_1_144' title='bbox 777 2318 920 2374; x_wconf 87' lang='lat' dir='ltr'><strong>alius</strong></span> <span class='ocrx_word' id='word_1_145' title='bbox 945 2318 1425 2388; x_wconf 87' lang='lat' dir='ltr'><strong>compunctionem</strong></span> <span class='ocrx_word' id='word_1_146' title='bbox 1445 2334 1460 2382; x_wconf 90' lang='lat'><strong>;</strong></span> <span class='ocrx_word' id='word_1_147' title='bbox 1480 2317 1619 2371; x_wconf 88' lang='lat' dir='ltr'><strong>alius</strong></span> <span class='ocrx_word' id='word_1_148' title='bbox 1647 2314 2050 2386; x_wconf 65' lang='lat' dir='ltr'><strong>precationem;</strong></span> 
     </span>
    </p>
   </div>
   <div class='ocr_carea' id='block_1_25' title="bbox 477 2403 2054 2477">
    <p class='ocr_par' dir='ltr' id='par_1_25' title="bbox 477 2403 2054 2477">
     <span class='ocr_line' id='line_1_25' title="bbox 477 2403 2054 2477; baseline -0.003 -15"><span class='ocrx_word' id='word_1_149' title='bbox 477 2425 620 2462; x_wconf 88' lang='lat' dir='ltr'><strong>unus</strong></span> <span class='ocrx_word' id='word_1_150' title='bbox 668 2425 852 2463; x_wconf 85' lang='lat' dir='ltr'><strong>veram</strong></span> <span class='ocrx_word' id='word_1_151' title='bbox 900 2408 1089 2476; x_wconf 85' lang='lat' dir='ltr'><strong>ﬁdem,</strong></span> <span class='ocrx_word' id='word_1_152' title='bbox 1141 2410 1279 2463; x_wconf 89' lang='lat' dir='ltr'><strong>alter</strong></span> <span class='ocrx_word' id='word_1_153' title='bbox 1325 2407 1637 2477; x_wconf 74' lang='lat' dir='ltr'><strong>religiosam</strong></span> <span class='ocrx_word' id='word_1_154' title='bbox 1680 2407 1734 2460; x_wconf 92' lang='lat' dir='ltr'><strong>in</strong></span> <span class='ocrx_word' id='word_1_155' title='bbox 1774 2403 2054 2459; x_wconf 87' lang='lat' dir='ltr'><strong>Christum</strong></span> 
     </span>
    </p>
   </div>
   <div class='ocr_carea' id='block_1_26' title="bbox 475 2495 2056 2568">
    <p class='ocr_par' dir='ltr' id='par_1_26' title="bbox 475 2495 2056 2568">
     <span class='ocr_line' id='line_1_26' title="bbox 475 2495 2056 2568; baseline -0.003 -17"><span class='ocrx_word' id='word_1_156' title='bbox 475 2499 819 2553; x_wconf 88' lang='lat' dir='ltr'><strong>charitatem.</strong></span> <span class='ocrx_word' id='word_1_157' title='bbox 857 2497 1062 2554; x_wconf 87' lang='lat' dir='ltr'><strong>Inferat</strong></span> <span class='ocrx_word' id='word_1_158' title='bbox 1093 2499 1364 2568; x_wconf 90' lang='lat' dir='ltr'><strong>quispiam</strong></span> <span class='ocrx_word' id='word_1_159' title='bbox 1390 2513 1405 2562; x_wconf 91' lang='lat'><strong>;</strong></span> <span class='ocrx_word' id='word_1_160' title='bbox 1434 2497 1574 2552; x_wconf 89' lang='lat' dir='ltr'><strong>alius</strong></span> <span class='ocrx_word' id='word_1_161' title='bbox 1596 2495 1818 2565; x_wconf 87' lang='lat' dir='ltr'><strong>quidem</strong></span> <span class='ocrx_word' id='word_1_162' title='bbox 1849 2510 2056 2554; x_wconf 89' lang='lat' dir='ltr'><strong>sermo-</strong></span> 
     </span>
    </p>
   </div>
   <div class='ocr_carea' id='block_1_27' title="bbox 474 2579 2051 2657">
    <p class='ocr_par' dir='ltr' id='par_1_27' title="bbox 474 2579 2051 2657">
     <span class='ocr_line' id='line_1_27' title="bbox 474 2579 2051 2657; baseline -0.004 -14"><span class='ocrx_word' id='word_1_163' title='bbox 474 2579 596 2643; x_wconf 83' lang='lat' dir='ltr'><strong>nem</strong></span> <span class='ocrx_word' id='word_1_164' title='bbox 628 2589 910 2657; x_wconf 67' lang='lat' dir='ltr'><strong>sapientim</strong></span> <span class='ocrx_word' id='word_1_165' title='bbox 931 2606 945 2654; x_wconf 94' lang='lat'><strong>;</strong></span> <span class='ocrx_word' id='word_1_166' title='bbox 967 2590 1107 2643; x_wconf 90' lang='lat' dir='ltr'><strong>alius</strong></span> <span class='ocrx_word' id='word_1_167' title='bbox 1131 2588 1280 2653; x_wconf 86' lang='lat' dir='ltr'><strong>vero,</strong></span> <span class='ocrx_word' id='word_1_168' title='bbox 1303 2603 1611 2642; x_wconf 84' lang='lat' dir='ltr'><strong>sermonem</strong></span> <span class='ocrx_word' id='word_1_169' title='bbox 1638 2587 1881 2641; x_wconf 73' lang='lat' dir='ltr'><strong>scientia:</strong></span> <span class='ocrx_word' id='word_1_170' title='bbox 1900 2586 2051 2651; x_wconf 62' lang='lat'><strong>‘3&#39;“;</strong></span> 
     </span>
    </p>
   </div>
   <div class='ocr_carea' id='block_1_28' title="bbox 473 2676 2053 2751">
    <p class='ocr_par' dir='ltr' id='par_1_28' title="bbox 473 2676 2053 2751">
     <span class='ocr_line' id='line_1_28' title="bbox 473 2676 2053 2751; baseline -0.004 -17"><span class='ocrx_word' id='word_1_171' title='bbox 473 2691 635 2750; x_wconf 88' lang='lat' dir='ltr'><strong>atque</strong></span> <span class='ocrx_word' id='word_1_172' title='bbox 679 2680 789 2743; x_wconf 83' lang='lat' dir='ltr'><strong>hic,</strong></span> <span class='ocrx_word' id='word_1_173' title='bbox 830 2695 927 2734; x_wconf 89' lang='lat' dir='ltr'><strong>cor</strong></span> <span class='ocrx_word' id='word_1_174' title='bbox 971 2680 1094 2736; x_wconf 88' lang='lat' dir='ltr'><strong>lene</strong></span> <span class='ocrx_word' id='word_1_175' title='bbox 1131 2695 1194 2734; x_wconf 87' lang='lat' dir='ltr'><strong>ac</strong></span> <span class='ocrx_word' id='word_1_176' title='bbox 1223 2680 1511 2751; x_wconf 84' lang='lat' dir='ltr'><strong>quietum&#39;;</strong></span> <span class='ocrx_word' id='word_1_177' title='bbox 1551 2678 1665 2740; x_wconf 90' lang='lat' dir='ltr'><strong>ille,</strong></span> <span class='ocrx_word' id='word_1_178' title='bbox 1698 2678 1909 2730; x_wconf 89' lang='lat' dir='ltr'><strong>nullum</strong></span> <span class='ocrx_word' id='word_1_179' title='bbox 1953 2676 2053 2729; x_wconf 78' lang='lat' dir='ltr'><strong>lia-</strong></span> 
     </span>
    </p>
   </div>
   <div class='ocr_carea' id='block_1_29' title="bbox 474 2768 2050 2843">
    <p class='ocr_par' dir='ltr' id='par_1_29' title="bbox 474 2768 2050 2843">
     <span class='ocr_line' id='line_1_29' title="bbox 474 2768 2050 2843; baseline -0.001 -19"><span class='ocrx_word' id='word_1_180' title='bbox 474 2772 692 2826; x_wconf 88' lang='lat' dir='ltr'><strong>bentem</strong></span> <span class='ocrx_word' id='word_1_181' title='bbox 718 2772 880 2826; x_wconf 88' lang='lat' dir='ltr'><strong>finem</strong></span> <span class='ocrx_word' id='word_1_182' title='bbox 907 2774 1205 2843; x_wconf 85' lang='lat' dir='ltr'><strong>jugemque</strong></span> <span class='ocrx_word' id='word_1_183' title='bbox 1259 2772 1387 2827; x_wconf 87' lang='lat' dir='ltr'><strong>Jesu</strong></span> <span class='ocrx_word' id='word_1_184' title='bbox 1442 2770 1784 2824; x_wconf 87' lang='lat' dir='ltr'><strong>memoriam.</strong></span> <span class='ocrx_word' id='word_1_185' title='bbox 1817 2769 1936 2833; x_wconf 87' lang='lat' dir='ltr'><strong>Hic,</strong></span> <span class='ocrx_word' id='word_1_186' title='bbox 1962 2768 2050 2822; x_wconf 87' lang='lat' dir='ltr'><strong>in-</strong></span> 
     </span>
    </p>
   </div>
   <div class='ocr_carea' id='block_1_30' title="bbox 472 2865 2051 2939">
    <p class='ocr_par' dir='ltr' id='par_1_30' title="bbox 472 2865 2051 2939">
     <span class='ocr_line' id='line_1_30' title="bbox 472 2865 2051 2939; baseline -0.001 -17"><span class='ocrx_word' id='word_1_187' title='bbox 472 2870 820 2925; x_wconf 80' lang='lat' dir='ltr'><strong>deficientem</strong></span> <span class='ocrx_word' id='word_1_188' title='bbox 857 2875 1042 2925; x_wconf 84' lang='lat' dir='ltr'><strong>animo</strong></span> <span class='ocrx_word' id='word_1_189' title='bbox 1075 2869 1334 2939; x_wconf 88' lang='lat' dir='ltr'><strong>precandi</strong></span> <span class='ocrx_word' id='word_1_190' title='bbox 1357 2869 1468 2922; x_wconf 86' lang='lat' dir='ltr'><strong>vim</strong></span> <span class='ocrx_word' id='word_1_191' title='bbox 1495 2886 1509 2933; x_wconf 89' lang='lat'><strong>;</strong></span> <span class='ocrx_word' id='word_1_192' title='bbox 1539 2867 1629 2921; x_wconf 91' lang='lat' dir='ltr'><strong>ille</strong></span> <span class='ocrx_word' id='word_1_193' title='bbox 1650 2865 1854 2920; x_wconf 85' lang='lat' dir='ltr'><strong>claram</strong></span> <span class='ocrx_word' id='word_1_194' title='bbox 1886 2873 2051 2934; x_wconf 91' lang='lat' dir='ltr'><strong>atque</strong></span> 
     </span>
    </p>
   </div>
   <div class='ocr_carea' id='block_1_31' title="bbox 473 2958 2052 3034">
    <p class='ocr_par' dir='ltr' id='par_1_31' title="bbox 473 2958 2052 3034">
     <span class='ocr_line' id='line_1_31' title="bbox 473 2958 2052 3034; baseline -0.001 -21"><span class='ocrx_word' id='word_1_195' title='bbox 473 2962 709 3016; x_wconf 82' lang='lat' dir='ltr'><strong>lucidam</strong></span> <span class='ocrx_word' id='word_1_196' title='bbox 741 2963 1016 3034; x_wconf 80' lang='lat' dir='ltr'><strong>Cogitante</strong></span> <span class='ocrx_word' id='word_1_197' title='bbox 1049 2964 1234 3016; x_wconf 89' lang='lat' dir='ltr'><strong>animo</strong></span> <span class='ocrx_word' id='word_1_198' title='bbox 1275 2961 1482 3016; x_wconf 86' lang='lat' dir='ltr'><strong>Christi</strong></span> <span class='ocrx_word' id='word_1_199' title='bbox 1529 2960 1817 3014; x_wconf 88' lang='lat' dir='ltr'><strong>visionem.</strong></span> <span class='ocrx_word' id='word_1_200' title='bbox 1849 2958 2052 3013; x_wconf 85' lang='lat' dir='ltr'><strong>Omnes</strong></span> 
     </span>
    </p>
   </div>
   <div class='ocr_carea' id='block_1_32' title="bbox 475 3035 2051 3115">
    <p class='ocr_par' dir='ltr' id='par_1_32' title="bbox 475 3035 2051 3115">
     <span class='ocr_line' id='line_1_32' title="bbox 475 3035 2051 3115; baseline -0.004 -11"><span class='ocrx_word' id='word_1_201' title='bbox 475 3051 570 3106; x_wconf 86' lang='lat' dir='ltr'><strong>Dei</strong></span> <span class='ocrx_word' id='word_1_202' title='bbox 619 3035 899 3115; x_wconf 79' lang='lat' dir='ltr'><strong>timorem,</strong></span> <span class='ocrx_word' id='word_1_203' title='bbox 939 3066 1131 3105; x_wconf 90' lang='lat' dir='ltr'><strong>omnes</strong></span> <span class='ocrx_word' id='word_1_204' title='bbox 1179 3048 1597 3112; x_wconf 88' lang='lat' dir='ltr'><strong>continentiam,</strong></span> <span class='ocrx_word' id='word_1_205' title='bbox 1647 3061 1838 3103; x_wconf 89' lang='lat' dir='ltr'><strong>omnes</strong></span> <span class='ocrx_word' id='word_1_206' title='bbox 1881 3045 2051 3099; x_wconf 89' lang='lat' dir='ltr'><strong>animi</strong></span> 
     </span>
    </p>
   </div>
   <div class='ocr_carea' id='block_1_33' title="bbox 474 3137 2054 3216">
    <p class='ocr_par' dir='ltr' id='par_1_33' title="bbox 474 3137 2054 3216">
     <span class='ocr_line' id='line_1_33' title="bbox 474 3137 2054 3216; baseline -0.004 -19"><span class='ocrx_word' id='word_1_207' title='bbox 474 3160 778 3212; x_wconf 84' lang='lat' dir='ltr'><strong>sensusque</strong></span> <span class='ocrx_word' id='word_1_208' title='bbox 811 3143 1134 3216; x_wconf 83' lang='lat' dir='ltr'><strong>modestiam</strong></span> <span class='ocrx_word' id='word_1_209' title='bbox 1169 3151 1244 3208; x_wconf 87' lang='lat' dir='ltr'><strong>et,</strong></span> <span class='ocrx_word' id='word_1_210' title='bbox 1286 3152 1346 3196; x_wconf 89' lang='lat' dir='ltr'><strong>ut</strong></span> <span class='ocrx_word' id='word_1_211' title='bbox 1373 3156 1469 3211; x_wconf 89' lang='lat' dir='ltr'><strong>per</strong></span> <span class='ocrx_word' id='word_1_212' title='bbox 1491 3139 1810 3210; x_wconf 85' lang='lat' dir='ltr'><strong>patientiam</strong></span> <span class='ocrx_word' id='word_1_213' title='bbox 1839 3137 1904 3191; x_wconf 86' lang='lat' dir='ltr'><strong>ad</strong></span> <span class='ocrx_word' id='word_1_214' title='bbox 1939 3137 2054 3207; x_wconf 90' lang='lat' dir='ltr'><strong>pie-</strong></span> 
     </span>
    </p>
   </div>
   <div class='ocr_carea' id='block_1_34' title="bbox 474 3230 2054 3302">
    <p class='ocr_par' dir='ltr' id='par_1_34' title="bbox 474 3230 2054 3302">
     <span class='ocr_line' id='line_1_34' title="bbox 474 3230 2054 3302; baseline -0.005 -14"><span class='ocrx_word' id='word_1_215' title='bbox 474 3244 641 3288; x_wconf 83' lang='lat' dir='ltr'><strong>tatem</strong></span> <span class='ocrx_word' id='word_1_216' title='bbox 696 3250 799 3288; x_wconf 90' lang='lat' dir='ltr'><strong>nos</strong></span> <span class='ocrx_word' id='word_1_217' title='bbox 855 3235 1002 3302; x_wconf 89' lang='lat' dir='ltr'><strong>ipsos</strong></span> <span class='ocrx_word' id='word_1_218' title='bbox 1052 3233 1433 3296; x_wconf 67' lang='lat' dir='ltr'><strong>extendamus.</strong></span> <span class='ocrx_word' id='word_1_219' title='bbox 1487 3231 1578 3286; x_wconf 89' lang='lat' dir='ltr'><strong>Sic</strong></span> <span class='ocrx_word' id='word_1_220' title='bbox 1623 3230 1771 3284; x_wconf 90' lang='lat' dir='ltr'><strong>enim</strong></span> <span class='ocrx_word' id='word_1_221' title='bbox 1825 3243 2054 3297; x_wconf 85' lang='lat' dir='ltr'><strong>magnus</strong></span> 
     </span>
    </p>
   </div>
   <div class='ocr_carea' id='block_1_35' title="bbox 473 3321 2052 3400">
    <p class='ocr_par' dir='ltr' id='par_1_35' title="bbox 473 3321 2052 3400">
     <span class='ocr_line' id='line_1_35' title="bbox 473 3321 2052 3400; baseline -0.006 -15"><span class='ocrx_word' id='word_1_222' title='bbox 473 3333 768 3400; x_wconf 87' lang='lat' dir='ltr'><strong>Apostolus</strong></span> <span class='ocrx_word' id='word_1_223' title='bbox 801 3331 854 3383; x_wconf 91' lang='lat' dir='ltr'><strong>in</strong></span> <span class='ocrx_word' id='word_1_224' title='bbox 902 3330 1066 3385; x_wconf 89' lang='lat' dir='ltr'><strong>nobis</strong></span> <span class='ocrx_word' id='word_1_225' title='bbox 1111 3322 1526 3392; x_wconf 85' lang='lat' dir='ltr'><strong>clarificabitur,</strong></span> <span class='ocrx_word' id='word_1_226' title='bbox 1570 3342 1695 3381; x_wconf 92' lang='lat' dir='ltr'><strong>eum</strong></span> <span class='ocrx_word' id='word_1_227' title='bbox 1727 3323 1867 3378; x_wconf 89' lang='lat' dir='ltr'><strong>alius</strong></span> <span class='ocrx_word' id='word_1_228' title='bbox 1903 3321 2052 3376; x_wconf 91' lang='lat' dir='ltr'><strong>aliud</strong></span> 
     </span>
    </p>
   </div>
   <div class='ocr_carea' id='block_1_36' title="bbox 475 3410 2052 3490">
    <p class='ocr_par' dir='ltr' id='par_1_36' title="bbox 475 3410 2052 3490">
     <span class='ocr_line' id='line_1_36' title="bbox 475 3410 2052 3490; baseline -0.006 -16"><span class='ocrx_word' id='word_1_229' title='bbox 475 3421 608 3490; x_wconf 85' lang='lat' dir='ltr'><strong>quid</strong></span> <span class='ocrx_word' id='word_1_230' title='bbox 656 3421 802 3475; x_wconf 87' lang='lat' dir='ltr'><strong>illius</strong></span> <span class='ocrx_word' id='word_1_231' title='bbox 835 3418 1118 3474; x_wconf 86' lang='lat' dir='ltr'><strong>bonorum</strong></span> <span class='ocrx_word' id='word_1_232' title='bbox 1157 3419 1456 3489; x_wconf 72' lang='lat' dir='ltr'><strong>praestabit,</strong></span> <span class='ocrx_word' id='word_1_233' title='bbox 1494 3417 1846 3484; x_wconf 85' lang='lat' dir='ltr'><strong>universique</strong></span> <span class='ocrx_word' id='word_1_234' title='bbox 1889 3410 2052 3467; x_wconf 88' lang='lat' dir='ltr'><strong>simul</strong></span> 
     </span>
    </p>
   </div>
   <div class='ocr_carea' id='block_1_37' title="bbox 472 3505 2051 3577">
    <p class='ocr_par' dir='ltr' id='par_1_37' title="bbox 472 3505 2051 3577">
     <span class='ocr_line' id='line_1_37' title="bbox 472 3505 2051 3577; baseline -0.005 -11"><span class='ocrx_word' id='word_1_235' title='bbox 472 3528 600 3566; x_wconf 90' lang='lat' dir='ltr'><strong>eum</strong></span> <span class='ocrx_word' id='word_1_236' title='bbox 623 3513 833 3574; x_wconf 72' lang='lat' dir='ltr'><strong>clarius,</strong></span> <span class='ocrx_word' id='word_1_237' title='bbox 855 3512 1218 3577; x_wconf 84' lang='lat' dir='ltr'><strong>imitabimur,</strong></span> <span class='ocrx_word' id='word_1_238' title='bbox 1240 3527 1304 3566; x_wconf 89' lang='lat' dir='ltr'><strong>ac</strong></span> <span class='ocrx_word' id='word_1_239' title='bbox 1326 3511 1475 3566; x_wconf 89' lang='lat' dir='ltr'><strong>velut</strong></span> <span class='ocrx_word' id='word_1_240' title='bbox 1499 3509 1754 3564; x_wconf 88' lang='lat' dir='ltr'><strong>festivum</strong></span> <span class='ocrx_word' id='word_1_241' title='bbox 1776 3505 2051 3577; x_wconf 89' lang='lat' dir='ltr'><strong>quoddam</strong></span> 
     </span>
    </p>
   </div>
   <div class='ocr_carea' id='block_1_38' title="bbox 475 3598 2050 3679">
    <p class='ocr_par' dir='ltr' id='par_1_38' title="bbox 475 3598 2050 3679">
     <span class='ocr_line' id='line_1_38' title="bbox 475 3598 2050 3679; baseline -0.006 -21"><span class='ocrx_word' id='word_1_242' title='bbox 475 3622 696 3679; x_wconf 84' lang='lat' dir='ltr'><strong>munus,</strong></span> <span class='ocrx_word' id='word_1_243' title='bbox 739 3605 1061 3660; x_wconf 86' lang='lat' dir='ltr'><strong>imitationis</strong></span> <span class='ocrx_word' id='word_1_244' title='bbox 1096 3605 1335 3658; x_wconf 88' lang='lat' dir='ltr'><strong>fructum</strong></span> <span class='ocrx_word' id='word_1_245' title='bbox 1376 3602 1428 3657; x_wconf 91' lang='lat' dir='ltr'><strong>ei</strong></span> <span class='ocrx_word' id='word_1_246' title='bbox 1458 3601 1818 3672; x_wconf 84' lang='lat' dir='ltr'><strong>proferemus.</strong></span> <span class='ocrx_word' id='word_1_247' title='bbox 1863 3598 1953 3652; x_wconf 90' lang='lat' dir='ltr'><strong>Sic</strong></span> <span class='ocrx_word' id='word_1_248' title='bbox 1995 3606 2050 3650; x_wconf 90' lang='lat' dir='ltr'><strong>et</strong></span> 
     </span>
    </p>
   </div>
   <div class='ocr_carea' id='block_1_39' title="bbox 473 3689 2049 3768">
    <p class='ocr_par' dir='ltr' id='par_1_39' title="bbox 473 3689 2049 3768">
     <span class='ocr_line' id='line_1_39' title="bbox 473 3689 2049 3768; baseline -0.007 -16"><span class='ocrx_word' id='word_1_249' title='bbox 473 3700 591 3768; x_wconf 91' lang='lat' dir='ltr'><strong>ipse</strong></span> <span class='ocrx_word' id='word_1_250' title='bbox 628 3698 903 3762; x_wconf 88' lang='lat' dir='ltr'><strong>Christus,</strong></span> <span class='ocrx_word' id='word_1_251' title='bbox 941 3697 1035 3766; x_wconf 91' lang='lat' dir='ltr'><strong>qui</strong></span> <span class='ocrx_word' id='word_1_252' title='bbox 1080 3697 1135 3749; x_wconf 89' lang='lat' dir='ltr'><strong>in</strong></span> <span class='ocrx_word' id='word_1_253' title='bbox 1181 3694 1384 3749; x_wconf 89' lang='lat' dir='ltr'><strong>sanctis</strong></span> <span class='ocrx_word' id='word_1_254' title='bbox 1425 3691 1753 3761; x_wconf 87' lang='lat' dir='ltr'><strong>requiescat,</strong></span> <span class='ocrx_word' id='word_1_255' title='bbox 1786 3701 1950 3758; x_wconf 90' lang='lat' dir='ltr'><strong>atque</strong></span> <span class='ocrx_word' id='word_1_256' title='bbox 1991 3689 2049 3741; x_wconf 92' lang='lat' dir='ltr'><strong>in</strong></span> 
     </span>
    </p>
   </div>
   <div class='ocr_carea' id='block_1_40' title="bbox 472 3780 2047 3862">
    <p class='ocr_par' dir='ltr' id='par_1_40' title="bbox 472 3780 2047 3862">
     <span class='ocr_line' id='line_1_40' title="bbox 472 3780 2047 3862; baseline -0.006 -17"><span class='ocrx_word' id='word_1_257' title='bbox 472 3792 544 3846; x_wconf 89' lang='lat' dir='ltr'><strong>iis</strong></span> <span class='ocrx_word' id='word_1_258' title='bbox 581 3792 673 3862; x_wconf 89' lang='lat' dir='ltr'><strong>qui</strong></span> <span class='ocrx_word' id='word_1_259' title='bbox 711 3790 1082 3860; x_wconf 76' lang='lat' dir='ltr'><strong>clarificantur</strong></span> <span class='ocrx_word' id='word_1_260' title='bbox 1129 3788 1482 3850; x_wconf 87' lang='lat' dir='ltr'><strong>clarificetur,</strong></span> <span class='ocrx_word' id='word_1_261' title='bbox 1524 3800 1551 3837; x_wconf 88' lang='lat' dir='ltr'><strong>a</strong></span> <span class='ocrx_word' id='word_1_262' title='bbox 1599 3799 1708 3853; x_wconf 87' lang='lat' dir='ltr'><strong>quo</strong></span> <span class='ocrx_word' id='word_1_263' title='bbox 1753 3782 1931 3836; x_wconf 90' lang='lat' dir='ltr'><strong>omnis</strong></span> <span class='ocrx_word' id='word_1_264' title='bbox 1977 3780 2047 3837; x_wconf 89' lang='lat' dir='ltr'><strong>ad</strong></span> 
     </span>
    </p>
   </div>
   <div class='ocr_carea' id='block_1_41' title="bbox 471 3873 2044 3948">
    <p class='ocr_par' dir='ltr' id='par_1_41' title="bbox 471 3873 2044 3948">
     <span class='ocr_line' id='line_1_41' title="bbox 471 3873 2044 3948; baseline -0.007 -10"><span class='ocrx_word' id='word_1_265' title='bbox 471 3885 733 3938; x_wconf 87' lang='lat' dir='ltr'><strong>virtutem</strong></span> <span class='ocrx_word' id='word_1_266' title='bbox 779 3881 1062 3947; x_wconf 88' lang='lat' dir='ltr'><strong>incitatio;</strong></span> <span class='ocrx_word' id='word_1_267' title='bbox 1103 3896 1167 3934; x_wconf 90' lang='lat' dir='ltr'><strong>ac</strong></span> <span class='ocrx_word' id='word_1_268' title='bbox 1221 3879 1313 3948; x_wconf 90' lang='lat' dir='ltr'><strong>qui</strong></span> <span class='ocrx_word' id='word_1_269' title='bbox 1364 3877 1542 3931; x_wconf 86' lang='lat' dir='ltr'><strong>omnis</strong></span> <span class='ocrx_word' id='word_1_270' title='bbox 1589 3875 1746 3929; x_wconf 72' lang='lat' dir='ltr'><strong>bona:</strong></span> <span class='ocrx_word' id='word_1_271' title='bbox 1776 3873 2044 3940; x_wconf 85' lang='lat' dir='ltr'><strong>actionis,</strong></span> 
     </span>
    </p>
   </div>
   <div class='ocr_carea' id='block_1_42' title="bbox 469 3977 1548 4052">
    <p class='ocr_par' dir='ltr' id='par_1_42' title="bbox 469 3977 1548 4052">
     <span class='ocr_line' id='line_1_42' title="bbox 469 3977 1548 4052; baseline -0.007 -17"><span class='ocrx_word' id='word_1_272' title='bbox 469 3980 802 4052; x_wconf 90' lang='lat' dir='ltr'><strong>principium</strong></span> <span class='ocrx_word' id='word_1_273' title='bbox 831 3990 886 4035; x_wconf 92' lang='lat' dir='ltr'><strong>et</strong></span> <span class='ocrx_word' id='word_1_274' title='bbox 913 3980 1154 4034; x_wconf 88' lang='lat' dir='ltr'><strong>medium</strong></span> <span class='ocrx_word' id='word_1_275' title='bbox 1188 3994 1252 4031; x_wconf 86' lang='lat' dir='ltr'><strong>ac</strong></span> <span class='ocrx_word' id='word_1_276' title='bbox 1282 3977 1407 4029; x_wconf 84' lang='lat' dir='ltr'><strong>finis</strong></span> <span class='ocrx_word' id='word_1_277' title='bbox 1445 3984 1548 4029; x_wconf 88' lang='lat' dir='ltr'><strong>est.</strong></span> 
     </span>
    </p>
   </div>
   <div class='ocr_carea' id='block_1_43' title="bbox 538 4065 2047 4144">
    <p class='ocr_par' dir='ltr' id='par_1_43' title="bbox 538 4065 2047 4144">
     <span class='ocr_line' id='line_1_43' title="bbox 538 4065 2047 4144; baseline -0.007 -16"><span class='ocrx_word' id='word_1_278' title='bbox 538 4076 896 4144; x_wconf 87' lang='lat' dir='ltr'><strong>Posteaquam</strong></span> <span class='ocrx_word' id='word_1_279' title='bbox 955 4078 1120 4135; x_wconf 88' lang='lat' dir='ltr'><strong>vero,</strong></span> <span class='ocrx_word' id='word_1_280' title='bbox 1181 4087 1278 4139; x_wconf 89' lang='lat' dir='ltr'><strong>pro</strong></span> <span class='ocrx_word' id='word_1_281' title='bbox 1330 4067 1475 4122; x_wconf 91' lang='lat' dir='ltr'><strong>virili</strong></span> <span class='ocrx_word' id='word_1_282' title='bbox 1535 4075 1725 4120; x_wconf 87' lang='lat' dir='ltr'><strong>nostra</strong></span> <span class='ocrx_word' id='word_1_283' title='bbox 1785 4065 2047 4120; x_wconf 84' lang='lat' dir='ltr'><strong>facultate</strong></span> 
     </span>
    </p>
   </div>
   <div class='ocr_carea' id='block_1_44' title="bbox 469 4157 2046 4231">
    <p class='ocr_par' dir='ltr' id='par_1_44' title="bbox 469 4157 2046 4231">
     <span class='ocr_line' id='line_1_44' title="bbox 469 4157 2046 4231; baseline -0.008 -11"><span class='ocrx_word' id='word_1_284' title='bbox 469 4167 742 4221; x_wconf 89' lang='lat' dir='ltr'><strong>theatrum</strong></span> <span class='ocrx_word' id='word_1_285' title='bbox 787 4164 1023 4220; x_wconf 88' lang='lat' dir='ltr'><strong>orationi</strong></span> <span class='ocrx_word' id='word_1_286' title='bbox 1082 4159 1581 4231; x_wconf 63' lang='lat' dir='ltr'><strong>praeinstruximus,</strong></span> <span class='ocrx_word' id='word_1_287' title='bbox 1631 4174 1728 4228; x_wconf 83' lang='lat' dir='ltr'><strong>age</strong></span> <span class='ocrx_word' id='word_1_288' title='bbox 1770 4158 1882 4226; x_wconf 90' lang='lat' dir='ltr'><strong>jam</strong></span> <span class='ocrx_word' id='word_1_289' title='bbox 1930 4157 2046 4224; x_wconf 89' lang='lat' dir='ltr'><strong>ipsa</strong></span> 
     </span>
    </p>
   </div>
   <div class='ocr_carea' id='block_1_45' title="bbox 467 4248 2046 4326">
    <p class='ocr_par' dir='ltr' id='par_1_45' title="bbox 467 4248 2046 4326">
     <span class='ocr_line' id='line_1_45' title="bbox 467 4248 2046 4326; baseline -0.008 -14"><span class='ocrx_word' id='word_1_290' title='bbox 467 4259 763 4313; x_wconf 88' lang='lat' dir='ltr'><strong>certamina</strong></span> <span class='ocrx_word' id='word_1_291' title='bbox 818 4255 1234 4326; x_wconf 83' lang='lat' dir='ltr'><strong>aggrediamur,</strong></span> <span class='ocrx_word' id='word_1_292' title='bbox 1278 4260 1443 4320; x_wconf 90' lang='lat' dir='ltr'><strong>atque</strong></span> <span class='ocrx_word' id='word_1_293' title='bbox 1498 4250 1567 4304; x_wconf 90' lang='lat' dir='ltr'><strong>ad</strong></span> <span class='ocrx_word' id='word_1_294' title='bbox 1621 4248 2046 4319; x_wconf 83' lang='lat' dir='ltr'><strong>apostolicarum</strong></span> 
     </span>
    </p>
   </div>
   <div class='ocr_carea' id='block_1_46' title="bbox 466 4342 2041 4409">
    <p class='ocr_par' dir='ltr' id='par_1_46' title="bbox 466 4342 2041 4409">
     <span class='ocr_line' id='line_1_46' title="bbox 466 4342 2041 4409; baseline -0.006 -6"><span class='ocrx_word' id='word_1_295' title='bbox 466 4350 688 4403; x_wconf 88' lang='lat' dir='ltr'><strong>laudum</strong></span> <span class='ocrx_word' id='word_1_296' title='bbox 708 4345 1093 4409; x_wconf 86' lang='lat' dir='ltr'><strong>celsitudinem</strong></span> <span class='ocrx_word' id='word_1_297' title='bbox 1116 4343 1249 4397; x_wconf 90' lang='lat' dir='ltr'><strong>eniti</strong></span> <span class='ocrx_word' id='word_1_298' title='bbox 1275 4342 1654 4403; x_wconf 88' lang='lat' dir='ltr'><strong>connitamur;</strong></span> <span class='ocrx_word' id='word_1_299' title='bbox 1675 4356 1784 4394; x_wconf 89' lang='lat' dir='ltr'><strong>non</strong></span> <span class='ocrx_word' id='word_1_300' title='bbox 1811 4350 2041 4403; x_wconf 89' lang='lat' dir='ltr'><strong>temere,</strong></span> 
     </span>
    </p>
   </div>
   <div class='ocr_carea' id='block_1_47' title="bbox 2172 486 2364 556">
    <p class='ocr_par' dir='ltr' id='par_1_47' title="bbox 2172 486 2364 556">
     <span class='ocr_line' id='line_1_47' title="bbox 2172 486 2364 556; baseline -0.042 0"><span class='ocrx_word' id='word_1_301' title='bbox 2172 486 2364 556; x_wconf 79' lang='grc' dir='ltr'><strong>δομῆς-</strong></span> 
     </span>
    </p>
   </div>
   <div class='ocr_carea' id='block_1_48' title="bbox 2244 568 3728 647">
    <p class='ocr_par' dir='ltr' id='par_1_48' title="bbox 2244 568 3728 647">
     <span class='ocr_line' id='line_1_48' title="bbox 2244 568 3728 647; baseline -0.008 -16"><span class='ocrx_word' id='word_1_302' title='bbox 2244 577 2449 632; x_wconf 82' lang='grc' dir='ltr'>Οὐκοῦν</span> <span class='ocrx_word' id='word_1_303' title='bbox 2487 575 2879 643; x_wconf 81' lang='grc' dir='ltr'>διαναστῶμεν,</span> <span class='ocrx_word' id='word_1_304' title='bbox 2932 568 2976 627; x_wconf 79' lang='grc' dir='ltr'><strong>ὧ</strong></span> <span class='ocrx_word' id='word_1_305' title='bbox 3017 573 3238 642; x_wconf 77' lang='grc' dir='ltr'>ἄνδρεςι</span> <span class='ocrx_word' id='word_1_306' title='bbox 3278 575 3413 645; x_wconf 79' lang='grc' dir='ltr'>πρὸς</span> <span class='ocrx_word' id='word_1_307' title='bbox 3443 575 3538 629; x_wconf 76' lang='grc' dir='ltr'>τὸν</span> <span class='ocrx_word' id='word_1_308' title='bbox 3594 594 3728 647; x_wconf 80' lang='grc' dir='ltr'>προ.</span> 
     </span>
    </p>
   </div>
   <div class='ocr_carea' id='block_1_49' title="bbox 2175 665 3731 740">
    <p class='ocr_par' dir='ltr' id='par_1_49' title="bbox 2175 665 3731 740">
     <span class='ocr_line' id='line_1_49' title="bbox 2175 665 3731 740; baseline -0.001 -18"><span class='ocrx_word' id='word_1_309' title='bbox 2175 670 2423 739; x_wconf 85' lang='grc' dir='ltr'>κείμενον</span> <span class='ocrx_word' id='word_1_310' title='bbox 2459 669 2591 737; x_wconf 84' lang='grc' dir='ltr'><strong>ήμῖν</strong></span> <span class='ocrx_word' id='word_1_311' title='bbox 2617 665 2807 733; x_wconf 84' lang='grc' dir='ltr'>ἀγῶνα</span> <span class='ocrx_word' id='word_1_312' title='bbox 2830 683 2844 696; x_wconf 85' lang='grc'><strong>⁸</strong></span> <span class='ocrx_word' id='word_1_313' title='bbox 2892 665 3065 728; x_wconf 77' lang='grc' dir='ltr'>κοινὸς</span> <span class='ocrx_word' id='word_1_314' title='bbox 3100 666 3209 737; x_wconf 84' lang='grc' dir='ltr'>γὰρ</span> <span class='ocrx_word' id='word_1_315' title='bbox 3233 667 3406 721; x_wconf 70' lang='grc' dir='ltr'>ἅπασι</span> <span class='ocrx_word' id='word_1_316' title='bbox 3449 669 3731 740; x_wconf 88' lang='grc' dir='ltr'>πρόκειται</span> 
     </span>
    </p>
   </div>
   <div class='ocr_carea' id='block_1_50' title="bbox 2175 757 3743 832">
    <p class='ocr_par' dir='ltr' id='par_1_50' title="bbox 2175 757 3743 832">
     <span class='ocr_line' id='line_1_50' title="bbox 2175 757 3743 832; baseline 0.003 -19"><span class='ocrx_word' id='word_1_317' title='bbox 2175 762 2412 832; x_wconf 83' lang='grc' dir='ltr'><strong>σήμερον</strong></span> <span class='ocrx_word' id='word_1_318' title='bbox 2465 763 2494 814; x_wconf 92' lang='lat'><strong>6</strong></span> <span class='ocrx_word' id='word_1_319' title='bbox 2551 757 2741 827; x_wconf 79' lang='grc' dir='ltr'>ἀγῶν’</span> <span class='ocrx_word' id='word_1_320' title='bbox 2791 759 2911 827; x_wconf 75' lang='grc' dir='ltr'>ἐμοὶ</span> <span class='ocrx_word' id='word_1_321' title='bbox 2971 760 3103 830; x_wconf 79' lang='grc' dir='ltr'>μὲν,</span> <span class='ocrx_word' id='word_1_322' title='bbox 3158 760 3258 830; x_wconf 86' lang='grc' dir='ltr'>τήν</span> <span class='ocrx_word' id='word_1_323' title='bbox 3311 761 3578 830; x_wconf 77' lang='grc' dir='ltr'><strong>κορωνίδα</strong></span> <span class='ocrx_word' id='word_1_324' title='bbox 3625 764 3743 819; x_wconf 61' lang='grc' dir='ltr'>τῶνα</span> 
     </span>
    </p>
   </div>
   <div class='ocr_carea' id='block_1_51' title="bbox 2177 847 3731 923">
    <p class='ocr_par' dir='ltr' id='par_1_51' title="bbox 2177 847 3731 923">
     <span class='ocr_line' id='line_1_51' title="bbox 2177 847 3731 923; baseline 0 -17"><span class='ocrx_word' id='word_1_325' title='bbox 2177 853 2454 922; x_wconf 77' lang='grc' dir='ltr'><strong>μαθητῶν,</strong></span> <span class='ocrx_word' id='word_1_326' title='bbox 2515 852 2625 904; x_wconf 84' lang='grc' dir='ltr'><strong>τῶν</strong></span> <span class='ocrx_word' id='word_1_327' title='bbox 2679 847 3008 904; x_wconf 84' lang='grc' dir='ltr'>ἀποστόλων’</span> <span class='ocrx_word' id='word_1_328' title='bbox 3041 852 3138 923; x_wconf 82' lang='grc' dir='ltr'>τὴν</span> <span class='ocrx_word' id='word_1_329' title='bbox 3184 853 3448 923; x_wconf 81' lang='grc' dir='ltr'>κορυφὴν,</span> <span class='ocrx_word' id='word_1_330' title='bbox 3498 855 3588 908; x_wconf 80' lang='grc' dir='ltr'>τὸν</span> <span class='ocrx_word' id='word_1_331' title='bbox 3636 855 3731 922; x_wconf 84' lang='grc' dir='ltr'>τῆς</span> 
     </span>
    </p>
   </div>
   <div class='ocr_carea' id='block_1_52' title="bbox 2172 942 3732 1012">
    <p class='ocr_par' dir='ltr' id='par_1_52' title="bbox 2172 942 3732 1012">
     <span class='ocr_line' id='line_1_52' title="bbox 2172 942 3732 1012; baseline 0.001 -16"><span class='ocrx_word' id='word_1_332' title='bbox 2172 945 2393 1012; x_wconf 86' lang='grc' dir='ltr'>ἀνδρίας</span> <span class='ocrx_word' id='word_1_333' title='bbox 2452 942 2741 1012; x_wconf 84' lang='grc' dir='ltr'>ἐπώνυμον</span> <span class='ocrx_word' id='word_1_334' title='bbox 2809 942 3097 1012; x_wconf 80' lang='grc' dir='ltr'><strong>Ἀνδρέαν,</strong></span> <span class='ocrx_word' id='word_1_335' title='bbox 3153 946 3264 1007; x_wconf 86' lang='grc' dir='ltr'>τοῖς</span> <span class='ocrx_word' id='word_1_336' title='bbox 3329 943 3568 1008; x_wconf 64' lang='grc' dir='ltr'>ἐπαίνοις</span> <span class='ocrx_word' id='word_1_337' title='bbox 3626 946 3732 998; x_wconf 88' lang='grc' dir='ltr'>τῶν</span> 
     </span>
    </p>
   </div>
   <div class='ocr_carea' id='block_1_53' title="bbox 2170 1034 3732 1106">
    <p class='ocr_par' dir='ltr' id='par_1_53' title="bbox 2170 1034 3732 1106">
     <span class='ocr_line' id='line_1_53' title="bbox 2170 1034 3732 1106; baseline 0 -19"><span class='ocrx_word' id='word_1_338' title='bbox 2170 1036 2366 1102; x_wconf 87' lang='grc' dir='ltr'>λόγων,</span> <span class='ocrx_word' id='word_1_339' title='bbox 2390 1035 2464 1097; x_wconf 84' lang='grc' dir='ltr'>ὡς</span> <span class='ocrx_word' id='word_1_340' title='bbox 2492 1034 2678 1089; x_wconf 79' lang='grc' dir='ltr'>ἄνθεσι</span> <span class='ocrx_word' id='word_1_341' title='bbox 2726 1034 2893 1101; x_wconf 82' lang='grc' dir='ltr'><strong>ῥόδων</strong></span> <span class='ocrx_word' id='word_1_342' title='bbox 2929 1035 3213 1104; x_wconf 79' lang='grc' dir='ltr'>ἀναδῆσαι,</span> <span class='ocrx_word' id='word_1_343' title='bbox 3265 1035 3479 1105; x_wconf 79' lang='grc' dir='ltr'>καὶτῆς</span> <span class='ocrx_word' id='word_1_344' title='bbox 3515 1038 3732 1106; x_wconf 86' lang='grc' dir='ltr'><strong>μνήμης</strong></span> 
     </span>
    </p>
   </div>
   <div class='ocr_carea' id='block_1_54' title="bbox 2171 1122 3734 1195">
    <p class='ocr_par' dir='ltr' id='par_1_54' title="bbox 2171 1122 3734 1195">
     <span class='ocr_line' id='line_1_54' title="bbox 2171 1122 3734 1195; baseline -0.002 -17"><span class='ocrx_word' id='word_1_345' title='bbox 2171 1127 2585 1194; x_wconf 80' lang='grc' dir='ltr'>κατατρυφῆσαι</span> <span class='ocrx_word' id='word_1_346' title='bbox 2617 1140 2630 1155; x_wconf 89' lang='grc'><strong>⁸</strong></span> <span class='ocrx_word' id='word_1_347' title='bbox 2671 1122 2764 1176; x_wconf 80' lang='grc' dir='ltr'>καὶ</span> <span class='ocrx_word' id='word_1_348' title='bbox 2790 1122 2976 1192; x_wconf 84' lang='grc' dir='ltr'>ὥσπερ</span> <span class='ocrx_word' id='word_1_349' title='bbox 3006 1124 3150 1192; x_wconf 85' lang='grc' dir='ltr'><strong>αὐτῷ</strong></span> <span class='ocrx_word' id='word_1_350' title='bbox 3183 1127 3410 1195; x_wconf 82' lang='grc' dir='ltr'><strong>παρόντι</strong></span> <span class='ocrx_word' id='word_1_351' title='bbox 3455 1123 3548 1176; x_wconf 72' lang='grc' dir='ltr'>καὶ</span> <span class='ocrx_word' id='word_1_352' title='bbox 3596 1125 3734 1194; x_wconf 86' lang='grc' dir='ltr'>ὁρω-</span> 
     </span>
    </p>
   </div>
   <div class='ocr_carea' id='block_1_55' title="bbox 2158 1203 3734 1287">
    <p class='ocr_par' dir='ltr' id='par_1_55' title="bbox 2158 1203 3734 1287">
     <span class='ocr_line' id='line_1_55' title="bbox 2158 1203 3734 1287; baseline -0.003 -15"><span class='ocrx_word' id='word_1_353' title='bbox 2158 1203 2318 1286; x_wconf 40' lang='grc' dir='ltr'>ίμένῳ</span> <span class='ocrx_word' id='word_1_354' title='bbox 2367 1217 2784 1287; x_wconf 79' lang='grc' dir='ltr'>προσλαλῆσαι⁸</span> <span class='ocrx_word' id='word_1_355' title='bbox 2843 1216 2936 1267; x_wconf 77' lang='grc' dir='ltr'>καὶ</span> <span class='ocrx_word' id='word_1_356' title='bbox 2986 1217 3096 1277; x_wconf 88' lang='grc' dir='ltr'>τοῖς</span> <span class='ocrx_word' id='word_1_357' title='bbox 3147 1219 3275 1284; x_wconf 78' lang='grc' dir='ltr'>περὶ</span> <span class='ocrx_word' id='word_1_358' title='bbox 3332 1214 3498 1268; x_wconf 85' lang='grc' dir='ltr'>αὐτοῦ</span> <span class='ocrx_word' id='word_1_359' title='bbox 3545 1215 3734 1284; x_wconf 85' lang='grc' dir='ltr'>διηγή-</span> 
     </span>
    </p>
   </div>
   <div class='ocr_carea' id='block_1_56' title="bbox 2174 1307 3734 1378">
    <p class='ocr_par' dir='ltr' id='par_1_56' title="bbox 2174 1307 3734 1378">
     <span class='ocr_line' id='line_1_56' title="bbox 2174 1307 3734 1378; baseline -0.003 -16"><span class='ocrx_word' id='word_1_360' title='bbox 2174 1326 2337 1378; x_wconf 84' lang='grc' dir='ltr'>μασιν</span> <span class='ocrx_word' id='word_1_361' title='bbox 2401 1307 2912 1376; x_wconf 71' lang='grc' dir='ltr'>ὲγκαλλωπΐσασθαι</span> <span class='ocrx_word' id='word_1_362' title='bbox 2950 1323 2962 1335; x_wconf 94' lang='grc'><strong>·</strong></span> <span class='ocrx_word' id='word_1_363' title='bbox 2999 1308 3125 1376; x_wconf 83' lang='grc' dir='ltr'>ὑμῖν</span> <span class='ocrx_word' id='word_1_364' title='bbox 3175 1307 3253 1371; x_wconf 86' lang='grc' dir='ltr'>δὲ,</span> <span class='ocrx_word' id='word_1_365' title='bbox 3325 1307 3425 1376; x_wconf 85' lang='grc' dir='ltr'>τῆς</span> <span class='ocrx_word' id='word_1_366' title='bbox 3494 1308 3734 1375; x_wconf 80' lang='grc' dir='ltr'><strong>ἀγωνίας</strong></span> 
     </span>
    </p>
   </div>
   <div class='ocr_carea' id='block_1_57' title="bbox 2170 1398 3800 1475">
    <p class='ocr_par' dir='ltr' id='par_1_57' title="bbox 2170 1398 3800 1475">
     <span class='ocr_line' id='line_1_57' title="bbox 2170 1398 3800 1475; baseline 0 -24"><span class='ocrx_word' id='word_1_367' title='bbox 2170 1401 2295 1470; x_wconf 73' lang='grc' dir='ltr'><strong>ἐμοὶ</strong></span> <span class='ocrx_word' id='word_1_368' title='bbox 2350 1402 2658 1466; x_wconf 84' lang='grc' dir='ltr'>κοινωνεῖν,</span> <span class='ocrx_word' id='word_1_369' title='bbox 2709 1400 2806 1453; x_wconf 74' lang='grc' dir='ltr'>καὶ</span> <span class='ocrx_word' id='word_1_370' title='bbox 2852 1400 2951 1468; x_wconf 82' lang='grc' dir='ltr'>ὅση</span> <span class='ocrx_word' id='word_1_371' title='bbox 3013 1398 3238 1475; x_wconf 83' lang='grc' dir='ltr'>δύναμις</span> <span class='ocrx_word' id='word_1_372' title='bbox 3293 1402 3608 1468; x_wconf 84' lang='grc' dir='ltr'>συνεργεῖν,</span> <span class='ocrx_word' id='word_1_373' title='bbox 3655 1398 3733 1468; x_wconf 83' lang='grc' dir='ltr'>τῷ</span> <span class='ocrx_word' id='word_1_374' title='bbox 3795 1429 3800 1434; x_wconf 95' lang='grc'><strong>-</strong></span> 
     </span>
    </p>
   </div>
   <div class='ocr_carea' id='block_1_58' title="bbox 2172 1490 3734 1564">
    <p class='ocr_par' dir='ltr' id='par_1_58' title="bbox 2172 1490 3734 1564">
     <span class='ocr_line' id='line_1_58' title="bbox 2172 1490 3734 1564; baseline -0.001 -19"><span class='ocrx_word' id='word_1_375' title='bbox 2172 1495 2498 1564; x_wconf 88' lang='grc' dir='ltr'>προσευχαῖς</span> <span class='ocrx_word' id='word_1_376' title='bbox 2525 1493 2808 1558; x_wconf 83' lang='grc' dir='ltr'><strong>ἀλαλήτοις</strong></span> <span class='ocrx_word' id='word_1_377' title='bbox 2834 1493 2909 1563; x_wconf 77' lang='lat'><strong>(7)</strong></span> <span class='ocrx_word' id='word_1_378' title='bbox 2960 1492 3218 1558; x_wconf 82' lang='grc' dir='ltr'><strong>κάμνοντι</strong></span> <span class='ocrx_word' id='word_1_379' title='bbox 3267 1490 3359 1543; x_wconf 77' lang='grc' dir='ltr'><strong>τὸν</strong></span> <span class='ocrx_word' id='word_1_380' title='bbox 3417 1492 3560 1554; x_wconf 81' lang='grc' dir='ltr'>νοῦν,</span> <span class='ocrx_word' id='word_1_381' title='bbox 3595 1508 3734 1561; x_wconf 80' lang='grc' dir='ltr'>συμ-</span> 
     </span>
    </p>
   </div>
   <div class='ocr_carea' id='block_1_59' title="bbox 2173 1581 3734 1654">
    <p class='ocr_par' dir='ltr' id='par_1_59' title="bbox 2173 1581 3734 1654">
     <span class='ocr_line' id='line_1_59' title="bbox 2173 1581 3734 1654; baseline -0.001 -19"><span class='ocrx_word' id='word_1_382' title='bbox 2173 1586 2383 1644; x_wconf 81' lang='grc' dir='ltr'>πονεῖν,</span> <span class='ocrx_word' id='word_1_383' title='bbox 2426 1583 2518 1641; x_wconf 75' lang='grc' dir='ltr'>καὶ</span> <span class='ocrx_word' id='word_1_384' title='bbox 2569 1584 2704 1654; x_wconf 76' lang='grc' dir='ltr'>πρὸς</span> <span class='ocrx_word' id='word_1_385' title='bbox 2753 1583 2815 1636; x_wconf 85' lang='grc' dir='ltr'>τὸ</span> <span class='ocrx_word' id='word_1_386' title='bbox 2864 1586 2961 1651; x_wconf 81' lang='grc' dir='ltr'>τῆς</span> <span class='ocrx_word' id='word_1_387' title='bbox 3015 1582 3320 1642; x_wconf 78' lang='grc' dir='ltr'>ὑποθέσεως</span> <span class='ocrx_word' id='word_1_388' title='bbox 3373 1581 3599 1649; x_wconf 79' lang='grc' dir='ltr'>μέγεθος</span> <span class='ocrx_word' id='word_1_389' title='bbox 3645 1582 3734 1634; x_wconf 84' lang='grc' dir='ltr'>τὸν</span> 
     </span>
    </p>
   </div>
   <div class='ocr_carea' id='block_1_60' title="bbox 2172 1673 3734 1744">
    <p class='ocr_par' dir='ltr' id='par_1_60' title="bbox 2172 1673 3734 1744">
     <span class='ocr_line' id='line_1_60' title="bbox 2172 1673 3734 1744; baseline 0 -18"><span class='ocrx_word' id='word_1_390' title='bbox 2172 1674 2327 1741; x_wconf 87' lang='grc' dir='ltr'>λόγον</span> <span class='ocrx_word' id='word_1_391' title='bbox 2367 1675 2672 1739; x_wconf 78' lang='grc' dir='ltr'>ὀκλάζοντι,</span> <span class='ocrx_word' id='word_1_392' title='bbox 2698 1675 2786 1727; x_wconf 89' lang='grc' dir='ltr'>διὰ</span> <span class='ocrx_word' id='word_1_393' title='bbox 2820 1673 3037 1744; x_wconf 80' lang='grc' dir='ltr'><strong>βαθείας</strong></span> <span class='ocrx_word' id='word_1_394' title='bbox 3077 1673 3234 1741; x_wconf 84' lang='grc' dir='ltr'>σιγῆς</span> <span class='ocrx_word' id='word_1_395' title='bbox 3290 1673 3734 1743; x_wconf 69' lang='grc' dir='ltr'>παραθαρρύνειν</span> 
     </span>
    </p>
   </div>
   <div class='ocr_carea' id='block_1_61' title="bbox 2091 1756 2573 1836">
    <p class='ocr_par' dir='ltr' id='par_1_61' title="bbox 2091 1756 2573 1836">
     <span class='ocr_line' id='line_1_61' title="bbox 2091 1756 2573 1836; baseline 0.004 -18"><span class='ocrx_word' id='word_1_396' title='bbox 2091 1756 2130 1811; x_wconf 79' lang='grc' dir='ltr'><strong>Β</strong></span> <span class='ocrx_word' id='word_1_397' title='bbox 2161 1767 2254 1818; x_wconf 75' lang='grc' dir='ltr'>καὶ</span> <span class='ocrx_word' id='word_1_398' title='bbox 2284 1768 2573 1836; x_wconf 77' lang='grc' dir='ltr'>προσοχῆς.</span> 
     </span>
    </p>
   </div>
   <div class='ocr_carea' id='block_1_62' title="bbox 2245 1858 3730 1929">
    <p class='ocr_par' dir='ltr' id='par_1_62' title="bbox 2245 1858 3730 1929">
     <span class='ocr_line' id='line_1_62' title="bbox 2245 1858 3730 1929; baseline -0.001 -18"><span class='ocrx_word' id='word_1_399' title='bbox 2245 1859 2557 1927; x_wconf 83' lang='grc' dir='ltr'>Ἀποδὼμεν</span> <span class='ocrx_word' id='word_1_400' title='bbox 2581 1861 2761 1912; x_wconf 87' lang='grc' dir='ltr'>τοίνυν</span> <span class='ocrx_word' id='word_1_401' title='bbox 2788 1858 3083 1929; x_wconf 86' lang='grc' dir='ltr'>προθύμως</span> <span class='ocrx_word' id='word_1_402' title='bbox 3118 1859 3216 1928; x_wconf 84' lang='grc' dir='ltr'>τὴν</span> <span class='ocrx_word' id='word_1_403' title='bbox 3248 1860 3466 1929; x_wconf 82' lang='grc' dir='ltr'>δφειλήν</span> <span class='ocrx_word' id='word_1_404' title='bbox 3496 1876 3509 1889; x_wconf 87' lang='grc'><strong>⁸</strong></span> <span class='ocrx_word' id='word_1_405' title='bbox 3535 1861 3563 1910; x_wconf 94' lang='lat'><strong>6</strong></span> <span class='ocrx_word' id='word_1_406' title='bbox 3612 1858 3730 1928; x_wconf 83' lang='grc' dir='ltr'>μὲν,</span> 
     </span>
    </p>
   </div>
   <div class='ocr_carea' id='block_1_63' title="bbox 2159 1950 3733 2023">
    <p class='ocr_par' dir='ltr' id='par_1_63' title="bbox 2159 1950 3733 2023">
     <span class='ocr_line' id='line_1_63' title="bbox 2159 1950 3733 2023; baseline 0 -18"><span class='ocrx_word' id='word_1_407' title='bbox 2159 1952 2256 2023; x_wconf 83' lang='grc' dir='ltr'>τὴν</span> <span class='ocrx_word' id='word_1_408' title='bbox 2281 1951 2554 2020; x_wconf 76' lang='grc' dir='ltr'>εὐφημίαν</span> <span class='ocrx_word' id='word_1_409' title='bbox 2586 1991 2601 2015; x_wconf 95' lang='grc'><strong>,</strong></span> <span class='ocrx_word' id='word_1_410' title='bbox 2649 1952 2697 2003; x_wconf 79' lang='lat' dir='ltr'><strong>oi</strong></span> <span class='ocrx_word' id='word_1_411' title='bbox 2744 1950 2820 2014; x_wconf 79' lang='grc' dir='ltr'>δὲ,</span> <span class='ocrx_word' id='word_1_412' title='bbox 2871 1952 2970 2020; x_wconf 74' lang='grc' dir='ltr'><strong>τῆν</strong></span> <span class='ocrx_word' id='word_1_413' title='bbox 3028 1952 3289 2023; x_wconf 75' lang='grc' dir='ltr'>ἀκρόασιν</span> <span class='ocrx_word' id='word_1_414' title='bbox 3318 1969 3332 1982; x_wconf 89' lang='grc'><strong>⁸</strong></span> <span class='ocrx_word' id='word_1_415' title='bbox 3390 1953 3482 2004; x_wconf 78' lang='grc' dir='ltr'><strong>καὶ</strong></span> <span class='ocrx_word' id='word_1_416' title='bbox 3525 1967 3733 2020; x_wconf 75' lang='grc' dir='ltr'>καρπο-</span> 
     </span>
    </p>
   </div>
   <div class='ocr_carea' id='block_1_64' title="bbox 2159 2041 3731 2114">
    <p class='ocr_par' dir='ltr' id='par_1_64' title="bbox 2159 2041 3731 2114">
     <span class='ocr_line' id='line_1_64' title="bbox 2159 2041 3731 2114; baseline 0 -18"><span class='ocrx_word' id='word_1_417' title='bbox 2159 2044 2411 2114; x_wconf 87' lang='grc' dir='ltr'>φορῶμεν</span> <span class='ocrx_word' id='word_1_418' title='bbox 2441 2060 2454 2072; x_wconf 92' lang='grc'><strong>⁸</strong></span> <span class='ocrx_word' id='word_1_419' title='bbox 2488 2043 2516 2094; x_wconf 98' lang='lat'><strong>6</strong></span> <span class='ocrx_word' id='word_1_420' title='bbox 2568 2042 2666 2112; x_wconf 82' lang='grc' dir='ltr'>μὲν</span> <span class='ocrx_word' id='word_1_421' title='bbox 2715 2041 2911 2113; x_wconf 83' lang='grc' dir='ltr'>πρᾶξιν</span> <span class='ocrx_word' id='word_1_422' title='bbox 2967 2041 3224 2110; x_wconf 86' lang='grc' dir='ltr'>εὕλογον·</span> <span class='ocrx_word' id='word_1_423' title='bbox 3275 2044 3303 2096; x_wconf 89' lang='lat'><strong>6</strong></span> <span class='ocrx_word' id='word_1_424' title='bbox 3339 2044 3394 2097; x_wconf 82' lang='grc' dir='ltr'>δὲ</span> <span class='ocrx_word' id='word_1_425' title='bbox 3435 2045 3591 2112; x_wconf 81' lang='grc' dir='ltr'>λόγον</span> <span class='ocrx_word' id='word_1_426' title='bbox 3630 2045 3731 2114; x_wconf 59' lang='grc' dir='ltr'>ἔμε</span> 
     </span>
    </p>
   </div>
   <div class='ocr_carea' id='block_1_65' title="bbox 2159 2133 3730 2206">
    <p class='ocr_par' dir='ltr' id='par_1_65' title="bbox 2159 2133 3730 2206">
     <span class='ocr_line' id='line_1_65' title="bbox 2159 2133 3730 2206; baseline 0.001 -20"><span class='ocrx_word' id='word_1_427' title='bbox 2159 2150 2436 2206; x_wconf 87' lang='grc' dir='ltr'>πρακτον⁸</span> <span class='ocrx_word' id='word_1_428' title='bbox 2484 2137 2514 2187; x_wconf 92' lang='lat'><strong>6</strong></span> <span class='ocrx_word' id='word_1_429' title='bbox 2577 2134 2678 2204; x_wconf 85' lang='grc' dir='ltr'>μὲν</span> <span class='ocrx_word' id='word_1_430' title='bbox 2726 2135 2818 2187; x_wconf 82' lang='grc' dir='ltr'>τὸν</span> <span class='ocrx_word' id='word_1_431' title='bbox 2870 2133 3075 2204; x_wconf 90' lang='grc' dir='ltr'>ὕμνον·</span> <span class='ocrx_word' id='word_1_432' title='bbox 3117 2138 3146 2188; x_wconf 92' lang='lat'><strong>6</strong></span> <span class='ocrx_word' id='word_1_433' title='bbox 3190 2136 3248 2188; x_wconf 82' lang='grc' dir='ltr'>δὲ</span> <span class='ocrx_word' id='word_1_434' title='bbox 3299 2138 3388 2188; x_wconf 75' lang='grc' dir='ltr'>τὸν</span> <span class='ocrx_word' id='word_1_435' title='bbox 3440 2137 3638 2188; x_wconf 82' lang='grc' dir='ltr'>πόθον⁸</span> <span class='ocrx_word' id='word_1_436' title='bbox 3700 2137 3730 2188; x_wconf 85' lang='lat'><strong>6</strong></span> 
     </span>
    </p>
   </div>
   <div class='ocr_carea' id='block_1_66' title="bbox 2161 2224 3728 2306">
    <p class='ocr_par' dir='ltr' id='par_1_66' title="bbox 2161 2224 3728 2306">
     <span class='ocr_line' id='line_1_66' title="bbox 2161 2224 3728 2306; baseline -0.001 -27"><span class='ocrx_word' id='word_1_437' title='bbox 2161 2227 2259 2296; x_wconf 83' lang='grc' dir='ltr'>μὲν</span> <span class='ocrx_word' id='word_1_438' title='bbox 2315 2224 2643 2289; x_wconf 81' lang='grc' dir='ltr'>κατὰνυξιν·</span> <span class='ocrx_word' id='word_1_439' title='bbox 2728 2227 2756 2277; x_wconf 90' lang='lat'><strong>6</strong></span> <span class='ocrx_word' id='word_1_440' title='bbox 2806 2225 2861 2278; x_wconf 85' lang='grc' dir='ltr'>δὲ</span> <span class='ocrx_word' id='word_1_441' title='bbox 2926 2227 3236 2306; x_wconf 85' lang='grc' dir='ltr'>προσευχήν</span> <span class='ocrx_word' id='word_1_442' title='bbox 3269 2243 3282 2256; x_wconf 92' lang='grc'><strong>⁸</strong></span> <span class='ocrx_word' id='word_1_443' title='bbox 3336 2225 3492 2287; x_wconf 77' lang='grc' dir='ltr'>ἄλλος</span> <span class='ocrx_word' id='word_1_444' title='bbox 3546 2226 3728 2277; x_wconf 86' lang='grc' dir='ltr'>πίστιν</span> 
     </span>
    </p>
   </div>
   <div class='ocr_carea' id='block_1_67' title="bbox 2155 2317 3728 2389">
    <p class='ocr_par' dir='ltr' id='par_1_67' title="bbox 2155 2317 3728 2389">
     <span class='ocr_line' id='line_1_67' title="bbox 2155 2317 3728 2389; baseline -0.001 -18"><span class='ocrx_word' id='word_1_445' title='bbox 2155 2319 2458 2389; x_wconf 74' lang='grc' dir='ltr'>εἰλικρινῆ,</span> <span class='ocrx_word' id='word_1_446' title='bbox 2523 2317 2680 2382; x_wconf 75' lang='grc' dir='ltr'>ἀλλος</span> <span class='ocrx_word' id='word_1_447' title='bbox 2737 2318 2956 2387; x_wconf 82' lang='grc' dir='ltr'>ἀγάπην</span> <span class='ocrx_word' id='word_1_448' title='bbox 3010 2319 3350 2388; x_wconf 84' lang='grc' dir='ltr'>χριστοφιλῆ.</span> <span class='ocrx_word' id='word_1_449' title='bbox 3411 2318 3728 2388; x_wconf 78' lang='grc' dir='ltr'>Εὶσφερὲτω</span> 
     </span>
    </p>
   </div>
   <div class='ocr_carea' id='block_1_68' title="bbox 2155 2409 3723 2481">
    <p class='ocr_par' dir='ltr' id='par_1_68' title="bbox 2155 2409 3723 2481">
     <span class='ocr_line' id='line_1_68' title="bbox 2155 2409 3723 2481; baseline 0 -19"><span class='ocrx_word' id='word_1_450' title='bbox 2155 2429 2239 2472; x_wconf 88' lang='grc' dir='ltr'><strong>τις</strong></span> <span class='ocrx_word' id='word_1_451' title='bbox 2265 2428 2277 2441; x_wconf 89' lang='grc'><strong>⁸</strong></span> <span class='ocrx_word' id='word_1_452' title='bbox 2308 2414 2336 2463; x_wconf 82' lang='lat'><strong>6</strong></span> <span class='ocrx_word' id='word_1_453' title='bbox 2365 2413 2486 2481; x_wconf 83' lang='grc' dir='ltr'>μὲν,</span> <span class='ocrx_word' id='word_1_454' title='bbox 2522 2410 2678 2479; x_wconf 86' lang='grc' dir='ltr'>λόγον</span> <span class='ocrx_word' id='word_1_455' title='bbox 2711 2411 2901 2479; x_wconf 81' lang='grc' dir='ltr'>σοφίας</span> <span class='ocrx_word' id='word_1_456' title='bbox 2925 2426 2938 2438; x_wconf 86' lang='grc'><strong>⁸</strong></span> <span class='ocrx_word' id='word_1_457' title='bbox 2959 2411 3112 2472; x_wconf 78' lang='grc' dir='ltr'>ἄλλος</span> <span class='ocrx_word' id='word_1_458' title='bbox 3137 2411 3214 2472; x_wconf 82' lang='grc' dir='ltr'>δὲ,</span> <span class='ocrx_word' id='word_1_459' title='bbox 3238 2411 3395 2477; x_wconf 85' lang='grc' dir='ltr'>λόγον</span> <span class='ocrx_word' id='word_1_460' title='bbox 3427 2409 3677 2476; x_wconf 84' lang='grc' dir='ltr'>γνώσεως</span> <span class='ocrx_word' id='word_1_461' title='bbox 3708 2425 3723 2439; x_wconf 99' lang='grc'><strong>⁸</strong></span> 
     </span>
    </p>
   </div>
   <div class='ocr_carea' id='block_1_69' title="bbox 2155 2502 3728 2573">
    <p class='ocr_par' dir='ltr' id='par_1_69' title="bbox 2155 2502 3728 2573">
     <span class='ocr_line' id='line_1_69' title="bbox 2155 2502 3728 2573; baseline -0.003 -17"><span class='ocrx_word' id='word_1_462' title='bbox 2155 2504 2324 2571; x_wconf 83' lang='grc' dir='ltr'>ὁμὲν,</span> <span class='ocrx_word' id='word_1_463' title='bbox 2363 2504 2595 2570; x_wconf 86' lang='grc' dir='ltr'>πραεῖαν</span> <span class='ocrx_word' id='word_1_464' title='bbox 2630 2503 2858 2573; x_wconf 86' lang='grc' dir='ltr'>καρδίαν</span> <span class='ocrx_word' id='word_1_465' title='bbox 2883 2504 2975 2556; x_wconf 72' lang='grc' dir='ltr'>καὶ</span> <span class='ocrx_word' id='word_1_466' title='bbox 3019 2503 3220 2571; x_wconf 75' lang='grc' dir='ltr'>ἥσυχον</span> <span class='ocrx_word' id='word_1_467' title='bbox 3253 2518 3266 2530; x_wconf 88' lang='grc'><strong>⁸</strong></span> <span class='ocrx_word' id='word_1_468' title='bbox 3309 2505 3335 2553; x_wconf 92' lang='lat'><strong>6</strong></span> <span class='ocrx_word' id='word_1_469' title='bbox 3386 2502 3463 2567; x_wconf 81' lang='grc' dir='ltr'>δὲ,</span> <span class='ocrx_word' id='word_1_470' title='bbox 3508 2503 3728 2569; x_wconf 84' lang='grc' dir='ltr'>μνήμην</span> 
     </span>
    </p>
   </div>
   <div class='ocr_carea' id='block_1_70' title="bbox 2153 2593 3777 2665">
    <p class='ocr_par' dir='ltr' id='par_1_70' title="bbox 2153 2593 3777 2665">
     <span class='ocr_line' id='line_1_70' title="bbox 2153 2593 3777 2665; baseline -0.002 -17"><span class='ocrx_word' id='word_1_471' title='bbox 2153 2595 2385 2662; x_wconf 84' lang='grc' dir='ltr'>ἄληκτον</span> <span class='ocrx_word' id='word_1_472' title='bbox 2431 2595 2525 2647; x_wconf 81' lang='grc' dir='ltr'>καὶ</span> <span class='ocrx_word' id='word_1_473' title='bbox 2577 2595 2802 2648; x_wconf 85' lang='grc' dir='ltr'>ἀένναον</span> <span class='ocrx_word' id='word_1_474' title='bbox 2861 2595 3070 2665; x_wconf 81' lang='grc' dir='ltr'>Ἰησοῦ⁸</span> <span class='ocrx_word' id='word_1_475' title='bbox 3117 2598 3143 2646; x_wconf 81' lang='grc' dir='ltr'>ὁ</span> <span class='ocrx_word' id='word_1_476' title='bbox 3196 2596 3316 2663; x_wconf 85' lang='grc' dir='ltr'>μὲν,</span> <span class='ocrx_word' id='word_1_477' title='bbox 3377 2593 3729 2646; x_wconf 85' lang='grc' dir='ltr'>ἀνέκλειπτον</span> <span class='ocrx_word' id='word_1_478' title='bbox 3772 2633 3777 2654; x_wconf 74' lang='lat'><strong>,</strong></span> 
     </span>
    </p>
   </div>
   <div class='ocr_carea' id='block_1_71' title="bbox 2155 2682 3728 2756">
    <p class='ocr_par' dir='ltr' id='par_1_71' title="bbox 2155 2682 3728 2756">
     <span class='ocr_line' id='line_1_71' title="bbox 2155 2682 3728 2756; baseline -0.001 -20"><span class='ocrx_word' id='word_1_479' title='bbox 2155 2685 2295 2736; x_wconf 84' lang='grc' dir='ltr'><strong>κατά</strong></span> <span class='ocrx_word' id='word_1_480' title='bbox 2321 2684 2444 2738; x_wconf 80' lang='grc' dir='ltr'>νοῦν</span> <span class='ocrx_word' id='word_1_481' title='bbox 2479 2688 2789 2756; x_wconf 88' lang='grc' dir='ltr'>προσευχήν</span> <span class='ocrx_word' id='word_1_482' title='bbox 2822 2702 2836 2714; x_wconf 89' lang='grc'><strong>⁸</strong></span> <span class='ocrx_word' id='word_1_483' title='bbox 2881 2687 2909 2738; x_wconf 84' lang='lat'><strong>6</strong></span> <span class='ocrx_word' id='word_1_484' title='bbox 2953 2686 3008 2738; x_wconf 85' lang='grc' dir='ltr'>δὲ</span> <span class='ocrx_word' id='word_1_485' title='bbox 3050 2685 3294 2754; x_wconf 81' lang='grc' dir='ltr'>καθαρὰν</span> <span class='ocrx_word' id='word_1_486' title='bbox 3326 2682 3559 2754; x_wconf 84' lang='grc' dir='ltr'>Χριστοῦ</span> <span class='ocrx_word' id='word_1_487' title='bbox 3590 2699 3728 2751; x_wconf 87' lang='grc' dir='ltr'>φαν-</span> 
     </span>
    </p>
   </div>
   <div class='ocr_carea' id='block_1_72' title="bbox 2151 2774 3728 2844">
    <p class='ocr_par' dir='ltr' id='par_1_72' title="bbox 2151 2774 3728 2844">
     <span class='ocr_line' id='line_1_72' title="bbox 2151 2774 3728 2844; baseline -0.003 -16"><span class='ocrx_word' id='word_1_488' title='bbox 2151 2777 2342 2828; x_wconf 85' lang='grc' dir='ltr'>τασίαν</span> <span class='ocrx_word' id='word_1_489' title='bbox 2373 2778 2464 2829; x_wconf 80' lang='grc' dir='ltr'>καὶ</span> <span class='ocrx_word' id='word_1_490' title='bbox 2496 2777 2809 2844; x_wconf 86' lang='grc' dir='ltr'>φωτοφανῆ.</span> <span class='ocrx_word' id='word_1_491' title='bbox 2867 2777 3072 2838; x_wconf 81' lang='grc' dir='ltr'>Πάντες</span> <span class='ocrx_word' id='word_1_492' title='bbox 3122 2776 3285 2843; x_wconf 81' lang='grc' dir='ltr'>φόϐον</span> <span class='ocrx_word' id='word_1_493' title='bbox 3320 2774 3477 2837; x_wconf 83' lang='grc' dir='ltr'>Θεοῦ,</span> <span class='ocrx_word' id='word_1_494' title='bbox 3526 2774 3728 2836; x_wconf 81' lang='grc' dir='ltr'>πάντες</span> 
     </span>
    </p>
   </div>
   <div class='ocr_carea' id='block_1_73' title="bbox 2152 2854 3728 2938">
    <p class='ocr_par' dir='ltr' id='par_1_73' title="bbox 2152 2854 3728 2938">
     <span class='ocr_line' id='line_1_73' title="bbox 2152 2854 3728 2938; baseline -0.001 -18"><span class='ocrx_word' id='word_1_495' title='bbox 2152 2854 2517 2938; x_wconf 81' lang='grc' dir='ltr'>ἐγκράτειαν,</span> <span class='ocrx_word' id='word_1_496' title='bbox 2593 2868 3094 2938; x_wconf 83' lang='grc' dir='ltr'>ταπεινοφροσύνην</span> <span class='ocrx_word' id='word_1_497' title='bbox 3170 2869 3405 2930; x_wconf 82' lang='grc' dir='ltr'>πάντες,</span> <span class='ocrx_word' id='word_1_498' title='bbox 3465 2868 3561 2920; x_wconf 80' lang='grc' dir='ltr'>καὶ</span> <span class='ocrx_word' id='word_1_499' title='bbox 3613 2870 3728 2930; x_wconf 87' lang='grc' dir='ltr'>τοῖς</span> 
     </span>
    </p>
   </div>
   <div class='ocr_carea' id='block_1_74' title="bbox 2155 2959 3729 3031">
    <p class='ocr_par' dir='ltr' id='par_1_74' title="bbox 2155 2959 3729 3031">
     <span class='ocr_line' id='line_1_74' title="bbox 2155 2959 3729 3031; baseline 0.001 -18"><span class='ocrx_word' id='word_1_500' title='bbox 2155 2963 2290 3031; x_wconf 80' lang='grc' dir='ltr'>πρὸς</span> <span class='ocrx_word' id='word_1_501' title='bbox 2315 2961 2596 3031; x_wconf 80' lang='grc' dir='ltr'>εὐσέϐειαν</span> <span class='ocrx_word' id='word_1_502' title='bbox 2638 2962 2705 3014; x_wconf 85' lang='grc' dir='ltr'><strong>δι’</strong></span> <span class='ocrx_word' id='word_1_503' title='bbox 2762 2961 3039 3030; x_wconf 84' lang='grc' dir='ltr'>ὑπομονῆς</span> <span class='ocrx_word' id='word_1_504' title='bbox 3086 2961 3513 3014; x_wconf 80' lang='grc' dir='ltr'>ὲπεκτείνεσθαι.</span> <span class='ocrx_word' id='word_1_505' title='bbox 3568 2959 3729 3014; x_wconf 89' lang='grc' dir='ltr'>Οὕτω</span> 
     </span>
    </p>
   </div>
   <div class='ocr_carea' id='block_1_75' title="bbox 2157 3053 3722 3123">
    <p class='ocr_par' dir='ltr' id='par_1_75' title="bbox 2157 3053 3722 3123">
     <span class='ocr_line' id='line_1_75' title="bbox 2157 3053 3722 3123; baseline 0 -17"><span class='ocrx_word' id='word_1_506' title='bbox 2157 3055 2263 3123; x_wconf 77' lang='grc' dir='ltr'><strong>γὰρ</strong></span> <span class='ocrx_word' id='word_1_507' title='bbox 2317 3055 2344 3105; x_wconf 92' lang='lat'><strong>6</strong></span> <span class='ocrx_word' id='word_1_508' title='bbox 2410 3055 2584 3123; x_wconf 78' lang='grc' dir='ltr'>μέγας</span> <span class='ocrx_word' id='word_1_509' title='bbox 2641 3053 2959 3115; x_wconf 87' lang='grc' dir='ltr'>Ἀπόστολος</span> <span class='ocrx_word' id='word_1_510' title='bbox 3013 3053 3070 3106; x_wconf 81' lang='grc' dir='ltr'>ὲν</span> <span class='ocrx_word' id='word_1_511' title='bbox 3135 3055 3267 3123; x_wconf 89' lang='grc' dir='ltr'>ήμῖν</span> <span class='ocrx_word' id='word_1_512' title='bbox 3316 3053 3722 3122; x_wconf 83' lang='grc' dir='ltr'>δοξασθήσεται,</span> 
     </span>
    </p>
   </div>
   <div class='ocr_carea' id='block_1_76' title="bbox 2155 3143 3726 3214">
    <p class='ocr_par' dir='ltr' id='par_1_76' title="bbox 2155 3143 3726 3214">
     <span class='ocr_line' id='line_1_76' title="bbox 2155 3143 3726 3214; baseline 0 -17"><span class='ocrx_word' id='word_1_513' title='bbox 2155 3145 2316 3197; x_wconf 84' lang='grc' dir='ltr'>ἄλλου</span> <span class='ocrx_word' id='word_1_514' title='bbox 2377 3146 2511 3214; x_wconf 75' lang='grc' dir='ltr'>πρὸς</span> <span class='ocrx_word' id='word_1_515' title='bbox 2575 3144 2701 3198; x_wconf 83' lang='grc' dir='ltr'>ἄλλο</span> <span class='ocrx_word' id='word_1_516' title='bbox 2760 3162 2809 3196; x_wconf 89' lang='grc' dir='ltr'><strong>τι</strong></span> <span class='ocrx_word' id='word_1_517' title='bbox 2865 3144 2973 3197; x_wconf 81' lang='grc' dir='ltr'><strong>τῶν</strong></span> <span class='ocrx_word' id='word_1_518' title='bbox 3028 3144 3234 3197; x_wconf 77' lang='grc' dir='ltr'>ἐκείνου</span> <span class='ocrx_word' id='word_1_519' title='bbox 3293 3143 3726 3214; x_wconf 80' lang='grc' dir='ltr'>κατορθουμένου</span> 
     </span>
    </p>
   </div>
   <div class='ocr_carea' id='block_1_77' title="bbox 2157 3236 3726 3307">
    <p class='ocr_par' dir='ltr' id='par_1_77' title="bbox 2157 3236 3726 3307">
     <span class='ocr_line' id='line_1_77' title="bbox 2157 3236 3726 3307; baseline -0.003 -17"><span class='ocrx_word' id='word_1_520' title='bbox 2157 3237 2356 3298; x_wconf 85' lang='grc' dir='ltr'>καλῶν,</span> <span class='ocrx_word' id='word_1_521' title='bbox 2409 3237 2503 3288; x_wconf 78' lang='grc' dir='ltr'>καὶ</span> <span class='ocrx_word' id='word_1_522' title='bbox 2557 3237 2772 3290; x_wconf 84' lang='grc' dir='ltr'>πάντων</span> <span class='ocrx_word' id='word_1_523' title='bbox 2832 3236 2992 3306; x_wconf 73' lang='grc' dir='ltr'><strong>ὁμοῦ·</strong></span> <span class='ocrx_word' id='word_1_524' title='bbox 3031 3238 3394 3307; x_wconf 82' lang='grc' dir='ltr'>τρανεστέραν</span> <span class='ocrx_word' id='word_1_525' title='bbox 3441 3236 3541 3307; x_wconf 82' lang='grc' dir='ltr'>τὴν</span> <span class='ocrx_word' id='word_1_526' title='bbox 3590 3237 3726 3306; x_wconf 73' lang='grc' dir='ltr'>πρὸς</span> 
     </span>
    </p>
   </div>
   <div class='ocr_carea' id='block_1_78' title="bbox 2155 3329 3728 3399">
    <p class='ocr_par' dir='ltr' id='par_1_78' title="bbox 2155 3329 3728 3399">
     <span class='ocr_line' id='line_1_78' title="bbox 2155 3329 3728 3399; baseline 0 -19"><span class='ocrx_word' id='word_1_527' title='bbox 2155 3329 2316 3382; x_wconf 79' lang='grc' dir='ltr'>αὐτὸν</span> <span class='ocrx_word' id='word_1_528' title='bbox 2384 3329 2839 3399; x_wconf 75' lang='grc' dir='ltr'>ἐπιδεικνυμένων</span> <span class='ocrx_word' id='word_1_529' title='bbox 2887 3330 3222 3398; x_wconf 83' lang='grc' dir='ltr'>ὁμοιότητα⁸</span> <span class='ocrx_word' id='word_1_530' title='bbox 3271 3331 3364 3382; x_wconf 76' lang='grc' dir='ltr'>καὶ</span> <span class='ocrx_word' id='word_1_531' title='bbox 3414 3329 3603 3399; x_wconf 79' lang='grc' dir='ltr'>ὥσπερ</span> <span class='ocrx_word' id='word_1_532' title='bbox 3673 3345 3728 3381; x_wconf 90' lang='grc' dir='ltr'><strong>τι</strong></span> 
     </span>
    </p>
   </div>
   <div class='ocr_carea' id='block_1_79' title="bbox 2152 3421 3727 3494">
    <p class='ocr_par' dir='ltr' id='par_1_79' title="bbox 2152 3421 3727 3494">
     <span class='ocr_line' id='line_1_79' title="bbox 2152 3421 3727 3494; baseline 0.001 -21"><span class='ocrx_word' id='word_1_533' title='bbox 2152 3423 2321 3493; x_wconf 87' lang='grc' dir='ltr'>δῶρον</span> <span class='ocrx_word' id='word_1_534' title='bbox 2371 3423 2577 3488; x_wconf 82' lang='grc' dir='ltr'>ὲόρτιον</span> <span class='ocrx_word' id='word_1_535' title='bbox 2611 3422 2707 3493; x_wconf 82' lang='grc' dir='ltr'>τὴν</span> <span class='ocrx_word' id='word_1_536' title='bbox 2759 3423 2988 3494; x_wconf 90' lang='grc' dir='ltr'>μίμησιν</span> <span class='ocrx_word' id='word_1_537' title='bbox 3042 3421 3188 3492; x_wconf 86' lang='grc' dir='ltr'><strong>αὐτῷ</strong></span> <span class='ocrx_word' id='word_1_538' title='bbox 3232 3422 3727 3492; x_wconf 79' lang='grc' dir='ltr'>καρποφορούντων</span> 
     </span>
    </p>
   </div>
   <div class='ocr_carea' id='block_1_80' title="bbox 2150 3513 3729 3584">
    <p class='ocr_par' dir='ltr' id='par_1_80' title="bbox 2150 3513 3729 3584">
     <span class='ocr_line' id='line_1_80' title="bbox 2150 3513 3729 3584; baseline 0.001 -20"><span class='ocrx_word' id='word_1_539' title='bbox 2150 3514 2250 3581; x_wconf 80' lang='grc' dir='ltr'>τῆς</span> <span class='ocrx_word' id='word_1_540' title='bbox 2277 3514 2497 3582; x_wconf 78' lang='grc' dir='ltr'>ἀρετῆς.</span> <span class='ocrx_word' id='word_1_541' title='bbox 2531 3513 2691 3566; x_wconf 79' lang='grc' dir='ltr'>Οὕτω</span> <span class='ocrx_word' id='word_1_542' title='bbox 2719 3515 2812 3567; x_wconf 78' lang='grc' dir='ltr'>καὶ</span> <span class='ocrx_word' id='word_1_543' title='bbox 2837 3514 3069 3584; x_wconf 79' lang='grc' dir='ltr'>Χριστὸς</span> <span class='ocrx_word' id='word_1_544' title='bbox 3117 3515 3299 3580; x_wconf 73' lang='grc' dir='ltr'>αὐτὸς,</span> <span class='ocrx_word' id='word_1_545' title='bbox 3360 3516 3388 3566; x_wconf 91' lang='lat'><strong>6</strong></span> <span class='ocrx_word' id='word_1_546' title='bbox 3437 3517 3494 3566; x_wconf 81' lang='grc' dir='ltr'>ὲν</span> <span class='ocrx_word' id='word_1_547' title='bbox 3549 3515 3729 3581; x_wconf 83' lang='grc' dir='ltr'>ἁγίοις</span> 
     </span>
    </p>
   </div>
   <div class='ocr_carea' id='block_1_81' title="bbox 2151 3605 3726 3677">
    <p class='ocr_par' dir='ltr' id='par_1_81' title="bbox 2151 3605 3726 3677">
     <span class='ocr_line' id='line_1_81' title="bbox 2151 3605 3726 3677; baseline -0.001 -18"><span class='ocrx_word' id='word_1_548' title='bbox 2151 3608 2593 3676; x_wconf 87' lang='grc' dir='ltr'>ἀναπαυόμενος,</span> <span class='ocrx_word' id='word_1_549' title='bbox 2643 3607 2736 3659; x_wconf 76' lang='grc' dir='ltr'>καὶ</span> <span class='ocrx_word' id='word_1_550' title='bbox 2778 3606 3134 3676; x_wconf 75' lang='grc' dir='ltr'>δοξαζόμενος</span> <span class='ocrx_word' id='word_1_551' title='bbox 3191 3609 3250 3660; x_wconf 79' lang='grc' dir='ltr'>ἑν</span> <span class='ocrx_word' id='word_1_552' title='bbox 3317 3605 3726 3677; x_wconf 77' lang='grc' dir='ltr'>δοξαζομένοις,</span> 
     </span>
    </p>
   </div>
   <div class='ocr_carea' id='block_1_82' title="bbox 2151 3691 3726 3769">
    <p class='ocr_par' dir='ltr' id='par_1_82' title="bbox 2151 3691 3726 3769">
     <span class='ocr_line' id='line_1_82' title="bbox 2151 3691 3726 3769; baseline 0.001 -18"><span class='ocrx_word' id='word_1_553' title='bbox 2151 3700 2280 3769; x_wconf 83' lang='grc' dir='ltr'>παρ’</span> <span class='ocrx_word' id='word_1_554' title='bbox 2309 3691 2369 3750; x_wconf 80' lang='grc' dir='ltr'>οὗ</span> <span class='ocrx_word' id='word_1_555' title='bbox 2430 3700 2580 3751; x_wconf 81' lang='grc' dir='ltr'>πᾶσα</span> <span class='ocrx_word' id='word_1_556' title='bbox 2632 3699 2770 3769; x_wconf 79' lang='grc' dir='ltr'>πρὸς</span> <span class='ocrx_word' id='word_1_557' title='bbox 2829 3698 3029 3769; x_wconf 81' lang='grc' dir='ltr'>ἀρετὴν</span> <span class='ocrx_word' id='word_1_558' title='bbox 3083 3699 3316 3768; x_wconf 89' lang='grc' dir='ltr'>κίνησις,</span> <span class='ocrx_word' id='word_1_559' title='bbox 3367 3699 3461 3752; x_wconf 74' lang='grc' dir='ltr'>καὶ</span> <span class='ocrx_word' id='word_1_560' title='bbox 3505 3700 3563 3762; x_wconf 83' lang='grc' dir='ltr'>ὃς</span> <span class='ocrx_word' id='word_1_561' title='bbox 3607 3702 3726 3753; x_wconf 73' lang='grc' dir='ltr'>ἐστι</span> 
     </span>
    </p>
   </div>
   <div class='ocr_carea' id='block_1_83' title="bbox 2150 3789 3730 3861">
    <p class='ocr_par' dir='ltr' id='par_1_83' title="bbox 2150 3789 3730 3861">
     <span class='ocr_line' id='line_1_83' title="bbox 2150 3789 3730 3861; baseline 0 -21"><span class='ocrx_word' id='word_1_562' title='bbox 2150 3790 2327 3857; x_wconf 82' lang='grc' dir='ltr'>πάσης</span> <span class='ocrx_word' id='word_1_563' title='bbox 2357 3789 2607 3860; x_wconf 75' lang='grc' dir='ltr'>πράξεως</span> <span class='ocrx_word' id='word_1_564' title='bbox 2638 3789 2851 3858; x_wconf 81' lang='grc' dir='ltr'>ἀγαθῆς</span> <span class='ocrx_word' id='word_1_565' title='bbox 2888 3789 3030 3861; x_wconf 77' lang='grc' dir='ltr'>ἀρχὴ</span> <span class='ocrx_word' id='word_1_566' title='bbox 3063 3789 3156 3842; x_wconf 78' lang='grc' dir='ltr'>καὶ</span> <span class='ocrx_word' id='word_1_567' title='bbox 3203 3789 3437 3859; x_wconf 84' lang='grc' dir='ltr'>μεσότης</span> <span class='ocrx_word' id='word_1_568' title='bbox 3493 3789 3589 3842; x_wconf 72' lang='grc' dir='ltr'>καὶ</span> <span class='ocrx_word' id='word_1_569' title='bbox 3633 3806 3730 3842; x_wconf 90' lang='grc' dir='ltr'>τε-</span> 
     </span>
    </p>
   </div>
   <div class='ocr_carea' id='block_1_84' title="bbox 2149 3883 2332 3951">
    <p class='ocr_par' dir='ltr' id='par_1_84' title="bbox 2149 3883 2332 3951">
     <span class='ocr_line' id='line_1_84' title="bbox 2149 3883 2332 3951; baseline 0.011 -18"><span class='ocrx_word' id='word_1_570' title='bbox 2149 3883 2332 3951; x_wconf 84' lang='grc' dir='ltr'>λευτή.</span> 
     </span>
    </p>
   </div>
   <div class='ocr_carea' id='block_1_85' title="bbox 2233 4059 3727 4131">
    <p class='ocr_par' dir='ltr' id='par_1_85' title="bbox 2233 4059 3727 4131">
     <span class='ocr_line' id='line_1_85' title="bbox 2233 4059 3727 4131; baseline -0.002 -18"><span class='ocrx_word' id='word_1_571' title='bbox 2233 4061 2387 4113; x_wconf 78' lang='grc' dir='ltr'>Ἐπεὶ</span> <span class='ocrx_word' id='word_1_572' title='bbox 2405 4060 2461 4114; x_wconf 83' lang='grc' dir='ltr'>δὲ</span> <span class='ocrx_word' id='word_1_573' title='bbox 2487 4059 2564 4131; x_wconf 84' lang='grc' dir='ltr'>τῷ</span> <span class='ocrx_word' id='word_1_574' title='bbox 2600 4060 2745 4130; x_wconf 78' lang='grc' dir='ltr'>λόγῳ</span> <span class='ocrx_word' id='word_1_575' title='bbox 2774 4060 2832 4112; x_wconf 85' lang='grc' dir='ltr'>τὸ</span> <span class='ocrx_word' id='word_1_576' title='bbox 2865 4059 3115 4130; x_wconf 79' lang='grc' dir='ltr'>θέατρον,</span> <span class='ocrx_word' id='word_1_577' title='bbox 3155 4059 3230 4122; x_wconf 83' lang='grc' dir='ltr'><strong>ὡς</strong></span> <span class='ocrx_word' id='word_1_578' title='bbox 3286 4059 3427 4123; x_wconf 75' lang='grc' dir='ltr'>ἐνὸν,</span> <span class='ocrx_word' id='word_1_579' title='bbox 3479 4075 3727 4127; x_wconf 81' lang='grc' dir='ltr'>προκατ-</span> 
     </span>
    </p>
   </div>
   <div class='ocr_carea' id='block_1_86' title="bbox 2150 4149 3731 4232">
    <p class='ocr_par' dir='ltr' id='par_1_86' title="bbox 2150 4149 3731 4232">
     <span class='ocr_line' id='line_1_86' title="bbox 2150 4149 3731 4232; baseline -0.003 -24"><span class='ocrx_word' id='word_1_580' title='bbox 2150 4155 2511 4225; x_wconf 78' lang='grc' dir='ltr'>ηρτισάμεθα,</span> <span class='ocrx_word' id='word_1_581' title='bbox 2562 4154 2692 4232; x_wconf 82' lang='grc' dir='ltr'>φέρε</span> <span class='ocrx_word' id='word_1_582' title='bbox 2736 4153 2922 4206; x_wconf 85' lang='grc' dir='ltr'>λοιπὸν</span> <span class='ocrx_word' id='word_1_583' title='bbox 2954 4153 3134 4206; x_wconf 86' lang='grc' dir='ltr'>αὐτῶν</span> <span class='ocrx_word' id='word_1_584' title='bbox 3164 4152 3270 4204; x_wconf 82' lang='grc' dir='ltr'>τῶν</span> <span class='ocrx_word' id='word_1_585' title='bbox 3311 4152 3539 4220; x_wconf 83' lang='grc' dir='ltr'>ἀγώνων</span> <span class='ocrx_word' id='word_1_586' title='bbox 3574 4149 3731 4221; x_wconf 77' lang='grc' dir='ltr'><strong>ἁψώ-</strong></span> 
     </span>
    </p>
   </div>
   <div class='ocr_carea' id='block_1_87' title="bbox 2152 4241 3728 4316">
    <p class='ocr_par' dir='ltr' id='par_1_87' title="bbox 2152 4241 3728 4316">
     <span class='ocr_line' id='line_1_87' title="bbox 2152 4241 3728 4316; baseline -0.002 -17"><span class='ocrx_word' id='word_1_587' title='bbox 2152 4247 2310 4316; x_wconf 87' lang='grc' dir='ltr'>μεθα,</span> <span class='ocrx_word' id='word_1_588' title='bbox 2349 4247 2443 4301; x_wconf 74' lang='grc' dir='ltr'>καὶ</span> <span class='ocrx_word' id='word_1_589' title='bbox 2484 4246 2593 4298; x_wconf 85' lang='grc' dir='ltr'><strong>τῶν</strong></span> <span class='ocrx_word' id='word_1_590' title='bbox 2638 4241 3009 4300; x_wconf 75' lang='grc' dir='ltr'>ἀποπολικῶν</span> <span class='ocrx_word' id='word_1_591' title='bbox 3043 4247 3226 4316; x_wconf 83' lang='grc' dir='ltr'>ὕμνων</span> <span class='ocrx_word' id='word_1_592' title='bbox 3268 4245 3344 4314; x_wconf 80' lang='grc' dir='ltr'>τῷ</span> <span class='ocrx_word' id='word_1_593' title='bbox 3383 4243 3505 4314; x_wconf 71' lang='grc' dir='ltr'>ὕψει</span> <span class='ocrx_word' id='word_1_594' title='bbox 3555 4260 3728 4314; x_wconf 79' lang='grc' dir='ltr'>προσ-</span> 
     </span>
    </p>
   </div>
   <div class='ocr_carea' id='block_1_88' title="bbox 2152 4337 3797 4409">
    <p class='ocr_par' dir='ltr' id='par_1_88' title="bbox 2152 4337 3797 4409">
     <span class='ocr_line' id='line_1_88' title="bbox 2152 4337 3797 4409; baseline -0.001 -19"><span class='ocrx_word' id='word_1_595' title='bbox 2152 4340 2308 4409; x_wconf 86' lang='grc' dir='ltr'>ϐῆναι</span> <span class='ocrx_word' id='word_1_596' title='bbox 2353 4339 2706 4409; x_wconf 83' lang='grc' dir='ltr'>πειραθῶμεν</span> <span class='ocrx_word' id='word_1_597' title='bbox 2739 4353 2752 4368; x_wconf 85' lang='grc'><strong>⁸</strong></span> <span class='ocrx_word' id='word_1_598' title='bbox 2809 4339 2867 4390; x_wconf 92' lang='grc' dir='ltr'><strong>οὐ</strong></span> <span class='ocrx_word' id='word_1_599' title='bbox 2920 4338 3211 4408; x_wconf 85' lang='grc' dir='ltr'>τολμηρῶς</span> <span class='ocrx_word' id='word_1_600' title='bbox 3267 4337 3577 4405; x_wconf 86' lang='grc' dir='ltr'>ἀνεφίκτοις</span> <span class='ocrx_word' id='word_1_601' title='bbox 3631 4338 3728 4404; x_wconf 76' lang='grc' dir='ltr'><strong>ὲγ-</strong></span> <span class='ocrx_word' id='word_1_602' title='bbox 3793 4385 3797 4389; x_wconf 88' lang='grc'>.</span> 
     </span>
    </p>
   </div>
   <div class='ocr_carea' id='block_1_89' title="bbox 467 4429 2051 4510">
    <p class='ocr_par' dir='ltr' id='par_1_89' title="bbox 467 4431 2042 4510">
     <span class='ocr_line' id='line_1_89' title="bbox 467 4431 2042 4510; baseline -0.005 -18"><span class='ocrx_word' id='word_1_603' title='bbox 467 4455 588 4510; x_wconf 67' lang='lat' dir='ltr'><strong>quae</strong></span> <span class='ocrx_word' id='word_1_604' title='bbox 635 4441 956 4493; x_wconf 85' lang='lat' dir='ltr'><strong>inconcessa</strong></span> <span class='ocrx_word' id='word_1_605' title='bbox 989 4443 1120 4488; x_wconf 89' lang='lat' dir='ltr'><strong>sunt</strong></span> <span class='ocrx_word' id='word_1_606' title='bbox 1150 4440 1467 4495; x_wconf 85' lang='lat' dir='ltr'><strong>tentantes;</strong></span> <span class='ocrx_word' id='word_1_607' title='bbox 1511 4431 1606 4484; x_wconf 90' lang='lat' dir='ltr'><strong>sed</strong></span> <span class='ocrx_word' id='word_1_608' title='bbox 1652 4431 1848 4484; x_wconf 90' lang='lat' dir='ltr'><strong>timore</strong></span> <span class='ocrx_word' id='word_1_609' title='bbox 1891 4431 2042 4484; x_wconf 90' lang='lat' dir='ltr'><strong>inac-</strong></span> 
     </span>
    </p>
   </div>
   <div class='ocr_carea' id='block_1_90' title="bbox 2161 4429 3721 4510">
    <p class='ocr_par' dir='ltr' id='par_1_90' title="bbox 2161 4429 3721 4501">
     <span class='ocr_line' id='line_1_90' title="bbox 2161 4429 3721 4501; baseline 0 -19"><span class='ocrx_word' id='word_1_610' title='bbox 2161 4431 2476 4501; x_wconf 70' lang='grc' dir='ltr'>χειροῦντες,</span> <span class='ocrx_word' id='word_1_611' title='bbox 2503 4431 2636 4485; x_wconf 86' lang='grc' dir='ltr'><strong>ἀλλά</strong></span> <span class='ocrx_word' id='word_1_612' title='bbox 2667 4431 2818 4501; x_wconf 85' lang='grc' dir='ltr'>φόϐῳ</span> <span class='ocrx_word' id='word_1_613' title='bbox 2860 4433 2971 4494; x_wconf 83' lang='grc' dir='ltr'>τοῖς</span> <span class='ocrx_word' id='word_1_614' title='bbox 3018 4430 3336 4500; x_wconf 80' lang='grc' dir='ltr'>ἀπροσίτοις</span> <span class='ocrx_word' id='word_1_615' title='bbox 3384 4429 3721 4498; x_wconf 69' lang='grc' dir='ltr'>προσιόθτες.</span> 
     </span>
    </p>
   </div>
   <div class='ocr_carea' id='block_1_91' title="bbox 466 4520 2044 4594">
    <p class='ocr_par' dir='ltr' id='par_1_91' title="bbox 466 4520 2044 4594">
     <span class='ocr_line' id='line_1_91' title="bbox 466 4520 2044 4594; baseline -0.009 -7"><span class='ocrx_word' id='word_1_616' title='bbox 466 4548 619 4586; x_wconf 86' lang='lat' dir='ltr'><strong>cessa</strong></span> <span class='ocrx_word' id='word_1_617' title='bbox 652 4531 955 4592; x_wconf 87' lang='lat' dir='ltr'><strong>adeuntes;</strong></span> <span class='ocrx_word' id='word_1_618' title='bbox 997 4541 1100 4579; x_wconf 91' lang='lat' dir='ltr'><strong>nec</strong></span> <span class='ocrx_word' id='word_1_619' title='bbox 1140 4523 1359 4594; x_wconf 88' lang='lat' dir='ltr'><strong>procaci</strong></span> <span class='ocrx_word' id='word_1_620' title='bbox 1407 4520 1634 4574; x_wconf 89' lang='lat' dir='ltr'><strong>audacia</strong></span> <span class='ocrx_word' id='word_1_621' title='bbox 1669 4521 1870 4574; x_wconf 84' lang='lat' dir='ltr'><strong>intacta</strong></span> <span class='ocrx_word' id='word_1_622' title='bbox 1912 4537 2044 4590; x_wconf 76' lang='lat' dir='ltr'><strong>per-</strong></span> 
     </span>
    </p>
   </div>
   <div class='ocr_carea' id='block_1_92' title="bbox 463 4613 2044 4693">
    <p class='ocr_par' dir='ltr' id='par_1_92' title="bbox 463 4613 2044 4693">
     <span class='ocr_line' id='line_1_92' title="bbox 463 4613 2044 4693; baseline -0.007 -15"><span class='ocrx_word' id='word_1_623' title='bbox 463 4632 806 4693; x_wconf 88' lang='lat' dir='ltr'><strong>rumpentes,</strong></span> <span class='ocrx_word' id='word_1_624' title='bbox 840 4620 934 4674; x_wconf 91' lang='lat' dir='ltr'><strong>sed</strong></span> <span class='ocrx_word' id='word_1_625' title='bbox 961 4618 1193 4688; x_wconf 85' lang='lat' dir='ltr'><strong>pudore,</strong></span> <span class='ocrx_word' id='word_1_626' title='bbox 1218 4614 1479 4684; x_wconf 87' lang='lat' dir='ltr'><strong>omnique</strong></span> <span class='ocrx_word' id='word_1_627' title='bbox 1515 4613 1775 4682; x_wconf 81' lang='lat' dir='ltr'><strong>religione</strong></span> <span class='ocrx_word' id='word_1_628' title='bbox 1805 4628 1867 4666; x_wconf 88' lang='lat' dir='ltr'><strong>ac</strong></span> <span class='ocrx_word' id='word_1_629' title='bbox 1896 4622 2044 4667; x_wconf 92' lang='lat' dir='ltr'><strong>metu</strong></span> 
     </span>
    </p>
   </div>
   <div class='ocr_carea' id='block_1_93' title="bbox 460 4704 2044 4783">
    <p class='ocr_par' dir='ltr' id='par_1_93' title="bbox 460 4704 2044 4783">
     <span class='ocr_line' id='line_1_93' title="bbox 460 4704 2044 4783; baseline -0.008 -13"><span class='ocrx_word' id='word_1_630' title='bbox 460 4717 526 4770; x_wconf 88' lang='lat' dir='ltr'><strong>ad</strong></span> <span class='ocrx_word' id='word_1_631' title='bbox 565 4731 627 4769; x_wconf 89' lang='lat' dir='ltr'><strong>ea</strong></span> <span class='ocrx_word' id='word_1_632' title='bbox 657 4729 780 4783; x_wconf 83' lang='lat' dir='ltr'><strong>quae</strong></span> <span class='ocrx_word' id='word_1_633' title='bbox 814 4711 1086 4764; x_wconf 87' lang='lat' dir='ltr'><strong>rationem</strong></span> <span class='ocrx_word' id='word_1_634' title='bbox 1117 4707 1336 4776; x_wconf 89' lang='lat' dir='ltr'><strong>vimque</strong></span> <span class='ocrx_word' id='word_1_635' title='bbox 1370 4719 1589 4758; x_wconf 89' lang='lat' dir='ltr'><strong>omnem</strong></span> <span class='ocrx_word' id='word_1_636' title='bbox 1634 4704 1906 4758; x_wconf 89' lang='lat' dir='ltr'><strong>sermonis</strong></span> <span class='ocrx_word' id='word_1_637' title='bbox 1949 4719 2044 4758; x_wconf 90' lang='lat' dir='ltr'><strong>su-</strong></span> 
     </span>
    </p>
   </div>
   <div class='ocr_carea' id='block_1_94' title="bbox 460 4797 2042 4879">
    <p class='ocr_par' dir='ltr' id='par_1_94' title="bbox 460 4797 2042 4879">
     <span class='ocr_line' id='line_1_94' title="bbox 460 4797 2042 4879; baseline -0.008 -16"><span class='ocrx_word' id='word_1_638' title='bbox 460 4816 675 4879; x_wconf 89' lang='lat' dir='ltr'><strong>perant,</strong></span> <span class='ocrx_word' id='word_1_639' title='bbox 703 4811 944 4858; x_wconf 89' lang='lat' dir='ltr'><strong>mentem</strong></span> <span class='ocrx_word' id='word_1_640' title='bbox 974 4800 1387 4872; x_wconf 84' lang='lat' dir='ltr'><strong>pertendentes,</strong></span> <span class='ocrx_word' id='word_1_641' title='bbox 1414 4797 1795 4867; x_wconf 88' lang='lat' dir='ltr'><strong>rationemque</strong></span> <span class='ocrx_word' id='word_1_642' title='bbox 1829 4815 1893 4853; x_wconf 87' lang='lat' dir='ltr'><strong>ac</strong></span> <span class='ocrx_word' id='word_1_643' title='bbox 1922 4815 2042 4852; x_wconf 83' lang='lat' dir='ltr'><strong>ser—</strong></span> 
     </span>
    </p>
   </div>
   <div class='ocr_carea' id='block_1_95' title="bbox 461 4888 2039 4962">
    <p class='ocr_par' dir='ltr' id='par_1_95' title="bbox 461 4888 2039 4962">
     <span class='ocr_line' id='line_1_95' title="bbox 461 4888 2039 4962; baseline -0.006 -8"><span class='ocrx_word' id='word_1_644' title='bbox 461 4899 641 4954; x_wconf 88' lang='lat' dir='ltr'><strong>monis</strong></span> <span class='ocrx_word' id='word_1_645' title='bbox 681 4897 794 4950; x_wconf 88' lang='lat' dir='ltr'><strong>vim</strong></span> <span class='ocrx_word' id='word_1_646' title='bbox 845 4893 915 4948; x_wconf 90' lang='lat' dir='ltr'><strong>ad</strong></span> <span class='ocrx_word' id='word_1_647' title='bbox 965 4909 1030 4948; x_wconf 89' lang='lat' dir='ltr'><strong>ea</strong></span> <span class='ocrx_word' id='word_1_648' title='bbox 1064 4908 1183 4962; x_wconf 80' lang='lat' dir='ltr'><strong>qua:</strong></span> <span class='ocrx_word' id='word_1_649' title='bbox 1233 4898 1472 4944; x_wconf 88' lang='lat' dir='ltr'><strong>mentem</strong></span> <span class='ocrx_word' id='word_1_650' title='bbox 1527 4888 1698 4957; x_wconf 89' lang='lat' dir='ltr'><strong>ipsam</strong></span> <span class='ocrx_word' id='word_1_651' title='bbox 1746 4890 2039 4956; x_wconf 84' lang='lat' dir='ltr'><strong>excedunt,</strong></span> 
     </span>
    </p>
   </div>
   <div class='ocr_carea' id='block_1_96' title="bbox 461 4980 2041 5062">
    <p class='ocr_par' dir='ltr' id='par_1_96' title="bbox 461 4980 2041 5062">
     <span class='ocr_line' id='line_1_96' title="bbox 461 4980 2041 5062; baseline -0.004 -18"><span class='ocrx_word' id='word_1_652' title='bbox 461 4991 851 5062; x_wconf 86' lang='lat' dir='ltr'><strong>provehentes,</strong></span> <span class='ocrx_word' id='word_1_653' title='bbox 885 4986 954 5040; x_wconf 90' lang='lat' dir='ltr'><strong>de</strong></span> <span class='ocrx_word' id='word_1_654' title='bbox 999 4986 1326 5039; x_wconf 87' lang='lat' dir='ltr'><strong>inexhausta</strong></span> <span class='ocrx_word' id='word_1_655' title='bbox 1365 4980 1749 5034; x_wconf 78' lang='lat' dir='ltr'><strong>thesaurorum</strong></span> <span class='ocrx_word' id='word_1_656' title='bbox 1801 4982 2041 5050; x_wconf 88' lang='lat' dir='ltr'><strong>Spiritus</strong></span> 
     </span>
    </p>
   </div>
   <div class='ocr_carea' id='block_1_97' title="bbox 388 5072 2040 5151">
    <p class='ocr_par' dir='ltr' id='par_1_97' title="bbox 388 5072 2040 5151">
     <span class='ocr_line' id='line_1_97' title="bbox 388 5072 2040 5151; baseline -0.004 -16"><span class='ocrx_word' id='word_1_657' title='bbox 388 5103 391 5106; x_wconf 52' lang='grc' dir='ltr'><strong>ν</strong></span> <span class='ocrx_word' id='word_1_658' title='bbox 461 5080 740 5151; x_wconf 90' lang='lat' dir='ltr'><strong>opulentia</strong></span> <span class='ocrx_word' id='word_1_659' title='bbox 762 5094 857 5148; x_wconf 90' lang='lat' dir='ltr'><strong>spe</strong></span> <span class='ocrx_word' id='word_1_660' title='bbox 874 5089 1307 5149; x_wconf 71' lang='lat' dir='ltr'><strong>praesumamus;</strong></span> <span class='ocrx_word' id='word_1_661' title='bbox 1328 5088 1394 5126; x_wconf 75' lang='lat' dir='ltr'><strong>ex</strong></span> <span class='ocrx_word' id='word_1_662' title='bbox 1409 5087 1515 5142; x_wconf 87' lang='lat' dir='ltr'><strong>qua</strong></span> <span class='ocrx_word' id='word_1_663' title='bbox 1535 5072 1790 5143; x_wconf 85' lang='lat' dir='ltr'><strong>exiguum</strong></span> <span class='ocrx_word' id='word_1_664' title='bbox 1819 5074 2040 5143; x_wconf 89' lang='lat' dir='ltr'><strong>aliquod</strong></span> 
     </span>
    </p>
   </div>
   <div class='ocr_carea' id='block_1_98' title="bbox 459 5165 2038 5243">
    <p class='ocr_par' dir='ltr' id='par_1_98' title="bbox 459 5165 2038 5243">
     <span class='ocr_line' id='line_1_98' title="bbox 459 5165 2038 5243; baseline -0.004 -14"><span class='ocrx_word' id='word_1_665' title='bbox 459 5173 743 5229; x_wconf 83' lang='lat' dir='ltr'><strong>et&#39;tluvium</strong></span> <span class='ocrx_word' id='word_1_666' title='bbox 785 5172 995 5243; x_wconf 81' lang='lat' dir='ltr'><strong>(gratiae</strong></span> <span class='ocrx_word' id='word_1_667' title='bbox 1037 5171 1248 5225; x_wconf 86' lang='lat' dir='ltr'><strong>scilicet</strong></span> <span class='ocrx_word' id='word_1_668' title='bbox 1298 5165 1523 5234; x_wconf 88' lang='lat' dir='ltr'><strong>stillam)</strong></span> <span class='ocrx_word' id='word_1_669' title='bbox 1561 5181 1657 5234; x_wconf 90' lang='lat' dir='ltr'><strong>per</strong></span> <span class='ocrx_word' id='word_1_670' title='bbox 1701 5168 1840 5234; x_wconf 85' lang='lat' dir='ltr'><strong>ejus,</strong></span> <span class='ocrx_word' id='word_1_671' title='bbox 1874 5183 2038 5236; x_wconf 88' lang='lat' dir='ltr'><strong>quem</strong></span> 
     </span>
    </p>
   </div>
   <div class='ocr_carea' id='block_1_99' title="bbox 536 5358 1064 5424">
    <p class='ocr_par' dir='ltr' id='par_1_99' title="bbox 536 5358 1064 5424">
     <span class='ocr_line' id='line_1_99' title="bbox 536 5358 1064 5424; baseline 0 -12"><span class='ocrx_word' id='word_1_672' title='bbox 536 5360 654 5390; x_wconf 70' lang='grc'><strong>⁸⁸⁸⁸³</strong></span> <span class='ocrx_word' id='word_1_673' title='bbox 683 5358 702 5412; x_wconf 93' lang='lat' dir='ltr'><strong>l</strong></span> <span class='ocrx_word' id='word_1_674' title='bbox 732 5359 858 5415; x_wconf 91' lang='lat' dir='ltr'><strong>Cor.</strong></span> <span class='ocrx_word' id='word_1_675' title='bbox 892 5375 986 5424; x_wconf 82' lang='lat' dir='ltr'><strong>xu,</strong></span> <span class='ocrx_word' id='word_1_676' title='bbox 1013 5360 1064 5414; x_wconf 89' lang='lat'><strong>8.</strong></span> 
     </span>
    </p>
   </div>
   <div class='ocr_carea' id='block_1_100' title="bbox 537 5515 2029 5586">
    <p class='ocr_par' dir='ltr' id='par_1_100' title="bbox 537 5515 2029 5586">
     <span class='ocr_line' id='line_1_100' title="bbox 537 5515 2029 5586; baseline 0 -16"><span class='ocrx_word' id='word_1_677' title='bbox 537 5517 613 5584; x_wconf 73' lang='lat'><strong>(7)</strong></span> <span class='ocrx_word' id='word_1_678' title='bbox 663 5518 1031 5586; x_wconf 83' lang='grc' dir='ltr'>Προσευχαῖς</span> <span class='ocrx_word' id='word_1_679' title='bbox 1086 5519 1434 5583; x_wconf 79' lang='grc' dir='ltr'>ἀλαλήτοις.</span> <span class='ocrx_word' id='word_1_680' title='bbox 1495 5515 1674 5583; x_wconf 88' lang='lat' dir='ltr'><strong>Ipsum</strong></span> <span class='ocrx_word' id='word_1_681' title='bbox 1749 5525 1830 5570; x_wconf 88' lang='lat' dir='ltr'><strong>est</strong></span> <span class='ocrx_word' id='word_1_682' title='bbox 1883 5517 2029 5584; x_wconf 90' lang='lat' dir='ltr'><strong>quod</strong></span> 
     </span>
    </p>
   </div>
   <div class='ocr_carea' id='block_1_101' title="bbox 465 5587 2039 5656">
    <p class='ocr_par' dir='ltr' id='par_1_101' title="bbox 465 5587 2039 5656">
     <span class='ocr_line' id='line_1_101' title="bbox 465 5587 2039 5656; baseline -0.003 -13"><span class='ocrx_word' id='word_1_683' title='bbox 465 5589 667 5646; x_wconf 81' lang='lat' dir='ltr'><strong>Paulus</strong></span> <span class='ocrx_word' id='word_1_684' title='bbox 694 5589 849 5643; x_wconf 69' lang='lat' dir='ltr'><strong>lion).</strong></span> <span class='ocrx_word' id='word_1_685' title='bbox 879 5607 992 5651; x_wconf 75' lang='lat' dir='ltr'><strong>Vlll,</strong></span> <span class='ocrx_word' id='word_1_686' title='bbox 1025 5590 1117 5649; x_wconf 69' lang='grc'>26,</span> <span class='ocrx_word' id='word_1_687' title='bbox 1170 5588 1495 5653; x_wconf 65' lang='grc' dir='ltr'>στεναγμοῖς</span> <span class='ocrx_word' id='word_1_688' title='bbox 1529 5587 1838 5656; x_wconf 81' lang='grc' dir='ltr'>ἀλαλήτοις,</span> <span class='ocrx_word' id='word_1_689' title='bbox 1882 5589 2039 5656; x_wconf 83' lang='lat' dir='ltr'><strong>gemi-</strong></span> 
     </span>
    </p>
   </div>
   <div class='ocr_carea' id='block_1_102' title="bbox 469 5656 2039 5723">
    <p class='ocr_par' dir='ltr' id='par_1_102' title="bbox 469 5656 2039 5723">
     <span class='ocr_line' id='line_1_102' title="bbox 469 5656 2039 5723; baseline -0.003 -8"><span class='ocrx_word' id='word_1_690' title='bbox 469 5662 601 5715; x_wconf 82' lang='lat' dir='ltr'><strong>tibus</strong></span> <span class='ocrx_word' id='word_1_691' title='bbox 635 5660 1118 5718; x_wconf 77' lang='lat' dir='ltr'><strong>enenarrabilibus;</strong></span> <span class='ocrx_word' id='word_1_692' title='bbox 1157 5658 1290 5708; x_wconf 71' lang='lat' dir='ltr'><strong>tanti</strong></span> <span class='ocrx_word' id='word_1_693' title='bbox 1322 5656 1536 5709; x_wconf 86' lang='lat' dir='ltr'><strong>scilicet</strong></span> <span class='ocrx_word' id='word_1_694' title='bbox 1568 5658 1820 5723; x_wconf 82' lang='lat' dir='ltr'><strong>fervoris,</strong></span> <span class='ocrx_word' id='word_1_695' title='bbox 1852 5669 1908 5711; x_wconf 91' lang='lat' dir='ltr'><strong>ut</strong></span> <span class='ocrx_word' id='word_1_696' title='bbox 1941 5672 2039 5710; x_wconf 89' lang='lat' dir='ltr'><strong>nec</strong></span> 
     </span>
    </p>
   </div>
   <div class='ocr_carea' id='block_1_103' title="bbox 468 5727 2036 5800">
    <p class='ocr_par' dir='ltr' id='par_1_103' title="bbox 468 5727 2036 5800">
     <span class='ocr_line' id='line_1_103' title="bbox 468 5727 2036 5800; baseline -0.002 -14"><span class='ocrx_word' id='word_1_697' title='bbox 468 5731 651 5788; x_wconf 82' lang='lat' dir='ltr'><strong>verbis</strong></span> <span class='ocrx_word' id='word_1_698' title='bbox 692 5730 927 5800; x_wconf 70' lang='lat' dir='ltr'><strong>exprimi</strong></span> <span class='ocrx_word' id='word_1_699' title='bbox 978 5729 1174 5798; x_wconf 81' lang='lat' dir='ltr'><strong>possit,</strong></span> <span class='ocrx_word' id='word_1_700' title='bbox 1227 5727 1341 5780; x_wconf 81' lang='lat' dir='ltr'><strong>sive</strong></span> <span class='ocrx_word' id='word_1_701' title='bbox 1391 5727 1555 5783; x_wconf 77' lang='lat' dir='ltr'><strong>etiam</strong></span> <span class='ocrx_word' id='word_1_702' title='bbox 1605 5729 1804 5797; x_wconf 81' lang='lat' dir='ltr'><strong>tacitis,</strong></span> <span class='ocrx_word' id='word_1_703' title='bbox 1854 5736 2036 5784; x_wconf 85' lang='lat' dir='ltr'><strong>mente</strong></span> 
     </span>
    </p>
   </div>
   <div class='ocr_carea' id='block_1_104' title="bbox 2151 4520 3727 4593">
    <p class='ocr_par' dir='ltr' id='par_1_104' title="bbox 2151 4520 3727 4593">
     <span class='ocr_line' id='line_1_104' title="bbox 2151 4520 3727 4593; baseline -0.002 -17"><span class='ocrx_word' id='word_1_704' title='bbox 2151 4524 2284 4576; x_wconf 83' lang='grc' dir='ltr'><strong>Οὐδὲ</strong></span> <span class='ocrx_word' id='word_1_705' title='bbox 2317 4523 2506 4593; x_wconf 84' lang='grc' dir='ltr'>θράσει</span> <span class='ocrx_word' id='word_1_706' title='bbox 2557 4524 2666 4576; x_wconf 84' lang='grc' dir='ltr'>τῶν</span> <span class='ocrx_word' id='word_1_707' title='bbox 2717 4522 3009 4592; x_wconf 80' lang='grc' dir='ltr'>ἀψαύστων</span> <span class='ocrx_word' id='word_1_708' title='bbox 3051 4522 3495 4591; x_wconf 83' lang='grc' dir='ltr'>κατατολμῶντες</span> <span class='ocrx_word' id='word_1_709' title='bbox 3526 4537 3541 4552; x_wconf 88' lang='grc'><strong>⁸</strong></span> <span class='ocrx_word' id='word_1_710' title='bbox 3583 4520 3727 4573; x_wconf 78' lang='grc' dir='ltr'>αἰδοῖ</span> 
     </span>
    </p>
   </div>
   <div class='ocr_carea' id='block_1_105' title="bbox 2148 4610 3724 4688">
    <p class='ocr_par' dir='ltr' id='par_1_105' title="bbox 2148 4610 3724 4688">
     <span class='ocr_line' id='line_1_105' title="bbox 2148 4610 3724 4688; baseline -0.004 -20"><span class='ocrx_word' id='word_1_711' title='bbox 2148 4616 2327 4668; x_wconf 81' lang='grc' dir='ltr'>δὲκαὶ</span> <span class='ocrx_word' id='word_1_712' title='bbox 2379 4615 2630 4686; x_wconf 81' lang='grc' dir='ltr'>εὐλαϐείᾳ</span> <span class='ocrx_word' id='word_1_713' title='bbox 2664 4615 2817 4688; x_wconf 75' lang='grc' dir='ltr'>πάσῃ</span> <span class='ocrx_word' id='word_1_714' title='bbox 2872 4615 2962 4667; x_wconf 89' lang='grc' dir='ltr'>τόν</span> <span class='ocrx_word' id='word_1_715' title='bbox 3006 4631 3065 4666; x_wconf 89' lang='grc' dir='ltr'><strong>τε</strong></span> <span class='ocrx_word' id='word_1_716' title='bbox 3117 4612 3239 4666; x_wconf 82' lang='grc' dir='ltr'>νοῦν</span> <span class='ocrx_word' id='word_1_717' title='bbox 3290 4612 3425 4682; x_wconf 76' lang='grc' dir='ltr'>πρὸς</span> <span class='ocrx_word' id='word_1_718' title='bbox 3477 4610 3546 4664; x_wconf 88' lang='grc' dir='ltr'><strong>τά</strong></span> <span class='ocrx_word' id='word_1_719' title='bbox 3580 4611 3724 4679; x_wconf 85' lang='grc' dir='ltr'>ὑπὲρ</span> 
     </span>
    </p>
   </div>
   <div class='ocr_carea' id='block_1_106' title="bbox 2146 4704 3720 4776">
    <p class='ocr_par' dir='ltr' id='par_1_106' title="bbox 2146 4704 3720 4776">
     <span class='ocr_line' id='line_1_106' title="bbox 2146 4704 3720 4776; baseline -0.002 -17"><span class='ocrx_word' id='word_1_720' title='bbox 2146 4708 2304 4775; x_wconf 74' lang='grc' dir='ltr'>λόγον</span> <span class='ocrx_word' id='word_1_721' title='bbox 2364 4709 2753 4774; x_wconf 82' lang='grc' dir='ltr'>ἀνατείνοντες,</span> <span class='ocrx_word' id='word_1_722' title='bbox 2809 4709 2896 4761; x_wconf 70' lang='grc' dir='ltr'>τόν</span> <span class='ocrx_word' id='word_1_723' title='bbox 2957 4725 3017 4761; x_wconf 89' lang='grc' dir='ltr'><strong>τε</strong></span> <span class='ocrx_word' id='word_1_724' title='bbox 3063 4707 3219 4775; x_wconf 89' lang='grc' dir='ltr'>λόγον</span> <span class='ocrx_word' id='word_1_725' title='bbox 3277 4707 3410 4776; x_wconf 84' lang='grc' dir='ltr'>πρὸς</span> <span class='ocrx_word' id='word_1_726' title='bbox 3451 4704 3522 4758; x_wconf 84' lang='grc' dir='ltr'><strong>τὰ</strong></span> <span class='ocrx_word' id='word_1_727' title='bbox 3579 4705 3720 4773; x_wconf 84' lang='grc' dir='ltr'>ὑπὲρ</span> 
     </span>
    </p>
   </div>
   <div class='ocr_carea' id='block_1_107' title="bbox 2147 4797 3722 4867">
    <p class='ocr_par' dir='ltr' id='par_1_107' title="bbox 2147 4797 3722 4867">
     <span class='ocr_line' id='line_1_107' title="bbox 2147 4797 3722 4867; baseline -0.001 -15"><span class='ocrx_word' id='word_1_728' title='bbox 2147 4800 2268 4853; x_wconf 79' lang='grc' dir='ltr'>νοῦν</span> <span class='ocrx_word' id='word_1_729' title='bbox 2293 4801 2733 4867; x_wconf 79' lang='grc' dir='ltr'>ἀναϐιϐάζοντες,</span> <span class='ocrx_word' id='word_1_730' title='bbox 2772 4804 2862 4855; x_wconf 74' lang='grc' dir='ltr'><strong>ἐπὶ</strong></span> <span class='ocrx_word' id='word_1_731' title='bbox 2887 4803 2978 4854; x_wconf 85' lang='grc' dir='ltr'>τὸν</span> <span class='ocrx_word' id='word_1_732' title='bbox 3012 4802 3284 4854; x_wconf 86' lang='grc' dir='ltr'>ἀκένωτον</span> <span class='ocrx_word' id='word_1_733' title='bbox 3331 4797 3560 4851; x_wconf 83' lang='grc' dir='ltr'>πλοῦτον</span> <span class='ocrx_word' id='word_1_734' title='bbox 3607 4798 3722 4850; x_wconf 84' lang='grc' dir='ltr'>τῶν</span> 
     </span>
    </p>
   </div>
   <div class='ocr_carea' id='block_1_108' title="bbox 2146 4882 3722 4964">
    <p class='ocr_par' dir='ltr' id='par_1_108' title="bbox 2146 4882 3722 4964">
     <span class='ocr_line' id='line_1_108' title="bbox 2146 4882 3722 4964; baseline -0.002 -20"><span class='ocrx_word' id='word_1_735' title='bbox 2146 4891 2238 4945; x_wconf 80' lang='grc' dir='ltr'>τοῦ</span> <span class='ocrx_word' id='word_1_736' title='bbox 2265 4893 2575 4960; x_wconf 85' lang='grc' dir='ltr'>Πνεύματος</span> <span class='ocrx_word' id='word_1_737' title='bbox 2599 4895 2906 4963; x_wconf 77' lang='grc' dir='ltr'>ἐλπίσωμεν</span> <span class='ocrx_word' id='word_1_738' title='bbox 2929 4882 3216 4964; x_wconf 79' lang='grc' dir='ltr'>θησαυρῶν</span> <span class='ocrx_word' id='word_1_739' title='bbox 3238 4911 3250 4923; x_wconf 89' lang='grc'><strong>⁸</strong></span> <span class='ocrx_word' id='word_1_740' title='bbox 3276 4893 3334 4959; x_wconf 74' lang='grc' dir='ltr'><strong>ἐξ</strong></span> <span class='ocrx_word' id='word_1_741' title='bbox 3365 4887 3424 4945; x_wconf 81' lang='grc' dir='ltr'><strong>οὕ</strong></span> <span class='ocrx_word' id='word_1_742' title='bbox 3459 4889 3722 4962; x_wconf 84' lang='grc' dir='ltr'>βραχείας</span> 
     </span>
    </p>
   </div>
   <div class='ocr_carea' id='block_1_109' title="bbox 2145 4969 3722 5056">
    <p class='ocr_par' dir='ltr' id='par_1_109' title="bbox 2145 4969 3722 5056">
     <span class='ocr_line' id='line_1_109' title="bbox 2145 4969 3722 5056; baseline -0.001 -20"><span class='ocrx_word' id='word_1_743' title='bbox 2145 4969 2440 5055; x_wconf 69' lang='grc' dir='ltr'>ἀπορροῆς,</span> <span class='ocrx_word' id='word_1_744' title='bbox 2475 4988 2589 5054; x_wconf 85' lang='grc' dir='ltr'>ήτοι</span> <span class='ocrx_word' id='word_1_745' title='bbox 2632 4987 2888 5053; x_wconf 89' lang='grc' dir='ltr'>σταγόνος</span> <span class='ocrx_word' id='word_1_746' title='bbox 2940 4987 3180 5056; x_wconf 78' lang='grc' dir='ltr'>χάριτος,</span> <span class='ocrx_word' id='word_1_747' title='bbox 3228 4987 3314 5040; x_wconf 89' lang='grc' dir='ltr'>διὰ</span> <span class='ocrx_word' id='word_1_748' title='bbox 3359 4986 3456 5056; x_wconf 84' lang='grc' dir='ltr'>τῆς</span> <span class='ocrx_word' id='word_1_749' title='bbox 3487 4983 3580 5036; x_wconf 80' lang='grc' dir='ltr'>τοῦ</span> <span class='ocrx_word' id='word_1_750' title='bbox 3611 4983 3722 5052; x_wconf 87' lang='grc' dir='ltr'>ὐμ-</span> 
     </span>
    </p>
   </div>
   <div class='ocr_carea' id='block_1_110' title="bbox 2145 5064 3718 5150">
    <p class='ocr_par' dir='ltr' id='par_1_110' title="bbox 2145 5064 3718 5150">
     <span class='ocr_line' id='line_1_110' title="bbox 2145 5064 3718 5150; baseline -0.001 -21"><span class='ocrx_word' id='word_1_751' title='bbox 2145 5077 2404 5146; x_wconf 83' lang='grc' dir='ltr'>νουμένου</span> <span class='ocrx_word' id='word_1_752' title='bbox 2431 5077 2665 5144; x_wconf 84' lang='grc' dir='ltr'>σήμερον</span> <span class='ocrx_word' id='word_1_753' title='bbox 2694 5064 3107 5148; x_wconf 78' lang='grc' dir='ltr'>καταξιούμενοι</span> <span class='ocrx_word' id='word_1_754' title='bbox 3145 5078 3460 5150; x_wconf 83' lang='grc' dir='ltr'>πρεσϐείας,</span> <span class='ocrx_word' id='word_1_755' title='bbox 3496 5076 3718 5146; x_wconf 82' lang='grc' dir='ltr'>πρῶτον</span> 
     </span>
    </p>
   </div>
   <div class='ocr_carea' id='block_1_111' title="bbox 2155 5167 3714 5243">
    <p class='ocr_par' dir='ltr' id='par_1_111' title="bbox 2155 5167 3714 5243">
     <span class='ocr_line' id='line_1_111' title="bbox 2155 5167 3714 5243; baseline -0.012 -5"><span class='ocrx_word' id='word_1_756' title='bbox 2155 5170 2252 5238; x_wconf 67' lang='grc' dir='ltr'><strong>μὲν</strong></span> <span class='ocrx_word' id='word_1_757' title='bbox 2284 5168 2378 5236; x_wconf 73' lang='grc' dir='ltr'><strong>τὴν</strong></span> <span class='ocrx_word' id='word_1_758' title='bbox 2408 5167 2565 5218; x_wconf 61' lang='grc' dir='ltr'>αὑτοῦ</span> <span class='ocrx_word' id='word_1_759' title='bbox 2597 5168 2730 5238; x_wconf 84' lang='grc' dir='ltr'>πρὸς</span> <span class='ocrx_word' id='word_1_760' title='bbox 2783 5170 2881 5242; x_wconf 79' lang='grc' dir='ltr'>τὴν</span> <span class='ocrx_word' id='word_1_761' title='bbox 2928 5172 3087 5243; x_wconf 77' lang='grc' dir='ltr'>χάριν</span> <span class='ocrx_word' id='word_1_762' title='bbox 3134 5172 3241 5224; x_wconf 77' lang='grc' dir='ltr'>ἀπὸ</span> <span class='ocrx_word' id='word_1_763' title='bbox 3296 5171 3388 5225; x_wconf 86' lang='grc' dir='ltr'>τοῦ</span> <span class='ocrx_word' id='word_1_764' title='bbox 3415 5170 3580 5239; x_wconf 87' lang='grc' dir='ltr'>νόμου</span> <span class='ocrx_word' id='word_1_765' title='bbox 3612 5186 3714 5240; x_wconf 84' lang='grc' dir='ltr'>με·</span> 
     </span>
    </p>
   </div>
   <div class='ocr_carea' id='block_1_112' title="bbox 2141 5513 3712 5583">
    <p class='ocr_par' dir='ltr' id='par_1_112' title="bbox 2141 5513 3712 5583">
     <span class='ocr_line' id='line_1_112' title="bbox 2141 5513 3712 5583; baseline 0.002 -15"><span class='ocrx_word' id='word_1_766' title='bbox 2141 5525 2299 5568; x_wconf 87' lang='lat' dir='ltr'><strong>tenus</strong></span> <span class='ocrx_word' id='word_1_767' title='bbox 2357 5514 2637 5583; x_wconf 89' lang='lat' dir='ltr'><strong>conceptis</strong></span> <span class='ocrx_word' id='word_1_768' title='bbox 2703 5515 2867 5583; x_wconf 89' lang='lat' dir='ltr'><strong>inque</strong></span> <span class='ocrx_word' id='word_1_769' title='bbox 2941 5513 3030 5566; x_wconf 86' lang='lat' dir='ltr'><strong>illa</strong></span> <span class='ocrx_word' id='word_1_770' title='bbox 3086 5515 3335 5569; x_wconf 84' lang='lat' dir='ltr'><strong>occultis.</strong></span> <span class='ocrx_word' id='word_1_771' title='bbox 3412 5516 3712 5583; x_wconf 90' lang='lat' dir='ltr'><strong>lnterpret.</strong></span> 
     </span>
    </p>
   </div>
   <div class='ocr_carea' id='block_1_113' title="bbox 2144 5583 3714 5654">
    <p class='ocr_par' dir='ltr' id='par_1_113' title="bbox 2144 5583 3714 5654">
     <span class='ocr_line' id='line_1_113' title="bbox 2144 5583 3714 5654; baseline 0.002 -17"><span class='ocrx_word' id='word_1_772' title='bbox 2144 5583 2416 5649; x_wconf 75' lang='lat' dir='ltr'><strong>lEthiop,</strong></span> <span class='ocrx_word' id='word_1_773' title='bbox 2472 5587 2524 5637; x_wconf 85' lang='lat' dir='ltr'><strong>in</strong></span> <span class='ocrx_word' id='word_1_774' title='bbox 2568 5585 2924 5653; x_wconf 76' lang='lat' dir='ltr'><strong>aﬂlictiouibus</strong></span> <span class='ocrx_word' id='word_1_775' title='bbox 2957 5596 3002 5636; x_wconf 76' lang='lat' dir='ltr'><strong>et</strong></span> <span class='ocrx_word' id='word_1_776' title='bbox 3049 5587 3417 5639; x_wconf 78' lang='lat' dir='ltr'><strong>tentationibus</strong></span> <span class='ocrx_word' id='word_1_777' title='bbox 3480 5587 3714 5654; x_wconf 76' lang='lat' dir='ltr'><strong>nostris;</strong></span> 
     </span>
    </p>
   </div>
   <div class='ocr_carea' id='block_1_114' title="bbox 2144 5654 3712 5724">
    <p class='ocr_par' dir='ltr' id='par_1_114' title="bbox 2144 5654 3712 5724">
     <span class='ocr_line' id='line_1_114' title="bbox 2144 5654 3712 5724; baseline 0.001 -17"><span class='ocrx_word' id='word_1_778' title='bbox 2144 5654 2301 5724; x_wconf 81' lang='lat' dir='ltr'><strong>quasi</strong></span> <span class='ocrx_word' id='word_1_779' title='bbox 2334 5655 2547 5724; x_wconf 70' lang='lat' dir='ltr'><strong>legerit,</strong></span> <span class='ocrx_word' id='word_1_780' title='bbox 2592 5659 2647 5708; x_wconf 82' lang='grc' dir='ltr'>ἐν</span> <span class='ocrx_word' id='word_1_781' title='bbox 2683 5657 3006 5722; x_wconf 76' lang='grc' dir='ltr'>πειρασμοῖς</span> <span class='ocrx_word' id='word_1_782' title='bbox 3064 5655 3375 5724; x_wconf 80' lang='grc' dir='ltr'>ἡμετέροις,</span> <span class='ocrx_word' id='word_1_783' title='bbox 3430 5656 3589 5722; x_wconf 87' lang='lat' dir='ltr'><strong>cujus</strong></span> <span class='ocrx_word' id='word_1_784' title='bbox 3623 5670 3712 5712; x_wconf 83' lang='lat' dir='ltr'><strong>ta-</strong></span> 
     </span>
    </p>
   </div>
   <div class='ocr_carea' id='block_1_115' title="bbox 2144 5725 3710 5794">
    <p class='ocr_par' dir='ltr' id='par_1_115' title="bbox 2144 5725 3710 5794">
     <span class='ocr_line' id='line_1_115' title="bbox 2144 5725 3710 5794; baseline 0.002 -14"><span class='ocrx_word' id='word_1_785' title='bbox 2144 5743 2268 5781; x_wconf 85' lang='lat' dir='ltr'><strong>men</strong></span> <span class='ocrx_word' id='word_1_786' title='bbox 2299 5727 2547 5782; x_wconf 82' lang='lat' dir='ltr'><strong>lectionis</strong></span> <span class='ocrx_word' id='word_1_787' title='bbox 2573 5725 2783 5780; x_wconf 87' lang='lat' dir='ltr'><strong>nullum</strong></span> <span class='ocrx_word' id='word_1_788' title='bbox 2826 5725 2968 5794; x_wconf 80' lang='lat' dir='ltr'><strong>apud</strong></span> <span class='ocrx_word' id='word_1_789' title='bbox 3003 5729 3136 5782; x_wconf 77' lang='lat' dir='ltr'><strong>alios</strong></span> <span class='ocrx_word' id='word_1_790' title='bbox 3162 5733 3337 5778; x_wconf 72' lang='lat' dir='ltr'><strong>exstat</strong></span> <span class='ocrx_word' id='word_1_791' title='bbox 3394 5727 3710 5794; x_wconf 79' lang='lat' dir='ltr'><strong>vestigium.</strong></span> 
     </span>
    </p>
   </div>
  </div>
