3950 6320
203 325 268 392 57
1110 329 1394 392 ORATIO
1429 332 1527 392 IV.
1557 357 1622 370 -
1643 331 1726 401 IN
1765 333 1790 392 Ι

1899 334 2078 394 lDEM
2119 335 2180 395 S.
2225 337 2572 399 ΑΝΒΒΕίΕ.
3379 345 3451 412 58

201 439 415 492 τάθισιν
446 437 847 508 ἐπαινεσόμεθα
875 454 889 469 ’
937 439 1127 492 ἐπειτα
1162 441 1240 504 δὲ,
1275 458 1373 510 την
1408 440 1561 509 ἐντῷ
1598 441 1772 508 Εὐαγο

1899 444 2040 499 ιοάὶο
2071 444 2406 501 laudandum
2435 449 2798 517 suscepimus,
2839 436 3293 506 intercessionem
3315 468 3450 508 con-

202 531 362 600 γελίῳ
390 533 583 584 τούτου
615 533 971 604 συντεμόντες
1024 531 1396 603 εὐδοκίμησιν,
1443 535 1540 603 τήν
1587 536 1774 600 τιμίαν

200 621 340 676 οὕτω
367 622 462 676 καὶ
491 623 882 698 Χριστοπρεπῆ
913 626 1274 697 προσοίσομεν
1301 626 1578 697 τελευτήν.

1882 536 2095 602 secuti;
2152 537 2388 606 primum
2437 538 2659 607 quidem
2705 537 2852 595 illius
2893 557 2924 595 a
2960 542 3076 612 lege
3125 543 3192 597 ad
3225 546 3453 614 gratiam

1888 627 2298 685 translationem
2330 627 2714 684 laudabimus:
2745 641 2857 684 tum
2890 648 3020 687 vero
3049 634 3169 704 ejus
3196 634 3252 687 in
3279 635 3458 690 Evam-

202 721 338 791 gelio
367 723 628 792 praeclare
660 734 812 796 gesta
845 723 1298 796 perstringentes,
1346 723 1427 779 sic
1470 723 1768 794 pretiosam
1808 740 2048 795 vereque
2075 724 2442 781 Christianam
2475 724 2621 781 illius
2687 736 2916 782 mortem
2973 738 3137 800 atque
3170 741 3455 786 etcessum

203 818 510 874 afferemus.

282 910 536 982 Ἀνδρέας
563 913 747 964 τοίνυν
775 911 856 976 (τὸ
900 914 1232 982 τιμιώτατον
1261 914 1379 985 Θεῷ
1413 918 1648 986 πρᾶγμα
1682 918 1774 969 καὶ

203 1000 421 1074 όνομα),
480 1005 728 1068 ὀπιστὸς
777 1005 870 1058 καὶ
933 1008 1196 1078 φρόνιμος
1254 1008 1348 1060 τοῦ
1410 1009 1622 1080 Πατρδς
1669 1009 1778 1061 τῶν

1948 916 2197 972 Andreas
2248 917 2415 988 igitur
2443 918 2552 982 (res
2594 919 2708 974 Deo
2754 919 3076 976 charissima
3125 939 3186 978 ac
3229 925 3453 994 nomen)

1880 1008 2060 1063 fidelis
2087 1023 2151 1063 ac
2176 1009 2420 1078 prudens
2446 1008 2626 1064 Patris
2653 1009 2924 1064 luminum
2960 1027 3299 1079 (economus,
3332 1031 3452 1069 ma-

205 1097 398 1163 φώτων
428 1099 731 1166 οἰκονόμος,
761 1100 788 1152 ό
837 1100 1012 1168 μέγας
1061 1099 1158 1154 τοῦ
1214 1099 1352 1154 Θεοῦ
1400 1103 1575 1170 Λόγου
1607 1102 1779 1174 κήρυξ

1899 1119 2018 1174 {nus
2043 1100 2154 1159 Dei’
2169 1103 2333 1160 Verbi
2363 1119 2541 1174 praaco
2569 1104 3096 1177 probatissimusque
3117 1107 3456 1177 discipulus;
3505 1168 3510 1178 ,

205 1190 297 1244 καὶ
331 1189 707 1261 δοκιμώτατος
736 1193 998 1263 ὁμιλητὴς
1035 1211 1049 1225 ο
1085 1197 1112 1247 ὁ
1144 1194 1239 1248 τοῦ
1271 1195 1428 1262 ἁγίου
1463 1196 1780 1266 Πνεὺματος

204 1282 506 1350 ἀγιώτατος
545 1283 824 1356 ὑπηρέτης
857 1288 950 1340 καὶ
976 1288 1314 1357 θεραπευτής
1338 1305 1352 1318 ·
1389 1283 1542 1352 οὗτος
1587 1289 1676 1343 ἀεὶ
1703 1288 1779 1358 τῷ

205 1374 319 1444 Θεῷ
351 1377 830 1447 προεγνωσμένος,
856 1379 932 1441 ὡς
976 1378 1188 1447 ἁγαοῆς
1217 1396 1276 1430 τε
1318 1378 1496 1448 ψυχῆς
1525 1382 1618 1433 καὶ
1651 1377 1784 1446 γνὼ-

211 1484 313 1536 μης
349 1470 611 1538 ἐσόμενος
661 1471 742 1523 ὅτι
796 1471 1032 1538 μάλιστα
1093 1471 1274 1536 δεξιᾶς
1329 1473 1434 1547 ἀεὶ,
1491 1469 1577 1522 διὰ
1627 1470 1783 1524 τοῦτο

208 1562 298 1613 καὶ
355 1561 669 1634 προώριστο
719 1562 1041 1635 σύμμορφος
1095 1564 1315 1616 ἔσεσθαι
1361 1565 1455 1616 τοῦ
1515 1563 1650 1616 Θεοῦ
1705 1563 1783 1632 τῷ

209 1651 522 1720 Μονογενεῖ.

288 1744 448 1798 Ἐπεὶ
475 1745 567 1798 οὖν
618 1749 646 1800 ὁ
681 1747 780 1816 τῆς
830 1750 1144 1818 οἰκονομίας
1195 1746 1289 1799 τοῦ
1330 1748 1525 1816 Λόγου,
1557 1748 1652 1802 καὶ
1688 1751 1788 1818 τῆς

210 1834 533 1901 ἀναδείξεως
574 1839 765 1909 ἐνέστη
829 1838 1042 1910 καιρὸς,
1096 1838 1204 1892 ἔδει
1256 1838 1473 1902 πάντως
1520 1839 1614 1891 καὶ
1663 1841 1790 1904 τοὺς

209 1929 441 1993 οἰκείους
495 1931 642 2002 αὐτῷ
693 1933 1234 2008 συναναδείκνυσθαι.
1294 1931 1448 1986 Ἔδει
1497 1932 1592 1987 soi
1634 1932 1789 2003 βασι-

1880 1196 2121 1266 Spiritus
2152 1195 2327 1252 sancti
2376 1196 2759 1252 sanctissimus
2803 1197 3054 1253 minister
3094 1213 3160 1253 ac
3193 1198 3454 1254 famulus.

1882 1287 1982 1342 Hic
2027 1287 2125 1343 Dei
2174 1301 2392 1355 semper
2439 1286 2782 1354 praescientia
2833 1287 3123 1356 cognitus,
3158 1288 3278 1342 fore
3327 1287 3457 1343 boni

1883 1378 2051 1432 animi
2102 1394 2165 1432 ac
2214 1394 2375 1448 quam
2425 1379 2658 1433 maxime
2709 1381 2927 1435 solertis
2965 1381 3203 1452 ingenii,
3252 1372 3459 1437 idcirco

1885 1471 2049 1524 etiam
2077 1486 2295 1541 semper
2331 1473 2752 1542 praedestinatus
2773 1484 2858 1529 est
2891 1484 2952 1528 ut
2984 1483 3130 1531 esset
3160 1474 3461 1531 conformis

1887 1561 2181 1633 Unigenito
2217 1564 2313 1618 Dei
2337 1564 2402 1618 ⁷⁸.
2455 1611 2459 1617 η

1955 1767 2111 1835 Quod
2147 1767 2316 1837 igitur
2341 1765 2770 1837 dispensationis
2798 1764 2986 1829 Verbi,
3019 1765 3247 1835 ejusque
3271 1765 3462 1821 decla»

1886 1859 2120 1917 rationis
2169 1867 2391 1930 tempus
2434 1857 2753 1924 advenerat,
2783 1857 3008 1913 omnino
3039 1857 3272 1914 decebat
3308 1865 3369 1913 ut
3410 1868 3464 1912 et

1889 1951 1951 2015 ii,
1982 1951 2077 2020 qui
2105 1949 2226 2022 ejus
2251 1956 2457 2016 essent,
2489 1964 2554 2005 ac
2579 1948 2879 2004 necessarii
2912 1947 3112 2014 f0rent,
3141 1947 3349 2018 pariter
3375 1947 3466 2003 de-

211 2021 342 2085 λέως
370 2028 662 2092 παρόντος,
694 2026 786 2077 καὶ
814 2025 938 2087 τοὺς
959 2023 1121 2078 αὑτοῦ
1154 2028 1410 2096 παρεῖναι
1431 2025 1782 2097 δορυφόρους.

1899 2043 2234 2099 clararentur
2261 2035 2328 2096 τί.
2356 2041 2590 2098 Necesse
2625 2051 2744 2097 erat
2768 2050 2826 2096 ut
2861 2039 3007 2112 Rege
3032 2048 3323 2111 praesente,
3345 2041 3467 2112 ejus

225 2115 378 2168 Ἀλλά
409 2117 462 2170 τί
494 2117 553 2170 τὸ
593 2121 816 2187 σημεῖον
840 2118 939 2187 τῆς
966 2118 1058 2171 τοῦ
1097 2117 1364 2188 βασιλέως
1392 2119 1786 2190 φανερώσεως;

212 2211 378 2276 Φωνὴ
409 2208 683 2273 βοῶντος
711 2211 779 2263 ἐν
807 2208 883 2278 τῇ
918 2210 1140 2279 ἐρήμῳ.
1168 2210 1323 2282 Φωνὴ
1357 2211 1463 2281 πρὸ
1494 2208 1788 2280 προσώπου

211 2301 300 2353 τοῦ
323 2303 500 2370 Λόγου
535 2304 837 2375 προϊοῦσα,
899 2305 991 2356 καὶ
1054 2305 1154 2367 τὰς
1199 2305 1351 2368 ὀδοὺς
1399 2304 1562 2358 αὑτοῦ
1623 2323 1789 2358 κατα-

215 2396 547 2457 σκ;υάζουσα
571 2435 585 2460 ,
646 2395 714 2450 τὰ
763 2398 1111 2467 ἀνερῤωγότα
1152 2397 1467 2467 πληροῦσα,
1492 2396 1562 2449 τὰ
1602 2397 1792 2467 ¹ὑψηλὰ

213 2487 563 2552 ταπεινοῦσα,
593 2491 688 2542 καὶ
737 2491 805 2542 τὰ
849 2488 1035 2542 σκολιὰ
1093 2494 1190 2559 μὲν
1237 2489 1680 2572 καςδευθύνουσα,
1725 2490 1791 2542 τὰ

213 2581 411 2650 τραχέα
442 2581 500 2634 δὲ
531 2582 964 2636 καταλεαίνουσα
1005 2583 1115 2636 τῶν
1172 2583 1340 2653 ἠθῶν.
1398 2584 1507 2638 Καὶ
1566 2584 1624 2637 οὑ
1662 2584 1791 2655 ψιλὴ

217 2679 361 2740 φωνή
393 2674 531 2743 μόνη
576 2675 636 2726 τὸ
661 2677 986 2746 τεκμήριον,
1029 2676 1166 2729 ἀλλὰ
1215 2679 1310 2731 καὶ
1358 2677 1643 2748 βάπτισμα
1697 2697 1792 2749 με.

215 2766 422 2828 τανοίας
457 2783 472 2798 ο
529 2768 622 2820 καὶ
664 2770 691 2822 ό
751 2769 848 2837 μὲν
879 2770 1215 2844 ,Βαπτιστὴς
1268 2773 1361 2823 ἐπὶ
1421 2772 1514 2825 τοῦ
1576 2771 1788 2837 ὓδατος,

216 2858 306 2911 καὶ
341 2859 371 2912 ό
398 2859 674 2924 Βασιλεὺς
716 2863 859 2914 κατά
906 2862 1075 2927 πόδας
1118 2863 1280 2927 εὐθὺς
1331 2865 1424 2918 ἐπὶ
1478 2865 1541 2917 τὸ
1594 2865 1790 2935 βαπτί-

215 2950 394 3014 ζεσθαι
427 2953 618 3023 παρών
649 2970 661 2983 ·
712 2955 804 3007 καὶ
858 2957 889 3024 ή
947 2956 1269 3028 ἀντίρρησις,
1301 2956 1374 3019 ὼς
1435 2957 1784 3027 Θεοπρεπήςί

217 3043 455 3112 οὐρανῶν
511 3045 620 3115 γὰρ
667 3046 813 3116 αὺτῷ
857 3047 1237 3117 βαπτιζομένῳ
1283 3048 1507 3117 γέγονεν
1547 3049 1789 3102 ἀνάπτυ-

219 3137 311 3201 ξις,
364 3137 684 3206 Πνεὺματος
740 3139 1043 3204 ὲπέλευσις,
1082 3141 1231 3212 φωνή
1262 3159 1321 3198 τε
1374 3142 1578 3211 Κυρίου
1634 3143 1790 3214 βρον-

217 3231 429 3294 τῶντος,
465 3233 557 3283 ὲπί
580 3232 688 3284 τῶν
722 3231 950 3297 ὑδάτων,
982 3228 1070 3285 οἷα
1089 3233 1355 3304 δακτύλῳ,
1394 3237 1461 3304 τῇ
1494 3237 1790 3307 περιστερᾷ

218 3325 302 3378 τὸν
326 3327 613 3394 ἀγαπητὸν
637 3326 840 3380 ἀνωθεν
867 3328 1289 3390 ἐπιδεικνύντος.

284 3419 437 3472 Οὕτω
461 3419 552 3471 τοῦ
587 3419 840 3489 οὐρανίου
876 3420 1170 3485 Βασιλέως,
1200 3422 1298 3491 τῆς
1334 3404 1789 3496 Ἰωάννουίμείζω

221 3513 313 3579 τὴν
359 3512 470 3564 ἀπὺ
513 3511 609 3564 τοῦ
649 3512 862 3580 [ἰατρὸς
890 3512 1182 3582 ἐσχηκότος
1236 3514 1544 3583 μαρτυρίαν
1574 3531 1585 3541 ’
1631 3512 1792 3575 αὑτός

223 3601 276 3656 τε
334 3606 547 3676 πρῶτος
594 3608 621 3658 ὁ
671 3604 1002 3675 Βαπτιστής,
1065 3607 1159 3658 καὶ
1215 3609 1332 3676 μετ’
1393 3607 1556 3660 αὑτὸν
1609 3605 1789 3672 εὐθὺς,

223 3691 264 3750 ὦ
285 3690 668 3769 μακαριώτατε
703 3684 897 3768 σὺ,“τῇ
936 3698 1027 3751 τοῦ
1093 3699 1406 3769 Πνεύματος
1456 3698 1794 3771 συνεκράθης

224 3792 294 3861 τῷ
342 3793 776 3862 μαρτυρουμένῳ
826 3793 1217 3862 στοργῇ.,Κα“ι
1271 3792 1378 3862 γὰρ
1425 3793 1524 3844 οὐκ
1575 3793 1793 3863 ἀμέσως

225 3885 294 3952 τῷ
340 3874 770 3958 θεαρχικωτὰτῳ
822 3883 1268 3953 προσελήλυθαςο
1315 3883 1450 3936 ζούδὲ
1511 3884 1788 3950 ἐξαυτῆς,
1820 3889 1832 3902 ‘

225 3973 292 4037 ὼς
358 3977 555 4038 εἰπεῖν,
600 3976 698 4044 τῆς
736 3975 959 4044 πρώτης
985 3975 1085 4027 ’τοῦ
1133 3974 1250 4046 βίου
1308 3975 1551 4045 βαλϐῖδος
1609 3975 1793 4028 ἐπιῦἑο

229 4066 392 4135 δηκας
444 4067 544 4134 τῆς
591 4068 926 4136 τελειότητος
958 4084 972 4098 ο
1029 4068 1146 4138 πῶς
1195 4068 1348 4138 (dp;
1410 4067 1555 4122 Ἔδει
1605 4069 1662 4121 δὲ
1716 4068 1793 4139 τῷ

229 4159 361 4229 νόμῳ
406 4160 502 4212 τοῦ
554 4161 884 4230 γράμματος
914 4162 1510 4234 προπαιδαγωγηθέντα
1565 4163 1642 4234 τῷ
1696 4164 1791 4217 τοῦ

231 4253 532 4322 Πνεύματος
556 4254 700 4307 οὕτω
728 4257 1039 4325 περιτυχεῖν
1072 4271 1084 4286 ·
1133 4255 1226 4307 καὶ
1256 4257 1375 4316 ταῖς
1406 4254 1516 4306 τῶν
1567 4255 1794 4308 ἐντολῶν

231 4345 432 4399 ἀτελέσι
467 4347 1016 4418 προστοιχειωθέντα,
1063 4347 1205 4400 οὕτω
1243 4347 1336 4400 τοῦ
1366 4348 1698 4416 Εὑαγγελίου
1725 4350 1790 4420 τῇ

230 4438 520 4510 τελειότητι
577 4444 941 4511 προσχωρεῖν,
999 4441 1074 4503 ὼς
1119 4442 1340 4511 ἑδραίαν
1398 4443 1453 4494 ἐν
1508 4443 1641 4512 αὐτῇ
1699 4443 1793 4494 καὶ

229 4529 553 4596 ἀμετάθετον
585 4533 681 4604 τήν
713 4533 923 4604 ἵδρυσιν
975 4535 1140 4604 ἔχειν.
1197 4535 1341 4587 Ἔδει
1391 4535 1468 4605 τῷ
1504 4535 1792 4605 προδρόμῳ

233 4621 414 4696 λύχνῳ,
461 4627 562 4688 τὰς
615 4627 714 4695 τῆς
762 4627 990 4696 καρδίας
1035 4628 1678 4697 προκατασκευασθέντας
1705 4630 1793 4680 κό-

1891 2152 2112 2207 quoque
2166 2134 2428 2190 satellites
2469 2143 2670 2205 praesto
2703 2141 2908 2189 essent.
2941 2133 3143 2188 Verum
3186 2134 3464 2204 quodnam

1892 2231 2107 2301 signum
2150 2226 2542 2284 declarationis
2581 2226 2787 2298 Regis?
2815 2225 2921 2280 Vox
2963 2225 3245 2281 clamantis
3291 2228 3346 2281 in
3379 2228 3466 2279 dc-

1890 2331 2052 2377 serto.
2105 2321 2224 2376 Vox
2275 2319 2506 2390 praeiens
2553 2327 2680 2374 ante
2723 2318 2920 2374 faciem
2960 2317 3127 2373 Verbi
3153 2354 3169 2381 ,
3210 2317 3467 2388 illiusque

1893 2429 2206 2484 pra‘parans
2243 2413 2382 2476 vias,
2419 2428 2543 2482 quas
2589 2410 2807 2481 dirupta
2853 2410 3125 2482 compleat
3155 2411 3212 2465 et
3255 2409 3470 2466 confra-

1894 2521 2058 2576 gosa;
2097 2505 2312 2561 excelsa
2355 2498 2632 2570 humiliet,
2676 2520 2774 2559 seu
2810 2503 3101 2575 deprimat,
3134 2519 3299 2575 prava
3333 2498 3470 2559 diri-

1883 2610 2002 2671 gat,
2023 2614 2216 2669 aspera
2251 2614 2464 2653 morum
2494 2597 2804 2668 complanet
2832 2606 2890 2654 et
2931 2597 3102 2653 leniat
3129 2594 3196 2652 "’.
3218 2597 3330 2653 Nec
3352 2597 3469 2652 sola

1891 2711 1997 2748 vox
2027 2693 2243 2764 signum
2278 2701 2382 2757 est,
2429 2691 2526 2747 sed
2553 2700 2611 2746 et
2654 2691 2959 2762 baptistnus
3003 2689 3365 2762 poenitentia.
3394 2693 3472 2747 Ac

1891 2785 2112 2854 quidem
2163 2785 2408 2856 Baptista
2455 2799 2623 2854 super
2645 2799 2847 2853 aquas;
2875 2784 3100 2853 Rquuc
3130 2793 3328 2854 praesto
3351 2787 3471 2845 ,sta-

1894 2877 1993 2932 tim
2041 2887 2100 2932 ut
2148 2878 2502 2948 intingatur;
2549 2891 2613 2931 ac
2663 2876 3000 2946 praeconium
3042 2891 3208 2946 quam
3247 2876 3474 2945 plenum

1893 2970 2178 3041 majestate
2203 2985 2268 3024 ac
2301 2969 2549 3022 divinum
2580 2969 2593 3020 ἵ
2627 2968 2735 3038 Ipsi
2765 2969 2914 3023 enim
2942 2968 3033 3038 qui
3055 2965 3202 3038 aqua
3228 2969 3475 3040 tingeba-

1895 3069 2002 3126 tur,
2055 3059 2390 3130 explicatum
2439 3057 2639 3113 cmlum
2679 3073 2695 3123 ;
2746 3055 2970 3111 advenit
3019 3055 3278 3126 Spiritus,
3330 3056 3473 3110 faeta

1891 3159 1997 3205 v0x
2038 3151 2254 3206 Domini
2289 3149 2528 3205 tonantis
2560 3166 2728 3219 super
2769 3164 2960 3219 aquas,
2991 3148 3249 3219 velutq‘ue
3278 3147 3470 3218 digito,

1893 3245 2161 3299 columbae
2215 3243 2436 3312 illapsu,
2476 3241 2865 3298 cbarissimum
2915 3255 2978 3296 ac
3027 3241 3402 3310 prmdilectdm
3442 3251 3474 3295 e

1726 3392 1743 3432 ._
1813 3369 1856 3432 ρ
1892 3338 2033 3394 coelo
2061 3335 2404 3392 ostendentis
2432 3336 2497 3389 ⁷³.

1967 3429 2028 3483 in
2057 3429 2207 3484 hunc
2236 3427 2457 3482 modum
2485 3411 2694 3482 caelesti
2724 3425 2892 3498 Rege,
2943 3425 3119 3496 majus
3153 3424 3362 3481 Joanne
3395 3431 3476 3480 te.

1899 3522 2219 3577 stimonium
2261 3537 2292 3575 e
2338 3520 2476 3576 coelo
2525 3525 2826 3576 eonsecnto
2857 3518 2904 3548 ⁷⁸
2940 3532 3065 3572 cum
3116 3518 3234 3586 ipse
3263 3515 3477 3586 primus

1901 3615 2166 3685 Baptista,
2190 3622 2304 3668 tum
2337 3613 2522 3667 statim
2555 3613 2624 3667 ab
2652 3612 2767 3676 illo,
2793 3620 2852 3665 tu
2878 3609 3216 3675 beatissime,
3247 3609 3473 3664 arctiori

1902 3707 2129 3778 spiritus
2181 3705 2387 3785 amoris
2420 3704 2495 3770 vi,
2528 3704 2617 3758 cui
2665 3702 3038 3758 testimonium
3088 3699 3472 3763 deferebatur,

1901 3797 2144 3868 proclive
2181 3795 2482 3850 adhzesisti.
2529 3795 2642 3849 Nec
2677 3794 2822 3849 enim
2864 3794 3072 3862 absque
3116 3792 3227 3845 ullo
3269 3791 3472 3854 medio,

1900 3887 2245 3952 divinissimo
2284 3886 2363 3940 illi
2384 3883 2666 3939 accessisti
2690 3900 2704 3949 ;
2730 3899 2838 3938 nec
2856 3883 2924 3938 ab
2960 3882 3093 3951 ipsis
3127 3881 3311 3936 statim
3350 3880 3476 3934 vitae

1900 3978 2216 4035 carceribus
2243 3976 2324 4048 (ut
2355 3977 2435 4032 sic
2462 3966 2678 4043 loquar)
2703 3973 3052 4044 perfectionis
3078 3972 3185 4026 alta
3214 3987 3477 4026 conscen-

1900 4071 2029 4127 disti
2055 4090 2068 4123 :
2101 4070 2201 4137 Qui
2233 4070 2383 4124 enim
2423 4069 2477 4124 id
2505 4069 2698 4125 fieret?
2724 4069 2957 4126 Necesse
2975 4082 3106 4122 vero
3131 4075 3251 4121 erat
3275 4075 3336 4119 ut
3357 4066 3476 4140 lege

1901 4165 2105 4237 scripta
2133 4173 2259 4220 ante
2281 4164 2554 4229 eruditus,
2577 4164 2656 4219 sic
2685 4163 2820 4234 legis
2848 4161 3076 4231 spiritus
3105 4174 3331 4229 compos
3358 4158 3475 4214 eili-

1901 4256 2143 4324 cereris;
2184 4263 2350 4326 atque
2385 4263 2444 4309 ut
2480 4253 2982 4325 imperfectioribus
3017 4252 3173 4322 prius
3205 4250 3474 4306 mandatis

1898 4346 2173 4411 eruditus,
2217 4346 2298 4401 sic
2341 4346 2683 4416 Evangelicae
2722 4343 3045 4416 perfectioni
3076 4342 3469 4408 admovereris,

1903 4437 1959 4493 in
1992 4453 2099 4508 qua
2126 4437 2386 4492 nimirum
2418 4436 2631 4492 firmam
2661 4436 2843 4492 sedem
2880 4451 2944 4491 ac
2972 4445 3174 4491 statum
3219 4434 3474 4490 immobie

1902 4532 2012 4588 lem
2054 4531 2343 4587 habiturus
2370 4545 2542 4586 esses.
2577 4531 2679 4586 Par
2708 4537 2825 4585 erat
2864 4540 2925 4584 ut
2972 4537 3342 4600 praecurrente
3393 4529 3474 4582 lu-

1902 4640 2089 4689 cerna,
2121 4623 2287 4678 animi
2323 4622 2527 4692 pupilla
2549 4624 2659 4693 jam
2705 4631 2832 4676 ante
2879 4631 3200 4692 pmparata,
3229 4621 3308 4676 sic
3337 4621 3474 4678 lucis

236 4717 421 4784 ρις,το
449 4717 840 4788 ὑπέρλαμπρον
878 4719 1020 4771 οὕτω
1053 4720 1148 4771 καὶ
1203 4720 1346 4787 μέγα
1395 4719 1790 4784 καταδέξασθαι

1901 4732 2096 4772 omnes
2127 4715 2366 4786 fulgores
2391 4720 2661 4768 excedens
2685 4729 2940 4784 magnum
2965 4716 3149 4768 lumen
3181 4714 3468 4783 reciperet:

235 4807 373 4876 ςιῶς·
409 4810 498 4863 διὰ
547 4811 724 4872 τοῦτο,
757 4811 832 4874 ὡς
893 4812 1053 4880 μόνον
1104 4809 1201 4880 τὴν
1260 4811 1444 4879 φωνὴν
1501 4813 1558 4862 ἐν
1605 4813 1796 4882 ἐρήμῳ

239 4899 432 4968 βοῶσαν
461 4905 795 4974 ἐπακήκοας,
824 4906 922 4974 οὐχ
940 4905 1012 4967 ὼς
1045 4906 1167 4973 εἱκῆ
1199 4904 1482 4972 φωνοῦσαν
1516 4906 1797 4959 ἀπεσείσω

239 4998 365 5051 κατὰ
382 5001 506 5060 τοὺς
539 4999 750 5062 ἀσεϐεῖς
789 5017 824 5047 ο.
858 5000 970 5052 οὐδ’
1000 4999 1386 5063 υάξιάκουστον
1439 4998 1536 5068 μὲν
1583 5000 1795 5068 ἡγήσω,

239 5092 297 5162 τῇ
351 5093 444 5146 τοῦ
505 5093 618 5162 βίου
669 5094 727 5147 δὲ
782 5094 1104 5164 ματαιότητι
1162 5093 1647 5163 κατατεινόμενος,
1700 5095 1798 5160 τὴν

243 5183 489 5257 ἀκρόασιν
519 5189 820 5260 παρῃτήσω
873 5188 1015 5241 κατά
1051 5189 1176 5251 τοὺς
1235 5187 1463 5250 πολλούς
1496 5204 1508 5216 ·
1540 5187 1650 5239 οὐδ’
1681 5179 1801 5255 ἐγέ-

245 5293 323 5330 νου
345 5281 438 5350 μὲν
478 5281 707 5352 πλησίον
757 5282 948 5352 αὐτῆς,
1001 5281 1211 5351 βαρέως
1263 5281 1319 5332 δὲ
1359 5279 1500 5334 κατὰ
1526 5280 1652 5342 τοὺς
1683 5279 1800 5348 ἁψι-

248 5372 418 5442 κόρους
446 5373 720 5451 ἀκηκοὼς,
773 5374 931 5439 εὐθὺς
978 5377 1056 5438 είς
1089 5374 1156 5428 τὰ
1195 5375 1370 5428 ὀπίσω
1422 5373 1760 5434 παλινοστεῖς
1785 5387 1799 5402 ·

211 5463 364 5518 ’ἀλλὰ
393 5467 607 5537 πρῶτον
657 5467 755 5537 μὲν
788 5468 881 5521 τὸν
925 5471 1025 5540 τῆς
1071 5469 1377 5538 γεννήσεως
1439 5467 1659 5538 τρόπον,
1700 5465 1799 5533 τῆς

250 5556 557 5632 ἀνατροεῆς,
591 5561 688 5630 τῆς
717 5561 945 5632 διαίτης,
973 5563 1064 5614 καὶ
1118 5562 1215 5630 τῆς
1260 5561 1386 5629 ὅλης
1434 5556 1528 5610 τοῦ
1561 5558 1800 5628 κήρυκος

311 5744 348 5815 ⁷9
376 5745 498 5801 Luc.
538 5761 634 5809 su,
701 5746 789 5812 49.;
823 5745 933 5800 Jac.
965 5763 1000 5808 ι,
1052 5749 1143 5811 l7;
1181 5748 1334 5814 Rom.
1377 5764 1489 5815 νηί,
1536 5749 1624 5804 ‘29.

261 5809 298 5845 ⁷³
321 5814 448 5871 l‘sal.
480 5833 663 5884 sum,
691 5817 724 5872 5
778 5809 846 5847 ’7⁸
878 5816 1028 5873 Juan.
1071 5809 1240 5885 n56.

1903 4811 2137 4869 ldcirco.
2175 4826 2298 4864 mox
2329 4824 2392 4863 ac
2438 4811 2626 4863 vocem
2661 4809 2987 4864 clamantem
3021 4809 3075 4862 in
3115 4809 3330 4862 deserto
3368 4823 3467 4861 au-

1902 4903 2053 4969 disti,
2081 4917 2188 4956 non
2216 4901 2365 4956 velut
2389 4911 2596 4957 temere
2621 4900 2972 4965 clamantem,
3002 4901 3294 4970 impiorum
3317 4913 3470 4954 more

1906 4996 2184 5067 repulisti:
2209 5010 2311 5050 nec
2331 4995 2551 5065 dignam
2575 4994 2874 5049 arbitratus
2904 4996 2992 5050 cui
3016 4985 3239 5050 auditus
3260 5009 3471 5048 accom-

1906 5089 2253 5152 modaretur,
2314 5087 2501 5143 saeculi
2555 5088 2784 5148 vanitati
2847 5088 3142 5144 intendens
3191 5087 3469 5154 animum,

1905 5181 2056 5250 vulgi
2105 5183 2255 5234 more
2291 5179 2484 5234 au‘dire
2520 5179 2793 5234 renuisti:
2841 5195 2944 5234 nec
2992 5179 3215 5249 pr0pius
3247 5176 3469 5245 quidem

1905 5272 2203 5338 accessisti,
2228 5273 2468 5342 graviter
2494 5280 2676 5326 autem
2702 5271 2956 5336 audiens,
2993 5274 3140 5327 velut
3172 5270 3472 5326 fastidiosis

1909 5384 2007 5422 usu
2031 5368 2201 5432 venit,
2226 5367 2407 5422 statim
2437 5365 2630 5436 pedem
2662 5367 2899 5422 retulisti
2927 5385 2938 5419 :
2966 5366 3057 5419 sed
3089 5363 3324 5434 primum
3357 5364 3469 5420 nati

1905 5461 2172 5531 praeconis
2219 5460 2459 5523 modum,
2487 5459 2741 5514 eximiam
2793 5458 3192 5514 institutionem
3235 5457 3471 5527 vitaeque

1905 5570 2122 5608 omnem
2157 5554 2423 5608 rationem
2449 5551 2749 5609 demiratus
2774 5570 2788 5619 ;
2815 5565 3033 5620 tumque
3064 5549 3471 5621 praedicationis

1703 5751 1738 5780 τ’
1771 5748 1902 5803 Luc.
1956 5761 1990 5808 ι,
2025 5746 2110 5801 80.
2193 5747 2234 5777 ⁷³
2270 5744 2369 5800 lsa.
2403 5759 2490 5811 XL,
2518 5745 2583 5809 5;
2633 5739 2818 5798 Matth.
2879 5750 2958 5801 ιιι,
3009 5736 3076 5807 5;
3131 5735 3268 5793 Luc.
3301 5748 3384 5801 In,
3409 5739 3442 5791 5
