3950 6320
294 189 369 262 ΕΙ
546 271 551 275 ,
1207 199 1490 297 ORATIO
1528 202 1625 264 IV.
1657 224 1729 239 —
1753 203 1836 267 ΙΝ
1876 206 2189 269 LAUDEM
2231 209 2294 270 S.
2331 209 2679 273 ANDRE/E.
3471 211 3543 275 6‘2

298 326 456 383 ματα
500 310 757 383 προέχειν
812 311 922 366 τῶν
966 313 1197 385 ἀρετῶν.
1244 314 1409 369 Ὅθεν
1461 316 1678 381 οἰκείως
1725 317 1866 389 ἔχων

1970 323 2308 393 praehabere,
2326 325 2575 381 decebat.
2593 322 3112 390 Quamobrem,cum
3142 330 3335 379 natura
3360 302 3567 394 quam?

292 402 445 457 κατὰ
499 402 664 474 φύσιν
719 403 889 477 αὐτῷ,
943 404 1159 478 πρῶτος
1216 408 1357 478 μετὰ
1404 407 1496 463 τὸν
1554 410 1866 480 Βαπτιστὴν

291 489 519 559 hdva
578 492 820 547 Μεσσίαν
872 491 1033 556 εἶναι.
1097 495 1192 548 τὸν
1249 496 1354 550 ὑπὸ
1406 497 1514 551 τῶν
1567 501 1867 571 προφητῶν

296 581 752 651 μαρτυρούμενον
792 583 1026 653 Χριστόν
1051 598 1068 616 ο
1104 583 1199 638 καὶ
1241 584 1457 655 πρῶτος
1498 586 1609 643 τῶν
1637 589 1870 643 ἀποστό-

292 668 411 724 λων
468 672 797 743 αὐτομάτοις
851 674 1012 740 ποσὶ,
1070 675 1132 728 τὸ
1182 676 1276 729 τοῦ
1336 677 1496 746 λόγου
1547 680 1865 752 φερόμενον,

258 788 259 791 η
294 770 618 838 προσχωρεί
645 767 739 821 καὶ
771 766 944 836 τούτῳ
989 767 1370 833 συνοικίζεται.

369 857 507 912 Οὐδὲ
546 858 654 930 γάρ
703 858 953 928 ἀνέχεται
992 877 1143 924 τινας
1181 862 1288 933 πρὸ
1336 863 1501 917 αὐτοῦ
1566 863 1869 933 φοιτῶντας

292 946 473 1019 δρᾷν,
532 951 627 1003 καὶ
682 951 1202 1022 παρευδοκιμεῖσθαι
1256 951 1333 1024 τῷ
1392 954 1619 1025 ἀγαθῷ·
1679 936 1870 1009 δειλῶν

297 1040 529 1108 μᾶλλον,
567 1040 600 1112 ῆ
648 1045 1133 1114 περιεσκεμμένων
1166 1049 1225 1099 τὸ
1270 1046 1441 1109 πάθος
1473 1047 1821 1119 λογιζόμενος
1853 1064 1868 1080 °

293 1130 423 1185 οὐδὲ
480 1131 753 1206 τὴνςπαρΐ
803 1136 1013 1188 ἐκείνου
1073 1135 1261 1207 κλῆσιν
1314 1140 1453 1193 κατὰ
1487 1141 1632 1205 ⁸τοὺς
1677 1140 1869 1205 ἄλλους

292 1222 568 1294 ἀναμένει
596 1241 610 1257 ⁸
637 1206 854 1294 ὀξύτητι
880 1226 934 1281 δὲ
982 1227 1072 1282 νοῦ
1121 1206 1215 1284 καὶ
1270 1232 1519 1305 ἀγχινοίᾳ
1559 1234 1649 1289 τὸν
1675 1235 1869 1301 ζητού-

293 1334 469 1386 μενον
520 1319 729 1392 εὑρὼν,
771 1320 1065 1393 θερμότητι
1126 1324 1300 1396 τούτῳ
1362 1328 1600 1391 πίστεως
1669 1328 1869 1392 εὐθέως

294 1410 632 1480 συμφύεται.
687 1412 885 1485 Τρόπῳ
934 1414 991 1467 δὲ
1026 1415 1311 1489 φιλαγάθῳ
1358 1420 1719 1489 κεχρημένος,
1769 1421 1872 1474 οὐκ

292 1502 557 1572 ἀνέχεται
610 1504 770 1576 μόνος
809 1504 906 1559 τοῦ
955 1507 1165 1576 ἀγαθοῦ
1223 1512 1578 1582 κατωρυφᾷν
1611 1527 1623 1540 α
1684 1512 1871 1584 ὥσπερ

289 1591 359 1647 δὲ
420 1594 694 1667 θησαυρόν
749 1614 872 1663 τινα
930 1598 1107 1670 μέγαν
1161 1601 1256 1654 τὸν
1323 1602 1533 1673 Ἰησοῦν
1586 1604 1865 1673 εὑρηκὼς,

1969 415 2094 471 dam
2124 430 2251 469 cum
2284 432 2350 473 eo
2385 416 2852 481 necessitudinem
2878 416 3128 481 haberet,
3162 416 3380 486 primus
3418 424 3542 485 post

1968 507 2288 577 Baptistam,
2312 522 2432 563 esse
2463 523 2592 564 eum
2618 506 2870 562 Messiam
2904 517 2959 573 et
2980 506 3259 563 Christum
3302 506 3544 576 prophe-

1968 608 2150 654 tarum
2195 601 2434 654 oraculis
2470 600 2894 671 praenuntiatum
2929 600 3186 670 agnovit;
3215 601 3545 670 primusque

1966 691 2363 762 apostolorum,
2388 692 2656 747 ultroneis
2681 690 2850 763 (quod
2890 691 3065 758 aiunt)
3103 690 3356 762 pedibus,
3388 705 3545 746 acce-

1969 785 2069 849 dit,
2097 799 2160 839 ac
2194 784 2612 840 contubernalis
2644 784 2696 839 ei
2726 783 2984 840 eﬂicitur.

2039 878 2157 933 Non
2194 878 2343 932 enim
2379 876 2633 942 sustinet,
2665 888 2726 932 ut
2776 893 2833 933 se
2862 878 3081 948 priores
3122 878 3335 947 aliquos
3371 877 3543 947 Magi-

1970 981 2147 1027 strum
2178 970 2469 1033 adeuntes,
2500 971 2662 1040 eique
2692 970 3019 1041 discipulos,
3051 968 3260 1034 videat,
3294 970 3538 1040 bonique

1968 1063 2155 1119 studio
2195 1061 2275 1116 illi
2309 1071 2673 1131 praeStantes:
2714 1062 3166 1118 meticulosorum
3197 1062 3380 1130 potius
3414 1076 3544 1115 cum

1968 1165 2123 1211 ratus
2142 1153 2423 1219 affectum,
2442 1169 2606 1224 quam
2625 1169 2819 1210 eorum
2836 1154 2929 1224 qui
2946 1153 3223 1209 solertiori
3249 1153 3545 1223 prudentia

1967 1248 2262 1304 ducantur.
2296 1249 2486 1318 Neque
2514 1257 2815 1317 exspectat,
2848 1246 3312 1319 quemadmodum
3342 1246 3458 1311 alii,
3485 1252 3545 1301 ut

1969 1339 2037 1394 ab
2070 1340 2189 1411 ipso
2222 1321 2489 1404 vocetur;
2516 1338 2615 1392 sed
2641 1340 2843 1393 mentis
2873 1338 3169 1409 sagacitate
3194 1336 3421 1390 invento
3450 1334 3545 1390 illo

1969 1432 2063 1501 qui
2095 1431 2473 1502 quaerebatur,
2504 1430 2719 1485 fervore
2756 1428 3010 1494 ﬁdei-illi
3056 1430 3241 1485 statim
3282 1428 3543 1484 cohzcret.

1970 1524 2496 1596 Benignissimisque
2527 1538 2659 1579 usus
2693 1523 2966 1587 moribus,
2996 1538 3105 1577 non
3149 1524 3257 1578 fert
3303 1529 3363 1577 ut
3396 1522 3546 1577 solus

1971 1617 2115 1672 bono
2167 1617 2447 1688 potiatur;
2479 1615 2573 1671 sed
2620 1615 2771 1670 velut
2816 1616 2909 1685 qui
2940 1615 3214 1686 ingentem
3255 1614 3563 1684 quemdam‘

287 1684 510 1786 ξξέζει-
539 1687 632 1786 κξιὶ
680 1680 1134 1786 Σ-ίμωνξῖῖοῧῖον
1160 1784 1167 1786 Α
1196 1693 1518 1786 παραδεῖξαι
1548 1712 1564 1729 ·
1627 1680 1864 1767 Σίμωνι,
1898 1691 1948 1786 ΒΔ
1974 1680 2511 1765 thesaurumJesum
2554 1708 2769 1762 nactus
2794 1680 2963 1772 esset,
2991 1680 3156 1761 etiam
3202 1680 3410 1759 Simoni
3463 1704 3545 1765 fe—

291 1777 521 1849 ἁδελφῷ
542 1779 639 1851 τὴν
662 1781 844 1849 φύσιν,
872 1782 1087 1868 ἀδελφῷ
1119 1784 1219 1856 τὴν
1258 1785 1485 1857 γνώμην
1514 1804 1529 1817 ο
1561 1788 1661 1859 τὴν
1680 1788 1872 1861 τέχνην

288 1870 551 1942 ὁμοτίμῳ
579 1888 593 1904 ·
628 1870 797 1945 ἄμφω
834 1874 943 1945 γὰρ
979 1876 1149 1941 ἁλιεῖς
1175 1894 1189 1909 ·
1219 1878 1316 1930 τὸν
1340 1879 1541 1951 τρόπον
1569 1880 1823 1952 ὁμοζήλῳ
1853 1900 1868 1916 ·

291 1964 633 2034 νομομαθείς
681 1967 791 2038 γὰρ
838 1968 1029 2038 ἄμφω.
1084 1969 1178 2022 καὶ
1234 1970 1334 2041 τῆς
1393 1972 1565 2043 αὐτῆς
1614 1973 1871 2044 ἀληθείας

286 2056 503 2129 ὁμοίως
525 2058 825 2132 συζητηταὶ
866 2061 965 2115 καὶ
986 2062 1235 2133 ἐρασταί.

369 2332 572 2388 Τοῦτον
598 2335 817 2402 πρῶτον
864 2337 893 2389 ὁ
949 2336 1204 2409 Ἀνδρέας
1265 2338 1465 2412 εὑρὼν,
1492 2342 1867 2414 Εὑρήκαμεν,

288 2420 926 2496 εφη,τὸν“Μεσσίιιν.
982 2429 1347 2500 Περιχαρείας
1373 2430 1561 2503 γέμων
1613 2434 1642 2488 ὁ
1692 2435 1868 2505 λόγος,

290 2512 396 2568 καὶ
431 2513 743 2587 θαυμασίας
765 2519 989 2590 ήδονῆς.,
1014 2522 1179 2574 Οὐδὲν
1211 2524 1317 2595 γὰρ
1354 2522 1527 2588 οὕτως
1558 2526 1869 2597 εὐφραίνειν

286 2600 405 2660 οἶδε
434 2607 631 2681 ψυχὴν,
660 2610 737 2675 ὼς
762 2611 824 2664 τὸ
868 2612 1008 2681 μετὰ
1037 2614 1199 2666 πόνου
1225 2616 1315 2668 καὶ
1344 2614 1602 2686 πλείστης
1632 2618 1864 2687 ἐρεύνης

290 2699 683 2772 εὑρισκόμενον
714 2717 730 2733 ·
765 2695 847 2766 οἷς
895 2703 1005 2774 γὰρ
1044 2703 1113 2757 ἂν
1143 2705 1209 2758 ἐκ
1248 2705 1345 2759 τοῦ
1398 2706 1657 2778 ἀδοκήτου
1712 2725 1868 2776 περι-

288 2791 590 2862 τύχοιμεν,
648 2792 750 2848 κᾶν
807 2797 1021 2866 μεγάλα
1077 2797 1231 2869 δοκῇ,
1286 2800 1347 2852 οὐ
1404 2801 1542 2870 μετὰ
1601 2801 1869 2872 τοσαύτης

290 2882 701 2955 προσηκάμεθα
731 2888 829 2954 τῆς
864 2886 1140 2961 σπουδῆςς
1183 2888 1279 2941 καὶ
1320 2889 1409 2943 διὰ
1459 2891 1618 2944 τοῦτο
1666 2891 1868 2964 μόνιμά

185 3012 191 3022 .
288 2992 359 3027 τε
434 2976 514 3046 τῷ
588 2978 909 3051 κεκτημένῳ
982 2980 1304 3035 καθίσταται
1376 2984 1471 3037 καὶ
1525 2983 1864 3055 βεϐαιότερα.

287 3071 389 3123 Διὸ
438 3072 533 3126 καὶ
592 3067 744 3136 οὗτος
804 3073 948 3144 ψυχῇ
1006 3072 1108 3143 μὲν
1162 3074 1454 3147 φιλοπόνῳ,
1499 3078 1765 3149 φιλολόγῳ
1808 3079 1865 3132 δὲ

286 3162 506 3236 διανοίᾳ
561 3165 843 3236 προσέχων
912 3170 1061 3229 ταῖς·
1108 3167 1376 3237 Γραφαῖς,
1444 3169 1562 3242 ᾔδει
1630 3172 1728 3242 μὲν
1775 3173 1866 3226 τὸν

274 3248 534 3327 Χριστὸν
555 3256 636 3321 είς
667 3257 942 3327 σωτηρίαν
976 3256 1281 3329 ἀνθρώπων
1308 3261 1666 3330 ἐλευσόμενον
1691 3301 1705 3326 ,
1770 3261 1869 3316 κά-

294 3365 450 3421 μνων
497 3346 602 3420 [μὴ
628 3349 872 3423 κάμνων]
931 3350 988 3403 δὲ
1040 3354 1104 3422 τῇ
1158 3352 1368 3418 ἐλπίδι,
1428 3355 1557 3426 περὶ
1614 3355 1716 3424 τὴν
1773 3355 1867 3408 τοῦ

292 3441 748 3514 προσδοκωμένου
789 3442 1007 3515 εὕρεσιν
1042 3446 1246 3513 ἐπόνει.
1284 3447 1393 3501 Καὶ
1420 3446 1614 3519 ἐπειδὴ
1652 3446 1869 3517 πρῶτος

292 3535 516 3591 πάντων
546 3537 727 3607 εὑρεῖν
774 3535 1121 3608 κατηξιοῦτο.
1168 3532 1265 3602 είς
1320 3556 1379 3593 τε
1432 3539 1555 3609 ὄψιν
1590 3539 1738 3609 αὐτῷ
1774 3541 1869 3594 καὶ

292 3627 492 3696 λάγους
514 3620 619 3701 ἧκε
666 3628 908 3701 βραχεῖς,
968 3630 1258 3686 ἀναθάλλει
1318 3632 1417 3704 μὲν
1462 3636 1532 3705 τῇ
1567 3633 1764 3705 καρδίᾳ
1791 3633 1869 3703 τῷ

291 3722 513 3795 φίλτρῳ
561 3720 659 3777 τοῦ
712 3723 964 3792 άγαθοῦ·
1027 3724 1108 3796 τῷ
1171 3726 1313 3794 φωτὶ
1361 3725 1418 3779 δὲ
1464 3729 1563 3797 τῆς
1617 3725 1869 3795 γνώσεως

286 3815 389 3870 τὸν
434 3814 559 3870 νοῦν
580 3814 863 3885 ἀναφθεὶς,
913 3816 1124 3888 πλήρης
1166 3817 1302 3872 Θεοῦ
1327 3808 1534 3887 γίνεται
1564 3819 1738 3889 χαρᾶς
1762 3834 1776 3849 ο
1801 3812 1869 3890 ἦς

292 3908 460 3980 μόνος
507 3910 570 3963 οὐ
601 3908 780 3981 φέρων
805 3912 1180 3981 κατατρυφᾷν,
1232 3912 1329 3964 καὶ
1352 3912 1556 3981 Πέτρον
1588 3910 1866 3979 ἠπείγετο,

293 3997 493 4071 ὥσπερ
521 3992 668 4069 εῖχεν
706 3998 923 4066 πρῶτον
964 4000 1064 4068 τῆς
1113 3999 1414 4071 ζητήσεως,
1458 4000 1600 4054 οὕτω
1650 4000 1870 4070 καὶτῆς

291 4092 581 4174 εὑρέσεως·
619 4091 805 4146 λαϐεῖν
832 4092 1088 4147 κοινωνόν
1120 4108 1134 4123 ’
1160 4093 1242 4147 διὸ
1271 4092 1458 4160 λέγει·
1512 4093 1870 4162 Εὑρήκαμεν

291 4186 411 4249 τὸν
462 4186 771 4252 Μεσσίαν,
834 4184 886 4238 ὅ·
925 4185 1056 4239 ἐστι
1120 4187 1381 4255 Χριστός
1415 4202 1431 4218 ο
1483 4186 1582 4241 καί
1645 4185 1870 4257 ἤγαγεν

288 4277 485 4333 αὑτὸν
516 4276 668 4348 πρὸς
709 4276 977 4345 Ἰησοῦν.
1022 4270 1261 4343 Τούτους
1310 4277 1582 4351 πρώτους,
1614 4279 1869 4349 καθάπερ

1973 1801 2143 1857 stinat
2182 1802 2511 1858 ostendere:
2541 1799 2749 1855 Simoni
2783 1799 2991 1853 scilicet
3017 1807 3213 1853 natura
3247 1812 3543 1867 germano;

1972 1909 2230 1965 germano
2256 1893 2538 1948 voluntate
2572 1899 2737 1961 atque
2777 1891 3003 1954 animo;
3033 1904 3335 1959 paremque
3368 1896 3545 1943 artem

1951 2022 1953 2025 τ
1972 1986 2251 2059 proﬁtenti
2296 1986 2521 2056 (quippe
2553 1999 2679 2039 cum
2709 1984 2867 2037 ambo
2901 1990 3088 2038 essent
3117 1980 3437 2052 piscatores)
3476 1995 3543 2034 ac

1973 2080 2066 2150 qui
2090 2079 2207 2150 pari
2236 2077 2572 2132 ducerentur
2600 2074 2947 2128 aemulatione
2984 2074 3211 2143 (quippe
3245 2071 3408 2124 ambo
3438 2069 3545 2123 Le-

1972 2168 2243 2240 gisperiti)
2268 2182 2333 2222 ac
2357 2165 2453 2238 qui
2488 2163 2773 2219 veritatem
2806 2163 3012 2233 pariter
3044 2160 3445 2231 conquirerent
3477 2173 3543 2213 ac

1973 2261 2310 2332 deperirent.

1982 2418 1988 2423 ι
2046 2353 2199 2407 Hunc
2218 2347 2723 2422 primdm'Andreas
2740 2363 2863 2402 cum
2880 2345 3199 2411 invenisset,
3219 2343 3541 2411 Invenimus,

1972 2444 2172 2517 inquit,
2207 2444 2457 2501 Messium
2483 2442 2548 2495 ⁷⁸⁸.
2573 2441 2733 2496 Lata:
2759 2453 2938 2503 sermo
2968 2438 3162 2508 plenus
3178 2436 3542 2506 iucunditatis

1970 2554 2035 2594 ac
2053 2524 2388 2592 admirandae
2407 2534 2728 2604 voluptatis.
2752 2531 2899 2587 Nihil
2933 2530 3081 2586 enim
3119 2546 3272 2599 teque
3297 2519 3540 2584 animum

1969 2629 2169 2701 gaudio
2195 2629 2407 2698 replere
2431 2624 2820 2690 consuevit,ac
2848 2623 2927 2678 rei
2958 2624 3077 2693 ejus
3104 2622 3344 2676 inventio
3376 2637 3542 2690 quam

1968 2724 2142 2778 multo
2188 2722 2375 2787 labore
2419 2720 2737 2791 ingentique
2785 2716 3069 2787 diligentia
3126 2713 3430 2785 quaesieris.
3481 2714 3541 2768 In

1968 2830 2092 2886 quae
2136 2815 2282 2870 enim
2329 2828 2396 2866 ex
2441 2811 2765 2881 improviso,
2803 2824 2869 2863 ac
2918 2820 3058 2877 pene
3099 2822 3229 2861 casu
3279 2805 3543 2859 incideri-

1970 2919 2112 2969 mus,
2150 2902 2366 2957 tametsi
2411 2916 2607 2971 magna
2652 2900 2965 2959 videantur.
3010 2913 3120 2952 non
3164 2906 3315 2952 tanto
3359 2896 3545 2951 studio

1971 2977 2708 3063 affectuque’amplectimur.
2730 2990 3093 3057 Quamobrem
3126 2992 3291 3044 etiam
3324 2989 3543 3043 illorum

1968 3087 2288 3141 diuturnior
2311 3084 2629 3153 tirmior‘que
2656 3082 2930 3152 possessio
2953 3091 3057 3137 est.
3081 3080 3131 3135 Is
3158 3080 3340 3150 itaque
3374 3079 3541 3134 etiam

1968 3178 2153 3234 animo
2213 3175 2495 3230 laboribus
2564 3173 2873 3240 indefesso,
2937 3182 3229 3242 menteque
3296 3172 3540 3227 studiosa
3645 3203 3654 3211 -

1969 3268 2272 3338 Scripturis
2296 3282 2521 3329 vacans,
2558 3276 2852 3320 venturum
2887 3262 3164 3319 Christum
3206 3262 3274 3317 a-d
3306 3263 3537 3316 salutem

1970 3360 2290 3415 hominibus
2331 3357 2695 3434 praestandam
2726 3373 2834 3411 non
2876 3356 3175 3416 nesciebat,
3205 3369 3411 3424 speque
3441 3370 3537 3408 ve-

1970 3463 2145 3524 getus,
2188 3460 2248 3507 ut
2271 3459 2662 3521 exspectatum
2692 3448 3018 3520 quandoque
3046 3448 3339 3507 inveniret,
3369 3462 3537 3516 opera

1971 3544 2270 3615 satagebat.
2324 3542 2592 3612 Quodque
2646 3542 2892 3597 omnium
2944 3540 3193 3609 primnS‘
3226 3538 3281 3594 id
3341 3549 3538 3593 nactus

1970 3651 2118 3695 esset
2176 3648 2234 3694 ut
2284 3637 2577 3697 inveniret.
2627 3635 2792 3704 inque
2840 3643 3209 3702 conspectum
3239 3620 3535 3695 admissus,

1970 3729 2194 3789 brevem
2218 3742 2339 3781 cum
2371 3726 2464 3779 illo
2494 3737 2803 3779 sermonem
2836 3721 3149 3776 miscuisset
3179 3725 3307 3792 (qua
3331 3720 3538 3777 amoris

1970 3821 2023 3874 vi
2047 3820 2190 3873 bono
2208 3817 2461 3880 aﬂicitur)
2492 3816 2674 3871 animo
2694 3815 2946 3869 reﬂoret:
2975 3815 3267 3883 menteque
3293 3813 3538 3868 scientia:

1969 3915 2091 3969 luce
2130 3925 2378 3973 accensa,
2414 3908 2507 3965 Dei
2533 3905 2740 3978 gaudio
2770 3907 3069 3961 exuberat:
3104 3919 3213 3975 quo
3246 3906 3395 3959 solus
3426 3904 3534 3959 frui

1942 4018 2080 4062 :non
2118 4001 2322 4063 ferens,
2362 4000 2589 4065 Petrum
2637 4011 2856 4067 quoque
2896 3995 3139 4059 iestinat,
3171 3994 3250 4047 uti
3294 3993 3533 4063 primum

1968 4091 2250 4165 querendi
2279 4084 2592 4161 diligentiae,
2632 4088 2712 4143 sic
2739 4098 2796 4143 et
2825 4086 3162 4141 inventionis
3194 4086 3403 4140 socium
3445 4101 3533 4138 as-

1968 4198 2205 4243 Sumere.
2254 4181 2464 4237 Idcirco
2499 4181 2574 4233 ait
2597 4188 2623 4233 :'
2651 4178 2948 4233 Invenimus
2976 4176 3241 4241 Messium,
3278 4175 3416 4246 quod
3460 4182 3535 4228 est

1970 4274 2205 4330 Christus
2230 4290 2248 4329 :
2276 4281 2323 4327 et
2351 4272 2498 4325 duxit
2522 4286 2641 4324 cum
2668 4270 2737 4323 ad
2764 4269 2967 4323 Iesum.
2995 4266 3106 4322 llos
3138 4268 3365 4337 primos,
3385 4266 3534 4320 velut

289 4370 590 4434 δκλεκτοὺς
622 4368 823 4434 λίθους,
854 4369 1093 4440 τιμίους,
1114 4369 1393 4439 δοκίμους,
1420 4372 1449 4426 ὁ
1474 4372 1868 4441 ἁκρογωνιαῖος

1970 4366 2181 4439 lapides
2224 4366 2449 4428 electos,
2487 4363 2778 4433 pretiosos,
2819 4360 3081 4431 probatos
3120 4358 3399 4429 anglilaris
3444 4359 3535 4412 ille

283 4462 593 4533 οίκοδομῶν
632 4463 718 4531 ἐφ’
764 4463 979 4530 ἑαυτὸν,
1040 4463 1135 4521 καὶ
1185 4461 1265 4534 τῷ
1311 4462 1413 4533 τῆς
1457 4461 1680 4532 ἀγάπης
1738 4478 1867 4515 συν-

280 4555 479 4626 δέσμῳ
550 4553 1058 4625 καταδεσμούμενος
1090 4555 1185 4609 καὶ
1272 4544 1864 4631 συναρμολογούμενος,

286 4649 381 4703 ἐπ’
403 4649 591 4712 αὐτοῖς
618 4648 830 4702 καὶτὸν
868 4648 992 4703 ὅλον
1034 4648 1169 4723 εὲξῆς
1225 4648 1370 4721 ἱερὸν
1416 4646 1682 4719 μαθητῶν
1718 4647 1869 4699 ὲποι-

284 4741 520 4811 mea:
540 4740 720 4813 χορόν.

360 4832 514 4898 Εἶεν,
542 4834 605 4887 τὸ
656 4834 754 4904 μὲν
800 4832 866 4905 δὴ
910 4833 1073 4904 μέχρι
1120 4832 1683 4919 τούτωνθίδιοτρόπως
1734 4830 1867 4899 ἡμῖν

288 4927 606 4997 ὑπογράφει
650 4926 742 4978 τὸν
788 4925 1172 4996 πρωτόκλητον
1198 4926 1229 4979 ό
1260 4922 1457 4993 λόγοςτ
1483 4920 1731 4975 ἐντεῦθεν
1782 4919 1861 4983 δὲ,

286 5017 470 5082 κοινὸς
500 5018 669 5071 πᾶσιν
691 5017 721 5070 ό
749 5018 952 5087 τρόπος
969 5018 1093 5087 ,στῆς
1138 5014 1282 5070 κατὰ
1308 5016 1372 5069 τὸ
1409 5002 1739 5083 Εὐαγγέλιον
1773 5014 1864 5066 εὑ-

282 5094 764 5187 δοκιμήσεωςκἭ
790 5124 857 5162 τε
889 5088 1003 5178 ἥάρ
1048 5107 1251 5170 π-ίστις,
1287 5108 1383 5161 καὶ
1422 5108 1456 5177 ἡ
1488 5106 1625 5175 πρὸς
1655 5102 1747 5157 τὸν
1781 5105 1865 5173 6t-

287 5201 566 5257 δάσκαλον
599 5188 921 5275 ἀγαπητικὴ
944 5201 1183 5265 διάθεσις
1211 5201 1393 5270 κοινή·
1420 5200 1577 5271 ὁμοία
1597 5189 1870 5261 τοῖςάπο-

282 5292 503 5357 ,στόλοις
541 5294 709 5347 πᾶσιν
736 5296 772 5365 ἦ
793 5312 853 5347 τε
888 5296 1099 5365 κλῆσις,
1122 5294 1215 5348 καὶ
1242 5294 1275 5363 ὴ
1308 5291 1531 5363 ἐκλογὴ,
1555 5290 1647 5345 καὶ
1676 5291 1710 5359 ἡ
1736 5289 1865 5341 ἀκο-

288 5384 553 5456 λούθησις
575 5384 674 5437 τοῦ
699 5385 936 5457 Χριστοῦ
960 5402 972 5417 ’
1001 5387 1093 5440 καί
1124 5403 1187 5456 γε
1212 5385 1323 5438 τῶν
1345 5383 1664 5454 θαυμασίων
1688 5380 1865 5452 ἔργων

288 5480 327 5553 ἡ
356 5480 571 5549 ὅρασις,
617 5477 715 5531 καὶ
750 5479 860 5530 τῶν
901 5476 1117 5563 ὑψηλῶν
1156 5477 1469 5550 μυστηρίων
1505 5477 1538 5546 ἡ
1579 5473 1860 5546 ἀκρόασις.
1904 5509 1909 5514 -

362 5662 416 5696 ’³⁸
438 5660 599 5721 10m.
627 5678 667 5732 ι,
698 5660 788 5720 42.
866 5661 909 5694 τ’
939 5660 1041 5719 isa.
1064 5679 1253 5729 xxvm,
1284 5662 1384 5729 16;
1418 5664 1439 5719 1
1475 5663 1620 5721 l’ctr.
1650 5677 1710 5728 ιι,
1741 5661 1791 5716 6.

1971 4459 2111 4531 lapis
2137 4459 2194 4513 in
2228 4453 2734 4527 seipso‘mdiﬁcans,
2766 4469 2830 4508 ac
2856 4453 3144 4508 charitatis
3174 4453 3392 4506 vincuio
3419 4453 3534 4507 col-

1967 4551 2168 4623 ligatus
2194 4565 2258 4603 ae
2284 4555 2589 4617 coaptatus,
2634 4546 2688 4599 in
2720 4546 2803 4599 eis
2851 4544 3017 4599 etiam
3059 4553 3232 4598 totum
3277 4544 3535 4613 deinceps

1973 4656 2189 4698 sacrum
2216 4638 2611 4708 discipulorum
2641 4637 2872 4691 chorum
2902 4634 3300 4707 supermdiﬁcat
3326 4634 3392 4687 ⁷⁸.

1953 4795 1956 4797 Δ
2044 4819 2267 4882 Verum,
2309 4817 2576 4887 hactenus
2590 4814 2812 4885 quidem
2845 4814 3193 4886 peculiariter
3225 4826 3289 4866 ac
3316 4809 3536 4881 propria

1975 4910 2209 4965 scorsim
2248 4909 2494 4971 ratione,
2517 4921 2668 4970 eum,
2701 4905 2797 4976 qui
2830 4905 3117 4959 vocatione
3156 4902 3367 4972 primus
3399 4917 3533 4971 apo-

1973 5003 2148 5057 stolus
2193 5008 2296 5065 est,
2332 4999 2491 5054 nobis
2526 4999 2702 5053 oratio
2736 4998 2975 5052 delineat
3006 5007 3171 5065 atque
3217 4994 3479 5049 describit
3514 5008 3529 5045 :

1973 5094 2320 5165 postmodum
2342 5108 2473 5147 vero
2501 5091 2805 5147 communis
2829 5088 3024 5144 modus
3047 5095 3153 5151 est,
3172 5102 3280 5155 quo
3308 5100 3530 5153 operam

1976 5198 2238 5245 navantes
2275 5186 2588 5258 Evangeiio,
2640 5186 2979 5239 claruerunt.
3013 5182 3151 5237 Tum
3182 5179 3327 5233 enim
3371 5178 3528 5244 lidcs,

1974 5291 2089 5336 tum
2125 5278 2435 5335 dilectionis
2464 5294 2589 5346 erga
2624 5277 2943 5346 magistrum
2977 5271 3281 5329 communis
3309 5270 3414 5325 illis
3452 5268 3536 5324 ai-

1970 5373 2136 5429 fectio
2164 5382 2267 5427 est.
2300 5371 2405 5426 Par
2441 5368 2703 5440 apostolis
2730 5367 2987 5422 omnibus
3009 5375 3119 5419 tum
3152 5361 3387 5425 voeatio,
3416 5369 3531 5414 tum

1970 5466 2189 5532 electio,
2221 5480 2285 5521 ac
2323 5462 2468 5534 quod
2502 5461 2783 5519 Christum
2818 5458 2990 5517 secuti
3020 5465 3147 5513 sunt
3177 5473 3193 5510 :
3222 5453 3370 5526 quod
3404 5452 3534 5509 item
