3950 6320
432 260 508 325 ω
1239 295 1245 303 .
1633 240 1927 309 meam
1960 241 2489 307 PAPHLAGONIS
3609 237 3683 303 et

432 355 757 424 admiranda
777 379 946 435 opera
969 363 1230 418 viderunt
1254 376 1317 417 ac
1339 359 1635 414 audierunt
1651 359 1866 415 excelsa
1885 374 2001 430 my-

2111 358 2220 411 Καὶ
2259 357 2459 417 πάντες
2509 354 2730 425 ὁμοίως,
2769 352 2956 422 ὥσπερ
2991 352 3196 406 ἑαυτῶν
3239 353 3552 419 ἑξεστῶτες,
3587 353 3683 406 οὖν

432 453 624 512 steria.
649 459 852 513 Omnes
875 454 1084 525 pariter
1113 454 1261 509 velut
1282 468 1311 507 a
1336 467 1394 507 se
1424 451 1774 520 excedentes,
1806 451 1885 506 sic
1908 451 1999 506 isti

434 552 695 618 Magistro
721 546 987 612 devincti,
1028 545 1342 616 probr-aque
1365 553 1687 599 ornamenta
1717 544 2000 611 ducentes,

431 654 494 691 ac
524 640 643 707 ejus
679 651 841 690 causa
863 635 1132 692 conscitis
1160 633 1641 704 persecutionibus
1667 634 2001 706 ignominiis,

429 727 688 782 aerumnis
720 727 1038 796 gloriantes,
1070 726 1314 796 sociique
1339 727 1390 781 ei
1421 727 1739 797 passionum
1772 744 1836 785 ac
1864 743 1996 785 cru-

428 818 510 870 cis
536 816 741 879 cﬂ‘ecti,
781 816 836 869 in
866 817 994 872 vitae
1030 815 1330 871 novitatem
1361 815 1590 873 cum’eo
1625 825 2002 872 surrexerunt.

427 907 507 961 Ae
541 907 686 960 sicut
716 907 813 961 Dei
848 907 1013 964 Verbi
1048 923 1146 976 per
1169 906 1523 962 dilectionem
1549 924 1613 965 ac
1652 908 1814 964 ﬁdem
1840 908 1919 964 sic
1949 919 2006 966 et

427 997 668 1066 Spiritus
701 997 826 1051 vita
849 998 968 1067 pari
999 1013 1188 1052 omnes
1215 1000 1528 1068 pmstantia
1564 1010 1847 1055 consortes
1874 1016 2004 1055 eva-

430 1097 625 1143 serunt
656 1089 739 1156 ⁸ος
775 1092 974 1159 partim
1015 1090 1261 1160 quidem,
1296 1099 1424 1146 ante
1452 1093 1792 1161 passionem;
1824 1091 2005 1148 eiIica-
2036 1134 2037 1137 η

428 1183 551 1236 eius
585 1197 738 1246 vero,
773 1191 895 1251 post
933 1181 1243 1251 passionem
1281 1196 1347 1236 ac
1393 1186 1886 1248 resurrectionem;
1919 1185 2007 1239 di-

426 1275 630 1336 vinius.
655 1265 875 1330 Christo
892 1275 1004 1341 jam
1037 1274 1100 1328 in
1131 1277 1300 1331 ccelos
1329 1285 1553 1346 recepto
1577 1277 2004 1348 perfectiusque,

426 1368 642 1421 CllllCliS
677 1367 899 1436 perinde
939 1382 969 1440 ο
1005 1367 1147 1422 coelo
1181 1368 1232 1421 in
1291 1383 1426 1422 sono
1468 1377 1639 1422 status
1666 1369 2010 1427 vehementis

427 1456 686 1511 illabente
727 1457 1418 1531 divinissimol'Paracleto,
1447 1458 1516 1512 ad
1551 1459 1796 1530 singulos
1817 1477 2008 1516 eorum

421 1547 793 1616 adimplcnte;
827 1559 1102 1620 testesque
1139 1550 1477 1613 auditorum,
1515 1558 1677 1620 atque
1697 1553 1846 1607 laetos
1872 1570 2013 1608 nun-

427 1631 533 1693 tios
571 1655 634 1693 ac
669 1655 949 1708 praecones
979 1641 1034 1696 in
1069 1643 1384 1698 universam
1423 1653 1618 1699 terram
1658 1645 1778 1700 illos
1805 1649 2010 1702 consti-

424 1741 645 1786 tuentes
675 1731 740 1788 °‘.
1667 1726 1679 1735 ’

498 1822 809 1878 Secundum
829 1825 944 1880 haec
976 1825 1147 1896 igitur
1172 1827 1407 1883 alterum
1431 1829 1586 1885 alteri
1613 1830 1867 1900 praeferre
1897 1849 2006 1889 non

421 1915 569 1980 licet,
599 1913 663 1970 ex
683 1917 814 1981 illis,
841 1918 936 1986 qui
989 1917 1161 1974 Deum
1216 1921 1496 1989 viderunt,
1528 1923 1751 1993 ejusque
1780 1923 2007 1981 familia-

422 2007 540 2061 rius
554 2011 634 2063 usi
649 2011 1054 2066 necessitudine
1075 2022 1203 2090 sunt
1219 2010 1464 2071 :'eunctis
1485 2016 1691 2072 scilicet
1707 2018 1856 2073 velut
1871 2036 2009 2090 prae-

423 2100 774 2157 stantissimis
805 2105 1116 2174 margaritis
1145 2123 1252 2162 una
1300 2101 1566 2164 absolutis
1590 2111 1792 2180 gratia;
1825 2113 2007 2168 velut-

426 2207 536 2259 que
573 2194 833 2262 pretiosis
885 2195 1088 2266 lapillis
1119 2198 1239 2267 pari
1269 2199 1418 2252 cultu
1449 2200 1516 2254 ad
1549 2201 1805 2256 eximiam
1839 2219 2004 2259 unam

428 2283 557 2354 Regi
583 2287 844 2342 coriorum
868 2303 1127 2344 coronam
1149 2291 1335 2360 gloriae
1369 2293 1751 2349 instruendam
1773 2305 2002 2352 contex-

423 2375 514 2430 tis.
568 2377 873 2448 Postquam
911 2397 1039 2435 vero
1072 2397 1263 2437 omnes
1295 2385 1523 2454 pariter,
1579 2389 1727 2443 velut
1773 2389 2004 2460 perfecti

372 2529 394 2543 ν
420 2469 643 2532 arietes,
675 2471 946 2542 Principis
985 2482 1268 2555 pastorum
1297 2475 1493 2534 ovibus
1517 2481 1630 2536 dati
1653 2482 1821 2539 duces
1850 2486 2003 2556 juxta

421 2555 668 2615 divinum
721 2566 1001 2619 oraculum
1051 2564 1315 2637 Spiritum
1367 2574 1997 2644 sanctum'induerant,

423 2654 551 2709 inde
583 2656 724 2711 alius
756 2658 918 2712 aliam
947 2658 1100 2716 orbis
1132 2668 1406 2717 terrarum
1434 2672 1644 2733 partem
1682 2668 1996 2739 sortientes,

421 2743 491 2799 ad
521 2749 800 2817 propriam
843 2752 1182 2820 apostolatus
1210 2763 1438 2822 sortem,
1461 2772 1682 2827 operam
1703 2759 2000 2833 Evangelia

423 2842 676 2895 navaturi
707 2842 961 2898 exierunt
985 2845 1051 2897 ".

495 2930 577 2986 Tu
605 2949 737 2988 vero
762 2935 910 2988 omni
935 2936 1070 2991 mihi
1096 2939 1454 2995 veneratione
1478 2944 1861 3013 prosequende
1879 2945 1995 3000 An-

426 3023 582 3090 drea,
619 3043 708 3081 res
742 3028 853 3083 Deo
883 3029 1067 3100 digna,
1107 3046 1248 3086 verae
1280 3033 1629 3090 fortitudinis
1661 3041 1995 3109 exemplum,

423 3116 768 3173 sustinentize
800 3119 1042 3185 adamas,
1076 3123 1355 3191 patientia:
1401 3133 1600 3190 statua,
1655 3127 1829 3182 altera
1877 3139 2001 3200 post

425 3219 660 3278 petram,
690 3221 841 3280 petra
869 3211 918 3245 ⁸³
941 3229 952 3267 :
973 3229 1003 3267 a
1031 3213 1250 3270 Christo
1280 3217 1463 3272 statim
1494 3217 1713 3274 ﬁrmum
1736 3220 1998 3278 Ecclesia:

426 3301 868 3369 fundamentum.
910 3308 1164 3376 aquilone
1208 3310 1264 3364 in
1295 3311 1462 3376 sortis
1495 3322 1702 3382 partem
1751 3325 2000 3385 accepto,

424 3392 626 3459 lberos,
653 3393 1022 3462 Sauromatas,
1058 3399 1269 3456 Tauros
1301 3385 1358 3456 et
1386 3401 1635 3474 Scythas,
1665 3413 2001 3477 cunctasque

427 3486 679 3555 regiones
707 3505 771 3543 ac
803 3490 968 3546 urbes
1000 3492 1175 3548 Ponto
1211 3494 1426 3551 Euxino
1461 3497 1524 3552 ad
1559 3498 1871 3567 aquilonem
1902 3517 2003 3556 au-

424 3587 709 3649 strumque
757 3581 1072 3652 adjacentes
1113 3586 1444 3644 circumiens
1497 3590 2001 3657 insitieucurristi,

423 3671 552 3726 Jesu
580 3689 779 3729 nomen
805 3677 1094 3734 celebrans
1122 3695 1185 3734 ac
1217 3681 1524 3738 clariﬁcans
1549 3685 1847 3739 cucurristi
1872 3701 1999 3756 spe-

425 3765 590 3822 ciosis
637 3768 869 3836 pedibus
912 3770 1119 3826 Christi
1169 3761 1523 3844 Evangelium
1575 3777 1999 3846 prtedicaturus,

429 3866 686 3931 tanquam
720 3863 860 3918 lucis
910 3880 1087 3934 penus
1117 3865 1343 3936 ipseque
1389 3868 1482 3922 lux
1515 3869 1651 3938 ipsa,
1678 3870 1744 3924 ad
1775 3886 1871 3926 eos
1904 3874 1998 3942 qui

426 3948 768 4009 densissimis
790 3955 955 4027 obsiti
992 3956 1236 4012 tenebris
1262 3966 1423 4012 erant
1456 3967 1516 4013 ut
1549 3960 1892 4026 lenissimus,
1929 3961 1996 4016 ad

424 4057 522 4099 eos
550 4047 644 4114 qui
671 4046 856 4103 furore
887 4049 1253 4106 incitatissimi
1270 4049 1316 4080 ¹¹¹⁶
1339 4059 1398 4104 ιιι
1420 4067 1613 4107 revera
1639 4053 2003 4109 suavissimus

425 4151 492 4190 ac
519 4139 859 4204 mitissimus,
886 4141 951 4195 ad
977 4158 1071 4197 eos
1101 4144 1196 4214 qui
1216 4143 1568 4199 immitissimi
1599 4161 1662 4200 ac
1693 4146 2001 4207 durissimi.

426 4228 701 4296 Quantum
747 4235 896 4288 enim
934 4237 1162 4291 istarum
1192 4238 1438 4309 gentium
1474 4238 1754 4309 protervia
1803 4241 2001 4310 major,

2107 467 2213 512 τως
2248 449 2359 502 ὅλοι
2395 447 2491 517 τῆς
2523 445 2618 498 τοῦ
2644 447 2965 500 διδασκάλου
2997 445 3179 514 φιλίας
3199 445 3562 510 καθεστῶτες,
3587 447 3685 499 καὶ

2107 545 2220 605 τοῖς
2245 540 2570 608 ὀνειδισμοῖς
2598 539 3082 610 καλλωπιζόμενοι,
3104 536 3198 590 καὶ
3219 541 3330 601 τοϊς
3347 538 3485 610 ὑπὲρ
3512 537 3680 590 αὐτοῦ

2109 635 2370 704 διωγμοῖς
2397 635 2490 685 καὶ
2512 635 2628 698 ταῖς
2656 633 2901 702 ἀτιμίαις
2931 632 3022 684 καὶ
3053 618 3294 700 θλίψεσιν
3320 629 3683 701 ὲγκαυχώμε-

2109 747 2189 784 νοι
2210 745 2226 761 ·
2261 729 2355 782 καὶ
2376 727 2633 797 πάσχοντι
2652 726 2708 779 δὲ
2731 726 3159 795 συμπάσχοντες,
3191 722 3285 777 καὶ
3315 723 3683 793 σταυρωθέντι
3712 797 3718 804 θ

2111 820 2604 893 συσταυρωθέντες,
2631 821 2709 884 είς
2749 818 3042 888 καινότητα
3071 815 3243 887 τούτῳ
3277 815 3682 885 συνανέστησαν
3713 811 3716 822 ⁷

2112 913 2276 983 ζωῆς.
2322 911 2432 965 Καὶ
2462 909 2650 979 ὥσπερ
2698 906 2792 960 τοῦ
2839 906 2975 958 Θεοῦ
3020 905 3195 972 Λόγου
3234 903 3300 956 δι’
3338 902 3557 970 ἀγάπης
3588 902 3686 954 καὶ

2112 1005 2368 1066 πίστεως,
2402 1001 2544 1055 οὕτω
2571 1001 2663 1053 καὶ
2691 997 2784 1052 τοῦ
2818 997 2917 1068 τῆς
2939 995 3083 1066 ζωῆς
3108 996 3442 1065 Πνεύματος,
3477 993 3683 1055 πάντες

2112 1096 2386 1166 ὁμοτίμως
2419 1092 2710 1162 γεγένηντο
2738 1089 3003 1144 κοινωνοί.
3027 1087 3282 1155 Μερικῶς
3310 1087 3425 1157 μὲν,
3463 1085 3568 1156 πρὸ
3589 1082 3684 1137 τοῦ

2112 1187 2342 1249 πάθους·
2380 1185 2763 1255 ἐνεργέστερον
2806 1181 2885 1244 δὲ,
2930 1181 3066 1252 μετά
3109 1179 3170 1231 τὸ
3213 1179 3382 1241 πάθος
3435 1179 3529 1231 καὶ
3583 1178 3685 1249 τὴν

2111 1281 2432 1334 ἀνάστασιν·
2485 1278 2755 1348 θειότερον
2807 1276 2883 1341 δὲ,
2925 1274 3060 1345 μετὰ
3115 1271 3211 1342 τὴν
3257 1271 3556 1341 ἀνάληψιν,
3590 1271 3685 1324 καὶ

2112 1370 2455 1440 τελεώτερον,
2498 1370 2663 1422 πᾶσιν
2705 1367 2906 1437 ὁμοίως
2958 1364 3246 1435 οὐρανόθεν
3278 1365 3335 1415 ἐν
3369 1363 3484 1433 ﬁxo)
3514 1363 3684 1431 πνοῆς

2115 1465 2294 1530 βιαίας
2344 1464 2440 1532 τῆς
2490 1461 2748 1531 θεαρχίας
2789 1459 2880 1512 τοῦ
2919 1455 3276 1528 Παρακλῆτου
3304 1457 3680 1527 καταπτάσης,

2114 1557 2207 1610 καὶ
2231 1558 2458 1610 ’ἑκαστον
2482 1554 2662 1608 αὐτῶν
2693 1554 2798 1623 πλη
2810 1551 3061 1622 ρωσὰσης
3084 1569 3096 1583 ·
3135 1553 3229 1604 καὶ
3265 1550 3549 1620 μάρτυρας
3575 1552 3640 1603 αὐ
3663 1582 3677 1590 -

2115 1651 2260 1713 τοὺς,
2292 1645 2366 1702 ὧν
2414 1639 2735 1718 ἀκηκόασιν,
2779 1643 3169 1713 εὐαγγελιστάς
3197 1660 3256 1699 τε
3287 1642 3383 1696 καὶ
3411 1645 3679 1714 κήρυκας,

2044 1729 2084 1782 Β
2115 1742 2208 1795 ἐπὶ
2246 1742 2424 1793 πᾶσαν
2451 1740 2868 1808 καταστησάσης
2895 1735 2991 1808 τὴν
3019 1735 3143 1805 γῆν.

2187 1836 2342 1888 Κατά
2376 1833 2546 1887 ταῦτα
2582 1832 2760 1885 τοίνυν
2786 1833 2883 1883 οὐκ
2929 1829 3076 1882 ἐστιν
3117 1820 3303 1898 ἕτερον
3333 1827 3518 1897 ἑτέρου
3547 1845 3683 1898 προ-

2115 1926 2344 1995 τιμῆσαι
2374 1925 2448 1996 (9)
2481 1924 2589 1987 τῶν
2633 1923 2904 1976 θεοπτῶνο
2937 1922 3153 1975 πάντων
3190 1914 3277 1973 οἷα
3325 1919 3684 1990 μαργαριτῶν

2116 2019 2432 2088 πολυτίμων
2467 2017 2569 2088 μιᾷ
2607 2016 2788 2087 χάριτι
2828 2012 3276 2084 κατηρτισμένων
3301 2027 3313 2040 °
3349 2012 3380 2082 ἢ
3409 2012 3574 2066 λίθων
3603 2031 3684 2066 τι-

2114 2111 2252 2180 μίων
2287 2110 2544 2180 ἰσοτίμως
2595 2109 2676 2170 είς
2726 2108 2820 2160 ἕνα
2854 2107 3115 2174 στέφανον
3163 2106 3320 2174 δόξης
3376 2105 3682 2176 ὐπέρτιμον

2109 2201 2187 2273 τῷ
2218 2201 2326 2254 τῶν
2361 2201 2606 2272 οὐρανῶν
2651 2198 3092 2267 διαπλεκομένων
3125 2197 3342 2249 Βασιλεῖ
3362 2214 3373 2226 ⁸
3405 2198 3591 2266 ἐπειδὴ
3621 2197 3680 2249 δὲ

2110 2295 2170 2348 τὸ
2201 2293 2423 2364 Πνεῦμα
2453 2294 2511 2346 τὸ
2539 2294 2713 2360 ἆγιον,
2747 2286 2832 2344 οἷα
2868 2292 3012 2363 κριοὶ
3037 2291 3230 2344 τέλειοι
3269 2290 3377 2342 τῶν
3408 2289 3503 2343 τοῦ
3556 2288 3680 2359 Ἀρ-

2111 2388 2425 2456 χιποίμενος
2487 2385 2774 2455 προϐάτων
2829 2384 3141 2456 ἡγούμενοι,
3203 2384 3401 2444 πάντες
3470 2383 3674 2452 ὁμοίως

2110 2481 2250 2535 κατά
2279 2481 2368 2534 τὸν
2417 2481 2668 2551 θεὰρχιον
2708 2480 2864 2547 λόγον
2909 2477 3247 2540 ἐνεδύσαντο,
3281 2477 3438 2540 ἄλλος
3455 2477 3564 2547 μὲν
3592 2479 3680 2530 ὲν-

2106 2573 2294 2626 τεῦθεν
2329 2573 2457 2626 ἄλλο
2488 2572 2654 2643 μέρος
2707 2571 3154 2642 διαλαγχάνοντες
3189 2570 3285 2639 τῆς
3329 2570 3677 2641 οἰκουμένης,

2107 2667 2241 2737 πρὸς
2280 2667 2370 2720 τὸν
2405 2667 2604 2720 οἰκεῖον
2633 2665 2729 2734 τῆς
2749 2664 3053 2735 ἀποστολῆς
3076 2663 3298 2733 κλῆρον,
3329 2662 3404 2733 τῷ
3432 2661 3677 2733 Εὐαγγε-

2106 2759 2204 2830 λίῳ
2237 2759 2654 2830 διακονήσαντες
2678 2757 2925 2828 ἐξῄεσαν.

2181 2939 2251 2992 Σὺ
2279 2937 2333 2990 δέ
2367 2955 2477 3006 μοι,
2515 2936 2923 3005 σεόασμιώτατε
2961 2938 3200 3008 Ἀνδρέα,
3221 2937 3460 3003 ἀξιόθεον
3495 2941 3676 3011 πρᾶγ-

2112 3049 2208 3102 μα,
2241 3031 2301 3084 τὸ
2336 3030 2436 3097 τῆς
2456 3028 2713 3097 ἀληθινῆς
2742 3028 2960 3098 ἀνδρίας
2995 3030 3318 3099 ὑπόδειγμα,
3353 3032 3379 3084 ό
3415 3033 3510 3100 τῆς
3545 3051 3680 3102 καρ-

2101 3126 2285 3196 τερίας
2333 3124 2574 3192 ἀδάμας,
2626 3124 2653 3174 ὁ
2706 3123 2804 3191 τῆς
2846 3124 3123 3193 ὑπομονῆς
3170 3124 3413 3195 ἀνδριὰς,
3451 3128 3484 3196 ἡ
3544 3127 3680 3196 μετὰ

2097 3215 2197 3286 τὴν
2274 3215 2480 3284 πέτραν
2567 3213 2773 3284 πέτρα·
2830 3215 2862 3285 ὴ
2930 3216 3068 3283 μετά
3139 3215 3229 3268 τὸν
3283 3217 3516 3287 Χριστὸν
3591 3219 3680 3272 εὐ-

2100 3308 2197 3370 θὺς
2244 3305 2493 3378 ἀρραγὴς
2536 3305 2639 3375 τῆς
2689 3305 3014 3377 Ἐκκλησίας
3071 3308 3296 3376 κρηπὶς,
3335 3308 3426 3361 τὸν
3477 3309 3680 3383 βορρᾶν

2101 3398 2422 3470 κληρωθεὶς,
2469 3397 2696 3469 Ἴϐηρας
2744 3401 2837 3452 καὶ
2868 3399 3248 3471 Σαυρομάτας,
3289 3401 3544 3474 Ταύρους
3582 3406 3679 3458 καὶ

2102 3488 2333 3554 Σκύθας,
2360 3488 2454 3542 καὶ
2489 3487 2671 3541 πᾶσαν
2704 3489 2886 3559 χώραν
2925 3489 3020 3544 καὶ
3054 3491 3227 3557 πόλιν,
3273 3492 3392 3546 ὅσαι
3436 3510 3495 3546 τε
3542 3496 3680 3567 πρὸς

2108 3583 2307 3653 ἄρκτον
2332 3583 2585 3650 Εὐξείνου
2623 3584 2717 3637 τοῦ
2768 3584 2994 3648 Πόντου,
3045 3585 3139 3637 καὶ
3189 3585 3311 3640 ὅσαι
3361 3587 3496 3657 πρὸς
3529 3590 3680 3641 νότον

2108 3675 2405 3745 διάκεινται
2440 3675 2688 3746 περιιὼν,
2716 3676 2952 3746 ἔδραμες
3011 3680 3068 3730 ἐν
3116 3678 3259 3747 δίψει
3305 3679 3540 3745 δοξάζων
3588 3681 3679 3734 τὸν

2121 3765 2346 3836 Ἰησοῦν.
2401 3766 2673 3839 Ἐδραμες
2723 3766 2945 3838 ὡραίοις
2999 3769 3156 3820 ποσὶν
3195 3769 3680 3848 εὐαγγελιούμενος

2107 3861 2342 3930 Χριστόν
2364 3877 2377 3888 ·
2417 3860 2491 3924 ὡς
2537 3860 2748 3929 πλήρης
2777 3860 2973 3928 φωτὸς,
2997 3862 3091 3914 καὶ
3136 3862 3386 3932 αὐτοφῶς
3415 3864 3510 3929 ὣν,
3543 3865 3678 3935 πρὸς

2108 3953 2233 4016 τοὺς
2262 3953 2731 4016 σκοτεινοτάτους·
2756 3954 2833 4016 ὡς
2866 3943 3200 4026 πραΰτατος,
3236 3957 3372 4026 πρὸς
3409 3957 3534 4021 τοὺς
3572 3975 3677 4027 μαο
3715 4011 3718 4015 ,

2110 4048 2599 4111 νικωτάτουςοκαὶ
2651 4048 2726 4112 ὡς
2779 4047 2858 4120 τῷ
2922 4049 3036 4103 δντι
3095 4051 3479 4121 χρηστότατος,
3543 4052 3678 4122 πρὸς

2112 4141 2236 4204 τοὺς
2266 4140 2609 4211 ἀτεράμονας
2636 4141 2732 4194 καὶ
2773 4142 3197 4212 σκληροτάτους.
3240 4143 3394 4196 Κατά
3427 4142 3679 4197 τοσοῦτον

2113 4239 2220 4307 γὰρ
2246 4237 2286 4307 η’
2316 4237 2757 4306 μεγαλοπρέπεια
2787 4241 2884 4308 τῆς
2919 4237 3016 4308 σῆς
3048 4237 3268 4307 ἀρετῆς,
3316 4240 3412 4288 καὶ
3461 4238 3493 4306 ἡ
3553 4236 3678 4300 δόξα

501 4373 545 4403 ⁸⁸
572 4372 727 4427 Joan.
759 4390 849 4438 vn,
875 4375 940 4430 59
964 4393 978 4442 ;
1003 4393 1090 4444 xx,
1120 4377 1210 4432 22.
1251 4379 1294 4410 ⁸¹
1331 4380 1451 4435 Act.
1487 4395 1544 4444 ιι,
1576 4379 1630 4433 2.
1707 4377 1754 4410 ⁸³
1787 4380 1806 4434 I
1837 4380 1980 4435 Petr.

2111 4380 2163 4445 i;
2196 4378 2328 4433 Luc.
2360 4393 2503 4442 xxiv,
2533 4376 2619 4434 49.
2689 4378 2776 4435 ⁸³1
2809 4379 2934 4434 Cor.
2982 4395 3034 4444 x,
3067 4378 3116 4432 4.
3194 4379 3241 4411 ⁸⁸
3264 4379 3404 4433 Psal;
3456 4395 3560 4444 uti,
3611 4380 3676 4444 5;

431 4443 592 4497 Rom.
616 4461 668 4509 χ,
706 4447 791 4500 15.

500 4590 577 4660 (9)
609 4590 853 4667 Ἕτερρν
885 4590 1086 4667 ἑτέρου
1137 4593 1518 4667 προτιμῆσαι.
1561 4593 1756 4667 sobrie
1811 4596 2001 4649 admo-

2111 4609 2302 4648 novam
2337 4592 2530 4667 (ipsam
2558 4607 2808 4667 errorum
2851 4600 3105 4667 matrem,
3139 4599 3356 4667 tc_tque_‘
3381 4590 3678 4667 _ha3resiar-

427 4663 559 4716 dum
583 4662 957 4736 apostolorum
998 4665 1264 4733 ἰσοτιμίαν
1302 4662 1528 4735 exponit
1556 4666 1798 4726 Nicetas.
1851 4667 1997 4736 quod

430 4750 536 4788 una
565 4733 803 4794 vocatio,
823 4733 1015 4787 eadem
1055 4749 1314 4788 concessa
1347 4733 1576 4792 munera
1622 4739 1810 4793 cadem
1852 4733 1992 4791 cun-

427 4804 834 4880 etisdcstinata
875 4805 1178 4880 provincia,
1227 4807 1560 4880 praedicandi
1602 4809 1886 4880 Evangelii
1936 4825 1999 4863 ac

430 4875 696 4928 fnndandi
723 4875 1005 4938 ecclesias,
1032 4876 1177 4944 quod
1199 4875 1334 4929 nihil
1395 4879 1540 4932 laedit
1585 4875 1818 4934 aliorum
1865 4880 1999 4933 alio-

432 4961 664 5014 rumque
688 4948 973 5021 προνόμια,
1006 4946 1241 5021 maxime
1276 4945 1441 5021 Petri,
1472 4951 1614 5017 quod
1637 4953 1815 5021 gregis
1844 4951 1998 5020 prin-

429 5034 560 5085 ceps
597 5026 713 5069 erat
746 5017 1004 5086 quodque
1038 5017 1090 5069 in
1114 5032 1180 5070 eo
1211 5015 1710 5086 designata—unitas,
1736 5015 1858 5075 nec
1892 5023 1996 5076 nisi

430 5088 557 5162 ejus
579 5089 977 5162 communione
1014 5087 1307 5162 fundanda
1343 5091 1623 5154 Ecclesiae,
1653 5102 1804 5162 extra
1833 5109 1997 5162 quam

430 5157 706 5234 quidquid
721 5158 1234 5234 est,_profanum_:est
1254 5175 1268 5210 :
1287 5163 1563 5232 nedum'tn
1590 5159 1708 5231 ipsa'
1725 5157 1866 5217 Petri
1885 5181 2001 5234 per-

431 5245 586 5286 sona,
615 5230 710 5281 sed
738 5238 794 5282 et
829 5231 881 5284 in
917 5230 1024 5284 illis
1059 5230 1153 5298 qui
1186 5232 1332 5287 Petri
1376 5230 1724 5288 sucCcssOres
1746 5230 2000 5291 Ecclesia:

431 5299 647 5372 (_-_|av_un_I
678 5308 885 5364 tenent,
920 5301 974 5354 in
1006 5302 1181 5371 ipsum
1211 5306 1394 5360 saeculi
1429 5306 1611 5369 finem,
1660 5321 1721 5357 ac
1756 5309 1998 5371 quandiu

435 5367 699 5442 licele'sia,
735 5386 841 5424 una
887 5373 974 5426 illa
1028 5367 1251 5442 sponsa,
1311 5377 1396 5431 vel
1434 5378 1485 5429 in
1538 5367 1653 5429 suis
1684 5367 1906 5431 fine—ibus
1939 5396 2001 5434 ac

433 5439 631 5517 ruinis,
708 5454 988 5509 superstes
1040 5439 1245 5500 futura,
1281 5461 1385 5504 εει.
1442 5448 1758 5502 Glorientur
1819 5449 2000 5517 itaque

431 5509 630 5587 (irasci.
658 5525 722 5587 anc
755 5524 1025 5583 quotquot
1056 5517 1144 5570 alii
1189 5535 1216 5571 a
1249 5523 1490 5574 Romana
1526 5518 1768 5570 Ecclesia
1798 5509 2003 5578 disces-

432 5581 642 5634 sionem
673 5581 937 5658 fecerunt,
963 5587 1214 5641 Ecclesim
1239 5592 1521 5643 catholicus
1546 5589 1764 5640 nomine
1787 5607 1799 5648 ;
1828 5608 1997 5658 παρα-

434 5653 722 5725 ςυναγωγὴ
762 5666 864 5718 est,
903 5674 1023 5724 qiue
1065 5659 1143 5710 sic
1177 5660 1314 5711 ludit
1368 5663 1581 5725 illiSque
1634 5662 1856 5725 mansit,
1894 5653 1997 5714 lion

434 5720 580 5779 Petri
620 5720 1222 5795 privilegio'scnioreln
1278 5720 1505 5785 lloinani
1562 5720 1872 5798 deficiente,
1935 5733 2000 5785 ad

2107 4665 2225 4719 chis
2252 4663 2594 4717 antistitibus
2631 4663 2922 4728 incessam,
2963 4663 3039 4716 uti
3076 4663 3273 4717 merito
3302 4662 3525 4718 Calecas
3575 4683 3677 4720 no-

2107 4745 2219 4789 ster
2243 4737 2358 4803 ipse
2398 4733 2618 4788 Grzccus
2637 4733 2839 4789 Graecis
2861 4734 2974 4787 suis
2998 4733 3208 4803 objicit,
3235 4735 3287 4787 in
3307 4750 3406 4788 suo
3426 4736 3559 4805 Περὶ
3588 4739 3678 4789 οὐ-

2109 4807 2229 4868 σίας
2261 4815 2326 4866 et,
2348 4805 2650 4874 ἐνεργείας)
2682 4805 2941 4860 Ecclesia:
2994 4805 3276 4859 catholicae
3323 4820 3412 4859 res
3446 4822 3678 4862 nomen-

2109 4893 2216 4946 que
2249 4877 2518 4932 transivit.
2555 4877 2941 4930 Describebam
2973 4891 3148 4944 nuper
3168 4890 3234 4929 ex
3270 4875 3330 4930 V.
3363 4876 3434 4930 cl.
3471 4879 3677 4946 probe-

2108 4965 2213 5018 que
2235 4949 2441 5004 eruditi
2473 4949 2534 5002 D.
2570 4947 2904 5018 Ballesdcus,
2945 4947 3155 5016 integro
3189 4947 3377 5001 codice
3429 4948 3678 5018 Gregorii

2103 5017 2286 5090 Cyprii
2310 5020 2631 5090 patriarcha:
2678 5017 3289 5090 Constantinopolitani,
3335 5028 3458 5088 post
3487 5017 3674 5073 adem-

2106 5089 2253 5161 ptam
2295 5089 2656 5161 Latinisealn
2686 5089 2899 5161 urbem,
2935 5089 3214 5161 epistolas,
3244 5104 3366 5161 qum
3405 5091 3677 5160 prmcipue

2104 5157 2426 5217 viderentur
2453 5157 3128 5230 aliquidecclesiasticum
3171 5159 3374 5212 habere
3407 5157 3678 5230 possent-

2105 5251 2211 5303 que
2247 5233 2414 5299 fmgis
2438 5229 2679 5303 _ali_quid
2737 5231 2791 5283 in
2827 5246 2939 5284 rem
2985 5229 3675 5303 ecclesiasticamafferre.

2106 5299 2164 5360 lii
2189 5305 2271 5358 eis
2302 5317 2407 5355 una
2436 5299 2756 5353 Latinorum
2791 5313 2991 5356 etcum
3025 5301 3106 5354 eis
3136 5302 3491 5356 sentientium
3525 5303 3676 5358 inse-

2107 5376 2292 5434 ctatio,
2333 5371 2477 5437 quod
2510 5371 2866 5434 schismatici,
2900 5373 3046 5440 quod
3075 5373 3327 5427 scindant
3355 5374 3674 5437 Ecclesiam,

2109 5450 2160 5501 in
2188 5460 2281 5499 eos
2307 5442 2700 5506 ulciscendum,
2740 5445 3007 5496 arcendos
3030 5444 3122 5510 qui
3149 5459 3308 5498 secus
3333 5444 3563 5499 doceant
3592 5448 3674 5500 v‘el

2105 5515 2751 5580 sentiant:argumenta,
2813 5513 3014 5580 quibus
3073 5529 3170 5568 sua
3217 5524 3440 5577 statuat,
3497 5516 3668 5577 nulla,

2105 5603 2227 5640 eum
2285 5587 2364 5637 sic
2418 5585 2670 5638 eruditus
2720 5583 2887 5636 videri
2946 5585 3095 5648 velit,
3161 5597 3216 5639 et
3269 5588 3359 5652 qui
3403 5591 3671 5653 perpetuo

2106 5658 2181 5712 illi
2211 5655 2490 5711 blanditur
2511 5671 2573 5710 ac
2605 5654 2809 5719 laudat,
2842 5669 3068 5724 magnus
3105 5657 3424 5720 Lugotheta.
