3950 6320
389 431 456 497 l3?

1577 414 1871 478 NICETJE
1904 413 1992 476 PA
2003 412 2437 476 PHLAGONIS

2349 334 2383 349 α.

3558 418 3628 475 68

470 543 581 600 Nec
603 540 810 610 absque
837 549 1032 592 cruore
1062 547 1317 605 magnum
1342 528 1481 610 lidei
1520 529 1628 583 illis
1659 527 1940 584 constabi-

2119 529 2227 583 Καὶ
2247 529 2309 580 οὐ
2335 527 2503 597 χωρὶς
2530 525 2761 597 αἵματος
2784 528 2994 592 τούτοις
3021 527 3080 582 τὺ
3109 528 3251 600 μέγα
3273 527 3374 596 τῆς
3395 527 3630 596 πίστεως

383 633 624 690 lie-batur
648 608 967 700 mvsterium
993 643 1008 680 :
1035 624 1130 679 sed
1162 625 1306 678 sicut
1330 608 1584 692 Magister
1610 635 1674 675 ac
1695 618 1955 674 Dominus

384 725 609 799 proprio
653 721 914 792 sanguine
961 725 1345 774 testamentum
1393 730 1552 769 suum
1602 711 1951 784 obsignavit,

384 820 466 874 sic
491 831 710 886 quoque
734 829 832 883 par
852 820 971 866 erat
994 822 1054 866 ut
1075 807 1497 882 probatissimus
1516 806 1819 875 discipulus
1844 817 1951 856 non

390 909 558 963 nudis
606 908 785 962 solum
815 903 1006 959 verbis
1042 904 1280 958 salutare
1312 900 1406 955 Dei
1441 900 1812 962 annuntiaret,
1859 895 1953 950 sed

385 1012 446 1056 ut
496 1001 661 1057 etiam
719 998 946 1070 proprio
983 997 1247 1068 sanguine
1291 994 1636 1064 disciplinam
1687 990 1948 1048 sanciret.
1997 1043 2011 1055 ,

383 1094 521 1158 Quia
557 1091 721 1161 igitur
740 1090 860 1145 ﬁeri
893 1105 1001 1144 non
1033 1097 1268 1158 poterat.
1295 1098 1355 1142 ut
1383 1102 1575 1142 omnes
1606 1087 1828 1156 penitus
1861 1098 1954 1137 ve-

386 1182 532 1236 ritati
564 1196 846 1236 assensum
894 1181 1236 1250 praeberent;
1268 1176 1732 1247 quemadmodum
1779 1174 1952 1229 Judazi

385 1275 539 1344 prius
587 1274 856 1328 adversus
891 1273 1074 1328 Jesum
1121 1285 1344 1324 manum
1383 1270 1714 1332 extulerant,
1746 1266 1822 1321 sic
1852 1264 1953 1324 ad,-

385 1383 579 1435 versus
608 1366 879 1420 Andream
903 1363 1156 1418 instructi
1185 1360 1518 1434 Scytharum
1533 1360 1711 1415 animi
1731 1376 1744 1419 ;
1763 1373 1950 1428 regum

387 1460 475 1515 ira
498 1475 760 1529 praeceps,
785 1443 986 1512 caedem
1015 1455 1237 1526 Spirans
1262 1455 1555 1526 praasidum
1592 1454 1827 1522 impetus
1863 1457 1950 1504 at-

387 1569 495 1624 que
521 1553 788 1622 judicum,
820 1551 1148 1621 populorum
1180 1549 1293 1603 l‘era
1317 1549 1484 1604 coitio
1513 1565 1525 1600 :
1552 1547 1680 1600 hinc
1703 1557 1951 1599 carceres

387 1652 551 1713 atque
596 1643 846 1722 verbera,
901 1641 1162 1696 distracta
1221 1641 1466 1696 membra
1510 1653 1574 1694 ac
1605 1639 1946 1694 dilacerata:

387 1736 521 1806 quin
551 1744 608 1790 et
662 1736 809 1806 ligna
867 1744 924 1790 et
954 1733 1161 1804 lapides
1190 1743 1246 1787 et
1268 1733 1453 1804 gladii,
1499 1731 1763 1801 quidquid
1792 1729 1950 1785 deni-

388 1843 496 1897 que
521 1831 768 1884 cruentis
799 1829 1117 1883 hominibus
1146 1827 1202 1881 in
1233 1842 1427 1881 manus
1455 1825 1729 1888 venisset,
1765 1837 1949 1878 armo-

386 2013 628 2076 victima,
663 2023 724 2067 ut
752 2023 850 2082 pro
882 2010 1291 2064 immolantibus
1321 2017 1570 2079 prompte
1605 2007 1942 2063 sacriﬁcare-

387 2112 507 2168 tur;
543 2119 608 2158 ac
649 2119 749 2158 ceu
781 2103 1047 2165 debitum,
1079 2102 1249 2172 ipsius
1275 2117 1438 2156 causa
1461 2101 1613 2172 prius
1645 2101 1946 2166 immolato,

388 2200 567 2249 suum'
589 2196 702 2265 ipse
727 2195 925 2249 libaret
953 2209 1236 2258 cruorem;
1288 2203 1452 2263 atque
1483 2195 1539 2263 (ο
1564 2192 1655 2247 Dei
1688 2183 1950 2248 imitatio-

388 2289 578 2356 nem)!
633 2304 732 2357 pro
771 2283 892 2342 neci
941 2286 1284 2350 tradentibus
1329 2285 1652 2341 sacriﬁcium
1702 2286 1946 2342 oil‘erret.

445 2379 587 2444 Quid
615 2395 743 2433 vero
769 2366 998 2448 magnus
1022 2379 1111 2431 ille
1131 2376 1408 2446 pontifex?
1425 2376 1806 2434 Libentissime
1829 2372 1952 2446 qui-'-

390 2470 514 2525 dem
554 2471 720 2524 habet
749 2472 1047 2534 victimam,
1083 2459 1424 2540 volentisque
1457 2459 1622 2526 animi
1661 2473 1953 2542 perfectio-

303 2622 308 2627 ,
388 2579 513 2617 nem
535 2564 796 2617 odoratur
818 2563 1041 2618 odorem
1063 2563 1428 2629 suavitatis“,
1453 2564 1747 2634 perfectam
1773 2573 1950 2617 tamen

394 2663 560 2724 atque
598 2655 862 2725 integram
890 2655 1167 2719 victimam
1197 2671 1389 2710 rursus
1422 2655 1682 2720 restituit,
1731 2656 1952 2726 majori-

388 2743 494 2798 bus
519 2746 735 2798 coronis
760 2753 924 2813 atque
941 2726 1141 2814 praeliis
1164 2760 1478 2800 reservans.
1499 2747 1557 2801 In
1579 2762 1702 2801 eum
1727 2747 1949 2800 modum

389 2836 637 2890 Andreas
665 2835 1008 2890 adversarios
1035 2826 1361 2906 superabat;
1388 2848 1548 2908 atque
1567 2837 1788 2907 Christo
1816 2854 1950 2893 con-

392 2929 532 2984 ﬁxus
563 2929 733 2994 cruci,
763 2944 859 2998 per
885 2944 1011 2984 eum
1041 2931 1134 2997 qui
1167 2929 1451 2996 dilexerat,
1478 2931 1700 3001 potiore
1739 2931 1797 2986 in
1831 2945 1952 2985 om-

392 3022 557 3076 nibus
589 3022 820 3078 victoria
854 3022 1126 3092 gaudebat
1154 3022 1220 3074 ".
1699 3013 1701 3020 ¹

399 3125 408 3134 ’
461 3115 664 3170 Omnes
705 3115 870 3186 igitur
902 3113 1175 3184 aquilonis
1212 3129 1358 3177 oras,
1415 3128 1743 3184 omnemque
1793 3111 1954 3168 Ponti

388 3208 743 3273 maritimam,
789 3207 844 3261 in
869 3206 1071 3262 virtute
1096 3208 1366 3262 sermonis
1393 3207 1674 3277 sapientia:
1708 3221 1770 3261 ac
1793 3206 1955 3260 intel-

2061 622 2394 695 ἐκρατύνετο
2450 621 2781 690 μυστήριον·
2839 619 3028 691 ὥσπερ
3066 621 3122 673 δὲ
3164 621 3254 674 τὸν
3303 618 3630 674 Διδάσκαλον

2061 720 2156 770 καὶ
2209 714 2410 784 Κύριον
2436 713 2513 781 τῷ
2564 712 2681 782 ίδίῳ
2738 712 2930 783 αἵματι
2963 713 3060 782 τὴν
3110 712 3275 776 αὐτοῦ
3332 709 3629 782 σφραγίσαι

2062 810 2353 879 διαθήκην,
2381 807 2559 868 οὓτως
2586 806 2692 858 ἔδει
2723 807 2818 858 καὶ
2847 805 2938 859 τὸν
2982 805 3351 875 δοκιμώτατον
3381 802 3629 874 μαθητὴν

2064 904 2125 957 οὐ
2146 903 2321 972 ψιλοῖς
2349 899 2531 969 λόγοις
2568 898 2726 969 μόνον
2748 899 2808 951 τὸ
2833 899 2925 952 τοῦ
2955 899 3090 952 Θεοῦ
3117 897 3378 968 σωτήριον
3408 885 3632 963 εὐαγγεέ

2058 992 2324 1059 λίζεσθαι,
2359 990 2492 1044 ἀλλὰ
2517 991 2612 1045 καὶ
2636 989 2822 1059 οἰκείῳ
2845 990 3042 1060 αἵματι
3070 990 3168 1059 τὴν
3202 987 3363 1041 αὑτοῦ
3395 985 3627 1057 βεϐαιῶ-

2060 1104 2152 1140 σαι
2184 1083 2662 1155 διδαχήν.Ἐπειδὴ
2710 1082 2802 1135 οῦν
2846 1082 3055 1144 πάντας
3100 1082 3268 1152 ἄρδην
3317 1081 3416 1133 οὐκ
3459 1074 3626 1151 ἧν-τῇ

2056 1180 2281 1252 ἀληθείᾳ
2314 1176 2778 1247 συγκαταθέσθαι·
2822 1174 3295 1245 ὦσττερΊουδαῖκὴ
3338 1173 3480 1226 κατὰ
3529 1171 3630 1224 τοῦ

2069 1277 2243 1348 Ἰησοῦ
2271 1277 2534 1347 πρότερον
2575 1275 2782 1344 ἐπῆρτο
2815 1274 2964 1344 χεὶρ,
2997 1272 3169 1336 οὕτως
3208 1275 3353 1326 κατὰ
3384 1270 3477 1324 τοῦ
3503 1270 3631 1324 ’Δν-

2055 1371 2212 1442 δρέου
2252 1366 2665 1438 παρεσκεύαστο
2709 1366 2945 1436 Σκυθικὴ
2969 1381 2984 1396 ’
3029 1365 3125 1418 καὶ
3159 1363 3331 1433 θυμὸς
3363 1361 3628 1434 βασιλέοιν

2055 1461 2353 1534 προπετὴς,
2377 1459 2471 1513 καὶ
2503 1456 2744 1527 φονώδης
2771 1457 3045 1532 ἀρχόντων
3089 1455 3260 1526 ὁρμὴ,
3285 1457 3381 1508 καὶ
3425 1451 3631 1525 θηριώ-

2055 1554 2151 1625 δης
2200 1551 2551 1614 ὲπισύστασις
2600 1550 2778 1604 λαῶν·
2827 1551 2923 1603 καὶ
2967 1549 3198 1620 είρκταὶ,
3235 1549 3324 1600 καὶ
3367 1545 3630 1617 μάστιγες

2054 1646 2323 1711 ἐντεῦθεν,
2351 1643 2610 1714 ὲλκυσμοί
2637 1661 2695 1695 τε
2726 1642 2818 1695 καὶ
2845 1642 3022 1713 μελῶν
3056 1639 3395 1710 σπαραγμοί.
3427 1639 3536 1691 Ναὶ
3563 1639 3626 1705 δὴ

2054 1741 2148 1794 καὶ
2182 1738 2312 1805 ξύλα
2347 1737 2441 1791 καὶ
2473 1735 2610 1790 λίθοι
2638 1735 2733 1789 καὶ
2763 1735 3051 1804 μάχαιραι,
3081 1733 3174 1786 καὶ
3202 1733 3310 1785 πᾶν
3347 1731 3411 1784 τὸ
3443 1731 3632 1783 ἐπιτυ-

2016 1883 2020 1888 .
2054 1834 2148 1902 χὸν
2175 1833 2295 1894 ταῖς
2335 1829 2638 1899 μιαιφόνοις
2665 1826 2873 1896 χερσὶν,
2905 1824 3069 1878 ὅπλον
3110 1824 3260 1878 κατὰ
3299 1822 3400 1889 τῆς
3439 1817 3632 1890 τιμίας

388 1936 508 1975 rum
537 1922 659 1974 loco
693 1919 1061 1975 venerandum
1112 1927 1274 1987 caput
1302 1917 1657 1986 impctebant.
1693 1915 1949 1986 Prompta

2064 1925 2276 1997 ἐφέρετο
2305 1923 2568 1992 κεφαλῆς.
2604 1920 2804 1976 Καὶίτδ
2835 1918 2986 1988 θῦμα
3011 1917 3313 1987 πρόθυμον,
3333 1912 3631 1986 προθύμως

2054 2019 2194 2090 ὑπὲρ
2238 2019 2346 2072 τῶν
2393 2016 2668 2085 θυομένων
2711 2012 2874 2066 αὑτὸν
2925 2008 3408 2082 ίερουργούμενον·
3434 2005 3528 2060 καὶ
3553 2005 3666 2086 ὡς.

2053 2110 2322 2180 ὀφείλημα
2357 2105 2435 2179 τῷ
2475 2107 2613 2177 ὑπὲρ
2644 2105 2807 2160 αὐτοῦ
2835 2103 3116 2174 τεθυμένῳ
3146 2102 3408 2173 πρότερον
3451 2097 3512 2151 τδ
3553 2097 3631 2149 ol-

2054 2204 2201 2255 κεῖον
2246 2198 2569 2252 ὲπισπένδον
2601 2191 2740 2265 αἷμα
2760 2212 2774 2226 ·
2830 2197 2923 2247 καὶ
2966 2190 3045 2263 (ὣ
3073 2191 3170 2260 τῆς
3201 2184 3630 2259 θεομιμησίαςί)

2056 2292 2199 2362 ὑπὲρ
2229 2290 2338 2344 τῶν
2369 2287 2736 2359 ἀναιρούντων
2769 2285 3042 2356 προσάγον
3071 2283 3152 2345 είς
3179 2280 3472 2350 ὲξίλασμα.

2078 2428 2081 2435 .
2126 2386 2237 2438 Καὶ
2276 2382 2329 2436 τί
2362 2385 2390 2436 ό
2423 2381 2734 2451 Ἀρχιερεὺς
2786 2380 2815 2430 ό
2864 2376 3073 2448 μέγας;
3123 2372 3483 2444 Προσιέμενος
3529 2367 3631 2444 μὲν

2055 2479 2155 2550 τὴν
2202 2476 2394 2530 θυσίαν
2433 2474 2853 2545 ἁσμενέστατα,
2901 2467 2997 2522 καὶ
3041 2467 3215 2538 ὀσμὴν
3259 2464 3489 2526 εὐωδίας
3529 2461 3630 2534 τὴν

2055 2569 2370 2640 τελειότητα
2415 2563 2861 2635 τῆςνπροθέσεως
2911 2559 3296 2629 όσφρώμενος·
3340 2557 3527 2627 ἄρτιον
3571 2551 3632 2608 δι

2057 2663 2150 2716 καὶ
2175 2662 2366 2730 ὁλόκλη
2376 2678 2466 2732 ρον
2489 2655 2645 2722 αὖθις
2672 2658 2733 2710 τὸ
2755 2655 2973 2724 λογικὸν
2998 2656 3194 2725 ἱερεῖον
3217 2641 3626 2717 ἀποκαθιστῶν,

2056 2757 2150 2808 καὶ
2178 2753 2271 2806 ἐπὶ
2316 2749 2526 2820 μείζοσι
2569 2748 2725 2802 τοῦτο
2772 2747 2952 2811 δόξαις
3002 2743 3099 2799 καὶ
3141 2744 3490 2814 ἀγωνίσμασι
3536 2759 3628 2798 τα-

2059 2845 2394 2917 μιευόμενος.
2419 2841 2605 2905 Οὕτως
2625 2843 2652 2892 ό
2675 2840 2844 2910 μέγας
2882 2838 3153 2910 Ἀνδρέας,
3180 2837 3287 2890 τῶν
3315 2839 3633 2920 ἀντιτεταγο

2060 2940 2234 3010 μένων
2255 2936 2469 3008 περιῆν.
2501 2936 2593 2990 καὶ
2617 2934 2786 2997 οὕτως
2803 2932 3270 3004 συσταυρούμενος
3293 2929 3373 3000 τῷ
3392 2926 3634 3001 Χριστῷ,

2058 3033 2117 3084 ὲν
2151 3032 2313 3083 πᾶσιν
2338 3028 2635 3101 ὑπερενίκα
2656 3027 2742 3079 διὰ
2783 3026 2876 3079 τοῦ
2904 3026 3252 3096 ὴγαπηκότος
3283 3022 3463 3079 αὐτόν.

2130 3121 2320 3186 Πάντα,
2359 3118 2650 3189 τοιγαροῦν
2679 3117 2748 3170 τὰ
2773 3118 3014 3187 κλίματα
3043 3115 3137 3170 τοῦ
3167 3114 3365 3187 βορρᾶ,
3395 3116 3489 3168 καὶ
3525 3113 3633 3166 πᾶ-

2063 3231 2162 3268 σαν
2191 3211 2286 3266 τοῦ
2317 3211 2522 3265 Πόντου
2560 3209 2658 3279 τὴν
2685 3207 2950 3279 παράλιον
2971 3251 2984 3274 ,
3017 3209 3074 3261 έν
3103 3207 3331 3277 δυνάμει
3361 3205 3520 3274 λόγου
3548 3221 3636 3257 σο-

389 3300 648 3370 ligentize,
673 3300 726 3353 iu
753 3299 955 3352 virtute
977 3298 1258 3367 signorum
1288 3306 1345 3354 et
1366 3299 1763 3368 prodigiorum,
1784 3300 1953 3352 Evan-

2064 3305 2182 3376 ρίας
2207 3304 2303 3358 καὶ
2332 3304 2600 3367 συνέσεως
2622 3346 2634 3365 ,
2663 3303 2719 3354 ὲν
2743 3302 2972 3370 δυνάμει
3007 3300 3251 3370 σημείων
3277 3298 3371 3353 καὶ
3392 3298 3638 3368 τεράτων

390 3393 516 3463 gelii
551 3392 866 3461 complexus
891 3390 1314 3461 praedicatione;
1353 3391 1556 3462 ubique
1585 3391 1787 3447 erectis
1817 3391 1953 3456 aris,

391 3483 878 3552 sacerdotibusque
911 3498 976 3538 ae
993 3484 1265 3552 episcopis
1293 3483 1499 3554 ubique
1529 3484 1783 3539 ﬁdelibus
1812 3499 1954 3554 pra:-

391 3576 603 3646 positis,
637 3576 704 3630 ad
730 3576 942 3631 illustre
971 3576 1076 3630 hoc
1094 3578 1416 3648 Byzantium
1449 3578 1697 3632 accessit.
1733 3577 1853 3632 Huc
1877 3576 1961 3631 vir

390 3667 729 3723 admirabilis
753 3667 934 3722 obiter
956 3668 1203 3735 veniens,
1223 3677 1607 3738 exstructaque
1637 3669 1692 3723 in
1720 3684 1843 3724 arce
1867 3669 1964 3724 Dei

393 3760 550 3814 Matri
579 3760 734 3827 aede;
787 3760 1023 3831 eleganti
1070 3761 1292 3831 quidem
1343 3762 1433 3816 illa
1483 3762 1779 3825 schemate,
1812 3763 1970 3832 cujus

390 3861 573 3906 tamen
601 3852 773 3907 moles
805 3867 904 3922 pro
935 3851 1175 3907 ﬁdelium
1221 3862 1350 3908 tunc
1378 3853 1651 3923 paucitate
1695 3855 1964 3924 angustiis

392 3945 508 3998 suis
533 3944 916 4014 responderet;
940 3943 1215 4015 dignoque
1238 3945 1499 4000 Ecclesia:
1522 3953 1737 4015 pastore
1759 3960 1955 4015 magno

393 4035 592 4110 Stachy
639 4037 931 4109 assignato,
965 4037 1162 4093 uberes
1210 4038 1560 4107 postmodum
1586 4038 1688 4094 hac
1723 4039 1778 4094 in
1808 4039 1947 4094 urbe

460 4222 508 4254 ⁸⁸
531 4221 792 4285 Gen.vut,
821 4219 909 4273 Η.
986 4221 1032 4320 εξ
1061 4219 1178 4276 Gal.
1211 4238 1269 4276 ιι.
1299 4221 1386 4277 19.

465 4403 575 4473 (10)
601 4400 833 4473 Ὠραῖον
848 4400 961 4473 μὲν
984 4399 1098 4473 τὴν
1122 4405 1526 4469 κατασκευήν.
1545 4405 1958 4461 Exstabatl’orte

393 4471 681 4543 vestigium
701 4471 917 4543 aliquod
954 4471 1031 4543 sic
1060 4473 1325 4543 elegantis
1367 4476 1611 4532 aedicula:
1645 4491 1708 4530 ac
1752 4477 1957 4540 sacelli,

396 4542 481 4617 vel
517 4560 547 4596 a
581 4542 877 4617 majoribus
907 4542 1168 4596 traditum
1223 4544 1440 4602 Nieetas
1468 4556 1774 4617 acceperat,
1834 4563 1960 4602 cmn

397 4613 514 4687 ipsa
539 4611 719 4687 _rnoles
745 4611 954 4687 _exigua
992 4624 1156 4687 esset,
1189 4629 1265 4687 _ac
1309 4632 1410 4685 pro
1453 4611 1644 4671 eorum
1690 4618 1961 4687 paucitate

395 4681 491 4758 qui
519 4681 779 4758 _Byzantii
841 4697 1038 4758 nomen
1073 4681 1612 4758 Christo—dederant,
1661 4681 1758 4758 p'cr
1795 4689 1961 4743 breve

398 4753 557 4829 illud
590 4765 823 4821 tempus,
853 4767 962 4829 quo
1007 4752 1254 4829 Andreas
1275 4755 1375 4811 :illc
1413 4752 1747 4827 prtedicavit.
1779 4760 1962 4829 lpsum

396 4823 658 4894 oppidum
702 4838 772 4894 ac
828 4823 1042 4894 urbem,
1077 4825 1346 4891 πολίχνιον
1396 4823 1575 4882 adhuc
1628 4839 1755 4884 tunc
1805 4823 1964 4884 vocat

395 4891 635 4963 Metaph.
669 4893 782 4947 sive
823 4891 1072 4961 quisquis
1119 4905 1310 4948 auctor
1364 4909 1446 4951 est
1485 4897 1875 4954 Commentarii
1910 4901 1964 4954 in

395 4965 669 5019 Andream
701 4963 1031 5036 apostolum,
1065 4978 1094 5016 a
1135 4978 1221 5036 me
1250 4971 1623 5036 repraesentati
1678 4969 1866 5024 Latine
1897 4988 1963 5025 ex

397 5036 522 5090 cod.
553 5036 701 5088 card.
729 5034 926 5087 Mazar.
965 5042 1020 5087 et
1055 5034 1199 5102 quod
1233 5034 1546 5092 Grzecorum
1582 5040 1781 5092 Menzea
1826 5042 1967 5095 inte-

397 5121 556 5186 grum
599 5106 652 5159 in
682 5104 923 5186 ejus‘die
950 5103 1087 5186 festo
1117 5106 1539 5186 habent._Qttotl
1566 5124 1694 5186 vero
1726 5109 1969 5165 Andreas

399 5174 518 5248 ipse
541 5191 660 5228 eam
686 5174 932 5248 iundavit
963 5174 1286 5248 Ecclesiam,
1318 5179 1478 5245 eique
1510 5177 1745 5248 Stachyu
1799 5195 1967 5234 unum

397 5262 429 5300 e
455 5246 830 5316 Septuaginta,
867 5253 925 5297 ut
952 5246 1265 5301 Graecorum
1298 5247 1516 5299 traditio
1573 5246 1967 5316 est,‘pr:efccit,

399 5317 538 5370 nihil
587 5317 940 5386 apostolicam
973 5316 1268 5371 Ecclesiam
1327 5318 1475 5377 facit,
1522 5326 1615 5370 aut
1677 5320 1970 5375 admodum

401 5388 696 5460 gelebrem,
731 5397 859 5441 ante
892 5389 1304 5460 translatatneo
1365 5388 1576 5460 imperii
1619 5389 1826 5454 sedem,
1865 5407 1972 5460 qua

402 5456 664 5530 Byzantio
721 5474 877 5514 novae
937 5458 1120 5510 Roma:
1150 5458 1318 5530 _illata
1375 5458 1658 5530 dignitas,
1725 5456 1973 5517 sascul'ari

406 5527 661 5596 primum
700 5530 865 5591 fastu,
917 5527 1372 5599 pOStmodumquc
1412 5529 1575 5581 etiam
1627 5533 1970 5599 sacerdotio;

402 5614 711 5669 quanquam
740 5602 831 5651 diu
860 5599 1173 5650 obluctante
1195 5598 1435 5651 Romana
1473 5600 1636 5664 sede;
1683 5602 1768 5654 cui
1802 5598 1971 5658 mole-4

405 5679 549 5723 stum
590 5671 871 5723 videretur
904 5669 1146 5720 sweulari
1180 5682 1245 5720 eo
1271 5669 1479 5722 ambitu
1525 5673 1755 5724 convelli
1787 5674 1973 5729 Eccle-

404 5740 610 5793 siarum
664 5736 986 5812 privilegia.
1021 5739 1298 5812 _viamquc
1347 5741 1629 5812 schismati
1685 5747 1972 5812 praestrui,

397 5819 455 5884 et
496 5819 559 5884 ut
586 5823 616 5859 a
650 5813 822 5856 matre
852 5806 1175 5884 discederet,
1214 5824 1334 5875 qua:
1360 5809 1486 5884 jure
1518 5814 1600 5865 vel
1634 5806 1832 5884 injuria
1889 5806 1978 5870 re;

398 5880 566 5950 liquis
587 5883 783 5945 prtcter
811 5888 955 5940 eam,
979 5877 1138 5945 eique
1170 5879 1407 5935 secunda
1434 5881 1543 5953 jam
1576 5877 1704 5939 ιιιιιι⁷
1724 5903 1836 5954 pra:
1853 5902 1976 5944 esse

1995 4590 2040 4644 D

2054 3398 2132 3469 τῷ
2164 3396 2481 3466 Εὑαγγελίῳ
2527 3386 2838 3466 περιλαϐών
2858 3411 2871 3425 ο
2926 3394 3206 3464 πανταχοῦ
3235 3409 3296 3445 τε
3331 3390 3634 3457 θυσιαστή-

2058 3510 2166 3564 ρια,
2203 3493 2368 3561 ίερεῐς
2411 3506 2472 3542 τε
2509 3491 2604 3541 καὶ
2651 3489 2912 3559 ίεράρχας
2957 3489 3071 3551 τοῖς
3120 3485 3440 3556 πισςτεύουσι
3488 3482 3628 3538 καθ-

2062 3584 2228 3637 ιστῶν
2256 3581 2554 3652 πανταχοῦ,
2584 3581 2756 3650 τούτῳ
2787 3579 2851 3648 δὴ
2879 3579 2958 3649 τῷ
2989 3577 3322 3649 περιωνύμῳ
3355 3575 3641 3647 Βυζαντίῳ

2063 3669 2774 3744 προσεπέλασεν.⁹Ενταῦθα
2821 3668 2964 3722 κατὰ
2989 3668 3220 3739 πάροδον
3260 3668 3290 3719 ὁ
3337 3666 3640 3734 θαυμάσιος

2065 3762 2330 3832 γεγονὼς,
2352 3762 2448 3817 καὶ
2475 3761 2602 3816 ναὸν
2633 3760 2784 3832 παρὰ
2815 3762 2881 3830 τῇ
2911 3759 3205 3831 ἀκροπόλει
3228 3761 3296 3831 τῇ
3327 3757 3638 3830 Θεομήτορι

2065 3854 2412 3926 δειμάμενος,
2443 3854 2569 3908 ναὸν
2597 3854 2796 3921 ὡραῖον
2841 3854 2940 3923 μὲν
2978 3853 3078 3922 τὴν
3108 3852 3458 3921 κατασκευήν
3479 3847 3591 3922 (Nl)
3617 3865 3633 3878 ·

2063 3947 2430 4015 ἀναλογοῦντα
2459 3927 2529 4015 δέ
2543 3945 2604 3999 τὸ
2637 3935 2868 4017 μέγεθος
2904 3946 2971 4016 τῇ
3003 3943 3116 3998 τῶν
3138 3947 3196 3998 έν
3223 3945 3369 4014 ἀρχῇ
3395 3943 3515 3997 τότε
3540 3957 3638 3995 πε-

2063 4041 2434 4093 πιστευκότων
2479 4037 2786 4108 θλιγότητι·
2827 4038 2924 4092 καὶ
2971 4037 3209 4110 ποιμένα
3252 4037 3311 4090 δὲ
3353 4036 3504 4102 άξιον
3537 4036 3636 4109 τῆς

2065 4407 2233 4462 vellet
2274 4407 2390 4462 :‘ac
2441 4415 2563 4476 qua:
2617 4402 2965 4474 postmodum
2999 4417 3244 4457 errorem
3296 4401 3638 4476 amnxittut

2067 4481 2186 4548 ejus
2219 4479 2390 4548 ipsius
2451 4475 2642 4546 iugum
2667 4484 2982 4548 excuteret;
3033 4489 3247 4548 unaque
3273 4475 3489 4548 audiret
3530 4475 3641 4548 Εσ-

2070 4497 2096 4533 C
2124 4497 2186 4533 US
2219 4497 2390 4548 IPSIUS
2451 4497 2642 4546 Jllglllll
2667 4497 2982 4539 ClCULCI‘Cl;
3034 4497 3138 4527 una
3181 4497 3247 4528 lle
3273 4497 3489 4529 allUll'Cl
3537 4497 3634 4541 ι’ιο-

2070 4497 2234 4626 cicsia
2265 4549 2565 4626 Catholica,
2593 4545 2839 4626 omnium
2878 4497 3476 4626 lp-Sa'ﬂpQEgplf,'ltlIlla
3521 4547 3634 4618 jam

2070 4621 2146 4674 illi
2174 4621 2377 4674 veteris
2430 4619 2614 4673 Romae
2645 4617 2740 4686 τῆς
2777 4614 3072 4685 προεδρίας
3113 4614 3378 4685 dignitate
3422 4630 3489 4672 ac
3523 4614 3637 4686 ’ρο-

2067 4691 2260 4745 tentia.
2287 4690 2417 4755 Quae
2447 4689 2623 4758 prima
2646 4685 2827 4741 Photii
2865 4695 3067 4758 strues,
3101 4693 3328 4755 tumque
3365 4685 3637 4741 carularii

2065 4763 2134 4815 ab
2163 4776 2338 4830 eoque
2366 4757 2704 4829 reliquorum
2728 4805 2731 4808 .
2758 4773 2876 4812 eam
2917 4757 3104 4811 sedent
3152 4772 3262 4812 non
3301 4760 3638 4830 ornantium,

2066 4832 2159 4888 sed
2195 4828 2338 4886 faide
2369 4828 2738 4901 stuprantium
2765 4847 2778 4894 ;
2815 4843 2960 4901 caeca
2976 4843 3108 4901 sane
3128 4828 3458 4901 temeritate,
3481 4829 3640 4898 quasi

2067 4919 2175 4957 non
2203 4902 2407 4957 Christi
2433 4899 2549 4956 haec
2577 4901 2630 4955 in
2656 4901 2815 4953 Petro
2839 4899 3134 4962 institutio,
3181 4899 3277 4954 sed
3313 4914 3500 4967 regum
3543 4915 3642 4954 au-

2068 4975 2290 5028 ctoritas
2317 4984 2481 5044 atque
2510 4975 2598 5043 jus
2627 4973 2679 5024 in
2706 4972 2939 5044 palpone
2965 4970 3306 5044 incubatore,
3349 4969 3432 5044 vel
3463 4970 3641 5044 etiam

2070 5045 2124 5098 in
2166 5039 2417 5114 tyranno,
2467 5039 2706 5112 ἀντάρτῃ
2744 5051 2882 5114 _tum
2931 5041 3143 5114 imperii
3183 5051 3298 5094 tum
3349 5039 3639 5114 Ecclesia};

2069 5110 2432 5185 quo'utroque
2456 5110 2652 5185 rubros
2678 5110 2892 5185 ealceos
2916 5113 3221 5185 ambiisset,
3244 5126 3307 5165 ac
3331 5125 3564 5185 quorum
3582 5110 3641 5185 in

2075 5181 2189 5254 ipsa
2218 5181 2461 5241 Ecclesia
2498 5182 2735 5254 repulsa,
2764 5184 2856 5252 qui
2884 5184 3108 5253 aequalis
3128 5184 3378 5239 Romano
3411 5181 3643 5237 antistiti

2072 5251 2192 5310 esse
2214 5258 2552 5325 nequiverat,
2587 5251 2853 5325 diabolica
2883 5251 3160 5323 superbia,
3199 5254 3274 5307 illi
3307 5268 3366 5325 se
3396 5254 3645 5325 superio-

2075 5342 2187 5378 rem
2220 5322 2894 5394 ac_summutniEcclesize
2933 5322 3195 5394 τεράεδρον
3231 5323 3494 5394 ρτωίθοίι.
3528 5324 3645 5391 Qua

2076 5397 2142 5448 de
2173 5413 2227 5449 re
2261 5398 2313 5448 in
2346 5393 2831 5466 HistoriaByzant.
2866 5411 2929 5448 ex
2968 5387 3341 5449 monumentis
3360 5387 3482 5466 quae
3502 5387 3647 5466 apud

2078 5473 2424 5525 melexstant,
2458 5465 2606 5534 omni
2646 5469 2848 5534 majora
2881 5465 3226 5531 exceptione,
3257 5467 3324 5520 ad
3356 5465 3649 5533 utriusque

2081 5534 2291 5606 tyranni
2324 5549 2384 5586 ac
2414 5533 2742 5606 schismatis
2775 5535 3075 5606 inceptoris
3107 5547 3384 5606 tempora;
3423 5538 3647 5606 jamque

2079 5603 2231 5677 prelo
2258 5615 2622 5677 parataisunt,
2660 5605 2720 5677 _si
2750 5605 2966 5677 quando
3016 5609 3177 5677 _rcgia
3220 5603 3468 5677 Lupara,
3520 5603 3650 5677 aliis

2079 5676 2235 5743 plene
2260 5676 2551 5742 superlluis
2580 5675 2819 5743 fatigata.
2866 5675 2946 5727 ad'
2979 5675 3113 5744 ejus
3134 5678 3386 5730 Historiae
3420 5675 3646 5726 absolu-

2078 5745 2281 5816 tionem
2321 5749 2683 5805 couvalcst'at,
2739 5758 2909 5811 eaque
2959 5747 3085 5807 sibi,
3125 5747 3344 5816 regique
3372 5744 3648 5816 _Cltristia-

2079 5813 2306 5942 {tissime
2325 5831 2540 5885 semper
2557 5820 2798 5885 Augusto
2815 5824 2980 5885 atque
3003 5813 3218 5879 victori,
3247 5813 3433 5882 gloriae
3454 5827 3650 5869 cumu-

2102 5899 2191 5941 um
2217 5897 2441 5942 (lunarat.

2102 5899 2191 5941 um
2217 5897 2441 5953 qumrat.
