3950 6320
221 471 280 537 59
1110 455 1391 521 ORATIO
1427 456 1524 519 Iv.
1554 483 1625 494 —
1656 455 1740 536 ut
1779 453 2088 516 LAUDEM
2124 451 2185 514 s.
2225 454 2572 517 manus.
2824 425 2825 428 γ
3273 492 3283 514 ..
3363 455 3441 524 το

231 583 540 653 Ίίίκκλησίας
566 580 658 632 τον
678 578 864 649 ’μέγαν
892 576 1098 646 Στάχυν
1136 568 1595 642 ἐγκεκληρωκὼς,
1615 610 1620 615 .
1637 570 1770 623 ἔδειο

1891 569 2088 624 'uturos
2115 556 2352 637 Spiritus
2382 570 2405 624 l‘
2407 581 2594 626 ructus
2616 569 2856 625 ostendit
2882 572 2948 628 ’°.
2985 571 3146 628 Velut
3170 573 3316 628 enim
3340 575 3442 630 tri-

225 679 300 742 ξεν
320 676 417 744 τὴν
449 676 527 736 εἰς
557 673 780 741 ὕστερον
810 671 867 723 ἐν
891 672 956 738 τῇ
991 668 1142 721 πόλει
1184 665 1358 738 ταύτῃ
1390 663 1772 733 φανησομένην

1891 663 1966 715 ici
2015 677 2246 731 granum
2281 678 2434 716 sacer
2487 665 2576 716 ille
2620 664 2856 735 Stachys
2899 666 2951 718 in
2987 675 3185 720 terram
3212 667 3440 729 cadens,

220 764 401 838 δαψιλῆ
445 765 538 818 τοῦ
574 763 883 832 ιΙνεύματος
928 758 1310 832 καρπογονίαν.
1336 752 1441 810 Οἷα
1479 756 1586 825 γὰρ
1623 757 1771 816 σῖτος

1891 754 2194 822 :éelestique
2234 768 2359 808 rore
2387 754 2646 824 irriguus,
2679 771 2742 809 ae
2774 757 3137 826 subjectarum
3188 756 3296 811 illis
3319 757 3442 811 ani-o

222 861 408 913 κόκκου
439 859 468 909 ὁ
509 856 649 925 ἱερὸς
695 855 899 914 ἐκεῖνος
929 851 1132 920 Στάχυς
1165 847 1347 900 πεσὼν
1389 847 1447 899 ὲν
1489 847 1648 915 αὐτῇ,
1682 844 1775 896 καὶ

1891 861 2091 900 marum
2126 846 2509 915 mentiumque
2540 849 2845 916 aptitudine
2867 849 3124 902 dilatatus
3151 850 3442 905 adauctus-

220 954 325 1014 ταῖς
359 949 635 1019 οὐρανίαις
662 943 905 1015 ἀρδείαις
939 941 1324 1012 δροσούμενος·
1357 939 1450 992 καὶ
1483 941 1550 1008 τῇ
1583 940 1770 1004 ἐπιτη-

1891 951 1999 1005 lue,
2023 937 2335 1007 centuplum
2353 938 2651 992 etiamnum
2672 949 2869 994 sanctm
2894 939 3014 994 lidei
3043 940 3280 995 fructum
3301 940 3443 995 inte-

219 1043 442 1113 δειότητι
471 1041 575 1093 τῶν
611 1031 984 1108 ὑποκειμένων
1009 1033 1156 1104 αὐτῷ
1180 1031 1367 1103 ψυχῶν
1403 1030 1494 1084 καὶ
1525 1029 1772 1083 διανοιῶν

1891 1044 1966 1097 gra
2001 1038 2184 1098 segete
2215 1028 2352 1084 edit.

220 1133 679 1204 ὲμπλαῖυνόμενος
718 1130 812 1182 καὶ
856 1121 1251 1198 αὐξανόμενος,
1304 1121 1778 1178 ἑκατονταπλασίω
1816 1122 1906 1174 τὸν
1936 1121 2037 1192 τῆς
2067 1123 2227 1190 ἁγίας
2257 1123 2573 1194 τελεσφορεῖ
2606 1124 2837 1188 πίστεως
2893 1125 3020 1197 ἄχρι
3083 1125 3177 1178 καὶ
3204 1127 3447 1197 τήμερον

220 1225 442 1280 καρπόν.

279 1244 286 1277 ι
322 1243 442 1276 πον.

279 1243 372 1368 ita
404 1313 497 1366 τοῦ
529 1311 816 1377 Βυζαντίου
863 1313 918 1365 δὲ
975 1312 1194 1382 Θρᾴκην
1241 1312 1270 1362 ὁ
1316 1308 1590 1370 Θειότατος
1637 1302 1774 1375 ἀνὴρ

219 1405 401 1470 ἐπιὼν,
427 1405 512 1459 ἵνα
543 1406 608 1458 τὰ
643 1403 843 1474 μεταξὺ
881 1403 1158 1472 συντέμω,
1190 1399 1279 1454 διὰ
1317 1397 1652 1459 Μακεδονίας
1683 1398 1773 1448 καὶ

220 1498 611 1569 Θεσσαλονίκης
668 1500 781 1559 τοῖς
835 1493 1299 1563 Πελοποννησίοις,
1334 1492 1429 1548 καὶ
1470 1490 1773 1543 τελευταῖον

219 1593 326 1654 ταῖς
351 1589 593 1658 Πάτραις
626 1589 721 1656 τῆς
745 1588 967 1658 ’Δχαῖας
999 1587 1338 1656 προσχωρεῖ’
1374 1584 1506 1636 ὅπου
1532 1581 1596 1651 δὴ
1624 1581 1772 1649 γενό-

223 1699 397 1754 μενος,
427 1684 516 1735 καὶ
548 1681 708 1750 ἱερῶς
736 1683 860 1743 τοὺς
889 1678 1202 1746 ἐγγίζοντος
1232 1676 1260 1728 ὁ
1293 1675 1547 1743 θεόσοφος
1576 1671 1772 1740 ἐκκλη-

223 1775 531 1844 σιαεόμενος
551 1789 565 1804 ’
603 1774 816 1839 Ἄρατε
845 1769 984 1837 τοὺς
1007 1766 1353 1838 ὀφθαλμοὺς
1381 1765 1565 1834 ὑμῶν,
1596 1758 1642 1817 ὦ
1671 1762 1774 1816 ἇν-

219 1867 344 1936 δρες
366 1864 612 1933 Ἀχαιοὶ,
650 1861 974 1934 παρεκάλει,
998 1861 1146 1930 πρὸς
1177 1855 1435 1927 οὐρανόν
1452 1874 1465 1888 ’
1501 1855 1676 1924 ἥλιόν
1702 1871 1764 1916 τε

1947 1303 2205 1373 Byzantio
2244 1313 2426 1359 autem
2471 1306 2556 1359 vir
2599 1306 2970 1362 divinissimus
3022 1307 3307 1362 Thraciam
3359 1307 3445 1361 in-

1878 1397 2131 1465 grediens
2159 1399 2382 1468 (atquae
2416 1400 2592 1453 media
2619 1410 2745 1455 sunt
2776 1401 3157 1470 perstringam)
3199 1414 3297 1469 per
3332 1400 3445 1453 Ma-

1878 1486 2161 1540 cedoniam
2187 1497 2242 1541 et
2283 1488 2750 1550 Thessalonicam,
2784 1490 3216 1558 Peloponnesios
3253 1505 3445 1559 aggre-

1879 1578 2065 1643 ditur;
2098 1594 2162 1632 ac
2217 1564 2620 1634 ad‘cxtremum
2675 1581 2861 1636 Patras
2904 1581 3119 1635 Achaiae
3147 1582 3317 1634 venit.
3343 1581 3445 1637 Ubi

1878 1669 2542 1742 constitutusvsaneteque
2586 1673 2822 1742 eos_"qui
2872 1673 3197 1726 accederent
3227 1673 3446 1728 divinus

1878 1760 2132 1830 magister
2161 1776 2258 1830 pro
2299 1763 2564 1816 concione
2594 1778 2795 1832 cogens
2825 1782 2839 1817 :
2871 1762 3077 1828 Tollite,
3107 1779 3307 1834 quazso,
3336 1764 3447 1818 aie-

1874 1848 1985 1914 bat,
2010 1851 2108 1904 viri
2139 1851 2336 1919 Acluei,
2366 1852 2418 1904 in
2438 1851 2623 1905 ecelum
2646 1851 2874 1918 Iuntina;
2895 1852 3157 1923 solemque
3189 1861 3236 1904 et
3266 1851 3449 1906 lunam

220 1960 308 2013 καί
332 1959 607 2025 σελήνην
639 1957 735 2010 καὶ
763 1957 1020 2025 ἀστέρας
1038 1996 1053 2020 ,
1081 1954 1180 2008 καὶ
1209 1953 1414 2009 πᾶσαν
1449 1949 1568 2002 τῶν
1599 1964 1772 2002 νοου-

1891 1951 1924 1995 :t
1950 1941 2154 2005 stellas,
2187 1958 2494 2012 omnemque
2518 1959 2701 1997 earum
2728 1960 2926 2010 rerum,
2954 1962 3069 2014 qua:
3095 1956 3264 1999 mente
3293 1945 3450 1999 intelé

217 2051 402 2122 μένων
430 2052 630 2104 κτίσιν
659 2048 1080 2102 διδασκαλεῖον
1104 2042 1300 2101 οὖσαν
1327 2042 1432 2098 τοῦ
1451 2042 1778 2114 Κτίσαντος

221 2144 289 2196 ἐπ
301 2143 660 2213 ι’τ-νωτε.⁶¹ος.
687 2141 775 2194 ἀεί
809 2140 893 2192 ὢν
915 2139 1127 2208 ὁμοίως
1149 2137 1408 2206 ἄναρχος
1431 2133 1527 2188 καὶ
1561 2130 1780 2186 ἀθάνα-

222 2251 336 2300 τος,
368 2234 614 2300 Δπειρος
645 2233 740 2284 καί
769 2230 1100 2299 ἀσώματος,
1135 2229 1402 2295 ἄληπτος
1425 2223 1520 2278 καί
1553 2221 1780 2290 ἀπρόσ-

229 2343 364 2390 ιτος,
411 2324 647 2391 πρῶτον
684 2321 800 2391 μὲν
828 2323 1038 2388 νοερὸν
1058 2321 1296 2387 κόσμον
1323 2318 1420 2371 καὶ
1450 2315 1660 2378 ἄῦλον,
1684 2312 1780 2366 καὶ

222 2415 433 2470 οἰκεῖον
473 2412 661 2476 ἑαυτῷ
695 2415 781 2478 είς
821 2411 1007 2475 δόξαν
1051 2407 1469 2474 ὑπεστήσατο⁶
1504 2405 1783 2471 δεύτερον

221 2509 282 2562 δὲ
312 2508 418 2561 τὸν
457 2505 750 2574 αἰσθητὸν
782 2505 996 2559 τοῦτον
1023 2503 1122 2555 καί
1149 2501 1411 2571 φθαρτὸν
1442 2498 1540 2552 καὶ
1583 2511 1781 2564 σωμα-

223 2601 400 2665 τικὸν,
430 2597 540 2652 τὸν
579 2597 650 2662 ἐξ
690 2596 948 2665 οὐρανοῦ
998 2593 1095 2648 καί
1139 2593 1252 2662 γῆς
1285 2589 1652 2656 συνεστῶτα,
1683 2590 1782 2643 καί

224 2693 456 2744 πάντων
507 2689 626 2743 τῶν
670 2689 740 2744 ἐν
781 2687 1018 2754 αὐτοῖς,
1059 2683 1785 2748 κατεσκευάσατο.’1ὸ“ιάις

223 2785 285 2837 δὲ
330 2785 437 2838 τὸν
492 2783 804 2851 ἄνθρωπον
848 2782 1039 2850 μόνον
1090 2779 1209 2832 τῶν
1254 2777 1406 2839 ζώων
1447 2776 1786 2840 διαπλάσας

223 2877 384 2946 χερσί
407 2917 423 2940 ,
462 2876 561 2930 καί
591 2877 750 2943 λόγῳ
778 2873 992 2927 τοῦτον
1041 2871 1387 2940 τετιμηκὼς,
1419 2869 1516 2922 καὶ
1546 2869 1656 2922 νοῦ
1687 2867 1784 2920 καί

223 2970 438 3038 σοφίας
467 2965 732 3034 ἠξιωκὼς
752 3007 769 3035 ,
794 2962 903 3034 τῆς
932 2964 1155 3029 οίκεὶιις
1179 2964 1383 3016 statera
1406 2959 1788 3033 μεγαλειότη-

226 3076 321 3132 τος
357 3056 702 3127 εἰργάσατο.

294 3233 519 3288 Τοῦτον
543 3233 612 3287 ἐν
638 3232 975 3302 παραδείσῳ
1007 3231 1250 3301 θέμενος
1279 3229 1405 3284 κατ’
1435 3230 1643 3298 ἀρχὸς,
1669 3227 1788 3283 τῶν

1883 2030 2140 2102 liguntur,
2176 2041 2500 2100 creaturam,
2535 2036 2647 2104 ejus
2678 2036 2766 2106 qui
2791 2038 2984 2090 creavit
3010 2053 3072 2089 ac
3093 2037 3317 2091 condidit
3348 2037 3449 2090 ad-

1882 2122 2110 2177 discendi
2159 2122 2341 2176 ludum
2371 2133 2610 2194 apertum
2637 2127 2916 2196 agnoscite.
2957 2127 3030 2191 Is,
3091 2144 3205 2180 cum
3242 2143 3449 2197 semper

1883 2209 2014 2264 nihil
2039 2210 2326 2275 dissimilis,
2381 2220 2607 2266 azternus
2643 2221 2692 2265 et
2732 2214 3067 2279 immortalis,
3107 2215 3448 2284 inﬁnitasque

1884 2307 1933 2354 et
1987 2303 2348 2373 incorporeus,
2384 2305 2939 2376 incomprehensusque
2961 2308 3028 2358 sit
3058 2315 3103 2358 et
3135 2307 3447 2369 inaccessas,

1884 2394 2113 2463 primum
2150 2393 2357 2464 quidem
2378 2396 2677 2449 animorum
2707 2397 2959 2450 mundum
2985 2407 3143 2467 atque
3171 2401 3448 2461 mentium,

1887 2499 1980 2535 nec
2011 2485 2344 2537 exsistentem
2368 2486 2424 2538 in
2456 2487 2700 2550 materia,
2725 2487 2963 2557 uelutque
2985 2489 3081 2541 sibi
3108 2487 3448 2557 familiarem,

1887 2575 1940 2626 in
1959 2573 2128 2645 gloria
2143 2575 2372 2628 condidit
2393 2574 2503 2647 (l6)
2523 2586 2767 2646 ;tumque
2783 2577 3029 2640 alterum,
3048 2579 3182 2631 hunc
3201 2579 3451 2632 nimirum

1885 2666 2116 2720 sensibus
2144 2666 2401 2736 objectum
2451 2685 2513 2720 ac
2565 2670 2886 2738 corruptioni
2943 2670 3227 2723 obnoxium
3271 2686 3453 2740 corpo-

1886 2771 2151 2824 reamque,
2183 2771 2246 2808 ea:
2270 2755 2395 2809 caelo
2407 2764 2455 2809 et
2481 2765 2622 2811 terra
2646 2766 2988 2824 constantem,
3019 2760 3316 2828 cunctisque
3335 2776 3454 2831 qua:

1886 2847 1940 2899 in
1960 2847 2033 2900 eis
2066 2857 2208 2911 sunt,
2241 2848 2527 2917 fabricatus
2556 2858 2671 2902 est:
2702 2851 2870 2902 solum
2909 2858 3087 2902 autem
3111 2867 3172 2902 ea:
3203 2853 3482 2906 animan-'

1887 2937 2020 2991 tibus
2041 2939 2300 2993 hominem
2325 2942 2550 3010 prapriis
2575 2941 2860 3009 formatum
2878 2941 3140 3006 manibus,
3163 2950 3212 2994 et
3246 2944 3454 2997 ratione

1887 3039 2043 3098 atque
2063 3027 2300 3084 sermone
2322 3039 2567 3084 ornatum
2599 3027 2863 3102 menteque
2890 3049 2952 3086 ac
2969 3034 3228 3103 sapientia
3249 3035 3457 3088 instru-

1887 3131 2047 3186 ctum,
2069 3139 2184 3177 sua:
2196 3124 2542 3177 simulacrum
2565 3125 2857 3191 majestatis
2879 3127 3015 3195 fecit.

1957 3213 2108 3268 Hunc
2132 3216 2188 3268 in
2217 3216 2466 3284 paradiso
2491 3218 2554 3269 ab
2599 3218 2748 3270 initio
2778 3221 3022 3288 positum,
3063 3221 3317 3276 universis
3339 3236 3457 3291 qua:

227 3323 317 3377 ἐπὶ
342 3323 455 3393 τῆς
482 3323 595 3392 τῆς
629 3297 918 3388 ἐπέταξεν
944 3297 1190 3376 πάντων
1226 3297 1557 3391 ἠγεμονεῒν.
1587 3321 1787 3386 Φθόνῳ

1891 3305 1941 3356 in
1969 3311 2112 3357 terra
2141 3313 2327 3371 essent,
2353 3320 2576 3375 prazesse
2607 3310 2894 3365 constituit.
2933 3309 3138 3364 Diaboli
3164 3324 3341 3364 autem
3372 3313 3458 3363 in-

227 3415 290 3469 es
314 3416 418 3471 τοῦ
442 3405 727 3472 διαϐόλου
751 3415 848 3468 καὶ
877 3415 1208 3482 ἀπροσεξίᾳ
1236 3413 1353 3481 ἰδίᾳ
1390 3413 1506 3481 τὴν
1531 3413 1790 3479 ἐντολὴν

224 3507 328 3562 τοῦ
359 3507 512 3562 Θεοῦ
541 3508 829 3574 παραϐὰς,
849 3507 946 3560 καὶ
967 3506 1064 3560 διὰ
1091 3506 1266 3559 τοῦτο
1287 3505 1393 3559 τοῦ
1422 3504 1788 3573 παραδείσου

226 3598 447 3662 πεσὼν,
467 3598 566 3651 καί
599 3597 729 3664 τοῖς
757 3597 1004 3660 κτήνεσι
1036 3597 1155 3662 τοῖς
1181 3594 1456 3662 ἀνοήτοις
1484 3610 1791 3665 παρασυμ-

227 3682 460 3756 ϐληθείς
483 3690 582 3743 καὶ
609 3689 925 3758 όμοιωθείς,
954 3689 1140 3743 αὐτοῦ
1167 3689 1283 3759 μὲν
1313 3686 1461 3759 ἧκεν
1484 3691 1571 3755 είς
1594 3685 1789 3757 λήθην

226 3782 478 3850 ὁλοτελῆ
502 3797 514 3810 ⁸
550 3781 621 3851 τῇ
644 3783 833 3848 κτίσει
863 3781 929 3834 δὲ
957 3783 1175 3835 λοιπὸν
1199 3783 1295 3834 καί
1319 3782 1443 3847 τοῖς
1474 3781 1786 3850 ὁρωμένοις

225 3874 617 3942 ἐναπερείδων
664 3873 770 3927 τὸν
820 3854 1004 3938 νοῦν,
1051 3873 1151 3926 καί
1200 3889 1266 3942 τε
1316 3874 1384 3925 τὸ
1432 3874 1622 3926 καλὸν
1665 3871 1789 3937 τοῖς

227 3967 551 4037 ὀφθαλμοῖς
586 3971 873 4036 νομισθὲν
919 3967 1103 4032 ἀθέως
1128 3963 1434 4029 θεοποιῶν,
1474 3965 1580 4019 τοῦ
1605 3967 1788 4033 ὅντως

225 4055 391 4120 ὄντος
424 4055 842 4110 ἀπολισθαίνει
870 4054 1046 4108 Θεοῦ·
1087 4053 1184 4106 καί
1227 4042 1415 4118 οὕτως
1458 4052 1788 4133 ἀνθρώποις

225 4146 419 4211 αὐτοῖς
454 4148 489 4200 ό
529 4144 691 4211 νοῦς,
719 4143 828 4198 τοῦ
860 4145 996 4210 ἐνὸς
1021 4145 1119 4197 καί
1149 4143 1411 4210 ἀληθοῦς
1437 4143 1547 4209 τῆς
1583 4147 1788 4211 φιλίας

223 4232 593 4302 ἁπορῤαγείς.
616 4234 853 4302 μυρίαις
904 4232 1072 4298 ὅσαις
1107 4229 1364 4284 εἰδώλων
1410 4229 1508 4284 καί
1551 4231 1786 4299 πλάνης

207 4325 581 4394 ⁵’ἑτεριηνιὲχθη
612 4323 965 4392 συμφοραῖς.

287 4418 397 4470 Διά
428 4417 610 4470 τοῦτο
638 4417 782 4480 Θεὸς
814 4415 1122 4480 ἅνθρωπος
1155 4413 1376 4482 γίνεται
1398 4429 1411 4443 ’
1461 4412 1603 4480 Θεὸς
1652 4414 1787 4467 aieb-

161 4565 168 4571 ,
227 4526 366 4575 νιος,
407 4511 445 4579 ἢ
501 4507 925 4576 ὑπεραιὼνιος·
975 4506 1116 4570 Θεὸς
1145 4505 1507 4573 ἀπροσδεὴς,
1538 4506 1782 4573 τέλειος,

226 4605 401 4671 μόνος
424 4602 544 4670 τὴν
575 4601 762 4669 φύσιν
789 4599 1006 4667 ἀγαθὸς
1034 4597 1132 4652 καί
1157 4598 1525 4666 ὺπεράγαθος
1547 4616 1559 4630 ο
1601 4601 1786 4668 μόνος

229 4695 480 4762 δυνατὸς
516 4695 656 4760 ’τὴν
716 4692 898 4764 ίσχὺν
955 4691 1053 4745 καὶ
1113 4690 1544 4759 ὐπερδύναμος.
1606 4688 1790 4757 Οὗτος

230 4774 395 4850 alito)
430 4782 833 4852 χρησάμενος,
865 4780 971 4833 τὸν
990 4777 1312 4848 μονογενῆ,
1349 4778 1457 4832 τὸν
1505 4779 1789 4848 ἰσοσθενῆ

231 4879 320 4932 καί
347 4877 745 4946 συνὰναρχον
771 4874 957 4944 αὑτοῦ
990 4873 1202 4940 Λόγον,
1243 4869 1537 4937 εὐδόκησε
1583 4870 1790 4925 δοῦναι

233 4967 346 5033 τοῖς
365 4965 785 5037 ἡμαρτηκόσιν
811 4961 1180 5027 ἱλαστήριον,
1203 4959 1269 5024 ὃς
1295 4957 1597 5023 Παρθένον
1618 4959 1792 5025 ἁγίαν

235 5059 628 5127 ἁπεφόγαμον
676 5051 902 5118 ὑποδὺς
926 5092 941 5116 ,
995 5049 1093 5102 καὶ
1143 5047 1285 5113 Θεὸς
1338 5045 1436 5099 καί
1486 5044 1792 5113 ἄνθρωπος

237 5148 604 5218 ὐπερουσίως
635 5148 669 5201 ό
701 5143 879 5210 αὐτὸς
907 5141 1051 5209 ἡμῖν
1070 5138 1400 5210 γεννηθείς·
1429 5137 1630 5190 ἔπειτα
1646 5139 1792 5205 μετὰ

239 5241 510 5310 λαμπρᾶς
537 5237 635 5292 καί
666 5234 1026 5304 θεοπρεποῦς
1045 5233 1155 5299 τῆς
1179 5232 1247 5285 ἐκ
1263 5233 1458 5298 λόγων
1483 5229 1579 5282 καί
1610 5229 1795 5297 ἔργων

1887 3394 2026 3448 vidia
2054 3411 2251 3464 suaque
2268 3396 2427 3463 ipsius
2451 3398 2691 3452 socordia
2714 3398 2814 3452 Dei
2830 3401 3140 3456 mandatum
3156 3413 3423 3473 transgres
3440 3432 3455 3442 -

1887 3501 1974 3537 sus
1990 3501 2206 3554 eantque
2236 3486 2297 3539 ob
2319 3503 2429 3540 rem
2455 3504 2480 3540 e
2515 3487 2761 3557 paradiso
2784 3490 3085 3561 prolapsus,
3117 3510 3178 3546 ac
3199 3494 3455 3562 jumentis

1888 3576 2245 3645 insipientibus
2277 3588 2612 3647 comparatus
2647 3579 2855 3650 illisque
2896 3582 3083 3636 similis
3119 3585 3344 3654 eﬁ‘ectus,
3398 3585 3452 3637 in

1888 3667 1999 3736 ejus
2022 3666 2231 3737 plenam
2250 3667 2561 3723 oblivionem
2586 3673 2724 3724 venit
2753 3673 2796 3704 ⁹¹
2828 3689 2841 3726 :
2868 3673 3088 3743 jamque
3118 3685 3372 3729 creatura:
3393 3692 3458 3744 ac

1888 3759 2038 3813 rebus
2066 3760 2122 3812 in
2167 3768 2435 3830 aspectum
2464 3763 2772 3816 cadentibus
2797 3766 3042 3820 adhibens
3067 3770 3320 3834 animum,
3351 3770 3454 3823 int-

1887 3853 2069 3923 pieque
2117 3851 2256 3922 quod
2299 3852 2574 3921 pulchrum
2633 3856 2794 3910 oculis
2828 3858 2993 3912 visum
3025 3868 3153 3912 esset
3191 3862 3245 3912 in
3286 3860 3455 3914 Deum

1886 3955 2212 4006 consecrans,
2243 3959 2275 3995 a
2294 3957 2414 3994 vero
2436 3944 2626 3997 excidit
2652 3945 2757 4004 Deo
2784 3959 2799 3996 :
2822 3947 3000 4018 sicque
3018 3965 3161 4001 mens
3195 3951 3454 4013 humana,

1887 4032 1949 4086 ab
1977 4033 2130 4085 unius
2165 4033 2374 4102 uerique
2403 4051 2584 4088 amore
2610 4035 2858 4104 abscissa,
2891 4041 3358 4095 innumerabilibus
3402 4058 3460 4095 se

1883 4123 2286 4179 simulacrorum
2309 4126 2604 4196 errorisque
2629 4129 2877 4182 aerumnis
2907 4145 2969 4183 ac
3003 4129 3156 4184 malis
3181 4131 3421 4186 inseruit.

1922 4428 1928 4432 '
1963 4417 2096 4474 Eam
2122 4421 2182 4473 ob
2212 4436 2323 4474 rem
2362 4419 2503 4474 Deus
2549 4424 2700 4474 homo
2750 4421 2832 4490 ﬁt.
2860 4420 2997 4475 Deus
3036 4429 3285 4486 internus,
3343 4423 3450 4476 sive

1890 4520 2091 4565 esterno
2141 4512 2337 4578 major.
2383 4509 2522 4566 Deits
2553 4512 2750 4566 nullius
2795 4529 2966 4582 egens,
3009 4513 3286 4584 perfectus,
3318 4513 3461 4567 solus

1897 4610 2097 4655 natura
2127 4602 2289 4674 bonus
2320 4619 2382 4657 ac
2432 4619 2593 4673 supra
2617 4621 2776 4673 quam
2805 4604 2965 4657 bonus
2989 4621 3007 4658 :
3030 4603 3171 4657 solus
3219 4605 3368 4674 fortis
3399 4620 3465 4658 ac

1897 4703 2074 4764 potens
2116 4710 2423 4765 omnemque
2466 4697 2754 4766 potentiam
2798 4697 3064 4750 excedens.
3090 4695 3305 4751 Placuit
3346 4698 3465 4750 huic

1897 4785 2232 4838 miseratione
2277 4800 2392 4850 uso,
2427 4794 2503 4839 -ut
2563 4787 2912 4855 unigenitum,
2972 4788 3209 4857 ejusdem
3286 4804 3463 4842 secum
3507 4807 3515 4812 -

1896 4883 2101 4928 natura
2180 4875 2412 4945 ejusdem
2453 4879 2694 4947 potentia:
2760 4894 2824 4930 ac
2875 4887 3190 4930 cateternum
3247 4876 3467 4930 Verbum

1897 4979 2053 5016 suum
2107 4966 2462 5034 peccatoribus
2525 4967 2947 5034 prepitiationem
2976 4967 3145 5018 daret.
3172 4965 3327 5035 Isque
3351 4965 3467 5033 (Dei

1895 5053 2090 5108 scilicet
2143 5056 2356 5124 sermo)
2437 5067 2676 5110 sanctam
2742 5057 3004 5128 Virginem
3062 5059 3137 5111 rei
3201 5057 3463 5111 maritalis

1897 5155 2158 5217 expertem
2184 5148 2409 5213 subiens,
2434 5148 2669 5219 Deusque
2692 5167 2752 5203 ac
2771 5152 2920 5204 homo
2944 5149 3080 5203 idem
3106 5135 3258 5202 nobis
3281 5131 3465 5216 super-

1889 5238 2306 5292 substantialiter
2365 5248 2544 5303 natus,
2579 5249 2789 5311 tumque
2853 5241 3129 5311 magniﬁco
3193 5241 3468 5308 divinaque

240 5332 558 5400 μαρτυρίας
595 5326 997 5395 ἀναδειχθείς·
1044 5324 1247 5378 ἔπειτα
1285 5320 1407 5387 τοῖς
1442 5321 1594 5387 ὑπὲρ
1629 5318 1787 5388 ήμῶν

1891 5331 2055 5384 verbis
2103 5332 2438 5399 operibusque
2489 5334 2782 5386 testimonio
2825 5333 3123 5386 declaratus
3150 5341 3304 5399 atque
3336 5348 3463 5400 pro—

245 5424 552 5492 σωτηρίοις
577 5420 906 5488 παθήμασι,
933 5416 1029 5471 καί
1061 5413 1142 5480 τῷ
1177 5415 1308 5478 θείῳ
1350 5412 1585 5479 σταυρῷ
1611 5425 1798 5480 προσ-

248 5516 568 5584 ωιαληκὼς,
587 5513 684 5566 καὶ
703 5513 772 5565 ἐκ
793 5510 908 5564 τῶν
929 5508 1157 5575 νεκρῶν
1179 5505 1486 5574 τριήμερος
1509 5504 1794 5570 ἀναστὰς,

249 5607 336 5659 καί
360 5607 702 5675 ἔμπροσθεν
719 5601 888 5672 ήμῶν
903 5598 1263 5669 ἀναληφθεὶς
1287 5600 1373 5662 εὶς
1391 5595 1498 5648 τὸν
1517 5597 1793 5665 οὐρανὸν,

314 5745 359 5777 ’⁸
385 5744 542 5800 loan.
575 5759 671 5797 xu.
692 5743 745 5797 4.
803 5740 864 5774 ’θ’
887 5737 1026 5794 Psal.
1050 5753 1238 5802 xum,
1265 5735 1352 5791 13.

1893 5422 2066 5486 ditus;
2130 5438 2192 5474 ac
2228 5422 2413 5474 deinde
2461 5423 2779 5478 salutaribus
2848 5425 3009 5477 nostri
3052 5437 3211 5475 causa
3269 5423 3469 5490 passio-

1895 5508 2045 5567 nibus
2067 5513 2342 5582 divinaque
2390 5531 2541 5569 cruce
2572 5518 2892 5587 perfunctus,
2945 5524 3100 5583 atque
3141 5529 3203 5566 ex
3248 5514 3468 5567 mortuis

1902 5603 2179 5656 triduanus
2209 5602 2511 5670 suscitatus,
2565 5602 2808 5674 nobisque
2836 5618 3012 5655 coram
3042 5603 3095 5654 in
3137 5601 3324 5657 caelum
3371 5617 3461 5654 re-

329 5857 548 5956 (1|)Cl‘.
599 5883 755 5953 Greg.
825 5880 1020 5937 Tlieol.
1055 5889 1198 5938 orat.
1269 5879 1322 5934 in
1381 5876 1582 5932 Christi
1624 5878 1894 5965 natalem.
