3950 6320
179 283 234 342 73
1024 277 1301 336 ORATIO
1341 277 1436 334 ιν.
1475 300 1536 311 -
1567 274 1647 334 ΙΝ
1690 276 1732 333 L

1846 275 1998 333 DEM
2040 277 2100 332 S.
2141 274 2486 332 'ANDREA‘J.
3303 268 3372 330 Ἠ

178 408 312 452 rato;
340 386 635 465 βεϐιωκὼς,
663 387 723 438 τὸ
743 385 901 454 ἔργον
935 387 1249 438 τετελείωκε
1302 384 1397 437 τοῦ
1436 382 1671 454 Χριστοῦ
1695 400 1707 412 ο

1843 397 2004 451 ongos
2026 397 2199 435 annos
2231 392 2507 450 protracta
2541 383 2673 446 vita,
2729 381 2930 436 Christi
2974 395 3114 449 opus
3147 394 3374 449 perege-

172 485 252 538 καὶ
274 481 426 541 αὐτὸς
478 478 573 547 μὲν
628 478 842 548 ἐσχάτῳ
883 479 1044 546 γήρει
1092 478 1152 528 τὸ
1185 477 1341 546 σῶμα
1385 475 1707 543 πεπονηκὼς

171 573 332 628 ἐπόθει
357 571 453 640 τὴν
473 568 748 634 ἀνάλυσιν,
771 570 954 622 ἐκάλει
984 569 1038 621 δὲ
1056 568 1246 621 τοῦτον
1268 567 1471 622 ἀνωθεν
1492 570 1521 620 6
1547 568 1710 637 ὑπερ-

145 661 393 736 ῒουράνιος
450 659 701 730 Νυμφίας
754 660 890 730 πρὸς
939 659 1130 714 ἑαυτὸν
1154 675 1166 687 ·
1215 659 1308 712 καὶ
1334 660 1362 710 6
1387 659 1572 728 Πατὴρ
1600 659 1654 711 δὲ
1683 661 1711 712 6

173 752 412 823 ὑπέρθεος
452 754 616 823 (12),,
647 755 746 816 τάς
771 750 1014 819 ἀγκάλας
1055 750 1418 822 ὑφηπλωκὼς,
1479 751 1558 813 εἰς
1588 753 1712 813 τοὺς

173 848 360 916 γάμους
398 846 752 916 προσεδέχετο
773 844 866 897 τοῦ
889 845 1247 912 Μονογενοῦς,
1275 845 1369 897 καὶ
1390 843 1466 896 -τὺ
1491 844 1714 914 Πνεῦμα

171 937 220 990 δὲ
245 938 298 989 τὸ
328 937 483 1004 ἆγιον
504 938 753 991 ὡδοποίει
782 936 957 1010 τούτῳ
983 938 1080 1008 τὴν
1103 937 1288 991 ἄνοδον
1311 936 1404 991 καὶ
1437 936 1710 992 κατίθυνε’

173 1031 196 1082 6
220 1046 273 1082 τε
295 1030 517 1100 νυμφὼν
540 1030 688 1099 αὐτῷ
709 1028 782 1092 ὼς
805 1031 1064 1100 πανάγνῳ
1084 1029 1378 1096 παγκάλως
1398 1030 1713 1101 διηνέῳκτο,

172 1121 254 1174 καὶ
269 1121 313 1173 οί
337 1120 620 1191 Σεραφεὶμ
641 1119 738 1190 μὲν
759 1118 1036 1173 κύκλωθεν
1064 1120 1292 1184 ἑστῶτες
1314 1119 1413 1191 τὴν
1439 1119 1632 1191 τρισάγ
1642 1137 1718 1172 ιον

173 1212 357 1264 alveo-tv
422 1211 758 1282 ήρμόζοντοο
821 1211 870 1264 οἱ
935 1211 1244 1280 Χερουϐεὶν.
1274 1211 1350 1276 δὲ,
1389 1212 1468 1280 τῷ
1507 1213 1598 1264 ἐπὶ
1625 1211 1718 1263 τοῦ

172 1303 342 1371 θρόνου
380 1303 478 1370 τὴν
506 1300 662 1368 δόξαν
706 1300 1082 1372 εὐλογημένην
1128 1300 1500 1378 ἀνεϐάλλοντο,
1546 1302 1640 1354 καὶ
1670 1301 1720 1353 oi

173 1390 346 1464 Θρᾶνοι
373 1393 510 1464 πρὸς
538 1393 826 1464 ὑποδοχὴν,
859 1394 951 1446 καὶ
978 1395 1147 1446 πᾶσαι
1172 1393 1228 1445 δὲ
1256 1394 1360 1445 τῶν
1384 1393 1647 1462 οὐρανίων
1667 1394 1724 1445 αί

175 1485 421 1554 Δυνάμεις
447 1483 526 1555 τῷ
552 1489 867 1554 τιμιωτάτῳ
899 1483 992 1537 τοῦ
1031 1483 1166 1537 Θεοῦ
1198 1485 1349 1550 παιδὶ,
1384 1484 1520 1556 πρὸς
1540 1484 1723 1551 δεξίω-

177 1592 246 1627 σιν
275 1574 780 1644 παρεσκευάζοντο·
831 1576 926 1630 καὶ
955 1576 1002 1628 οί
1038 1575 1133 1645 μὲν
1160 1576 1267 1628 τῶν
1295 1575 1452 1646 ἱερῶν
1479 1575 1615 1629 νόων
1639 1575 1723 1628 ἐπ’

172 1664 315 1722 αὑτὸν
333 1665 623 1736 οὐρανόθεν
646 1668 764 1720 ἐκεῖ
795 1665 1231 1732 καταϐαίνοντες,
1255 1669 1302 1721 οί
1335 1668 1390 1720 δὲ
1413 1654 1728 1722 ἀναϐαίνον-

1814 476 1989 538 rat";
2037 489 2099 528 ac
2141 475 2360 544 quidem
2412 475 2525 543 ipse
2559 485 2798 529 extrema
2828 482 3110 530 senectute
3167 473 3382 526 defesso

1814 560 2385 637 corpusculo,solvere
2413 567 2666 636 cupiebat
2694 567 2794 630 ’κς
2824 565 3232 636 superccelestis
3253 579 3385 617 vero

1816 659 2074 729 Sponsus.
2111 675 2141 712 e
2193 659 2348 713 caalis
2392 659 2458 713 ad
2515 674 2574 713 se
2605 659 2834 712 vocabat
2867 677 2880 723 ;
2908 657 3166 726 omnique
3212 653 3388 725 major

1819 753 2022 807 deitate
2067 752 2267 816 Pater,
2309 753 2483 822 passis
2518 751 2664 805 ulnis
2715 751 2782 804 ad
2839 751 3111 820 Uuigeniti
3169 750 3388 819 nuptias

1817 826 2204 914 exspectabat;
2239 845 2332 898 sed
2351 853 2407 899 et
2429 844 2670 913 Spiritus
2699 851 2920 897 sanctus
2957 857 3240 896 ascensum
3263 856 3390 911 pro-

1821 953 1979 1007 spere
2022 936 2308 992 muniebat
2344 936 2560 1005 iterque
2607 936 2879 1006 dirigebat
2934 951 2947 1001 ;
2987 935 3388 1004 thalamusque,

1823 1030 1977 1086 velut
2009 1029 2157 1092 omni
2193 1029 2446 1084 castitate
2486 1039 2699 1091 ornato,
2729 1029 2924 1083 decore
2955 1028 3102 1082 omni
3127 1028 3388 1096 patebat;

1822 1139 1886 1179 ac
1912 1123 2196 1192 Seraphim
2227 1123 2447 1192 quidem
2489 1124 2542 1176 in
2577 1122 2809 1176 circuitu
2845 1129 3052 1176 stantes
3081 1120 3235 1173 trina:
3266 1120 3389 1173 lau-

1823 1214 2060 1268 dationis
2071 1215 2340 1268 canticum
2355 1213 2611 1281 aptabant
2628 1213 2692 1276 θδ,
2722 1211 3019 1266 Cherubin)
3039 1225 3168 1264 vero
3183 1210 3346 1264 sedeu
3356 1221 3394 1263 ll

1829 1322 1996 1376 super
2025 1307 2284 1361 thronum
2323 1305 2667 1360 benedictam
2703 1305 2931 1374 gloriam
2977 1305 3230 1372 repetitis
3249 1303 3396 1356 voci-

1828 1397 1932 1452 bus
1959 1396 2327 1466 personabaut
2359 1397 2458 1461 Em‘;
2495 1395 2812 1464 Thronique
2856 1395 3218 1465 susceptionis
3244 1409 3395 1464 ergo,

1831 1504 1895 1543 ac
1924 1489 2178 1543 cmlestes
2227 1503 2416 1542 omnes
2466 1489 2808 1549 Potestates,
2867 1487 2932 1541 ad
2994 1489 3400 1542 nobilissimum

1834 1581 1929 1635 Dei
1962 1580 2225 1634 famulum
2252 1581 2530 1650 triumpho
2553 1579 2932 1650 accipiendum
2962 1589 3162 1650 paratae
3198 1588 3355 1633 erant
3381 1596 3397 1642 ;

1835 1677 1994 1739 atque
2073 1671 2188 1726 alia!
2241 1672 2460 1746 quidem
2512 1687 2790 1726 sacrarum
2842 1673 3108 1726 mentium
3167 1673 3232 1725 ad
3272 1687 3400 1726 eum

173 1778 272 1823 τες,
322 1761 474 1813 λείαν
528 1759 676 1831 αὑτῷ
722 1761 815 1813 καὶ
851 1760 991 1829 ἄγαν
1042 1760 1298 1833 εὖπορον’
1326 1762 1426 1832 τὴν
1466 1762 1728 1816 ἀνάδασιν

1843 1763 1961 1818 illuc
1985 1779 2015 1818 e
2042 1763 2196 1818 chis
2224 1753 2645 1828 descendentes,
2674 1763 2795 1818 alite
2838 1779 2967 1818 vero
3015 1757 3398 1828 ascendentes,

172 1852 538 1922 ἡτοιμάζοντο,
574 1851 680 1905 ἔδει
703 1851 887 1906 λοιπὸν
908 1853 1067 1905 αὑτὸν
1090 1854 1240 1906 κάτω
1268 1855 1328 1906 τὸ
1356 1855 1450 1907 τοῦ
1481 1858 1729 1924 σώματος

173 1941 654 2015 ἔλυτρον,ἀφέντα,
720 1945 854 2028 τιρδς
891 1951 984 2000 τὸν
1047 1948 1368 2017 ὐπεροὺσιον
1425 1950 1730 2019 ἀσωμάτως

173 2039 472 2105 ἀναπτῆναι
496 2055 509 2067 ·
539 2038 634 2092 καὶ
682 2037 779 2091 τοῦ
826 2038 926 2106 τῆς
972 2041 1174 2112 σαρκὸς
1215 2040 1420 2112 πάχους
1477 2042 1732 2114 ῥαγέντα,

174 2133 351 2202 γυμνῷ
381 2129 464 2202 τῷ
495 2131 771 2200 Πνεῦματι
803 2133 938 2200 πρὸς
959 2132 1018 2186 τὸ
1050 2134 1271 2204 Πνεῦμα
1294 2134 1548 2206 καθαρῶς
1584 2136 1737 2205 ἐνδη-

177 2224 504 2291 {uim/"Eon.
542 2225 724 2293 μεῖναι
769 2223 870 2290 τὴν
896 2223 999 2293 γῆν
1031 2226 1122 2278 ἐπὶ
1166 2226 1289 2295 γῆς,
1343 2228 1420 2288 εἰς
1465 2227 1738 2296 ἁγιασμδν

175 2315 431 2383 ἐσομένην
481 2317 546 2385 τῇ
601 2316 696 2384 γῇ,
729 2315 821 2366 καὶ
849 2312 943 2384 τῆς
974 2315 1137 2369 αὐτοῦ
1195 2317 1430 2380 πίστεως
1459 2317 1738 2388 ἐνέχυρον,

177 2401 230 2455 τὸ
258 2403 403 2473 ἱερὸν
439 2405 633 2472 σκῆνος
672 2405 990 2468 καταλιπεῖν
1037 2409 1149 2468 τοῖς
1207 2410 1438 2471 πιστοῖς,
1489 2409 1651 2461 αὑτὸν
1684 2410 1738 2463 δὲ

178 2493 370 2560 κοῦφον
395 2495 633 2566 ἀρθῆναι
655 2496 790 2567 πρὸς
819 2498 1063 2568 οὐρανὸν,
1089 2497 1164 2568 τῷ
1202 2498 1577 2572 ὑπερουρανίῳ
1615 2517 1739 2554 συν-

179 2585 446 2655 ισόμενον.

255 2755 418 2816 Ἂλλὰ
451 2761 504 2815 τί
534 2763 595 2815 τὸ
625 2762 724 2832 τῆς
752 2762 1062 2828 ἀναλύσεως
1089 2765 1321 2836 ὄργανον
1344 2783 1363 2831 ;
1390 2766 1648 2838 Σταυρὸς,
1684 2767 1745 2820 τὸ

180 2856 396 2923 σημεῖον
423 2854 521 2908 τοῦ
556 2856 994 2926 ἐσταυρωμένου,
1031 2859 1092 2910 τὸ
1136 2860 1412 2928 σκῆπτρον
1461 2856 1556 2911 τοῦ
1587 2859 1744 2928 Παμ-

181 2945 459 3010 Βασιλέως,
494 2948 526 3006 ἠ
551 2946 676 3012 δόξα
698 2947 792 3000 τοῦ
816 2947 1079 3018 Χριστοῦ,
1113 2951 1172 3002 τὸ
1203 2948 1508 3021 ἄθραυστον
1529 2952 1747 3004 πάντων

1831 1854 2050 1923 planum
2085 1855 2348 1923 valdeque
2375 1853 2687 1924 expeditum
2718 1870 3003 1908 ascensum
3026 1854 3347 1910 muniebant
3380 1872 3400 1922 ;

1829 1947 1940 2016 jam
1980 1962 2211 2002 necesse
2248 1956 2365 2001 erat
2395 1957 2453 2000 ut
2487 1947 2680 2001 relicto
2715 1948 2770 2002 in
2808 1957 2951 2003 terra
2983 1949 3404 2018 corporisinvo-

1834 2040 2010 2100 lucro.
2040 2039 2106 2094 ad
2151 2039 2455 2095 substantia
2509 2041 2659 2094 omni
2712 2043 2971 2108 majorem
3018 2041 3266 2109 corporis
3308 2055 3405 2094 cx-

1836 2146 1962 2201 pers
1994 2131 2234 2186 evolaret
2254 2150 2269 2194 ;
2290 2133 2634 2201 abruptaque
2665 2133 2846 2184 carnis
2875 2132 3016 2185 mole
3040 2146 3104 2184 ac
3131 2131 3402 2190 crassitie.

1837 2222 1988 2277 nudo
2021 2223 2215 2293 spiritu
2242 2224 2307 2277 ad
2343 2222 2606 2292 Spiritum
2647 2236 2786 2291 pure
2822 2221 3136 2290 emigraret.
3173 2221 3407 2275 Necesse

1839 2321 1955 2368 erat
1978 2321 2040 2369 ut
2065 2323 2209 2370 terra
2241 2314 2297 2368 in
2328 2321 2478 2368 terra
2508 2321 2788 2376 manente,
2815 2311 3109 2382 futuraque
3131 2310 3220 2366 illa
3252 2320 3410 2366 terra:

1844 2407 1897 2461 in
1925 2405 2430 2469 sanctiﬁcationcm,
2478 2405 2732 2474 illiusque
2783 2403 2982 2473 pignus
3037 2402 3184 2467 fidei,
3245 2418 3413 2458 sacrze

1846 2499 2088 2552 exsuvize
2114 2497 2369 2553 ﬁdelibus
2397 2497 2679 2561 cederent,
2706 2497 2930 2565 ipseque
2954 2496 3089 2551 levis
3123 2497 3178 2550 in
3212 2497 3410 2553 ccelum

1849 2589 2155 2653 tolleretur,
2181 2605 2305 2644 eum
2336 2605 2403 2645 eo
2435 2599 2776 2652 versaturus,
2818 2588 2912 2658 qui
2945 2589 3213 2644 excelsior
3268 2589 3409 2644 cmlo

1845 2689 1949 2734 est.

1916 2772 2204 2841 Quodnam
2274 2788 2407 2828 vero
2453 2774 2534 2829 sic
2583 2773 2891 2844 emigrandi
2930 2781 3093 2843 atque
3164 2772 3412 2828 solvendi

1848 2857 2112 2935 organum
2153 2863 2297 2920 fuit?
2330 2865 2600 2919 Nimirum
2651 2881 2807 2927 crux,
2878 2865 3094 2935 signum
3145 2863 3413 2928 cruciﬁxi,

1850 2964 2130 3025 sceptrum
2164 2956 2546 3010 universorum
2587 2957 2770 3026 Regis,
2810 2955 3013 3012 Christi
3065 2955 3256 3026 gloria,
3291 2971 3418 3010 san-

180 3037 280 3092 τῶν
303 3039 477 3106 άγίων
509 3039 693 3094 ὅπλον.
725 3034 994 3111 Σταυρδς,
1013 3040 1202 3113 ὥσπερ
1226 3041 1455 3113 ὄργανον
1484 3033 1579 3113 μὲν
1612 3043 1736 3113 πρό-

1852 3055 2068 3101 ctorum
2087 3045 2334 3100 omnium
2362 3045 2695 3100 inviolabilis
2719 3055 3016 3100 armatura.
3059 3045 3224 3110 Crux,
3273 3046 3420 3101 sicut

180 3149 328 3203 τερον
352 3135 644 3189 θανατικὺν
666 3136 745 3206 τῷ
773 3135 944 3206 Ἰησοῦ
972 3137 1105 3207 πρὸς
1127 3136 1236 3189 τῶν
1287 3136 1552 3191 Ἰουδαίων
1575 3153 1738 3209 κατα-

183 3224 520 3288 σκευασθεὶς,
548 3212 817 3294 σύμϐολον
845 3226 902 3279 δὲ
938 3225 1083 3296 ζωῆς
1112 3228 1240 3298 παρ’
1259 3226 1422 3281 αὐτοῦ
1439 3230 1551 3291 τοῖς
1573 3227 1746 3296 ἁγίοις

184 3317 309 3372 πᾶσι
338 3318 520 3384 δοθείς
539 3334 554 3349 ⁸
598 3320 738 3373 οὕτω
775 3323 868 3373 καὶ
895 3319 972 3390 τῷ
1005 3322 1312 3393 πιστοτάτῳ
1339 3321 1436 3376 τοῦ
1467 3323 1745 3394 ἐσταυρω-

185 3408 337 3476 μένου
397 3410 640 3482 Χριστοῦ
693 3412 930 3483 μαθητῇ,
960 3413 1053 3466 τοῦ
1080 3453 1084 3457 ι
1109 3413 1338 3467 θανάτου
1374 3414 1474 3483 μὲν
1499 3414 1745 3484 ’ὄργανον

182 3505 312 3572 πρὸς
342 3505 441 3559 τοῦ
483 3507 750 3574 Λέγεάτου
793 3505 1179 3577 καταπηχθεὶς,
1235 3507 1414 3576 καὶτὸ
1437 3508 1628 3571 αίτιον,
1664 3510 1746 3562 ὅτι

183 3597 240 3666 ἰὴ
269 3599 530 3666 γυναικὸς
559 3598 775 3668 ἠστόχει
808 3599 904 3652 καὶ
927 3598 1175 3668 ἀδελφοῦ,
1221 3599 1320 3670 τῆς
1384 3599 1630 3670 Ἀνδρέου
1658 3598 1747 3651 πί-

187 3705 348 3753 στεως
372 3693 470 3743 καὶ
493 3691 782 3762 θεηγορίας
804 3690 1126 3762 ἠρτημένων
1144 3707 1158 3720 ’
1188 3691 1330 3760 ζωῆς
1372 3691 1428 3744 δὲ
1480 3691 1655 3756 ξύλον,
1684 3691 1744 3743 οῦ

185 3780 520 3854 Μαξιμίλλῃ,
548 3785 642 3836 καὶ
669 3783 749 3854 τῷ
773 3774 1100 3855 Στρατοκλεῖ
1136 3785 1294 3852 μόνον
1314 3823 1328 3848 ,
1366 3784 1499 3837 ἀλλὰ
1525 3785 1616 3836 καὶ
1644 3783 1748 3837 πά-

186 3886 296 3934 σαις
353 3874 495 3944 ὁμοῦ
541 3878 658 3938 ταῖς
696 3875 957 3947 Πάτραις,
1002 3878 1096 3929 καὶ
1127 3878 1194 3948 τῇ
1231 3876 1422 3951 Ἀχαΐα
1475 3875 1750 3948 σωτηρίας

188 3961 436 4026 ὑπόθεσις
461 3966 719 4032 γεγονώς.
859 4017 872 4022 .,

249 4045 360 4097 Καὶ
400 4047 514 4116 γάρ
548 4047 781 4116 ὑψωθεὶς
835 4050 864 4101 6
893 4050 1263 4118 πρεσϐύτατος
1293 4051 1386 4103 ἐπὶ
1434 4051 1527 4105 τοῦ
1557 4052 1710 4116 ξύλου
1730 4070 1742 4081 ·

189 4134 274 4185 καὶ
297 4134 355 4187 οὐ
385 4137 832 4207 προσηλωμένος,
855 4139 968 4192 ἀλλ’
1007 4140 1090 4207 ἐφ’
1130 4140 1364 4210 ἡμέραις
1403 4141 1549 4210 αὐτῷ
1582 4159 1746 4211 προσ-ι

188 4223 460 4293 δεδεμένος
480 4228 678 4296 τρισὶν,
707 4226 894 4298 ὥσπερ
921 4228 1026 4288 ἀπὸ
1055 4224 1285 4292 σκοπιᾶς
1319 4246 1463 4291 τινος
1500 4230 1531 4300 ἢ
1563 4231 1747 4300 ἀκρω-

193 4318 331 4385 ρείας
358 4321 490 4380 τοὺς
514 4321 872 4390 παρεστῶτας
910 4317 1055 4392 αὑτῷ
1087 4322 1248 4384 λαοὺς
1277 4322 1508 4393 ἐφορῶν,
1543 4323 1639 4375 καὶ
1678 4324 1748 4375 τὰ

1849 3137 2004 3207 prius
2031 3153 2062 3192 a
2097 3136 2302 3193 Judaeis
2321 3137 2449 3193 Jesu
2473 3146 2677 3192 structa
2706 3139 2857 3193 velut
2894 3138 3083 3194 mortis
3127 3153 3416 3208 organum,

1849 3230 2171 3300 cunctisque
2195 3231 2265 3285 ab
2286 3245 2354 3284 eo
2369 3230 2572 3286 sanctis
2594 3230 2719 3284 data
2743 3239 3000 3299 tanquam
3022 3231 3147 3285 vitae
3162 3225 3414 3300 signum;

1848 3321 1929 3374 sic
1960 3330 2016 3376 et
2037 3321 2354 3376 ﬁdelissimo
2383 3321 2587 3376 Christi
2609 3321 2760 3376 cruci
2778 3320 2922 3375 aﬂixi
2946 3322 3240 3391 discipulo,
3263 3338 3416 3376 moro

1850 3410 1919 3464 tis
1959 3426 2223 3480 organum
2276 3409 2345 3464 ab
2371 3409 2592 3480 Egeate
2645 3409 2750 3464 ﬁxa
2780 3410 2799 3479 (
2829 3426 2892 3465 ea
2944 3411 3154 3466 scilicet
3205 3412 3422 3466 ratione

1847 3502 1992 3573 quod
2019 3519 2188 3558 uxore
2211 3501 2487 3572 fratreque
2510 3501 2894 3568 frustraretur,
2921 3501 2990 3555 ab
3023 3501 3252 3555 Andreae
3284 3517 3422 3571 pen-

1847 3594 2107 3649 dentibus
2175 3594 2281 3650 ﬁde
2347 3595 2574 3664 ejusque
2625 3592 2829 3646 divinis
2891 3593 3260 3661 sermonibus)
3300 3608 3423 3662 qua:

1824 3696 2030 3753 ,tamen
2060 3687 2262 3742 nedum
2294 3686 2601 3742 Maximillae
2646 3691 2702 3737 et
2738 3682 3013 3747 Stratocli,
3054 3683 3148 3736 sed
3179 3692 3234 3736 et
3282 3698 3424 3738 cun-

1849 3779 1952 3832 ctis
1980 3775 2786 3845 Patrarum‘civibus,omnique
2804 3775 3019 3829 Achaiae
3041 3776 3230 3829 salutis
3259 3790 3421 3829 causa

1849 3871 2143 3926 exstiterit.

1919 4052 2180 4109 Sublatus
2210 4053 2354 4109 enim
2403 4052 2460 4106 in
2490 4066 2707 4106 erucem
2735 4056 3005 4118 provecta:
3035 4046 3209 4100 aetatis
3229 4060 3417 4109 senex,

1850 4127 2068 4200 nec'illi
2104 4147 2374 4209 conﬁxus,
2409 4144 2502 4198 sed
2554 4141 2718 4197 tridui
2755 4140 2931 4208 spatio
2957 4140 3229 4207 alligatus.
3265 4137 3420 4190 velut

1850 4251 1882 4290 e
1913 4237 2135 4305 specula
2177 4236 2488 4302 montisque
2535 4234 2734 4286 vertice
2775 4239 3012 4284 astantes
3069 4229 3299 4298 populos
3334 4228 3417 4281 in—

1854 4333 2036 4387 tuens,
2088 4325 2509 4391 sacratiorisquc
2556 4320 2820 4375 doctrina:
2864 4319 3028 4374 verba
3077 4333 3412 4388 proponens,

191 4409 276 4475 τῆς
308 4411 703 4500 μυσταγωγίας
737 4414 957 4482 ῥήματα
999 4412 1340 4500 παρατιθεὶς,
1397 4412 1596 4482 σαρκὸς
1657 4414 1736 4484 μὲι

1858 4415 2181 4470 hortabatur
2200 4430 2418 4469 carnem
2448 4413 2750 4482 despicere,
2784 4410 2921 4465 nulli
2952 4415 3202 4478 corporis
3261 4411 3419 4464 volu-

192 4498 412 4567 παρῄνει
461 4500 831 4569 παραμελεῖν·
888 4501 1077 4572 ἡδονῆς
1095 4498 1162 4553 ’τε
1206 4500 1455 4570 σώματος
1489 4503 1751 4572 ἡττᾶσθαι

193 4586 479 4658 μηδεμιᾶς,
515 4587 651 4659 μηδέ
689 4607 740 4641 τι
773 4589 881 4642 τῶν
910 4590 1200 4661 ὁρωμένων
1233 4590 1565 4661 ἤλυομένων
1605 4593 1754 4657 ἀξιον

190 4680 433 4745 ἡγεῖσθαι
465 4680 704 4750 σπουδῆς
731 4695 744 4707 ’
781 4681 948 4753 μόνης
975 4680 1030 4734 δὲ
1057 4683 1231 4752 ψυχῆς
1257 4684 1350 4737 καὶ
1378 4684 1475 4753 τῆς
1507 4685 1625 4737 κατ’
1658 4688 1754 4738 αὐ-

191 4767 277 4840 τὴν
300 4770 740 4842 ἐνεργείας,οτῆς
769 4771 909 4825 κατὰ
960 4756 1153 4825 πίστιν
1173 4774 1429 4844 ἀληθείας
1459 4775 1623 4844 φημὶ,
1653 4775 1752 4845 τῆς

196 4859 314 4926 πρὸς
365 4860 431 4914 τὸ
461 4860 573 4913 τῶν
606 4860 812 4928 ἐφετῶν
855 4862 1152 4929 ἀκρότατον
1187 4865 1512 4933 ὲκστατικῆς
1539 4851 1751 4929 ἀναγω-

194 4949 306 5019 γῆς,
337 4954 435 5006 καὶ
472 4953 790 5024 κοινωνικῆς
823 4954 1135 5025 ὁμοιότητος
1169 4955 1262 5008 καὶ
1320 4955 1612 5022 συναφείας
1638 4956 1752 5007 θεο-

197 5038 428 5110 λογικῆς,
461 5043 615 5116 πάσῃ
641 5045 863 5114 σπουδῇ,
895 5045 1044 5118 πάσῃ
1071 5047 1285 5114 μηχανῇ
1314 5045 1406 5097 καὶ
1435 5045 1593 5097 παντὶ
1629 5045 1748 5098 σθέ-

199 5148 266 5182 νει
291 5133 471 5201 χρεὼν
506 5133 689 5202 ἔλεγεν
707 5135 735 5187 6
768 5133 1050 5204 θεόληπτος
1077 5134 1466 5204 ἐπιμελεῖσθαι.

1847 4506 1990 4576 'ptati
2021 4521 2083 4560 ae
2112 4504 2328 4558 libidini
2359 4503 2575 4566 cedere,
2610 4502 2860 4570 nihilque
2901 4515 3094 4555 eorum
3122 4517 3242 4571 qua:
3264 4501 3418 4555 cerni

1857 4597 2031 4651 oculis
2050 4605 2279 4665 possunt
2299 4601 2392 4648 aut
2423 4590 3141 4662 intereunt,studiidignum
3173 4590 3416 4656 dueere;

1857 4690 2053 4745 animze
2087 4687 2588 4756 duntaxatcjusque
2615 4684 2950 4754 operationis
2979 4681 3244 4754 (veritatis
3272 4683 3422 4738 scili-

1857 4787 1944 4836 cet
1971 4779 2120 4847 ﬁdei)
2149 4778 2394 4833 exstatici
2443 4776 2513 4831 ad
2555 4791 2871 4844 supremum
2911 4789 3124 4838 eorum,
3164 4790 3287 4844 qua:
3318 4774 3416 4828 de-

1862 4870 2088 4926 siderari
2120 4878 2365 4939 possunt,
2404 4862 2571 4922 animi
2594 4884 2876 4934 ascensus,
2908 4868 3181 4936 sociasque
3219 4867 3418 4921 simili-

1853 4959 2068 5014 tudinis
2129 4975 2192 5014 ac
2246 4959 2653 5029 eonjunctionis
2709 4960 3053 5030 theologicae,
3091 4959 3239 5012 omni
3291 4958 3420 5011 dili-

1856 5050 2056 5118 gentia,
2087 5059 2311 5118 arteque
2334 5063 2396 5102 ac
2421 5047 2640 5114 robore,
2661 5048 2744 5102 vir
2756 5049 2865 5104 Deo
2890 5048 3083 5118 plenus
3106 5047 3285 5100 aiebat
3318 5062 3418 5100 cu-

1851 5155 1968 5193 ram
2005 5139 2305 5194 habendam
2331 5155 2471 5196 esse.

261 5315 303 5348 ”
327 5314 490 5370 Joan.
533 5333 665 5381 xvu,
698 5319 748 5372 4.
819 5317 898 5350 θ’*
925 5317 1062 5370 Phil.
1091 5332 1128 5379 ι,
1151 5317 1239 5371 25.
1315 5320 1358 5350 ⁸³
1387 5319 1484 5372 lsa.
1527 5336 1599 5384 vl,
1635 5318 1687 5375 5.

1853 5321 2052 5376 Ezech.
2079 5337 2155 5380 ut.
2189 5324 2274 5376 12.

267 5473 372 5550 (I2)
397 5477 461 5530 '0
490 5476 803 5550 ὐειςέρθεςοςἶ
833 5476 992 5542 Quasi
1022 5496 1183 5550 supra
1211 5495 1371 5550 quant
1402 5477 1536 5550 Dens
1559 5498 1574 5541 ;
1599 5480 1756 5549 longe

203 5549 460 5614 excedens
482 5546 754 5614 quidquid
773 5546 988 5599 demum
1007 5549 1074 5602 de
1089 5546 1203 5602 Deo
1223 5546 1617 5616 concipiamus:
1639 5546 1752 5603 sive

207 5616 370 5688 deitas
407 5616 768 5688 intelligatur,
804 5625 865 5668 ut
904 5616 955 5688 in
1000 5620 1196 5688 creatis
1239 5619 1461 5680 dicitur,
1490 5629 1540 5672 et
1581 5620 1751 5688 parti-

206 5685 490 5753 cipatione,
515 5689 627 5740 slve
651 5685 816 5740 etiam
847 5692 905 5736 ut
926 5685 980 5736 in
1002 5687 1128 5747 Deo.
1153 5691 1230 5745 sic
1255 5707 1280 5742 ιι
1308 5689 1463 5741 nobis
1490 5685 1749 5744 allirmate

525 5782 794 5842 Puncta
845 5781 961 5840 Gn.
1000 5779 1116 5841 CV.
1185 5868 1188 5869 ν

1855 5494 1920 5532 ex
1953 5481 2172 5543 creatis,
2205 5489 2260 5535 et
2298 5493 2358 5535 ut
2380 5483 2594 5536 illorum
2625 5490 2818 5536 auctor
2843 5492 2945 5540 est.
2979 5482 3285 5537 intellecto:
3312 5502 3411 5541 ru-

1847 5549 2086 5626 jusmodi
2113 5552 2353 5626 plura_in
2374 5554 2411 5606 Ι.
2442 5551 2513 5605 De
2543 5550 3046 5626 Mystica‘Thfologia
3069 5561 3086 5604 τ
3113 5555 3412 5626 ηοιιίὺπέρ-

1852 5620 1988 5691 οεος,
2027 5622 2181 5688 quasi
2209 5622 2330 5674 aliis
2359 5620 2608 5691 personis
2637 5621 2807 5690 magis
2844 5623 3003 5691 Deus,
3047 5629 3141 5673 aut
3170 5623 3278 5680 illis
3307 5620 3402 5681 su-

1849 5689 2030 5758 perior
2056 5691 2313 5754 exsistat;
2345 5689 2487 5760 quod
2517 5701 2660 5747 esset
2691 5689 2924 5746 Arianici
2951 5690 3194 5748 furfuris.

2980 5784 3013 5843 3
