3950 6320
418 262 489 324 75
1615 259 1910 321 ΝΙΟΕΤᾸΞ
1945 259 1992 319 Ρ

2099 257 2473 322 HLAGONIS
3619 259 3688 321 76

489 374 662 445 Hujus
693 374 856 428 unius
876 389 1037 442 quam
1058 373 1290 428 maxime
1317 373 1705 428 assumendam
1734 372 1993 429 sollicitu-

2182 373 2389 427 Τούτου
2427 371 2591 443 μόνου
2648 368 2957 443 φροντίζειν
3004 371 3086 426 δτι
3142 371 3377 442 μάλιστα
3413 371 3523 426 δεῖν
3546 411 3564 438 ,
3613 372 3689 434 ὡς

417 463 625 531 dinem,
651 465 853 536 quippe
877 480 1001 519 cum
1020 464 1118 518 Dei
1134 478 1273 534 opus
1288 463 1360 518 sit
1373 464 1421 497 ’δ
1442 482 1457 531 ;
1486 465 1653 535 inque
1668 481 1734 519 eo
1755 463 2007 535 primitus

416 558 774 614 laborandum
792 575 806 624 ;
828 572 1020 613 omnes
1034 566 1215 612 autem
1233 564 1480 612 terrenas
1494 558 1885 628 possessiones,
1903 571 2005 610 ceu

419 649 616 715 ﬂuxas,
655 649 994 719 spernendas
1046 665 1169 707 esse
1203 667 1217 706 :
1248 649 1450 705 bonam
1496 651 1746 721 corporis
1783 648 2003 704 habitu-

415 742 646 814 dinem,
689 749 748 795 ut
796 758 920 813 qua:
977 743 1096 815 ipsa
1142 741 1350 814 fragilis
1376 743 1468 810 sit,
1493 742 2000 806 contemnendam;

416 834 712 904 animoque
758 836 986 892 virtutis
1043 851 1210 892 causa
1262 835 1557 892 laborante
1604 835 2002 892 connitendum

420 929 643 985 fortiter
705 930 1070 995 admonebat,
1115 944 1218 985 nec
1275 929 1566 985 laboribus
1618 928 1999 985 fatiscendum.

415 1021 586 1079 Unam
619 1022 761 1078 scire
787 1031 1015 1078 mortem
1037 1023 1133 1093 qui
1178 1023 1252 1078 sit
1278 1023 1642 1094 philosophus
1662 1063 1677 1088 ,
1721 1030 2002 1092 peccatum

413 1113 626 1169 scilicet
652 1129 718 1168 ac
750 1113 1106 1183 impietatem.
1152 1113 1350 1169 Veram
1391 1113 1534 1168 hanc
1597 1121 1826 1168 mortem
1882 1111 2015 1166 esse

409 1221 596 1261 veram
628 1205 887 1260 nimirum
920 1207 1087 1260 vitam
1157 1205 1434 1277 ignorare,
1487 1205 1767 1275 animique
1813 1204 2004 1258 oculos

338 1343 340 1345 .
411 1298 688 1376 claudere,
735 1313 806 1354 ne
838 1297 1040 1355 Christi
1069 1299 1196 1354 ﬁdei
1226 1299 1397 1354 radiis
1415 1299 1823 1354 collustrentur.
1851 1296 2004 1352 lianc

414 1389 760 1446 tremendam
795 1391 1162 1462 acerbamque
1184 1391 1364 1446 aiebat
1393 1400 1625 1445 mortem
1658 1406 1673 1456 ;
1705 1403 1866 1459 quam
1897 1403 1998 1442 au-

409 1493 519 1540 tem
565 1482 813 1540 inﬁdeles
851 1483 1106 1550 inferant,
1150 1483 1365 1540 cunctis
1402 1482 1711 1539 suaviorem
1764 1480 1999 1546 deliciis,

407 1575 647 1647 vitaeque
697 1591 918 1632 causam
979 1575 1395 1632 existimandam
1432 1589 1586 1641 esse,
1629 1581 1691 1630 ut
1731 1589 1852 1645 qua:
1888 1573 1992 1645 ipsi

409 1670 568 1735 Vitae,
599 1668 702 1739 ipsi
736 1669 869 1724 Luci
892 1677 1056 1740 atque
1093 1669 1361 1724 luminum
1385 1667 1534 1723 Patri
1566 1666 1764 1735 (omnis
1795 1665 2004 1742 scilicet

2115 466 2275 537 ἔργου
2296 463 2639 530 καθεστῶτος
2667 462 2826 531 Θεοῦ,
2858 464 2953 518 καὶ
2987 463 3116 536 περὶ
3152 465 3311 532 τοῦτο
3338 463 3690 536 προηγουμὲ-

2113 574 2220 622 νως
2247 557 2464 612 πονεϊνο
2495 557 2744 628 κτήσεως
2771 557 2831 613 δὲ
2863 557 3060 629 γηῖνης
3098 557 3302 625 πάσης,
3328 556 3403 621 ὡς
3435 555 3688 628 ῥεούσης,

2113 651 2426 724 ὕπερορᾷνο
2484 651 2783 716 εὐπαθείας
2839 632 3113 722 σώματος,
3165 649 3242 715 ὡς
3285 649 3347 703 οὐ
3397 649 3686 721 μενούσης,

2113 744 2476 818 ὑπερφρονεῖν
2495 759 2510 774 ο
2555 744 2652 798 καὶ
2677 742 2856 814 ψυχῆς
2879 744 2937 798 δὲ
2962 743 3104 815 ὑπὲρ
3137 740 3344 812 ἀρετῆς
3397 744 3688 812 πονούσης,

2111 837 2458 909 ἀνδρίζεσθαι
2506 836 2871 910 παρήγγελλε,
2895 836 2990 890 καὶ
3034 835 3110 908 μὴ
3140 836 3427 889 ὲκκακεῐν·
3465 835 3693 889 Θάνατον

2109 929 2167 983 δὲ
2199 929 2359 1001 μόνον
2399 931 2598 984 ειδέναι
2649 929 2961 1000 φιλόσοφον,
3012 929 3112 1001 τὴν
3141 927 3416 1000 ἁμαρτίαν
3439 928 3532 980 καὶ
3557 928 3690 981 ἀσέ-

2111 1023 2286 1078 ϐειαν.
2343 1023 2587 1078 Θάνατον
2631 1023 2821 1078 τοῦτον
2874 1021 3054 1094 ἀληθῆ
3079 1063 3094 1088 ,
3150 1022 3250 1094 τὴν
3313 1020 3488 1090 ἀληθῆ
3545 1020 3692 1091 ζωὴν

2109 1118 2343 1187 ἀγνοεῖν,
2363 1117 2461 1172 καὶ
2492 1115 2810 1188 μυωπάζειν
2827 1110 2957 1179 τοὺς
2981 1115 3080 1186 τῆς
3103 1116 3329 1186 καρδίας
3353 1112 3688 1184 ὀφθαλμοὺς,
3706 1095 3722 1109 δ

2109 1210 2186 1274 ὡς
2212 1211 2288 1281 μὴ
2320 1211 2443 1273 ταῖς
2467 1211 2650 1264 ἀκτῖσι
2675 1209 2776 1280 τῆς
2804 1207 3042 1272 πίστεως
3081 1207 3526 1277 καταυγασθῆναι
3549 1204 3688 1276 Χρι-

2111 1303 2259 1358 στοῦ.
2293 1301 2464 1356 Τοῦτο
2501 1301 2732 1358 θάνατον
2761 1299 3000 1370 ἔφασκεν
3027 1294 3168 1353 εἶναι
3193 1299 3424 1372 φρικτὸν
3467 1296 3563 1351 καὶ
3597 1314 3690 1350 πι-

2109 1398 2242 1470 κρόν
2259 1413 2275 1429 ο
2312 1395 2404 1451 τὸν
2429 1394 2582 1468 παρὰ
2606 1393 2720 1448 τῶν
2756 1394 3004 1449 ἀπίστων
3033 1391 3092 1446 δὲ
3120 1390 3480 1462 ἐπαγόμενον,
3508 1389 3692 1459 πάσης

2108 1490 2243 1562 ἡδίω
2297 1487 2514 1560 τρυφῆς
2548 1485 2647 1541 καὶ⁵
2691 1486 2838 1557 ζωῆς
2888 1485 3062 1540 αττιον
3109 1482 3385 1556 ἡγεῖσθαι,
3443 1482 3520 1546 ὡς
3547 1481 3688 1550 αὐτῇ

2110 1581 2460 1653 προσάγοντα
2473 1581 2542 1651 τῇ
2568 1577 2839 1648 αὐτοζωῇ.
2861 1574 2941 1648 τῷ
2955 1575 3253 1646 αὑτοφωτὶ,
3275 1573 3373 1630 καὶ
3386 1572 3464 1644 τῷ
3493 1572 3691 1643 φώτων

2110 1674 2315 1747 Πατρίο
2350 1672 2432 1746 τῷ
2494 1671 2676 1741 πάσης
2726 1666 3034 1741 καλλοποιῷ
3081 1666 3370 1739 καλλονῆς,
3395 1665 3478 1740 τῷ
3505 1665 3691 1736 πάσης

408 1760 840 1832 pulchritudinis
888 1760 1100 1824 auctori
1151 1759 1440 1829 omnisque
1476 1758 1742 1843 bonitatis
1764 1757 1993 1829 parenti]

2103 1763 2438 1834 ἀγαθότητος
2466 1759 2806 1833 ἀγαθοποιῷ.

405 1854 714 1915 admoveat,

476 1944 554 1998 Ne
587 1946 768 2016 igitur,
793 1927 913 2012 ﬁlii,
947 1959 1130 1996 eorum
1155 1960 1316 1997 causa
1338 1944 1686 2015 indignemini
1711 1945 1803 2015 qui
1828 1945 1995 1999 inter-

408 2037 600 2090 imunt.
633 2034 774 2089 Nam
833 2043 880 2088 et
918 2035 1266 2109 inviti‘vitam
1289 2032 1612 2101 conciliant;
1655 2043 1705 2089 et
1749 2051 1869 2090 cum
1900 2034 1995 2090 lte-

405 2127 527 2178 dere
582 2125 912 2179 arbitrentur
942 2165 956 2190 ,
1009 2124 1315 2194 bene/icium
1391 2133 1648 2198 prastant
1679 2143 1699 2181 :
1746 2135 1990 2197 putantes

405 2215 592 2270 honori
617 2213 914 2278 detrahere,
961 2213 1212 2276 honorem
1266 2213 1608 2269 accumulant
1645 2216 1996 2270 :existiman-

407 2322 481 2364 tes
510 2308 733 2380 afﬂigere
777 2316 946 2378 atque
990 2288 1244 2362 (erumna?
1273 2314 1515 2361 auctores
1540 2324 1648 2362 esse
1670 2349 1684 2372 ,
1729 2308 1799 2366 ad
1820 2325 1997 2363 verum

405 2419 468 2455 ac
489 2417 759 2471 nunquam
815 2399 1053 2470 difﬂuens
1103 2399 1360 2470 gaudium
1442 2403 1833 2456 transmittunt.
1879 2401 1998 2456 Non

418 2494 581 2563 igitur
603 2492 730 2544 mihi
761 2490 998 2542 maeroris
1055 2505 1226 2544 causa
1255 2499 1302 2543 et
1333 2491 1568 2545 tristitia
1617 2493 1883 2562 animique
1904 2491 1998 2545 do-

416 2584 564 2647 loris,
599 2582 800 2652 injusta
823 2583 933 2634 hinc
989 2582 1296 2637 existimata
1326 2586 1611 2638 sententia.
1645 2583 1800 2638 Esset
1871 2584 1998 2638 mihi

407 2679 565 2750 plane
612 2675 767 2732 valde
803 2676 1024 2730 molesta
1060 2693 1122 2730 ac
1147 2678 1331 2740 tristis,
1365 2695 1426 2732 ac
1458 2694 1580 2732 vere
1602 2678 1786 2731 mortis
1810 2693 1994 2741 causa,
2021 2679 2023 2681 ’

411 2772 672 2842 siquidem
687 2770 840 2839 justa
857 2776 1013 2825 esset.
1047 2766 1104 2822 Si
1125 2769 1433 2839 deprehensi
1479 2785 1710 2824 essemus
1745 2769 1996 2839 facinoris

406 2863 524 2924 rei;
549 2861 595 2914 si
632 2876 725 2913 nos
749 2857 962 2930 ﬁgeati
987 2866 1152 2912 morte
1190 2858 1372 2929 dignos
1397 2859 1825 2914 exhibuissemus.
1847 2857 1998 2913 Nunc

407 2962 580 3007 autem
600 2968 780 3006 veram
800 2952 983 3016 vitam,
1001 2951 1166 3005 vitam
1215 2949 1478 3016 stabilem,
1497 2949 1832 3020 ineffabilem,
1864 2949 2000 3003 inte-

408 3052 697 3113 meratum,
747 3059 908 3114 quam
938 3040 1100 3096 oculis
1127 3042 1374 3108 vidimus,
1396 3042 1637 3096 manibifs
1658 3042 2000 3096 contrectaui-

407 3139 593 3201 mus";
616 3137 765 3208 cujus
783 3141 896 3207 ipso
916 3135 992 3190 rei
1003 3132 1488 3205 periculoyirtutem
1512 3133 1863 3204 cognovimus,
1880 3147 2000 3186 cum

407 3230 804 3294 annuntiemus,
850 3235 1164 3296 cunctosque
1210 3225 1370 3296 (quod
1414 3232 1720 3279 nostrarum
1762 3226 1998 3294 partium

407 3323 502 3392 est)
527 3322 644 3375 boni
665 3321 828 3375 socios
853 3333 1117 3396 assumere
1140 3317 1690 3386 studeamus,eiusque
1721 3318 1797 3370 rei
1819 3318 1999 3388 gratia

409 3414 468 3467 in
494 3412 625 3466 talia
654 3412 973 3476 incidamus,
1000 3427 1104 3464 non
1117 3408 1295 3464 delicti
1319 3425 1502 3479 paruas
1527 3407 1741 3473 luimus,
1769 3408 1862 3463 sed
1882 3408 1998 3462 cla-

412 3507 662 3560 rescimus
696 3520 715 3569 ;
750 3521 854 3558 non
885 3504 1155 3575 punimur,
1181 3502 1272 3556 sed
1294 3516 1572 3556 servamur
1602 3517 1620 3565 ;
1651 3515 1745 3553 nec
1771 3502 1849 3567 (ut
1877 3500 1993 3572 quis

407 3596 696 3668 putaverit)
722 3604 888 3648 morte
927 3593 1203 3663 aﬂicimur,
1235 3591 1326 3647 sed
1345 3593 1455 3650 vita
1481 3591 1745 3645 donamur
1761 3593 1830 3645 ”.
1850 3589 1991 3658 Quid

416 3689 569 3742 enim
610 3689 694 3741 vir
749 3686 1082 3752 fortissimus
1129 3685 1350 3740 virtutis
1398 3698 1564 3738 causa
1625 3682 1822 3754 injuria
1851 3682 1991 3737 allici

405 3793 469 3833 ac
493 3778 764 3843 cruciari,
817 3775 1134 3847 pbiIOSOplii
1168 3759 1356 3831 usensu
1403 3778 1766 3840 existimaret,
1824 3790 1988 3845 quam

403 3872 696 3944 justiﬁcari
733 3887 798 3926 ac
844 3871 1099 3927 coronari
1127 3871 1150 3924 ἲ
1178 3869 1320 3936 Quid
1379 3886 1510 3926 vero
1543 3871 1670 3926 lesu
1729 3885 1896 3924 causa
1933 3869 1988 3924 in

402 3980 623 4020 crucem
644 3964 728 4036 agi
774 3979 839 4019 ac
864 3963 1130 4029 interimi,
1185 3978 1351 4033 quam
1382 3962 1492 4016 vita
1541 3978 1606 4017 ac
1636 3962 1840 4018 deitate
1885 3979 1987 4018 au-

402 4058 636 4128 gerizac
657 4058 800 4112 sicut
836 4056 1092 4126 supplicii
1125 4055 1429 4126 mortisque
1459 4053 1846 4120 similitudine,
1906 4054 1989 4110 sic

403 4149 664 4206 claritatis
711 4149 973 4204 societate
994 4149 1046 4202 ei
1077 4147 1342 4218 copulari,
1380 4162 1443 4202 ac
1474 4162 1598 4202 cum
1633 4163 1700 4202 eo
1742 4147 1795 4202 in
1824 4156 1986 4204 teter-

403 4259 534 4296 num
567 4257 814 4311 regnare.

481 4333 653 4400 Atque
708 4330 824 4385 haec
875 4329 1096 4399 quidem
1156 4329 1224 4384 ad
1282 4328 1498 4398 plebem
1538 4346 1552 4382 :
1591 4329 1696 4384 sibi
1734 4345 1865 4385 vero
1903 4331 1986 4385 vir

406 4425 583 4494 reipsa
616 4423 1052 4492 sapientissimus
1112 4422 1475 4488 incumbens,
1506 4431 1672 4492 atque
1711 4423 1779 4478 ad
1828 4439 1975 4488 eum,

406 4530 567 4584 quem
599 4514 654 4567 in
680 4529 736 4567 se
770 4522 1075 4567 manentem
1113 4513 1368 4578 habebat,
1393 4528 1706 4568 sermonem
1747 4529 1977 4569 conver-

407 4618 550 4670 tens,
585 4606 819 4669 Gratias,
841 4605 1039 4673 inquit,
1087 4621 1184 4674 ago
1221 4605 1330 4667 tibi,
1357 4622 1468 4660 mea
1499 4606 1743 4678 voluptas
1770 4623 1831 4660 ac
1869 4607 1983 4677 glo-

404 4700 592 4763 riatio,
629 4713 744 4750 mea
777 4687 1056 4750 exsultatio
1112 4714 1172 4749 ac
1203 4696 1473 4763 exultatio,
1527 4716 1645 4753 mea
1697 4700 1786 4751 lux
1815 4739 1829 4762 ,
1867 4717 1983 4753 mea

406 4797 652 4857 potestas,
699 4803 812 4840 mea
835 4803 1049 4849 corona,
1103 4803 1217 4841 mea
1241 4793 1568 4850 substantia,
1606 4807 1721 4842 mea
1741 4789 1981 4855 claritas,

405 4900 521 4936 mea
565 4880 777 4952 gratia,
835 4895 1025 4933 nomen
1064 4878 1442 4947 desiderabile,
1499 4883 1837 4948 divinumque
1885 4899 1978 4934 no-

403 4989 542 5026 men.

475 5063 686 5120 Gratias
731 5063 844 5127 tibi,
877 5062 1021 5130 Iesu,
1087 5065 1207 5118 vita!
1247 5077 1390 5124 mea),
1432 5075 1556 5114 mea;
1610 5064 1970 5132 respirationi,

405 5158 511 5209 alto
580 5157 749 5210 cordis
818 5157 918 5210 mei
981 5157 1188 5216 sensui,
1234 5152 1418 5203 mentis
1481 5168 1606 5207 mea!
1637 5155 1969 5224 gloriationi,

410 5264 553 5318 quem
581 5248 672 5301 Dei
703 5265 881 5302 amore
914 5266 1032 5302 amo
1067 5261 1166 5314 quo
1198 5245 1304 5309 ινιιὶ
1330 5242 1479 5296 liceat
1507 5256 1706 5302 wterna
1732 5249 1975 5320 volupta—

413 5353 458 5394 ιε
485 5359 500 5406 ;
535 5359 687 5412 quem
721 5345 900 5407 ιιαινρο,
939 5355 1088 5408 quem
1110 5338 1246 5400 sitio,
1272 5337 1354 5388 cui
1385 5338 1514 5403 vivo,
1549 5357 1609 5392 ac
1640 5343 1724 5395 cui
1749 5359 1867 5395 sum
1889 5342 1975 5396 al-

414 5433 618 5502 ligatus,
661 5444 707 5488 et
737 5435 805 5486 ad
841 5444 993 5500 quem
1014 5441 1202 5494 urgeor
1233 5429 1604 5499 provehorque,
1633 5449 1693 5485 ac
1738 5442 1976 5486 contente

416 5526 673 5581 contendo.

554 5713 707 5760 ,Iugm.
736 5719 806 5757 γι.
838 5705 921 5756 ἐξ).
997 5705 1040 5735 ³³
1075 5706 1088 5759 Ι
1121 5706 1273 5760 .loan.
1311 5727 1343 5773 l,
1367 5710 1417 5761 ιδ.

2163 1947 2262 2015 Μὴ
2301 1940 2415 2002 οὖν
2443 1929 2559 1999 ἐπί
2577 1942 2703 2012 τοῖς
2733 1942 3110 2014 ἀναιροῦσιν,
3142 1935 3192 1996 ὦ
3223 1938 3426 2004 τέκνα,
3455 1936 3686 2005 δυσχε-

2086 2040 2340 2108 ραίνειν.
2369 2039 2646 2103 Ἀκοντες
2673 2034 2785 2106 γὰρ
2802 2031 3153 2096 ζωοποιοῦσι
3168 2046 3184 2062 ο
3211 2030 3308 2086 καί
3333 2027 3563 2083 κακοῦν
3579 2043 3688 2081 νο-

2088 2129 2376 2202 μΙτοντες,
2431 2128 2808 2200 εὐεργετοῦσι
2828 2143 2841 2157 ·
2895 2127 2996 2181 καὶ
3023 2121 3276 2194 ἀτιμοῦν
3297 2123 3573 2190 οιόμενοι.
3602 2136 3690 2172 τι-

2088 2223 2246 2294 μῶσι
2267 2244 2282 2257 ο
2309 2222 2409 2278 καὶ
2439 2223 2664 2278 θλίϐειν
2691 2220 3034 2291 ἡγούμενοι,
3064 2219 3216 2288 πρὸς
3237 2214 3352 2284 τὴν
3383 2211 3690 2282 ἀληθινὴν

2095 2316 2195 2371 καὶ
2217 2317 2553 2385 ᾶρῤευστον
2573 2311 3037 2383 παραπέμπουσι
3065 2307 3277 2380 χαράν.
3290 2307 3528 2362 Οὔκουν
3552 2301 3688 2372 ἐμοὶ

2095 2411 2453 2480 δυσθυμίας,
2473 2410 2584 2463 οὐκ
2603 2407 2798 2473 ἀνίας,
2821 2404 2964 2460 οὐδὲ
2989 2404 3192 2471 λύπης
3217 2399 3394 2464 αίτία,
3417 2398 3456 2467 ri
3476 2397 3688 2464 ἄδικος

2095 2505 2247 2573 αὕτη
2276 2503 2627 2574 νομιζομένη
2657 2494 3003 2570 κρίσις.Ἦν
3035 2497 3112 2551 ἄν
3139 2513 3264 2568 μοι,
3295 2489 3690 2564 amerina-pd-

2095 2596 2209 2663 δρα
2235 2594 2498 2662 λυπηρὰ,
2535 2592 2632 2646 καὶ
2665 2592 2849 2658 ὅντως
2871 2587 3130 2646 θανάτου
3159 2587 3468 2656 πρόξενος,
3513 2582 3688 2650 ειπερ

2094 2685 2335 2751 ἔνδικος
2365 2681 2444 2755 ἦν
2463 2700 2476 2713 ·
2499 2686 2552 2738 ει
2582 2681 3055 2751 κακουργοῦντες
3071 2680 3339 2750 ἐαζιωμεν
3355 2692 3370 2708 ⁸
3399 2680 3450 2731 εί
3468 2675 3688 2740 ἀξίους

2094 2774 2348 2843 ἑαυτοὺς
2381 2774 2637 2830 θανάτου
2664 2771 2745 2839 τῷ
2759 2771 3007 2840 Αίγεάτῃ
3042 2769 3508 2840 παρεστήσαμεν
3524 2782 3537 2797 ·
3562 2765 3688 2821 νῦν·

2095 2867 2164 2921 δὲ
2199 2866 2354 2936 ζωὴν
2378 2865 2598 2935 ἀληθῆ,
2623 2862 2774 2933 ζωὴν
2791 2864 3106 2934 μένουσαν
3132 2863 3415 2934 ἄρρητον,
3450 2858 3530 2928 ἦν
3554 2857 3688 2924 τοῖς

2098 2957 2426 3028 ὀφθαλμοῖς
2452 2956 2813 3026 ἑωράκαμεν,
2852 2954 2980 3021 ταῖς
3028 2952 3241 3023 χερσίν
3273 2948 3684 3021 ἑψηλαφήσα-

2097 3065 2210 3119 μεν
2227 3063 2241 3079 ·
2275 3043 2352 3117 ἧς
2368 3046 2467 3101 διὰ
2493 3046 2705 3115 πείρας
2729 3044 3072 3116 ἐγνώκαμεν
3094 3043 3207 3110 τὴν
3227 3041 3502 3112 δύναμιν,
3537 3038 3686 3093 ταύ-

2099 3157 2214 3208 την
2231 3137 2759 3210 εὐαγγελιζόμενοι,
2779 3138 2875 3191 καὶ
2894 3136 3257 3205 βουλόμενοι
3271 3132 3503 3198 πάντας
3525 3130 3687 3185 ὅσον

2098 3232 2190 3301 ἐφ’
2221 3230 2386 3300 ἡμῖν,
2421 3229 2528 3284 τοῦ
2552 3229 2778 3300 ἀγαθοῦ
2805 3228 3013 3284 λαϐεῖν
3043 3224 3390 3291 κοινωνοὺς,
3426 3223 3525 3278 καὶ
3553 3239 3680 3276 τοι-

2098 3325 2297 3388 ούτοις
2325 3323 2782 3392 περιπίπτοντες
2801 3323 2878 3376 δι’
2901 3320 3114 3388 αὐτὴν,
3148 3320 3220 3373 οὐ
3249 3317 3678 3387 τιμωρούμεθα,

2095 3415 2455 3484 δοξαζόμεθα
2511 3414 2579 3468 δέ
2598 3430 2612 3446 °
2664 3416 2738 3468 οὐ
2785 3411 3164 3483 κολαζόμεθα,
3218 3407 3521 3479 σωζόμεθα
3581 3406 3681 3460 δέ’

2094 3507 2224 3561 οὐδ’
2247 3507 2326 3573 ὡς
2357 3506 2437 3562 ἀν
2458 3524 2550 3573 τις
2579 3506 2890 3570 ὑπολάϐοι,
2912 3504 3337 3573 θανατούμεθα,
3376 3500 3682 3570 ζωούμεθα

2093 3599 2182 3655 δέ.
2211 3599 2276 3655 Τί
2307 3600 2417 3672 γὰρ
2445 3600 2507 3653 τὸ
2537 3600 2676 3671 ὑπὲρ
2707 3599 2908 3670 ἀρετῆς
2939 3597 3243 3652 ἀδικεῖσθαι
3277 3596 3372 3648 καὶ
3413 3592 3683 3663 τιμωρεῖ-

2096 3693 2221 3747 σθαι
2264 3696 2292 3747 ὁ
2326 3693 2702 3765 ἀνδρειότατος
2731 3690 3064 3760 ἐφιλοσόφει,
3111 3687 3226 3742 ἀλλ’
3257 3687 3290 3758 ἢ
3330 3684 3677 3740 δικαιοῦσθαι

2093 3787 2186 3841 καὶ
2217 3784 2655 3856 στεφανοῦσθαι;
2713 3785 2779 3837 Τί
2806 3783 2861 3837 δὲ
2895 3782 2956 3836 τὸ
2985 3783 3125 3851 ὑπὲρ
3153 3783 3252 3852 τῆς
3286 3778 3462 3847 Ἰησοῦ
3512 3776 3679 3848 δόξης

2093 3875 2460 3948 σταυροῢσθαι
2507 3877 2603 3930 καὶ
2631 3873 2976 3946 νεκροῦσθαι,
3033 3872 3147 3926 ἀλλ’
3198 3872 3233 3943 ἢ
3289 3867 3677 3934 ζωοποιεῖσθαι

2090 3970 2186 4024 καὶ
2229 3968 2484 4024 θεοῦσθαι
2503 3986 2517 4001 ο
2556 3969 2650 4022 καὶ
2679 3967 2869 4037 ὥσπερ
2914 3970 2982 4040 τῇ
3013 3965 3294 4037 ὁμοιότητι
3317 3962 3414 4017 τοῦ
3435 3962 3673 4048 πάθους,

2087 4060 2229 4115 οὕτω
2253 4064 2349 4117 καὶ
2367 4065 2432 4132 τῇ
2457 4061 2712 4133 κοινωνίᾳ
2728 4060 2828 4132 τῆς
2847 4057 3388 4131 δόξηςσυμφύεσθαι,
3412 4056 3506 4109 καὶ
3527 4072 3676 4126 συμ-

2089 4153 2395 4207 ϐασιλεύειν
2416 4153 2564 4224 αὺτῷ
2589 4155 2670 4217 είς
2691 4153 2816 4217 τοὺς
2843 4154 3080 4217 αίῶνας;

2156 4331 2265 4383 Καὶ
2293 4329 2467 4383 ταῦτα
2497 4331 2595 4400 μὲν
2623 4330 2760 4399 πρὸς
2789 4329 2851 4382 τὸ
2896 4328 3102 4400 πλῆθος
3128 4346 3142 4361 ⁶
3178 4328 3373 4382 ἑαυτοῦ
3408 4327 3466 4380 δὲ
3499 4326 3670 4382 πάλιν

2083 4422 2110 4473 ό
2137 4421 2212 4491 τῷ
2245 4422 2357 4475 ὄντι
2386 4420 2825 4490 φιλοσοφώτατος
2867 4421 3302 4492 γινόμενος,’καὶ
3329 4421 3463 4492 πρὸς
3485 4420 3575 4473 τὸν
3602 4423 3669 4473 ὲν

2083 4513 2230 4584 αὒτῷ
2289 4513 2517 4584 μένοντα
2563 4514 2656 4567 τὸν
2711 4514 2868 4584 λόγον
2927 4515 3270 4586 ποιούμενος,
3310 4512 3670 4584 Εὑχαριστῶ

2081 4618 2202 4667 σοι,
2234 4604 2387 4672 φησὶ,
2421 4604 2486 4657 τὸ
2542 4604 2688 4673 ἐμὸν
2715 4605 3061 4678 ἐντρύςοημα
3095 4606 3194 4660 καὶ
3236 4607 3663 4676 καλλώπισμα,

2080 4696 2146 4748 τὸ
2184 4697 2330 4764 ἐμὸν
2355 4697 2698 4766 ἀγαλλίαμα
2725 4699 2823 4752 καὶ
2857 4699 3093 4769 ὕψωμα,
3136 4699 3203 4754 τὸ
3239 4700 3386 4770 ἐμὸν
3410 4697 3554 4767 φῶς,
3592 4697 3668 4750 τὸ

2080 4787 2225 4855 ἐμὸν
2247 4787 2483 4855 κράτος,
2513 4789 2576 4843 τὸ
2604 4790 2964 4860 στεφάνωμα
2985 4793 3050 4846 τὸ
3077 4792 3244 4862 ἐμὸν,
3265 4792 3303 4858 ἡ
3331 4791 3478 4861 ἐμοῦ
3498 4807 3668 4860 περι-

2081 4882 2282 4946 ουσία,
2313 4883 2350 4949 ἡ
2373 4881 2485 4951 ἐμὴ
2516 4883 2684 4946 δόξα,
2712 4885 2748 4949 ἡ
2777 4884 2946 4951 χάρις
2974 4881 3011 4951 ἠ
3035 4884 3169 4954 ἐμὴ,
3209 4884 3276 4938 τὸ
3294 4885 3668 4950 ἐπιπόθητον·

2083 4972 2290 5041 ὄνομα,
2330 4974 2398 5027 τὸ
2435 4974 2708 5042 θεάρχιον
2733 4974 2938 5042 ὄνομα.

2153 5064 2498 5133 Εὺιαριστώ
2549 5080 2666 5124 σοι,
2725 5063 2949 5130 Ἰησοῦ,
2994 5064 3069 5132 τῇ
3094 5063 3208 5133 ζωῇ
3230 5083 3370 5134 μου,
3409 5064 3484 5133 τῇ
3511 5066 3664 5121 ἀνα-

2080 5156 2236 5224 πνοῇ
2263 5176 2402 5224 μου,
2452 5155 2530 5219 τῷ
2561 5155 2905 5225 γαυριάματι
2958 5158 3069 5228 τῆς
3110 5157 3354 5228 καρδίας
3399 5177 3539 5228 μου,
3576 5159 3663 5224 τῷ

2081 5250 2415 5317 καυχήματι
2442 5245 2550 5312 τῆς
2577 5245 2843 5315 διανοίας
2857 5269 2996 5320 μου,
3045 5247 3116 5307 οὗ
3140 5250 3253 5319 ἐρῶ
3286 5252 3432 5306 Θεοῦ
3463 5253 3656 5321 ἔρωτι,

2085 5336 2153 5393 οὗ
2189 5340 2442 5404 ὀναίμην
2497 5341 2709 5404 αἰωνίῳ
2764 5343 2982 5411 τρυφῇ.
3030 5345 3100 5397 ὃν
3127 5346 3262 5414 ἔχω,
3295 5347 3367 5399 ὃν
3389 5347 3562 5416 διψῶ,
3606 5342 3657 5414 ᾧ

2086 5431 2177 5492 ζῶ,
2227 5430 2322 5480 καὶ
2353 5423 2400 5494 ᾧ
2454 5429 2712 5501 δέδεμαι,
2751 5435 2847 5486 καί
2885 5437 3031 5501 πρύς
3087 5437 3158 5490 ὃν
3210 5439 3513 5508 ἐπείγομαι
3551 5441 3654 5496 καὶ

2086 5520 2393 5589 ἀνάγομαι,
2431 5525 2526 5577 καὶ
2561 5529 3007 5594 συντεταμένως
3035 5532 3434 5604 ἀνατείνομαι.
