3950 6320
266 333 329 398 85
1016 329 1293 391 ORATIO
1328 331 1478 391 V.-
1503 329 1583 389 IN
1623 328 1927 389 LAUDEM
1965 330 2021 389 S.
2047 328 2295 388 JACOBl
2338 330 2692 389 ZEBEDEI.
3318 321 3320 327 ’
3386 333 3454 391 £8

158 488 163 491 .
264 441 383 509 τελῆ
414 438 515 509 μιν
544 438 675 509 ἡμῖν
703 418 978 509 τράττεξαν
1012 438 1222 491 σεπτῶν
1258 438 1475 491 ἐννοιῶν
1499 452 1514 466 ο
1542 437 1722 505 ἡδεῖαν
1744 436 1799 487 δὲ
1828 486 1829 490 η

1923 438 2059 492 nobis
2116 439 2509 493 venerabilium
2582 440 2971 493 sententiarum
3058 453 3450 509 sensorumque

265 533 340 586 δτι
396 530 627 601 μάλιστα
678 530 1122 601 παρεσκευάσατο
1178 529 1490 598 φιλοτησίαν
1517 547 1531 561 ο
1585 522 1667 611 οὗ*
1702 529 1799 596 τῆς

1923 545 2167 592 nensam,
2202 544 2264 583 ac
2287 545 2446 599 quam
2484 531 2717 584 maxime
2750 546 2914 586 suave
2944 531 3250 586 convivium
3296 547 3452 601 para.-

267 623 488 691 άφθόνου
513 623 606 675 καὶ
622 622 831 692 ζωηρᾶς
854 621 1300 691 κατατρυφῶντες
1324 621 1679 691 ἑστιατορίας,
1709 623 1803 674 καὶ

1923 620 1983 674 rit
2020 634 2034 671 :
2069 621 2223 689 cujus
2262 620 2499 689 copiosis
2546 621 2909 690 vitalibusque
2958 623 3211 678 delectati
3256 622 3449 691 epulis,

267 718 326 785 τῇ
357 713 602 784 δαψιλείᾳ
625 714 722 783 τῆς
760 713 976 782 χάριτος
1007 711 1369 781 πληρούμενοι
1401 713 1495 765 καὶ
1524 712 1803 781 θερμαινό-

1923 726 2004 767 nec
2057 726 2165 765 non
2230 711 2569 766 abundantia
2615 711 2801 782 gratiae
2858 714 3051 781 repleti
3106 712 3451 782 accensique,

271 823 451 881 μενοι,⁴
463 800 551 858 οἷά
572 821 689 857 τινα
740 804 939 874 μικρὰν
966 804 1031 855 ὲκ
1060 801 1281 871 καρδίας
1305 787 1412 854 τῶν
1438 802 1609 869 λόγων
1659 802 1803 872 αὐτῷ

1923 801 2058 872 [uasi
2093 802 2342 873 exiguam
2377 803 2665 872 quamdam
2696 820 2762 858 ex
2794 804 2960 858 corde
2988 820 3299 859 sermonum
3327 819 3453 857 eru-

269 896 767 966 προσενηνέγκαμεν
794 893 992 965 ὲρυγήν
1014 909 1028 924 ο
1055 895 1153 962 τῆς
1189 891 1287 961 μὲν
1313 889 1631 960 εὐεργεσίας
1657 891 1804 957 ἄξιον

1923 893 2200 948 :tationem
2233 894 2282 948 ei
2315 893 2712 964 dependimus:
2749 895 2951 964 quibus
2996 902 3309 965 suppeteret
3333 893 3454 963 qui—

268 990 642 1058 ,προσενεγκεῖν
672 987 885 1055 ἔχοντες
907 984 1054 1038 οὐδέν
1071 1001 1086 1015 ’
1117 983 1192 1046 ὡς
1215 983 1279 1036 ἂν
1306 983 1361 1035 δὲ
1392 982 1465 1053 μὴ
1489 984 1804 1051 ἀχαριστίας

268 1078 439 1149 δεινὴν
465 1074 815 1146 άποισὼμεθα
839 1075 1073 1146 γραφὴν,
1107 1072 1250 1127 κατὰ
1286 1072 1511 1143 δύναμιν
1535 1074 1625 1127 τὸν
1656 1073 1804 1125 ἐπαι-

272 1186 353 1221 νον
369 1167 794 1234 ,είσενεγκόντεφ
1228 1185 1233 1189 ·

334 1339 472 1393 Νυνὶ
517 1339 572 1409 δὲ
628 1338 743 1408 μετ’
796 1337 975 1404 αὐτὸν,
1025 1336 1160 1408 άλλη
1193 1335 1425 1408 μυστικὴ
1474 1337 1808 1391 διαδέδεκται

274 1427 541 1500 τράπεζα,
591 1428 686 1480 κα)⁵
736 1426 891 1490 ἄλλος
924 1428 1053 1497 ἡμῖν
1106 1426 1386 1498 ζωηρύτου
1418 1426 1660 1503 πόματος
1715 1443 1810 1495 με·

276 1518 612 1589 μεστωμένος
658 1516 930 1587 προεΰήθη
958 1518 1205 1588 κρατήρο
1243 1516 1336 1571 καὶ
1366 1517 1395 1569 ό
1436 1516 1698 1588 ἑστιάτωρ
1735 1516 1809 1579 ὡς

276 1607 549 1676 φιλότιμός
574 1622 633 1659 τε
665 1604 756 1658 καὶ
801 1603 1045 1674 δαψιλὴς,
1077 1604 1228 1657 οὐδὲν
1255 1602 1460 1656 ἐκείνου
1489 1601 1590 1671 τῆς
1642 1618 1811 1672 μεγα-

273 1698 599 1768 λοπρεπείας
623 1694 938 1765 λειπόμενος
956 1710 971 1723 ·
1019 1694 1193 1747 πάντα
1216 1694 1275 1748 δὲ
1300 1694 1497 1764 τρόπον
1527 1691 1808 1759 ἐξισούμε-

274 1806 381 1852 νος,
409 1786 628 1853 ἀδελφὸς
676 1784 773 1856 τὴν
801 1784 980 1854 φύσιν,
1033 1782 1255 1852 ἁδελφός
1295 1784 1391 1853 τὴν
1421 1782 1621 1836 πίστιν.
1666 1780 1812 1844 Ἐνὸς
1840 1778 1886 1837 Β

273 1880 379 1951 γὰρ
425 1877 672 1949 ἑκάτεροι
700 1873 922 1944 πατρὸς,
960 1872 1149 1946 ὥσπερ
1196 1874 1305 1937 τοῦ⁸
1331 1873 1613 1927 Ζεϐεδαίου
1641 1872 1811 1937 κάτω,

272 1969 443 2031 οὓτως
487 1966 594 2020 ἄνω
621 1966 713 2020 τοῦ
746 1965 908 2019 Θεοῦ·
940 1965 1165 2035 ὀνόμασι
1217 1966 1395 2035 μόνοις
1442 1964 1690 2034 Ἰωάννης
1722 1963 1815 2016 καὶ

287 2059 540 2122 Ἰάκωϐος
566 2058 920 2128 διενηνόχασι,
969 2056 1163 2129 μικροῦ
1193 2059 1305 2120 τοῖς
1347 2056 1633 2125 πράγμασι
1690 2072 1818 2108 συν-

275 2148 602 2217 απτόμενον
644 2145 747 2201 ῐσοι
778 2146 873 2216 τὴν
906 2145 1149 2216 γνώμην,
1204 2147 1310 2200 ῐσοι
1350 2146 1448 2215 τὴν
1478 2145 1656 2215 χάριν,
1715 2144 1817 2197 [σοι

275 2238 368 2307 τὴν
392 2235 589 2308 ἀρετὴν
620 2237 713 2290 καὶ
736 2235 832 2307 τὴν
857 2236 989 2306 πρὸς
1009 2229 1138 2289 Θεὸν
1162 2236 1457 2290 οἰκείωσιν.
1480 2230 1579 2291 Ὦν
1607 2235 1819 2305 ἀληθῶς

277 2329 481 2399 Κύριος
510 2324 611 2392 εἷς,
646 2327 842 2399 ὁμοίως
871 2327 1143 2400 όρώμενός
1183 2344 1243 2381 τε
1294 2326 1389 2381 καὶ
1415 2326 1818 2397 πιστευόμενος,

275 2420 476 2489 ὁμοίως
510 2417 974 2491 προσκυνούμενός
1002 2435 1060 2471 τε
1096 2419 1185 2473 καὶ
1238 2418 1627 2488 λατρευόμενος
1650 2436 1663 2449 ·
1721 2420 1849 2488 μία-

276 2510 484 2581 κλῆσις,
544 2510 642 2577 μία
688 2508 959 2580 πρόθεσις,
1014 2508 1167 2572 ἐλπὶς
1203 2509 1323 2579 μία,
1361 2507 1548 2580 ὥσπερ
1604 2509 1695 2562 καὶ
1724 2509 1820 2579 βά-

278 2616 489 2670 πτισμα
514 2599 593 2653 ἓν.
1083 2616 1089 2621 ’

356 2690 640 2762 Ὅμότιμοι
690 2690 787 2761 τὴν
832 2689 889 2745 ἐν
931 2690 1216 2761 γράμματι
1248 2691 1521 2759 λατρείαν,
1574 2690 1823 2762 ὁμότιμοι

277 2782 377 2855 τὴν
417 2782 556 2855 πρὸς
607 2782 669 2837 τὸ
713 2781 1287 2854 πνεῦμα’μετάθεσιν.
1351 2782 1677 2855 Ὀμόφρονες
1728 2783 1825 2854 τὴν

278 2872 571 2941 ιπίγνωσιν
595 2871 691 2925 τοῦ
714 2873 941 2942 Πατρὸς,
985 2872 1281 2944 ὁμόφρονες
1309 2871 1405 2943 τὴν
1435 2873 1514 2935 είς
1541 2871 1631 2925 τὸν
1660 2873 1826 2926 Μονο-

279 2963 411 3036 γενῆ
437 2964 531 3015 καὶ
559 2962 831 3033 ἀγάπησιν
856 2977 871 2991 ·
897 2962 958 3015 οῦ
992 2962 1151 3032 μόνον
1177 2962 1253 3028 δὲ,
1290 2961 1424 3033 ἀλλὰ
1451 2963 1545 3015 καὶ
1568 2964 1702 3032 πρὸς
1728 2963 1827 3031 τὴν

279 3052 374 3106 τοῦ
424 3052 740 3123 Πνεύματος
774 3051 1161 3122 συγκατάθεσιν
1192 3053 1287 3105 καὶ
1321 3053 1593 3122 ὑποταγὴν
1644 3052 1693 3104 οἱ
1730 3053 1829 3106 αὐ-

280 3142 383 3217 τοί,
415 3144 509 3197 Διδ
536 3148 629 3197 καὶ
656 3131 976 3214 Βοανεργὲς,
1010 3144 1038 3197 ὅ
1078 3143 1225 3196 ἐστιν
1257 3142 1365 3196 υἱοὶ
1390 3142 1633 3213 βροντῆς,
1664 3142 1828 3211 ἄμφω

283 3236 421 3306 πρὸς
447 3235 620 3304 αὐτῆς
650 3234 940 3305 κέκληνται
983 3236 1081 3303 τῆς
1107 3233 1381 3303 ἀληθείας,
1429 3232 1504 3295 ὡς
1531 3234 1609 3286 ἑνὶ
1635 3232 1729 3303 καὶ
1756 3231 1833 3302 τῷ

285 3322 432 3394 αὐτῷ
462 3322 740 3393 Πνεῦματι
792 3322 925 3393 πρὸς
951 3321 1047 3391 τὴν
1080 3320 1172 3375 τοῦ
1222 3320 1548 3389 Εὐαγγελίου
1599 3321 1830 3390 μεγαλο-

285 3416 495 3485 φωνίαν
521 3412 961 3483 καταρτιζόμενοι
1014 3412 1105 3466 καὶ
1148 3411 1532 3483 κροτούμενοι·
1568 3410 1833 3481 ὀφθαλμοὶ

283 3504 377 3558 δύο
429 3506 528 3575 τῆς
582 3503 970 3574 ἁγιοπρεπείας
1035 3502 1230 3574 Ἰησοῦ,
1284 3503 1381 3574 τὴν
1438 3504 1693 3557 ἀνωτάτω
1738 3501 1832 3555 τοῦ

284 3597 617 3650 Δεσποτικοῦ
644 3597 891 3666 σώματος
918 3595 1234 3666 κατέχοντες
1264 3597 1491 3650 σκοπιάν
1515 3611 1528 3624 ⁶
1564 3597 1658 3649 καὶ
1686 3596 1835 3666 πρῶ-

284 3706 365 3743 τοι
396 3688 511 3744 τῶν
544 3686 845 3759 θεαρχικῶν
885 3686 1117 3742 ἀκτίνων
1159 3686 1378 3756 ὁμοίως,
1425 3685 1500 3750 ὡς
1530 3686 1689 3740 ἁπλοῖ
1739 3687 1835 3739 καὶ

284 3779 500 3841 διειδετς
527 3776 624 3831 καὶ
651 3777 983 3847 φωτοφανεϊς
1020 3775 1494 3846 ἅποπληρούμενοι
1516 3791 1531 3806 ’
1561 3775 1654 3828 καὶ
1698 3776 1835 3843 ἀγα-

286 3869 577 3939 θοπρεπῶς
606 3869 725 3923 ὅλον
763 3867 830 3921 δι’
858 3866 1066 3922 ἑαυτῶν
1092 3866 1537 3937 καταλάμποντες
1562 3866 1626 3920 τὸ
1650 3866 1832 3937 σῶμα.

286 3963 589 4033 Κορυφαίοι
612 3958 709 4030 τὴν
735 3958 885 4023 τάξιν
910 3957 1186 4024 ὡσαύτως,
1237 3957 1313 4020 ὡς
1332 3960 1398 4028 τῇ
1428 3957 1701 4029 κορυφαίᾳ
1725 3957 1835 4011 τῶν

285 4051 499 4120 ἀρετῶν
551 4050 739 4120 ἀγάπῃ
782 4048 997 4102 πάντων
1027 4047 1222 4117 μᾶλλον
1253 4046 1331 4118 τῷ
1358 4047 1451 4100 τοῦ
1480 4047 1611 4101 Θεοῦ
1660 4064 1831 4117 προσ.

286 4143 627 4214 ῳκειωμὲνοι
652 4137 940 4210 ἀγαπητῷ.
967 4139 1058 4191 Διὸ
1076 4140 1168 4192 καὶ
1197 4138 1579 4210 πρωτόθρονοι,
1602 4140 1694 4193 καὶ
1726 4140 1836 4193 lolio

284 4250 435 4303 τιμοι
480 4232 576 4285 καὶ
606 4232 819 4285 πάντων
868 4227 1064 4298 μικροῦ
1094 4228 1260 4296 φάναι
1302 4228 1604 4299 πρόκριτοι,
1633 4226 1709 4289 ὡς
1734 4227 1833 4295 τῆς

286 4325 410 4395 {anc
450 4326 547 4378 καὶ
587 4322 823 4394 πρώτης-
868 4320 1017 4390 παρὰ
1047 4319 1123 4391 τῷ
1178 4319 1517 4389 Παμσασιλεῐ
1565 4319 1838 4391 κατηξιω-

290 4420 442 4491 μένοι
466 4417 657 4491 τιμῆς.

350 4593 562 4648 Τοῦτον
587 4593 639 4647 οἱ
667 4592 766 4661 τῆς
795 4592 1020 4663 βροντῆς
1046 4592 1151 4646 υίοὶ
1194 4590 1284 4645 τὸν
1308 4591 1509 4661 τρόπον
1562 4589 1836 4660 ἐνούμενοι

289 4689 382 4742 καὶ
405 4688 803 4758 ταυτιζόμενοι,
848 4685 963 4748 πῶς
990 4684 1050 4737 οὐ
1101 4684 1192 4737 τὸν
1219 4683 1379 4737 αὑτὸν
1416 4684 1512 4754 τῆς
1568 4681 1839 4752 εὐφημίας

289 4781 668 4851 προσοίσονται
689 4777 842 4847 λόγον
861 4794 880 4842 ;
902 4771 1009 4829 Ὧν
1032 4775 1137 4846 γὰρ
1161 4776 1209 4827 οι
1258 4774 1465 4843 ἀγῶνος
1498 4774 1622 4839 ἴσοι,
1654 4776 1748 4829 καὶ
1779 4774 1837 4828 αι

290 4868 625 4941 ἀναρρήσεις
639 4868 694 4920 al
721 4865 881 4919 αὐταί
899 4882 912 4896 ·
948 4858 1022 4919 ὧν
1050 4863 1118 4917 δὲ»
1135 4862 1286 4935 κοινή
1317 4866 1415 4933 τῆς
1432 4864 1629 4933 ἀρετῆς
1656 4865 1689 4933 ἡ
1716 4863 1839 4933 κτῆ-

263 4966 266 4970 ’
291 4977 393 5024 σις,
443 4960 616 5013 κοινοὶ
637 4958 792 5027 δῆλον
832 4959 912 5011 ὅτι
936 4958 986 5011 οί
1013 4954 1283 5025 στέφανοι.
1318 4954 1414 5018 Τίς
1441 4950 1533 5009 οὖν
1567 4954 1637 5008 τὰ
1659 4955 1836 5009 ἀδιαί-

295 5067 422 5120 ρετα
465 5050 683 5114 ἃιελεῖν,
728 5048 824 5103 καὶ
849 5048 920 5107 τὰ
947 5045 1088 5102 κατὰ
1115 5046 1275 5116 φύσιν
1319 5046 1413 5099 καὶ
1452 5046 1678 5118 γνώμην
1700 5047 1839 5117 ἡνω-

358 5208 376 5239 ⁸
414 5204 623 5276 Ephes.
650 5222 724 5271 tv,
748 5206 801 5261 5.
871 5204 893 5236 ³
929 5203 1122 5258 Matth.
1160 5219 1240 5267 tu,
1274 5201 1361 5255 l7.

297 5360 481 5416 Jacobi
510 5360 564 5415 in
595 5357 905 5428 Hispaniam
932 5355 1112 5428 fidem.
1146 5357 1328 5428 Porro
1342 5354 1696 5428 interpolator
1724 5353 1839 5422 ipse

300 5430 559 5493 insulsus,
586 5424 901 5499 qui'praeter
941 5427 1272 5499 Stephanum
1301 5424 1487 5499 Jacobi
1514 5424 1841 5499 _Hierosoty-

301 5514 514 5554 morum
547 5493 811 5552 antistitis
841 5511 968 5550 vere
996 5493 1285 5551 diaconum
1311 5534 1325 5556 ,
1356 5502 1411 5547 et
1436 5494 1491 5546 in
1514 5493 1618 5546 hoc
1648 5493 1839 5560 praeci-

302 5583 405 5636 pue
436 5569 508 5623 ab
536 5567 801 5637 apostolis
831 5574 1091 5637 creatum,
1122 5566 1262 5619 inter
1279 5563 1539 5637 diaconos
1567 5570 1836 5637 numeret,

303 5632 391 5703 qui
412 5632 609 5707 omnes
636 5635 880 5707 episcopi
901 5635 1136 5699 fuerunt,
1158 5642 1213 5689 et
1236 5632 1453 5701 quidem
1472 5633 1838 5707 apostolorum

304 5702 452 5774 quasi
505 5702 851 5793 suﬂmganci,
882 5720 1017 5774 quos
1044 5712 1271 5769 vocant;
1328 5710 1506 5771 partes
1537 5702 1742 5757 scilicet
1787 5714 1840 5756 ct

1906 984 2030 1041 dem
2078 985 2234 1051 nihil,
2270 985 2415 1056 quod
2457 1001 2555 1056 pro
2597 1002 2822 1043 munere
2852 987 3073 1057 dignum
3124 986 3451 1050 oﬂerretur;

1906 1078 2000 1133 sed
2026 1079 2118 1147 qui
2153 1088 2354 1142 tamen,
2386 1090 2588 1148 quanta
2629 1079 2860 1157 facultas
2894 1087 3032 1142 erat,
3066 1079 3132 1134 ad
3177 1077 3456 1148 depellen-

1909 1170 2030 1224 dam
2060 1170 2253 1241 ingrati
2284 1171 2449 1224 animi
2477 1178 2667 1225 tetram
2688 1158 2884 1225 r'labem
2924 1184 2987 1224 ac
3016 1170 3245 1234 crimen,
3272 1167 3458 1223 lauda-

1910 1262 2056 1317 tione
2087 1261 2139 1315 in
2168 1277 2292 1316 eum
2321 1260 2559 1316 defuncti
2596 1260 2784 1315 simus.

1979 1353 2133 1409 Nunc
2162 1368 2292 1407 vero
2320 1360 2444 1423 post
2470 1352 2621 1406 illum
2664 1353 2768 1406 alia
2806 1352 2965 1406 nobis
2991 1352 3215 1423 mystica
3244 1366 3459 1407 succes-

1902 1447 1981 1500 sit
2009 1460 2190 1501 mensa
2212 1464 2225 1499 :
2246 1445 2384 1500 alius
2413 1446 2572 1500 nobis
2588 1447 2792 1501 mellito
2811 1446 3003 1516 plenus
3032 1457 3250 1502 nectare
3279 1454 3455 1502 crater

1911 1537 2221 1605 propositus
2251 1545 2361 1602 est;
2409 1552 2715 1607 mensaeque
2746 1546 3075 1611 structonac
3116 1538 3454 1599 convivator,

1912 1628 2064 1696 quasi
2108 1628 2421 1697 splendidus
2470 1628 2763 1698 largusque
2801 1644 2967 1698 opum
3009 1646 3072 1685 ac
3123 1629 3458 1699 magniﬁcus,

1915 1722 2048 1777 nihil
2083 1721 2163 1777 illi
2210 1722 2385 1793 impar
2420 1723 2709 1778 ambitioso
2748 1724 2898 1778 cultu
2940 1731 2995 1779 et
3040 1722 3458 1794 magniﬁcentia,

1914 1818 2006 1879 sed
2035 1814 2345 1870 omnimode
2366 1815 2588 1885 aequalis
2623 1833 2636 1869 :
2675 1824 2867 1871 natura
2901 1830 3209 1886 germanus,
3251 1830 3314 1869 ac
3358 1814 3463 1868 ﬁde

1912 1918 2202 1973 germanus
2239 1922 2252 1957 :
2283 1920 2395 1960 uno
2434 1905 2581 1959 enim
2626 1905 2821 1974 prolati
2864 1913 3041 1975 patre,
3085 1904 3166 1959 uti
3208 1904 3263 1959 in
3302 1904 3464 1960 terris

1913 1992 2193 2059 Zebedaeo,
2229 1993 2303 2048 ita
2345 1994 2403 2048 in
2432 1994 2587 2049 melis
2622 1996 2757 2071 Deo.
2792 1995 2935 2050 Solis
2964 1995 3184 2050 discreti
3222 1994 3461 2049 nomini-

1913 2084 2019 2140 bus
2065 2084 2301 2140 Joannes
2351 2094 2514 2155 atque
2565 2086 2820 2153 Iacobus,
2854 2087 3248 2158 propemodum
3300 2087 3466 2141 rebus

1916 2176 2158 2231 concreti
2198 2192 2261 2231 ac
2299 2177 2576 2246 copulati:
2616 2193 2775 2247 pares
2817 2178 3017 2243 animo,
3073 2193 3230 2248 pares
3275 2175 3464 2248 gratia,

1916 2284 2075 2341 pares
2103 2270 2306 2325 virtute
2334 2286 2397 2324 ac
2441 2286 2565 2325 cum
2604 2271 2715 2325 Deo
2747 2269 3151 2326 necessitudine
3182 2288 3196 2324 :
3235 2285 3466 2341 quorum

1916 2374 2105 2414 revera
2134 2374 2277 2413 unus
2305 2360 2587 2424 Dominus,
2609 2375 2769 2430 quem
2816 2360 3070 2415 similiter
3111 2360 3379 2425 viderent,
3414 2367 3471 2413 et

1917 2466 2023 2505 una
2052 2450 2288 2515 vocatio,
2323 2466 2491 2505 unum
2524 2450 2722 2507 mentis
2750 2452 3086 2520 propositum
3109 2495 3123 2518 ,
3157 2468 3261 2507 una
3293 2467 3418 2523 spes
3450 2490 3466 2516 ,

1920 2542 1999 2596 uti
2033 2551 2089 2597 et
2111 2542 2377 2612 baptisma
2401 2558 2571 2597 unum
2600 2544 2648 2595 ‘.'

1990 2712 2111 2769 Pari
2148 2713 2378 2778 honore,
2425 2714 2571 2785 quod
2613 2716 2808 2791 attinet
2847 2716 2913 2771 ad
2952 2717 3156 2771 cultum
3205 2717 3471 2787 legalem;

1922 2800 2063 2874 pari,
2116 2802 2258 2871 quod
2312 2802 2379 2856 ad
2440 2803 2845 2857 translationem
2902 2804 2969 2858 ad
3023 2805 3292 2873 spiritum.
3352 2796 3472 2860 Pari

1923 2893 2091 2949 animi
2121 2908 2282 2948 sensu
2318 2908 2382 2948 ac
2412 2894 2717 2955 concordia,
2744 2896 2797 2948 in
2826 2895 3004 2950 Patris
3034 2896 3328 2966 agnitione,
3358 2896 3473 2965 pari

1924 2997 2190 3052 propensa
2237 2981 2292 3036 in
2340 2980 2685 3053 Unigenitut'n
2739 2984 3017 3039 voluntate
3066 2995 3120 3039 et
3164 2985 3471 3039 dilectione.

1853 3104 1896 3163 ο
1926 3076 2111 3143 Neque
2141 3073 2194 3128 id
2225 3072 2408 3163 modo,
2441 3074 2537 3163 sed
2566 3081 2623 3128 et
2650 3078 2915 3128 consensu
2956 3076 3009 3128 in
3038 3074 3301 3144 Spiritum
3327 3075 3472 3146 ejus-

1930 3178 2035 3233 que
2068 3162 2430 3233 subjectione,‘
2450 3162 2638 3217 iidem.
2669 3164 3028 3227 Quamobrem
3046 3163 3207 3218 etiam
3239 3163 3474 3217 Boaner-

1932 3269 2024 3324 ges
2060 3252 2225 3323 (quod
2254 3262 2357 3317 est,
2388 3251 2511 3307 Filii
2546 3252 2795 3319 tonitrui)
2830 3251 2898 3305 ab
2930 3253 3045 3319 ipsa
3073 3252 3231 3306 ambo
3261 3267 3477 3306 nuncu-

1931 3344 2040 3411 pati
2066 3352 2193 3397 sunt
2214 3343 2463 3407 veritate,
2486 3343 2637 3396 velut
2665 3357 2802 3412 quos
2838 3357 2980 3396 unus
3011 3342 3265 3411 idemque
3302 3342 3477 3412 Spiri-

1933 3441 2019 3487 tus
2047 3432 2114 3502 ad
2142 3432 2482 3502 magniﬁcam
2532 3432 2814 3502 Evangelii
2865 3432 3301 3501 praedicationem
3348 3446 3478 3485 con-

1932 3523 2204 3577 cinnasset
2225 3530 2386 3591 atque
2414 3522 2703 3577 conﬂasset
2723 3523 2764 3573 ¹.
2809 3519 3017 3575 Gemini
3063 3508 3205 3589 acili
3251 3521 3479 3575 sanctis-

1932 3612 2054 3667 simi
2100 3611 2319 3666 decoris
2356 3611 2506 3675 .lesu,
2554 3610 2823 3666 Dominici
2872 3612 3117 3679 corporis
3170 3625 3475 3680 snpremam

1932 3712 2179 3757 tenentes
2205 3704 2516 3772 speculam;
2542 3702 2711 3772 primi.
2750 3702 2956 3757 scilicet
2989 3702 3184 3755 divinae
3220 3702 3359 3755 lucis
3387 3716 3476 3754 ra-

1931 3792 2056 3856 diis,
2090 3808 2188 3847 ceu
2224 3792 2499 3861 simplices
2527 3801 2688 3861 atque
2721 3791 2931 3861 limpidi
2972 3790 3244 3859 incidique
3279 3791 3483 3861 pariter

1934 3881 2146 3950 repleti,
2188 3880 2685 3951 benignissimeque
2720 3887 2891 3948 totum
2934 3894 3130 3947 corpus
3179 3877 3478 3947 fulgoribus

1930 3973 2044 4027 suis
2072 3972 2479 4027 collustrantes.
2514 3970 2746 4025 Perinde
2797 3968 2988 4023 Ordine
3028 3968 3325 4038 principes,
3360 3976 3479 4021 tan—

1931 4078 2091 4132 quam
2122 4063 2386 4118 charitate
2413 4076 2533 4131 quae
2558 4062 2813 4130 princeps
2834 4060 3103 4113 virtutum
3127 4068 3212 4113 est
3233 4058 3477 4112 omnium
3547 4112 3558 4121 ,

1931 4151 2162 4205 maxime
2200 4150 2296 4205 Dei
2323 4150 2524 4205 dilecto
2552 4150 2790 4204 devincti
2824 4163 2887 4203 ac
2915 4147 3231 4203 familiares.
3276 4147 3476 4214 Quam-

1913 4241 2118 4298 obrem
2142 4241 2306 4295 etiam
2336 4240 2527 4310 primis
2571 4240 2832 4295 sublimes
2862 4240 3102 4303 sedibus,
3130 4240 3357 4309 parique
3382 4239 3482 4294 bo-

1933 4344 2064 4384 nore
2106 4344 2169 4384 ac
2197 4328 2409 4384 cunctis
2434 4328 2826 4398 pr0pemodum
2858 4327 3084 4397 praelati,
3117 4336 3374 4397 tanquam
3402 4328 3481 4382 vi-

1864 4437 1908 4492 ι)
1936 4418 2133 4474 delicet
2154 4435 2339 4489 parem
2370 4420 2715 4489 primumque
2743 4417 2884 4487 apud
2908 4432 3179 4472 summum
3200 4418 3477 4473 universo-

1894 4542 1897 4543 ν
1933 4525 2052 4565 rum
2078 4509 2277 4579 Regem
2303 4509 2581 4564 consecuti
2606 4508 2892 4562 honorem.

2002 4600 2063 4655 ln
2085 4600 2230 4654 hunc
2260 4598 2477 4652 modum
2518 4595 2793 4666 conjuncti
2832 4595 3057 4649 tonitrui
3097 4594 3219 4649 Filii
3262 4609 3477 4664 unaque

1931 4691 2080 4745 velut
2100 4690 2310 4744 ratione
2336 4688 2540 4750 coaliti,
2570 4685 2842 4757 quomodo
2872 4701 2985 4739 non
3014 4686 3267 4740 eumdem
3299 4686 3483 4740 lauda-
3540 4684 3541 4687 “

1933 4777 2097 4832 tionis
2122 4792 2185 4831 ac
2221 4775 2477 4845 praeconii
2510 4789 2819 4829 sermonem
2841 4774 3205 4829 admiserint?
3241 4774 3481 4840 Quorum

1940 4868 2085 4923 enim
2120 4854 2415 4921 certamina
2440 4866 2611 4935 paria,
2634 4866 2825 4920 eadem
2866 4865 3030 4919 etiam
3059 4864 3320 4918 exsistant
3343 4881 3483 4933 pra:-

1941 4960 2121 5013 conia.
2138 4957 2377 5023 Quorum
2407 4969 2691 5009 commune
2715 4954 2933 5009 virtutis
2960 4953 3147 5017 decus,
3172 4966 3484 5007 communes

1944 5048 2201 5103 nimirum
2234 5048 2398 5103 etiam
2424 5061 2657 5101 coronae.
2686 5044 2815 5111 Quis
2851 5045 3013 5115 igitur
3034 5058 3152 5112 quae
3181 5052 3306 5095 sunt
3339 5042 3477 5095 indi-

1943 5351 2125 5431 munia
2154 5360 2213 5430 et
2238 5350 2563 5431 episcopalia
2600 5358 2933 5431 praestantes,
2963 5349 3087 5399 dum
3111 5344 3342 5431 apostoli.
3374 5358 3483 5431 ma:

1938 5413 2354 5491 joramagisq'ue
2381 5413 2889 5491 propriaTexioﬂieio
2918 5422 3215 5491 tentarent;
3245 5413 3345 5480 ipsi
3365 5414 3481 5491 κατ’
3575 5458 3581 5465 .

1943 5482 2130 5560 ἒξοχὴν
2168 5482 2434 5560 corvphazi
2465 5482 2522 5543 ἐι
2552 5488 2845 5560 principes,
2869 5482 3481 5560 eminentiusqu’e-quid-

1942 5551 2472 5627 qui'd'episco'porum
2496 5551 2598 5621 est,
2646 5551 2884 5627 acvelut
2924 5554 3087 5623 prima
3130 5551 3230 5605 sub
3261 5551 3486 5611 Christi)

1946 5626 2294 5685 fundamenta
2318 5634 2476 5698 atque
2502 5628 2639 5683 ostia
2676 5626 2953 5687 habentes.
