3950 6320
604 325 674 386 δἹ
1793 327 2085 388 ΝΙΟΕΤίΕ
2123 332 2146 390 Ι

2247 334 2635 396 ’HLAGONIS
3414 315 3421 321 ’
3718 348 3778 409 88

601 439 718 493 visa
761 446 931 493 tentet
962 439 1237 507 dividere;
1285 456 1346 495 ac
1388 457 1507 510 qua:
1547 436 1833 534 natulra'ac
1878 447 2146 500 voluntate

2257 448 2390 517 μένα
2417 447 2732 521 πειράσαιτο
2768 452 3003 525 διιστᾷν;
3034 455 3153 519 Πῶς
3199 456 3254 510 δὲ
3282 456 3388 509 τῶν
3421 461 3776 528 προκειμένων

601 531 874 598 copulata,
910 530 1258 599 dispescere?
1287 531 1529 598 Quonam
1555 530 1686 588 vero
1735 536 1896 591 modo
1925 553 1990 591 ex
2022 554 2147 606 pro-

604 621 792 688 positis
822 623 974 676 alteri
1009 624 1235 677 seursim
1269 625 1482 678 contexi
1520 624 1757 680 laudatio
1804 627 2150 696 queat?quae

600 714 745 767 enim
774 714 898 782 quis
931 714 996 768 de
1021 715 1194 769 altero
1218 717 1414 770 dixerit
1442 716 1554 770 haec
1589 717 1771 770 forsan
1798 718 1961 772 etiam
1994 719 2148 772 alteri

602 806 948 860 conveniant.
991 807 1130 860 Num
1165 824 1316 873 vero,
1354 823 1477 861 eum
1519 809 1640 862 aliis
1671 809 1914 877 quidem,
1958 801 2037 864 uti
2070 811 2152 865 di-

600 907 746 952 ctum
797 907 898 961 est,
945 909 1170 964 coeant;
1209 900 1367 954 modo
1403 910 1580 954 tamen
1624 917 1733 970 quo
1777 901 1842 954 ad
1873 900 2150 956 Christum

599 991 957 1060 emigrarunt.
984 992 1198 1046 abunde
1226 992 1663 1064 distinguantur;
1694 994 2149 1064 illorumquidem

600 1089 830 1143 ratione,
848 1082 1150 1135 communis
1183 1083 1467 1137 amborum
1492 1083 1733 1138 laudatio
1758 1101 1772 1148 ;
1799 1085 1994 1139 horum
2021 1102 2150 1141 vero

596 1174 794 1229 merito
816 1175 1012 1243 cuique
1045 1167 1262 1244 propria
1287 1190 1347 1228 ac
1379 1173 1630 1230 distincta
1661 1177 1770 1230 sit?
1923 1236 1927 1242 ,

670 1265 880 1317 Etenim
919 1280 1040 1318 cum
1076 1265 1312 1334 primum
1339 1266 1583 1319 eamdem
1607 1268 1844 1322 humano
1873 1279 1990 1323 satu
2010 1272 2151 1325 nati-

595 1357 818 1412 vitalem
867 1372 929 1410 ac
970 1357 1352 1411 educationem
1389 1358 1530 1411 nacti
1583 1368 1798 1424 essent;
1849 1360 2150 1430 iisdemque

497 1449 499 1451 ’
595 1447 846 1501 moribus.
868 1455 924 1501 et
953 1446 1254 1515 disciplinis
1283 1446 1518 1500 instituti
1549 1446 1799 1510 fuissent,
1831 1463 1895 1501 ac
1914 1458 2152 1517 paternae

594 1539 899 1608 piscatoria
941 1540 1043 1594 arti
1093 1555 1310 1609 operam
1356 1539 1696 1608 posuissent;
1741 1555 1985 1608 magnam
2026 1541 2153 1595 vitae

596 1639 803 1700 partem
844 1632 897 1684 in
921 1632 1054 1684 mari
1083 1618 1304 1692 versati,
1348 1630 1442 1698 qui
1469 1630 1689 1682 hamum
1730 1629 2030 1694 mitterent,
2062 1645 2150 1683 sa-

595 1731 786 1790 genam
811 1720 1074 1784 laxarent,
1108 1735 1170 1773 ac
1197 1735 1385 1774 rursus
1415 1721 1552 1773 retia
1581 1720 1963 1786 emundarent,
1993 1736 2143 1774 eam-

2249 543 2377 609 ήμϊν
2399 541 2639 612 ἑκατέρῳ
2665 542 2754 595 τὸν
2782 540 2926 598 αἶνον
2957 546 3060 617 ἰδίᾳ
3091 547 3504 620 διαπλέκοιμεν;
3530 549 3566 602 ἂ.
3597 549 3698 620 γὰρ
3723 552 3778 605 ἂν

2247 646 2328 691 τις
2354 631 2493 685 εἴποι
2521 633 2757 701 περὶτοῦ
2779 634 2915 698 ἑνὸς,
2942 637 3110 690 ταῦτά
3133 655 3195 705 γε
3214 638 3372 708 τυχὸν
3403 641 3497 691 καί
3516 640 3594 710 τῷ
3623 642 3779 712 ἑτέρῳ

2249 719 2623 788 ἐφαρμόσειεν.
2676 722 2768 786 Ἦ,
2815 723 2883 776 τὰ
2933 725 3031 794 μὲν
3081 726 3232 793 ἄλλα,
3273 727 3519 799 καθάπερ
3565 731 3782 801 εἴρηται,

2248 812 2686 881 ταυτιςομένους,
2727 815 2802 886 τῷ
2849 818 3032 888 τρόπῳ
3078 819 3134 872 δὲ
3163 820 3260 890 τῆς
3286 821 3420 891 πρὸς
3446 821 3536 890 τὸν
3568 813 3784 893 Χριστὸν

2248 902 2698 974 διαφορουμένους
2749 907 3087 972 ἀναλύσεως·
3117 916 3511 983 κοινοποιητέον
3545 915 3643 984 μὲν
3676 917 3786 968 κατ’

2248 995 2430 1049 ἐκεῖνα
2450 1012 2462 1024 ·
2502 997 2799 1071 διαιρετέον
2824 1000 2882 1053 δὲ
2905 1001 2996 1054 τὸν
3019 1002 3173 1071 λόγον
3200 1004 3339 1057 κατὰ
3366 1005 3559 1061 ταῦτα.

2320 1259 2432 1314 Καὶ
2467 1262 2572 1332 γὰρ
2613 1262 2737 1342 τὴν,
2759 1265 2817 1329 ἐξ
2847 1265 3141 1336 ἀνθρώπιον
3169 1267 3662 1337 γέννησινοπρῶτον
3707 1275 3789 1324 καὶ

2248 1354 2553 1422 ἀνατροφὴν
2577 1353 2826 1421 λαχόντες
2853 1356 2950 1426 τὴν
2976 1355 3162 1427 αὐτὴν,
3201 1357 3295 1410 καὶ
3320 1359 3423 1415 ὑπὸ
3455 1363 3568 1424 τοῖς
3613 1362 3788 1425 αὐτοῖς

2248 1443 2402 1515 ήθεσι
2455 1445 2547 1496 καὶ
2584 1445 2866 1514 μαθήμασι
2904 1447 3421 1520 παιδοτριὸούμενοι,
3459 1453 3553 1503 καὶ
3589 1454 3655 1522 τῇ
3691 1470 3786 1504 πα-

2249 1537 2408 1602 τρικῇ
2439 1533 2599 1604 τέχνῃ
2638 1535 2735 1605 τῆς
2784 1537 2965 1600 άλείας
3012 1540 3558 1609 προσασχολούμενοι,
3607 1544 3702 1596 καὶ⁴
3731 1545 3790 1596 τά

2251 1627 2420 1679 πολλὰ
2480 1631 2544 1697 τῇ
2605 1628 2842 1708 θαλάσσῃ
2902 1614 3290 1701 προσέχοντες,
3356 1632 3451 1685 καὶ
3507 1633 3790 1704 ἄγκιστρον

2252 1718 2550 1782 καθιέντες,
2584 1721 2677 1772 καὶ⁸
2706 1719 2914 1773 δίκτυον
2944 1720 3232 1789 χαλῶντες,
3259 1723 3354 1775 καὶ
3396 1720 3550 1787 αὖθις
3594 1725 3792 1778 ἀνακα-

594 1811 718 1865 dem
753 1821 938 1880 postea
962 1809 1285 1864 divinissimi
1317 1809 1446 1863 Jesu
1470 1810 1806 1863 vocationem
1842 1810 2142 1874 consecuti;

2248 1807 2556 1876 θαίροντες·
2593 1808 2728 1876 μετὰ
2775 1808 2946 1863 ταῦτα
2967 1788 3030 1863 δὲ
3072 1811 3176 1880 τῆς
3212 1811 3382 1881 αὐτῆς
3415 1814 3615 1882 ὁμοίως
3666 1815 3787 1884 πρὸς

591 1918 658 1958 ac
684 1912 938 1972 tanquam
965 1903 1156 1956 eodem
1199 1901 1381 1954 animo
1411 1901 1724 1969 duplicique
1763 1915 1991 1969 corpore
2025 1910 2146 1954 ute-

594 2004 805 2059 rentur,
838 1994 1029 2048 eodem
1060 1993 1221 2048 ambo
1263 1977 1461 2047 divinae
1493 1991 1734 2045 scientia
1757 2006 1786 2045 e
1813 1990 1952 2045 coelo
1981 2005 2145 2045 curu-

593 2097 804 2151 scante,
843 2086 1026 2140 cuncti
1055 2085 1146 2155 qui
1194 2084 1418 2138 attentis
1464 2081 1660 2136 animis
1703 2082 1832 2145 sint,
1882 2098 1992 2134 uno
2028 2081 2147 2151 ejus

593 2177 802 2247 fulgore
855 2185 1017 2245 atque
1067 2177 1266 2230 micatu
1308 2174 1513 2244 pariter
1549 2173 1880 2227 irradiantur
1911 2189 1923 2225 :
1955 2173 2049 2244 Isic
2093 2181 2149 2226 et

595 2272 672 2327 illi
703 2272 982 2325 Dominica
1008 2270 1291 2325 vocatione
1310 2268 1516 2333 donati,
1538 2283 1658 2336 quze
1679 2266 1832 2336 sequi
1863 2266 1983 2320 illos
2007 2281 2145 2334 prte-

593 2361 824 2430 eiperet,
840 2371 998 2428 atque
1021 2359 1302 2413 hominum
1321 2359 1621 2427 piscatores
1638 2356 1904 2410 facturum
1923 2356 2145 2424 pollice-

594 2462 766 2519 retur,
811 2452 944 2506 nihil
985 2452 1137 2506 verbi
1192 2451 1431 2504 novitate
1484 2447 1779 2503 diiIidentia
1826 2447 1933 2502 acti
1973 2457 2142 2502 sunt:

593 2542 743 2596 nulla
787 2542 1125 2596 vocationem
1158 2540 1435 2594 dubietate
1477 2539 1832 2606 repulerunt;
1864 2550 1966 2590 nec
2007 2537 2149 2591 sicut

596 2633 826 2689 Paulum
873 2634 1233 2687 Atheuienses
1281 2632 1335 2684 in
1383 2630 1679 2684 crastinum
1720 2628 2054 2682 distulerunt
2086 2629 2142 2679 ³;

597 2723 695 2778 sed
713 2723 874 2778 simul
905 2732 1065 2791 atque
1088 2737 1336 2776 sermone
1361 2721 1612 2774 illabente
1644 2720 1944 2775 collustrati
1963 2719 2147 2772 animo

597 2823 747 2876 sunt,
767 2830 848 2869 .ac
889 2815 1038 2869 velut
1087 2813 1339 2868 incendio
1371 2813 1644 2882 paratiore
1674 2811 1920 2876 materia,
1947 2809 2148 2877 mentis

595 2906 924 2960 rectitudine
954 2905 1230 2960 ccelestem
1261 2904 1438 2974 ignem
1479 2913 1856 2979 susceperunt,
1887 2891 1971 2957 sui
2004 2902 2147 2971 ipso-

556 3005 568 3019 ‘
597 3010 721 3050 rum
751 2995 1036 3049 confestim
1067 2995 1222 3049 obliti
1245 3003 1392 3058 sunt,
1421 3009 1485 3047 ac
1524 3003 1676 3062 patre
1715 3008 1840 3047 eum
1887 2993 2010 3046 navi
2052 3008 2140 3048 re-

2245 1898 2339 1949 τοῦ
2372 1898 2804 1968 θεαρχικωτάτου
2837 1901 3075 1969 κλήσεως
3103 1903 3443 1967 ἀξιωθέντεςο
3468 1902 3658 1974 ὥσπερ
3695 1907 3786 1976 μιᾷ

2251 1987 2350 2056 μὲν
2368 1987 2533 2057 ψυχῇ,
2557 1987 2675 2040 δυσὶ
2701 1989 2759 2040 δὲ
2785 1989 2996 2067 σώμασι
3026 1991 3312 2062 χρώμενοι,
3345 1994 3470 2063 μίαν
3501 1996 3792 2066 ἀμφότεροι

2245 2080 2344 2146 τὴν
2369 2082 2467 2147 τῇς
2517 2078 2840 2146 θεογνωσίας
2893 2083 3372 2153 περιελάμφθησαν
3419 2085 3632 2140 ἀκτῖνα.
3687 2088 3791 2140 Καὶ

2246 2168 2491 2238 καθάπερ
2527 2170 2806 2239 ἀστραπῆς
2850 2170 3059 2224 ἄνωθεν
3090 2171 3483 2245 διαλαμψάσης,
3534 2177 3666 2245 μίαν
3699 2177 3791 2247 τὴν

2245 2262 2337 2312 ἀπ’
2371 2261 2539 2329 αὐτῆς
2567 2259 2739 2330 αὐγὴν
2768 2263 2966 2324 πάντες
2997 2264 3194 2332 ὁμοίως
3231 2267 3279 2316 οἱ
3319 2267 3670 2336 προσέχοντες
3716 2271 3792 2322 ἐν-

2247 2350 2741 2420 απαστράπτονται,
2761 2351 2902 2402 οῦτω
2937 2351 3000 2421 δὴ
3031 2352 3126 2404 καὶ
3159 2346 3299 2406 οὗτοι
3337 2355 3434 2424 τῆς
3469 2357 3792 2426 Δεσποτικῆς

2246 2441 2484 2512 κλήσεως
2506 2442 2811 2510 ἠξιωμένοι,
2845 2443 3068 2496 ἕπεσθαι
3092 2445 3189 2512 μὲν
3216 2445 3362 2513 αὑτῷ
3381 2448 3792 2518 παρεγγυὼσηςο
3829 2487 3833 2494 .

2246 2532 2544 2602 ἀνθρώπων
2574 2533 2629 2586 δὲ
2661 2532 2831 2594 ἁλιεῖς
2891 2533 3062 2588 nam
3092 2537 3543 2607 ὑπισχνουμένης,
3577 2541 3681 2593 οὐκ
3712 2543 3791 2594 ὲν·-

2255 2623 2501 2676 εδοίασαν
2527 2624 2604 2693 τῷ
2644 2623 2895 2690 ξενίζοντι
2934 2625 3027 2678 τοῦ
3059 2628 3318 2696 ῥήματος,
3348 2631 3446 2682 οὐκ
3471 2631 3678 2702 ἀπορίᾳ
3701 2632 3794 2702 τὴν

2231 2714 2428 2786 ,κλῆσιν
2462 2715 2861 2786 διεκρούσαντο,
2882 2717 2991 2769 οὐδ’
3023 2718 3208 2790 ὥσπερ
3246 2719 3512 2790 Ἀθηναῖοι
3540 2722 3632 2774 τὸν
3653 2705 3793 2775 nat.

2245 2807 2334 2860 λον
2361 2809 2440 2871 εἰς
2488 2810 2585 2877 τὴν
2632 2808 2754 2878 ἑξῆς
2802 2798 3215 2880 ὑπερετίθεντο·
3250 2812 3384 2879 ὁμοῦ
3436 2813 3491 2866 δὲ
3529 2814 3607 2884 τῷ
3659 2813 3795 2884 λόγῳ

2246 2898 2774 2968 περιαστραφθέντες
2805 2899 2894 2952 τὸν
2924 2900 3067 2962 νοῦν,
3097 2901 3412 2983 καίίῶσπερι
3439 2903 3565 2974 ὕλης
3598 2907 3792 2974 ἐπιτη-

2244 2988 2495 3059 δειότητι,
2524 2991 2590 3060 τῇ
2617 2991 2711 3058 τῆς
2733 2989 2966 3053 διανοίας
2997 2989 3248 3064 εὐθύτητι
3281 2992 3341 3045 τὸ
3395 2994 3644 3063 οὐράνιον
3699 3002 3792 3048 κα-

595 3086 760 3151 licto,
816 3095 1103 3155 spretaque
1149 3086 1575 3154 propinquorum
1628 3083 2030 3137 necessitudine
2081 3097 2144 3136 ac

2248 3077 2590 3150 ταδεξάμενοι
2642 3082 2783 3150 πῦρ,
2844 3082 3162 3135 ἐπελάθοντο
3195 3085 3290 3153 μὲν
3339 3084 3500 3148 εὐθὺς
3550 3087 3792 3139 έαυτων·

597 3187 854 3232 consueta
896 3178 1236 3230 institutione
1272 3176 1603 3246 posthabita,
1649 3175 2145 3244 cunctisquedeli-

598 3270 699 3325 ciis
723 3285 785 3324 ac
818 3271 999 3324 carnis
1027 3269 1400 3338 voluptatibus
1431 3269 1775 3338 contemptis,
1802 3269 1896 3322 uni
1930 3283 1986 3323 se
2019 3268 2147 3323 Jesu

597 3358 768 3416 amori
798 3359 1141 3413 addixerunt.

2249 3171 2568 3224 ἐπελάθοπο
2595 3170 2651 3224 δὲ
2683 3173 3007 3242 οἰκειότητος
3039 3176 3266 3241 φυσικῆς
3288 3194 3300 3206 ’
3333 3178 3424 3228 καὶ
3454 3177 3544 3229 τὸν
3583 3177 3795 3248 πατέρα

2258 3261 2394 3331 μετὰ
2419 3259 2724 3313 τοῦνπλοίου
2754 3263 3158 3330 καταλιπόντες,
3180 3266 3270 3317 καὶ
3298 3268 3611 3333 συγγενείας
3633 3269 3798 3338 ὑπερ-

2255 3354 2489 3416 ιδόντες,
2537 3353 2633 3406 καλ⁵
2668 3353 2768 3422 τῆς
2836 3355 3090 3424 συνήθους
3148 3357 3419 3425 διαγωγῆς
3484 3359 3793 3423 ἐκστάντες,

597 3453 691 3504 καὶ
744 3453 921 3522 πάσης
964 3452 1206 3521 τέρψεως
1261 3426 1353 3525 καὶ
1423 3453 1599 3521 πάσης
1659 3452 1915 3521 σαρκίνης
1968 3448 2447 3518 παραμελήσαντες
2491 3446 2716 3518 ἡδονῆς,
2764 3447 2923 3518 μόνου
2979 3448 3271 3517 γεγένηντο
3322 3447 3416 3502 τοῦ
3451 3449 3652 3519 ἔρωτος
3703 3449 3795 3504 τοῦ

610 3544 799 3614 Ἰησοῦ.

665 3633 1034 3689 Terrenorum
1085 3649 1300 3687 omnem
1341 3632 1757 3703 jucunditatem,
1795 3649 1901 3689 una
1927 3634 2028 3689 hac
2056 3650 2147 3689 su-

595 3725 750 3780 blimi
813 3726 1108 3794 cupiditate
1160 3733 1565 3779 commutarunt
1610 3741 1833 3794 :neque
1886 3727 2148 3780 duntaxat

597 3816 902 3870 naturalem
945 3816 1190 3884 corporis
1241 3815 1525 3870 libidinem
1573 3817 1737 3869 animi
1775 3817 2146 3886 magnitudine

599 3905 954 3975 supergressi,
989 3905 1144 3974 Legis
1177 3896 1354 3959 tamen
1382 3906 1574 3960 litterae
1613 3922 1673 3960 ac
1699 3906 1946 3961 Mosaicis
1974 3908 2143 3961 tradi-

600 3996 842 4050 tionibus
863 3997 1008 4065 justo
1038 3996 1266 4065 amplius
1295 3996 1520 4058 addicti,
1567 3997 1845 4066 segniores
1875 3997 1941 4051 ad
1972 3996 2145 4066 Spiri-

601 4095 714 4141 tum
736 4089 1064 4143 accedebant
1087 4105 1100 4153 ;
1138 4104 1312 4156 neque
1341 4085 1552 4141 ierv0re
1580 4088 1798 4156 quidem
1824 4103 1888 4142 ac
1923 4087 2026 4141 [ide
2054 4102 2145 4140 ac-

602 4179 878 4241 cedentes,
925 4193 1123 4232 novum
1169 4189 1349 4232 tamen
1383 4177 1744 4246 legislatorem
1780 4179 2139 4246 spernebant;

601 4283 695 4326 aut
725 4272 776 4326 ei
805 4271 1024 4341 quidem
1048 4272 1313 4325 honorem“
1345 4271 1637 4336 habebant,
1663 4280 1719 4324 at
1746 4272 1958 4340 qualem
1986 4271 2139 4334 Mosi,

600 4377 696 4418 seu
763 4362 974 4416 cuidam
1012 4362 1102 4415 alii
1137 4361 1559 4430 prophetarum:
1596 4361 1840 4431 quinimo
1897 4362 2138 4416 omnium

2321 3638 2465 3698 Μιᾶς
2499 3635 2700 3704 ταύτης
2722 3635 2880 3700 ἁγίας
2907 3636 2999 3686 καὶ
3023 3633 3233 3704 ὑψηλῆς
3271 3622 3582 3705 ἐπιθυμίας,
3620 3638 3798 3688 πᾶσαν

2247 3726 2538 3797 ἠλλάξαντο
2564 3727 2661 3795 τὴν
2689 3727 2984 3779 ἀπόλαυσιν
3022 3726 3128 3779 τῶν
3165 3727 3381 3797 γεηρῶν
3407 3743 3421 3757 ·
3478 3728 3573 3781 καὶ
3600 3728 3664 3780 οὐ
3701 3728 3798 3795 τῆς

2242 3819 2384 3872 κατὰ
2415 3817 2473 3870 τὸ
2511 3819 2668 3888 σῶμα
2715 3819 2947 3885 φυσικῆς
2978 3818 3213 3888 σχέσεως
3266 3819 3424 3888 μόνον
3461 3819 3799 3889 μεγαλοφυΐᾳ

2246 3909 2587 3977 φρονήματος
2640 3908 3051 3978 ὑπερανέὸησαν
3077 3948 3092 3969 ,
3156 3908 3233 3978 τῷ
3268 3909 3553 3979 γράμματι
3590 3910 3648 3962 δὲ
3703 3909 3795 3962 τοῦ

2248 3999 2412 4066 νόμου
2438 3999 2530 4050 καὶ
2557 3999 2675 4060 ταῖς
2711 4001 3025 4061 Μωσαῖκαῖς
3068 3987 3393 4068 παραδόσεσι
3422 3999 3580 4052 πλέον
3617 4000 3650 4068 ἢ
3693 4000 3798 4052 ἔδει

2250 4090 2624 4161 κρατούμενοι,
2666 4091 2800 4160 προς
2832 4091 2892 4142 τὸ
2921 4090 3134 4158 πνεῦμα
3165 4088 3490 4161 νωθέστερον
3516 4090 3757 4160 ἐχώρουν
3782 4108 3796 4122 ο

2247 4181 2368 4233 οὐδὲ
2408 4183 2666 4244 συντόνως
2702 4180 2798 4250 μὲν
2837 4182 2928 4233 καὶ
2965 4179 3167 4241 πιστῶς
3196 4181 3484 4249 προσίεσαν
3513 4181 3590 4250 τῷ
3633 4180 3800 4233 πνεύ-

2251 4288 2397 4339 ματι,
2447 4271 2544 4323 τοῦ
2598 4269 2784 4324 καινοῦ
2827 4271 2884 4323 δὲ
2936 4272 3338 4343 ὑπερεφρόνουν
3389 4271 3676 4340 νομοθέτου
3706 4290 3720 4304 ·
3763 4273 3797 4343 ἢ

2247 4363 2445 4430 ἐτίμων
2465 4364 2581 4432 μὲν,
2619 4362 2707 4414 ἴσα
2745 4360 2800 4413 δὲ
2831 4362 3093 4424 Μωσέως,
3126 4363 3159 4431 ή
3189 4379 3331 4425 τινος
3355 4364 3511 4416 ἄλλου
3542 4364 3648 4418 τῶν
3674 4381 3801 4437 προ-

602 4455 859 4508 οεεεοιιιο
895 4463 1202 4508 sanctorum
1259 4453 1424 4507 Deum
1475 4467 1538 4506 ac
1592 4454 1897 4517 Dominum,
1944 4453 2140 4522 Deique

2247 4453 2461 4522 φητῶν·
2499 4439 2713 4505 πάντων
2741 4453 2796 4505 δὲ
2825 4453 2932 4505 τῶν
2968 4453 3024 4518 ἐξ
3069 4454 3264 4515 αίῶνος
3306 4455 3485 4521 ,ἁγίων
3517 4454 3648 4508 Θεὸν
3703 4458 3799 4509 καὶ

602 4543 834 4597 viventis
849 4543 1040 4596 Filium
1061 4543 1101 4606 ⁸,
1122 4557 1182 4596 ac
1209 4542 1526 4612 prophetam
1549 4543 1677 4596 olim
1695 4541 1986 4612 Scripturis
2011 4558 2150 4610 pra:-

602 4633 910 4686 nuntiatum
941 4631 1326 4702 Christumque
1352 4644 1642 4687 venturum
1683 4633 1868 4687 Jesum
1915 4634 2143 4688 creden-

602 4734 703 4787 tes,
726 4724 803 4778 sic
829 4723 1022 4782 ardore
1036 4723 1176 4780 fﬂdei
1198 4726 1370 4792 ipsum
1392 4726 1762 4792 sequebantur
1781 4726 1855 4789 "‘;
1874 4741 1984 4778 non
2012 4725 2144 4779 sub-

598 4817 737 4886 jecta
755 4818 925 4880 oculis
952 4818 1136 4892 Specie
1167 4816 1526 4877 oil‘cndentes,
1575 4816 1668 4870 sed
1698 4817 1791 4885 qui
1824 4816 1888 4870 ad
1935 4833 1997 4871 ea
2023 4833 2144 4886 quae

603 4917 783 4963 mente
834 4910 1280 4978 intelligebantur
1321 4905 1544 4973 spiritus
1590 4907 1798 4962 ratione
1843 4907 2145 4977 dirigeren-

587 5009 709 5056 tur.
739 5002 862 5056 Non
915 5002 1062 5056 enim
1113 4999 1252 5066 lapis
1273 4997 1351 5050 eis
1389 4998 1727 5059 oil‘ensionis,
1759 5000 1909 5053 velut
1938 5001 2022 5054 his
2052 5003 2147 5071 qui

600 5096 787 5162 essent
805 5109 964 5161 prava
984 5104 1181 5146 mente.
1201 5101 1302 5140 nec
1319 5097 1467 5156 petra
1490 5089 1727 5143 scaudali
1749 5091 1956 5159 positus
1970 5102 2086 5147 erat
2103 5093 2147 5155 ⁸,

602 5184 701 5237 sed
730 5185 866 5253 lapis
891 5182 1111 5242 electus,
1139 5177 1433 5245 angularis,
1452 5180 1720 5248 pretiosus
1742 5181 1796 5233 in
1829 5168 2148 5238 fundam/eu-

486 5331 493 5338 ,
530 5263 558 5291 "
608 5277 677 5329 tis
706 5275 886 5330 Sionis
919 5271 1209 5325 collocatus
1234 5270 1305 5322 5".

680 5452 833 5503 llunc
883 5445 1117 5502 Jacobus
1145 5457 1306 5516 atque
1342 5449 1576 5505 Joannes
1625 5452 1859 5521 lapidem
1908 5469 2063 5508 suam
2091 5456 2146 5508 in

608 5544 801 5614 spiritu
834 5536 1152 5593 eﬂ‘odientes
1196 5549 1428 5596 mentem
1459 5559 1522 5597 ac
1561 5559 1656 5599 cor
1689 5544 1796 5599 alte
1842 5546 2148 5602 scindentes

2252 4546 2451 4616 Κύριον
2503 4549 2595 4599 καὶ
2633 4547 2759 4599 Υἱὺν
2797 4547 2929 4601 Θεοῦ
2957 4547 3174 4611 ζῶντος,
3215 4551 3306 4601 καὶ
3342 4551 3432 4609 τὸν
3487 4568 3800 4621 προκατηγ-

2250 4638 2507 4708 γελμένον
2546 4641 2830 4710 προφήτην
2866 4644 2981 4701 ταῖς
3017 4639 3277 4709 Γραφαῖς,
3317 4643 3410 4696 καὶ
3447 4643 3678 4712 Χριστὸν
3717 4639 3797 4694 εί-

2248 4745 2335 4781 ναι
2362 4728 2450 4782 τὸν
2478 4731 2767 4801 ἐρχόμενον
2805 4730 3222 4792 πεπιστευκότες
3254 4732 3343 4783 τὸν
3379 4732 3600 4803 Ἰησοῦν,
3625 4731 3800 4796 οὕτως

2245 4819 2393 4890 αύτῷ
2419 4819 2708 4892 θερμότητι
2750 4825 2980 4886 πίστεως
3009 4824 3432 4895 ἐπηκολούθουν,
3469 4825 3530 4876 οὐ
3561 4825 3638 4894 τῷ
3666 4825 3799 4893 ὁρω-

2244 4911 2387 4981 μένῳ
2415 4914 2863 4981 προσκόπτοντες,
2900 4913 3031 4967 άλλὰ
3063 4916 3138 4985 τῷ
3174 4915 3445 4985 νοουμένῳ
3478 4913 3798 4967 κατευθυνό-

2244 5020 2391 5075 μενοι
2425 5005 2516 5057 τοῦ
2552 5005 2873 5072 Πνεύματος.
2905 5008 2977 5057 Οὐ
3008 5007 3114 5078 γὰρ
3142 5008 3284 5070 λίθος
3308 5006 3489 5069 αὐτοῖς
3516 5006 3797 5075 προσκόμ-

2245 5113 2429 5165 ματος,
2466 5097 2648 5162 ὥσπερ
2677 5099 2784 5158 τοῖς
2814 5097 2902 5147 τὸν
2931 5099 3053 5149 νοῦν
3085 5091 3464 5160 σκο).ιοῖς,οὐδὲ
3508 5098 3680 5167 πέτρα
3709 5099 3796 5148 τέ-

2245 5188 2415 5239 θειται
2476 5185 2791 5249 σκανδάλου,
2833 5187 2966 5239 ἀλλὰ
3021 5190 3163 5252 λίθος
3214 5190 3486 5252 ἐκλεκτὸς,
3551 5190 3797 5259 ἀκρογω-

2253 5281 2456 5338 νιαῖος,
2525 5275 2770 5345 ἔντιμος,
2843 5281 2953 5339 τοῖς
3020 5279 3286 5349 θεμελίοις
3350 5279 3790 5349 ὑποϐεϐλημένος

2253 5366 2406 5420 Σιών.

2320 5452 2514 5506 Τοῦτον
2551 5455 2640 5507 τὸν
2668 5456 2808 5509 λίθον
2853 5455 3099 5521 Ἰάκωόος
3129 5461 3221 5512 καὶ
3266 5462 3533 5528 Ἰωάννης,
3563 5459 3660 5530 τὴν
3683 5459 3789 5510 τῶν

2251 5547 2308 5597 ἐν
2334 5546 2406 5616 τῷ
2437 5549 2701 5616 πνεύματι
2735 5548 3032 5617 σκάψαντες
3060 5551 3296 5604 διάνοιαν
3315 5552 3413 5603 καῖ
3429 5549 3525 5620 τὴν
3563 5549 3791 5622 καρδίαν

682 5721 699 5748 ³
736 5720 849 5772 Act.
896 5737 1019 5786 xvii,
1047 5722 1130 5775 2'2.
1209 5721 1226 5751 ⁸
1265 5721 1452 5779 Matth.
1478 5740 1584 5786 xvr.
1623 5725 1704 5780 16.
1775 5725 1828 5759 ⁸³⁸
1863 5728 2016 5782 Deut.
2047 5724 2289 5790 nuntii.
2367 5727 2384 5756 ³
2422 5725 2434 5778 l
2477 5727 2616 5785 Petr.
2645 5741 2701 5790 tt,
2726 5725 2774 5778 8.
2854 5728 2903 5760 δ’
2932 5730 3029 5785 Isa.
3062 5747 3244 5795 xxvut,
3283 5731 3364 5785 i6.
