3950 6320
193 385 253 446 39
933 371 1212 432 ORATIO
1244 371 1311 431 v.
1341 391 1410 406 —
1440 368 1521 428 IN
1561 365 1871 428 LAUDEM
1907 363 1966 426 s.
2000 363 2258 426 JACOBI
2292 365 2649 426 ZEBEDEI.
3318 356 3386 418 90
3446 321 3451 325 ’

195 493 524 566 βαθύναντες,
559 489 653 542 καὶ
679 486 766 539 τὸν
796 483 920 538 νοῦν
950 481 1406 553 μεταλλεύσαντες
1435 481 1528 533 καὶ
1561 479 1723 547 εὑρη·
1755 481 1783 537 Α

1887 477 2198 553 limumque,
2226 478 2500 533 curiosius
2535 477 2938 547 investigantes,
2972 488 3097 527 cum
3129 471 3385 526 offendis-

195 543 277 566 r'"
294 543 307 546 -
329 543 335 545 -
355 543 398 544 θη
483 543 497 554 -
511 543 523 552 -
950 543 962 553 .

194 586 349 646 κότες,
381 584 474 634 καὶ
503 583 561 632 ὲν
588 575 731 646 αύτῷ
755 574 853 643 τῆς
892 570 1068 624 αὐτῶν
1123 571 1355 630 πίστεως
1395 570 1462 620 τὰ
1499 543 1726 634 Θεμὲλια

1889 579 1968 635 nt,
1998 581 2162 640 atque
2193 571 2247 625 in
2274 586 2341 625 eo
2380 586 2491 625 suae
2542 569 2665 622 ﬁdei
2709 567 3059 622 fundamenta
3104 565 3384 628 fixissent,

193 673 638 743 ηταπηξάμενοι,
687 664 933 737 κραταιοί
988 679 1129 725 τινες
1166 663 1260 714 καὶ
1303 660 1566 713 ἀνένδοτοι
1594 656 1730 726 πρός

1887 664 1970 716 ἰηἰ
1998 679 2060 718 ac
2089 670 2402 718 constantes
2457 662 2718 714 adversus
2763 657 3040 726 spiritales
3090 655 3292 725 pariter
3331 661 3387 708 et

191 786 246 821 τι
294 766 414 828 τοὺς
448 762 766 831 νοουμένους
803 757 999 827 ὁμοίως
1029 756 1122 808 καὶ
1158 755 1280 816 τοὺς
1301 752 1605 822 ὁρωμένους
1636 765 1730 817 γει

1887 771 1950 809 ιίε
2011 754 2185 809 oculis
2235 754 2595 824 subjiciantur
2629 791 2643 815 ,
2706 749 3035 804 tentationes
3092 745 3387 811 exstitere;

193 860 406 928 γένηντο
456 850 815 925 πειρασμούς·
855 849 974 902 ὅθεν
1022 847 1119 914 τῆς
1165 844 1467 914 κορυφαίας
1501 842 1617 910 ἆμα
1655 839 1732 910 τῷ

1887 847 1978 900 ide
2009 847 2185 916 primo
2207 852 2368 914 atque
2419 843 2666 912 principe
2710 855 3072 909 supremoque
3119 852 3226 892 una
3268 850 3390 891 cum

195 925 400 1024 μεγάλῳ
418 949 604 1015 Πέτρῳ
629 944 723 997 καὶ
760 940 1064 1011 ἀκροτάτης
1095 936 1221 1007 παρ’
1246 935 1391 1003 αὐτῷ
1415 929 1737 1012 ,καταξιοῦνά

1891 951 2028 1006 agno
2071 936 2230 988 Petro
2254 932 2395 1002 apud
2437 947 2562 986 eum
2610 931 2818 984 honore
2862 928 3171 987 donantur;
3218 925 3396 992 iisque

195 1014 278 1097 ται
295 1014 479 1111 τιμῆς,
508 1014 605 1092 καὶ
631 1037 728 1106 τὴν
767 1033 874 1089 ἀπὸ
916 1031 1008 1084 τοῦ
1045 1026 1332 1098 Θεαρχικοῦ
1365 1026 1611 1095 σώματος
1643 1022 1735 1074 ἐπὶ

1887 1043 1929 1080 :u
1963 1023 2292 1078 fidelissimis
2311 1019 2661 1090 eii'nlgentem
2694 1017 2864 1072 divini
2886 1016 3135 1083 corporis
3164 1014 3394 1082 formam

202 1079 273 1097 ιιι
306 1079 479 1111 ..μην
513 1079 605 1092 η...
643 1079 724 1106 ..μ
768 1079 872 1089 -.η
928 1079 1005 1084 η-
1149 1079 1214 1098 η,
1448 1079 1458 1095 ι
1594 1079 1607 1086 ,

193 1137 275 1190 τοῦ
313 1134 468 1204 ὅρους
495 1128 866 1200 ἀστράψασαν,
898 1123 972 1186 ὡς
991 1119 1328 1180 πιστοτάτοις
1353 1112 1736 1187 παραδεικνύει

1887 1138 1893 1170 ι
1925 1124 2108 1168 monte
2135 1110 2391 1172 ostendit.
2420 1079 2500 1164 Aud
2530 1124 2627 1162 eos
2656 1119 2874 1176 quoque
2900 1079 3153 1170 tanquam
3186 1079 3396 1154 summe

198 1197 423 1295 μορφην.
461 1197 681 1279 Τούτοις
711 1217 804 1270 καὶ
832 1213 929 1284 τὴν
950 1213 1092 1266 κατά
1128 1211 1186 1264 τὸ
1215 1208 1382 1270 πάθος
1407 1210 1502 1276 τῆς
1534 1203 1627 1257 ἀνθ
1640 1220 1743 1274 ρω-

1887 1207 2197 1271 ecessarios,
2227 1206 2478 1268 humanae
2505 1203 2558 1256 in
2595 1201 2714 1270 ipso
2754 1207 2961 1253 natum
2993 1197 3212 1249 anxium
3259 1210 3399 1247 mor-

393 1313 450 1363 ὲν
487 1307 635 1376 αύτῷ
675 1305 886 1374 φύσεως
908 1302 1144 1372 ἀγωνίαν
1183 1300 1275 1352 καὶ
1310 1297 1626 1365 ἀδημονίαν,
1666 1293 1740 1354 ὡς

1887 1316 1911 1352 s
1940 1301 2189 1352 timorem
2228 1311 2292 1349 ac
2324 1293 2658 1354 maestitiam,
2684 1291 2786 1345 sub
2829 1289 3006 1358 ipsum
3043 1295 3258 1354 tempus
3282 1299 3400 1353 pas-

195 1375 534 1463 οίκειοτὰτοις
573 1375 922 1465 ἀνατίθησιν·
971 1395 1063 1447 καὶ⁹
1099 1390 1234 1461 μετὰ
1287 1389 1347 1441 τὸ
1409 1387 1620 1439 δεῖπνον
1657 1383 1746 1434 εύ-

1891 1388 2012 1443 onis
2067 1386 2264 1450 refert;
2321 1399 2551 1462 moxque
2605 1398 2634 1435 a
2692 1395 2868 1441 ccena,
2922 1377 3186 1432 orationis
3223 1375 3402 1429 socios

194 1498 303 1559 0b;,
343 1495 713 1562 συλλήπτορας
750 1488 946 1550 αὐτοὺς
998 1484 1323 1553 παρειλήφει
1369 1477 1468 1547 τῆς
1509 1493 1745 1547 προσευ-

1887 1477 2094 1532 [ίιιὶὺυίι
2134 1493 2150 1541 ;
2191 1457 2516 1544 quanquam.
2549 1471 2718 1524 nimia
2766 1469 2997 1523 tristitia:
3045 1467 3138 1522 vis
3182 1464 3403 1522 exulce-

196 1589 323 1669 χῆςος
364 1587 415 1637 εἰ
442 1584 535 1636 καὶ
568 1584 628 1634 τὸ
661 1580 790 1633 πολὺ
820 1579 920 1646 τῆς
947 1576 1122 1644 λύπης
1142 1573 1423 1633 ἀπέκνα-ιε,
1466 1545 1567 1621 καὶὴ
1591 1567 1744 1634 ῦπνῳ

1887 1568 2021 1630 i—bat,
2056 1582 2121 1622 ac
2148 1574 2451 1636 torpentem
2487 1579 2677 1619 eorum
2721 1563 2964 1616 animum
2987 1572 3181 1616 somno
3207 1545 3403 1626 degra-

196 1679 402 1742 τούτοις
425 1676 734 1745 κατενάρκα
764 1675 853 1726 τὸν
882 1668 1160 1738 λογισμόν.
1848 1657 2026 1718 vabat.

262 1773 371 1825 Καὶ
391 1768 529 1823 κατά
567 1769 746 1820 πᾶσαν
777 1764 832 1816 δὲ
869 1762 976 1815 τῶν
993 1759 1085 1813 δύο
1112 1757 1314 1811 τούτων
1334 1752 1428 1806 τοῦ
1465 1749 1598 1804 Θεοῦ
1627 1748 1750 1801 παί-

1917 1748 2189 1815 Quantum
2223 1745 2460 1814 denique
2503 1744 2569 1798 ad
2614 1756 2830 1811 omnem
2873 1740 3157 1794 amborum
3209 1736 3408 1790 horum

199 1866 296 1920 ὕων
327 1862 428 1934 τὴν
470 1859 608 1932 μετά
638 1858 731 1912 τοῦ
781 1853 983 1926 Κυρίου
1015 1853 1114 1922 τὴν
1148 1844 1614 1916 συναναστροφὴν,
1657 1841 1750 1894 καὶ

1887 1841 1948 1895 lei
1973 1853 2265 1909 puerorum
2291 1853 2415 1891 cum
2455 1835 2684 1893 Domino
2715 1829 3208 1889 conversationem,
3243 1835 3409 1895 atque

201 1954 289 2008 τοῦ
328 1915 492 2023 ζηλοῦ
517 1951 614 2021 τὴν
642 1915 972 2019 θερμότητα,
1000 1915 1096 2000 καλ
1117 1940 1219 2010 τῆς
1252 1915 1487 1998 πίστεως
1530 1937 1627 2004 τὴν
1665 1931 1752 1984 δο-

1887 1929 2212 1985 :mulationis
2236 1920 2534 1988 fervorem,
2563 1924 2954 1993 probatamque
2980 1919 3140 1974 fidem
3175 1933 3238 1972 ac
3269 1915 3408 1968 dile-

206 2005 492 2114 κιμότητα,
524 2005 616 2094 καὶ
796 2005 1012 2105 ἀγάπης
1054 2032 1152 2103 τὴν
1176 2005 1538 2094 τελειότητα)
1569 2022 1753 2094 ναὶδὴ

1891 2021 2051 2075 tionis
2092 2016 2524 2090 perfectionem;
2571 2013 2666 2069 sed
2695 2021 2750 2066 et
2783 2020 3044 2081 quantum
3076 2008 3142 2062 ad
3178 2005 3412 2075 Spiritus

203 2099 294 2189 xit
327 2099 601 2203 xaiti's’qv
635 2099 1077 2195 τοῦΠνειύματος
1109 2099 1313 2176 ἀνωθεν
1337 2117 1634 2198 ⁴ὲπέλευσιν
1661 2113 1755 2166 καὶ

1917 2114 2056 2170 οωιο
2101 2113 2370 2180 illapsum,
2415 2107 2832 2176 linguarumque
2874 2099 3307 2170 dispertitionem
3351 2109 3414 2147 ac

202 2228 288 2280 τὸν
325 2226 438 2278 τῶν
472 2195 731 2292 γλωσσῶν
763 2217 1026 2289 μερισμὸν
1073 2213 1181 2268 καὶ·
1209 2213 1307 2282 τὴν
1337 2195 1602 2279 ’διανομὴν
1648 2203 1758 2257 τῶν

205 2319 442 2389 δωρεῶν,
478 2316 627 2370 οὐδὲν
653 2313 837 2383 ἕτερον
866 2309 1001 2380 ἡγοῦ
1012 2325 1108 2377 μαι
1128 2304 1222 2359 τοῦ
1242 2303 1428 2375 ἑτέρου
1445 2298 1757 2366 διενεγκεῖν.

207 2388 366 2466 Ὅθεν
411 2403 490 2471 εἷς
517 2404 842 2476 ἀμφοτέρων
886 2401 982 2454 καὶ
1004 2398 1180 2462 κοινὸς
1232 2395 1359 2466 ἀχρι
1399 2390 1603 2447 τούτων
1658 2388 1757 2440 αύ-

204 2504 312 2566 τοῖς
348 2501 376 2553 ὁ
424 2494 593 2561 αἶνος,
633 2497 731 2566 μιᾷ
779 2491 1015 2572 Χριστοῦ
1068 2487 1516 2560 μεμορφωμένοις
1559 2483 1761 2552 μορφῇ.

209 2593 299 2646 καὶ
330 2593 412 2644 ἑνὶ
433 2589 512 2659 τῷ
546 2588 691 2657 αὐτῷ
720 2585 1021 2653 Πνεύματι,
1057 2581 1145 2634 τὸν
1191 2579 1302 2632 ῐσον
1340 2578 1536 2646 τρόπον
1562 2589 1764 2641 κατηρ-

206 2685 479 2756 τισμένοις
533 2681 628 2734 καὶ
685 2663 1257 2750 χαρακτηριζομὲνοις.
1330 2670 1482 2722 Ἐπεὶ
1535 2666 1590 2718 δὲ
1638 2665 1767 2724 ἴδιος

211 2753 448 2847 ἑκατέρῳ
475 2775 574 2843 τῆς
607 2769 982 2841 μεταστάσεως
1029 2768 1057 2820 ὃ
1102 2781 1160 2818 τε
1192 2762 1378 2839 χρόνος
1411 2759 1642 2827 ὑπάρχει
1673 2753 1769 2807 καὶ

209 2836 480 2939 ότρόπός,
518 2836 624 2936 ἰδία
664 2861 848 2916 λοιπὸν
879 2859 972 2913 καὶ
1017 2856 1107 2909 τὸν
1152 2836 1308 2922 λόγον
1344 2850 1452 2903 τῶν
1483 2847 1770 2917 ἐγκωμίων

211 2957 524 3028 ἀποδῶμεν.
820 2965 822 2968 '

278 3048 370 3117 Τῷ
389 3023 490 3116 μὲν
506 3039 596 3099 οῦν
615 3038 982 3108 Εὐαγγελιστῇ
1007 3035 1268 3105 πρότερον
1296 3028 1609 3097 ἀφωσίωται
1635 3023 1774 3076 κατά

213 3139 440 3208 δύναμιν
477 3139 510 3208 ὴ
541 3138 741 3196 αἵνεσις
763 3149 778 3162 ·
817 3129 910 3183 καὶ
937 3122 1322 3196 πνευματικῶς
1355 3117 1520 3173 αὐτοῦ
1556 3119 1652 3185 τῆς
1682 3132 1774 3183 με-

216 3200 384 3300 γάλης
423 3200 872 3294 κατατρυφῶντες
905 3215 1123 3288 ἀρετῆς,
1173 3210 1353 3273 καθὼς
1387 3202 1486 3261 οἷοί
1516 3223 1574 3258 τε
1610 3200 1770 3275 ἦμεν,

216 3288 553 3386 ἀπετίσαμεν
597 3288 828 3384 μετρίως
886 3307 982 3378 τὴν
1037 3304 1278 3375 ὀφειλὴν.
1335 3297 1449 3353 Νῦν
1480 3298 1536 3349 δέ
1577 3311 1686 3365 μοι,
1730 3288 1774 3345 ὦ

217 3413 403 3482 ἄριστε
434 3385 529 3464 καὶ¹
559 3403 894 3475 δοκιμώτατε
945 3395 1178 3470 Χριστοῦ
1226 3392 1462 3464 μαθητὰ.
1493 3388 1648 3457 δεῦρο
1681 3385 1776 3458 καὶ

220 3477 280 3556 σέο
310 3504 574 3573 σήμερον,
608 3494 850 3555 Ἰάκωϐε,
886 3494 913 3544 ὁ
941 3491 1048 3542 τῶν
1073 3485 1292 3556 ὑψηλῶν
1316 3481 1407 3536 τοῦ
1439 3477 1573 3532 Θεοῦ
1604 3477 1776 3544 Λόγου

220 3564 414 3664 θεατής
441 3564 537 3643 καὶ
566 3587 795 3657 ποιητὴς
828 3583 1002 3652 ἔργων
1025 3596 1041 3611 ο
1073 3581 1168 3630 καὶ
1188 3575 1295 3629 τῶν
1328 3571 1647 3642 ἀπορρήτων
1674 3564 1776 3636 μύ-

223 3656 479 3754 στηςτιαὶ
538 3656 894 3750 μυσταγωγὸς
921 3673 1114 3739 λόγων.
1166 3669 1232 3720 Ἦ
1261 3663 1457 3732 κινύρα
1486 3661 1578 3713 τοῦ
1616 3656 1779 3710 Πνεύ-

225 3747 411 3844 ματος,
442 3774 476 3841 ἡ
518 3747 793 3840 ηδύφωνος
830 3764 924 3816 κού⁹
977 3759 1340 3826 καλλίφωνοςο
1384 3755 1417 3823 ἡ
1457 3751 1659 3819 εὐμελῆ
1688 3747 1782 3800 καὶ

223 3866 560 3935 εὐάρμοστον
610 3861 721 3919 τοῖς
751 3854 928 3908 εύθέσι
965 3853 1054 3904 τὸν
1077 3851 1218 3912 νοῦν,
1250 3847 1346 3918 τὴν
1379 3847 1476 3914 τῆς
1511 3841 1782 3908 Θεολογίας

224 3933 648 4025 ἀνακρουομένη
694 3949 908 4016 φωνήν
959 3947 991 4014 ἠ
1069 3940 1278 4012 μεγάλη
1310 3937 1404 4014 τοῦ
1447 3935 1580 3987 Θεοῦ
1613 3933 1784 3998 Λόγου

227 4048 442 4118 βροντὴ,
475 4046 508 4114 ὴ
535 4040 841 4112 ὑψηγόρως,
872 4037 905 4106 ἡ
951 4031 1338 4105 μεγαληγόρως
1371 4027 1467 4097 τὴν
1498 4026 1787 4078 ἀνάστασιν

225 4139 315 4192 τοῦ
359 4136 558 4206 Ἰησοῦ,
609 4135 727 4194 ταῖς
789 4128 1110 4188 Ἰουδαῖκαῖς
1159 4123 1415 4181 διανοίαις
1445 4119 1786 4186 ὲνηχήσασα,

229 4226 314 4280 καὶ
348 4225 449 4295 τὴν
479 4219 814 4290 σκληρότητα
840 4217 939 4284 τῆς
989 4212 1167 4283 αὐτῶν
1222 4208 1444 4279 καρδίας
1474 4200 1790 4272 καταθραύ-

229 4329 368 4366 σασα
394 4290 418 4342 ί
449 4311 548 4379 τὴν
597 4308 800 4376 ἔρημον
841 4303 897 4354 δὲ
945 4301 1080 4362 τέως
1121 4294 1415 4365 ἐκκλησίαν
1465 4290 1792 4363 συσσείσασα

227 4403 328 4456 τῶν
359 4400 552 4461 ἐθνῶν,
591 4399 682 4450 καὶ
715 4393 892 4464 ἡρέμα
921 4391 1053 4459 πρὸς
1101 4388 1349 4456 αἴσθησιν
1395 4381 1487 4435 τοῦ
1530 4395 1793 4449 κηρυττο-

1859 2210 2127 2264 donorum
2162 2202 2507 2261 divisionem,
2543 2196 2679 2251 nihil
2727 2194 3021 2264 quidquam
3063 2192 3292 2244 alterum
3347 2185 3415 2240 ab

1861 2302 2030 2355 altero
2057 2296 2311 2351 existimo
2355 2290 2599 2346 differre.
2631 2285 2997 2352 Quamobrem
3023 2294 3128 2334 una
3154 2278 3418 2332 hactenus

1861 2408 1925 2457 ae
1955 2387 2260 2444 communis
2289 2383 2394 2439 erit
2424 2396 2613 2436 eorum
2649 2375 2910 2436 laudatio,
2950 2371 3044 2442 qui
3073 2385 3178 2424 una
3213 2365 3416 2422 Christi

1862 2487 2034 2540 forma
2085 2476 2301 2541 imbuti,
2349 2488 2569 2542 unoque
2619 2485 2683 2524 ac
2727 2467 2919 2523 eodem
2966 2463 3169 2534 pariter
3210 2458 3419 2528 Spiritu

1866 2571 2088 2646 perfecti
2121 2566 2324 2622 fuerint
2357 2579 2419 2618 ac
2445 2557 2790 2629 configurati.
2827 2552 2985 2621 Quod
3022 2565 3156 2630 vero
3201 2545 3422 2618 propria

1866 2627 2064 2734 cuique
2099 2655 2436 2729 migrationis
2463 2627 2846 2717 tum‘tempus,
2876 2653 2991 2698 tum
3033 2627 3227 2696 modus
3259 2637 3426 2707 exsti-

1871 2758 2055 2818 terint,
2087 2749 2317 2806 seorsim
2346 2746 2535 2811 etiam,
2564 2758 2671 2813 qua
2719 2739 2802 2796 eis
2835 2735 3202 2807 defungimur,
3231 2729 3426 2786 lauda-

1870 2850 2075 2904 tionem
2102 2835 2418 2898 reddemus.

1942 3019 2098 3075 Prius
2153 3016 2334 3081 itaque
2377 3023 2477 3078 pro
2540 3002 2688 3058 virili
2742 3005 2932 3075 nostra
2994 2988 3321 3049 laudationis
3376 2987 3432 3042 in

1874 3109 2258 3179 evangelistam
2277 3099 2522 3170 partibus
2541 3093 2713 3152 functi
2741 3104 2949 3152 sumus,
2975 3088 3202 3156 ejusque
3221 3094 3432 3136 summa

1847 3175 2076 3262 virtute
2126 3192 2445 3266 spiritaliter
2483 3185 2759 3245 delectati,
2798 3180 2942 3252 quod
2979 3194 3076 3248 per
3125 3175 3436 3244 facultatem

1875 3293 2049 3357 licuit,
2097 3288 2178 3342 vel
2208 3284 2420 3340 modice
2449 3280 2694 3334 debitum
2726 3271 3084 3344 dependimus
3142 3268 3298 3357 Nunc
3344 3279 3439 3316 au-

1877 3394 2006 3447 tem,
2047 3381 2249 3450 optime
2276 3373 2590 3440 Christique
2619 3366 3014 3436 discipulorum
3056 3349 3440 3431 probatissima

1875 3476 2096 3534 Jacobe,
2139 3479 2197 3525 tu
2233 3480 2452 3538 quoque
2499 3460 2633 3515 mihi
2658 3458 2844 3513 adesto
2873 3453 3075 3517 hodie;
3107 3460 3309 3517 nempe
3345 3459 3440 3499 su-

1877 3567 2128 3627 blimium
2173 3561 2270 3615 Dei
2326 3555 2490 3611 Verbi
2540 3557 2816 3621 spectator
2859 3546 3138 3612 factorque
3177 3550 3436 3612 ‘operum,

1879 3667 2312 3720 arcanorumque
2355 3644 2624 3716 discipule
2674 3657 2738 3695 ac
2782 3638 3040 3708 magister
3085 3643 3438 3687 sermonum:

1881 3749 2164 3806 dulcisona
2198 3718 2260 3796 ac
2287 3736 2636 3808 pulchrisona
2668 3730 2903 3801 Spiritus
2947 3728 3152 3795 cinyra,
3196 3718 3442 3774 modula-

1887 3849 1993 3898 (am
2028 3837 2461 3900 concinnamque
2494 3827 2580 3881 his
2624 3824 2718 3893 qui
2762 3829 2913 3875 recto
2962 3816 3143 3872 animo
3187 3811 3297 3868 sint
3327 3808 3446 3879 pul-

1885 3949 2011 3988 sans
2058 3925 2343 3994 theologia;
2389 3932 2577 3975 vocem
2609 3933 2624 3969 :
2654 3925 2908 3984 magnum
2956 3907 3047 3962 Dei
3091 3900 3256 3959 Verbi
3300 3897 3445 3954 toni-

1886 4033 2092 4083 truum,
2124 4014 2342 4071 sublimi
2372 4021 2676 4080 magnoque
2693 4004 2906 4073 fragore
2935 3999 3062 4054 Jesu
3093 3988 3446 4049 resurrectio-

1889 4127 2012 4168 nem
2046 4108 2358 4164 Judaeorum
2398 4098 2676 4154 mentibus
2716 4095 2995 4154 insonans,
3049 4094 3213 4155 atque
3257 4094 3445 4137 eorum

1849 4202 2072 4267 ,cordis
2114 4199 2368 4266 frangens
2410 4190 2713 4245 duritiam:
2766 4185 3133 4249 hactenusque
3175 4175 3448 4230 desertam

1893 4290 2211 4350 concutiens
2238 4285 2478 4356 gentium
2509 4276 2836 4338 Ecclesiam,
2858 4273 3016 4341 eique
3051 4267 3250 4323 sensim
3283 4260 3448 4317 Verbi

1895 4378 2191 4451 evangelici
2223 4388 2442 4430 sensum
2482 4357 2756 4438 ingerens,
2788 4372 2950 4432 atque
2982 4357 3240 4429 improbae
3276 4354 3449 4426 εγω*

233 4494 390 4564 μένου
422 4491 598 4558 Λόγου
620 4472 1000 4557 προσάγουσα,
1026 4482 1118 4533 καὶ
1144 4482 1205 4548 τῇ
1235 4477 1468 4544 ἀποϐολῇ
1491 4474 1590 4541 τῆς
1619 4467 1783 4537 ἀγνώ-

1895 4493 2042 4549 gogre
2075 4471 2302 4543 repudio
2331 4467 2560 4539 probam
2592 4471 2910 4534 gratamque
2954 4470 3215 4527 sponsam,
3234 4450 3452 4508 Christo

238 4560 390 4652 μονος
448 4580 778 4646 Συναγωγῆς
845 4574 943 4643 τὴν
1015 4570 1330 4638 εὐγνώμονα
1390 4560 1791 4634 μνηστευομένη

235 4675 481 4744 Χριστῷ.

304 4763 478 4834 Δεῦρό
517 4777 627 4830 μοι,
659 4753 1039 4826 μακαριώτατε
1083 4748 1325 4808 Ἰάκωϐε,
1359 4747 1386 4798 ὁ
1428 4744 1505 4812 τῷ
1539 4740 1798 4806 ἀπλάστῳ

235 4856 325 4910 τοῦ
351 4830 521 4925 meo;
553 4851 645 4904 καὶ
673 4846 977 4916 ἀγαθοειδεῖ
1003 4843 1096 4896 καλ⁸
1128 4837 1460 4911 μονοτρόπῳ,
1490 4834 1564 4903 τῷ
1601 4834 1680 4885 ἐν).
1707 4830 1798 4882 καὶ

240 4946 426 5017 ἁγαθῷ
483 4944 628 5014 μόνῳ
678 4940 777 5008 τὴν
807 4936 967 5006 φύσιν
999 4930 1320 5001 ἀγαπηθεὶς,
1352 4927 1446 4980 καὶ
1468 4925 1575 4978 τῶν
1605 4937 1797 4991 πατρι-

243 5012 345 5092 κῶν
377 5012 640 5103 έύλόγιῶν
684 5028 1018 5100 κληρονόμος
1073 5020 1433 5090 ἀποδειχθεὶς,
1486 5015 1579 5068 καὶ¹
1633 5012 1803 5085 ταύτῃ

243 5131 328 5183 τὸν
350 5129 462 5198 πρὸ
503 5129 800 5195 γεννήσεως
841 5116 1206 5192 μεμισημένον
1274 5109 1440 5164 Ἠσαῦ
1476 5103 1803 5176 ὲπτερνικὼς

247 5223 334 5274 καὶ
363 5211 878 5288 παρευδοκιμηκὼς,
911 5210 986 5274 ὡς
1010 5207 1118 5261 τῶν
1144 5202 1521 5275 πρωτοτοκίων
1545 5199 1643 5267 τῆς
1665 5195 1807 5249 κατά

250 5284 464 5378 πνεῦμα
487 5307 795 5376 γεννήσεως
814 5297 1132 5370 ἠξιωμένος.
1158 5294 1215 5347 '0
1230 5293 1304 5363 τῷ
1326 5287 1557 5360 ἀληθινῷ
1598 5284 1802 5349 Ἰσαὰκ,

252 5403 345 5472 τὴν
374 5375 592 5469 ἀληθῶς
618 5395 781 5466 φίλην
823 5389 968 5461 αὐτῷ
1002 5389 1098 5460 τῆς
1127 5387 1360 5446 πίστεως
1391 5375 1806 5452 προεισενεγκά-

259 5466 414 5562 μενος
449 5466 682 5561 τροφὴν,
717 5485 812 5537 καὶ
843 5483 929 5536 διὰ
970 5479 1130 5536 τοῦτο
1162 5479 1445 5531 κατέναντι
1475 5470 1568 5523 τοῦ
1600 5466 1806 5538 πατρὸς

258 5554 656 5653 εὐηρεστηκῶς,
686 5575 781 5629 καὶ
807 5573 892 5626 διὰ
936 5569 1092 5624 τοῦτο
1119 5565 1320 5628 τελέως
1348 5558 1682 5630 εὑλογηϐείς·
1715 5554 1809 5610 καὶ

1892 4566 2163 4620 adhibens
2197 4562 2239 4614 ‘.

1972 4735 2115 4790 Ades
2145 4731 2297 4792 dum,
2330 4715 2644 4781 beatissime
2680 4715 2903 4781 Jacobe,
2936 4729 3148 4770 morum
3195 4705 3457 4778 simplici-

1900 4837 2008 4882 tate
2036 4833 2091 4879 et
2121 4823 2364 4878 bonitate
2394 4824 2448 4872 et
2481 4802 2870 4871 uniformita‘te,
2899 4808 2948 4862 ei
2974 4804 3068 4874 qui
3101 4815 3242 4856 unus
3281 4796 3458 4853 solus-
3500 4810 3501 4813 ‘

1909 4931 2016 4986 que
2070 4922 2262 4968 natura
2309 4909 2489 4962 bonus
2537 4911 2641 4965 est,
2699 4899 2952 4960 dilectus,
2998 4900 3459 4962 paternarumque

1910 5003 2353 5062 benedictionum
2408 4998 2582 5050 haeres
2625 4989 2956 5051 effecte",ac
3011 4983 3105 5054 qui
3152 4996 3215 5036 ea
3251 4980 3460 5033 ratione

1910 5098 2050 5152 Esau
2082 5103 2207 5146 ante
2240 5097 2418 5143 ortum
2444 5082 2743 5139 nativitatis
2773 5078 2898 5133 odio
2928 5075 3173 5130 habitum
3204 5069 3459 5139 supplan-

1913 5181 2136 5241 taveris,
2172 5193 2237 5232 ac
2269 5174 2440 5246 gloria
2481 5166 2846 5238 superaveris,
2891 5164 3040 5219 velut
3071 5159 3326 5214 nimirum
3365 5154 3458 5224 qui

1869 5297 1881 5306 ·
1911 5273 2172 5346 spiritalis
2201 5265 2499 5324 nativitatis
2518 5261 2793 5332 primitiva
2814 5268 3002 5312 nactus
3033 5249 3311 5314 sis”.Qui
3333 5261 3462 5301 vero

1911 5366 2083 5430 Isaac,
2117 5375 2246 5416 vere
2273 5357 2349 5411 illi
2379 5361 2632 5422 acceptos
2663 5349 2790 5404 ﬁdei
2829 5347 2980 5402 cibos
3014 5340 3282 5401 intuleris,
3314 5350 3461 5394 eam-

1913 5471 2022 5527 que
2053 5453 2122 5508 ob
2168 5464 2282 5503 rem
2315 5460 2496 5501 coram
2527 5445 2684 5499 Patre
2723 5436 3015 5510 placueris,
3060 5448 3124 5486 ac
3175 5439 3460 5500 propterea
3496 5432 3509 5470 κ

1914 5547 2207 5620 perfectam
2238 5537 2675 5594 benedictionem
2697 5537 3020 5588 consecutus
3042 5526 3148 5590 sis;
3178 5519 3465 5587 frumenti-

335 5764 358 5794 ⁸
396 5760 534 5818 Psa..
562 5769 744 5819 xxvnt,
775 5753 827 5819 5,
857 5752 910 5806 8.
984 5750 1004 5782 ⁷
1037 5747 1171 5804 Gen.
1204 5761 1324 5811 xxv,
1357 5742 1445 5806 9-5,
1473 5739 1558 5804 ἳἹῖ
1631 5739 1682 5769 ⁷⁸
1709 5738 1783 5790 Ῑῖυ

1898 5748 1968 5795 l.\',
2008 5729 2099 5793 ll;
2144 5721 2369 5787 Malach.
2399 5735 2437 5784 ι,
2470 5718 2522 5769 2.
