3950 6320
708 298 774 363 91
1900 311 2191 373 ΝΙΟΕΤιΕ
2226 313 2259 372 P

2364 312 2745 373 HLAGONIS
2808 318 2813 321 “
3894 316 3919 372 9

705 434 812 488 que
841 435 905 475 ac
943 420 1055 495 vini
1100 422 1259 489 loco,
1309 423 1585 494 Unigeniti
1627 440 1859 496 corpore
1900 436 1957 482 et
2002 427 2259 499 sanguine

2364 430 2486 483 ἀντὶ
2544 429 2691 481 σίτου
2748 427 2841 481 καὶ
2889 428 3051 490 οτνου,
3096 425 3173 492 τῷ
3206 426 3416 496 σώματι
3472 426 3567 480 καὶ
3626 426 3849 497 αἵματι
3877 447 3917 479 τι

704 511 1104 577 constabilitus,
1151 513 1526 584 Dominusque
1565 525 1621 571 et
1656 516 1822 586 judex
1866 518 2259 573 contribulium

702 602 771 655 ab
794 616 861 655 eo
890 603 1219 659 constitutus
1247 604 1288 659 ⁸.

762 692 1078 759 Adesdum;
1105 711 1165 749 os
1194 695 1532 767 deiloquium
1563 698 1815 766 admove,
1853 702 2123 756 excelsam
2162 717 2261 756 vo-

701 799 820 838 cem
856 801 919 840 ae
944 786 1230 841 deisonum
1264 788 1562 843 immittens
1601 790 1903 859 eloquium,
1929 791 2109 858 aspira
2135 807 2260 847 ver—

704 876 833 930 bum
871 877 1029 933 ﬁdele
1056 894 1120 939 ac
1148 896 1377 946 verum;
1414 896 1610 951 nempe
1644 882 1873 937 verbum
1911 894 2094 939 vestra
2132 891 2263 954 apo-

704 970 883 1023 stolici
910 973 1155 1025 muneris
1183 972 1485 1038 functione,
1516 974 1629 1027 sive
1658 976 1960 1029 certamine
2015 975 2258 1045 dignum.

707 1060 869 1115 Nefas
897 1063 1042 1115 enim
1071 1079 1131 1117 ea
1162 1065 1403 1134 aggredi,
1427 1081 1547 1135 qua:
1574 1067 1774 1135 majora
1797 1082 1958 1135 quam
1984 1083 2083 1137 pro
2112 1067 2263 1122 tenui

704 1168 825 1207 mea
853 1153 1108 1209 facultate
1128 1164 1276 1209 sunt.
1305 1156 1544 1211 Mortalis
1570 1158 1715 1210 enim
1748 1166 1938 1211 temere
1973 1168 2126 1213 natat
2149 1176 2265 1212 ser-

704 1243 981 1306 monibus,
1035 1254 1094 1297 ut
1144 1245 1327 1300 divina
1391 1245 1671 1317 Scriptura
1725 1248 1969 1318 loquitur
2021 1267 2035 1304 :
2096 1259 2265 1305 status

704 1343 878 1388 autem
894 1338 1124 1390 omnium
1148 1340 1541 1404 conservatoris,
1558 1339 1754 1409 inquit,
1772 1342 1880 1409 ipse
1899 1342 2044 1396 docet
2064 1360 2158 1398 nos
2186 1344 2263 1400 "‘.

621 1457 645 1492 -_
702 1427 821 1481 Jam
852 1428 997 1481 enim
1041 1428 1383 1484 divinissimo
1426 1430 1629 1493 Verbo,
1672 1432 1749 1486 uti
1781 1448 2001 1503 semper
2036 1433 2262 1501 deitate,

702 1520 799 1574 sed
828 1530 885 1573 et
914 1521 1094 1574 anima
1142 1537 1238 1575 sua
1282 1522 1617 1592 intelligente
1650 1534 1707 1579 et
1753 1541 1873 1595 quae
1920 1527 2081 1582 simul
2119 1528 2266 1583 Deus

701 1610 950 1675 exsistat,
975 1613 1156 1665 omnia
1191 1613 1415 1684 implere
1443 1625 1720 1686 satagente
1750 1634 1763 1670 :
1795 1632 1862 1671 ac
1901 1633 2023 1672 cum
2052 1618 2264 1675 inferna

713 1699 959 1767 quidem,
986 1716 1085 1754 suo
1116 1700 1244 1755 illuc
1274 1717 1368 1770 per
1388 1718 1603 1757 crucem
1630 1704 1895 1760 descensu
1924 1707 2170 1776 impleret
2194 1710 2262 1764 ad

701 1802 870 1856 seque
930 1805 1140 1843 summa
1220 1790 1537 1860 colligeret;
1598 1807 1662 1847 ac
1714 1808 1905 1848 rursus
1974 1796 2246 1861 coelestia,

700 1895 798 1934 sua
856 1881 909 1934 in
975 1883 1141 1937 cmlos
1211 1883 1581 1947 exaltatione,
1649 1886 1927 1955 majestate
1991 1904 2087 1943 sua
2164 1890 2265 1943 im-

700 1973 879 2042 pleret
924 1993 935 2027 :
995 1991 1228 2045 cumque
1280 1977 1416 2031 adeo
1466 1993 1741 2048 congeneo
1806 1980 2048 2049 Spiritu,
2101 1982 2267 2037 vehe-

698 2066 899 2119 mentis
962 2064 1120 2121 flatus
1182 2066 1353 2121 instar
1402 2083 1432 2122 e
1490 2070 1628 2123 cmlo
1691 2071 1745 2124 in
1798 2071 2095 2142 discipulos
2168 2090 2265 2127 ve-

697 2156 1239 2227 niente,omnemque
1259 2159 1339 2214 eis
1360 2176 1578 2215 sensum
1598 2177 1661 2217 ac
1675 2164 1919 2233 corporis
1937 2166 2262 2233 membrum,

696 2259 1026 2317 omnemque
1085 2257 1293 2303 motum
1338 2265 1403 2305 ac
1458 2253 1832 2320 operationem
1886 2255 1952 2308 ad
2004 2258 2262 2326 pietatem

698 2338 1007 2406 complente
1043 2356 1057 2393 :
1106 2341 1325 2409 quando
1367 2336 1529 2397 visus
1566 2344 1786 2413 quidem
1839 2346 2037 2417 linguis
2088 2348 2262 2418 igneis

699 2428 1002 2483 collucens
1028 2429 1589 2501 circumfulgebatur;
1638 2434 1860 2491 auditus
1899 2451 2050 2501 vero,
2087 2438 2260 2493 divini

697 2518 911 2573 sonitus
940 2519 1155 2590 fragore
1179 2521 1622 2600 sanctificabatur
1646 2542 1659 2578 :
1690 2534 1851 2595 atque
1879 2527 2112 2583 olfactus
2139 2530 2261 2599 qui-

697 2609 822 2663 dem
853 2610 1094 2681 mysticis
1121 2614 1308 2681 gratia;
1337 2612 1523 2680 radiis,
1550 2624 1805 2685 tanquam
1836 2628 2109 2688 unguenta
2137 2636 2261 2689 per-

697 2698 1037 2769 spirantihus
1096 2703 1547 2773 suavissimaeque
1602 2706 1915 2776 fragrantia:
1964 2710 2257 2775 odoribus,

697 2790 1018 2859 emorehat;
1054 2793 1251 2863 linguae
1274 2809 1403 2848 vero
1434 2794 1521 2850 his
1549 2796 1747 2851 eximie
1789 2798 1997 2863 amatae,
2029 2801 2260 2870 potiori-

699 2870 808 2947 que
832 2879 1102 2953 theologia
1136 2882 1349 2945 excitae.
1377 2884 1457 2938 sic
1486 2884 1723 2954 Spiritus
1744 2887 1796 2940 vi
1835 2887 1901 2941 ad
1924 2904 2137 2943 omnem
2165 2906 2260 2943 na-

698 2970 907 3026 tionum
938 2975 1208 3030 sermonis
1230 2976 1341 3044 vim
1366 2992 1430 3031 ac
1448 2968 1837 3047 proprietatem
1860 2981 2258 3051 componeban-

2358 517 2694 585 Μονογενοῦς
2740 516 3046 588 στηριχθείς
3066 531 3079 546 ·
3112 517 3205 569 καὶ
3242 515 3431 588 κύριος
3459 517 3559 569 καὶ
3606 516 3833 586 κριτὴς
3863 519 3917 567 τί

2360 608 2629 678 ὁμογενῶν
2660 607 2751 661 ὑπ’
2782 608 2943 660 αὐτοῦ
2968 608 3257 672 καταστάς.

2432 698 2597 770 Δεῦρό
2628 716 2740 769 μοι,
2771 699 3010 768 πρόσαγε
3040 699 3099 752 τδ
3124 698 3381 768 θεηγόρον
3408 699 3615 768 στόμα,
3667 698 3917 767 ὑψηγόρθ

2362 791 2604 861 φθέγμα,
2656 792 2751 844 καὶ
2803 790 3128 859 θεόφθογγον
3173 793 3334 854 ἐνιεὶς
3364 790 3576 855 λαλιὰν,
3621 790 3917 860 ἔμπνευσε

2363 885 2515 957 ῥῆμα
2543 885 2731 938 πιστὸν
2758 885 2851 938 καὶ
2879 883 3149 954 ἀληθινὸν,
3358 883 3458 951 τῆς
3484 883 3797 952 ὑμετέρας
3828 884 3919 934 ἀπ,

2366 975 2579 1046 στολῆς,
2615 978 2713 1030 εἰτ’
2754 973 2848 1030 οὖν
2881 976 3156 1044 ἀθλήσεως
3200 975 3381 1040 ἄξιον
3405 976 3467 1027 οὐ
3506 976 3629 1047 γάρ
3672 992 3779 1042 μοι
3812 974 3919 1040 θέμε

2363 1070 2627 1141 ἐγχειρεῖν
2647 1073 2752 1133 τοῖς
2788 1051 2927 1140 ὑπὲρ
2959 1071 3088 1140 ἐμέ’
3123 1069 3340 1138 Βροτὸς
3371 1068 3538 1140 [Situ
3582 1067 3919 1136 'AvOpwm;

2363 1159 2472 1229 γὰρ
2522 1159 2725 1226 ἄλλως
2772 1159 3019 1228 νήχεται
3069 1160 3303 1229 λόγοις,
3352 1158 3492 1212 κατά
3520 1158 3634 1227 τὴν
3691 1158 3915 1227 Γραφήν

2364 1248 2523 1317 πνοὴ
2548 1248 2634 1312 δὲ,
2655 1249 2837 1319 φησὶν,
2862 1248 3333 1318 παντοκράτορος
3352 1250 3390 1318 ἡ
3428 1248 3844 1303 διδάσκουσα
3861 1268 3919 1315 με

2370 1343 2526 1411 Ἀρτι
2580 1342 2688 1412 γὰρ
2714 1340 2807 1395 τοῦ
2838 1342 3268 1413 θεαρχικωτάτου
3296 1342 3495 1409 Λόγου,
3526 1341 3749 1410 ὥσπερ
3779 1342 3866 1392 ἀεὶ
3888 1346 3919 1390 τί

2366 1434 2599 1505 θεότητι,
2628 1435 2769 1489 οὕτω
2826 1436 2892 1488 ut
2920 1435 3061 1489 κατά
3086 1436 3184 1505 τὴν
3212 1433 3403 1503 νοεράν
3427 1432 3599 1487 αὐτοῦ
3633 1432 3835 1501 ψυχὴν
3866 1450 3919 1484 κα

2366 1527 2612 1597 όμόθεον,
2667 1525 2730 1579 τὸ
2847 1526 2964 1579 ὶντα
2998 1525 3234 1595 πληροῦν
3290 1524 3698 1595 ἐπειγομένου·
3758 1523 3857 1577 καὶ
3891 1540 3911 1573 τ

2368 1619 2661 1689 ὐποχθόνια
2709 1670 2721 1689 ,
2855 1617 2996 1672 κατὰ
3024 1619 3121 1688 τὴν
3168 1619 3343 1671 ἐκεῖσε
3396 1617 3483 1670 διά
3536 1616 3643 1670 τοῦ
3716 1633 3919 1683 σταυροε

2368 1698 2589 1763 κάθοδον
2619 1709 2781 1764 αὐτοῦ
2807 1726 2868 1762 τε
2902 1708 3250 1779 πληροῦντος.
3283 1708 3376 1762 καὶ
3405 1708 3541 1779 πρὸς
3571 1707 3794 1760 ἐαυτὸν
3820 1710 3919 1760 cm.

2371 1800 2817 1868 κεφαλαιοῦντος·
2845 1801 2913 1853 τὰ
2954 1801 3247 1870 ἐπουράνια
3282 1799 3339 1852 δέ
3368 1798 3543 1861 αὖθις,
3575 1798 3681 1851 διὰ
3720 1798 3827 1866 τῆς
3860 1799 3917 1847 ἐπ

2367 1892 2495 1955 τοὺς
2544 1893 2802 1964 οὐρανοὺς
2830 1892 3105 1960 ὐψώσεως,
3148 1894 3241 1961 τῆς
3286 1892 3489 1955 οἰκείας
3544 1890 3919 1959 ἐμπιπλῶντο

2367 1981 2543 2050 δόξης,
2598 1981 2689 2035 τοῦ
2718 1980 2999 2051 ’συμφυοῦς
3036 1982 3095 2034 δέ
3126 1980 3436 2050 Πνεύματος
3469 1980 3715 2041 ἄνωθεν,
3761 1979 3919 2045 ὥσπερ

2370 2071 2548 2142 βιαίας
2594 2071 2762 2143 πνοῆς
2790 2072 2881 2125 ἐπὶ
2922 2072 3045 2135 τοὺς
3082 2072 3326 2142 μαθητὰς
3358 2072 3559 2135 ίόντος,
3620 2071 3731 2123 καὶ
3768 2072 3919 2122 πᾶσαι

2367 2165 2549 2227 αὐτοῖς
2583 2164 2855 2235 αἴσθησιν,
2887 2165 2992 2217 πᾶν
3016 2181 3077 2216 τε
3108 2163 3265 2233 μέλος
3296 2161 3387 2215 τοῦ
3419 2150 3699 2232 σώματος’
3720 2161 3817 2214 καὶ
3846 2162 3919 2211 πᾶ-

2369 2272 2465 2319 σαν
2524 2254 2756 2325 κίνησιν,
2815 2255 2909 2308 καὶ
2963 2256 3141 2307 πᾶσαν
3196 2252 3475 2323 ἐνέργειαν
3529 2250 3919 2319 κατορθοῦντος

2368 2344 2502 2414 πρὸς
2535 2343 2812 2397 εὐσέϐειαν
2834 2361 2847 2373 ·
2898 2343 3060 2413 ἡνίκα
3087 2341 3296 2402 τούτοις
3328 2342 3514 2412 ὅρασις
3546 2340 3655 2410 μὲν
3696 2342 3823 2403 ταῖς
3848 2358 3919 2391 πυ-

2371 2435 2542 2506 ρίναις
2617 2432 2887 2501 γλώσσαις
2948 2431 3369 2502 λαμπρυνομένη
3434 2430 3919 2501 κατηστράπτετο·

2365 2525 2501 2595 ἀκοὴ
2528 2525 2582 2577 δὲ
2616 2523 2688 2593 τῷ
2713 2524 2998 2594 ῥοιζήματι
3038 2524 3137 2591 τῆς
3165 2521 3313 2585 θείας
3336 2522 3475 2591 ἠχῆς
3514 2518 3919 2591 ηθηγιάζετο·

2365 2618 2459 2671 καὶ
2494 2618 2757 2687 ὄσφρησις
2794 2616 2911 2685 μὲν,
2956 2615 3075 2676 ταῖς
3110 2615 3394 2681 μυστικαῖς
3432 2613 3613 2665 ἀκτῖσι
3638 2612 3753 2680 τῆς
3786 2612 3915 2679 χάριι

2363 2724 2473 2769 τος.
2504 2703 2591 2759 οἶα
2630 2707 2941 2775 μυριπνόοις
2977 2704 3229 2758 ἀνέθαλλε
3264 2703 3651 2765 εὐωδεστάτοις
3700 2703 3917 2773 ὀσμαῖς

2363 2799 2600 2866 γλῶσσαι
2647 2799 2702 2850 δέ
2750 2798 2956 2861 τούτοις
3008 2796 3297 2868 ὑπερφυῶς
3354 2794 3796 2864 θεοφορούμεναι
3843 2791 3916 2843 καὶ

2364 2891 2666 2959 κρείττονος
2688 2886 3089 2956 ἐμφορούμεναι
3121 2884 3429 2952 θεολογίας,
3471 2884 3616 2938 οὕτω
3654 2883 3803 2953 πρὸς
3829 2884 3915 2943 πάι

2365 2995 2462 3030 σαν
2490 2978 2656 3030 ἐθνῶν
2702 2978 2979 3031 διάλεκτον
3038 2975 3438 3047 μεθηρμόζοντο
3493 2973 3570 3044 τῷ
3630 2973 3919 3042 πνεύματι,

696 3073 813 3129 tur,
844 3073 905 3119 ut
934 3074 989 3121 et
1018 3068 1350 3124 temulentis:
1373 3068 1585 3139 profani
1619 3085 1732 3125 rem
1757 3072 2093 3127 ascriberent
2118 3090 2131 3126 :
2159 3089 2258 3143 per

2364 3066 2502 3119 ὥστε
2536 3066 2627 3121 καὶ
2657 3066 2823 3136 μέθην
2850 3067 2963 3128 τοῖς
2994 3063 3257 3135 ἀμύστοις
3288 3063 3464 3118 αὐτῶν
3507 3064 3919 3132 καταγινώσκειι

699 3170 918 3211 omnem
966 3166 1150 3212 autem
1190 3166 1417 3225 tactum,
1452 3175 1777 3231 omnemque
1810 3164 2036 3218 rationis
2077 3180 2141 3219 ac
2172 3165 2259 3219 in-

2364 3156 2524 3212 σθαι·
2553 3158 2619 3212 δι’
2650 3159 2790 3228 ἁφῆς
2838 3157 2895 3211 δὲ
2947 3157 3145 3227 πάσης,
3200 3156 3293 3213 καὶ
3328 3156 3505 3226 πάσης
3536 3155 3774 3225 λογικῆς
3836 3155 3905 3206 δυ’

702 3247 1015 3318 telligentia:
1036 3250 1169 3315 vim,
1201 3249 1386 3305 divina
1425 3252 1729 3321 pervadens
1762 3253 1932 3324 gratia
1956 3295 1970 3319 ,
2009 3262 2260 3325 totosque

700 3336 826 3392 illos
849 3354 978 3393 vere
1010 3339 1373 3410 undequaque
1391 3342 1696 3412 adimplens
1714 3360 1741 3410 ;.
1758 3354 2019 3415 extraque
2052 3347 2261 3416 seipsos

700 3441 765 3481 ac
829 3429 1090 3484 mundum
1144 3446 1363 3486 omnem
1422 3434 1760 3490 constituens
1808 3437 1860 3507 (ο
1912 3437 2130 3491 beatum
2205 3448 2261 3493 et

700 3521 1064 3587 exoptandum
1098 3526 1418 3592 excessum!
1452 3540 1483 3578 ο
1514 3525 1839 3581 laudabilem
1878 3528 2022 3583 illam
2066 3530 2261 3583 immu-

702 3609 960 3665 tationem
985 3612 1048 3682 l),
1082 3614 1223 3668 intra
1254 3615 1422 3669 Deum
1444 3632 1563 3671 esse
1591 3616 1826 3673 fecerat:
1850 3619 2067 3687 quando
2096 3619 2261 3674 nimi-

702 3715 845 3762 rum,
880 3715 1092 3765 eorum,
1127 3718 1249 3770 quae
1279 3703 1347 3757 ad
1382 3718 1479 3759 eos
1507 3706 1742 3775 primum
1778 3706 1918 3761 dicta
1960 3723 1990 3771 a
2020 3708 2257 3776 Christo,

701 3790 933 3846 obscure
956 3802 1299 3863 acceperant,
1333 3810 1455 3865 quae
1500 3805 1628 3852 tunc
1661 3799 1990 3869 gerebantur
2016 3815 2081 3854 ac
2110 3817 2261 3870 prae-

704 3871 906 3945 sentia,
948 3885 1096 3939 clara
1143 3886 1344 3940 evictio
1388 3898 1588 3942 erant:
1633 3906 1698 3945 ac
1746 3906 1979 3961 quorum
2012 3891 2262 3947 obscuris

701 3977 947 4045 vestigiis
980 3978 1103 4033 fidei
1133 3980 1353 4035 umbras
1377 3982 1562 4035 animo
1586 3981 1935 4053 efﬁngebant,
1966 3998 2157 4038 eorum
2182 3983 2259 4038 ibi

704 4073 835 4119 tunc
863 4067 1099 4122 dilucida
1128 4086 1190 4124 ac
1216 4071 1504 4140 perspicua
1538 4073 1928 4143 adimpletione
1966 4064 2141 4131 oculis
2159 4074 2262 4130 ob-

703 4166 977 4219 versante,
1013 4162 1396 4232 rationumque
1426 4178 1491 4218 ac
1519 4163 1909 4234 cogitationum
1946 4166 2109 4221 missa
2158 4167 2264 4223 du-

700 4246 901 4302 bietate
956 4259 1211 4321 metuque
1234 4253 1483 4323 deposito
1520 4274 1535 4310 :
1584 4256 1731 4310 omni
1757 4256 1993 4327 denique
2027 4257 2260 4328 ignavia,

700 4335 956 4405 omnique
984 4340 1147 4393 animi
1192 4340 1313 4395 labe
1345 4341 1580 4407 detersa,
1617 4342 1852 4398 omlestis
1880 4343 1990 4413 jam
2020 4342 2259 4414 vitmgu-

2374 3249 2591 3320 νάμεως
2619 3250 2713 3303 καὶ
2744 3251 2935 3320 νοερᾶς
2961 3250 2992 3319 ἠ
3022 3248 3139 3301 θεία
3168 3247 3573 3301 καταδεδωκυῖα
3620 3247 3810 3317 χάρις,
3840 3244 3911 3297 καῖ

2362 3324 2543 3403 ὃλουξ
2566 3342 2633 3395 δι’
2686 3344 2809 3395 ὅλου
2864 3341 3085 3405 τούτους
3113 3339 3428 3413 ἀκραιφνῶς
3476 3339 3771 3409 πληροῦσα
3800 3356 3812 3369 ο
3841 3338 3912 3388 καλ

2363 3433 2466 3499 ἔξω
2493 3433 2587 3502 μὲν
2620 3430 2851 3493 ἑαυτῶν,
2872 3430 2975 3497 ἐξω
3006 3432 3063 3486 δέ
3088 3430 3180 3484 τοῦ
3211 3432 3417 3499 κόσμου
3447 3429 3772 3484 καθιστῶσα
3797 3444 3907 3479 τισιν⁸

2360 3526 2485 3588 τός’
2525 3526 2610 3595 (Ὢ
2646 3526 2919 3595 μακαρίας
2939 3524 3243 3591 ἐκστάσεως
3276 3522 3368 3575 καὶ
3409 3521 3701 3592 ζηλωτῆςι
3743 3520 3790 3573 ὣ
3835 3520 3909 3584 τῆς

2361 3617 2645 3687 ἐπαινετῆς
2671 3616 2881 3685 ἐκείνης
2915 3614 3267 3679 ἀλλοιώσεως,
3290 3613 3440 3677 ἐντὸς
3468 3612 3703 3683 καθίστη
3731 3610 3862 3665 Θεοῦ
3880 3612 3909 3669 ἲ)

2361 3708 2521 3779 ἡνίκα
2562 3706 2667 3761 τῶν
2711 3706 2815 3759 ὐπὺ
2849 3705 3085 3776 Χριστοῦ
3117 3705 3330 3776 πρῶτον
3374 3704 3509 3775 πρὸς
3541 3705 3748 3767 αὐτοὺς
3774 3705 3907 3771 εἰρη-

2364 3800 2536 3871 μένων
2560 3799 2652 3853 καὶ
2672 3796 2926 3869 ἀμυδρῶς
2950 3797 3310 3867 ἀκουομένων,
3336 3795 3552 3865 ἐλεγχος
3579 3791 3650 3867 ἦν
3676 3795 3749 3846 τὰ
3779 3808 3905 3859 παρ-

2362 3889 2489 3943 όντα
2554 3888 2732 3958 σαφής
2757 3902 2773 3917 ·
2808 3886 2902 3940 καὶ
2953 3880 3028 3940 ὧν
3074 3887 3341 3956 ἀμαυροῖς
3379 3884 3548 3954 ἴχνεσι
3595 3884 3833 3941 πίστεως
3862 3881 3908 3929 ἐν

2362 3980 2640 4048 λογισμοῖς
2667 3976 2957 4030 ἐνετύπουν
3007 3977 3106 4049 τὴν
3132 3976 3527 4045 σκιαγραφίαν,
3561 3975 3773 4027 τούτων
3805 3970 3905 4023 ἐκεῖ

2361 4071 2481 4125 τότε
2511 4071 2684 4141 φανήν
2715 4086 2774 4122 τε
2800 4070 2895 4124 καὶ
2919 4067 3137 4138 εῦδηλον
3165 4065 3629 4135 καταθεασάμενοι
3658 4063 3760 4133 τὴν
3789 4060 3907 4127 πλη-

2367 4178 2552 4233 ρωσιν,
2578 4160 2670 4214 καὶ
2700 4159 2807 4211 τῶν
2837 4156 3106 4227 λογισμῶν
3138 4156 3235 4225 τὴν
3259 4154 3528 4225 διάκρισιν
3556 4152 3905 4208 ἀποσαλόντες

2366 4253 2461 4309 καὶ
2490 4252 2588 4323 τὴν
2619 4250 2867 4320 διψυχίαν
2894 4249 3152 4317 ἀφέντες,
3186 4247 3279 4300 καὶ
3309 4246 3399 4299 τδν
3424 4244 3586 4329 φόὸον
3610 4245 3905 4297 ἀποσκευα-

2366 4344 2607 4414 σάμενοι,
2643 4343 2735 4396 καὶ
2764 4343 2941 4395 πᾶσαν
2969 4339 3165 4393 δειλίαν
3191 4338 3285 4391 καὶ
3313 4339 3419 4391 πᾶν
3446 4336 3615 4399 πάθος
3641 4330 3901 4395 ἀποκαθηο

698 4435 841 4478 stum
898 4428 1441 4500 faciebantzquando
1486 4433 1644 4502 plane
1678 4432 2131 4503 praemagnificum
2185 4450 2259 4489 re-

2376 4434 2593 4507 ράμενοι
2639 4435 2739 4501 τῆς
2774 4431 2970 4501 ψυχῆς,
3025 4429 3122 4497 τῆς
3151 4426 3401 4498 οὐρανίας
3444 4426 3626 4479 λοιπὸν
3672 4421 3811 4495 ἦσαν
3856 4420 3902 4470 ὲν

699 4530 827 4570 vera
845 4520 1088 4575 maxima:
1115 4523 1463 4592 perfectionis
1488 4525 1846 4579 arrhabonem
1870 4525 2034 4589 nacti,
2063 4525 2250 4581 certis-

708 4610 898 4665 simam
945 4615 1070 4669 inde
1106 4632 1253 4685 spem
1301 4619 1799 4689 divinissimamque
1825 4620 2189 4690 arripuerant.

768 4821 921 4875 Tunc
947 4838 1098 4887 sane,
1127 4832 1257 4878 tunc
1285 4841 1472 4881 rursus
1500 4827 1771 4882 aemulatio
1792 4827 1929 4882 nihil
1954 4828 2137 4899 priore
2158 4828 2259 4882 mi-

704 4928 827 4975 nor,
870 4912 1192 4968 insolentem
1225 4918 1486 4984 populum
1535 4918 1763 4983 invasit;
1796 4918 2041 4988 ignisque
2068 4920 2259 4973 adver-

704 5003 879 5057 sarios
897 5019 1121 5069 vorans,
1146 5006 1514 5061 adversariam
1545 5010 1752 5078 Deique
1777 5009 2050 5065 inimicam
2070 5011 2259 5065 factio-

704 5111 849 5159 nem,
878 5094 1137 5151 adversus
1165 5098 1517 5165 apostolicam
1548 5100 1810 5169 (divinam
1830 5100 2062 5169 scilicet)
2093 5101 2254 5155 ﬁdem

703 5201 768 5239 ac
806 5186 1095 5239 consilium
1130 5189 1465 5241 accendebat
1489 5190 1529 5241 '.
1568 5190 2034 5255 Quemadmodum
2073 5202 2252 5245 autem

707 5276 865 5330 initio
914 5278 1331 5332 scelestissimus
1381 5280 1492 5342 ille,
1541 5296 1693 5333 suam
1738 5282 1863 5336 Jesu
1916 5282 2253 5351 apparitione

708 5367 1114 5421 convellendam
1153 5369 1489 5436 tyrannidem
1518 5370 1781 5434 sentiens,
1811 5370 1999 5424 Iudam
2030 5372 2252 5441 quidem

708 5467 769 5509 ut
797 5459 1041 5527 proditor
1073 5470 1239 5523 esset,
1272 5461 1658 5525 suscitaverat;
1692 5479 2018 5532 omnemque
2046 5465 2252 5529 incom-

711 5550 938 5618 positam
966 5551 1173 5619 plebem
1205 5566 1419 5619 cogens,
1471 5554 1535 5605 ad
1586 5554 1915 5608 deditionem
1961 5557 2255 5624 turbasque

781 5708 948 5761 “Gen.
986 5712 1257 5780 xxvtt,9.7.
1328 5712 1382 5743 "
1420 5713 1519 5770 Job
1547 5732 1707 5783 xxx”,
1744 5716 1791 5769 8.
1871 5719 1888 5750 ³
1928 5719 2026 5772 lsa.
2058 5732 2195 5778 χχιιι.
2226 5714 2309 5767 Η·

2358 4521 2702 4591 συναισθήσει
2758 4522 2900 4589 ζωῆς
2930 4533 2945 4548 ’
2994 4521 3082 4572 ὅτε
3134 4518 3197 4589 δὴ
3233 4517 3480 4589 λαμπρὸν
3525 4515 3638 4569 δντι
3684 4514 3895 4584 μάλιστα

2349 4617 2440 4671 τὸν
2466 4615 2756 4687 ἀῤῥαδῶνα
2782 4614 3059 4682 δεξάμενοι
3085 4612 3180 4681 τῆς
3201 4611 3547 4679 τελειότητος,
3562 4604 3897 4674 ἀξιολογωτά-

2355 4725 2452 4778 της
2470 4705 2714 4760 ἐντεῦθεν
2740 4704 2946 4767 ἐλπίδος
2966 4702 3058 4756 καὶ
3075 4700 3482 4768 θεοτελεστάτης
3498 4697 3889 4771 κατεδράξαντο.

2430 4827 2565 4880 Τότε
2594 4826 2677 4896 δὴ,
2707 4826 2825 4879 τότε
2851 4823 3007 4894 ζῆλος
3034 4821 3133 4892 μὲν
3152 4820 3312 4876 πάλιν
3339 4819 3437 4890 οὐχ
3460 4812 3620 4891 ἧττον
3645 4816 3737 4871 τοῦ
3762 4812 3893 4885 πρώ-

2355 4936 2467 4983 του,
2504 4918 2594 4971 τδν
2624 4917 2940 4969 ἀπαίδευτον
2970 4913 3176 4981 εἰλήφει
3202 4912 3327 4964 λαόν
3346 4926 3359 4940 ·
3395 4910 3504 4982 πῦρ
3555 4909 3612 4962 δὲ
3646 4908 3771 4970 τοὺς
3798 4906 3887 4957 ὐπ-

2355 5008 2624 5067 εναντίους
2674 5004 2983 5069 κατεσθίον,
3010 5005 3088 5066 είς
3140 5001 3429 5055 ἀντίπαλον
3484 5000 3578 5055 καὶ
3642 4999 3889 5067 θεομάχον

2360 5103 2567 5171 μοῖραν,
2597 5097 2734 5150 κατὰ
2759 5097 2854 5166 τῆς
2877 5095 3229 5165 ἀποπολικῆς
3256 5095 3373 5163 ἦτοι
3399 5093 3688 5163 θεαρχικῆς
3704 5091 3885 5155 ἐξῆπτε

2355 5192 2582 5249 πίστεως
2616 5188 2708 5240 καὶ
2736 5186 2946 5258 βουλῆς.
2989 5188 3193 5255 Ὥσπερ
3221 5184 3277 5238 δέ
3304 5183 3401 5255 τὴν
3424 5183 3594 5254 ἀρχὴν
3633 5184 3664 5235 ό
3703 5182 3883 5247 δυσμε-

2358 5282 2451 5350 νὴς
2482 5278 2912 5349 καθαιρουμένην
2928 5276 3091 5331 αὐτοῦ
3117 5275 3213 5347 τὴν
3243 5274 3529 5346 τυραννίδα
3559 5274 3644 5327 διά
3663 5272 3755 5341 τῆς
3780 5272 3883 5321 ἐπι-

2359 5371 2577 5438 φανείας
2621 5371 2935 5439 αἰσθόμενος
2957 5368 3050 5421 τοῦ
3092 5367 3287 5438 Ἰησοῦ,
3333 5366 3529 5419 Ἰούδαν
3560 5366 3655 5433 μὲν
3682 5364 3879 5433 ἧγειρεν

2358 5464 2435 5523 εἰς
2462 5463 2777 5530 προδοσίαν·
2813 5462 2986 5513 πάντα
3032 5460 3088 5511 δὲ
3138 5460 3225 5513 τὸν
3263 5457 3553 5511 ἀσύνθετον
3582 5450 3877 5524 ὀχλαγωγῆ-

2362 5570 2453 5616 ea;
2490 5554 2677 5623 δῆμον,
2712 5555 2788 5616 εἰς
2824 5552 3169 5605 ἐπισύστασιν
3201 5547 3495 5619 ἐξέμηνεν·
3543 5545 3803 5616 ἀρχιερείς
3823 5552 3875 5590 τε
