3950 6320
243 288 311 349 93
1007 285 1289 347 ORATIO
1326 287 1391 348 V.
1419 312 1489 323 -
1515 286 1595 349 ΙΝ
1640 288 1950 350 LAUDEM
1990 290 2050 350 S.
2091 288 2349 351 JACOBI
2387 291 2741 355 ZEBEDJEI.
3395 291 3464 355 94

240 402 335 455 καὶ
360 396 704 467 γραμματεῖς
754 396 962 461 πάντας
1014 396 1217 466 ἐξῆπτε
1268 397 1405 469 πρὸς
1454 397 1791 453 θεοκτονίανο

1908 400 2240 455 consciverat
2265 417 2279 466 ;
2305 400 2702 470 pontiﬁcesque
2724 417 2788 456 ac
2814 400 3021 459 scribas
3053 416 3246 457 omnes
3272 417 3336 458 ac
3351 401 3468 458 dei-

239 493 333 547 καὶ
357 492 386 544 6
411 490 636 553 ΙῙιλάτος
659 489 751 543 τὸν
783 490 958 543 ἀθῶον
984 488 1235 555 ἐξεδίδου,
1266 490 1360 544 καὶ
1383 490 1434 542 οί
1466 491 1797 563 στρατιῶται

1907 492 2027 547 eidii
2064 495 2243 548 scelus
2276 493 2617 547 animaverat
2645 511 2658 546 :
2695 493 3051 563 tradebatque
3079 494 3289 550 Pilatus
3317 494 3467 551 inno-

238 581 564 646 κατέπαιζον
583 598 598 613 ·
629 582 726 637 καὶ
750 584 779 637 6
796 581 1025 652 σταυρὸς
1050 581 1250 652 ὓψωτο,
1278 584 1371 638 καὶ
1399 585 1427 637 6
1456 584 1662 649 δίκαιος
1682 588 1797 659 τοῖς

1904 585 2065 652 lium,
2092 601 2155 641 ac
2178 586 2383 641 milites
2403 585 2643 640 illudeha
2654 594 2715 638 nt
2742 603 2756 635 :
2779 586 3008 641 exaltata
3026 587 3262 658 denique
3276 603 3464 653 cruce,

236 677 455 746 ἀνόμοις
506 677 949 749 συνεσταύρωτο·
1014 676 1304 732 κάντεῦθεν
1347 677 1520 732 ἐδόκει
1580 678 1681 749 μὲν
1732 679 1795 732 τὸ

1906 680 2071 744 iustus
2094 694 2220 733 cum
2264 679 2547 734 sceleratis
2580 678 2657 732 illi
2689 677 2938 732 conﬁxus
2971 678 3151 733 fuerat
3179 699 3192 734 :
3225 680 3466 751 hincque

236 770 420 841 χρῆμα
443 769 582 823 κατὰ
609 769 732 824 νοῦν
758 771 870 832 τοῖς
890 768 1111 823 ἀσεϐέσι
1144 773 1341 843 χωρεῖν
1361 814 1376 837 ,
1414 772 1508 825 καὶ
1536 771 1791 825 τεθνάναι

1907 765 2029 822 ideo
2062 784 2152 823 res
2201 783 2269 821 ex
2300 766 2487 821 animo
2534 766 2718 836 impiis
2766 766 2964 821 cedere
3011 767 3315 833 videbatur,
3371 785 3467 825 ex-

233 864 323 915 τδν
362 863 591 935 Ἰησοῦν,
632 865 724 917 καὶ
754 862 852 931 τὴν
872 862 1035 916 αὐτοῦ
1064 864 1515 918 καταπαύσασθαι
1545 864 1789 934 διδαχὴν,

1902 858 2093 913 stincto
2111 858 2263 921 Jesu,
2300 858 2419 928 ejus
2454 856 2717 927 abrogata
2750 855 3018 922 doctrina,
3069 858 3331 929 dispersis
3375 862 3462 915 di-

233 955 324 1008 καὶ
348 954 753 1026 διεσκορπίσθαι
780 957 905 1018 τοὺς
962 953 1207 1026 μαθητάς
1226 972 1239 987 -
1279 956 1568 1010 ἐλάνθανον
1598 956 1656 1010 δὲ
1698 956 1787 1010 διὰ

1904 951 2137 1021 ιοίρυιίε.
2196 954 2265 1007 At
2312 950 2692 1022 imprudentes
2733 950 2976 1020 nequitia
3028 966 3123 1006 sua
3172 954 3464 1023 pravisque

230 1047 326 1117 τῆς
359 1047 538 1102 αὐτῶν
562 1046 912 1118 κακουργίας,
942 1046 1097 1112 δόξαν
1128 1047 1226 1117 μὲν
1255 1047 1629 1112 ὁδοποιοῦντες
1649 1049 1787 1119 Χρι-

1909 1044 2135 1099 zonsiliis
2184 1043 2388 1099 Christi
2435 1043 2622 1115 gloria:
2672 1042 2813 1097 viam
2859 1044 3282 1112 perstruebant,
3336 1044 3469 1099 sibi-

234 1139 369 1211 στιῖι·
414 1140 671 1209 αἰσχύνην
696 1139 753 1193 δὲ
791 1141 884 1193 καὶ
907 1140 1127 1212 ὄλεθρον
1152 1138 1368 1194 αἰώνιον
1390 1142 1605 1206 ἑαυτοῖς
1626 1158 1787 1213 περι-

1909 1149 1994 1206 lue
2042 1136 2177 1206 ipsis
2231 1136 2495 1207 probrum
2562 1151 2626 1192 ac
2675 1138 2905 1192 exitium
2963 1147 3229 1203 aeternum
3286 1152 3469 1193 arces-

231 1232 558 1301 ποιούμενοι.
1016 1256 1023 1258 τ

1885 1226 2101 1283 sebant.
2868 1290 2873 1296 ,

299 1325 513 1395 Ὥσπερ
536 1319 629 1378 οὖν
660 1324 768 1395 πρὸ
792 1322 888 1377 τοῦ
935 1321 1249 1393 Πνεύματος
1289 1324 1484 1381 ταῦτα.
1517 1324 1661 1378 οὕτω
1690 1325 1785 1379 καὶ

1955 1318 2424 1387 Quemadmodum
2464 1320 2630 1392 igitur
2658 1321 2776 1377 haec
2818 1332 2944 1377 ante
2974 1321 3267 1392 Spiritum,
3306 1323 3388 1379 sic
3413 1330 3472 1380 et

231 1418 369 1487 μετὰ
420 1416 483 1470 τὸ
526 1416 767 1487 Πνεῦμα,
797 1418 990 1489 ἐπειδὴ
1019 1418 1080 1470 τὸ
1118 1417 1277 1488 ἔργον
1316 1416 1493 1488 Ἰησοῦ
1530 1417 1695 1472 πάλιν
1724 1418 1782 1471 ὲν

1911 1420 2006 1465 mst
2048 1409 2335 1479 Spiritum.
2379 1410 2533 1478 Quod
2585 1427 2823 1482 namque
2869 1412 2998 1468 Jesu
3050 1428 3189 1483 opus
3233 1411 3471 1483 Spiritus

226 1510 336 1573 τοῖς
359 1508 680 1573 ἀποστόλοις
726 1508 815 1563 διά
850 1508 945 1563 τοῦ
990 1509 1309 1580 Πνεύματος
1343 1509 1651 1576 άνενεοῦτο,
1689 1510 1784 1563 καὶ

1902 1519 2112 1560 nunere
2157 1506 2213 1560 in
2260 1506 2521 1574 apostolis
2571 1521 2791 1560 rursum
2842 1505 3288 1571 instaurabatur,
3343 1522 3462 1560 ma.

225 1602 254 1655 6
299 1604 400 1672 τῆς
433 1602 653 1674 χάριτος
710 1600 868 1670 λόγος
907 1601 1366 1675 ἐπαρρησιάζετο,
1399 1602 1492 1655 καὶ
1529 1600 1592 1655 τὸ
1641 1591 1783 1673 μέγα

1902 1612 2155 1668 {numque
2251 1599 2670 1654 resurrectionis
2750 1599 3081 1654 miraculum
3175 1599 3462 1671 magnifice

225 1692 408 1764 θαῦμα
429 1694 525 1765 τῆς
536 1694 881 1758 ἀναστάσεως
915 1691 1347 1764 μεγαλοπρεπῶς
1360 1693 1525 1763 ἀνεκη
1535 1692 1778 1765 ρύττετο.

1901 1688 2298 1746 )rzedicabatur.
2312 1691 2417 1757 Qui
2429 1683 2595 1760 paulo
2611 1701 2737 1746 ante
2749 1691 2982 1762 profugi,
2998 1690 3201 1763 pavidi,
3218 1699 3430 1748 tremen
3445 1720 3461 1733 -

224 1787 285 1838 οι
317 1753 429 1854 πρὸ
460 1753 655 1856 μικροῦ
677 1786 733 1839 δὲ
760 1753 1119 1854 φυγάδες-καὶ
1159 1753 1391 1848 δεδιότες
1428 1753 1783 1853 καῖ’τρέμον-

1908 1798 1965 1837 es
1985 1794 2161 1849 erant,
2185 1800 2308 1840 cum
2332 1798 2523 1854 magna
2544 1783 2747 1837 virtute
2774 1784 2952 1853 palam
2981 1784 3272 1855 loquentes
3314 1783 3468 1839 testi-

223 1892 332 1939 τες,
360 1875 459 1929 σὺν
490 1875 701 1948 μεγάλῃ
748 1874 1248 1948 παρρησιαζόμενοι
1284 1873 1513 1945 δυνάμει
1537 1873 1596 1928 τὸ
1633 1892 1778 1946 μαρ-

1909 1875 2122 1929 monium
2161 1877 2273 1932 Deo
2306 1875 2609 1930 reddebant
2633 1877 2695 1931 ’°.
2718 1875 2819 1944 Qui
2844 1875 2910 1930 ad
2929 1885 3140 1946 portam
3156 1876 3469 1947 Speciosam

224 1967 408 2037 τύριον
434 1968 717 2023 ἀπεδίδουν
749 1967 829 2039 τῷ
868 1966 1016 2038 Θεῷ·
1040 1967 1136 2020 καὶ
1163 1969 1192 2021 ὁ
1225 1968 1317 2020 ἐπὶ
1344 1969 1411 2038 τῇ
1454 1965 1647 2037 Ὦραίᾳ.
1684 1964 1779 2019 τοῦ

1906 1968 2062 2038 empli
2096 1968 2323 2023 claudus
2351 1968 2597 2034 sedebat,
2629 1977 2874 2033 erectus;
2897 1967 3130 2023 Tabitha
3160 1984 3190 2024 a
3234 1970 3466 2026 mortuis

225 2058 367 2129 ἱεροῦ
389 2060 538 2132 πύλῃ
569 2059 880 2131 καθήμενος
914 2058 1200 2132 άνὼρθωτο
1226 2059 1421 2130 χωλὸς,
1461 2058 1558 2116 καὶ
1597 2060 1661 2112 ὲκ
1698 2075 1781 2113 νε·

1912 2059 2135 2115 uscitata
2161 2059 2258 2115 m:
2294 2061 2521 2117 morbus
2552 2062 2731 2116 omnis
2755 2070 2814 2117 et
2848 2060 3318 2132 languor,lnedum
3340 2076 3472 2131 pre-

221 2152 365 2226 κρῶν
386 2153 641 2207 ἀνίστατο
691 2153 946 2220 Ταὸυθὰ,
979 2154 1076 2208 καὶ
1118 2155 1268 2207 πᾶσα
1308 2154 1461 2219 νόσος
1503 2156 1598 2207 καὶ
1628 2154 1780 2207 πᾶσα

1893 2154 2031 2210 :ibus
2058 2170 2123 2210 ac
2155 2164 2357 2209 sancta:
2388 2169 2583 2210 manus
2615 2163 2894 2219 contactu,
2929 2152 3026 2209 sed
3054 2162 3111 2208 et
3143 2154 3258 2208 sola
3286 2148 3453 2209 dissi»-

223 2243 463 2312 μαλακία
506 2244 564 2297 οὐ
602 2247 874 2316 προσευχῇ
927 2246 1105 2315 μόνον,
1135 2244 1229 2298 καὶ
1253 2246 1434 2317 χειρὸς
1463 2245 1617 2316 όσίας
1645 2246 1781 2317 ἁφῇ,

1895 2249 2136 2319 pulcrum
2159 2248 2356 2303 umbra
2384 2247 2706 2303 curabatur.
2729 2247 2908 2317 Atque
2932 2256 2993 2301 ut
3022 2262 3235 2302 summa
3257 2246 3455 2312 dicam,

218 2332 350 2385 ἀλλὰ
378 2335 476 2386 καὶ
517 2336 585 2405 τῇ
616 2334 743 2406 σκιᾷ
777 2335 910 2407 μόνῃ
932 2334 1041 2389 τῶν
1078 2335 1335 2407 μαθητῶν
1376 2336 1739 2407 ἐθεραπεύετο
1763 2354 1778 2367 ·

1906 2349 2081 2395 :uncta
2104 2339 2310 2395 Christi
2332 2355 2522 2409 opera,
2556 2339 2692 2409 quin
2721 2347 2777 2394 et
2809 2342 3014 2408 majora
3036 2354 3199 2409 quam
3224 2338 3313 2392 ille
3335 2354 3466 2408 ope-

220 2427 309 2480 καὶ
329 2428 510 2480 πάντα
538 2427 769 2491 συνόλως
802 2427 970 2497 φάναι
1004 2428 1074 2483 τὰ
1111 2428 1249 2501 έργα
1271 2429 1363 2483 τοῦ
1391 2429 1652 2501 Χριστοῦ,
1674 2432 1778 2486 καὶ

1911 2440 2031 2487 atus
2050 2440 2170 2487 erat
2202 2434 2323 2502 (pro
2348 2446 2415 2486 eo
2431 2446 2494 2485 ac
2518 2431 2695 2486 funerat
2714 2429 3010 2501 pollicitus)
3032 2429 3087 2483 in
3114 2428 3355 2501 magistri
3377 2444 3471 2483 uo-

221 2516 442 2585 μείζονα
476 2511 552 2572 ὧν
583 2521 788 2582 ἐκεῖνος
822 2521 1143 2592 πεποίηκεν,
1173 2520 1250 2585 ὡς
1278 2522 1313 2593 ή
1341 2522 1666 2591 ἐπαγγελία,
1696 2522 1776 2592 τῷ

1907 2526 2025 2580 nine
2050 2525 2253 2581 ﬂebant
2273 2524 2404 2580 κλμ.
2442 2523 2597 2590 Quod
2640 2523 2827 2593 itaque
2854 2522 2969 2577 haec
2999 2537 3123 2577 eum
3160 2522 3215 2580 in
3242 2520 3467 2576 modum

220 2610 441 2680 ὀνόματι
462 2613 559 2667 τοῦ
586 2612 909 2669 διδασκάλου
944 2616 1385 2686 κατειργάξοντο.
1433 2616 1653 2687 Ἐπειδὴ
1684 2612 1779 2671 οὖν

1900 2617 2000 2674 ieri
2025 2617 2415 2683 cernebantur,
2449 2617 2636 2671 furore
2669 2630 2859 2671 rursus
2887 2614 3201 2670 incenditur
3228 2614 3460 2669 caedium

219 2702 385 2758 ταῦτα
416 2704 609 2759 τοῦτον
631 2705 810 2777 ὡρᾶτο
848 2706 1108 2777 γινόμενα
1140 2706 1231 2761 τὸν
1265 2709 1485 2775 τρόπον,
1517 2709 1776 2780 ἐκμαίνε-

1902 2720 2104 2775 ιιειοι·;
2148 2708 2471 2764 accenditur
2500 2716 2555 2762 et
2582 2707 2660 2761 illi
2701 2706 3113 2762 succenturiata
3144 2705 3323 2760 omnis
3362 2706 3462 2775 Sy-

219 2811 305 2849 ται
344 2796 443 2866 μιν
486 2792 641 2861 αὖθις
694 2799 723 2850 6
757 2798 865 2851 τῶν
910 2799 1086 2868 φόνων
1106 2800 1291 2871 πατήρ
1319 2815 1332 2829 ·
1371 2800 1695 2868 ὲκμαίνεται
1718 2801 1776 2855 δὲ

1898 2817 2102 2874 iagoga.
2125 2802 2385 2858 Vibratur
2407 2802 2644 2872 gladius,
2671 2814 2833 2855 arcus
2856 2798 3140 2865 tenditur;
3182 2799 3458 2869 romphaea

219 2887 309 2941 καὶ
330 2891 483 2942 πᾶσα
517 2890 548 2959 ή
578 2890 673 2941 ὑπ’
718 2888 912 2961 ἐκείνῳ
951 2891 1401 2961 στρατηγουμένη
1431 2892 1769 2963 Συναγωγή·

1897 2894 2174 2951 ιιιεςίιοιιιι·
2192 2910 2259 2949 ac
2290 2894 2497 2948 bellum
2531 2892 2795 2947 adversus
2821 2891 3125 2947 Ecclesiam
3165 2890 3457 2947 conﬂatur.

219 2983 309 3036 καὶ
332 2984 365 3051 ή
396 2985 643 3054 μάχαιρα
684 2983 1013 3052 πιλόοὗται,
1053 2985 1148 3039 καὶ
1194 2986 1430 3039 τείνεται
1468 2986 1528 3039 τὸ
1583 2986 1759 3054 τόξον,
1796 2989 1891 3044 καὶ
1917 2989 2163 3061 ῥομφαία
2190 2991 2282 3044 καὶ
2320 2989 2556 3061 πόλεμος
2615 2986 2930 3061 ἐρριπίζετο
2995 2986 3142 3042 κατὰ
3204 2987 3304 3058 τῆς
3341 2987 3469 3042 Ἐκ-

221 3075 463 3146 κλησίας.
2136 3115 2140 3119 -
2474 3090 2481 3103 ·

284 3169 508 3239 Πρῶτον
555 3167 653 3237 μὲν
677 3162 788 3231 οὖν,
833 3168 1252 3239 παραγγελίαις,
1285 3171 1558 3237 ἀπειλαῖς,
1590 3171 1765 3242 φυλα-
1797 3178 1840 3238 C

1941 3173 2187 3229 Primum
2213 3174 2402 3246 igitur,
2426 3172 2732 3244 praeceptis,
2762 3170 2950 3237 minis,
2972 3170 3315 3236 carceribus,
3342 3171 3462 3241 pla-

222 3260 356 3323 καῖς,
420 3259 660 3329 πληγαῖς
685 3299 702 3324 ,
748 3259 873 3323 τοὺς
910 3261 1087 3331 ίεροὺς
1129 3259 1223 3314 τοῦ
1266 3262 1439 3331 Λόγου
1494 3262 1775 3331 θεολόγους

1905 3265 1977 3332 is,
2016 3280 2200 3321 sacros
2228 3264 2393 3321 Verbi
2426 3265 2707 3335 theologos
2736 3279 2795 3319 se
2823 3263 2913 3318 illa
2961 3262 3300 3318 territuram.
3346 3264 3465 3318 exi-

220 3349 432 3422 οἰομένη
455 3351 666 3420 φοϐεῖν,
685 3351 1029 3407 ἀναστέλλειν
1058 3352 1239 3407 αὐτῶν
1258 3352 1323 3426 (ὣ
1351 3355 1451 3424 τῆς
1482 3356 1768 3420 άσεόείαςῐ

1910 3357 2149 3425 timans;
2176 3358 2416 3428 ipsorum
2446 3368 2500 3427 (ο
2529 3356 2863 3427 impietatem
2889 3356 2902 3409 l
2935 3354 3199 3410 ocousilii
3221 3343 3470 3426 maligni-

221 3442 264 3495 ὣ
288 3444 384 3512 τῆς
416 3444 740 3515 σκαιότητος
763 3446 802 3512 i)
833 3446 1090 3516 ἐπειρᾶτο
1130 3445 1227 3516 τὴν
1264 3444 1561 3515 θεολογίαν.
1616 3447 1772 3500 Ἐπεὶ

1905 3457 2042 3504 atem
2080 3451 2092 3503 l
2124 3453 2138 3517 )
2164 3450 2405 3505 divinam
2429 3449 2680 3505 inhibere
2701 3447 3009 3503 doctrinam
3034 3448 3336 3503 nitebatur.
3363 3447 3465 3505 Ubi

221 3534 275 3588 δι
314 3534 524 3599 τούτοις
570 3538 650 3599 εἰς
696 3535 872 3607 μάτην
915 3537 1179 3608 ⁴ᾐσθάνετο
1232 3538 1469 3594 πονοῦσα
1498 3556 1511 3570 ·
1552 3541 1613 3593 ού
1661 3543 1769 3610 γὰρ

1909 3550 2054 3597 utem
2082 3541 2285 3596 frustra
2306 3558 2363 3597 se
2385 3526 2571 3596 conari
2595 3540 2861 3595 sensisset
2884 3541 3013 3609 (non
3033 3540 3179 3594 enim
3203 3538 3300 3593 Dei
3326 3554 3463 3594 con-

224 3630 437 3699 μανίαις
480 3631 729 3702 ἀφρόνων
767 3630 829 3684 τὸ
862 3630 1019 3685 Θεῖον
1068 3627 1501 3703 περιτρέπεται·
1560 3633 1683 3686 οὐδὲ
1719 3635 1769 3687 οἱ

1905 3634 2059 3689 ilium
2092 3635 2472 3704 insipientium
2505 3634 2692 3689 furore
2725 3633 3019 3695 evertitur,
3047 3648 3151 3688 nec
3182 3632 3342 3689 facile
3374 3647 3465 3687 ce-

221 3718 427 3789 ἀληθεῖς
458 3722 649 3776 τούτου
696 3724 826 3794 ρᾷον
877 3721 1162 3776 ὑπείκουσι
1220 3725 1548 3796 συνήγοροι·
1595 3720 1683 3778 οἶα
1711 3725 1768 3779 δὲ

1900 3725 2027 3789 lant,
2046 3727 2141 3796 qui
2169 3726 2315 3780 illius
2340 3726 2455 3780 veri
2485 3727 2702 3795 patroni
2729 3741 2793 3780 ac
2812 3725 3129 3781 defensores
3158 3727 3460 3782 exsistunt:

220 3810 448 3884 ίργυρος
508 3816 577 3886 τῇ
633 3814 879 3887 πυρώσει
928 3814 1338 3887 καθαιρόμενοι,
1389 3817 1767 3888 εὐφωνοτέραν

1904 3818 1969 3873 ed
1990 3818 2134 3873 sicut
2157 3826 2444 3889 argentum
2464 3819 2588 3890 igne
2605 3818 2990 3888 depurgatum,
3011 3834 3265 3873 sonoram
3289 3818 3464 3889 magis

220 3900 308 3971 τῆς
344 3906 584 3969 πίστεως
624 3906 827 3961 οἴδασιν
874 3908 1178 3975 ἀποδιδόναι
1221 3909 1320 3981 τὴν
1356 3907 1600 3979 φθογγήν
1625 3924 1639 3938 ·
1682 3908 1771 3963 διὰ

1912 3910 1999 3965 dei
2020 3925 2211 3965 vocem
2236 3910 2466 3967 reddere
2488 3922 2787 3966 sueverunt
2809 3910 2849 3981 ).
2909 3912 3119 3967 Idcirco
3142 3920 3461 3967 consuetam

223 3992 368 4048 τοῦτο
396 3997 498 4066 τὴν
522 3997 721 4068 συνήθη
745 3998 929 4051 λοιπὸν
954 4000 1033 4063 είς
1060 3998 1366 4071 ὑπόμνησιν
1396 3998 1586 4071 εἴληφε
1617 4018 1769 4072 μιαι-

1898 4005 2059 4059 ιιιίιῐιο
2089 4005 2291 4076 repetit
2314 3998 2543 4060 caedium
2566 4007 2677 4061 vim
2715 4021 2779 4061 ac
2802 4006 3063 4061 saevitiam
3091 4024 3105 4059 :
3136 4016 3300 4077 atque
3323 4008 3458 4063 adeo

223 4087 397 4155 φονίαν
422 4106 438 4119 ·
472 4089 569 4143 καὶ⁵
589 4088 653 4161 δὴ
675 4088 822 4161 ζήλῳ
844 4090 1265 4162 προφητοκτόνῳ
1287 4090 1765 4164 διαθερμανθεῖσα,

1895 4097 2257 4174 emulatione,
2320 4113 2426 4167 qua
2466 4098 2771 4169 ‘pr0phetas
2827 4098 3115 4153 occiderat
3172 4112 3455 4167 succensa,

224 4180 421 4247 πρῶτον
452 4180 553 4249 μὲν
600 4181 767 4246 λίθοις
793 4181 1085 4263 κατέλευσε
1120 4182 1211 4236 τὸν
1247 4183 1541 4253 Στέφανον,
1567 4179 1654 4237 οἶα
1678 4184 1767 4238 δε-

1893 4190 2113 4245 )ιίιιιιιιιι
2146 4190 2368 4260 quidem
2401 4190 2675 4260 lapidibus
2704 4190 2894 4245 obruit
2938 4190 3301 4261 Stephanum,
3328 4201 3453 4246 tan-

233 4271 347 4324 κτὺν
398 4274 746 4345 καλλιέρημα
794 4274 981 4329 τοῦτον
1034 4276 1335 4348 μιαιφόνοις
1406 4277 1768 4350 ἱερουργοῦσα

1896 4299 2039 4354 [nam
2067 4283 2278 4339 scilicet
2307 4281 2630 4353 placabilem
2656 4280 2892 4336 hostiam
2916 4276 3166 4337 cruentis
3199 4283 3456 4338 manibus

221 4368 410 4438 χερσὶν,
437 4368 540 4439 τὴν
569 4370 708 4442 ὑπὲρ
733 4370 843 4425 τῶν
883 4370 1160 4443 θυομένων
1187 4374 1606 4444 χριστοπρεπῶς
1632 4377 1766 4432 ἀναη

1894 4376 2028 4430 llum
2059 4372 2363 4437 immolatis,
2390 4372 2484 4442 qui
2513 4371 2718 4427 Christi
2748 4372 3000 4441 exemplo
3034 4387 3137 4443 pro
3160 4373 3452 4429 immolan-

222 4456 435 4529 φέροντα
457 4462 790 4532 προσευχήν.

1871 4468 2023 4523 tibus
2051 4480 2242 4536 preces
2260 4463 2526 4518 oﬂerebat
2546 4464 2608 4517 “.

280 4551 598 4624 Γευσαμένη
624 4554 681 4608 δὲ
716 4554 811 4609 τοῦ
837 4557 1191 4612 ἀποστολικοῦ
1220 4559 1451 4630 αἵματος
1476 4561 1508 4633 ή
1537 4562 1758 4633 ἐναγὴς,
1786 4566 1840 4625 D

1932 4557 2106 4612 Gustu
2155 4561 2413 4625 percepto
2464 4554 2753 4624 apostolici
2802 4555 3127 4628 sanguinis,
3175 4554 3451 4612 scelestis-

223 4644 303 4697 καὶ
330 4644 560 4716 ἡσθεῖσα
615 4647 833 4718 κομιδῇ,
863 4642 947 4703 οἷα
995 4650 1178 4719 ἐκείνη
1221 4651 1311 4705 ἀεὶ
1354 4655 1466 4718 τοῖς
1495 4655 1759 4718 τοιούτοις

1889 4648 2025 4712 ιίιιια,
2064 4660 2239 4715 eoque
2280 4644 2580 4715 plurimum
2619 4646 2888 4701 delectata
2912 4689 2928 4713 ,
2963 4656 3023 4703 ut
3058 4662 3180 4717 qua:
3208 4646 3449 4701 caedibus

223 4732 629 4807 ίπιτερπομένη,
665 4737 891 4807 ἐμελέτα
917 4738 1016 4809 μὲν
1058 4740 1285 4805 πάντας,
1327 4724 1467 4812 εῐλγε
1510 4744 1757 4811 δυνατὸν,

1882 4753 2084 4808 semper
2110 4737 2291 4807 gavisa
2312 4737 2555 4801 esset,.id
2582 4738 2727 4792 serio
2756 4740 3051 4809 cogitabat,
3078 4747 3138 4793 ut
3157 4739 3203 4793 si
3234 4739 3442 4805 liceret,

226 4822 305 4875 hri
345 4828 421 4881 τῶ
486 4826 790 4898 ὁμοιώματι
827 4814 1257 4901 διαχειρίσασθαι
1308 4834 1601 4901 Στεφάνου,
1660 4835 1761 4887 οὐκ

1876 4828 1973 4884 )ari
2000 4844 2123 4883 cum
2158 4826 2435 4897 Stephano
2465 4844 2601 4884 nece
2624 4840 2854 4885 cunctos
2880 4831 3115 4885 tolleret.
3139 4829 3277 4885 Cum
3303 4848 3436 4887 vero

225 4908 352 4984 εἶχεν
375 4919 430 4972 δὲ
458 4924 611 4983 ὅπως
632 4921 729 4990 τὴν
749 4920 919 4992 αὐτῆς
944 4921 1177 4993 μελέτην
1214 4923 1551 4985 συντελέσαι,
1576 4922 1758 4992 δρῶσα

1880 4921 2151 4975 :onsilium
2185 4921 2410 4991 implere
2440 4938 2549 4977 non
2577 4932 2799 4992 posset:
2831 4924 3034 4994 quippe
3064 4939 3173 4978 non
3199 4924 3440 4993 singulos

230 5003 291 5075 pi;
318 5009 431 5060 καθ’
458 5010 555 5066 ἕνα
605 5011 684 5084 τῷ
725 5012 866 5084 λόγῳ
903 5014 1031 5076 τοὺς
1075 5014 1429 5077 πιστεύοντας
1474 5015 1761 5085 προστιθε-

1874 5014 1925 5068 Id
1973 5013 2135 5067 ﬁdem
2198 5029 2262 5067 ac
2315 5014 2622 5069 doctrinam
2664 5014 3102 5084 amplectendum
3140 5014 3434 5078 accedere;

231 5095 417 5165 μένους,
443 5102 580 5161 ἀλλὰ
602 5105 743 5159 κατὰ
771 5106 974 5177 χιλίους
1000 5123 1061 5159 τε
1084 5106 1185 5160 καὶ⁵
1232 5108 1459 5178 μυρίους
1499 5108 1597 5177 τήν
1635 5109 1760 5173 Ἐκ-

1871 5104 1953 5160 sed
1994 5106 2230 5160 millenis
2266 5106 2531 5177 denisque
2576 5106 2817 5161 millibus
2851 5122 2949 5175 per
2976 5106 3127 5159 verbi
3168 5105 3431 5174 praesules

230 5187 428 5259 ιλησίαν
464 5194 552 5273 διὰ
582 5197 690 5250 τῶν
731 5199 1050 5269 προστατῶν
1099 5197 1193 5252 τοῦ
1233 5199 1395 5265 λόγου
1424 5217 1758 5273 συγκροτου-

1868 5198 2066 5268 pariter
2080 5198 2374 5269 adjunctis,
2396 5199 2695 5256 Ecclesiam
2728 5197 2952 5254 conﬂari
2990 5213 3054 5252 ac
3081 5195 3428 5264 multiplicari

232 5278 371 5352 μένην
399 5286 493 5337 καὶ
520 5288 951 5363 πληθυνομένην.

546 5288 951 5363 εληθυνομένην.
1861 5291 2106 5347 videbat.

285 5372 448 5429 τίοῦν
483 5382 669 5445 ποιεῖ;
695 5375 803 5450 ἆρα
834 5384 941 5455 γάρ
970 5384 1179 5456 ήττήθη
1232 5388 1333 5457 τῆς
1369 5384 1477 5441 τῶν
1512 5386 1754 5457 σημείων

1924 5384 2064 5452 Quid
2099 5402 2231 5457 ergo
2268 5386 2446 5442 facit?
2481 5386 2621 5441 Num
2658 5385 2859 5442 divinis
2885 5383 3052 5456 signis
3094 5379 3240 5436 victa
3290 5394 3424 5436 con-

233 5460 668 5542 koatpcnémtog;
728 5468 816 5543 ἆρ’
849 5476 1019 5532 ἔδεισε
1052 5480 1148 5531 τὸν
1201 5480 1749 5550 ὑπερηφάνοιςλάντι-

1862 5480 2050 5534 cessit?
2068 5496 2293 5549 operum
2314 5480 2553 5534 novitate
2568 5479 2592 5519 ν
2614 5478 2901 5548 splendore
2915 5488 3227 5531 sermonum
3243 5474 3267 5527 ἲ
3281 5473 3422 5529 Num

237 5541 554 5633 τασσόμενον,
580 5541 865 5630 ταπεινοῖς
894 5569 952 5623 δὲ
975 5571 1133 5641 χάριν
1183 5541 1601 5643 ἐπιμετροῦντέ
1613 5592 1628 5641 ;
1662 5574 1750 5627 τὸν

1856 5587 1975 5625 eum
2008 5573 2208 5639 timuit,
2238 5574 2332 5642 qui
2360 5573 2613 5644 superbis
2640 5570 2847 5627 resistit
2874 5577 2927 5622 et
2958 5563 3260 5623 humilibus
3293 5580 3416 5638 gra-

292 5737 329 5770 ¹⁶
345 5741 454 5801 Act.
483 5765 553 5819 Iv,
584 5747 673 5818 εἴη
703 5763 776 5819 Ix,
800 5748 888 5803 36.
978 5751 1057 5786 m‘
1085 5755 1203 5808 Aet.
1236 5771 1313 5818 Ill,
1347 5756 1396 5819 7;
1425 5772 1477 5820 v,
1518 5756 1597 5810 l5.
1696 5754 1848 5808 ""J

1130 5763 1203 5808 et.
1236 5771 1313 5818 tu,
1347 5756 1396 5819 7;
1425 5772 1477 5820 v,
1518 5756 1597 5810 l5.
1696 5754 1802 5787 '"'*
1824 5754 1977 5808 λυπῇ.
2006 5772 2111 5816 xuv.
2164 5757 2242 5807 10.
2327 5756 2363 5787 ¹¹
2393 5755 2509 5810 Act.
2544 5771 2613 5821 γι,
2638 5754 2685 5807 7.
