3950 6320
637 236 711 297 95
1836 218 2125 281 ΝΙΟΕΤιΕ
2159 220 2197 281 P

1836 218 2125 281 ΝΙΟΕΤιΕ
2159 216 2680 281 PAPHLAGONIS

561 384 575 391 -
641 337 770 393 tiam
794 330 1024 390 tribuit?
1047 332 1271 388 Fortem
1298 331 1453 387 illum
1479 332 1533 387 in
1556 331 1734 397 bellis,
1760 331 2112 386 clariﬁcatum

2294 328 2551 401 κραταιὸν
2576 330 2635 383 ὲν
2664 326 2947 396 πολέμοις;
3000 325 3092 378 τὸν
3126 325 3516 393 δεδοξασμένον
3561 324 3619 379 ιν
3638 325 3829 392 ’ἁγίοι

636 426 876 493 sanctis,
924 423 1231 479 mirabilem
1275 424 1339 478 in,
1375 423 1689 492 majestate;
1742 424 1897 493 cujus
1943 422 2196 492 potentiae

2298 422 2387 475 τὸν
2412 421 2727 490 θαυμαστὸν
2770 420 2829 473 ὲν
2879 419 3077 483 δόξαις,
3107 411 3167 471 οὗ
3208 417 3374 470 πολλᾶ
3422 418 3520 487 τῆς
3569 414 3828 486 δυνάμει

637 519 961 574 documenta
1012 516 1183 570 multa
1219 522 1535 584 acceperat;
1580 524 1743 585 atque
1781 530 1813 570 a
1862 530 2037 585 pugna
2071 530 2194 571 cum

2298 512 2519 582 εἴληφεν
2546 511 2938 580 ὑποδείγματα,
2975 512 3070 564 καὶ
3107 510 3200 562 τοῦ
3252 511 3536 581 θεομαχεῖν
3566 511 3826 577 ὑπανεχι

633 609 744 664 Deo
775 606 1024 669 destitit?
1058 607 1277 661 Minime
1321 605 1607 675 gentium:
1658 606 1755 675 sed
1800 608 1940 662 sicut
1982 606 2193 675 pridem

2298 619 2500 675 ρησεν;
2526 597 2786 671 Οὐδαμῶς
2811 618 2824 631 '
2858 602 3045 673 ὥσπερ
3082 604 3138 656 δὲ
3187 602 3265 673 τῷ
3312 602 3526 671 Πιλάτῳ
3553 600 3829 673 πρωιοῦς

633 698 868 753 Pilatum
910 698 1119 761 adiens,
1165 711 1382 751 crucem
1425 710 1489 751 ac
1530 704 1793 767 mortem,
1831 694 2193 750 Sodomorum

2297 694 2507 767 πρώην,
2547 694 2777 762 σταυρόν
2798 711 2856 745 τε
2887 694 2979 745 καὶ
3022 693 3248 747 θάνατον
3275 696 3330 744 ἐν
3373 698 3645 761 κραυγαῖς
3699 695 3832 747 Σοδι

632 789 1053 859 Gomorrbtequ‘e
1079 786 1409 843 clamoribus
1437 786 1702 843 adversus
1723 788 1817 843 Dei
1841 787 2076 843 Verbum
2098 800 2192 855 po-

2299 805 2416 859 μων
2444 787 2539 841 καὶ
2569 786 2849 857 Γομόρρας
2876 786 3017 838 κατὰ
3041 786 3133 838 τοῦ
3161 785 3296 839 Θεοῦ
3322 786 3494 854 Λόγου
3532 789 3833 858 παρῃτεῖτ

632 887 910 948 poscerat,
936 872 1035 933 ~sic
1074 886 1260 947 postea
1302 877 1369 931 ab
1410 877 1624 935 Herode
1665 879 1785 949 ejus
1823 876 2192 947 apostolorum

2293 877 2437 933 οὕτω
2478 877 2615 949 μετὰ
2654 876 2828 931 ταῦτα
2858 892 2933 947 τῳ
2996 876 3209 949 Ἡρώδῃ
3256 877 3711 950 προσπίπτουσα,
3779 880 3835 929 τί

633 987 844 1035 necem,
864 971 1089 1040 supplex
1116 970 1482 1040 flagitabat“.
1864 1030 1868 1033 ,

2293 960 2436 1024 κατὰ
2472 968 2579 1021 τῶν
2616 967 2924 1023 ἀποστόλων
2950 967 3116 1022 αὑτοῦ
3156 970 3509 1040 κατελιπάρει
3528 971 3799 1038 σφαγήν.

699 1062 885 1118 Nulla.
920 1062 1119 1124 aiebat,
1156 1060 1329 1125 nulla,
1359 1078 1452 1115 rex
1475 1064 1689 1133 Optime,
1714 1062 1856 1131 genti
1882 1069 1986 1114 tua
2004 1059 2194 1113 salutis

2371 1059 2650 1128 Οὐδεμία,
2682 1057 2931 1125 λέγουσα,
2958 1056 3037 1124 τῷ
3080 1058 3237 1113 ἔθνει
3275 1074 3411 1125 σου,
3440 1059 3740 1127 κράτιστε
3766 1059 3833 1123 βι

628 1166 761 1221 spes.
809 1150 1183 1216 Concidimus;
1226 1153 1472 1223 periimus
1502 1170 1521 1208 :
1574 1151 1801 1222 periculo
1850 1151 2071 1213 uertitur
2131 1165 2188 1202 ne

2295 1150 2491 1213 σιλεῦ,
2517 1150 2760 1220 οὐδεμία
2781 1150 3077 1218 σωτηρίας
3101 1150 3295 1215 ἐλπίς.
3334 1149 3838 1216 Διαπεπτώκαμει

623 1228 840 1319 prorsus
876 1258 908 1295 a
934 1239 1488 1311 faciendiscipulorum
1526 1240 1649 1294 Jesu
1684 1239 1986 1307 deﬁciamus
2021 1256 2083 1293 ac
2114 1240 2183 1293 in-

2294 1240 2711 1311 ἀπολώλαμεν.
2747 1240 3183 1309 Κινδυνεύομεν
3230 1239 3581 1308 οἰχήσεσθαι
3640 1241 3836 1293 τέλει

622 1318 911 1399 “namus.
940 1331 1057 1386 Non
1087 1335 1219 1387 satis
1245 1335 1365 1404 fuit,
1393 1334 1531 1403 quod
1565 1332 1656 1386 ille
1684 1327 1857 1385 adhuc
1879 1333 2052 1385 vivens
2080 1347 2182 1402 post

2295 1334 2391 1387 καί
2433 1334 2969 1403 διαφθαρήσεσθαι,
3009 1333 3127 1387 ἀπὸ
3156 1332 3476 1401 προσώπου
3510 1331 3629 1384 τῶν
3668 1335 3838 1400 path

627 1418 919 1521 sp°plebem
947 1410 1190 1501 seduxit:
1221 1426 1312 1478 sed
1337 1428 1425 1496 qui
1460 1408 1865 1521 eobfa‘miliarius
1903 1425 2006 1489 usi,
2046 1424 2187 1478 illius

2294 1426 2410 1479 τῶν
2437 1426 2542 1480 τοῦ
2588 1427 2811 1493 Ἰησοῦ.
2838 1429 2958 1479 Οὐκ
2982 1424 3332 1492 ἀπέχρησεν
3359 1421 3588 1489 ἐκεῖνος
3627 1421 3733 1476 ἔτι
3770 1421 3838 1482 ζιῖ

628 1498 877 1589 doctrinis,
907 1498 1281 1581 successerunt,
1313 1526 1549 1570 nostram
1568 1516 1931 1571 dementarunt
1952 1527 2188 1586 gentem:

2296 1520 2488 1585 ὀπίσω
2518 1518 2699 1571 αὐτοῦ
2731 1517 2835 1571 τὸν
2866 1516 3019 1570 λαὸν
3066 1512 3434 1582 ὑποπλανᾷν
3460 1531 3473 1545 ·
3504 1513 3621 1568 νῦν
3645 1514 3731 1566 δὲ
3765 1512 3840 1578 τὴ

631 1598 897 1682 duodecim
940 1602 1107 1683 tribus
1161 1616 1366 1662 nostras
1410 1608 1798 1676 perdiderunt:
1836 1623 2025 1676 parum
2049 1608 2191 1661 abest

2296 1610 2527 1663 ἐκείνου
2549 1609 2805 1677 διδαχὴν
2823 1613 2875 1662 οί
2898 1609 3263 1677 ὡμιληκότες
3306 1605 3465 1671 αὐτῷ
3506 1606 3838 1675 διαδεξάμι

631 1682 759 1761 quin
788 1682 1036 1776 populum
1064 1682 1269 1755 omnem
1300 1695 1596 1748 allexerint.
1631 1684 1981 1763 Dejectionem
2020 1715 2051 1750 a
2077 1697 2191 1751 Cte-

2296 1719 2407 1763 νοι,
2448 1692 2889 1767 ἐξέστησαντὸ
2938 1698 3113 1765 ἔθνος
3172 1696 3375 1767 ἡμῶν·
3432 1698 3785 1752 ἀπώλεσαν
3820 1714 3841 1752 t

626 1803 749 1842 tare
771 1773 991 1850 docent;
1021 1785 1075 1839 in
1107 1787 1437 1855 majestatem
1476 1794 1621 1840 tuam
1652 1788 2012 1841 contumeliosi
2039 1798 2186 1853 sunt;

2300 1793 2726 1860 δωδεκάφυλον
2782 1788 2969 1859 ἡμῶν.
3013 1790 3243 1859 Ὀλίγον
3278 1789 3407 1842 δεῖν
3455 1789 3697 1854 πάντας
3737 1789 3839 1841 ἐπι

628 1879 858 1950 patriam
887 1875 1049 1946 legem
1076 1872 1330 1931 evertunt.
1360 1878 1528 1948 Neque
1556 1879 1610 1931 id
1639 1880 1815 1941 modo,
1839 1896 2019 1933 verum
2038 1881 2188 1933 etiam

2300 1885 2613 1937 σπάσαν-το
2642 1882 2784 1949 τοὺς
2812 1863 3020 1946 λαοιῖς.
3066 1882 3474 1934 Ἀποστασιάν
3492 1881 3609 1934 ἀπὸ
3634 1881 3840 1933 Καίσι

628 1972 686 2026 in
721 1960 892 2041 ipsum
929 1968 1094 2025 Deum
1118 1970 1351 2041 Patrum
1387 1972 1534 2041 impii
1576 1972 1858 2037 exsistunt,
1897 1974 1983 2043 qui
2015 1972 2188 2026 Iesum

2293 1993 2401 2043 ρος
2459 1974 2944 2027 ἐκδιδάσκουσιν.
2996 1973 3149 2041 Πρὸς
3194 1971 3311 2039 τὴν
3366 1971 3490 2036 σὴν
3532 1971 3841 2034 ,βασιλεία

577 2129 593 2141 λ
631 2061 803 2127 illum,
847 2064 933 2133 qui
964 2062 1239 2130 cruciﬁxus
1281 2072 1378 2127 est,
1422 2057 1619 2132 faciant
1657 2064 1848 2118 Deum.
1878 2064 1993 2117 Nisi
2027 2066 2137 2133 igiti

2298 2064 2729 2132 ἐξυϐρίζουσιν,
2790 2062 2901 2117 τὸν
2953 2062 3229 2132 πατρῷον
3295 2061 3576 2116 ἀθετοῦσι
3646 2059 3841 2128 νόμον

633 2156 795 2218 ocius,
820 2144 1276 2226 ‘regum‘maxime,
1304 2158 1508 2226 justam
1537 2156 1640 2221 illis
1668 2173 1875 2227 poenam
1898 2157 2176 2228 inflixeris,

2295 2158 2401 2213 Kal
2419 2160 2489 2211 οὐ
2495 2158 2705 2225 μόνον,
2729 2155 2888 2212 ἀλλὰ
2911 2157 3007 2209 καί
3020 2158 3107 2219 εις
3130 2153 3315 2209 αὑτὸν
3332 2154 3437 2207 τὸν
3452 2152 3570 2206 τῶν
3589 2151 3841 2220 πατέρω

634 2228 1009 2319 οοηερίειιεκτςὶ
1043 2233 1213 2300 malus
1238 2235 1412 2325 eaitus
1439 2249 1556 2301 erit.

2298 2250 2585 2307 ἀσεϐοῦσι
2619 2251 2786 2314 Θεὸν,
2830 2251 2936 2303 τὸν
2976 2245 3428 2316 ἐσταυρωμένον
3452 2245 3699 2299 ἐκεῖνον
3741 2248 3842 2298 Bac

634 2334 945 2399 ποιοῦντες
987 2334 1246 2401 Ἰησοῦν.
1274 2330 1453 2402 Εἴπερ
1476 2332 1587 2389 οὖν
1613 2336 1697 2405 μὴ
1733 2336 1946 2391 θᾶττον
1972 2336 2173 2403 αὐτοῖς
2213 2339 2324 2407 τὴν
2360 2340 2538 2405 ἀξίαν
2575 2340 2771 2408 δίκην,
2832 2336 2879 2395 ὦ
2932 2338 3175 2408 μέγιστε
3198 2335 3487 2404 βασιλεῦ,
3531 2334 3844 2400 ἐπιϐαλεῖς

632 2427 723 2491 είς
744 2424 1080 2493 περίοπτον
1106 2426 1170 2479 τὸ
1198 2426 1395 2495 χρῆμα
1427 2418 1600 2482 τοῦτο
1626 2414 1948 2495 καταλήξει
1969 2433 2177 2487 κακόν.

706 2514 846 2582 Quid
865 2516 1031 2597 igitur
1044 2531 1172 2570 vero
1200 2517 1363 2571 simili
1381 2520 1693 2589 conjectura
1715 2520 1915 2574 dixisse
1933 2520 2198 2576 Herodem
2258 2557 2263 2561 -

2376 2527 2442 2580 Τί
2471 2522 2562 2580 οὖν
2610 2525 2978 2595 διανοηθῶμεν
3026 2525 3291 2597 Ἡρώδην,
3344 2526 3421 2588 ὡς
3462 2524 3631 2591 είκδς,
3669 2524 3844 2593 φάναι

640 2607 987 2693 putabimus?
1018 2600 1154 2671 Quid
1186 2622 1306 2671 vero
1325 2625 1495 2679 aperte
1523 2611 1745 2680 pretium
1776 2610 2027 2679 faciamus
2047 2612 2073 2665 7
2100 2612 2200 2676 Qui

2312 2619 2371 2671 Ti
2400 2618 2465 2670 δὲ
2478 2615 2759 2685 ποιητέον
2786 2616 2929 2687 ἡμῖν
2950 2632 2967 2679 ;
2991 2616 3115 2683 πῶς
3137 2616 3204 2670 δὲ
3220 2617 3373 2670 κατά
3395 2616 3699 2670 τοσούτου
3724 2615 3842 2685 ,πρὸ

642 2708 818 2753 autem
835 2698 1080 2751 adversus
1098 2707 1301 2751 tantum
1328 2700 1594 2752 hominum
1611 2700 1816 2769 turbam
1838 2702 1953 2754 neci
1970 2702 2202 2756 dandam

2307 2710 2547 2777 σφαγὰς
2580 2708 2767 2776 ὄχλου
2788 2708 3141 2777 χωροῦντες,
3191 2710 3261 2762 οὐ
3284 2705 3455 2776 μείζω
3475 2707 3589 2776 τὴν
3618 2708 3838 2774 βλάϐη

643 2788 990 2859 procedentes,
1017 2804 1118 2841 non
1145 2790 1400 2859 majorem
1425 2804 1615 2843 noxam
1634 2790 1931 2861 malumque
1948 2793 2203 2863 diﬂicilius

2312 2800 2408 2853 καί
2480 2799 2919 2868 ἀργαλεώτερον
2972 2798 3455 2868 ἀπεργασαίμεθα
3504 2800 3569 2852 τὸ
3637 2800 3839 2853 κακόν

644 2879 1019 2934 τεάιίὶάετὶπιιιε
1034 2880 1060 2933 1’
1082 2880 1147 2932 At
1180 2896 1285 2933 non
1315 2881 1558 2935 adversus
1580 2898 1754 2935 omnes
1778 2884 2004 2952 penitus,
2027 2884 2201 2947 aiunt,

2326 2891 2488 2945 Ἀλλ’
2519 2892 2590 2944 οὐ
2622 2889 2770 2943 κατὰ
2807 2890 3047 2943 πάντων
3066 2888 3279 2959 ἄρδην,
3310 2889 3464 2959 φασὶ,
3490 2890 3553 2943 τὸ
3580 2889 3842 2959 ύμέτερο

646 2972 935 3041 potentiam
952 2979 1177 3024 uestram
1195 2974 1504 3026 exsuscitari
1521 2974 1813 3026 hortamur.
1833 2973 1976 3027 Nam
1993 2983 2206 3044 praeter-

2317 2980 2531 3049 κράτος
2560 2980 2951 3046 διαναστῆναι
2980 2979 3385 3049 παραινοῦμεν
3414 2995 3428 3009 ο
3459 2978 3559 3032 καί
3591 2979 3709 3048 γὰρ
3732 2978 3842 3047 πρὸ

645 3080 806 3135 quam
832 3064 967 3134 quod
1000 3080 1080 3117 res
1109 3063 1436 3133 difﬁcillima,
1475 3080 1644 3134 neque
1675 3066 1813 3134 forte.
1834 3064 2029 3119 Caesari
2060 3076 2205 3136 grata

2319 3073 2399 3138 τῷ
2426 3070 2707 3141 δυσχερεῐ
2733 3071 2840 3126 τοῦ
2874 3053 3234 3141 πράγματος,
3279 3071 3405 3126 οὐδ’
3434 3069 3594 3134 αὐτῷ
3630 3070 3715 3125 ἂν
3749 3071 3844 3137 ἀρε

648 3156 757 3225 fore
789 3156 1058 3219 videatur;
1102 3156 1260 3209 tantis
1286 3156 1478 3211 scilicet
1507 3157 1728 3211 caedibus
1756 3159 2016 3211 civitatem
2053 3157 2208 3228 pollui

2280 3160 2419 3227 locu
2494 3164 2572 3229 τῷ
2635 3168 2884 3230 Καίσαρι
2918 3164 3229 3228 τοσούτοις
3270 3159 3479 3229 αἵμασι
3524 3160 3641 3228 τὴν
3695 3161 3840 3213 πόλι

644 3260 714 3301 ac
734 3247 1053 3330 deformari:
1083 3247 1174 3301 sed
1194 3249 1423 3318 insignes
1446 3250 1556 3318 ejus
1582 3249 1860 3319 discipulos
1883 3248 2023 3319 (sunt
2044 3259 2204 3304 autem

2317 3259 2573 3326 μιαίνειν
2602 3254 2697 3308 καί
2730 3255 3008 3323 ἀχρειοῦν
3036 3271 3048 3284 θ
3084 3254 3227 3320 tabi;
3277 3252 3614 3323 ἐπισήμους
3644 3252 3724 3305 δὲ
3756 3249 3843 3304 τῶ

649 3338 734 3393 illi
756 3327 1027 3394 duodecim
1048 3356 1284 3406 numero,
1305 3327 1507 3411 quoset
1529 3341 1669 3412 plebs
1692 3346 1858 3395 omnis
1886 3344 2077 3397 erroris
2102 3360 2209 3397 ma-

2321 3348 2505 3401 αὐτοῦ
2536 3348 2833 3415 μαθητῶν.
2874 3346 3102 3399 Δώδεκα
3129 3345 3220 3399 δὲ
3254 3346 3360 3399 τὸν
3399 3345 3649 3414 ἀριθμὸν
3688 3339 3844 3399 οὗτοι

650 3432 840 3501 gistros
882 3430 1053 3500 habet)
1097 3433 1217 3495 hos,
1267 3432 1325 3485 si
1351 3434 1469 3485 duci
1501 3434 1746 3499 iusseris,
1787 3450 1878 3487 rex
1911 3434 2210 3501 clarissime,

2322 3436 2411 3505 οἷς
2466 3440 2611 3493 καίό
2647 3437 2764 3503 πᾶς
2819 3438 2999 3507 ὄχλος
3048 3438 3342 3514 ἑπόμενος
3401 3434 3837 3493 ἀποπλανᾶται

654 3531 764 3575 tum
788 3523 953 3575 Deum
972 3523 1256 3592 propitium
1277 3524 1505 3586 habebis,
1526 3534 1633 3577 tum
1656 3528 1795 3584 omni
1817 3528 1956 3595 genti
1976 3535 2214 3596 pacatam

2286 3530 2295 3539 “
2323 3532 2593 3595 τούτους,
2631 3525 2678 3585 ὦ
2720 3530 3095 3599 λαμπρότατε
3118 3529 3405 3594 βασιλεῦ,
3447 3531 3497 3581 εί
3527 3527 3844 3597 ἀπαγάγοις

654 3616 815 3669 vitam
850 3613 1092 3684 largieris
1112 3632 1131 3679 ;
1156 3616 1370 3685 ejusque
1395 3631 1486 3668 nos
1519 3617 1748 3685 beneﬁcii
1784 3604 2054 3683 memores,
2089 3635 2214 3687 gra-

2322 3623 2477 3687 ἒξεις
2496 3623 2609 3691 μὲν
2640 3623 2747 3677 τόν
2800 3623 2948 3679 Θεὸν
2983 3620 3201 3691 εὐμενῆ
3227 3638 3242 3652 ο
3287 3621 3407 3686 ὅλῳ
3464 3620 3533 3673 δὲ
3581 3619 3667 3683 τῷ
3718 3619 3845 3672 ἕθνι

656 3706 759 3760 tias
810 3722 972 3777 quam
1024 3707 1283 3759 maximas
1329 3706 1605 3772 habentes,
1654 3708 1880 3761 debitam
1928 3709 2089 3773 vicem
2134 3726 2216 3763 re-

2323 3714 2627 3781 είρηναίαν
2674 3712 2824 3781 ζωὴν
2850 3711 3046 3783 χαριῇο
3095 3711 3194 3765 καί
3242 3727 3341 3765 σοι
3388 3710 3496 3778 τῆς
3528 3710 3845 3779 εὐεργεσία

652 3796 954 3882 Ρθηάβηιυεο
1118 3858 1122 3863 .
1786 3854 1787 3857 η
1888 3866 1893 3869 ,
2322 3807 2541 3870 ταύτης
2564 3807 2854 3875 μεγίστην
2886 3804 3104 3870 ειδότες
3138 3803 3342 3875 χάριν,
3391 3802 3724 3871 ἀξιόχρεων
3762 3801 3844 3853 elo

2322 3896 2570 3964 οίσομεν
2603 3895 2872 3965 ἀμοιϐήν.

723 3989 845 4045 Mox
866 3985 1029 4059 igitur
1050 3986 1295 4043 Herodes
1326 3987 1566 4058 pessimo
1591 3988 1682 4041 illo
1722 3988 2013 4044 instinctus
2040 3989 2223 4045 consi-

2396 3989 2550 4058 Ἀμα
2597 3988 2772 4042 τοίνυν
2832 3991 2895 4058 τῇ
2944 3987 3156 4058 πονηρᾷ
3212 3986 3396 4058 βουλῇ,
3469 3984 3562 4038 καὶ
3632 3982 3847 4053 Ἡρώδη

657 4080 755 4146 lio,
783 4080 1105 4152 injustitiam
1133 4080 1493 4152 parturiebat.
1524 4081 1694 4135 Porro
1720 4083 1939 4157 concipit
1965 4081 2217 4155 dolorem,

2324 4082 2499 4139 ὥδινε,
2527 4082 2624 4153 τὴν
2654 4082 2883 4135 ἀδικίαν.
2944 4078 3355 4148 Συλλαμϐάνει
3394 4078 3461 4131 δὲ
3499 4078 3713 4140 πόνον,
3747 4076 3848 4129 ἀνι

660 4181 711 4227 et
747 4177 883 4243 parit
918 4173 1247 4243 iniquitatem
1270 4172 1334 4225 ¹³.
1368 4173 1680 4247 Mandatum
1707 4174 1982 4243 accipiunt
2002 4175 2220 4238 milites,

2322 4176 2467 4245 μίαν
2499 4174 2565 4227 δὲ
2596 4177 2779 4227 τίκτει
2807 4189 2819 4202 ·
2854 4175 2943 4223 καὶ
2970 4173 3018 4223 οἱ
3058 4170 3383 4241 στρατιῶται
3416 4168 3846 4240 παρηγγέλλοντε

663 4266 961 4333 positisque
987 4264 1257 4317 cuniculis
1276 4263 1486 4318 insidiae
1510 4273 1818 4317 struuntur.
1838 4264 2064 4334 Jamque
2090 4267 2223 4320 adeo

2328 4268 2423 4322 καὶ
2452 4271 2478 4320 ὁ
2501 4268 2653 4336 λόχος
2686 4264 3027 4334 ἡτοιμάζετο,
3054 4263 3147 4316 καὶ
3197 4261 3258 4316 τὸ
3290 4263 3499 4332 ἑνεδρον
3536 4258 3844 4314 κατεσκευὰ

664 4356 1061 4425 discipulorum
1096 4356 1277 4420 turba,
1313 4356 1429 4425 ejus
1459 4356 1759 4408 vexationis
1788 4372 1948 4410 causa
1976 4372 2096 4425 qua:
2125 4356 2224 4410 sub

2332 4361 2471 4425 ζετο.
2508 4350 2580 4411 Τὸ
2602 4358 2799 4424 πλῆθος
2827 4358 2923 4423 μὲν
2962 4351 3052 4409 οὖν
3094 4355 3204 4408 τῶν
3237 4354 3511 4426 μαθητῶν,
3540 4354 3627 4407 διὰ
3653 4353 3754 4423 τὴν
3783 4354 3846 4404 ἐπ

668 4447 944 4517 Stephano
982 4445 1121 4499 facta
1153 4456 1288 4510 erat,
1321 4446 1711 4516 Hierosolymis
1748 4447 1978 4511 relictis,
2024 4463 2227 4517 perque

2286 4511 2298 4521 _
2332 4452 2406 4521 τῷ
2435 4449 2684 4518 Στεφάνῳ
2713 4447 2909 4517 θλίψιν,
2952 4447 3049 4518 τὴν
3081 4448 3434 4519 Ἰερουσαλὴμ
3460 4446 3846 4511 καταλιπόντες

665 4510 799 4595 alias
838 4548 991 4593 extra
1038 4537 1205 4592 urbes
1243 4546 1406 4607 atque
1451 4510 1650 4607 oppida
1695 4538 1785 4592 alii
1824 4539 1930 4593 alio
1972 4510 2225 4608 dispersi,

2278 4511 2303 4563 ³
2334 4510 2427 4595 καὶ
2456 4510 2587 4610 πρός
2618 4510 2715 4602 τας
2764 4510 2867 4603 hic)
2898 4510 3077 4603 πόλεις
3101 4510 3196 4593 καὶ
3232 4510 3423 4609 κώμαξ
3453 4539 3600 4593 ἄλλοι
3643 4510 3838 4593 διασπα

663 4633 913 4687 veritatis
938 4630 1241 4685 doctrinam
1279 4630 1518 4685 secundo
1542 4642 1738 4685 conatu
1773 4633 2140 4703 praedicabant
2166 4632 2223 4683 ιδ.

2330 4634 2515 4706 ρέντες
2540 4630 2792 4701 ἀλλαχοῦ,
2823 4631 2909 4685 τὸν
2962 4631 3116 4700 λόγον
3152 4634 3252 4710 τῆς
3293 4631 3545 4701 ἀληθείας
3600 4632 3841 4715 ἐπεκηρυ

664 4723 890 4795 Magnus
911 4734 1096 4778 autem
1119 4723 1375 4788 lacubus,
1401 4738 1523 4777 cum
1548 4740 1645 4793 per
1666 4726 1974 4781 universam
1994 4726 2224 4780 Judzeam

2331 4725 2553 4779 κεύοντο
2584 4741 2597 4757 ’
2636 4722 2883 4785 Ἰάκωϐος
2910 4722 2963 4776 δὲ
2986 4724 3013 4776 ό
3040 4723 3233 4792 μέγας,
3270 4724 3456 4792 ἐπειδὴ
3488 4722 3609 4777 καθ’
3628 4722 3757 4791 ὅλην
3780 4718 3838 4787 τὴ

666 4827 722 4873 et
754 4817 1049 4881 Galilaeam,
1098 4816 1179 4871 uti
1206 4830 1334 4869 vere
1378 4816 1599 4870 touitrui
1633 4815 1806 4884 ﬁlius},
1846 4818 1942 4871 Dei
1987 4817 2226 4883 Evange-

2343 4817 2600 4871 Ἰουδαίαν
2626 4833 2684 4868 τε
2717 4827 2810 4867 και¹
2842 4814 3147 4878 Γαλιλαίαν,
3180 4814 3252 4877 ὠς
3276 4814 3502 4885 βροντῆς
3532 4812 3644 4875 υίὸς
3667 4800 3840 4881 ἀληθῶ

668 4908 802 4962 lium
844 4908 1045 4962 clarius
1080 4905 1440 4971 intonuisset,
1478 4905 2016 4979 Hierusolymitanam
2043 4909 2228 4963 Eccle-

2331 4907 2433 4983 ὢν,
2459 4907 2519 4961 τὸ
2533 4908 2626 4960 τοῦ
2653 4906 2787 4959 Θεοῦ
2812 4906 3137 4974 Εὐαγγὲλιον
3165 4906 3539 4975 ὲμϐροντήσας
3572 4902 3844 4971 γεγωνότε

669 5002 806 5059 siam
835 5001 1116 5069 invisurus
1159 5000 1360 5053 iterum
1399 5014 1647 5055 reversus
1680 5012 1781 5055 est.
1830 5002 2071 5069 Repente
2098 5013 2228 5069 ergo

2329 5018 2439 5069 ρον,
2508 5001 2605 5069 τὴν
2665 5002 2721 5051 ὲν
2784 4998 3180 5070 ἰεροσυλύμοις
3236 4996 3392 5059 αὖθις
3446 4993 3845 5065 ἐπισκεψόμενο

671 5092 895 5145 militari
937 5106 1100 5145 manu
1133 5090 1465 5162 corripitur,
1506 5100 1669 5160 atque
1702 5090 1929 5145 Herodis
1966 5090 2227 5145 tribunali

2330 5092 2623 5160 ἐκκλησίαν
2664 5091 2928 5160 ἐπανῆγεν
2966 5107 2977 5121 ·
3024 5087 3429 5158 συναρπάζεται
3486 5087 3583 5157 μὲν
3615 5084 3844 5155 ἐξαπίνης

674 5186 906 5239 sistitur.
956 5183 1200 5254 Cumque
1233 5186 1475 5241 atrocius
1508 5184 1725 5255 injuriis
1757 5183 1978 5253 petitus,
2007 5185 2229 5253 probris

2326 5182 2936 5255 χειρὶστρατιωτικῇ,τῷ
2963 5179 3203 5250 Ἡρώδου
3222 5179 3277 5232 δὲ
3298 5178 3501 5251 βήματι
3523 5181 3839 5251 προσάγεται

677 5278 1005 5346 complutus,
1058 5279 1375 5335 verberibus
1429 5280 1805 5341 exanimatus,
1859 5275 2023 5329 etiam
2063 5286 2226 5347 atque

2322 5279 2383 5339 ὃς
2399 5275 2493 5327 καὶ
2509 5273 2695 5345 ὕϐρεσι
2717 5275 3053 5345 βαλλόμενος,
3072 5274 3164 5326 καὶ
3176 5273 3398 5326 ὀνείδεσι
3419 5273 3581 5325 πλυνό
3588 5287 3758 5343 μενος,
3777 5267 3844 5319 κα

677 5368 843 5425 etiam
867 5368 1151 5438 juberetur
1182 5374 1404 5427 omnino
1444 5387 1645 5440 negare
1680 5369 1990 5433 Christum;
2029 5370 2114 5422 sin
2150 5368 2229 5423 illi

2335 5365 2585 5438 μάστιξιν
2609 5366 2944 5435 ὲταξόμενος,
2984 5366 3081 5417 καὶ
3108 5366 3620 5436 παραγγελλόμενος
3656 5375 3843 5432 παραγ·

679 5477 801 5517 esse
840 5469 1008 5516 morte
1036 5462 1289 5519 luendum
1323 5484 1337 5518 :
1379 5464 1728 5532 Impossibile,
1768 5463 2113 5526 exclamavit,
2153 5464 2230 5516 ei-

2334 5458 2488 5531 γελίᾳ
2516 5460 2852 5515 παντάπασιν
2894 5444 3213 5527 ἐξόμνυσθαι
3245 5458 3337 5511 τὸν
3362 5455 3617 5527 Χριστὸν,
3660 5450 3844 5521 iﬁllva-

758 5640 797 5669 ¹²
825 5639 960 5699 Gen.
982 5638 1129 5707 mn,
1154 5641 1243 5696 ‘20.
1318 5640 1360 5672 ⁵³
1391 5635 1530 5693 Psal.
1570 5657 1664 5707 vn,
1705 5642 1783 5696 l5.
1867 5642 1908 5674 “
1930 5641 2047 5697 Act.
2070 5657 2184 5705 vm,
2213 5639 2260 5693 Ι.
