3950 6320
701 298 706 302 ’
810 326 1089 389 ORATIO
1123 322 1401 385 V.—lN
1441 319 1755 383 LAUDEM
1794 319 1852 380 s.
1890 318 2148 380 JACOBI
2186 318 2550 380 ZEBED/EI.
3221 314 3290 376 98
3380 269 3387 273 i

126 465 148 499 ν
191 439 523 511 ἐπηρτῆσθαι
585 440 684 509 τὴν
728 439 953 509 ζημίαν,
994 435 1354 505 Ἀμήχανον,
1385 433 1605 503 ἐξεϐόη-

1724 448 1830 484 rum
1857 432 1947 501 qui
1976 428 2156 483 sobria
2190 429 2501 499 impartitus
2528 436 2736 485 ratione
2759 427 2852 489 sit.-
2880 428 3089 501 optione
3124 426 3288 497 facta,

124 554 163 600 ν,
194 532 371 600 ἇνῦρα
395 534 710 601 σώφρονος
749 531 1080 601 μετέχοντα
1107 525 1425 595 λογισμοῦ,
1470 524 1606 579 ἐλέ-

1730 528 1945 581 enebras
1978 524 2082 578 luci
2108 523 2406 593 anteferre;
2438 534 2758 596 mortemque
2784 524 2892 578 vita
2918 522 3173 594 potiorem
3194 520 3292 572 du-

124 631 188 679 lat
206 622 314 694 μὲν
341 624 411 677 ἐν
439 623 758 693 συγκρίσει
788 623 897 676 τὸν
924 620 1153 674 σκότον
1185 618 1333 686 ὑπὲρ
1365 618 1430 672 τὸ
1458 616 1604 688 φῶς·

1724 634 1866 672 rere:
1900 617 2053 687 longe
2096 632 2219 669 vero
2261 614 2490 685 amplius
2533 615 2774 669 abhorret
2812 623 2870 667 ut
2915 613 2980 668 sit
3027 609 3288 683 possibile,

122 723 298 771 irator
320 716 389 770 se
414 716 618 771 θέσθαι
652 714 1077 784 προτιμότερον
1104 711 1212 780 τῆς
1233 710 1401 781 ζωῆς.
1443 710 1608 765 Ἀδυο

1724 725 1845 769 mm,
1877 708 1966 777 qui
1997 704 2126 772 Iesu
2150 703 2345 760 Christi
2374 703 2597 758 Deitatis
2621 720 2682 757 ac
2713 704 3047 758 beatitudinis
3079 716 3291 755 sensum

123 810 369 876 ιτώτερον
420 808 489 862 δὲ
542 806 774 871 πολλῷ,
828 806 934 859 τὸν
962 805 1030 859 ἐν
1065 804 1470 870 συναισθήσει
1502 800 1610 869 τῆς

1724 802 1908 864 Γεεενὶι,
1933 799 2300 853 universorum
2329 797 2475 851 aliud
2496 797 2767 867 quidpiam
2792 796 2883 850 illo
2911 797 3164 861 sanctius,
3182 796 3291 847 seu

123 903 257 969 ησοῦ
285 903 391 957 τοῦ
420 900 678 971 Χριστοῦ
712 900 1016 967 θειότητος
1052 898 1150 951 καὶ
1176 896 1612 967 μακαριότητος

1713 885 1989 946 dilectione
2014 891 2220 961 ﬁdeque
2245 891 2300 943 in
2331 892 2524 961 ipsum,
2561 888 2770 959 dignius
2804 888 3075 942 arbitrari.

127 1002 382 1070 νόμενον,
422 999 581 1052 ἄλλο
630 1013 687 1049 τι
715 994 840 1049 τῶν
886 996 1128 1049 πάντων
1157 993 1393 1048 ἐκείνου
1427 988 1931 1059 σεϐασμιὼτερον,
1964 989 2002 1057 ἠ
2033 987 2143 1057 τῆς
2194 989 2283 1054 εἰς
2338 985 2521 1040 αὑτὸν
2593 974 2830 1055 ἀγάπης
2896 983 2994 1037 καὶ
3031 982 3288 1048 πίστεως

123 1095 463 1163 ζιοθεὼτερον
489 1095 856 1162 ἡγήσασθαι.

125 1195 340 1248 Οὐκοῦν
363 1191 430 1258 ὅς
447 1207 513 1262 τε
529 1192 940 1245 πεπίστευκεν
966 1188 1034 1243 ἐκ
1064 1186 1213 1244 Θεοῦ
1236 1204 1301 1242 τε
1328 1184 1609 1258 γενέσθαι

127 1290 181 1343 δε
201 1289 261 1342 τὸ
284 1285 426 1349 πᾶν,
456 1284 557 1339 καί
586 1284 720 1354 παρ’
751 1282 938 1339 αὑτοῦ
967 1281 1250 1337 δεδόσθαι
1291 1278 1606 1349 προφήτας

125 1382 150 1434 τί
195 1379 377 1448 νόμον
414 1378 484 1432 ὲν
528 1376 799 1445 Ἰσραὴλ,
852 1376 961 1429 τὸν
1018 1374 1328 1442 ἀγαπητὸν
1379 1371 1608 1426 δύναιτ’

126 1471 459 1542 ’ἀρνεῖσθαι
490 1470 590 1524 καὶ
622 1465 877 1538 συμφυῆ
911 1467 1012 1521 καὶ
1051 1463 1375 1536 μονογενῆ,
1418 1463 1492 1517 δι’
1529 1457 1600 1518 οὗ

125 1568 247 1620 ivra
276 1564 547 1634 γέγονεν,
565 1563 602 1618 d
618 1561 729 1630 τῆς
744 1561 931 1628 δόξης
946 1561 1233 1628 πεποίηκε
1255 1558 1477 1625 Πατὴρ,
1507 1556 1609 1609 ’καὶ

140 1649 181 1723 ᾧ
199 1630 538 1722 συνέστηκε
564 1654 637 1711 τὰ
652 1652 867 1706 πάντα.
894 1650 1076 1706 Τοῦτο
1102 1650 1292 1719 μόνον
1307 1644 1606 1716 λυπηρὸν,

1724 1651 1903 1706 tegare
1930 1636 2111 1706 possit.
2141 1634 2314 1689 Unum
2340 1633 2506 1699 nobis,
2531 1648 2645 1696 rex,
2681 1633 2774 1685 hoc
2798 1631 3102 1697 molestum;
3124 1638 3289 1684 unum
3402 1630 3405 1631 ⁷

131 1745 398 1811 βασιλεῦ,
428 1745 601 1801 τοῦτο
645 1744 904 1813 θλίψεως
932 1741 1076 1812 ⁴ἡμῖν
1094 1741 1305 1805 αἴτιον,
1334 1741 1422 1794 ὅτι
1452 1738 1615 1804 ἅπαξ

126 1842 249 1902 νον,
271 1838 411 1892 ἀλλ’
438 1838 509 1891 οὐ
550 1835 835 1906 μυριάκις
886 1833 1041 1902 ὑπὲρ
1077 1831 1187 1899 τῆς
1224 1831 1433 1901 Ἰησοῦ
1479 1832 1613 1886 θεό-

134 1948 220 1996 τος
254 1929 348 1983 καὶ
372 1930 560 1999 δόξης
585 1925 917 1984 ἀποθανεῖν
945 1926 1229 1981 δυνατόν.

128 2022 331 2087 Τούτοις
377 2022 468 2076 τὸν
521 2019 867 2094 μιαρώτατον
904 2019 1347 2091 ἐμϐροντηθέντα
1384 2019 1479 2074 καὶ
1511 2037 1613 2090 μα-

128 2132 224 2175 ms,
253 2112 499 2186 παρευθὺ
524 2110 782 2166 κελεῦσαι
808 2110 999 2165 τοῦτον
1036 2111 1364 2179 ἀπαγαγεῖν,
1397 2108 1491 2175 καὶ
1512 2111 1613 2180 τὴν

126 2208 338 2262 ινολσίαν
399 2208 579 2277 χάραν
630 2206 880 2277 μαχαίρᾳ
912 2206 1126 2275 τεμεῖν.
1173 2204 1247 2257 ὓὺ
1299 2202 1612 2275 Θαυμαστὸν

138 2301 223 2355 elo
255 2300 355 2372 τῆς
405 2299 620 2365 ἀδικίας
662 2298 904 2369 πυθμὴν,
955 2300 983 2353 ὁ
1018 2297 1261 2362 ὁδοποιὸς
1297 2296 1392 2351 τοῦ
1438 2298 1613 2352 Ἀντι-

135 2395 287 2460 ίστου,
321 2395 352 2447 6
394 2393 496 2463 τῆς
531 2391 791 2455 ἀσεϐείας·
826 2390 1143 2464 πληρωτὴς,
1196 2392 1255 2445 οὐ
1297 2391 1611 2463 θαυμαστὸν

132 2487 216 2548 τὰς
257 2474 445 2556 χεῖρας
499 2482 595 2536 ἐπὶ
642 2482 772 2545 τοὺς
813 2482 1149 2557 ἀποστόλους
1183 2481 1482 2545 ἐπιϐαλὼν,
1519 2481 1612 2534 τὸν

128 2576 215 2641 ξιὸν
244 2577 417 2631 ἀνεῖλε
445 2575 547 2647 τῆς
586 2574 919 2646 Ἐκκλὴσίας
949 2574 1225 2645 ὀφθαλμόν
1246 2591 1260 2605 ο
1290 2574 1405 2629 ἀλλ’
1434 2575 1617 2628 ἐκεῖνό

134 2670 516 2741 υμασιώτιρον,
569 2669 618 2722 εί
646 2667 721 2740 μὴ
761 2668 841 2731 είς
892 2667 1177 2737 οἰκοδομὴν
1229 2665 1385 2719 τοῦτο
1413 2665 1608 2737 μείζω,

144 2802 153 2813 .
178 2762 327 2835 νίκην
356 2761 529 2833 αὐτῆς
578 2757 1061 2837 περιφανεστέραν
1089 2758 1405 2837 ᾠκονόμητο
1424 2771 1438 2784 ⁸
1508 2754 1604 2817 καὶ

151 2857 173 2908 ὶ
224 2833 381 2909 τοῦτο
431 2834 693 2922 τοσούτῳλ
726 2849 1062 2920 θαυμαστὸν,
1130 2833 1255 2921 ὅσον
1294 2849 1343 2901 εί
1392 2845 1467 2918 μὴ
1498 2848 1612 2909 τοῖς

150 2946 281 3001 ιστοῦ
319 2946 583 3009 Gaianas;
610 2938 866 2998 ὶντεῦθεν
895 2944 930 3015 ἡ
971 2940 1319 3015 πανωλεθρία
1343 2939 1614 2994 tutelast-

147 3055 197 3093 ιι.

147 3129 380 3193 Ἰάκωϐος
442 3129 541 3202 μιν
586 3122 681 3184 οὖν
710 3129 742 3183 ὂ
770 3127 1217 3201 μακαριώτατος,
1282 3123 1359 3187 ὼς
1422 3121 1612 3193 ἀρνίον

1780 1182 1924 1237 Absit
1979 1182 2172 1250 igitur,
2206 1188 2263 1233 ut
2305 1180 2393 1250 qui
2436 1194 2615 1233 rerum
2654 1179 2789 1231 hanc
2830 1176 3225 1229 universitatem
3256 1193 3289 1228 a

1708 1275 1817 1329 Deo
1856 1274 2122 1328 conditam
2152 1272 2338 1334 credit,
2373 1280 2530 1341 atque
2559 1272 2622 1324 ab
2646 1286 2704 1324 eo
2737 1269 2887 1322 datos
2919 1269 3197 1338 prophetas
3228 1284 3289 1319 ac

1710 1367 1876 1436 legem
1916 1366 1971 1418 in
2015 1362 2236 1425 Israele,
2273 1361 2557 1426 dilectum,
2595 1359 2827 1430 ejusdem
2864 1375 2924 1413 ac
2959 1357 3051 1411 ille
3083 1365 3290 1411 natura:

1708 1465 1757 1508 et
1791 1455 2147 1526 Unigenitum,
2184 1470 2278 1525 per
2302 1470 2457 1524 quem
2488 1452 2698 1506 condita
2736 1452 2942 1514 omnia,
2980 1465 3094 1520 qua
3130 1449 3290 1503 Pater

1710 1546 1892 1616 gloria:
1930 1545 2193 1609 condidit,
2230 1553 2280 1598 et
2308 1546 2366 1597 in"
2400 1559 2501 1614 quo
2536 1550 2777 1596 constant
2819 1543 3017 1604 omnia,
3051 1556 3288 1611 unquam

1718 1730 1865 1800 angit
1896 1738 1946 1783 et
1976 1729 2260 1793 excruciat,
2298 1728 2436 1799 quod
2464 1725 2625 1780 semel
2658 1726 2938 1789 duntaxat,
2970 1741 3074 1778 non
3100 1712 3288 1777 millies

1718 1838 1814 1894 pro
1834 1821 1962 1876 Iesu
1990 1821 2196 1876 Deitate
2221 1829 2378 1891 atque
2410 1819 2581 1890 gloria
2616 1818 2750 1872 mori
2771 1832 3067 1871 concessum
3093 1818 3182 1873 sit.

1781 2001 1944 2069 Hisce
1972 2001 2393 2059 scelestissimus
2414 2000 2503 2056 ille
2534 2001 2801 2055 attonitus
2831 2016 2894 2055 ac
2918 1999 3127 2066 furens,
3155 2014 3287 2054 con—

1711 2092 1894 2148 festim
1918 2093 2042 2149 duci
2079 2093 2363 2148 Jacobum~
2377 2092 2568 2162 jussit,
2608 2105 2669 2144 ac
2695 2089 3075 2145 beatissimum
3138 2090 3285 2143 illius

1712 2195 1877 2258 caput
1905 2187 2085 2258 gladio
2120 2183 2393 2240 abscindi.
2424 2183 2611 2252 Neque
2645 2182 2700 2236 id
2734 2182 2963 2247 mirum,
3005 2181 3151 2251 quod
3179 2181 3288 2235 ini-

1713 2278 1942 2348 quitatis
1978 2277 2193 2333 sentina
2237 2276 2489 2347 imusque
2528 2286 2755 2343 gurges,
2797 2271 3112 2326 Antichristi
3144 2281 3288 2340 prae-

1713 2386 1927 2438 cursor,
1969 2368 2269 2440 impielatis
2304 2366 2534 2432 artifex;
2568 2381 2692 2420 cum
2722 2364 2778 2419 in
2804 2365 3078 2435 apostolos
3107 2363 3289 2418 misis-

1713 2473 1799 2519 set
1833 2478 2058 2524 manus,
2102 2462 2354 2516 dextrum
2400 2456 2661 2513 Ecclesia:
2701 2455 2987 2513 sustulerit
3030 2455 3284 2509 oculum:

1713 2555 1808 2611 sed
1846 2554 1981 2609 illud
2020 2554 2244 2624 dignum
2276 2549 2669 2618 admiratione,
2711 2548 2817 2603 nisi
2848 2549 2902 2603 in
2940 2550 3198 2619 majorem
3232 2548 3287 2603 id

1710 2648 2129 2704 adiﬁcationem
2154 2645 2382 2716 ejusque
2403 2642 2576 2711 ipsius
2597 2640 2953 2715 illustriorem
2976 2639 3284 2703 victoriam,

1711 2742 2085 2811 dispensatum
2109 2746 2271 2794 esset.
2304 2735 2446 2803 Quin
2475 2749 2546 2789 ne
2577 2734 2685 2789 hoc
2711 2733 2933 2804 quidem
2966 2733 3045 2788 sic
3064 2733 3285 2789 mirum.
3381 2791 3384 2795 ,

1711 2847 1876 2901 quam
1912 2831 1959 2886 si
1980 2830 2111 2884 hinc
2138 2842 2358 2900 quoque
2376 2824 2582 2881 Christi
2605 2823 3058 2896 persecutoribus
3083 2821 3287 2878 conﬂa-

1712 2932 1831 2977 tum
1851 2937 1963 2977 non
1985 2927 2133 2976 esset
2159 2918 2411 2974 exitium.

1796 3116 2151 3172 Beatissimus
2174 3114 2357 3186 itaque
2384 3113 2625 3170 Iacobus
2644 3120 2903 3184 tanquam
2936 3116 3111 3183 agnus
3132 3109 3290 3166 inno-

149 3240 267 3287 ικον,
294 3222 369 3288 ὡς
399 3194 676 3295 πρόϐατον
706 3194 957 3293 ἄμωμον,
981 3220 1159 3273 ὀπίσω
1184 3216 1278 3272 τοῦ
1313 3204 1488 3287 ἀμνοῦ
1516 3213 1613 3269 τοῦ

1724 3226 1880 3276 cens,
1915 3218 2173 3280 tanquam
2200 3210 2318 3263 ovis
2358 3206 2759 3272 immaculatus,
2790 3214 2913 3277 post
2951 3205 3164 3276 Agnum
3187 3205 3287 3260 Dei

151 3316 187 3370 τῦ
213 3316 586 3386 σφαγιασθεὶς,
631 3317 724 3372 καὶ
752 3316 839 3370 διὰ
863 3312 959 3369 τοῦ
990 3311 1291 3387 ἀρχιερέως
1312 3310 1407 3364 τοῦ
1440 3309 1614 3382 μεγά-

188 3408 339 3464 θυσία
394 3408 570 3475 ζῶσα,
620 3408 816 3480 λογική
860 3425 921 3462 τε
957 3408 1052 3460 καὶ
1079 3404 1299 3476 ’θελητὴ
1348 3403 1427 3475 τῷ
1450 3402 1615 3466 ζῶντι

154 3500 177 3572 ξι
217 3503 675 3575 προσενεχθεῖσα,
738 3499 1075 3573 ἐπρέσϐευσε
1127 3499 1227 3569 μὲν
1284 3497 1422 3567 ὑπὲρ
1459 3555 1471 3569 ν
1503 3494 1614 3550 τῶν

154 3596 382 3663 Μόλων,
430 3594 767 3666 ἐπρέσϐευσε
805 3594 864 3648 δὲ
924 3588 1066 3663 ὑπὲρ
1094 3592 1200 3667 ,τῆς
1262 3588 1609 3659 Ἐκκλησίαςο

156 3704 173 3751 ς
207 3689 321 3758 μὲν,
369 3686 431 3741 τδ
460 3689 623 3760 ἔργον
678 3684 988 3743 εὐοδοῦσθαι
1006 3686 1106 3755 τῆς
1133 3682 1434 3751 ἀποστολῆς
1458 3695 1475 3712 ⁶
1513 3680 1612 3752 τὴν

177 3780 266 3851 τῆς
312 3778 613 3850 Ἰουδαϊκῆς
654 3778 1092 3834 ἀπαλλάττεσθαι
1133 3775 1444 3848 μιαιφονίας
1468 3788 1483 3804 ο
1519 3770 1613 3825 καὶ

158 3874 347 3929 ’ννσθαι
390 3873 496 3944 μὶν
549 3871 677 3935 τοὺς
727 3869 807 3942 τῷ
856 3866 1177 3939 Εὑαγγελίῳ
1230 3864 1569 3938 μαχομένους
1593 3876 1609 3891 ⁸

165 3963 369 4035 ροῦσθαι
396 3964 456 4018 δι
493 3965 619 4027 τοὺς
659 3959 1011 4024 εὐδοκοῦντας
1037 3958 1206 4030 αὐτῷ.

160 4056 334 4128 Ταύτης
380 4056 738 4127 ἀποτέλεσμα
786 4054 887 4124 τῆς
925 4053 1155 4117 ἱκεσίας,
1200 4052 1235 4124 ἡ
1260 4048 1387 4122 παρ’
1423 4049 1615 4104 ἐλπίδα

186 4149 375 4221 Πέτρου
406 4148 684 4220 σωτηρία·
709 4148 817 4200 τῶν
837 4163 898 4199 τε
921 4146 1134 4215 δεσμῶν
1155 4147 1247 4199 καὶ
1275 4145 1375 4214 τῆς
1392 4142 1613 4213 εἱρκτῆς

188 4240 273 4308 τῆς
291 4227 640 4309 ἀπαγωγῆς,
662 4238 728 4311 ἢν
754 4235 1180 4307 αὐτὸνέμιλλεν
1217 4234 1461 4305 Ἡρώδης
1505 4235 1610 4285 ἀπ·
1660 4288 1663 4293 ,

166 4329 280 4396 mir
328 4330 495 4393 εὐθὺς
534 4330 670 4401 μετὰ
698 4329 757 4382 τὸ
813 4327 1024 4398 Πάσχα,
1065 4325 1131 4379 δι’
1171 4323 1403 4393 ἀγγέλου
1427 4321 1613 4393 χειρὸς

167 4422 361 4497 dum.
398 4425 478 4480 oo
514 4424 674 4495 μόνον
708 4424 785 4489 δι,
818 4422 955 4477 ἀλλὰ
987 4424 1080 4476 καὶ
1113 4422 1144 4491 ἡ
1174 4419 1337 4473 αὐτοῦ
1372 4417 1611 4489 Ἡρώδου

170 4513 311 4581 λατοξ
334 4517 632 4601 πληγὴ-δι’
673 4518 739 4587 ἢν
765 4516 963 4571 αὐτίκα
993 4514 1086 4568 τοῦ
1124 4512 1323 4585 μιαροῦ
1359 4510 1609 4581 σώματος
1646 4548 1685 4602 D

168 4606 343 4677 ιληιιας
369 4608 723 4680 ἐξέρψαντος,
750 4609 937 4679 βιαίως
986 4606 1263 4679 summa
1288 4605 1385 4677 τὴν
1410 4604 1608 4676 ψυχήν·

169 4698 339 4752 τεῦθεν
376 4700 437 4754 δὶ
477 4702 573 4754 καὶ
619 4701 656 4771 ἡ
689 4701 847 4771 χάρις
882 4701 948 4754 τά
1009 4699 1137 4769 ἔθνη
1193 4698 1471 4770 μετιοῦσα,
1503 4701 1614 4760 τοῖς

170 4791 335 4858 delet;
376 4793 475 4847 τὸν
504 4789 649 4846 οἷκον
684 4794 760 4855 είς
781 4795 1060 4863 ἐρήμωσιν
1087 4793 1261 4860 ἠφίει.

174 4879 367 4948 mna,
425 4884 603 4955 κήρυε
657 4883 960 4953 θερμότατε
1042 4882 1143 4949 τῆς
1196 4878 1453 4949 ἀληθείας
1518 4878 1610 4930 τοῦ

174 4978 412 5046 ιττελίουι
446 4977 477 5029 ὁ
525 4974 662 5047 μετά
702 4976 909 5046 Πέτρου
937 4974 1032 5027 καὶ
1069 4972 1309 5026 Ἰωάννου
1351 4972 1449 5040 τὴν
1470 4970 1612 5021 ἀνω-

180 5087 215 5119 ω
245 5070 388 5137 τάξιν
416 5072 515 5125 καὶ
560 5071 660 5139 τὴν
707 5065 951 5138 κορυφὴν
984 5066 1081 5136 τῆς
1118 5062 1478 5131 ἀποστολικῆς
1508 5076 1608 5111 κα-

179 5178 256 5227 ρις
282 5158 603 5234 διειληχιλῖις⁸
638 5162 816 5232 χαῖρε,
865 5160 939 5223 ὡς
992 5159 1052 5211 τὸ
1091 5157 1344 5227 ποτήριον
1376 5149 1611 5222 Χριστοῦ

180 5259 593 5329 ςσυμμαθηταῖς
642 5253 907 5323 προπιὼν,
962 5249 1146 5304 καὶτὸ
1188 5248 1453 5317 σωτήριον
1515 5244 1612 5314 βά·-

185 5358 297 5411 σμα,
317 5349 455 5414 εατά
481 5349 585 5419 τὴν
606 5345 899 5417 ὑπόσχεσιν
951 5339 1293 5413 βαπτισθείς-
1332 5338 1424 5411 καὶ
1446 5334 1614 5407 διπλῷ

186 5434 332 5503 im.
361 5437 460 5507 τῆς
506 5436 815 5507 ἀποστολῆς
843 5435 937 5491 καὶ
957 5434 1056 5505 τῆς
1086 5430 1409 5505 μαρτυρίας,
1447 5445 1613 5483 κατα-

193 5525 376 5594 μηθείς.

184 5617 330 5689 (αἶρε,
362 5621 443 5674 ὅτι
488 5622 685 5693 νήπιος
711 5618 788 5677 ὢν
824 5618 904 5674 ῐτι
952 5619 1049 5693 τὴν
1081 5611 1454 5688 πνευματικὴν
1492 5612 1612 5685 ἡλι-

187 5795 371 5854 'llarc.
395 5815 447 5866 ι,
464 5800 554 5855 39.
635 5768 644 5781 .

1717 3301 2053 3365 immolatus,
2072 3308 2127 3355 et
2146 3314 2245 3370 per
2263 3296 2576 3370 pontiﬁcem
2600 3312 2852 3368 magnum
2875 3296 3053 3350 hostia
3070 3295 3282 3361 vivens,

1715 3392 2107 3463 rationalisque
2137 3400 2193 3446 et
2244 3389 2583 3453 voluntaria,
2619 3388 2729 3443 Deo
2782 3386 2987 3442 viventi
3038 3386 3280 3452 oblatus,

1712 3485 1975 3561 precibus
2003 3484 2071 3539 ad
2098 3484 2267 3539 Deum
2302 3497 2401 3552 pro
2438 3477 2699 3551 apostolis
2728 3478 3073 3544 intercessit;
3107 3478 3284 3533 inter-

1714 3579 1879 3636 cessit
1899 3587 2083 3650 et'pro
2109 3576 2375 3632 Ecclesia.
2404 3574 2510 3629 Pro
2534 3572 2644 3627 illis
2672 3573 2918 3643 quidem,
2948 3580 3009 3626 ut
3055 3569 3138 3626 eis
3160 3586 3285 3641 pro—

1714 3688 1878 3744 spere
1901 3672 2123 3727 cederet
2148 3660 2443 3740 apostoliCa
2474 3666 2684 3721 functio
2701 3682 2714 3732 ;
2734 3680 2833 3736 pro
2859 3665 2961 3719 hac
2985 3679 3139 3729 vero,
3162 3672 3222 3715 ut
3253 3679 3284 3717 a

1711 3764 1940 3821 Judaica
1979 3764 2311 3817 liberaretur
2348 3759 2554 3815 saevitia
2589 3775 2601 3811 :
2640 3773 2704 3813 ac
2741 3765 3123 3827 rumperentur
3166 3755 3287 3824 qui-

1714 3858 1838 3929 dem
1882 3854 2166 3926 Evangelii
2220 3853 2439 3919 hostes;
2486 3850 2644 3907 malis
2691 3858 2872 3905 autem
2919 3850 3283 3915 solverentur,

1716 3948 1812 4020 qui
1840 3946 2094 4001 lubentes
2116 3943 2250 3999 illud
2275 3943 2565 3997 haberent.

1780 4040 1955 4113 Hujus
1986 4037 2216 4094 euectus
2242 4034 2681 4106 supplicationis,
2712 4031 2859 4088 Petri
2906 4032 2999 4087 illa
3026 4034 3282 4103 inexspe-

1713 4144 1858 4193 ctata
1897 4135 2043 4190 salus
2061 4136 2093 4203 ;ξ
2115 4135 2343 4203 ejusque
2384 4146 2415 4185 a
2448 4130 2683 4186 vinculis
2715 4137 2770 4183 et
2822 4142 3041 4182 carcere
3076 4136 3134 4181 et
3181 4127 3284 4182 du-

1713 4228 1894 4283 ctione
1917 4240 2015 4296 per
2042 4211 2292 4293 angelum
2319 4221 2587 4283 liberatio,
2607 4234 2713 4288 qua
2740 4219 2919 4272 statim
2945 4217 3281 4286 postPascha

1713 4335 1839 4376 eum
1866 4317 2106 4373 Herodes
2130 4323 2249 4370 erat
2273 4313 2558 4367 ducturus.
2588 4311 2776 4379 Neque
2808 4308 2862 4362 id
2891 4309 3073 4371 modo,
3106 4307 3202 4362 sed
3225 4315 3283 4361 et

1716 4409 1945 4465 Herodis
1974 4406 2147 4477 ipsius
2181 4398 2365 4459 divino
2404 4392 2642 4456 numine‘
2664 4401 2840 4472 plaga,
2877 4415 2982 4469 qua
3021 4415 3145 4454 mox
3177 4398 3281 4452 im-

1714 4516 1855 4573 puro
1905 4513 2133 4568 corpore
2189 4494 2580 4550 ebullientibus
2637 4492 2951 4557 vermibus,
3013 4492 3284 4545 violenter

1712 4594 1946 4648 animam
1978 4587 2213 4658 abrupit.
2254 4585 2395 4653 Quin
2423 4593 2479 4638 et
2508 4582 2634 4637 inde
2666 4581 2841 4652 gratia
2870 4590 3059 4653 gentes
3089 4594 3281 4651 prose—

1668 4714 1673 4719 -
1709 4697 1856 4749 cuta,
1885 4683 2086 4739 Iudaeis
2113 4682 2337 4735 domum
2367 4679 2423 4731 in
2450 4676 2845 4731 desolationem
2880 4674 3122 4744 reliquit.

1782 4863 1919 4928 Sed,
1956 4878 1991 4918 ο
2031 4861 2280 4916 veritatis
2314 4857 2594 4929 Evangelii
2642 4855 2964 4927 praedicator
2998 4852 3280 4909 ferventis-
3366 4843 3373 4855 ’

1710 4957 1877 5012 simel
1913 4956 2006 5025 qui
2036 4970 2159 5008 cum
2190 4954 2352 5007 Petro
2381 4960 2435 5006 et
2458 4950 2667 5005 Joanne
2700 4962 3010 5017 supremam
3046 4946 3277 5017 classem

1710 5061 1875 5119 atque
1916 5048 2176 5112 verticem
2220 5045 2533 5115 apostolicae
2569 5025 2849 5113 dignitatis
2895 5047 3084 5091 tenes:
3120 5034 3275 5088 Salve

1717 5144 1812 5206 sis,
1845 5150 1905 5195 ut
1930 5139 2025 5210 qui
2054 5139 2256 5195 Christi
2287 5138 2511 5192 calicem
2539 5146 2664 5189 ante
2697 5130 3096 5199 condiscipulos
3125 5126 3275 5179 bibe-

1719 5239 1797 5294 ris
1846 5256 1908 5293 ac
1960 5238 2113 5309 juxta
2171 5230 2317 5301 quod
2368 5229 2445 5284 illi
2505 5226 2779 5298 pollicitus
2832 5237 2991 5283 eras,
3048 5216 3273 5272 salutari

1718 5308 1994 5403 baptismo
2040 5327 2345 5397 baptizatus
2389 5320 2491 5384 sis,
2533 5308 3135 5403 dupliciqueprasclare
3176 5319 3273 5403 co:

1720 5396 1853 5479 rona
1885 5396 2309 5481 condecoratus,
2342 5407 2623 5483 apostolici
2662 5402 2903 5461 muneris
2936 5416 2999 5454 ac
3031 5396 3269 5466 suscepti

1719 5513 1961 5584 martyrii
1998 5513 2061 5565 ¹⁵.

1784 5577 1975 5662 Salve.
2003 5602 2149 5674 quod
2181 5615 2304 5656 cum
2347 5595 2603 5669 parvulus
2641 5590 2820 5647 adhuc
2853 5597 3001 5641 esses
3040 5577 3269 5651 spiritali
