3950 6320
513 349 585 412 99
1119 391 1125 398 .
1711 347 2007 410 NICETB
2043 349 2566 417 PAPKLAGONIS
3560 429 3564 432 ,
3642 372 3736 440 100

510 472 724 518 statura
756 469 814 518 et
851 469 1034 529 aetate,
1081 459 1285 518 terreni
1329 460 1484 532 regni
1523 461 1816 532 primatum
1862 461 2048 532 petieri

2150 466 2336 561 ικίαν,
2412 470 2688 541 βασιλείας
2761 475 3006 546 ἐπιγείου
3074 481 3405 557 προτίμησιν
3483 485 3693 561 ᾔτησας
3714 507 3730 525 ο

509 556 635 628 (nec
660 554 809 610 enim
842 553 938 608 flat
978 569 1220 624 unquam
1261 561 1320 607 ut
1361 554 1684 625 magnificus
1718 553 1962 618 animus,
2004 569 2048 610 rt

2185 560 2306 614 οὐδὲ
2350 562 2464 654 γὰρ
2501 564 2753 637 ἀνέχεται
2781 585 2910 622 ποτε
2937 568 3081 642 ψυχὴ
3127 553 3518 651 μεγαλόφυὴςῖ
3545 553 3734 654 μικρο-

514 648 748 720 alicujus
793 647 978 702 tenuis
1028 662 1092 701 ac
1131 645 1340 701 vilioris
1379 645 1657 701 desiderio
1693 643 1980 713 alliciatur)
2025 645 2048 701 in

2184 651 2394 745 πρεπές
2441 671 2493 708 τι
2524 656 2709 712 ποθεῖν
2731 675 2747 690 ’
2787 661 2868 726 είς
2894 659 3060 734 ἄνδρα
3091 663 3150 717 δὲ
3196 643 3592 741 τελειούμενοξ.
3637 643 3733 745 ’ἑῆς

506 741 684 794 virum
721 746 907 793 autem
952 738 1193 802 adultus,
1240 735 1374 809 Regi
1406 736 1594 808 gloria:
1627 737 1934 809 proximam
1965 736 2086 808 pri-

505 846 758 898 mamque
785 828 977 884 sedem
1008 829 1241 899 adeptus
1268 828 1363 882 sis.

573 920 766 985 Salve,
806 921 964 977 beate
996 920 1160 976 Verbi
1198 919 1403 989 Deique
1443 918 1560 991 ipse
1583 919 1757 977 oculis
1782 919 2080 991 inspector,

502 1013 649 1082 quod
675 1013 1046 1082 piscationem
1072 1010 1393 1082 piscatione,
1417 1010 1754 1065 desiderium
1782 1009 2078 1077 desiderio,

502 1104 883 1160 hereditatem
907 1102 1224 1158 haereditate
1248 1113 1612 1168 commutans,
1649 1101 1739 1166 iis,
1763 1115 1882 1169 qua:
1908 1100 2080 1156 insta-

506 1200 639 1254 bilia
685 1206 835 1260 sunt,
877 1213 942 1252 ea
972 1211 1094 1266 qua:
1121 1203 1373 1262 manent;
1425 1195 1512 1260 iis,
1557 1210 1678 1266 qua
1717 1193 1774 1247 in
1821 1193 1983 1249 terris
2021 1201 2078 1248 et

501 1291 647 1345 fluxa
680 1299 830 1354 sunt,
868 1289 1115 1345 caelestia
1144 1304 1248 1344 nec
1274 1303 1515 1360 unquam
1538 1289 1779 1359 peritura
1813 1301 2077 1342 consecu-

501 1391 592 1439 tus
621 1383 718 1438 sis.

569 1477 781 1543 Gaude,
816 1476 964 1547 quod
998 1476 1142 1530 sicut
1176 1475 1327 1530 nullo
1360 1474 1562 1538 medio,
1595 1489 1718 1551 cum
1750 1472 1805 1527 in
1841 1487 2072 1542 corpore

493 1573 816 1638 versareris,
847 1571 944 1627 Dei
980 1570 1222 1626 hominis
1245 1568 1644 1625 consuetudine
1666 1569 1722 1623 in
1751 1576 1892 1624 terra
1915 1568 2072 1639 prius

496 1665 764 1731 utebaris,
821 1667 902 1720 sic
949 1681 1098 1721 nunc
1148 1664 1327 1719 eidem
1373 1663 1687 1719 immediate
1733 1662 1930 1733 spiritu
1969 1663 2068 1718 de-e

492 1756 867 1813 vinctissimus
900 1756 1039 1813 facie
1071 1755 1138 1812 ad
1168 1754 1362 1810 faciem
1392 1754 1450 1810 in
1483 1755 1636 1810 caelis
1670 1753 1958 1811 insuescis.

565 1933 755 1992 Gaude
782 1944 839 1991 et
872 1936 1056 1991 laetare
1092 1935 1144 1988 in
1173 1934 1403 1988 Domino
1426 1933 1537 1988 Deo
1565 1942 1657 1986 tuo
1682 1947 1745 1987 ac
1776 1927 1922 2004 Rege
1945 1941 2059 1998 tuo,

488 2041 701 2095 nosque
729 2025 1004 2096 propitius
1028 2024 1096 2078 de
1122 2024 1262 2078 caelo
1291 2024 1508 2078 intuere
1532 2040 1544 2076 :
1586 2039 1648 2078 ac
1679 2037 1813 2077 vero
1862 2039 2059 2093 purum

487 2116 647 2172 nobis
669 2132 732 2171 ac
756 2115 1191 2179 immaculatum,
1223 2115 1593 2184 apostolorum
1622 2127 1702 2170 ter
1725 2114 2058 2182 beatissime,

484 2219 541 2266 et
558 2225 589 2263 a
606 2208 790 2263 saeculi
820 2206 1040 2271 malitia:
1061 2205 1278 2260 insidiis
1295 2205 1529 2260 liberum
1553 2221 1772 2260 servans
1793 2207 2056 2273 animum,

493 2298 728 2354 Domino
749 2296 970 2351 Christo
999 2295 1490 2350 incontaminatum
1522 2297 1725 2350 utinam
1760 2313 2059 2366 repraesena

490 2399 594 2456 tes,
626 2391 681 2445 in
711 2389 940 2461 gloriam
967 2387 1146 2443 Patris
1178 2396 1234 2443 et
1262 2387 1384 2443 Filii
1411 2395 1466 2444 et
1499 2387 1736 2460 Spiritus
1766 2390 1966 2457 sancti,
2000 2391 2056 2445 in

486 2482 681 2538 saecula
712 2481 1058 2536 smCulorum.
1096 2479 1290 2534 Amen.

1100 2681 1358 2736 ORATIO
1391 2682 1478 2738 Vl.

475 2776 742 2834 Laudatio
771 2774 1038 2847 sanctihac
1062 2771 1457 2847 celebratissimi
1481 2774 1709 2847 apostoli
1733 2785 1782 2829 et
1813 2775 2057 2847 Evange-

935 2843 1071 2897 lism
1093 2842 1314 2897 Joannis
1336 2842 1594 2915 Theoldgi.

546 2958 648 3026 Qui
710 2972 964 3027 magnum
1022 2931 1255 3009 'tonitrui
1332 2955 1529 3012 Filium
1590 2956 1815 3013 laudare
1860 2958 2050 3031 jubet,

487 3048 667 3118 ipsum
707 3047 842 3102 mihi
877 3063 1132 3118 magnum
1169 3047 1266 3102 Dei
1305 3047 1566 3117 Spiritum
1601 3049 1857 3104 laudibus
1897 3066 2056 3107 coro-

2183 743 2408 814 ιγγιστα
2457 747 2608 816 παρὰ
2644 748 2725 820 τῷ
2770 751 2990 808 Βασιλεῖ
3022 752 3124 826 τῆς
3175 755 3331 829 δόξης
3383 743 3731 832 πρωτοκαθε-

2182 835 2338 908 δρίας
2365 835 2623 909 ὴξιὼθης.

2251 930 2441 1003 Χαῖρε,
2497 932 2684 1007 μάκαρ
2723 935 2967 995 αὑτόπτα
3008 940 3102 996 τοῦ
3150 942 3323 1012 Λόγου
3345 945 3440 999 καὶ
3499 945 3723 1016 θεόπτα,

2177 1020 2260 1075 ὅτι
2295 1026 2393 1094 τῆς
2440 1023 2626 1092 ἁλείας
2673 1026 2879 1095 ἀλείαν,
2915 1031 3018 1102 τῆς
3059 1034 3354 1106 ἐπιθυμίας
3405 1037 3724 1110 ἐπιθυμίαν,

2178 1113 2274 1164 καὶ
2331 1113 2432 1185 τῆς
2487 1113 2848 1189 κληρονομίας
2903 1119 3265 1194 κληρονομίαν
3332 1128 3726 1200 ἀμειψάμενος,

2151 1206 2287 1269 ,τοῖς
2308 1205 2582 1273 ἀϐεϐαίοις
2609 1209 2676 1264 τὰ
2693 1213 2958 1282 ’μένοντα,
2984 1217 3078 1269 καὶ
3103 1221 3215 1283 τοῖς
3238 1219 3388 1274 κάτω
3416 1224 3510 1275 καὶ
3537 1225 3719 1295 ῥέουσι

2172 1295 2242 1349 τὰ
2267 1297 2494 1370 οὐράνια
2521 1304 2856 1375 κατεκτησω,
2878 1305 3062 1379 καὶμὴ
3099 1312 3529 1378 μεταπίπτοντα.

2241 1480 2433 1552 Χαῖρε,
2465 1482 2659 1556 ’ὥσπερ
2716 1485 2856 1569 μετὰ
2885 1486 3136 1559 σώματος
3192 1492 3410 1562 ἀμέσως
3434 1495 3514 1569 τῷ
3552 1497 3721 1553 Θεαν-

2171 1569 2374 1643 θρὼπῳ
2414 1566 2777 1646 προσωμίλεις
2832 1579 2960 1649 πρὶν
3010 1579 3103 1633 ἐπὶ
3134 1580 3258 1652 γῆς,
3306 1581 3449 1638 οὕτω
3484 1566 3611 1641 Ἵνῦν
3642 1587 3719 1658 τῷ

2169 1661 2318 1734 αὐτῷ
2375 1665 2656 1737 προσεχῶς
2721 1667 2779 1721 ἐν
2851 1667 2928 1740 τῷ
2989 1671 3264 1744 πνεύματι
3298 1677 3717 1748 συμφυόμενος,

2169 1757 2463 1828 πρόσωπον
2493 1759 2628 1831 πρὸς
2659 1761 2950 1834 πρόσωπον
2970 1765 3319 1838 ἐντυγχάνοις
3345 1769 3404 1822 ἐν
3420 1773 3534 1836 τοῖς
3553 1773 3719 1844 οὐρα-

2095 1826 2138 1882 B
2165 1826 2296 1912 νοῖς.

2233 1940 2404 2012 Χαῖρε
2451 1943 2548 1996 καὶ
2598 1947 2988 2018 κατευφραίνου
3023 1949 3084 2004 ιν
3132 1951 3322 2024 Κυρίῳ
3358 1951 3436 2024 τῷ
3467 1954 3584 2027 Θεῷ
3618 1973 3714 2012 σου

2161 2034 2256 2087 καὶ
2278 2033 2488 2104 βασιλεῖ
2510 2054 2605 2090 σου
2625 2055 2638 2069 ·
2664 2039 2758 2093 καὶ
2785 2042 2933 2112 ἡμᾶς
2950 2043 3271 2109 έποπτεὺοις
3293 2046 3494 2101 ἄνωθεν
3525 2048 3712 2115 ῖλεωςο

2159 2125 2387 2180 ἄσπιλον
2421 2128 2479 2182 δὲ
2512 2131 2605 2183 καὶ
2662 2133 2890 2204 ἄμωμον
2942 2136 3093 2207 ἡμῖν,
3119 2130 3164 2190 ὧ
3206 2139 3714 2212 τρισιιακαριώτατε

2156 2215 2267 2270 τῶν
2327 2219 2666 2288 ἀποστόλων,
2721 2225 2813 2278 καὶ
2853 2226 2950 2296 τῆς
2993 2226 3088 2280 τοῦ
3135 2229 3228 2282 νῦν
3274 2234 3467 2293 αἰῶνος
3514 2235 3715 2297 κακίας

2157 2309 2534 2386 ἀνεπίϐουλον,
2594 2311 3089 2391 [ἀνεπιϐούλευτον]
3147 2320 3557 2394 διατετηρηκὼς
3606 2326 3708 2395 τὴν

2155 2400 2352 2474 ψυχὴν,
2397 2404 2660 2475 ἀμίαντον
2687 2411 3065 2480 παραστήσαις
3098 2410 3176 2482 τῷ
3197 2412 3433 2485 δεσπότῃ
3465 2415 3708 2486 Χριστῷ,

2138 2494 2237 2559 ἐίς
2263 2496 2420 2561 δόξαν
2448 2499 2660 2570 Πατρός
2684 2501 2777 2554 καὶ
2795 2501 2923 2555 Υίοῦ
2948 2505 3041 2556 καὶ
3077 2504 3230 2573 ἁγίου
3267 2506 3605 2578 Πνεῦματος,
3629 2511 3710 2574 είς

2154 2587 2282 2652 τοὺς
2311 2589 2512 2652 αίῶνας
2537 2591 2645 2646 τῶν
2663 2591 2892 2648 αἰώνων.
2928 2595 3122 2667 Ἀμήν.

2744 2709 2966 2763 ΛΟΓΟΣ
3003 2713 3096 2778 ς’.

2147 2793 2384 2872 Είςτόν
2435 2797 2606 2872 ἅγιον
2661 2799 2758 2872 καὶ
2797 2804 3196 2872 παν-εὐφημῶν
3237 2806 3583 2866 ἀπόστολον
3606 2811 3709 2866 και

2290 2867 2731 2936 suun-adiam
2794 2867 3094 2940 Ἰωάννὴνῗ
3117 2875 3214 2928 τὸν
3247 2879 3561 2948 acadd-por.

2232 2978 2294 3034 '0
2318 2980 2409 3034 τὸν
2452 2981 2624 3051 μέγαν
2649 2982 2747 3053 τῆς
2782 2982 3009 3057 βροντῆς
3054 2987 3210 3054 γόνον
3268 2993 3710 3063 προτρεπόμενος

2151 3071 2416 3138 ἐπαινεῖν,
2446 3072 2577 3125 αὑτό
2603 3090 2694 3144 μοι
2729 3075 2876 3129 δοκεῖ
2911 3076 2974 3129 τὸ
2998 3077 3146 3147 μέγα
3172 3079 3265 3134 τοῦ
3314 3080 3448 3136 Θεοῦ
3480 3084 3706 3158 Πνεῦμα

487 3156 618 3195 nare
651 3139 846 3210 jubere
873 3139 1123 3204 videtur;
1161 3154 1271 3209 quo
1312 3140 1402 3194 ille
1443 3143 1780 3209 compositus
1817 3159 1879 3198 ac
1919 3160 2048 3200 con-

2154 3165 2440 3232 παραινεῖν
2484 3139 2727 3219 ἐπαινεῖν
2755 3182 2769 3197 ’
2801 3161 2844 3236 ᾧ
2895 3139 3290 3241 ῥυθμιξόμενος
3343 3174 3550 3240 έκεῖνος
3607 3139 3705 3232 καὶ

485 3234 646 3288 cinne
677 3233 928 3300 collisus,
963 3232 1152 3288 orbem
1182 3242 1456 3288 terrarum
1501 3234 1568 3288 ad
1596 3252 1752 3289 suum
1788 3238 2058 3292 convertit

482 3339 678 3379 sonum
703 3326 765 3378 ¹⁸.
781 3323 839 3378 Id
855 3339 982 3379 vero
1004 3332 1214 3379 tantum
1237 3327 1504 3381 sermonis
1541 3327 1712 3381 nostri
1743 3327 2055 3385 facultatem

481 3425 740 3487 superat,
777 3427 1040 3488 quantum
1059 3430 1115 3472 et
1133 3418 1384 3472 humanae
1409 3420 1518 3488 vim~
1551 3420 2056 3489 comprehensionis

470 3509 706 3563 excedit.
741 3508 878 3564 Cum
910 3509 1056 3563 enim
1085 3509 1322 3564 sonitum
1358 3509 1522 3574 hunc,
1540 3510 1635 3580 qui
1670 3526 1829 3565 sensu
1847 3510 2051 3580 percipi

470 3610 583 3667 tur,
607 3602 935 3656 haud'facile
953 3603 1136 3656 animo
1153 3603 1542 3673 intelligamus;
1568 3617 1798 3672 quanam
1825 3607 1949 3672 quis
1966 3619 2054 3657 ra-

473 3695 620 3748 tione
645 3695 943 3764 spiritalem
961 3704 1302 3764 assequatur,
1318 3709 1381 3748 ac
1407 3696 1497 3763 qui
1515 3695 1659 3748 omni
1679 3698 1922 3766 corporis
1934 3712 2053 3750 sen-

469 3786 555 3840 sui
596 3773 895 3856 praecellit?
916 3785 1160 3855 Cumque
1187 3787 1237 3840 1d
1260 3786 1579 3850 tonitruum,
1600 3785 1742 3853 quod
1767 3802 1864 3855 per
1885 3795 2047 3841 natu-

483 3893 594 3930 ram
624 3878 679 3931 in
712 3879 951 3933 nubibus
977 3879 1123 3932 venti
1158 3878 1451 3949 agitatione
1479 3877 1770 3942 conflatur,
1793 3889 2045 3934 accurate

481 3969 667 4022 verbis
716 3971 1004 4039 explanare
1073 3985 1182 4023 non
1241 3969 1556 4039 possimus:
1600 3985 1837 4040 quonam
1879 3971 2043 4026 modo

477 4060 660 4114 eximii
700 4060 865 4126 illius,
909 4062 1066 4131 cujus
1099 4063 1246 4116 solus
1287 4063 1402 4131 ipse
1444 4061 1705 4116 Dominus
1739 4055 2038 4128 'conﬂator,

467 4166 532 4206 ac
563 4168 787 4222 parens,
814 4152 1005 4208 laudes
1027 4155 1463 4224 praesumamus?
1489 4154 1620 4221 Quis
1649 4156 1722 4211 ita
1754 4158 1808 4210 in
1840 4157 2040 4212 divinis

467 4246 737 4309 eruditus,
772 4246 965 4316 sicque
997 4249 1106 4301 alto
1140 4247 1324 4302 animo
1343 4249 1637 4317 praeditus?
1665 4249 1898 4317 Quisita
1927 4260 2037 4306 ter-

470 4338 620 4392 renis
645 4338 897 4407 superior
925 4354 1044 4394 sese
1071 4340 1286 4406 extulit,
1318 4341 1541 4410 parique
1576 4343 1890 4398 caelestibus
1923 4345 2035 4398 cel—

465 4428 708 4483 situdine
749 4430 950 4506 evasit?
989 4430 1123 4497 Quis
1166 4431 1304 4486 adeo
1342 4432 1523 4503 seipso
1560 4435 1850 4500 excedens,
1892 4436 2033 4489 intra

2158 3256 2493 3326 ἑναρμονίως
2523 3258 2904 3329 κροτούμενος,
2962 3249 3096 3334 πρὸς
3143 3265 3238 3318 τὸν
3268 3267 3468 3321 οἰκεῖον
3495 3269 3592 3340 τὴν
3625 3273 3706 3324 ol-

2155 3348 2426 3420 κουμένην
2477 3351 2775 3422 ἐπέστρεψε
2830 3354 3083 3434 φθόγγον,
3135 3356 3208 3412 Τὸ
3240 3358 3296 3412 δὲ
3340 3361 3577 3433 τοσούτῳ
3606 3364 3703 3417 τοῦ

2153 3439 2424 3509 ἡμετέρου
2461 3440 2617 3507 λόγου
2650 3442 2746 3513 τὴν
2802 3443 3030 3516 δύναμιν
3072 3447 3423 3519 ὑπερϐάλλει,
3467 3454 3576 3524 ὅσῳ
3607 3455 3707 3508 καὶ

2151 3529 2252 3598 τὴν
2283 3529 2628 3602 ἀνθρωπίνην
2673 3534 2958 3607 ὑπεραίρει
3001 3541 3323 3612 κατάληψιν.
3364 3544 3430 3598 Εἰ
3468 3547 3576 3615 γὰρ
3606 3546 3704 3601 τὸν

2151 3621 2398 3692 αίσθήσει
2442 3624 2645 3692 ληπτὸν
2686 3627 2867 3681 τοῦτον
2905 3624 3058 3700 ἦχον,
3102 3633 3161 3684 οὐ
3199 3636 3486 3706 πρόχειρον
3533 3655 3704 3691 κατα-

2148 3715 2307 3776 νοεῖν,
2345 3715 2463 3779 πῶς
2482 3718 2546 3770 ἄν
2571 3735 2652 3782 τις
2673 3719 2908 3788 ιφίκοιτο
2945 3723 3036 3774 τοῦ
3075 3727 3363 3795 νοουμένου
3395 3731 3489 3781 καὶ
3514 3734 3702 3786 πᾶσαν

2150 3801 2398 3886 σῴματος
2431 3805 2684 3876 αἴσθησιν
2722 3809 3137 3879 ὑπερϐαίνοντος
3163 3832 3177 3880 ;
3208 3817 3316 3868 Καὶ
3343 3820 3388 3870 εί
3418 3819 3514 3890 τὴν
3541 3823 3700 3889 ἐγγι-

2143 3894 2380 3963 νομένην
2429 3899 2540 3960 τοῖς
2585 3898 2792 3966 νέφεσι,
2829 3905 2891 3972 τῇ
2937 3904 3080 3957 κατὰ
3134 3907 3293 3974 φύσιν
3352 3911 3560 3979 κινήσει
3599 3913 3698 3966 τοῦ

2143 3985 2447 4055 πνεύματος
2480 3988 2725 4061 βροντὴν,
2761 3995 2859 4063 οὐχ
2900 3989 3001 4047 οἷοί
3040 3995 3100 4047 τέ
3139 3998 3304 4068 ἐσμεν
3341 4000 3556 4073 ἀκριϐεῖ
3576 4003 3697 4058 δια-

2143 4080 2583 4151 σαφῆσαιίλόγῳ,
2637 4085 2751 4148 πῶς
2798 4086 2865 4138 ἂν
2903 4087 3005 4158 τῆς
3050 4089 3382 4160 ὑπερφυοῦς,
3419 4096 3508 4147 καὶ
3544 4097 3694 4168 μόνῳ

2136 4169 2214 4241 τῷ
2260 4171 2444 4244 Κυρίῳ
2491 4177 2989 4248 προσκροτηθείσης
3042 4180 3074 4252 ἢ
3127 4183 3501 4255 γεννηθείσης,
3569 4189 3681 4241 τῶν

2138 4261 2424 4331 ὑμνήσεων
2463 4267 3016 4337 κατατολμήσαιμεν;
3046 4271 3140 4335 Τίς
3179 4272 3320 4327 οὕτω
3348 4276 3412 4329 τὰ
3442 4275 3560 4330 θεῖα
3590 4296 3694 4333 πο-

2135 4351 2248 4416 λὺς,
2281 4354 2421 4407 οὕτω
2441 4356 2537 4424 τὴν
2568 4357 2793 4426 καρδίαν
2813 4358 3023 4427 «βαθύςς
3052 4363 3148 4426 Τίς
3181 4363 3322 4416 οὕτω
3346 4367 3451 4418 τῶν
3487 4367 3692 4435 γηΐνων

2134 4442 2588 4513 ὑπερανῴκισται,
2617 4445 2757 4498 οὕτω
2778 4451 2886 4510 τοῖς
2915 4450 3186 4518 οὐρανίοις
3225 4452 3565 4525 συνύψωται;
3591 4455 3690 4519 Τίς

465 4519 635 4572 Deum
666 4523 1096 4591 comprehensus
1137 4532 1389 4595 totusque
1427 4537 1680 4595 receptus
1714 4535 1816 4590 est,
1851 4535 1911 4583 ut
1948 4530 2033 4583 vel

2150 4535 2230 4586 ἐπὶ
2257 4535 2506 4586 τοσοῦτον
2534 4537 2724 4589 ἑαυτοῦ
2749 4537 2850 4601 ἔξω
2874 4541 3181 4611 γενόμενος,
3209 4541 3356 4596 ἔνδον
3382 4545 3514 4598 Θεοῦ
3549 4563 3689 4599 κατ-

462 4626 522 4664 os
546 4611 780 4679 aperire,
808 4628 870 4666 ac
897 4613 1133 4683 linguam
1159 4631 1378 4671 movere
1424 4617 1479 4670 in
1510 4617 1605 4672 Dei
1636 4617 2033 4689 discipulorum

2150 4626 2403 4695 ῖίληπται,
2443 4626 2581 4680 ὥστε
2615 4631 2787 4700 στόμα
2825 4633 3006 4703 διᾶραι
3036 4636 3259 4708 τολμᾷν,
3311 4640 3403 4690 καὶ
3434 4639 3690 4706 γλῶσσαν

475 4702 691 4756 laudem
715 4703 948 4757 audeat?
976 4704 1108 4771 Quis
1136 4706 1428 4773 sufﬁciens,
1462 4718 1521 4764 ut
1551 4712 1753 4767 nedum
1786 4714 2030 4769 omnium

2150 4718 2210 4777 τίς
2242 4716 2459 4770 ἔπαινον
2489 4722 2657 4773 κινεῖν
2680 4721 2787 4776 τῶν
2817 4724 2908 4776 τοῦ
2930 4725 3064 4777 Θεοῦ
3099 4727 3355 4797 μαθητῶν
3380 4747 3395 4796 ;
3437 4731 3528 4793 Τίς
3561 4734 3688 4785 ἱκα-

465 4795 766 4864 sigillatim,
804 4796 900 4850 sed
938 4796 1022 4850 vel
1059 4798 1222 4854 unius
1268 4799 1481 4855 illorum
1518 4805 1737 4859 virtutis
1778 4806 2029 4876 magnifi-

455 4888 693 4942 centiam
721 4903 820 4957 pro
851 4886 931 4942 rei
957 4890 1173 4956 merito,
1201 4893 1382 4948 animo
1410 4894 1727 4961 informare,
1759 4908 1816 4951 ut
1845 4897 2024 4953 verbis

454 4979 637 5047 eloqui
669 4980 840 5048 possit
867 4979 890 5032 ?
1144 5047 1147 5052 ι

522 5070 778 5136 Quaenam
810 5089 962 5129 mens
991 5076 1072 5144 (ut
1099 5093 1308 5131 summa
1325 5077 1540 5144 dicam),
1570 5097 1754 5150 quaeve
1793 5082 1932 5137 ratio
1957 5098 2021 5138 ac

453 5158 650 5220 Oratio.
696 5165 994 5235 magnificae
1037 5167 1263 5221 Joannis
1304 5168 1502 5222 indolis
1540 5172 1812 5240 (quinimo
1848 5174 2016 5229 animi

457 5253 566 5306 Deo
611 5254 871 5311 simillimi
905 5259 1213 5326 mentisque
1252 5258 1631 5328 divinissimm)
1667 5264 1853 5318 laudes
1886 5267 2016 5320 atti-

451 5345 606 5411 gerit,
636 5347 736 5400 nisi
770 5349 813 5402 is
838 5349 951 5419 ipse
978 5365 1007 5403 c
1044 5349 1360 5403 coelestibus
1391 5351 1653 5420 tantisper
1710 5357 1885 5426 adytis
1917 5358 2014 5413 de—

449 5436 1042 5510 scendens,divinaeque
1066 5442 1256 5493 annum
1280 5442 1521 5497 bonitate
1546 5446 1842 5505 humilibus
1861 5467 2017 5508 acce-

453 5530 622 5593 dens,
678 5544 847 5599 osque
904 5549 1002 5602 pro
1048 5533 1282 5603 theologi
1336 5551 1556 5591 munere
1616 5540 2012 5599 divinissimum

446 5622 674 5675 auribus
702 5624 905 5678 nostris
944 5627 1377 5694 accommodans,
1415 5644 1567 5684 suum
1605 5632 1793 5702 nobis,
1833 5639 2010 5707 quoad

519 5780 558 5807 ’δ
579 5775 741 5828 Marc.
771 5792 847 5839 ιιι,
877 5779 956 5832 l7.

2131 4808 2238 4874 νὸς,
2285 4808 2357 4879 μὴ
2397 4810 2478 4863 ὅτι
2510 4829 2574 4880 γε
2635 4813 2855 4868 πάντων
2878 4817 2966 4885 ὑφ’
3017 4817 3095 4882 ἓν,
3149 4820 3264 4882 ένὸς
3294 4819 3421 4887 γοῦν
3479 4825 3683 4889 αὐτῶν,

2133 4899 2230 4968 τὴν
2250 4899 2350 4969 τῆς
2378 4903 2577 4974 ἀρετῆς
2601 4907 3093 4978 μεγαλοπρέπειαν,
3123 4911 3436 4980 τυπωθῆναὶ
3464 4929 3521 4963 τε
3558 4915 3686 4965 κατ’

2128 4992 2285 5055 ἀξίαν
2311 4994 2388 5065 τῷ
2420 4995 2515 5064 νῷ,
2546 4997 2639 5049 καὶ
2669 4999 2999 5068 ἑρμηνεῦσαι
3033 5000 3108 5070 τῷ
3137 5001 3279 5071 λόγῳ
3313 5003 3606 5071 δυνηθῆναι
3632 5022 3650 5070 ;

2199 5085 2374 5150 Ποῖος,
2403 5087 2484 5138 ἵνα
2509 5087 2741 5141 συνελὼν
2767 5091 2925 5156 εἴπω,
2961 5092 3103 5158 νοῦς,
3141 5096 3289 5157 ποῖος
3315 5096 3371 5146 δὲ
3399 5095 3553 5158 λόγος
3577 5095 3686 5165 τῆς

2137 5176 2382 5231 Ἰωάννου
2444 5180 2846 5250 μεγαλοφυῖας,
2905 5185 3100 5252 μᾶλλον
3155 5187 3212 5239 δὲ
3270 5186 3683 5259 θεοειδεστατης

2119 5267 2297 5339 ψυχῆς
2324 5271 2415 5322 καὶ
2473 5271 2709 5337 διανοίας
2739 5279 2848 5339 τοῖς
2874 5277 3169 5346 ἐγκωμίοις
3205 5280 3580 5349 προσεγγίσαι,
3624 5282 3680 5333 εί

2122 5363 2196 5432 μὴ
2249 5364 2409 5426 αὐτὸς
2439 5364 2645 5430 ἐκεῖνος
2675 5366 2782 5419 τῶν
2820 5370 3084 5438 οὐρανίων
3135 5372 3342 5426 ἀδύτων
3391 5374 3679 5426 ὑποκατα-

2120 5454 2240 5519 ϐὰς,
2303 5456 2394 5508 καὶ
2454 5455 2773 5530 θεομιμήτῳ
2839 5463 3163 5533 χρηστότητι
3223 5468 3335 5528 τοῖς
3392 5468 3680 5531 ταπεινοῖς

2117 5547 2382 5616 ἠγγικὼς,
2425 5550 2520 5606 καὶ
2552 5553 2612 5605 τὸ
2639 5552 3089 5622 θεολογικώτατον
3127 5556 3297 5628 στόμα
3327 5559 3436 5620 τοῖς
3465 5561 3496 5627 ὴ
3508 5560 3678 5628 μετέ-

2118 5654 2231 5708 ροις
2261 5637 2361 5694 ὠσὶ
2381 5643 2825 5714 παρασκευάσας,
2846 5644 2935 5701 τὸν
2954 5648 3149 5703 οἰκεῖον
3183 5648 3420 5713 ἔπαινον,
3455 5650 3535 5710 είς
3564 5649 3677 5719 τὴν
