3950 6320
104 297 175 359 101

817 240 1096 351 oRATIo
1133 288 1233 352 v1.
1264 315 1333 325 —
1361 289 1443 351 IN
1488 288 1800 351 LAUDEM
1839 292 1901 351 s.
1939 291 2258 354 JOANNIS
2294 294 2560 357 EVANG.

3189 297 3291 362 10?.

99 410 172 462 τοῦ
201 403 392 475 [ἰατρὸς
419 403 599 471 δόξαν,
626 404 702 467 ὡς
734 404 955 473 ἐφικτὸν
994 406 1148 476 ἡμῖν,
1193 405 1617 477 ἑμϐροντήσειεν

1732 406 1933 476 tssequi
1964 406 2115 474 licet,
2148 408 2202 463 in
2230 410 2406 466 Patris
2430 411 2679 482 gloriam,
2708 409 2927 467 laudem
2955 404 3291 468 intonuerit?

102 504 246 569 ἡμίνς
281 495 430 549 Ἐλθὲ
476 496 783 567 τοιγαροῦν,
831 491 877 550 ὧ
930 496 1184 550 θεσπέσιε
1256 498 1474 567 θεολόγε
1522 499 1618 551 καὶ

99 588 433 657 εὐαγγελιστὰ,
464 590 498 659 ἠ
534 589 760 658 οὐρανία
791 588 887 641 τοῦ
937 588 1112 656 Λόγου
1145 589 1458 661 σάλπιγξ,ή
1491 590 1642 660 εῦη-“

100 701 188 752 χος,
218 683 247 740 ὴ
276 681 611 751 ὲναρμόνιος,
650 681 685 750 ή
734 681 846 742 τοῖς
879 680 1173 749 μελιειδέσι
1230 682 1328 753 τῆς
1352 682 1619 753 ’ἀληθείας

98 776 341 843 φθόγγοις,
403 776 585 827 πᾶσαν
630 770 1015 841 εἰκαιομυθίαν
1058 772 1348 844 έλληνικὴν
1395 790 1622 827 κατασι-

99 869 308 933 γάσασαο
342 866 521 927 πάντα
572 863 629 915 δὲ
660 863 906 933 ῥητόρων
929 866 1021 916 καὶ
1052 863 1358 931 φιλοσόφων
1412 865 1622 934 δργανα

99 958 434 1029 πολυαρμόνια
484 954 564 1025 τῷ
603 952 957 1025 βροντοφὼνῳ
1031 955 1131 1023 τῆς
1186 954 1467 1023 θεολογίας
1528 972 1620 1007 σου

99 1047 503 1117 κατακοιμίσασα
523 1058 539 1076 ο
589 1045 768 1098 πᾶσαν
797 1043 854 1097 δὲ
886 1042 1064 1115 ψυχὴν
1103 1045 1258 1110 ἀξίαν
1288 1046 1383 1099 τοῦ
1446 1045 1621 1114 Λόγου

98 1143 204 1210 πρὸς
232 1141 427 1213 ἑαυτὴν
447 1136 788 1208 ἔφελκομένη
812 1152 827 1167 ·
851 1137 947 1189 καί
968 1138 1071 1190 οὐκ
1094 1137 1400 1208 ἀνθρώπων
1424 1138 1623 1209 μόνων,

101 1234 209 1285 ἀλλὰ
234 1233 321 1284 καὶ
340 1230 543 1298 αὐτῶν,
588 1228 771 1299 τολμῶ
802 1228 992 1297 φάναι,
1025 1229 1137 1282 τῶν
1156 1230 1422 1301 οὐρανίων
1454 1231 1626 1283 Δυνάα

106 1324 362 1392 μεων,τὴν
418 1321 870 1394 ὑπερφυεστάτην
906 1320 1265 1391 ιπισπωμένη
1312 1320 1452 1392 πρὸς
1496 1322 1629 1374 ἑαυ-

96 1416 173 1485 τὴν
214 1416 401 1484 ἀκοήν.

158 1506 210 1559 '0
236 1504 324 1558 τοῦ
354 1504 569 1574 Πατρδς
600 1504 709 1559 τῶν
768 1504 963 1576 φώτων
1007 1501 1304 1583 ἀξιώτατος
1344 1501 1628 1573 ὑποφήτης

98 1595 168 1645 καὶ
192 1592 541 1664 γραμματεύς
564 1610 579 1625 ·
610 1593 670 1647 τὸ
700 1596 873 1665 στόμα
899 1592 993 1648 τοῦ
1050 1591 1313 1665 Χριστοῦ,
1338 1594 1373 1663 ἠ
1408 1590 1631 1658 γλῶσσα

1717 498 1853 554 Veni
1882 499 2073 570 igitur,
2092 499 2276 555 divine
2301 500 2573 573 Theologe
2591 512 2648 558 et
2662 502 3024 576 Evangelista,
3053 506 3291 562 caelestis

1716 595 1882 652 Verbi
1904 596 2057 659 tuba,
2077 610 2296 659 sonora,
2320 596 2588 649 concinna
2615 595 2834 651 mellitis
2852 595 3099 651 veritatis
3116 597 3291 659 sonis,

1718 702 1937 742 omnem
1976 685 2587 742 Grmcorum'sermonis
2621 688 2915 743 vanitatem
2955 688 3175 743 silentio
3198 687 3296 742 da-

1719 794 1942 834 mnans:
1966 778 2256 847 omniaque
2279 786 2557 832 oratorum
2590 794 2653 832 ac
2682 779 3127 849 philosophorum
3150 780 3293 834 mul-

1722 871 1896 939 tiplici
1945 870 2305 926 consonantia
2335 870 2612 925 modulata
2635 886 2835 941 organa
2866 872 3149 942 theologia:
3186 882 3295 927 tua:

1723 961 1832 1015 alto
1868 964 2112 1016 tonitruo
2138 961 2358 1031 sapiens
2376 1001 2390 1025 ,
2428 971 2592 1030 atque
2616 976 2832 1015 omnem
2862 960 3041 1015 Verbo
3068 961 3293 1032 dignum

1724 1054 1965 1110 animum
1997 1056 2064 1110 ad
2092 1072 2151 1111 se
2178 1055 2436 1121 trahens;
2467 1071 2570 1110 nec
2599 1055 2885 1111 hominum
2909 1054 3092 1118 modo,
3118 1055 3213 1109 sed
3237 1061 3297 1109 et

1724 1147 1965 1217 ipsarum
1997 1149 2193 1215 (ausim
2224 1149 2432 1210 dicere)
2459 1148 2767 1203 cmlestium
2802 1148 3139 1202 Potestatum
3163 1163 3292 1217 per-

1724 1240 1983 1296 eximium
2006 1242 2256 1297 auditum
2285 1241 2372 1298 sui
2399 1240 2673 1297 desiderio
2703 1240 2959 1296 illiciens.

1796 1502 1973 1559 Patris
2013 1502 2286 1558 luminum
2312 1503 2630 1575 dignissime
2656 1502 2930 1577 interpres
2975 1517 3039 1556 ac
3093 1502 3294 1569 scriba,

1727 1592 1928 1650 Christi
1957 1610 2041 1659 os,
2071 1595 2254 1673 lingua
2294 1595 2553 1664 Spiritus,
2588 1594 2709 1649 veni
2741 1593 2808 1647 ad
2838 1608 2923 1647 me
2955 1593 3177 1663 spiritu,
3199 1593 3297 1664 qui

94 1686 169 1739 τοῦ
191 1685 515 1756 Πνεύματος,
542 1685 663 1740 me
710 1703 801 1756 μοι
831 1685 907 1756 τῷ
939 1685 1234 1755 πνεύματι,
1286 1681 1512 1753 Πνεῦμα
1536 1682 1630 1736 καὶ

1732 1696 1786 1742 et
1823 1687 1939 1757 ipse
1963 1686 2181 1742 divinus
2210 1686 2446 1757 Spiritus
2489 1686 2586 1749 sis,
2636 1694 2892 1754 tanquam
2924 1700 2990 1740 ex
3022 1686 3132 1757 Deo
3171 1685 3297 1756 Spi-

96 1776 227 1837 αὐτὸς
256 1774 395 1851 θεῖον
417 1772 515 1840 ῶν,
546 1775 621 1839 ὡς
648 1778 713 1829 lx
745 1775 881 1830 Θεοῦ
929 1775 1245 1847 Πνεύματος
1301 1775 1631 1845 γεγεννημέ·

1735 1756 2031 1834 ritunatus
2052 1781 2115 1833 ".
2139 1756 2278 1834 Ecce
2318 1792 2414 1834 cor
2442 1779 2542 1837 tibi
2572 1779 2693 1833 lene
2715 1787 2771 1833 et
2794 1756 3145 1847 tranquillum
3180 1794 3301 1833 mu-

95 1887 184 1931 νος.
221 1867 346 1920 Ἰδοὺ
376 1867 608 1939 κίχρημι
631 1884 713 1920 σοι
760 1867 988 1938 καρδίαν
1022 1871 1254 1940 πραεῖαν
1276 1868 1371 1921 καὶ
1392 1866 1633 1937 ἡσύχιον,

96 1962 171 2013 καὶ
194 1957 271 2015 οἷα
286 1960 348 2032 δὴ
368 1961 553 2031 νοερὸν
584 1959 758 2030 κῆπον
782 1958 878 2013 καὶ
904 1959 1185 2030 μυστικὸν,
1202 1959 1436 2012 διάνοιαν
1452 1958 1636 2027 ὑπέχω

93 2054 323 2121 ταπεινήν
350 2068 411 2104 τε
437 2053 533 2105 καὶ
561 2050 760 2121 ὁμαλῆ.
793 2048 1151 2120 Ἐξετείρου,
1172 2047 1387 2119 βοῤῥᾶ,
1409 2047 1508 2104 καί
1534 2048 1633 2116 ἐρ-

96 2162 205 2211 χου,
225 2143 359 2197 νότε
386 2156 402 2171 ·
458 2140 831 2196 διὰπνσυσον
863 2139 1064 2211 κῆπόν
1089 2158 1229 2212 μου,
1266 2140 1366 2195 καί
1406 2138 1634 2209 ῥευσά-

97 2250 267 2289 τωσιιν
313 2232 593 2303 ἁρώματά
634 2251 778 2303 μου.
840 2230 1217 2303 Προσλαλείτω
1267 2230 1374 2302 γάρ
1420 2247 1503 2283 σοι
1537 2231 1634 2283 καὶ

96 2325 343 2397 Σολομώνο
375 2328 441 2381 σὺ
473 2326 582 2396 γὰρ
606 2325 809 2398 βορρᾶς
847 2327 967 2397 μὲν,
985 2325 1060 2389 ὼς
1084 2326 1197 2389 τοῖς
1227 2323 1634 2394 καθαρωτάτοις

95 2417 176 2486 τῆς
209 2415 477 2484 θεολογίας
504 2416 837 2485 φθέγμασιν,
867 2408 955 2467 οἷα
986 2414 1269 2485 λαμπραῖς
1301 2414 1394 2465 καὶ
1429 2412 1631 2479 ζωογό·

94 2527 185 2572 νοις
203 2508 489 2579 ἀναψύχων
519 2510 707 2571 πνοαῖς
738 2522 754 2536 ⁸
788 2506 881 2560 καὶ
924 2506 986 2560 τὸ
1029 2507 1127 2577 τῆς
1190 2503 1479 2566 πολυθεῖας
1516 2504 1635 2556 πνῖ·

94 2620 186 2669 τος,
222 2603 314 2658 καὶ
358 2602 453 2655 τὸν
487 2600 598 2654 τῶν
655 2600 918 2671 αἱρέσεων
959 2598 1191 2669 διαχέων
1242 2598 1512 2666 φλογμόνο
1539 2594 1634 2648 καὶ

91 2690 167 2753 τὰς
190 2688 512 2761 πιεζομένας
534 2690 593 2742 ιν
622 2688 833 2751 τούτοις
889 2687 1116 2756 καρδίας
1150 2684 1495 2756 ψυχαγωγῶν
1538 2685 1632 2739 καὶ

93 2782 467 2853 ἀνακτώμενος.
500 2782 673 2845 Νότος
696 2780 774 2847 δὲ,
808 2779 884 2844 ὡς
936 2773 1046 2844 τοῖς
1083 2780 1183 2850 τῆς
1244 2780 1463 2848 ἀγάπης
1512 2777 1631 2832 δια-

94 2873 368 2943 θερμαίνων
426 2873 625 2942 λόγοις,
686 2874 780 2926 καὶ
827 2871 954 2935 τοὺς
1005 2871 1331 2941 ἀναισθησίᾳ
1384 2873 1477 2923 νοῦ
1538 2869 1630 2923 καὶ

1737 1878 1850 1936 tuo,
1878 1871 2136 1940 velutque
2190 1869 2580 1940 intelligentem
2610 1868 2830 1922 hortum
2866 1882 2931 1922 ac
2986 1868 3297 1939 mysticum,

1734 1964 1996 2019 humilem
2059 1963 2492 2032 :equahilemque
2546 1962 2787 2015 animum
2824 1960 3059 2031 praebeo.
3095 1959 3292 2030 Surge,

1735 2054 1933 2127 aquilo,
1958 2064 2005 2107 et
2029 2056 2167 2122 veni,
2194 2063 2371 2107 auster
2397 2072 2415 2119 ;
2437 2055 2601 2124 per/la
2622 2054 2829 2106 hortum
2854 2069 3047 2113 meum.
3068 2061 3117 2104 et
3131 2054 3299 2122 ﬂuent

1734 2154 1981 2201 aromata
2035 2162 2152 2200 mea
2180 2147 2245 2199 ⁸⁸.
2275 2144 2351 2199 Te
2374 2144 2520 2198 enim
2548 2143 2711 2197 etiam
2770 2142 3025 2198 Salomon
3058 2144 3301 2212 alloqua-

1734 2245 1845 2291 tur.
1879 2235 1959 2289 Tu
1983 2248 2220 2303 namque
2278 2232 2486 2302 aquilo,
2543 2240 2605 2286 ut
2650 2230 3047 2300 limpidissimis
3091 2230 3301 2299 scilicet

1732 2326 2017 2395 theologia:
2050 2324 2298 2389 vocibus,
2328 2333 2585 2392 tanquam
2612 2322 2764 2392 puris
2779 2337 2843 2376 ac
2868 2320 3126 2376 vitalibus
3153 2322 3299 2377 ﬂati-

1732 2418 1836 2473 bus
1872 2417 2223 2487 rel’rigerans,
2260 2413 2735 2484 superstitiosique
2790 2413 3078 2467 numinum
3121 2414 3303 2469 cultus

1733 2509 1970 2579 algorem
2005 2518 2168 2577 atque
2199 2506 2476 2560 haereseon
2500 2502 2774 2569 incendia,
2814 2502 3115 2573 dissipans;
3184 2504 3301 2558 his-

1733 2614 1840 2668 que
1871 2612 2132 2667 Oppressa
2186 2604 2404 2666 pectora
2439 2608 2695 2649 recreans
2734 2608 2799 2647 ac
2837 2593 3045 2648 levans.
3101 2593 3301 2649 Auster

1728 2703 1880 2754 vero,
1901 2687 2348 2742 velutcharitatis
2394 2676 2743 2740 sermonibus
2766 2682 3109 2747 calefaciens,
3140 2697 3301 2738 men-

1735 2779 1943 2849 stisque
1975 2778 2241 2833 exstincto
2271 2792 2432 2832 sensu
2456 2792 2519 2832 ac
2548 2774 2772 2839 duritie,
2806 2774 2994 2829 αἱνίηο
3028 2775 3176 2830 omni
3201 2772 3302 2829 de-

1731 2872 1920 2926 titutos
1946 2870 2176 2933 inﬂuxu,
2202 2884 2377 2939 eaque
2406 2869 2616 2923 ratione
2649 2866 2975 2923 infecundas
3026 2875 3190 2936 atque
3234 2866 3305 2920 ri-

95 2966 391 3036 σιληρότητι
419 2965 567 3027 θείας
612 2963 1011 3034 ἐστερημένους
1055 2960 1341 3034 ἑπιρροῆς,
1399 2962 1628 3029 ἀγόνους

1732 2968 1921 3030 gentes
1957 2959 2210 3014 refovens
2246 2973 2311 3012 ac
2341 2956 2703 3023 exsuscitans,
2755 2955 3017 3027 vitalique
3066 2954 3298 3010 humore

98 3076 141 3111 τε
168 3060 248 3111 διὰ
272 3058 451 3113 ταῦτα
482 3056 577 3110 καὶ
618 3054 1063 3124 κατεψυγμένους
1085 3052 1449 3116 καθεστῶτας,
1502 3054 1632 3105 ἀνα-

95 3149 281 3203 θὰιλπων
335 3151 435 3204 καὶ
496 3144 901 3219 ἀναζωπυρῶν,
967 3147 1063 3200 καὶ
1113 3144 1348 3217 ζωτικῆς
1410 3142 1633 3216 ἰκμάδος

92 3242 278 3310 πληρῶν
298 3242 397 3294 καὶ
432 3238 813 3311 καρποφόρους
844 3236 1148 3293 ἀποτελῶν.

149 3332 429 3396 Τοιαύταις
486 3333 676 3393 πνοαῖς
695 3371 711 3396 ,
745 3328 1009 3392 τοιούτοις
1042 3327 1368 3401 ῥοιζήμασιν
1398 3325 1483 3379 ἀεὶ
1514 3325 1632 3379 δια-

92 3426 238 3477 ηέων
263 3426 435 3495 ἡμᾶς,
468 3416 513 3476 ὧ
548 3422 807 3493 μακάριε,
861 3418 1051 3490 ῶσπερ
1102 3420 1222 3472 τινὰ
1279 3415 1528 3486 ποικίλην
1565 3416 1630 3469 ὲκ

94 3520 316 3571 ποικίλων
332 3517 651 3587 ἀρωμάτων
680 3512 908 3577 εὐωδίας
933 3512 1129 3583 ὀσμὴν,
1156 3511 1255 3581 τὴν
1302 3512 1365 3563 ὲκ
1411 3508 1517 3563 τῶν
1545 3506 1632 3561 λό-

93 3628 177 3676 των
194 3628 269 3665 σοι
303 3614 514 3664 αἰνεσιν
547 3606 965 3677 παρασκεύασον
992 3606 1258 3674 ἐνεγκεῖν.
1293 3603 1521 3665 Πάντως
1549 3600 1627 3665 δὲ,

94 3705 309 3773 sitienti;
338 3705 474 3773 ἡμῖν
510 3699 887 3773 μακρηγορίας
931 3696 1130 3769 χρεὼν,
1163 3696 1258 3751 τὸν
1304 3694 1517 3765 πρῶτον
1573 3693 1631 3746 ὲν

95 3796 326 3864 θεολόγοις
359 3794 725 3865 προθεμένοις
758 3791 967 3861 ὑμνεῖν.
1006 3789 1093 3852 '0;
1121 3789 1230 3858 γὰρ
1257 3787 1344 3841 ἀεὶ
1392 3788 1454 3840 τὸ
1477 3785 1631 3840 Θεῖον

96 3892 135 3941 ἔν
152 3910 197 3943 τε
221 3896 328 3955 τοῖς
357 3892 541 3955 ἄλλοις
574 3888 733 3951 πᾶσι,
751 3887 996 3943 καὶεπολὶ)
1022 3885 1180 3940 πλέον
1209 3886 1319 3947 τοῖς
1350 3882 1549 3952 λόγοις,
1569 3879 1631 3935 τὸ

95 3984 254 4050 γοργὸν
277 3987 375 4037 καὶ
432 3982 892 4053 συντετριμμένον
936 3974 1415 4051 [συντετμημένον]
1448 3973 1627 4043 φιλεῖ’

98 4076 215 4137 ’θέλον
244 4076 296 4129 δὲ
329 4076 515 4140 τοῦτο,
538 4076 634 4129 καὶ
662 4075 775 4137 τοῖς
811 4074 869 4125 ιν
909 4071 1057 4142 αὐτῷ
1089 4068 1358 4136 θεολογεῖν
1414 4064 1629 4127 εἰδόσιν,

94 4165 205 4218 οὕτω
226 4168 529 4238 προσήκειν
554 4162 794 4234 ἠγοῦμαι
842 4161 939 4215 κιεΊ⁷
984 4158 1062 4229 τῷ
1110 4157 1206 4213 νῦν
1233 4153 1629 4226 ἐπαινουμένῳ,

1732 3053 1951 3124 replens
1980 3066 2043 3106 ac
2073 3050 2388 3107 fructiferos
2428 3058 2714 3121 praestans.

1799 3331 2147 3405 Ejuscemodi
2182 3331 2424 3391 ﬂatibus.
2477 3327 2785 3385 istiusmodi
2836 3325 3167 3382 stridoribus
3196 3341 3298 3382 nos

1730 3440 1945 3495 semper
1969 3423 2223 3493 perﬂans,
2253 3423 2335 3477 vir
2367 3422 2545 3488 beate,
2579 3430 2794 3490 praasta,
2826 3428 2888 3473 ut
2926 3419 3078 3472 velut
3102 3433 3297 3488 quam-

1728 3518 1854 3573 dam
1873 3533 1939 3572 ex
1959 3516 2127 3570 variis
2158 3513 2491 3569 aromatibus
2513 3512 2697 3566 odoris
2723 3510 3029 3565 suavissimi
3056 3512 3299 3579 lragran-

1730 3613 1881 3677 tiam,
1909 3627 2031 3681 qua:
2053 3608 2399 3665 sermonibus
2424 3608 2647 3672 texitur,
2674 3606 2889 3661 laudem
2944 3604 3042 3659 tibi
3095 3604 3295 3659 offera-

1729 3720 1871 3759 mus.
1890 3701 2123 3763 Omnino
2144 3701 2285 3754 enim
2308 3700 2442 3754 nihil
2464 3699 2619 3753 nobis
2642 3698 2849 3767 prolixa
2867 3711 3004 3765 opus
3030 3696 3293 3761 oratione,

1731 3794 1932 3866 quibus
1979 3790 2258 3845 incumbat
2285 3798 2343 3844 ut
2362 3790 2598 3860 primum
2633 3788 2775 3842 inter
2807 3786 3086 3855 theologos
3110 3785 3297 3839 laude-

1731 3901 1871 3941 mus.
1910 3881 2377 3951 Quemadmodum
2415 3880 2562 3934 enim
2593 3880 2757 3944 Deus,
2788 3894 2913 3933 cum
2962 3878 3017 3931 in
3074 3878 3298 3946 reliquis

1731 3977 2006 4040 omnibus,
2036 3983 2150 4028 tnm
2180 3970 2377 4042 potiori
2405 3970 2562 4040 longe
2600 3969 2808 4023 ratione
2838 3968 2895 4021 in
2928 3967 3293 4032 sermonibus,

1732 4069 1789 4124 id
1836 4074 1984 4123 amat
2014 4062 2159 4134 quod
2196 4076 2319 4115 acre
2352 4074 2413 4113 ac
2444 4058 2609 4113 breve
2658 4067 2740 4112 est
2772 4074 2786 4121 ;
2846 4065 3028 4110 amant
3082 4072 3212 4112 vero
3238 4065 3297 4112 ot

1733 4159 1827 4230 qui
1857 4155 2044 4211 divina
2077 4159 2312 4207 tractare
2355 4157 2562 4202 norunt
2592 4164 2608 4201 :
2634 4147 2713 4201 sic
2736 4155 2790 4199 et
2812 4146 2887 4199 illi
2908 4162 3083 4216 .quem
3112 4146 3299 4200 lauda-

98 4235 341 4322 ἀπέριττόν
362 4235 425 4311 τε
454 4257 550 4310 καὶ
573 4255 906 4326 σύμμετρον,
932 4248 1154 4315 ὡς.οἷόν
1202 4266 1284 4316 τε,
1333 4247 1424 4301 τὸν
1472 4247 1631 4315 λόγον

1735 4266 1856 4305 mus
1885 4245 2180 4304 convenire
2212 4241 2487 4303 existimo,
2523 4246 2581 4293 ut
2605 4236 2906 4291 orationem
2935 4235 3158 4289 minime
3206 4249 3298 4289 su-

100 4354 447 4422 κιρποφορεῖν.
482 4324 654 4404 Ὀθενί
691 4324 801 4403 οὑκ⁷
826 4346 933 4402 ἀπὸ
959 4344 1199 4410 τῶν-ἐξω
1223 4343 1316 4397 καὶ
1336 4342 1503 4413 γῆθεν
1536 4342 1629 4395 αὐ-

1736 4339 2024 4413 perﬂuam,
2072 4351 2137 4391 ac
2187 4334 2363 4389 modis
2393 4330 2507 4386 suis
2535 4327 2850 4390 coercitam,
2898 4326 3074 4395 quoad
3124 4325 3292 4392 licet,

98 4441 152 4505 τῷ
166 4444 568 4511 παρεπομένων,
586 4442 795 4510 γένους,
812 4440 975 4510 φημὶ,
1008 4438 1100 4490 καὶ
1133 4433 1459 4506 πατρίδος,ἦ
1490 4449 1632 4495 τινος

117 4536 363 4606 ειικληρίας
378 4534 622 4605 βίου.τὸν
638 4533 883 4604 οὐράνιον
900 4531 1063 4602 ἄνδρα
1080 4526 1309 4599 γνωριοῦ
1318 4543 1437 4598 μεν·
1456 4543 1634 4597 περιτ-
1670 4537 1692 4549 ’”

101 4628 145 4689 τὴ
162 4628 374 4694 γὰρριαὶ
395 4627 505 4695 οὑχ
523 4626 674 4687 ὅπως
700 4624 778 4693 τῷ
813 4622 1130 4693 ὑψηλοτάτῳ
1149 4621 1246 4690 τῆς
1263 4618 1516 4687 ἀληθείας
1543 4616 1633 4669 εὑ-

102 4718 342 4789 ιγγελιστῇ
365 4717 514 4770 ’ἀλλ’
530 4715 650 4769 οὐδὲ
687 4717 797 4776 τοῖς
816 4713 995 4783 πολλῷ
1018 4710 1357 4781 λειπομένοις
1376 4711 1474 4782 τῆς
1500 4709 1633 4778 ἀρε-

102 4808 167 4873 τῆς
194 4810 371 4874 ἁγίοις,
392 4806 623 4876 οἰκείαῆ
644 4804 858 4874 θελητὴ,
882 4806 915 4875 ἡ
938 4805 1045 4857 ἀπὸ
1064 4803 1174 4856 τῶν
1193 4800 1445 4855 τοιούτων
1468 4800 1631 4868 εύφηὲ

108 4898 189 4959 έίι.
223 4900 369 4953 Ἀλλὰ
390 4900 465 4952 τά
487 4897 600 4951 ἀπὸ
620 4897 719 4967 γῆς
744 4896 837 4967 μὲν
852 4896 1010 4967 τίμια
1023 4896 1134 4957 τοῖς
1154 4893 1261 4946 ἀπὸ
1275 4892 1377 4961 γῆς
1400 4890 1629 4961 ἐναϐρύ-

106 4992 244 5044 ίυετθαι
263 4994 539 5063 παρῶμεν
565 5007 579 5021 ⁸
610 4984 690 5053 οἷς
710 4990 766 5042 δὲ
798 4991 830 5061 ἡ
863 4991 1115 5060 γέννησις
1149 4987 1248 5041 οὐκ
1271 4986 1328 5051 ἐξ
1355 4985 1626 5054 digitm“

106 5085 191 5135 alii.
232 5088 287 5139 ix
346 5088 665 5156 θελήματος
703 5083 926 5152 γέγονεν
966 5080 1158 5151 ἀνδρός
1187 5096 1200 5111 ·
1243 5078 1370 5132 ἀλλ’
1395 5075 1629 5146 όΠατὴρ

110 5190 177 5239 μέν
198 5182 423 5248 obstina;
450 5175 667 5233 ἄνωθεν
690 5173 1071 5245 προεγνωκὼς,
1106 5171 1463 5242 συμμόρφους
1492 5166 1631 5221 κατὰ

108 5270 249 5335 ωιρὸν
271 5272 549 5337 ἐξελέξατο
605 5268 683 5337 τῷ
733 5269 1054 5336 Μονογενεῖο
1102 5265 1162 5317 τὸ
1212 5263 1432 5331 Πνεῦμα
1480 5258 1631 5313 δὲτὸ

110 5358 221 5419 Ξγεῡν
249 5362 315 5424 ὡς
361 5365 545 5431 ἁγίοις
595 5356 1141 5425 ἐπαναπαυσάμενον,
1194 5353 1289 5408 καὶ
1338 5350 1521 5404 καινὸν
1574 5350 1630 5401 έν

108 5452 245 5513 rimi;
270 5455 549 5524 ἄνθρωπον
582 5451 681 5506 καὶ
710 5449 913 5519 θεοειδῆ
934 5447 1013 5518 τῷ
1047 5448 1146 5518 τῆς
1176 5442 1428 5513 ἀληθείας
1480 5441 1622 5509 λόγῳ

107 5549 417 5616 γεγεννηγὼς,
453 5547 817 5614 υίοθετήσατο
842 5542 916 5611 τῷ
944 5541 1059 5611 Θεῷ
1083 5581 1098 5605 ,
1128 5538 1347 5599 τούτους
1380 5533 1623 5587 ἐντεῦθεν

162 5728 248 5781 "ll
273 5728 391 5784 Cor.
426 5746 508 5795 tn,
537 5728 627 5781 Π.
710 5722 752 5756 ¹⁸
772 5720 931 5778 Cant.
962 5736 1033 5785 tv,
1083 5718 1167 5774 l6.
1250 5716 1290 5748 "
1318 5715 1472 5769 Joan.
1514 5727 1550 5777 ι,
1586 5712 1667 5766 15.

1735 4433 2051 4491 offeramus.
2075 4425 2438 4493 Quamobrem
2463 4438 2493 4476 a
2524 4420 2674 4475 nullo
2691 4433 2882 4473 eorum
2928 4434 3047 4487 qua:
3089 4417 3297 4471 extrin—

1735 4539 1894 4581 secus
1922 4527 2071 4585 sunt,
2102 4528 2159 4573 et
2188 4525 2400 4571 terrena
2436 4510 2589 4580 quasi
2642 4507 2943 4578 appendice
2993 4512 3297 4575 sequuntur

1736 4611 2011 4686 (prosapia
2024 4609 2229 4665 scilicet
2243 4615 2403 4674 atque
2416 4600 2592 4672 patria
2625 4598 2800 4652 ullave
2819 4595 3000 4651 saeculi
3025 4596 3293 4665 claritate)

1731 4706 1911 4760 virum
1937 4703 2211 4758 ccclestem
2260 4693 2657 4752 celebrabimus
2712 4688 3003 4761 (superﬂua
3032 4689 3202 4751 enim,
3233 4703 3296 4743 ac

1731 4797 1934 4853 nedum
1969 4792 2273 4848 celsissimo
2293 4784 2538 4841 veritatis
2558 4780 2923 4851 evangelistae,
2982 4780 3075 4833 sed
3114 4794 3295 4847 neque

1732 4888 1935 4944 sanctis
1980 4886 2049 4939 ab
2095 4885 2212 4952 ejus
2237 4883 2391 4947 longe
2424 4875 2629 4943 virtute
2685 4872 2908 4927 remotis
2959 4870 3293 4924 conveniens

1732 4990 1825 5037 aut
1859 4977 2077 5050 placita,
2108 4989 2228 5045 quae
2260 4987 2326 5025 ex
2360 4970 2561 5023 talibus
2616 4966 2854 5022 laudatio
2907 4968 3034 5031 est).
3092 4964 3293 5017 Verum

1730 5072 1965 5128 terrenis
1997 5064 2328 5125 ornamentis
2358 5060 2643 5132 superbire
2669 5074 2763 5113 eos
2796 5057 3044 5112 sinamus
3096 5066 3150 5110 et
3181 5058 3295 5125 glo-

1730 5166 1883 5227 riari,
1915 5162 2010 5233 qui
2039 5172 2165 5217 sunt
2193 5174 2223 5211 e
2266 5164 2408 5209 terra
2441 5172 2455 5207 :
2489 5154 2688 5223 quibus
2715 5160 2896 5204 autem
2923 5151 3177 5203 nativitas
3213 5156 3291 5200 at-

1732 5273 1839 5328 que
1870 5256 2021 5325 origo
2060 5267 2167 5306 non
2190 5265 2256 5302 ex
2281 5245 2657 5316 sanguinibus,
2684 5258 2783 5295 nec
2804 5257 2869 5295 ex
2894 5242 3167 5294 voluntate
3192 5237 3287 5288 viri

1732 5349 1929 5419 obtigit
1958 5348 1998 5378 "
2032 5362 2046 5407 ;
2073 5342 2167 5398 sed
2202 5342 2361 5394 Pater
2385 5337 2605 5408 quidem
2633 5334 2874 5389 ccelestis
2903 5334 3029 5387 olim
3084 5344 3287 5399 praeco-

1729 5441 1931 5511 gnitos,
1964 5451 2060 5508 pro
2103 5442 2348 5501 tempore
2387 5428 2694 5485 conformes
2735 5427 2899 5497 elegit
2958 5422 3287 5491 Unigenito;

1731 5530 1968 5601 Spiritus
1995 5532 2214 5582 sanctus
2245 5531 2448 5584 autem,
2485 5526 2545 5574 ut
2568 5518 2659 5590 qui
2696 5518 2749 5573 in
2782 5515 2982 5572 sanctis
3024 5511 3285 5579 conquie-
