3950 6320
569 315 671 386 103

1777 308 2072 372 ΝῙΟΕΤᾸΞ
2111 308 2156 368 Ρ

2264 284 2642 366 HLAGONIS
2683 348 2691 359 .
3731 291 3792 355 to

567 445 655 489 cat
677 434 724 468 '°
749 475 764 499 ,
799 441 963 501 atque
985 430 1039 485 in
1063 429 1143 484 eis
1162 444 1368 484 novum
1429 426 1706 481 hominem
1746 438 1810 478 ac
1833 423 2158 477 Deilormcm

2265 415 2553 486 ὑμνεῖσθαι
2583 413 2677 466 καὶ
2709 410 3108 482 θαυμάζεσθαι,
3136 412 3194 465 ὲν
3220 408 3298 480 τῷ
3329 410 3541 482 Κυρίῳ,
3575 407 3719 463 κατά
3746 409 3792 462 λι

567 540 822 583 sermone
847 522 1100 578 veritatis
1131 523 1333 592 gignat,
1354 521 1408 574 in
1435 519 1574 572 tilias
1604 518 1716 572 Deo
1742 513 2022 584 adoptavit
2045 511 2146 576 "";

566 617 603 673 ii
639 616 765 672 inde
796 613 1086 669 laudentur
1117 628 1181 667 ac
1235 609 1582 667 admirationi
1640 598 1971 667 habeantur,
2006 618 2149 673 quo-

2258 525 2373 577 για,
2403 506 2580 577 ψυχὴν
2631 504 3073 575 ἐπαινουμένους,
3111 504 3206 558 καὶ
3231 502 3304 567 ὡς
3340 503 3531 575 ἥδιστα
3560 502 3639 574 τῷ
3665 503 3793 574 οὐρο

2259 601 2356 671 νίῳ
2384 597 2869 667 συνδοξαζομένους
2899 596 3092 665 Πατρί.

570 723 709 770 rum,
747 711 898 780 juxta
928 721 1078 760 sacra
1108 706 1344 774 eloquia,
1376 703 1430 757 in
1475 702 1708 756 Domino
1740 697 1995 752 laudetur
2019 694 2286 759 animus;
2338 689 2544 762 quique
2592 687 2729 742 adeo
2784 701 2907 740 cum
2968 686 3173 741 calesti
3225 687 3384 742 Patre
3436 686 3796 757 jucundissim

569 800 914 856 celebrentur
937 799 1005 852 “.

641 889 771 944 lnde
819 889 1034 943 cunctis
1061 888 1279 959 quidem
1305 886 1509 942 sanctis
1540 885 1951 956 apta'laudatio.
1998 881 2153 937 velut

569 996 636 1035 ex
673 995 781 1033 uno
809 980 969 1033 Patre
1009 979 1277 1033 luminum
1305 977 1622 1047 prognatis;
1645 991 1768 1030 cum
1807 974 1996 1045 primis
2019 986 2151 1026 vero

582 1069 897 1139 coryphmis
959 1068 1467 1136 antiquissimisque
1519 1066 1684 1121 Verbi
1741 1065 2007 1133 theologis
2039 1080 2053 1125 ;
2084 1077 2153 1116 ex

570 1163 771 1232 quibus
815 1161 1009 1214 Petrus
1049 1160 1271 1230 quidem
1307 1168 1566 1228 tanquam
1612 1159 1736 1212 ﬁdei
1773 1165 1926 1228 petra
1951 1155 2152 1209 ﬁrmis-

571 1255 877 1320 simumque
934 1249 1352 1305 fundamentum
1408 1251 1618 1304 honore
1689 1250 1941 1318 praelatus
1997 1255 2082 1300 est
2133 1263 2148 1300 :

570 1329 807 1399 Jaeobus
842 1359 992 1407 vero,
1026 1339 1220 1413 utqui'
1269 1345 1480 1412 primus
1531 1342 1921 1412 apostolorum,
1969 1339 2154 1394 calicis

571 1452 634 1490 ac
666 1436 1005 1505 baptismatis
1029 1434 1306 1504 passionis
1341 1433 1558 1488 Christo
1603 1431 1806 1495 socius,
1836 1441 2150 1499 sanctaque

571 1524 696 1578 ﬁdei
740 1525 883 1578 basis
917 1523 1122 1577 sanctis
1172 1531 1319 1580 esset
1355 1522 1597 1577 futurus.
1639 1521 1722 1575 Tu
1748 1536 1900 1586 vero,
1958 1535 1992 1574 ο
2019 1519 2152 1573 bea-

574 1617 672 1670 tel
713 1631 924 1670 summa
994 1613 1303 1684 apostolica:
1351 1616 1651 1684 majestatis
1715 1628 1843 1668 arce
1890 1618 2107 1680 arrepta
2139 1651 2154 1675 ,

2343 872 2625 928 Ἐντεῦθεν
2647 873 2782 926 πᾶσι
2833 871 2933 942 μὲν
2966 873 3141 940 ἁγίοις
3185 873 3474 942 προσήκων
3517 875 3546 925 ὁ
3595 871 3796 926 ἔπαινο.

2260 968 2336 1030 ὡς
2365 967 2425 1032 ἐξ
2446 966 2566 1029 ἑνὸς
2590 964 2683 1018 τοῦ
2705 965 2812 1017 τῶν
2845 965 3039 1032 φώτων
3064 965 3426 1033 γεννωμένοις
3475 964 3684 1034 Πατρός
3704 981 3719 996 ο
3740 965 3796 1015 οὐ

2257 1061 2461 1129 ἥκιστα
2502 1058 2559 1111 δὲ
2618 1059 2732 1121 τοῖς
2787 1057 3104 1127 κορυφαίοις
3154 1057 3245 1109 καὶ
3291 1056 3680 1127 πρεσϐυτάτοις
3743 1073 3795 1108 τε

2257 1154 2429 1221 Λόγου
2449 1151 2748 1218 θεολόγοις·
2782 1145 2857 1204 ὧν
2888 1151 3094 1219 Πέτρος
3147 1149 3264 1218 μὲν,
3293 1149 3366 1213 ὡς
3411 1151 3509 1220 τῆς
3559 1151 3710 1220 ἱερᾶς
3745 1167 3797 1199 πυ

2259 1261 2428 1306 στεως
2485 1244 2654 1314 πέτρα
2719 1245 2812 1296 καὶ
2876 1243 3126 1314 ἀρραγὴς
3179 1242 3522 1313 προετιμήθη
3594 1239 3797 1313 κρηπί;

2268 1335 2522 1400 Ἰάκωϐος
2555 1336 2634 1400 δὲ,
2672 1335 2746 1399 ὼς
2799 1335 3012 1406 πρῶτος
3040 1334 3147 1391 τῶν
3177 1334 3488 1386 ἀποστόλων
3542 1335 3620 1404 τῷ
3672 1351 3796 1388 mm

2262 1429 2359 1499 ρίῳ
2389 1429 2484 1481 καὶ
2514 1427 2591 1497 τῷ
2613 1426 2706 1480 τοῦ
2730 1426 2935 1490 πάθους
2955 1424 3288 1496 βαπτίσματι
3316 1427 3592 1478 κοινωνεῖν
3624 1425 3796 1494 μέλλιι

2259 1517 2505 1589 Χριστῷ,
2539 1518 2633 1574 καὶ
2659 1515 2816 1587 βάσις
2839 1518 2999 1584 ἁγίας
3028 1516 3260 1580 ’ἐλπίδος
3291 1519 3402 1574 τοῖς
3436 1515 3613 1584 ἁγίοις
3643 1515 3797 1584 ὲσόμι

2260 1629 2370 1675 νος.
2403 1613 2473 1664 Σὺ
2493 1611 2571 1676 δὲ,
2603 1605 2648 1664 ὦ
2704 1611 2910 1681 μάκαρ,
2959 1609 3058 1679 τὴν
3105 1611 3279 1680 ἄκραν
3335 1609 3436 1679 τῆς
3473 1607 3796 1662 ἀποστολικῐ

575 1715 635 1761 ut
691 1707 782 1776 qui
807 1722 1117 1776 supremam
1175 1706 1440 1760 virtutum
1473 1706 1817 1777 (charitatem
1846 1702 1992 1772 dico)
2049 1718 2158 1773 pra:

2266 1703 2741 1776 μεγαλοπρεπείας
2771 1704 3068 1768 κατέλαϐες
3107 1704 3370 1778 κορυφῂν,
3399 1703 3473 1767 ὡς
3529 1703 3630 1788 τῂν
3666 1703 3796 1772 ἀκρι

582 1801 797 1854 cunctis
827 1800 974 1852 illius
1001 1797 1350 1852 consortibus
1383 1795 1660 1859 dilexeris,
1709 1796 2019 1865 eximieque
2052 1795 2152 1850 tibi

581 1891 671 1945 illa
702 1890 990 1960 placueris,
1031 1904 1092 1943 ac
1123 1905 1336 1943 summe
1358 1904 1478 1943 eam
1512 1889 1789 1954 colueris;
1823 1889 1990 1958 inque
2046 1903 2110 1942 ea
2135 1927 2151 1953 ,

575 1998 709 2037 vere
744 1983 943 2037 dilecto
974 1997 1036 2036 ac
1063 1982 1385 2037 charissima
1413 1983 1524 2037 Deo
1559 1983 1735 2037 Verbo
1792 1983 2000 2053 Deique
2019 1981 2154 2040 Uni-

492 2126 494 2129 .
577 2073 782 2144 genito,
818 2073 1226 2128 necessitudihe
1249 2074 1537 2129 devinctus
1563 2075 1658 2128 sis.
1686 2075 1891 2145 Nempe
1917 2075 2024 2130 hoc
2053 2075 2154 2130 tibi

527 2240 538 2249 α
577 2167 745 2221 animi
779 2167 1120 2222 incitationis
1144 2169 1456 2240 summique
1485 2170 1538 2223 in
1569 2170 1736 2224 Deum
1769 2187 2028 2227 ascensus
2050 2173 2158 2226 ini-

579 2257 738 2313 tium.
757 2256 872 2314 Hoc
903 2271 958 2314 et
978 2269 1172 2314 vestrae
1196 2269 1322 2314 nota
1344 2261 1564 2329 propria
1589 2269 1751 2330 atque
1785 2262 1995 2333 insigne
2023 2263 2155 2318 bea-

579 2349 751 2404 titatls
773 2388 787 2412 ,
808 2348 1239 2416 pulcherrimum
1260 2351 1880 2422 peculiarissimumque,
1909 2368 1972 2409 ac
1992 2369 2155 2424 quam

579 2439 814 2494 maxime
845 2439 1138 2509 singularis
1163 2441 1436 2511 gloriatio,
1460 2443 1609 2496 velut
1642 2458 1751 2512 pra:
1804 2444 2008 2500 sanctis
2026 2445 2157 2499 reli-

585 2530 706 2600 quis
729 2532 900 2601 magis
928 2531 1168 2602 propria,
1187 2531 1314 2586 Jesu
1338 2550 1533 2604 nempe
1550 2535 1812 2603 dilectio;
1839 2554 1945 2608 qua
1969 2538 2158 2612 utique

583 2622 886 2677 suavissimi
914 2619 1112 2675 mentis
1143 2632 1336 2677 vestra:
1366 2624 1613 2690 decoris,
1639 2625 1949 2697 divinaeque
1969 2627 2158 2681 formae

565 2705 890 2782 "praestantia
914 2711 1193 2767 clucescit.
1221 2711 1688 2779 Quemadmodum
1719 2717 1866 2770 enim
1903 2717 2041 2772 nihil
2086 2715 2153 2770 ad

581 2803 820 2874 speciem
842 2803 1037 2874 majus,
1067 2818 1137 2858 ne
1179 2803 1367 2858 subtili
1397 2806 1620 2874 quidem
1678 2809 1913 2878 cogitatu
1953 2809 2158 2863 assumi

530 2878 537 2884 ’
581 2903 765 2964 queat,
783 2894 1030 2964 specioso
1053 2895 1222 2949 forma
1239 2911 1350 2965 prae
1366 2895 1488 2951 ﬁliis
1501 2899 1888 2952 hominum'”:
1903 2900 1983 2954 sic
1999 2915 2160 2969 quem

584 2983 676 3040 ille
721 2986 1070 3055 singulariter
1097 2988 1318 3052 amavit,
1359 2989 1564 3058 primas
1589 2989 1776 3058 utique
1836 2990 2005 3043 animi
2037 2991 2162 3061 pul-

2243 1798 2430 1867 ’τάτην
2461 1797 2569 1850 τῶν
2591 1796 2823 1866 ἀρετῶν,
2852 1798 2951 1865 τὴν
2977 1795 3199 1863 ἀγάπην
3235 1795 3299 1866 δὴ
3337 1795 3502 1859 λέγω,
3535 1795 3686 1867 παρά
3712 1794 3796 1848 τοί

2264 1887 2527 1958 μετόχους
2553 1887 2721 1957 αὐτῆς
2745 1887 2950 1949 πάντας
2982 1885 3307 1957 ἠγαπηκὼς,
3341 1888 3436 1939 καὶ
3470 1885 3796 1958 ὑπερϐαλλό-

2261 1998 2368 2043 τως
2397 1978 2687 2052 ᾑρετικὼς,
2717 1980 2811 2033 καὶ
2839 1972 3024 2050 ἄκρως
3052 1978 3451 2050 κατωρθωκὼς,
3486 1979 3582 2034 καὶ
3613 1982 3671 2032 ὲν
3700 1981 3796 2032 αὐτ

2260 2071 2336 2143 τῷ
2361 2072 2531 2136 ὅντως
2568 2071 2838 2142 ἀγαπητῷ
2873 2071 2990 2142 Θεῷ
3025 2071 3181 2140 Λόγῳ
3211 2071 3305 2125 καὶ
3357 2071 3449 2124 τοῦ
3482 2069 3616 2124 Θεοῦ
3667 2088 3796 2143 προ(

2263 2164 2614 2235 ῳχειωμένος
2641 2165 2959 2233 Μονογενεῐ.
2983 2164 3151 2219 Τοῦτό
3175 2182 3257 2217 σοι
3285 2165 3379 2217 καὶ
3403 2163 3543 2234 ἀρχὴ
3571 2165 3672 2234 τῆς
3705 2162 3796 2235 πρί

2209 2335 2216 2340 ν
2263 2257 2355 2310 τὸν
2403 2256 2535 2310 Θεὸν
2561 2258 2768 2329 ὑπῆρξε
2809 2256 3073 2326 κινήσεως
3098 2255 3193 2310 καὶ
3221 2258 3530 2325 ἀναγωγῆς.
3553 2257 3728 2310 Τοῦτο
3747 2274 3795 2308 κς

2263 2349 2553 2420 γνώρισμα
2587 2348 2686 2419 τῆς
2717 2347 3117 2422 μακαριότητος
3148 2348 3300 2418 ὑμῶν
3328 2349 3618 2402 κάλλιστόν
3648 2365 3710 2403 τε
3743 2366 3795 2401 xc

2269 2443 2582 2506 ίδιαίτατον,
2606 2442 2698 2494 καὶ
2731 2441 2993 2512 καύχημα
3014 2440 3307 2510 ἐξαίρετον,
3341 2436 3452 2494 οἷον
3480 2440 3589 2492 τῶν
3620 2441 3792 2495 πάντα

2269 2533 2470 2603 μᾶλλον
2497 2532 2668 2600 ἁγίων
2692 2525 3193 2602 ἀποκληρούμενον,
3230 2531 3467 2601 ήάγάπη
3500 2530 3595 2584 τοῦ
3622 2530 3796 2601 Ἰησοῐ

2269 2623 2340 2677 δι’
2365 2619 2434 2695 ἦς
2459 2625 2493 2694 ἡ
2526 2623 2798 2694 ὑπερϐολὴ
2825 2623 2924 2694 τῆς
2969 2624 3163 2694 νοερᾶς
3219 2623 3372 2692 ὑμῶν
3431 2622 3767 2693 εὐπρεπείας

2267 2715 2562 2780 θεοειδείας
2592 2716 3044 2786 παραδείκνυται.
3079 2715 3292 2786 Ὠσπερ
3315 2716 3424 2785 γάρ
3445 2713 3607 2766 οὐδὲν
3635 2712 3796 2781 ὡραιι

2265 2824 2422 2877 τερον
2448 2807 2542 2862 τοῦ
2574 2806 2780 2877 ὡραίου
2814 2805 2997 2861 κάλλει
3024 2805 3176 2878 παρά
3211 2803 3335 2868 τοὺς
3376 2805 3529 2868 υἱοὺς
3580 2805 3690 2857 τῶν
3746 2807 3795 2860 ἀπ

2269 2898 2521 2970 θρώπων,
2551 2900 2671 2952 οὐδὲ
2697 2902 2762 2970 τῇ
2794 2899 3012 2969 ἐπινοίᾳ
3048 2898 3268 2953 δυνατὸν
3288 2897 3472 2950 λαϐεῖν
3491 2914 3507 2929 ο
3561 2895 3704 2951 οὕτω
3747 2914 3795 2950 κε

2269 2989 2328 3045 ὃν
2359 2992 2649 3063 ἐξαιριτως
2669 2991 2925 3062 ἐφίλησεν
2973 2993 3201 3056 ἐκεῖνος,
3232 2991 3299 3044 τὰ
3338 2991 3602 3062 πρεσϐεῖα
3639 2990 3796 3060 δηλαί

585 3076 912 3131 chritudinis
960 3078 1121 3132 laude
1175 3095 1285 3154 prae
1307 3080 1533 3150 reliquis
1573 3081 1835 3136 retulerit.
1871 3083 1985 3138 Nec
2018 3083 2158 3137 enim

2276 3083 2412 3155 πρὸς
2447 3062 2574 3147 τοὺς
2592 3083 2788 3149 ἀλλους
2815 3085 2913 3153 τῆς
2963 3086 3155 3155 νοερᾶς
3206 3083 3490 3137 ἀποίσεται
3552 3082 3796 3152 καλλονῆι

477 3171 482 3181 “
587 3169 726 3222 adeo
754 3167 988 3232 dilectus
1023 3179 1189 3234 esset,
1233 3179 1370 3224 utet
1403 3188 1511 3226 una
1541 3173 1653 3228 fere
1691 3173 1837 3227 illius
1865 3184 1993 3229 nota
2031 3189 2162 3244 pro-

583 3257 814 3329 priaque
865 3257 1146 3315 distinctio
1183 3261 1433 3341 Charitas,
1470 3261 1611 3316 foret
1670 3279 1733 3316 ac
1770 3262 2010 3327 dilectio,
2058 3263 2164 3319 nisi

585 3347 874 3417 probitatis
893 3363 1216 3420 morumque
1249 3352 1512 3417 lenitatis,
1541 3362 1703 3422 atque
1736 3354 1830 3407 Dei
1862 3354 2157 3409 simulacro

589 3438 852 3493 bonitatis
874 3439 1230 3505 abundantia.
1251 3445 1483 3499 maxima
1516 3462 1640 3500 cum
1668 3446 1929 3518 diligente
1961 3462 2157 3503 neces-

591 3528 851 3595 situdine,
886 3544 916 3585 a
948 3545 1005 3586 se
1037 3548 1254 3603 quoque
1282 3547 1430 3591 certa
1458 3538 1691 3606 quadam
1723 3539 1935 3594 ratione
1968 3555 2032 3594 ac
2063 3555 2165 3610 pro

554 3697 559 3701 _
590 3621 835 3685 modulo,
863 3622 1216 3678 dilectionem
1245 3627 1358 3696 ipse
1387 3629 1730 3683 contulisset.
1760 3630 1991 3699 Diligere
2013 3633 2162 3686 enim

592 3728 687 3768 eos
745 3715 838 3783 qui
872 3715 1049 3784 ipsum
1100 3727 1304 3793 ament,
1341 3718 1544 3774 diserte
1569 3722 1889 3790 pronuntiat
1942 3722 2038 3776 Dei
2074 3738 2164 3778 sa-

591 3805 798 3874 pientia
830 3809 896 3860 “.

664 3916 890 3971 Omnem
931 3918 1097 3988 igitur
1143 3918 1382 3975 divinam
1414 3921 1684 3977 actionem
1712 3939 2034 3994 omnemque
2052 3924 2166 3979 exi-

595 4008 757 4061 miam
786 4009 1498 4079 contemplationem,velut
1524 4029 1591 4066 ex
1656 4015 1889 4083 quadam
1948 4014 2160 4081 radice,

421 4093 426 4096 “
491 4092 502 4110 ⁵
596 4114 664 4152 cx
699 4098 902 4154 Christi
953 4100 1009 4154 in
1068 4117 1132 4157 eo
1164 4102 1461 4157 dilectione
1508 4119 1768 4174 surgere:
1811 4122 1874 4161 ac
1897 4105 2164 4175 quidquid

601 4195 787 4255 ageret
817 4196 910 4241 aut
935 4190 1270 4259 loqueretur,
1292 4193 1602 4247 dilectionis
1629 4193 1866 4251 fructum
1883 4212 2032 4261 esse;
2056 4213 2163 4267 qua

605 4278 694 4332 ille
721 4287 865 4333 totus
889 4283 1154 4337 excedens
1185 4300 1245 4338 ac
1259 4285 1517 4339 continue
1533 4287 1685 4355 quasi
1711 4289 2000 4358 emigrans,
2021 4305 2164 4344 sem-

2271 3176 2408 3230 Οὐδὲ
2437 3175 2544 3246 γὰρ
2576 3175 2641 3230 ἂν
2662 3176 2756 3229 ἐπὶ
2782 3175 3036 3230 τοσοῦτον
3058 3176 3333 3247 ἡγάπητο,
3383 3176 3458 3239 ὼς
3504 3175 3600 3228 καὶ
3631 3177 3729 3229 ἀπ’
3750 3193 3796 3229 αι

2267 3269 2369 3339 τῆς
2393 3269 2563 3340 μόνης
2589 3269 2773 3340 σχεδὸν
2813 3271 2910 3340 τῆς
2955 3269 3174 3342 ἀγάπης
3233 3267 3758 3340 χαρακτηρίζεσθαι,

2268 3361 2349 3432 μὴ
2380 3361 2668 3432 περιουσίᾳ
2697 3360 3174 3432 χρηστότητοςκαὶ
3197 3360 3586 3431 θεομιμησίας,
3618 3360 3794 3412 οἰκεία

2257 3447 2382 3531 ,εἶχε
2414 3443 2550 3523 πρὸς
2571 3453 2663 3505 τὸν
2715 3451 3034 3520 ἀγαπῶντα,
3085 3454 3178 3506 καὶ
3221 3451 3318 3524 τὴν
3368 3451 3498 3533 παρ’
3518 3449 3717 3505 ἑαυτοῦ
3749 3467 3836 3519 φιο

2265 3543 2385 3598 λίαν
2439 3543 2715 3612 ἀναλόγως
2775 3542 3152 3613 εἰσηνέγκατο.
3210 3543 3348 3606 Τοὺς
3401 3544 3509 3613 γάρ
3552 3541 3836 3611 φιλοῦντας

2265 3635 2431 3706 αὐτὴν
2471 3636 2712 3707 ἀγαπᾷν,
2763 3634 2918 3706 ὴ-τοῦ
2979 3633 3116 3688 Θεοῦ
3147 3635 3446 3708 διαρρήδην
3472 3635 3833 3704 ἀποφαίνεται

2266 3727 2450 3798 σοφία.

2335 3921 2523 3974 Πᾶσαν
2553 3921 2734 3974 τοίνυν
2752 3919 2953 3992 πρᾶξιν
2979 3920 3195 3991 θεοτελῆ
3240 3922 3334 3974 καὶ
3391 3920 3622 3992 θεωρίαν
3668 3922 3835 3992 ὑπερ-

2263 4014 2375 4080 φυᾶ
2401 4014 2599 4076 πᾶσαν,
2635 4013 2886 4082 καθάπερ
2921 4012 2987 4064 ἐκ
3025 4030 3168 4076 τινος
3208 4013 3382 4083 ῥίζης,
3433 4015 3530 4082 τῆς
3585 4016 3642 4066 ὲν
3689 4013 3834 4082 αὐτῷ

2266 4102 2583 4176 βλαστάνειν
2609 4104 2831 4174 ἀγάπης
2876 4104 3114 4174 Χριστοῦ
3141 4120 3155 4133 °
3194 4105 3288 4157 καὶ
3330 4088 3445 4158 πᾶν.
3463 4106 3523 4158 τὸ
3577 4106 3642 4158 δι’
3670 4104 3831 4158 αὐτοῦ

2263 4197 2541 4267 γινόμενον
2569 4195 2936 4268 ἦλεγόμενον,
2969 4199 3190 4268 ἀγάπης
3221 4192 3365 4251 εῖναι
3425 4198 3656 4267 καρπὸν,
3711 4199 3831 4253 καθ’

2262 4290 2329 4360 ἢν
2356 4291 2562 4353 ἐκεῖνος
2592 4289 2822 4355 ἑξεστὼς
2852 4290 2973 4353 ὅλος
3005 4293 3097 4342 καὶ
3127 4289 3414 4352 διαπαντὸς
3448 4290 3728 4359 ἐκδημῶν,
3749 4291 3832 4343 ἀεὶ

602 4382 700 4436 per
721 4370 936 4436 quidem
971 4372 1020 4424 in
1056 4389 1118 4426 ea
1157 4375 1326 4426 Deum
1379 4376 1738 4431 contuebatur
1765 4380 1849 4444 ²³;
1910 4380 2158 4449 hancque

2273 4383 2368 4451 μὲν
2402 4380 2550 4450 ἑώρα
2566 4381 2656 4431 τὸν
2680 4381 2809 4432 Θεὸν
2831 4383 2888 4433 ὲν
2907 4381 3075 4449 αὑτῇι·
3109 4380 3310 4448 ταύτην
3336 4378 3399 4431 δὲ
3414 4379 3530 4449 ᾔδει
3562 4380 3832 4450 πλήρωμα

606 4459 742 4512 adeo
781 4460 974 4514 divina:
997 4463 1129 4530 legis
1157 4463 1577 4530 plenitudinem,
1618 4467 1897 4538 Deumque
1946 4485 2066 4526 esse
2103 4488 2158 4527 ac

2271 4470 2434 4537 νόμου
2470 4469 2629 4530 Θεοῦ,
2662 4471 2756 4521 καὶ
2788 4470 2920 4522 Θεὸν
2972 4464 3136 4522 οὖσαν
3201 4470 3295 4522 καὶ
3348 4469 3720 4533 θεοποιοῦσαν,
3774 4467 3832 4520 τὰ

608 4549 853 4604 (lcilicam
888 4562 1107 4604 noverat
1135 4569 1148 4614 ;
1181 4554 1334 4621 cujus
1364 4555 1572 4610 scilicet
1595 4569 1857 4625 extrema,
1887 4560 2157 4629 perfectis-

605 4642 740 4695 sima
773 4643 1255 4712 impcrturbatione
1281 4660 1343 4699 ac
1383 4655 1562 4700 mente
1619 4652 1934 4718 purissima,‘
1975 4664 2168 4706 nactus

607 4745 751 4789 esset
772 4737 868 4789 "‘2

680 4845 948 4900 Caeterum
982 4846 1284 4907 videamus.
1336 4847 1477 4902 unde
1511 4865 1542 4903 a
1577 4851 1844 4919 principio
1884 4861 2081 4915 motus,
2113 4863 2170 4908 et

611 4953 714 5005 qua
746 4936 1128 5004 provectmi'fac
1160 4938 1451 5006 proﬁciens
1507 4942 1615 4999 via.
1687 4942 1752 4995 ad
1786 4929 2165 5011 perfectionis

614 5027 751 5078 hanc
786 5029 1056 5093 speculam
1098 5029 1390 5084 subvectus
1419 5032 1508 5087 sit.
1535 5033 1652 5087 Jam
1687 5033 1832 5086 enim
1864 5049 2053 5103 magna
2075 5051 2168 5090 vc-

507 5171 509 5173 ,
613 5131 779 5180 raque
809 5115 925 5166 luce
954 5116 1019 5168 iis
1052 5128 1259 5182 exorta,
1287 5121 1378 5189 qui
1406 5123 1671 5179 sedebant
1705 5124 1758 5176 in
1798 5124 2070 5189 tenebris;
2107 5142 2170 5180 ac

614 5202 830 5268 quidem
853 5203 1006 5257 Patre
1039 5206 1238 5273 gloriae,
1258 5210 1584 5278 Filiumesse
1617 5214 2019 5277 charissimum,
2045 5231 2168 5270 eum

617 5292 705 5360 qui
739 5292 1166 5362 intingebatur,e
1193 5302 1342 5356 caelis
1367 5304 1706 5356 intonante“
1742 5320 1811 5370 ;e
1843 5314 1983 5360 terra
2015 5323 2167 5370 vero,

619 5397 733 5448 ipso
783 5385 870 5452 qui
905 5386 1218 5455 intingebat,
1243 5393 1449 5460 Agnum
1498 5395 1590 5446 Dei
1624 5412 1740 5449 esse
1803 5407 2034 5452 testante
2066 5399 2166 5462 ’δῖ

620 5472 747 5538 quin
782 5485 835 5526 et
870 5476 1068 5545 Spiritu
1103 5482 1195 5550 .i‘n,
1234 5485 1496 5536 Columbae
1549 5488 1726 5552 specie
1752 5488 2116 5544 descendente
2148 5529 2162 5553 ,

706 5655 748 5730 ’ξ
775 5657 1059 5718 Rom.vm.
1084 5663 1168 5715 ‘29.
1236 5665 1312 5693 ’θ’
1335 5664 1445 5717 Jac.
1478 5681 1513 5724 ι,
1543 5668 1621 5720 18.
1681 5673 1719 5700 ²¹
1753 5672 1889 5724 l’sal.
1927 5690 2103 5730 xxxiii.
2126 5675 2175 5725 5.

625 5725 698 5756 ’³⁸
727 5728 998 5794 1101η.ςιιι,
1039 5734 1129 5791 l0;
1165 5734 1178 5784 l
1211 5733 1360 5785 Joan.
1388 5751 1456 5798 iV,
1496 5741 1541 5789 8.
1624 5741 1662 5768 ’³
1693 5741 1787 5793 lsa.
1825 5761 1894 5806 ix,
1931 5744 2024 5807 ‘lt;
2058 5725 2154 5794 Stat

2273 5758 2348 5804 nr,
2378 5742 2435 5794 l7
2472 5761 2483 5804 ;
2519 5725 2754 5805 l.ll(‘.’lll,
2778 5742 2846 5794 9.2

2268 4561 2470 4630 ἔσχατα
2491 4560 2694 4628 ταύτης
2727 4559 2966 4632 ἀπαθείᾳ
3009 4561 3316 4632 τελειοτάτη
3355 4561 3447 4614 καὶ
3478 4559 3555 4630 νῷ
3582 4561 3832 4632 καθαρω-

2265 4653 2411 4723 τάτῳ
2432 4669 2560 4705 κατε
2569 4649 2792 4723 ιληφὼς.

2349 4852 2489 4906 Ἀλλ’
2512 4852 2732 4921 ἴδωμεν,
2765 4850 2887 4905 ὅθεν
2919 4851 3016 4920 τὴν
3041 4850 3216 4921 ἀρχὴν
3258 4850 3517 4920 κινηθεὶς,
3545 4850 3638 4904 καὶ
3676 4845 3827 4920 δι’ἦς

2263 4943 2594 5014 ἀναγόμενος
2650 4945 2744 4997 καὶ
2789 4941 3113 5014 προκόπτων
3166 4941 3309 5006 ὁδοῦ,
3358 4940 3558 5011 ταύτην
3613 4943 3824 5014 ἐπήρθη

2263 5035 2362 5105 τῆς
2394 5038 2728 5103 τελειότητος
2761 5037 2860 5104 τὴν
2889 5035 3199 5106 περιωπήν.
3234 5034 3392 5104 Ἀρτι
3442 5035 3547 5103 γὰρ
3596 5033 3691 5086 τοῦ
3737 5051 3826 5105 με-

2265 5130 2429 5196 γάλου
2462 5129 2552 5178 καὶ
2584 5125 2836 5192 ἀληθινοῦ
2872 5126 3070 5193 φωτὸς,
3111 5126 3223 5186 τοῖς
3252 5125 3308 5176 ἐν
3356 5123 3533 5175 σκότει
3581 5123 3823 5194 καθημέ-

2267 5237 2372 5280 νοις
2406 5219 2746 5283 ἀνίσχοειτοςο
2798 5217 2889 5270 καὶ
2930 5216 3136 5269 ἄνωθεν
3193 5213 3291 5283 μὲν
3342 5213 3401 5278 ἐξ
3447 5213 3688 5283 οὐρανῶν
3734 5211 3823 5265 τοῦ

2277 5308 2483 5375 Πατρὸς
2511 5307 2606 5375 τῆς
2639 5307 2796 5378 δόξης
2821 5292 3112 5376 ’ἀγαπητὸν
3155 5306 3281 5359 Υίὸν
3315 5302 3449 5359 εἶναι
3499 5308 3590 5358 τὸν
3639 5305 3823 5374 βαπτι-

2277 5397 2497 5462 ζόμενον
2532 5396 2996 5466 ὲμϐροντήσαντος
3018 5411 3031 5423 ο
3067 5396 3306 5450 κάτωθεν
3334 5396 3498 5450 δὲτοῦ
3539 5397 3822 5467 βαπτίζον-

2275 5505 2386 5552 τος,
2426 5489 2616 5557 Ἀμνὸν
2641 5485 2779 5543 εἶναι
2809 5488 2901 5541 τοῦ
2933 5488 3067 5541 Θεοῦ
3113 5490 3305 5543 τοῦτον
3339 5492 3785 5561 μαρτυρήσαντος
3806 5499 3819 5513 ⁸

2262 5670 2334 5699 ’⁸⁸
2358 5670 2494 5725 Psal.
2533 5675 2742 5735 x1.tv,5.
2794 5673 2834 5700 "
2876 5673 3030 5726 Prov.
3057 5692 3172 5736 vm,
3213 5675 3292 5728 l7.
3372 5673 3414 5704 ⁸³
3439 5673 3479 5725 ll
3501 5672 3629 5727 Cor.
3659 5689 3711 5742 v,
3743 5669 3820 5727 Η.

2273 5758 2348 5798 II.'.
2378 5742 2435 5794 l7
2472 5761 2483 5798 :
2519 5743 2646 5796 Luc.
2677 5759 2754 5798 ιιι.
2778 5742 2846 5794 9.2
2930 5745 3003 5773 "“
3029 5746 3182 5798 Joan.
3210 5763 3243 5798 ι.
3287 5745 3373 5796 29.

2959 5754 3003 5773 δ’
3029 5754 3182 5800 Joan.
3210 5763 3243 5808 ι,
3287 5754 3373 5796 29.
