3950 6320
206 324 295 386 105

840 388 848 395 ε
937 315 1209 377 ORATIO
1245 315 1339 374 v1.
1368 334 1436 349 —
1467 308 1542 373 1N
1572 307 1875 373 LAUDEM
1914 314 1972 371 s.
2010 306 2323 375 JOANNIS
2360 270 2625 374 EVANc.
2721 358 2733 374 .

3253 315 3349 379 106

208 438 293 488 καὶ
319 428 410 486 τοῦ
444 430 753 500 Πνεύματος
802 428 857 482 δὲ
896 429 1216 499 περιστερᾶς
1268 429 1396 481 εῖδει
1424 428 1715 492 κατιόντος,

1820 436 1978 496 atque
2005 428 2286 482 amborum
2341 431 2706 484 testimonium
2762 430 3096 501 obsignante,
3159 444 3350 500 praeter

205 523 291 576 καὶ
320 520 413 590 τὴν
443 520 747 588 μαρτυρίαν
775 518 975 586 ἀμφοῖν
1002 515 1507 585 ὲπισφραγίζοντος,
1530 510 1619 567 οἷά
1634 531 1714 578 τις

204 609 379 679 ἡλιακὴ
410 609 540 678 πρὸς
563 610 677 669 τοῖς
723 607 896 668 ἀλλοις
950 604 1043 658 τοῦ
1100 605 1273 672 Λόγου
1324 605 1573 674 μύσταις,
1625 605 1717 658 καὶ

200 704 299 763 τοῖς
352 701 481 761 υίοῖς
540 697 819 751 Ζεῦεδαίου
866 695 1167 766 προσέπεσε
1232 695 1596 766 μαρμαρυγή·
1624 698 1717 747 καὶ

201 791 431 858 καθάπερ
458 790 579 842 τινά
620 787 886 857 σπινθῆρα
910 782 1161 855 γνώσεως
1210 785 1600 855 ελλαμφθέντες
1621 784 1716 838 τοῦ

202 879 645 949 μαρτυρουμένου,
668 874 853 952 ἐπειδὴ
888 875 1002 945 μετ’
1022 874 1199 943 ὀλίγον
1220 875 1413 938 αὐτοὺς
1447 876 1475 928 ό
1508 873 1718 945 θεαρχι-

199 966 423 1030 κὼτατος
462 968 684 1020 ἐκάλεσε
720 966 1016 1036 παραστὰς,
1038 965 1156 1017 οὑδὶ
1189 964 1357 1035 βραχὺ
1401 962 1527 1032 γοῦν
1583 964 1719 1036 πρὸς

198 1065 286 1131 τὴν
301 1061 489 1129 κλῆσιν
506 1058 823 1113 ἀνεϐάλοντο
839 1072 854 1087 ο
896 1058 957 1110 οὐ
980 1055 1263 1126 συνηθείας
1281 1056 1515 1121 οίκείων,
1543 1055 1606 1109 οὑ
1632 1055 1719 1124 φί-

214 1148 331 1212 λων,
356 1148 452 1216 οὑχ
492 1146 786 1217 ὁμηλίκων,
820 1144 933 1199 οὗθ’
975 1144 1110 1207 ὅλως
1154 1144 1473 1221 συγγενικῆς
1516 1144 1717 1212 φιλίας,

202 1238 287 1291 καὶ
310 1239 550 1307 ἑταιρίας
572 1235 941 1306 ἐπεσχέθησαν
962 1236 1072 1297 τοῖς
1098 1234 1311 1304 δεσμοῖς
1329 1247 1345 1264 ⁸
1373 1234 1507 1289 ἀλλά
1534 1236 1627 1291 καὶ
1653 1237 1721 1288 τὰ

202 1330 457 1399 προσόντα
480 1329 674 1394 πάντα,
698 1328 789 1382 καὶ
820 1328 918 1396 τὴν
938 1326 1116 1380 ἑστίαν
1149 1324 1249 1396 τὴν
1292 1327 1563 1396 πατρικήν
1583 1342 1598 1358 ο
1633 1329 1721 1380 ναὶ

198 1420 254 1488 δὴ
278 1420 367 1473 καὶ
390 1419 549 1471 αὑτὸν
576 1418 670 1471 τὸν
716 1417 926 1488 πατέρα
956 1416 1093 1486 μετά
1141 1416 1234 1471 τοῦ
1267 1416 1448 1470 πλοίου
1486 1417 1578 1472 καὶ
1624 1417 1721 1485 τῆς

197 1507 493 1576 ἁλιευτικῆς
526 1507 755 1583 ἀφέντες
791 1504 856 1575 (ὣ
901 1506 997 1581 τῆς
1044 1506 1337 1569 πίστεωςι)
1372 1505 1721 1559 ἀκολουθοῦσι

198 1598 269 1669 τῷ
300 1597 474 1667 Ἰησοῦ
504 1612 519 1627 ·
562 1600 620 1650 ὲν
646 1596 869 1667 ἀληθινῇ
897 1598 989 1650 καὶ
1020 1594 1213 1667 γνησίᾳ
1230 1596 1721 1667 καρδίαςσυμφυό-

202 1706 348 1759 μενοι
381 1691 602 1758 στοργῇ.
1010 1687 1025 1742 ζ’
1490 1707 1495 1712 ’

1813 520 2050 589 reliquos
2062 520 2221 575 Verbi
2237 521 2552 592 discipulos,
2589 526 2645 576 in
2673 517 3160 593 Zebedzei-quoque
3190 525 3349 586 ﬁlios.

1812 610 1959 665 velut
1979 611 2108 685 solis
2139 611 2359 680 quidam
2390 613 2619 667 micatus
2644 622 2699 668 et
2740 613 2996 682 splendor
3017 615 3251 681 cecidit;
3290 629 3355 669 ac

1813 701 1965 769 quasi
1989 699 2223 756 scintilla
2241 703 2491 772 quadam,
2512 699 2649 773 eius,
2689 702 2779 758 cui
2802 704 3172 759 testimonium
3232 720 3355 774 per-

1811 789 2120 854 bibebatur,
2156 791 2261 845 illis
2288 800 2625 857 coruscante,
2660 808 2787 847 cum
2849 792 3000 847 brevi
3038 802 3161 862 post
3209 794 3354 849 divi-

1813 881 2071 937 nisslmus
2089 882 2178 937 ille
2224 877 2452 952 fonsque
2472 882 2692 937 deitatis
2721 882 2851 946 illos.
2872 890 3068 953 priesto
3085 892 3354 956 vocasset,

1813 990 1883 1030 ne
1904 984 2177 1033 momento
2199 974 2416 1044 quidem
2439 976 2663 1045 obsequi
2678 960 3034 1031 distulerunt.
3060 976 3179 1031 Non
3227 993 3359 1032 con-

1814 1064 2116 1120 suetudinis
2134 1076 2383 1131 suorum,
2410 1077 2518 1119 non
2542 1066 2861 1130 amicorum,
2894 1081 3003 1120 non
3048 1066 3356 1135 aequalium,

1816 1167 1991 1227 neque
2019 1169 2237 1224 prorsus
2264 1164 2610 1225 cognatorum
2649 1156 3024 1226 sodaliumque
3058 1158 3360 1211 necessitu-

1816 1245 1961 1301 dinis
1990 1246 2221 1301 vinculis
2248 1246 2464 1301 inhibiti
2507 1254 2635 1301 sunt
2664 1264 2679 1312 ;
2712 1247 2806 1301 sed
2832 1256 2888 1301 et
2912 1246 3059 1300 omni
3108 1247 3359 1301 substan-

1819 1336 2245 1407 tia'paternaque
2270 1335 2452 1401 domo,
2486 1337 2616 1407 quin
2661 1346 2717 1391 et
2736 1334 2863 1411 ipso
2892 1345 3044 1407 patre
3097 1352 3203 1390 una
3232 1349 3358 1391 cum

1816 1442 1951 1482 nave
1979 1442 2043 1482 ac
2090 1425 2417 1482 navicularia
2437 1434 2551 1482 arte
2583 1426 2785 1482 relictis
2843 1427 2898 1497 (ο
2927 1425 3084 1479 ﬁdem
3110 1427 3150 1494 l)
3173 1425 3359 1479 Jesum

1786 1509 1799 1514 ’
1817 1526 2139 1587 sequuntur,
2166 1516 2365 1572 nedum
2393 1530 2643 1587 corpore,
2662 1516 2756 1571 sed
2774 1516 2946 1585 magis
2964 1514 3160 1585 spiritu
3184 1532 3199 1581 ;
3228 1526 3358 1570 vero

1819 1606 1896 1663 illi
1927 1609 2246 1677 sinceraque
2266 1608 2445 1663 cordis
2469 1622 2652 1662 amore
2673 1607 2929 1663 devincti.

256 1779 362 1832 Καὶ
394 1781 510 1841 ταῖς
550 1778 649 1849 μὲν
674 1778 855 1832 ἀκτῖσι
907 1775 1013 1831 τῶν
1039 1776 1210 1845 λόγων
1244 1776 1341 1847 τῆς
1360 1766 1586 1849 Ἲχᾶριτος
1611 1778 1718 1832 τῶν

1886 1771 2198 1854 Acquidem
2222 1799 2530 1839 sermonum
2564 1784 2779 1855 gratiae,
2815 1781 3001 1839 divino
3059 1798 3125 1837 ex
3150 1794 3245 1839 ore
3269 1794 3361 1837 sa-

196 1873 253 1923 ὲκ
269 1869 357 1922 τοῦ
380 1868 665 1939 θεαρχικοῦ
720 1870 983 1937 στόματος
1028 1867 1409 1938 ἐξαλλομένων,
1454 1870 1721 1939 περιλαμ-

198 1960 408 2029 πόμενοι
429 1976 486 2013 τε
512 1960 603 2014 τὸν
631 1958 775 2022 νοῦν,
809 1959 901 2013 καὶ
928 1960 1010 2020 είς
1064 1959 1244 2012 καινὸν
1299 1961 1577 2030 ἄνθρωπον
1629 1961 1722 2013 κα)⁸

198 2050 391 2119 θεοειδῆ
444 2049 982 2122 μεταμορφούμενοι·
1012 2052 1124 2113 τοῖς
1152 2049 1261 2103 τῶν
1301 2050 1474 2121 ἔργων
1514 2050 1569 2103 δὲ
1590 2050 1721 2103 θαυε-

201 2140 405 2209 μασίοις
430 2142 531 2210 τὴν
590 2140 772 2193 πίστιν
830 2140 1260 2211 κραταιούμενοι,
1302 2141 1394 2193 καὶ
1425 2141 1631 2211 ἡμέραν
1664 2141 1724 2207 ιε

198 2231 395 2300 ἡμέρας
421 2231 510 2285 τὸν
536 2232 635 2298 τῆς
681 2230 903 2301 ἀγάπης
957 2230 1435 2301 ἀναζωπυροῦντες
1483 2232 1719 2301 πυρσόνο

198 2324 283 2376 καὶ
302 2324 548 2394 καθάπερ
571 2322 637 2377 τὰ
661 2322 769 2375 τῶν
800 2320 982 2389 φυτῶν
1024 2322 1378 2392 εὐγενέστερα
1429 2322 1462 2392 ἢ
1511 2323 1726 2376 εὐθαλέ-

198 2414 369 2483 στερα,
392 2414 491 2483 γῆς
516 2417 597 2465 ’τε
630 2411 813 2474 πίονος
848 2411 942 2464 καὶ
972 2411 1143 2479 καλῆς
1184 2411 1414 2482 λαχόντα
1459 2412 1557 2483 τῆς
1598 2413 1726 2467 ὑπο-

196 2505 438 2571 κειμένης
464 2518 479 2534 ·
520 2502 718 2564 ἱκανῶς
750 2501 806 2554 δὲ
831 2500 925 2554 καὶ
960 2501 1056 2571 τῆς
1083 2503 1232 2571 παρά
1259 2502 1364 2554 τῶν
1411 2503 1725 2573 φυτοκόμων

197 2592 474 2663 ἀξιούμενα
498 2590 727 2661 κομιδῆς
746 2609 759 2621 ·
780 2590 971 2644 θᾶττόν
986 2606 1046 2642 τε
1079 2591 1209 2661 πρὸς
1238 2587 1371 2660 Wo;
1402 2591 1724 2658 ἀναδίδοται,

197 2684 279 2736 καὶ
305 2683 519 2752 βαθείας
534 2680 788 2734 καθιέντα
824 2680 997 2751 ῥίζας,
1016 2679 1303 2750 ἁδρύνεταί
1352 2696 1412 2733 τε
1462 2680 1603 2735 κατὰ
1630 2680 1727 2733 eti-

198 2789 299 2842 χος,
326 2774 421 2826 καὶ
446 2771 637 2837 πολὺν,
667 2772 742 2834 ὡς
803 2770 967 2836 είκὺς,
1022 2769 1308 2825 ἀποδίδωσι
1352 2771 1447 2826 τὰς
1484 2770 1723 2842 unprov-

196 2863 355 2925 οὕτως
394 2863 442 2915 oi
496 2860 592 2914 τοῦ
643 2854 818 2929 Λόγου
840 2858 1213 2930 δοκιμώτατοι
1247 2856 1503 2929 μαθηταὶ,
1559 2858 1728 2929 καλῆς

199 2954 272 3006 δτι
301 2952 535 3022 μάλιστα
562 2951 655 3004 καὶ
678 2950 889 3019 ἀγαθῆς
918 2949 1071 3012 ὄντες
1104 2938 1355 3012 διανοίας,
1380 2944 1458 3013 οἷς
1499 2950 1596 3019 μὲν
1622 2950 1729 3001 τῶν

200 3043 349 3115 ἱερῶν
369 3041 470 3111 τῆς
496 3040 689 3108 σοφίας
720 3034 918 3111 ὀργίων
942 3038 1310 3110 κατηξίωντο,
1344 3039 1444 3109 τὴν
1492 3039 1719 3107 καρδίαν

202 3130 538 3202 βαθυνόμενοι
561 3146 577 3164 ο
604 3124 685 3192 οἷς
712 3128 768 3181 δὲ
791 3127 897 3182 τῶν
916 3128 1094 3199 εργων
1134 3126 1369 3196 Χριστοῦ
1418 3126 1515 3197 τὴν
1557 3142 1722 3197 μεγαέ

201 3220 517 3289 λοπρὰιειαν
543 3217 899 3281 κατεθεῶντο,
926 3215 1058 3287 πρὸς
1074 3215 1321 3285 οὐράνιον
1345 3213 1475 3285 ὕψος
1500 3207 1730 3279 πίστεως

176 3344 179 3345 ν
202 3310 283 3361 τὸν
306 3307 428 3361 νοῦν
458 3306 879 3376 ἀνατεινόμενοι,
906 3305 1101 3376 εὐγενῆ
1130 3305 1225 3358 καὶ
1268 3302 1491 3375 ὥριμον
1516 3304 1608 3359 τὸν
1628 3306 1731 3375 τῆς

203 3400 407 3469 ἀγάπης
427 3394 712 3453 ἀπεδίδουν
748 3395 977 3466 καρπόν.
1087 3396 1090 3401 ’
1234 3393 1240 3401 ’
1516 3404 1519 3405 ⁷
1684 3393 1689 3399 ’

264 3468 421 3540 Ὅθεν
452 3487 635 3549 αὐτοῖς
672 3485 798 3556 περὶ
824 3485 892 3538 τὰ
940 3483 1087 3554 ἥττω
1114 3483 1326 3552 φανεῖσι
1356 3485 1585 3549 πιστοῖς,
1637 3484 1733 3536 καὶ
1792 3468 1793 3471 η

204 3577 317 3648 περὶ
342 3577 410 3630 τὰ
440 3577 611 3646 μείζω
637 3574 943 3644 λογισθῆναι
991 3578 1201 3638 πιστοῖς
1236 3591 1251 3606 '
1282 3576 1380 3642 ,καὶ
1419 3575 1526 3628 τῶν
1552 3574 1727 3645 ἔργων

214 3666 375 3735 Ἰησοῦ
426 3666 525 3736 τὴν
550 3682 555 3687 ’
579 3664 932 3735 λαμπρότητα
953 3668 1183 3729 πίστεως
1203 3665 1521 3736 ὑποσχόντες
1537 3664 1736 3717 τελειό-

205 3757 446 3826 τητι,καὶ
482 3756 584 3825 τῆς
608 3755 931 3827 ὑπερουσίου
957 3755 1224 3825 θεότητος,
1264 3756 1339 3819 ὼς
1387 3741 1613 3824 ἐφικτὸν
1641 3754 1735 3808 ἀν-

206 3847 434 3917 θρωπίνῃ
486 3845 834 3916 κατηξιοῦντο
884 3844 1063 3915 φύσει.
1093 3846 1205 3900 Καὶ
1246 3845 1353 3915 γὰρ
1380 3846 1440 3899 οὑ
1468 3846 1579 3908 τοῖς
1601 3843 1733 3897 πολ-

207 3934 304 3998 λοῖς
343 3934 533 3988 ἑαυτὸν
563 3934 915 3987 -ὲνεπίστευεν
939 3934 968 3986 ό
995 3934 1335 4005 ὑπροὺσιος,
1378 3932 1560 4003 σαφῶς
1607 3933 1735 3986 ἑκά-

211 4043 321 4081 στου
344 4027 415 4079 τὰ
442 4025 647 4096 κρὺφια
670 4024 769 4095 τῆς
824 4024 1048 4094 καρδίας
1073 4010 1603 4096 καταθεωριῖηίοὺδὲ
1629 4024 1733 4077 πᾶ-

210 4131 281 4167 σιν
303 4115 557 4184 ἐξαπίνης
602 4117 714 4189 τοῖς
774 4112 1074 4183 μαθηταῖςο
1119 4112 1233 4165 ἀλλ’
1286 4111 1379 4174 οὓς
1414 4111 1735 4181 ἀξιωτέρους

209 4205 329 4272 ᾔδει,
357 4194 675 4274 καὶμᾶλλον
734 4202 841 4255 τῶν
897 4201 1069 4257 ἄλλων
1100 4202 1442 4270 πιστοτέρους
1497 4202 1738 4271 παραλα-

209 4292 450 4347 ὃὼψκαὶ
512 4293 591 4363 τῷ
630 4291 894 4362 Θασωρίῳ
942 4293 1393 4362 προσαναγαγὼν,
1429 4290 1525 4363 τὴν
1570 4289 1736 4346 αὑτοῦ

207 4384 346 4450 δόξαν
363 4385 547 4457 ἡρέμα
568 4382 1072 4455 μεταμορφούμενος
1095 4383 1389 4449 ὑπέδειξεν.
1543 4381 1546 4384 ’
1586 4382 1591 4387 ”

266 4560 429 4615 τοῦτο
460 4562 563 4635 μὲν
606 4555 721 4627 οὖν,
756 4561 817 4615 οὑ
835 4560 930 4617 τοῦ
966 4559 1211 4615 Ἰωάννου
1265 4559 1445 4630 μόνον,
1474 4560 1607 4614 ἀλλά
1636 4562 1734 4616 καὶ

202 4648 458 4706 Ἰακώϐου
489 4652 585 4704 καὶ
626 4651 831 4721 Πέτρου
878 4650 976 4721 τῆς
1018 4649 1249 4712 πίστεως
1280 4650 1546 4717 ἀπόδειξις
1574 4653 1735 4721 ἐναρ-

216 4742 302 4811 γής
322 4757 335 4772 ⁸
366 4743 666 4813 τεκμήριον
693 4740 750 4804 δὲ
782 4741 882 4810 τῆς
924 4742 1063 4794 κατὰ
1104 4739 1200 4810 τὴν
1226 4741 1441 4810 ἀγάπην
1464 4742 1735 4815 τελειότη-

217 4845 312 4894 τος,
340 4834 374 4901 ἡ
401 4831 546 4885 κατά
576 4830 914 4901 τδμυστικδν
934 4830 1144 4890 δεῖπνον
1172 4830 1264 4882 ὲπὶ
1306 4831 1365 4883 τὸ
1416 4830 1729 4902 ζωαρχικώ-

218 4933 357 4975 sum
386 4918 585 4989 στῆθος
614 4920 888 4983 ἀνάκλισις
907 4918 1001 4972 τοῦ
1023 4919 1297 4987 Θεολόγου.
1331 4921 1479 4972 Ἐπεὶ
1505 4922 1609 4990 γὰρ
1635 4921 1730 4975 ἕνα

220 5008 766 5081 τῶνσυνεστιωμένων
815 5008 1156 5079 παραδώσειν
1208 5010 1369 5062 αὑτὸν
1412 5011 1731 5079 προειρηκέ-

223 5113 316 5163 ναι,
345 5100 577 5171 θορύϐου
610 5100 729 5172 μὲν,
765 5101 839 5164 ὠς
868 5084 1035 5166 εἰκὸς,
1074 5098 1169 5161 τὰς
1185 5099 1410 5168 καρδίας
1428 5098 1533 5149 τῶν
1560 5098 1727 5168 μαθη-

224 5184 315 5238 τῶν
338 5190 428 5242 καὶ
450 5187 626 5257 λύπης
667 5186 981 5255 ἀγωνιῶσας
1022 5186 1506 5255 ὑποπίμπλασθαι·
1546 5185 1731 5239 οὐδένα

226 5276 578 5350 δὶπαρρησίᾳ
622 5278 823 5348 τολμᾷν
847 5279 1072 5348 ἐρωτᾷν,
1102 5278 1151 5329 εί
1205 5275 1277 5346 μὴ
1325 5276 1414 5327 τὸν
1459 5276 1597 5329 κατὰ
1639 5280 1736 5345 τὴν

230 5360 357 5437 ιεράν
378 5373 593 5439 ἀγάπην
615 5368 1047 5438 ὑπερϐαλλόντως
1082 5366 1515 5434 τετελειωμένον,
1538 5368 1594 5431 ὃς
1620 5369 1734 5436 ἐχό-

233 5472 349 5523 μενα
368 5460 752 5529 κατακείμενος
794 5460 871 5530 τῷ
919 5459 1220 5531 διδασκάλῳ
1245 5476 1257 5491 ·
1294 5459 1636 5529 προσαναδὰς
1655 5460 1729 5525 δὲ,

1817 1873 2086 1939 lientium,
2122 1873 2292 1928 radiis
2335 1874 2517 1929 animo
2569 1874 2901 1938 collustrati,
2930 1874 3096 1944 inque
3159 1885 3357 1927 novum

1818 1963 2093 2017 hominem
2134 1976 2199 2016 ac
2220 1962 2534 2040 deii'ormem
2568 1962 2935 2018 transformati
2960 1978 2975 2026 ;
3002 1960 3363 2016 admirandis-

1814 2055 1924 2120 'que
1949 2049 2208 2119 operibus
2237 2050 2292 2103 in
2328 2048 2433 2104 ﬁde
2466 2048 2725 2112 roborati,
2759 2062 2823 2102 ac
2854 2046 3161 2103 dilectionis
3215 2043 3366 2098 ﬁam-

1819 2154 1961 2194 mam
1988 2140 2056 2193 de
2096 2140 2189 2193 die
2216 2139 2271 2193 in
2297 2130 2442 2193 diem
2497 2138 2842 2212 suscitantes,
2890 2136 3171 2205 velutque'
3206 2133 3365 2188 nobl-

1820 2229 1957 2284 liora
1991 2230 2373 2299 vegetioraqus
2404 2244 2467 2285 ac
2490 2228 2657 2299 magis
2679 2228 2906 2283 virentia
2950 2227 3213 2297 germina,
3238 2226 3364 2295 pin-

1822 2319 2021 2390 guique
2051 2335 2113 2373 ac
2136 2314 2314 2388 opima
2369 2320 2620 2395 subjecta
2668 2318 2836 2373 humo
2890 2318 3122 2395 consita,
3152 2330 3367 2370 necnon

1823 2410 2009 2464 sedula
2035 2411 2331 2480 plantantis
2364 2409 2643 2480 diligentia
2667 2410 2899 2474 exculta,
2948 2408 3110 2462 citius
3125 2405 3371 2477 proceri-

1824 2510 1933 2554 tate
1984 2509 2301 2569 augescunt,
2352 2500 2581 2572 altisque
2632 2499 2844 2554 ilrmata
2894 2497 3187 2563 radicibus,
3254 2505 3367 2552 tum

1823 2589 1933 2643 cito
1962 2598 2323 2653 crassescunt,
2366 2599 2481 2644 tum
2508 2588 2767 2661 fructum,
2823 2595 3007 2657 utpar
3065 2596 3169 2650 est.
3205 2588 3365 2657 longe

1824 2680 2047 2735 uberem
2070 2679 2351 2749 proferunt
2376 2697 2391 2746 ;
2417 2678 2876 2749 sic'probatissimi
2896 2678 3057 2733 Verbi
3090 2678 3368 2748 discipuli,

1822 2783 1951 2823 cum
2007 2769 2243 2823 honesta
2292 2768 2525 2823 maxime
2586 2777 2747 2838 atque
2802 2766 3006 2836 optima
3055 2776 3371 2838 pmstarent

1825 2859 2023 2916 mentis
2048 2854 2250 2924 indole,
2304 2875 2411 2930 qua
2434 2861 2602 2914 sacris
2650 2859 2929 2928 sapientiae
2974 2858 3147 2929 orgiis
3186 2859 3370 2915 initia-

1826 2949 2041 3013 bantur,
2058 2950 2164 3005 alte
2180 2949 2361 3003 animo
2394 2948 2555 3003 deﬁxi
2587 2965 2602 3015 ;
2628 2964 2733 3018 qua
2766 2964 2895 3003 vero
2913 2964 3137 3019 operum
3167 2948 3372 3003 Christi

1828 3040 2274 3111 magniﬁcentiam
2301 3039 2714 3102 contuebantur,
2749 3038 2803 3093 in
2830 3039 3102 3094 caelestem
3127 3038 3251 3092 ﬁdei
3277 3053 3370 3093 su-

1826 3129 2145 3184 blimitatem
2196 3136 2377 3183 mente
2409 3127 2659 3193 surrecti,
2704 3125 2941 3182 nobilem
3004 3142 3067 3183 ac
3101 3135 3371 3182 maturum

1828 3220 2136 3277 dilectionis
2158 3219 2394 3277 fructum
2420 3212 2737 3274 reddebant.
2758 3217 2763 3223 ’

1900 3488 2036 3544 Hinc
2052 3494 2246 3559 nempe
2282 3487 2481 3559 adepti,
2520 3494 2582 3542 ut
2613 3501 2736 3542 cum
2768 3491 2823 3541 in
2854 3485 3155 3541 minoribus
3188 3485 3371 3541 ﬁdeles

1831 3580 2170 3635 exstitissent
2195 3619 2209 3641 ,
2237 3580 2401 3634 etiam
2432 3579 2486 3632 in
2516 3578 2812 3647 majoribus
2863 3576 3049 3632 ﬁdeles
3101 3576 3370 3630 haberen-
3471 3631 3478 3641 ,

1833 3671 1976 3724 tur"
2000 3684 2368 3739 :operumque
2391 3670 2517 3725 Jesu
2540 3670 2883 3738 splendorem
2908 3667 3225 3739 perfectioni
3245 3667 3368 3722 ﬁdei

1834 3750 2232 3837 permittentes,
2286 3762 2827 3831 supersubstantialis
2881 3775 3094 3830 quoque
3128 3760 3368 3823 deitatis,

1832 3852 2010 3921 quoad
2054 3852 2303 3905 humanae
2335 3860 2540 3905 naturae
2598 3866 2913 3905 concessum
2940 3859 3045 3912 est,
3095 3860 3372 3919 compOtes

1832 3940 2194 4006 edicerentur.
2222 3938 2341 3993 Non
2366 3939 2511 3993 enim
2534 3939 2694 4008 vulgo
2724 3939 2958 4013 seipsum
2978 3938 3252 4001 credebat.
3275 3940 3369 4008 qui

1834 4025 2187 4081 substantiam
2237 4040 2452 4078 omnem
2506 4025 2738 4087 excedit,
2774 4024 2918 4095 quod
2976 4027 3238 4095 cujusque
3283 4042 3349 4081 0c

1834 4115 1977 4169 culta
1989 4115 2350 4184 cordispalam
2373 4116 2675 4169 intueretur
2689 4116 2755 4146 ³⁵·
2777 4136 2790 4167 :
2813 4130 2911 4169 nec
2927 4115 3135 4169 cunctis
3152 4126 3374 4184 repente

1786 4264 1799 4271 α
1834 4202 2149 4271 discipulis;
2198 4204 2292 4257 sed
2317 4204 2423 4258 illis
2441 4203 2753 4272 assumptis
2788 4219 2923 4272 quos
2968 4204 3240 4274 digniores
3276 4222 3376 4258 no-

1835 4301 2003 4354 verat,
2023 4306 2087 4344 ac
2116 4291 2302 4360 majori
2321 4294 2529 4346 ceteris
2560 4291 2665 4345 ﬁde
2686 4300 3032 4359 praestantes;
3066 4291 3375 4346 subductis-

1766 4390 1811 4446 ι)
1837 4394 1941 4449 que
2001 4379 2107 4433 illis
2128 4379 2193 4432 ad
2227 4379 2478 4432 Thaborii
2502 4381 2730 4442 excelsa,
2759 4393 2913 4451 suam,
2938 4378 3019 4432 eis
3072 4379 3372 4433 claritatem

1832 4466 2027 4521 leniter
2065 4466 2471 4521 transformatus
2493 4467 2726 4524 ostendit
2750 4467 2815 4520 “.

1818 4580 1819 4583 η
1899 4558 1957 4614 id
1986 4558 2227 4629 quidem,
2255 4574 2364 4612 non
2388 4556 2608 4617 Joannis
2631 4557 2911 4621 duntaxat,
2968 4557 3062 4611 sed
3100 4566 3154 4610 et
3184 4558 3370 4612 Jacobi

1830 4658 1886 4705 et
1916 4650 2059 4704 Petri
2111 4647 2237 4703 ﬁdei
2268 4656 2452 4717 aperta
2502 4645 2751 4715 probatio
2792 4654 2876 4699 est
2914 4644 3206 4713 :periecta:
3244 4663 3369 4700 vero

1830 4738 2135 4795 dilectionis
2161 4745 2368 4793 certum
2425 4736 2702 4799 indicium,
2751 4734 2983 4805 theologi
3032 4734 3087 4789 in
3146 4737 3367 4807 mystica

1832 4845 1984 4885 caena
2012 4843 2164 4898 super
2204 4826 2580 4885 vitalissimum
2603 4832 2790 4895 pectus
2824 4825 3099 4881 recubitus
3127 4828 3191 4879 “.
3214 4826 3366 4891 Quod

1831 4918 1976 4977 enim
1995 4918 2379 4987 discipulorum
2410 4914 2590 4985 corda,
2616 4914 2816 4969 idcirco
2866 4914 3009 4986 quod
3049 4917 3363 4985 praedictum

1832 5016 1993 5069 erat,
2027 5006 2140 5061 fore
2193 5014 2254 5061 ut
2303 5005 2574 5059 communi
2614 5021 2797 5060 mensa
2852 5008 3187 5061 caenantium
3228 5024 3366 5059 unus

1834 5098 2144 5167 Magistrum
2197 5097 2451 5161 traderet,
2483 5096 2806 5151 turbationis
2828 5106 2988 5166 atque
3012 5100 3274 5159 mter-oris,
3307 5111 3363 5152 ut

1832 5202 1929 5256 par
1960 5197 2061 5251 est,
2102 5172 2351 5256 anxiique
2385 5186 2595 5240 timoris
2610 5187 2765 5255 plena
2788 5190 3027 5242 erant“‘
3060 5203 3195 5241 :nec
3223 5189 3363 5240 ullus

1833 5280 2006 5348 palam
2037 5281 2364 5347 interrogare
2391 5280 2644 5342 audebat,
2691 5288 2915 5348 excepto
2955 5280 3211 5332 duntaxat
3269 5282 3356 5347 qui

1828 5384 1992 5422 sacra:
2027 5368 2328 5421 dilectionis
2352 5368 2675 5437 perfectione
2699 5371 3019 5424 excellenter
3052 5368 3354 5435 praestabat,

1827 5469 1948 5510 cum
1979 5456 2228 5524 Magistro
2272 5455 2549 5523 proximus
2570 5455 2953 5517 discumberet,
2997 5455 3254 5521 tantisper
3287 5458 3353 5508 ad

287 5654 327 5684 "
358 5654 479 5710 Luc.
541 5672 648 5721 xvi,
685 5618 777 5710 ιοζ
866 5653 928 5689 ³⁸·
957 5655 1184 5721 Joan.n,
1215 5656 1315 5709 9.4;
1381 5658 1423 5688 "
1452 5656 1632 5713 Matth.
1663 5610 1789 5725 xvii,
1827 5654 1847 5707 i
1880 5671 1894 5717 ;
1931 5651 2087 5707 Marc.
2129 5669 2201 5717 ix,
2236 5653 2257 5705 1
2294 5669 2308 5721 ;
2354 5610 2481 5707 Luc.
2513 5670 2582 5717 ix,
2634 5654 2716 5709 17.
2794 5658 2855 5687 ’θ’
2894 5656 3039 5707 Joan.
3078 5667 3191 5720 xm,
3222 5654 3307 5708 25.

511 5747 775 5808 PATROL.
818 5746 910 5806 Gn
977 5746 1095 5809 CV.

2920 5745 2951 5802 4
