3950 6320
479 384 577 450 1θ7

1662 379 1952 439 ΝΙΩΕΤίΕ
1991 379 2511 472 PAPll'LAGONlS

3584 387 3684 448 108

469 521 597 562 eum
651 502 970 566 ascendens,
1001 498 1259 569 omnique
1279 496 1588 550 reverentia
1629 505 1817 565 pectus
1876 511 2028 551 suum

2136 513 2228 548 και
2256 497 2316 549 τὸ
2363 497 2567 551 οίκεῖον
2626 498 2818 569 στῆθος
2863 500 3215 564 πανευλαόῶς
3271 502 3563 575 ἐπερείσας
3610 505 3688 574 τῷ

469 597 757 653 Dominico
790 591 1110 655 admonens,
1134 603 1305 658 osque
1322 587 1471 641 illius
1513 586 1738 642 auribus
1765 584 2033 639 adhibens

472 689 527 762 (ο
559 690 768 743 beatam
819 681 1393 754 religiosissimamque
1453 678 1791 744 audaciam!)
1821 692 1889 732 ex
1940 676 2034 730 illo

464 786 816 852 percontatur
877 774 1238 846 proditorem,
1294 786 1531 840 eumque
1610 769 1764 840 signo
1818 766 2032 823 intincti

471 872 628 942 panis
654 870 904 922 docetur.

484 950 487 953 ’
534 963 745 1017 Clarius
775 975 905 1014 vero
929 955 1347 1027 expressiusque
1371 954 1427 1009 in
1459 951 1779 1016 crastinum,
1825 949 2034 1005 deificari

468 1052 774 1108 dilectionis
801 1047 1259 1111 necessitudinem
1282 1061 1380 1101 seu
1433 1043 1846 1113 perfectionem,
1884 1042 2032 1098 solus

471 1141 851 1211 mysteriorum
875 1145 1064 1191 auctor
1095 1135 1253 1189 Jesus
1282 1133 1336 1186 in
1360 1146 1522 1188 cruce
1560 1131 1712 1199 quasi
1743 1131 2026 1200 aenigmate

468 1231 746 1295 ostendit;
773 1228 904 1285 dum
928 1226 1086 1282 Matri
1137 1225 1513 1296 praedilectum
1544 1221 1875 1291 discipulum
1908 1230 2029 1276 tan-

468 1336 626 1392 quam
653 1318 823 1372 ﬁlium
858 1315 1277 1380 commendavit,
1335 1313 1628 1382 Matrisque
1675 1329 1860 1369 curam
1905 1306 2030 1367 cur-

472 1411 710 1484 poralem
735 1410 790 1472 in
820 1423 944 1463 eum
981 1406 1153 1460 ﬁlium
1187 1405 1413 1470 retulit;
1436 1419 1499 1458 ac
1526 1405 1676 1459 velut
1694 1403 1778 1458 sui
1808 1419 2029 1473 permu-

472 1499 731 1552 tationem
767 1498 1118 1567 pretiumque
1152 1493 1248 1549 Dei
1297 1492 1560 1548 Genitrici
1605 1492 1886 1560 traditum,
1928 1507 2025 1547 ve-

470 1593 601 1648 riori
630 1591 801 1663 gradu
831 1590 1054 1644 fratrem
1085 1588 1185 1644 sibi
1205 1602 1330 1642 eum
1355 1585 1608 1642 adhibuit
1635 1588 1702 1640 "’.

572 1682 710 1750 Quia
739 1681 885 1736 enim
921 1677 1116 1749 reliqui
1147 1691 1338 1732 omnes
1395 1676 1649 1746 discipuli
1704 1673 1866 1746 (absit
1895 1713 1909 1742 ,
1968 1682 2030 1729 ut

471 1775 617 1844 quod
669 1773 958 1827 molestum
985 1777 1088 1834 est,
1137 1777 1312 1823 totum
1337 1766 1537 1834 dicam)
1568 1767 1868 1820 irruentem
1925 1779 2025 1835 po-

475 1874 722 1921 testatem
757 1861 1128 1924 tenebrarum,
1191 1858 1450 1927 Judaaque
1477 1866 1760 1912 cruentam
1815 1871 2028 1926 grassa—
2057 1858 2066 1913 ἕ

475 1955 698 2018 tionem,
737 1965 953 2006 necnon
985 1949 1297 2004 Iudaeorum
1355 1947 1563 2002 rabiem
1608 1962 1671 2002 ac
1719 1947 1984 2002 saevitiam
2008 1987 2024 2010 ,

470 2048 841 2114 adversusque
873 2042 1209 2098 Salvatorem
1257 2041 1532 2094 vesaniam
1584 2055 1695 2095 non
1746 2040 2024 2103 ferentes,

472 2138 652 2208 fugam
681 2135 1028 2204 arripuerant
1084 2147 1099 2184 :
1130 2141 1187 2185 tu
1214 2146 1344 2185 vero
1382 2145 1448 2184 ex
1466 2130 1719 2185 omnibus
1772 2140 2027 2200 tanquam

472 2228 615 2281 firmi
640 2242 705 2281 ac
734 2224 1139 2280 tolerantissimi
1163 2221 1331 2275 animi
1369 2231 1430 2275 ut
1460 2222 1553 2290 qui
1598 2221 1791 2292 majori
1839 2220 2028 2276 fortio-

472 2321 629 2388 rique
679 2316 882 2371 amoris
911 2315 964 2370 vi
995 2315 1248 2384 Magistro
1295 2303 1581 2367 devinctus
1598 2325 1766 2376 esses,
1815 2313 2027 2368 cunctis

473 2410 551 2464 illi
573 2407 904 2474 salutaribus
975 2403 1363 2460 cruciamentis
1397 2417 1599 2467 eomes,
1629 2419 1742 2472 pra:
1785 2403 1877 2458 illo
1913 2404 2028 2459 fere

475 2501 649 2556 dirius
682 2498 927 2554 molestis
968 2495 1288 2550 aﬁiciebaris
1319 2511 1334 2559 ;
1376 2494 1472 2564 qui
1520 2510 1715 2564 nempe
1746 2503 2018 2565 "tanquam

473 2590 799 2647 acutissimis
831 2589 1026 2660 iaculis
1071 2588 1279 2642 viscera
1310 2586 1854 2651 transverberareris,
1905 2588 2024 2642 val-

473 2685 651 2752 deque
677 2681 890 2737 acerbis
923 2679 1068 2732 illius
1102 2693 1261 2731 causa
1313 2676 1592 2731 doloribus
1635 2678 1817 2731 animo
1836 2692 2029 2732 exure-

478 2775 619 2829 reris
652 2790 666 2826 :
698 2771 1027 2827 condolebas
1090 2769 1235 2838 quod
1272 2768 1593 2824 verberibus
1637 2769 2009 2838 excipiebatur

475 2864 740 2942 varieque
763 2862 1012 2932 colaphis
1049 2860 1408 2916 dehonestato
1453 2860 1800 2915 miseratione
1834 2861 2032 2916 afﬁcie-

474 2957 622 3011 baris
664 2974 678 3010 :
711 2954 895 3010 sed'et
924 2954 1073 3008 cruci
1110 2953 1266 3009 afﬁxo
1293 2955 1437 3008 solus
1472 2969 1596 3015 cum
1640 2954 1803 3009 Maria
1819 2963 2026 3019 astans,

476 3062 585 3102 una
613 3055 669 3101 et
688 3046 804 3116 ipse
843 3045 1079 3116 quodam
1116 3045 1278 3100 modo
1317 3045 1467 3100 cruci
1493 3045 1716 3100 sufﬁxus
1758 3061 1903 3108 eras,
1932 3045 2026 3114 qui

475 3139 729 3193 videlicet
755 3137 1034 3192 clavorum
1064 3136 1269 3206 pariter
1292 3135 1691 3205 perforationes
1719 3136 2026 3205 lanceaque

2134 3131 2252 3201 ρίας
2275 3133 2414 3187 κατὰ
2438 3133 2540 3203 τῆς
2561 3134 2785 3206 καρδίας
2812 3135 3127 3205 δεδεγμένος
3156 3135 3335 3206 βολάς.
3368 3135 3469 3188 Διά
3496 3134 3675 3190 ταῦτα
3692 3182 3704 3206 κ
3767 3119 3800 3147 ’ν

475 3229 849 3300 punctionem,
890 3227 1119 3281 lethales
1176 3226 1359 3282 animo
1419 3226 1559 3281 ictus
1597 3241 1909 3295 exceperas.
1942 3225 2027 3279 ld-

473 3321 622 3374 circo
664 3318 831 3388 igitur
867 3332 977 3372 non
1025 3317 1125 3371 hos
1166 3314 1366 3370 frustra
1410 3315 1716 3370 sustinuisti
1777 3315 2024 3369 laborum

474 3409 714 3471 aculeos,
745 3407 841 3462 sed
877 3422 1002 3462 cum
1038 3407 1298 3476 operibus
1335 3422 1464 3460 vero
1487 3421 1722 3460 amicum
1753 3407 2024 3475 praetulis-

475 3515 582 3565 scs,
622 3499 759 3554 alter
785 3499 875 3552 ille
903 3498 1051 3552 visus
1080 3513 1157 3551 es.
1209 3497 1322 3551 Hoc
1352 3511 1492 3550 verae
1531 3497 1782 3551 amicitiae
1801 3511 2020 3562 munus;

476 3592 581 3645 hoc
604 3603 885 3645 sacrorum
947 3588 1200 3642 laborum
1255 3587 1461 3656 mquale
1516 3588 1844 3657 dignumqhe
1894 3595 2027 3656 prae-

475 3683 643 3734 mium
676 3697 693 3745 ;
731 3679 826 3749 qui
854 3693 1049 3747 nempe
1099 3692 1259 3746 supra
1297 3691 1457 3745 quam
1516 3691 1724 3731 summe
1776 3677 2023 3731 eximiam

475 3771 638 3826 Verbi
661 3769 962 3823 amicitiam
999 3767 1115 3838 (seu
1167 3766 1346 3836 potius
1399 3768 1582 3821 fratris
1629 3767 1942 3837 dignitatem
1972 3773 2028 3820 et

475 3859 694 3928 nomen)
720 3859 934 3914 cunctis
987 3858 1204 3927 dignius
1253 3856 1792 3926 magniﬁcentiusque
1833 3871 2029 3910 conse-

474 3958 637 4004 cutus
663 3949 759 4003 sis.
782 3949 997 4004 Etenim
1020 3963 1130 4001 non
1175 3946 1418 4015 corporis
1444 3931 1844 4016 indulgentiore
1877 3946 2026 4000 cultu

2137 585 2471 659 Δίεσποτικῷ,
2505 589 2601 644 καὶ
2640 591 2700 644 τὸ
2752 592 2926 663 στόμα
2955 593 3219 664 παραθεὶς
3258 596 3372 657 τοῖς
3406 596 3560 659 ὠσὶν,
3609 596 3690 665 (ὦ

2139 679 2414 752 μακαρίας
2436 681 2534 735 καὶ
2574 683 2992 753 θεοφιλεστάτης
3040 684 3243 757 τόλμης
3267 684 3309 756 ι)
3361 686 3690 739 πυνθάνεται

2135 772 2237 840 μὲν
2259 771 2386 843 παρ’
2417 772 2582 827 αὑτοῦ
2613 773 2707 826 τὸν
2733 774 2996 845 προδότην
3017 791 3031 806 ο
3063 777 3365 848 συνθήματι
3396 777 3687 840 δὲ’τοῦτον,

2131 863 2211 934 τῷ
2236 864 2380 918 κατά
2400 864 2492 918 τὸν
2514 865 2699 934 ἀρτον,
2727 865 3124 922 ἐκδιδάσκεται.

2213 955 2716 1025 Ἐμφαντικὼτερον
2739 957 2796 1012 δι
2824 960 2888 1028 τῇ
2915 957 3063 1028 ἑξῆς,
3098 954 3199 1029 τὴν
3241 957 3329 1013 διά
3370 957 3468 1029 τῆς
3491 957 3688 1032 θεωτιέ

2133 1045 2233 1114 κῆς
2300 1045 2519 1115 ἀγάπης
2554 1045 2883 1119 οίκείωσινῆ
2916 1047 3211 1113 τελείωσιν,
3244 1048 3274 1101 ό
3327 1048 3485 1118 μόνον
3540 1049 3691 1101 τελε-

2129 1138 2334 1208 τάρχης
2365 1139 2460 1192 ἐπὶ
2481 1137 2572 1192 τοῦ
2612 1139 2848 1209 σταυροῦ
2904 1141 3279 1212 παρενέφηνεν
3340 1139 3549 1210 Ἰησοῦς
3575 1156 3590 1171 ·
3621 1141 3690 1210 τῇ

2128 1231 2312 1300 Μητρὶ
2339 1231 2434 1300 μὲν
2468 1232 2546 1295 είς
2575 1230 2686 1284 υίὸν
2712 1231 2804 1285 τὸν
2829 1232 3180 1303 ἠγαπημένον
3231 1232 3692 1302 παρακατατιθεὶς

2132 1312 2420 1392 μαθητήν·
2470 1321 2549 1391 τῷ
2593 1322 2651 1376 δὲ
2691 1323 2790 1393 τῆς
2819 1322 3040 1393 Μητρὸς
3089 1322 3187 1392 τὴν
3234 1321 3377 1377 κατά
3421 1321 3483 1376 τὸ
3531 1321 3693 1392 σῶμα

2129 1412 2470 1482 προμήθειαν
2501 1414 2586 1478 ὼςι
2625 1412 2729 1482 υίῷ
2761 1413 3034 1478 ἀνατιθείς
3057 1429 3071 1444 ·
3125 1414 3218 1468 καὶ
3259 1407 3372 1469 οἷον
3414 1413 3690 1468 ἀντάλλαο

2129 1517 2245 1571 γμα
2268 1504 2334 1573 τῇ
2364 1503 2608 1573 Θεοτόκῳ
2631 1503 2804 1568 διδοὺς
2842 1504 3054 1570 ἑαυτοῦ,
3085 1503 3179 1558 καὶ
3229 1506 3311 1567 είς
3334 1503 3485 1570 τάξιν
3523 1504 3692 1558 αὑτὸν

2126 1593 2481 1665 ἀδελφότητος
2504 1596 2870 1666 γνησιωτέρας
2898 1596 3087 1661 τιθείς.
3302 1657 3307 1662 ,

2208 1683 2424 1758 Ἐπειδὴ
2443 1687 2550 1757 γὰρ
2579 1688 2628 1740 oi
2672 1688 2769 1756 μὲν
2801 1687 2948 1742 ἄλλοι
2979 1689 3216 1760 μαθηταὶ
3240 1689 3442 1754 πάντες
3487 1705 3503 1722 ο
3521 1689 3691 1760 ἀπείη

2145 1773 2202 1826 δέ
2226 1791 2317 1844 μοι
2355 1775 2610 1847 φορτικὸν
2662 1777 2804 1831 ἅπαν
2867 1778 3060 1843 είπεῖν,
3108 1778 3204 1850 τὴν
3231 1763 3234 1771 ’
3259 1778 3692 1834 ιπεισπεσοῦσαν

2126 1867 2220 1920 τοῦ
2273 1870 2498 1934 σκότους
2553 1870 2821 1937 ἔξουσίαν,
2871 1871 2968 1926 καὶ
3032 1869 3131 1942 τὴν
3176 1871 3342 1926 Ἰούδα
3405 1872 3692 1943 μιαιφόνον

2125 1958 2394 2028 ἐπίθεσιν,
2416 1961 2650 2016 καὶτῶν
2687 1961 2956 2017 Ἰουδαίων
2979 1964 3076 2034 τὴν
3131 1962 3328 2018 λύτταν
3371 1965 3467 2018 καὶ
3500 1955 3689 2033 ὕϐριν,

2127 2051 2223 2108 καὶ
2246 2052 2346 2122 τὴν
2376 2052 2539 2107 κατὰ.
2569 2052 2664 2106 τοῦ
2711 2054 2990 2122 Σωτῆρος
3021 2053 3280 2108 ἀπόνοιαν
3325 2053 3530 2124 ἔφυγον
3586 2054 3717 2107 σῦκ’

2126 2143 2471 2210 ἐνεγκόντες,
2515 2145 2579 2199 σὺ
2623 2144 2681 2199 δὲ
2720 2145 2878 2216 μόνος
2924 2147 2991 2200 ὲκ
3041 2145 3280 2210 πάντων,
3307 2145 3384 2209 ὡς
3422 2145 3691 2215 σταθερᾶς

2125 2231 2223 2284 καὶ
2249 2235 2728 2306 καρτερικωτάτης
2752 2234 3009 2303 διανοίας,
3035 2236 3130 2290 ἀτε
3165 2235 3373 2306 μείζονι
3413 2235 3506 2289 καὶ
3540 2237 3693 2304 ισχυ-

2141 2322 2346 2393 ροτάτῃὴ
2369 2325 2710 2395 συνημμένος
2766 2324 2847 2394 τῷ
2891 2323 3209 2397 διδασκάλῳ,
3256 2329 3478 2397 στοργῇ,
3520 2327 3691 2379 πᾶσιν

2135 2412 2281 2482 αὑτῷ
2298 2415 2410 2476 τοῖς
2436 2414 2723 2485 σωτηρίοις
2743 2416 3025 2485 παθήμασι
3053 2417 3265 2486 παρὼν,
3292 2403 3452 2470 πλέον
3480 2416 3514 2488 ἢ
3543 2418 3690 2473 εκεῖ.

2127 2518 2216 2564 νος
2271 2506 2514 2574 μετεῖχες
2547 2505 2659 2558 ’τῶν
2698 2501 3076 2583 ἀνιαρῶνοηοία
3124 2509 3221 2578 μὲν
3252 2507 3458 2578 βολίσιν
3486 2508 3687 2574 ὀξείαις

2125 2593 2194 2646 τά
2231 2571 2514 2664 σπλάγχνα
2541 2571 2976 2667 τιτρωσκόμενος
3001 2615 3017 2630 ι
3054 2571 3268 2661 ,ὀδόναις
3292 2597 3348 2651 δὲ
3373 2571 3552 2670 dvas)“
3572 2599 3687 2668 δρι-
3749 2603 3755 2608 ’
3813 2571 3816 2573 Δ

2129 2682 2313 2753 μείαις
2339 2684 2478 2754 ὑπὲρ
2506 2685 2715 2739 ἐκείνου
2742 2682 3200 2757 πυρπολούμενος,
3241 2688 3336 2744 καὶ
3389 2700 3688 2762 μαστιγου-

2131 2771 2276 2843 μένῳ
2311 2774 2614 2844 συνήλγεις,
2638 2777 2734 2829 καὶ
2756 2778 3472 2849 συνέπασχες.πολυτρόπως
3518 2778 3678 2833 κολα-

2127 2858 2402 2931 φιζομένῳ
2427 2863 2521 2916 καὶ
2546 2866 2931 2936 σταυρουμὲνῳ
2945 2865 3005 2918 δὲ
3031 2866 3190 2936 μόνος
3232 2867 3347 2937 ἀμα
3387 2868 3452 2937 τῇ
3497 2866 3684 2937 Μητρὶ

2129 2949 2433 3020 παρεστὼς,
2457 2952 2653 3022 τρόπον
2682 2955 2804 3008 τινὰ
2821 2954 3295 3027 ’συνεσταυρώθης·
3345 2955 3445 3018 τάς
3463 2971 3526 3009 τε
3571 2955 3680 3008 τῶν

2126 3038 2270 3108 ἥλων
2296 3043 2539 3111 τρήσεις,
2559 3043 2654 3095 καὶ
2673 3043 2771 3114 τὴν
2790 3044 2886 3115 τῆς
2921 3044 3120 3115 λόγχης
3165 3044 3510 3114 ’ὲκκέντησιν,
3563 3060 3685 3095 και-

2128 3222 2326 3289 τοίνυν,
2357 3224 2422 3277 οὐ
2453 3227 2652 3295 προῖκα
2701 3226 2902 3290 ταύτας
2937 3218 3157 3297 ἀνέτλης
3204 3223 3312 3279 τῶν
3355 3224 3531 3279 πόνων
3582 3225 3681 3287 τὰς

2129 3312 2347 3377 ἀκίδας’
2376 3313 2556 3383 ἔργοις
2578 3315 2636 3370 δὲ
2671 3314 2764 3370 τὸν
2799 3304 2970 3391 ἀληθῇ
3031 3317 3180 3386 φίλον
3248 3314 3680 3385 ἐπιδειξάμενος,

2130 3401 2287 3467 ἀλλος
2310 3406 2512 3467 ἐκεῖνος
2538 3404 2742 3475 ὤφθης.
2797 3408 2965 3463 Τοῦτο
2993 3408 3157 3478 γέρας
3192 3407 3369 3476 φιλίας
3394 3405 3677 3476 ἀληθινῆς.

2129 3490 2288 3545 τοῦτο
2311 3491 2417 3546 τῶν
2439 3493 2598 3561 ίερῶν
2620 3494 2796 3548 πόνων
2821 3490 2981 3550 ἆθλον
3016 3492 3262 3559 ἀντάξιον
3280 3511 3294 3527 ο
3357 3494 3453 3564 τὴν
3509 3495 3679 3562 ὑπερ-

2131 3583 2625 3652 φυεστάτηνιΛόγου
2657 3582 2936 3656 φιλότητα,
2965 3585 3163 3656 μᾶλλον
3217 3586 3276 3639 δὲ
3322 3587 3678 3659 ἀδελφότητα,

2133 3673 2354 3729 πάντων
2407 3675 2897 3749 ἀξιοπρεπέστερον
2938 3680 3395 3750 ἀπενεγκάμενος.
3431 3679 3544 3733 Καὶ⁵
3571 3676 3678 3746 γὰρ

2131 3767 2228 3821 οὐκ
2253 3767 2516 3836 εὐπαθείᾳ
2537 3765 2783 3838 σώματος
2809 3768 2904 3823 καὶ
2926 3772 3106 3841 τρυφῇ
3133 3809 3151 3836 ,
3181 3770 3308 3840 ἀνίᾳ
3339 3768 3395 3821 δὲ
3447 3768 3545 3821 καὶ
3563 3783 3680 3819 πει-

2133 3857 2411 3927 ρασμοίςή
2443 3857 2594 3924 φιλία
2628 3857 3050 3928 δοκιμαζομένη,
3098 3857 3344 3928 καθαρὰν
3396 3856 3494 3928 τὴν
3541 3855 3678 3926 πρὸς

2130 3945 2225 4000 τὸν
2260 3944 2414 4015 φίλον
2437 3942 2578 4000 οἶδεν
2598 3947 2958 4002 ὲ”πιδεικνύναι
2986 3949 3218 4020 στοργήν

472 4063 538 4101 ac
591 4045 825 4100 deliciis.
867 4045 961 4112 sed
1012 4045 1258 4100 molestia
1317 4061 1381 4099 ac
1425 4041 1836 4108 tentationibus,
1886 4041 2112 4111 probata
2161 4039 2416 4108 amicitia,
2443 4042 2644 4097 claram
2696 4057 2824 4114 erga
2857 4042 3088 4099 amicum
3143 4023 3445 4114 puramque
3476 4037 3678 4096 amoris

476 4139 585 4191 vim
611 4144 889 4191 ostentare
910 4137 1082 4190 novit.

543 4225 709 4296 Igitur
737 4224 812 4302 ad
851 4226 1067 4279 vitalem
1094 4240 1266 4294 usque
1298 4216 1603 4293 passionem
1660 4217 1726 4276 ac
1781 4237 2029 4277 resurre-

475 4323 708 4373 ctionem
751 4325 958 4371 tentata
1007 4316 1371 4385 apostolorum
1417 4314 1571 4378 ﬁdes,
1597 4329 1660 4369 ac
1678 4329 1783 4382 qua
1817 4313 1871 4367 in
1904 4327 2030 4368 eum

475 4411 809 4474 ferebantur,
841 4409 934 4478 qui
971 4419 1163 4478 sponte
1219 4405 1391 4461 nostri
1443 4421 1607 4460 causa
1666 4413 1840 4460 morte
1907 4405 2030 4458 fun-

2191 4220 2367 4292 Μέχρι
2402 4214 2514 4292 μὲν
2556 4216 2651 4276 οὖν
2704 4223 2815 4291 τοῦς
2841 4224 3144 4295 ζωαρχικοῢ
3195 4223 3420 4303 πάθους,
3439 4225 3534 4279 καὶ
3569 4223 3676 4295 ’τῆς

2125 4309 2467 4375 ἀναστάσεως
2494 4315 2606 4375 τοῖς
2647 4313 2964 4379 ἀποστόλοις
2989 4319 3021 4384 ἡ
3051 4315 3233 4380 πίστις
3292 4315 3670 4386 πειρασθετσα,

2125 4404 2221 4455 καὶ
2246 4405 2278 4470 ή
2316 4404 2449 4471 πρὸς
2474 4404 2572 4463 τὸν,
2617 4399 2877 4467 ἑκουσίως
2901 4405 3041 4476 ὑπὲρ
3072 4406 3228 4475 ἡμῶν
3277 4407 3519 4459 παθόντα
3557 4407 3673 4468 διάς

474 4511 593 4554 ctus
619 4505 784 4560 esset,
817 4497 1046 4568 probata
1067 4495 1319 4555 affectio;
1345 4494 1490 4564 quod
1517 4493 1845 4549 oﬁ‘endiculo
1878 4493 2024 4549 omni

2134 4492 2274 4556 θεσις
2312 4492 2690 4562 βασανισθείσα
2720 4510 2734 4525 ·
2755 4495 2940 4566 ἐπειδὴ
2991 4497 3189 4559 παντὸς
3210 4496 3482 4568 ὑπερτέρα
3505 4511 3677 4568 προσ-

476 4589 746 4657 superior,
771 4601 834 4641 ac
857 4587 1070 4640 Domini
1101 4584 1490 4639 tentationibus
1535 4583 1861 4638 inviolabilis
1907 4598 2033 4652 per-

475 4680 723 4743 stitisset,
762 4677 889 4732 inde
912 4680 1020 4748 jam
1049 4692 1150 4731 ceu
1197 4676 1377 4730 divina
1402 4677 1672 4746 quaedam,
1736 4689 1880 4729 vera:
1939 4673 2030 4728 illa

444 4821 449 4829 .
475 4771 727 4825 amicitias
748 4769 982 4839 fideique
997 4769 1157 4839 digna
1185 4769 1425 4837 praemia,
1455 4766 1831 4834 consequitur.
1870 4766 2029 4830 Qua:-

476 4875 598 4914 nam
622 4875 750 4914 vero
777 4859 865 4912 illa
888 4859 910 4912 ?
931 4858 1170 4912 Primum
1195 4857 1411 4927 quidem
1458 4857 1634 4924 ipsum
1662 4853 1974 4905 triduanum
1997 4866 2027 4906 a

478 4951 707 5005 mortuis
726 4950 1046 5005 suscitatum
1085 4948 1362 5004 Christum
1401 4949 1603 5004 vident,
1640 4943 1881 5009 illatique
1905 4957 2029 4995 cru-

475 5045 654 5115 ciatus
677 5040 958 5111 symbolis,
994 5039 1239 5109 mysterii
1271 5031 1686 5092 resurrectionis
1725 5031 1829 5085 ﬁde
1858 5033 2024 5087 robo-

479 5131 791 5203 rantur.,Ad
821 5133 936 5187 haec
977 5130 1260 5200 Spiritum,
1292 5125 1487 5194 partim
1544 5123 1760 5191 quidem
1795 5125 2028 5194 primum

480 5225 600 5293 ejus
618 5209 711 5292 qui
729 5221 1022 5276 suscitatus
1048 5227 1163 5273 erat
1177 5211 1446 5282 spiracula
1466 5211 1532 5240 "‘
1551 5227 1566 5274 ;
1585 5211 1877 5279 perfectius
1900 5228 2030 5266 vero

478 5314 795 5366 illoeterra
843 5310 899 5362 in
953 5308 1147 5360 coelum
1200 5301 1440 5366 recepto,
1494 5296 1549 5350 in
1569 5312 1700 5353 sono
1720 5300 2029 5355 vehementi

479 5401 788 5472 linguisque
812 5397 984 5469 igneis
1021 5408 1050 5444 e
1080 5389 1217 5444 cmlo
1241 5389 1294 5440 in
1327 5388 1474 5457 ipsos
1493 5387 1800 5442 venientem
1858 5391 2030 5444 susci-

479 5494 635 5563 piunt
654 5493 699 5524 ²⁸
739 5511 752 5543 ;
784 5490 940 5556 cujus
985 5492 1041 5534 et
1065 5494 1285 5533 munere
1313 5486 1527 5547 accepta
1562 5478 1614 5531 in
1636 5494 1825 5533 omnes
1848 5491 2033 5548 gentes

484 5568 871 5652 potestatejac
899 5570 1174 5641 principes
1202 5569 1480 5623 constituti
1504 5584 1665 5637 super
1687 5586 1900 5625 omnem
1921 5582 2029 5625 ter-

538 5763 591 5812 .”
620 5757 774 5812 Joan.
805 5767 910 5819 xix,
932 5752 1017 5807 26.
1094 5754 1160 5788 ’τ’
1186 5750 1338 5808 Joan.
1365 5766 1452 5811 xx,
1500 5749 1586 5804 22.
1651 5750 1694 5781 ’⁸
1719 5752 1836 5806 Act.
1867 5767 1924 5817 ιι,
1957 5750 2009 5804 2.

2128 4581 2424 4650 κόμματος,
2456 4581 2727 4644 ἀνάλωτος
2771 4583 2828 4635 δὲ
2859 4585 2970 4646 τοῖς
3027 4584 3121 4637 τοῦ
3162 4585 3365 4655 Κυρίου
3413 4585 3675 4655 διαμεμε-

2132 4670 2287 4739 νήκει
2325 4673 2672 4742 πειρασμοῖς,
2740 4672 2988 4728 ἐντεῦθεν
3034 4674 3215 4727 λοιπὸν
3249 4671 3338 4729 οἷά
3379 4691 3499 4728 τινα
3557 4674 3674 4728 θεο-

2132 4759 2316 4830 πρεπῆ
2330 4761 2558 4830 γέρατα,
2597 4763 2697 4832 τῆς
2728 4762 3069 4834 ἀκραιφνοῦς·
3108 4763 3287 4832 φιλίας
3318 4765 3410 4816 καὶ
3444 4763 3674 4824 πίστεως

2130 4849 2254 4914 ἀξια
2281 4851 2582 4921 κομίζεται.
2622 4853 2754 4907 Τίνα
2802 4853 2858 4906 δὲ
2899 4852 3100 4918 ταῦτα;
3129 4853 3349 4922 Πρῶτον
3384 4853 3480 4924 μὲν
3510 4853 3670 4906 αὑτὸν

2131 4945 2336 4997 έκεῖνον
2362 4946 2655 5016 τριήμερόν
2681 4946 2745 4997 ὲκ
2771 4945 2880 4998 τῶν
2900 4943 3106 5015 νεκρῶν
3127 4945 3479 5015 ἀνιστάμενον
3507 4943 3672 5016 ὀρῶν-

2133 5048 2224 5095 τες
2247 5033 2518 5104 Χριστὸν,
2546 5035 2639 5086 καὶ
2684 5034 2795 5094 τοῖς
2826 5034 3111 5103 συμϐόλοις
3165 5032 3257 5086 τοῦ
3321 5035 3546 5100 πάθους,
3613 5032 3671 5085 τὸ

2139 5127 2430 5196 μυστήριον
2459 5126 2826 5196 βεόαιούμενοι
2863 5129 2960 5197 τῆς
2986 5128 3330 5191 ἀναστάσεως
3352 5145 3366 5158 ·
3396 5129 3588 5182 ἔπειτα
3610 5127 3669 5180 τὸ

2137 5217 2379 5287 Πνεῦμα,
2426 5216 2660 5286 μερικῶς
2703 5217 2801 5288 μὲν
2846 5221 3060 5290 πρῶτον
3088 5220 3166 5290 τῷ
3214 5220 3307 5274 τοῦ
3352 5205 3670 5283 ἀναστάντος

2137 5309 2483 5376 ὲμφυσήματι
2509 5321 2525 5336 ⁸
2555 5304 2874 5377 τελεώτερον
2902 5310 2956 5363 δὲ
2983 5312 3125 5379 μετά
3164 5311 3262 5383 τὴν
3303 5313 3409 5366 ἀπὸ
3441 5312 3543 5380 τῆς
3569 5311 3670 5380 γῆς

2140 5395 2404 5462 ἀνάληψιν
2451 5395 2510 5452 ὲν
2539 5396 2659 5467 ήχῳ
2688 5397 2846 5467 βιαίῳ
2871 5401 2965 5452 καὶ
3017 5403 3378 5473 πυριμόρφοις
3406 5401 3670 5469 γλώσσαις

2137 5483 2430 5553 οὐρανόθεν
2487 5485 2566 5539 ίδν
2610 5487 2695 5540 ἐπ’
2718 5490 2909 5554 αὐτοὺς
2941 5490 3356 5563 ὑποδεχόμενον
3411 5484 3457 5558 ᾧ
3480 5492 3545 5563 δὴ
3579 5487 3670 5544 καὶ

2137 5576 2233 5642 τὴν
2266 5574 2358 5625 ἐπὶ
2385 5573 2602 5631 πάντων
2627 5577 2796 5633 ἐθνῶν
2815 5579 3062 5642 ἐξουσίαν
3103 5581 3394 5653 είληχόεες,
3434 5581 3529 5634 καὶ
3577 5578 3671 5636 ἐπὶ
