3950 6320
164 441 254 507 109

907 438 1178 498 ORATIO
1214 436 1287 494 Vl
1335 460 1401 473 —-
1436 433 1512 493 IN
1540 430 1841 493 LAUDEM
1881 431 1939 489 S.
1978 429 2285 490 JOANNIS
2318 427 2577 489 EVANG.

3198 424 3288 489 tto

164 549 593 618 πᾶσανᾱρχοντες
622 546 984 607 καταστάντες
1014 546 1107 611 τὴν
1130 545 1227 611 γῆν
1259 560 1270 573 ·
1304 542 1447 597 ἄλλοι
1474 543 1567 610 μὲν
1589 540 1671 593 ἀλ-

1787 554 1908 601 ram,
1937 538 2072 591 alius
2102 537 2259 591 aliam
2288 547 2492 606 partem
2531 537 2596 590 ad
2624 534 2898 604 apostolici
2923 535 3288 589 murtei-inlun-

162 642 244 691 λου
267 638 365 705 τῆς
416 635 733 705 οἰκουμένης
790 633 986 703 μέρους
1036 632 1131 701 τὴν
1182 629 1533 697 ἀποστολικὴν
1574 628 1673 697 ἀρ-

162 727 251 796 χὴν
318 722 775 791 διακληρούμενοι,
856 718 953 786 τὴν
1038 717 1155 769 κατ’
1203 716 1363 769 αὐτὸν
1453 714 1675 774 Ξκαστος

164 813 303 881 ἐπείη

236 878 302 955 Ἤν
321 900 527 969 μεγάλη
545 900 600 952 δὲ
614 897 705 950 τοῦ
735 897 867 950 Θεοῦ
889 878 1060 964 Λόγου
1088 891 1299 963 βροντὴ.
1337 893 1365 943 6
1400 904 1676 959 μεμεστω-
1699 931 1712 961 κ

170 992 310 1060 μένος
336 991 433 1060 τῆς
469 989 578 1043 ἀνω
609 987 881 1054 θεολογίας
905 984 1136 1055 κρατὴρ,
1165 982 1192 1035 6
1224 981 1331 1034 τῶν
1372 979 1678 1032 ἀποστόλων

167 1081 441 1151 ὀφθαλμὸς,
506 1080 753 1147 Ἰωάννης
807 1080 836 1130 6
888 1077 1027 1129 πάνυ
1051 1115 1066 1142 ,
1105 1072 1533 1143 κατακληροῦται
1580 1067 1677 1121 τὴν

176 1174 367 1235 Ἀσίαν,
398 1172 476 1232 ὡς
521 1167 739 1230 δυνατὸς
780 1169 839 1219 ὲν
876 1166 1072 1233 λόγοις,
1117 1164 1332 1223 δυνατὸς
1372 1163 1428 1214 ιν
1465 1160 1674 1230 ἔργοις·

167 1263 251 1331 τὴν
278 1260 457 1313 πόλεσι
501 1259 597 1328 μὲν
625 1257 762 1325 ἀγαν
807 1257 900 1309 καὶ
929 1256 1196 1317 δυναταῖς,
1226 1253 1371 1314 λαοῖς
1403 1250 1458 1303 δὲ
1484 1249 1679 1319 θρασυ-

167 1352 330 1411 τάτοις
348 1348 599 1419 κομῶσαν
614 1347 707 1400 καὶ⁸
724 1362 857 1413 πονη
866 1344 1123 1413 ροτάτοις⁸
1148 1341 1294 1403 λαοῖς
1313 1338 1489 1407 πολλῷ
1514 1335 1679 1396 πλού-

168 1456 253 1508 τῳ,
279 1440 371 1490 καὶ
397 1437 571 1501 δόξαις
608 1435 991 1506 γαυρουμένοις
1035 1433 1232 1493 κεναῖς’
1260 1430 1354 1484 καὶ
1396 1428 1551 1493 σοφίᾳ
1584 1426 1681 1495 μὴν

177 1528 429 1598 Ἐλλήνων
473 1524 946 1595 ύπεραιρομένοις·
994 1523 1061 1591 τῇ
1102 1520 1227 1589 περὶ
1278 1519 1399 1580 τοὺς
1437 1517 1590 1580 θεοὺς
1624 1514 1681 1567 δι

170 1617 328 1688 πλάνη
362 1616 709 1686 σφοδρότερον
750 1612 1138 1683 ενισχημένοις.
1632 1602 1635 1605 ’

231 1794 447 1855 τούτοις
493 1792 522 1845 6
569 1791 739 1859 μέγας
785 1749 1068 1851 ἀπόστολος
1118 1776 1553 1856 ἐπιδεδημηκὼς,
1587 1785 1681 1837 καὶ

1772 628 2009 682 ctionem
2032 627 2230 688 sortiti,
2270 626 2337 681 ad
2353 642 2505 681 suam
2555 627 2781 696 quisque
2812 626 3137 695 provinciam
3169 641 3291 693 pro-

1773 718 2147 773 ﬁciscebantur
2175 718 2260 771 ¹⁸⁶-

1842 885 2087 954 Magnum
2108 899 2237 941 vero
2274 884 2367 942 Dei
2418 886 2575 942 Verbi
2631 888 2944 951 tonitruum,
2965 888 3158 957 plenus
3206 890 3296 944 ille

1773 988 2023 1042 superna:
2040 975 2320 1045 theologia:
2336 983 2530 1041 crater,
2553 977 2913 1044 apostolorum
2935 980 3143 1043 oculus,
3161 994 3298 1049 pra:-

1774 1065 1952 1121 clarus
1972 1066 2225 1131 Joannes,
2268 1067 2448 1120 Asiam
2464 1067 2523 1121 in
2541 1074 2741 1121 sortem
2768 1067 2983 1136 accipit,
3038 1076 3291 1139 tanquam

1775 1148 2027 1211 videlicet
2059 1157 2143 1210 vir
2170 1171 2417 1212 sermone
2446 1164 2636 1225 potens
2665 1172 2727 1211 ac
2755 1158 3047 1226 operibus:
3078 1161 3294 1227 provin-

1776 1230 2203 1301 ciam'nimirum
2258 1245 2440 1299 multis
2490 1245 2719 1300 urbibus
2773 1246 2943 1315 iisque
2990 1250 3298 1317 potentibus

1776 1336 2089 1400 confertam,
2118 1335 2577 1404 ferocioribusque
2615 1350 2677 1389 ac
2711 1337 3052 1405 nequissimis
3090 1339 3299 1407 populis

1777 1427 1932 1497 longe
1959 1427 2169 1495 plenam
2197 1442 2212 1489 ;
2243 1425 2457 1494 populis
2478 1424 2684 1479 scilicet
2708 1425 3014 1481 divitiarum
3031 1425 3301 1481 aﬂuentia

1779 1516 2125 1583 inaniumque
2148 1524 2309 1569 vento
2326 1511 2640 1582 opinionum
2661 1514 3095 1583 superbientibus
3116 1531 3132 1581 ;
3156 1516 3305 1571 ϐεε-
3332 1548 3333 1551 η

1777 1624 1965 1665 corum
1990 1609 2207 1679 quidem
2235 1609 2496 1678 sapientia
2528 1609 2900 1678 gloriantibus,
2936 1608 3031 1664 sed
3058 1611 3151 1680 qui
3181 1610 3307 1666 deo-
3362 1656 3367 1664 .

1779 1714 1900 1753 rum
1922 1698 2123 1753 arctius
2147 1713 2329 1753 errore
2371 1698 2550 1752 innexi
2574 1706 2905 1753 tenerentur.

1846 1789 1924 1843 Ad
1946 1790 2045 1844 bos
2069 1803 2293 1857 magnus
2315 1788 2586 1857 apostolus
2602 1803 2721 1843 cum
2750 1803 2809 1843 se
2823 1789 3166 1854 contulisset,
3186 1805 3306 1845 om-

173 1884 333 1937 πᾶσαν
370 1882 467 1952 μὶν
493 1880 599 1934 τῶν
634 1878 925 1951 ἀνθρώπων
954 1878 1173 1945 καρδίαν
1216 1876 1292 1944 τῷ
1319 1873 1414 1944 τῆς
1440 1873 1688 1931 δεισιδαι-

1787 1890 1989 1944 nesque
2016 1888 2206 1928 eorum
2234 1872 2444 1927 animos
2469 1872 2864 1941 superstitionis
2891 1874 3115 1944 caligine
3140 1875 3307 1928 obru-

178 1975 346 2043 μανίας
391 1973 535 2042 ζόφῳ
584 1969 964 2039 πεπαχυμὲνην
1023 1966 1174 2023 ἰδών
1233 1962 1410 2021 πᾶσαν
1430 1965 1486 2018 δὲ
1510 1962 1684 2033 ψυχὴν

179 2063 551 2133 ὲζωγρημένην
593 2061 671 2130 τῷ
698 2058 943 2126 διαϐόλῳ,
970 2059 1060 2112 καὶ
1094 2056 1224 2127 πρὸς
1256 2055 1315 2109 τὸ
1344 2053 1505 2107 αὐτοῦ
1536 2053 1686 2122 θέλη-

177 2172 242 2220 μα
275 2151 662 2221 συνισταμένην
700 2149 778 2217 τῷ
816 2147 1079 2221 πνεύματι
1106 2141 1506 2214 κατανενοηκὼς
1529 2180 1545 2204 ,
1588 2142 1687 2195 οὐκ

174 2240 444 2293 ἀνεϐάλετο
489 2220 581 2291 τοῦ
614 2236 921 2306 Πνεύματος
959 2220 1068 2302 τὴν
1090 2232 1367 2300 ἐπιταγήν·
1398 2227 1458 2283 ού
1487 2230 1562 2300 τῷ
1598 2231 1687 2298 ιρ-

174 2328 318 2394 γώδει
363 2327 459 2379 τοῦ
492 2325 878 2396 ἔγχειρήματος
910 2321 1241 2391 ἀπεκναίσθη
1278 2319 1366 2373 τὸν
1410 2320 1550 2382 νοῦν,
1578 2317 1689 2371 οὔτ’

176 2413 256 2470 οῦν
275 2416 517 2487 διψυχίας
548 2415 926 2485 περιπέπτωκε
952 2413 1239 2481 λογισμοῖς.
1271 2411 1409 2480 Πρὸς
1432 2409 1607 2463 τὸν-δὲ
1630 2410 1688 2460 ὲν

176 2507 306 2577 αύτῷ
334 2507 559 2576 μένοντα
586 2504 814 2575 Χριστὸν
833 2503 1067 2573 ἀφορῶν,
1099 2504 1157 2555 ού
1186 2502 1324 2555 κατὰ
1350 2501 1455 2555 τῶν
1480 2498 1687 2570 ἀνθρὼ-

180 2614 302 2659 πων,
330 2594 462 2650 ἀλλὰ
489 2594 628 2648 κατά
656 2594 762 2647 τῶν
796 2593 1059 2662 δαιμόνων
1081 2607 1094 2622 ο
1140 2591 1258 2643 οὐδὲ
1302 2588 1439 2642 κατὰ
1474 2588 1579 2642 τῶν
1607 2590 1689 2642 αἱ·

181 2686 483 2755 χμαλώτων,
522 2682 658 2738 ἀλλὰ
684 2681 824 2737 κατὰ
849 2680 943 2736 τοῦ
982 2676 1241 2751 τυράννου
1270 2679 1477 2749 πρῶτον
1503 2677 1688 2744 αὐτοῦ,

181 2780 237 2846 τῇ
269 2775 427 2845 νοητῇ
459 2770 754 2842 παντευχίᾳ
799 2771 1170 2839 παρατέτακτο
1215 2767 1308 2821 τοῦ
1360 2765 1669 2837 Πνεύματος

244 2866 345 2920 Καὶ
371 2859 561 2919 τοῦτον
601 2866 661 2917 ἐν
701 2860 1001 2932 ὁμοιώματι
1054 2858 1283 2929 Χριστοῦ
1330 2859 1422 2913 καὶ
1472 2860 1692 2928 δυνάμει

180 2955 375 3025 πρῶτον
404 2955 689 3008 διανοεῖται
731 2951 908 3021 δῆσαν
938 2951 1031 3005 καὶ
1068 2950 1205 3002 οὓτω
1245 2949 1343 3018 τὴν
1371 2947 1531 3001 αὐτοῦ
1562 2963 1693 3000 παν.

185 3044 357 3099 οπλιαν
397 3040 557 3115 ἆραι·
592 3044 684 3097 καὶ
725 3041 865 3095 οὕτω
895 3041 993 3110 τὴν
1021 3039 1390 3107 αἰχμαλωσίαν
1418 3037 1693 3107 αίχμαλω-

185 3135 327 3188 τίσαιο
351 3136 443 3188 καὶ
465 3136 532 3204 τῇ
560 3131 951 3203 ὡραιότητιτοῦ
976 3132 1118 3184 οῖκου
1136 3129 1356 3199 Κυρίου,
1374 3129 1440 3197 τῇ
1471 3127 1694 3197 ἙκκλτΓ

190 3225 266 3295 σία
284 3224 440 3292 λέγω,
467 3223 729 3276 διελέσθαι
760 3221 945 3275 σκῦλα.
969 3217 1090 3290 Ἆρ’
1117 3215 1209 3273 οῦν
1243 3218 1573 3287 διανενόηται
1596 3216 1692 3285 μὲν

189 3313 589 3385 Χριστοπρεπῶς
633 3311 819 3377 οὕτως,
868 3310 1243 3379 ἀγεννέστερον
1290 3308 1346 3361 δὲ
1388 3307 1691 3377 συνερῤάγη

191 3403 253 3472 τῷ
289 3403 571 3473 δυσμενεῖς
626 3402 660 3472 ἢ
700 3399 1059 3470 συμπλέκεται
1108 3399 1204 3468 μὲν
1262 3397 1554 3460 νεανικῶς,
1593 3393 1691 3448 εἴτ’

192 3491 269 3547 οὖν
304 3493 687 3563 εὐαγγελικῶς,
711 3492 936 3562 ἡμιτελῆ
960 3491 1017 3545 δὲ
1056 3492 1146 3544 τὸν
1177 3489 1360 3558 ἀγῶνα
1393 3488 1694 3543 καταλέλοι-

193 3599 303 3649 πεν;
342 3584 602 3655 ἢτέλιιον
631 3583 747 3653 μιν,
780 3583 875 3652 οὐχ
901 3582 1039 3636 ὥστε
1086 3582 1143 3634 δὲ
1183 3567 1517 3634 παντάπασιν
1561 3581 1694 3649 ἀφο-

195 3672 451 3741 μοιοῦσθαι
478 3671 557 3743 τῷ
599 3670 770 3742 Ἰησοῦ
795 3686 811 3735 ;
842 3668 1130 3739 Οῦμενουνσ
1158 3667 1342 3736 ὥσπερ
1364 3667 1419 3720 δὲ
1444 3666 1534 3718 τδν
1560 3666 1694 3735 Χρι-

198 3765 298 3815 στὸν
322 3764 419 3817 οὐκ
454 3764 521 3816 ὲκ
562 3762 781 3833 μέρους,
805 3761 919 3814 ἀλλ’
964 3760 1083 3814 ὅλον
1133 3761 1192 3813 ἐν
1237 3757 1412 3827 ἑαυτῷ
1458 3772 1695 3826 προκατ-

196 3856 420 3921 ῳκίσατο,
451 3854 545 3906 καὶ
570 3852 661 3905 διὰ
685 3849 839 3905 τοῦτο
872 3850 1076 3912 πάσαις
1116 3848 1231 3918 ἅμα
1256 3850 1374 3910 ταῖς
1403 3845 1695 3915 ἐνεργείαις

198 3942 272 3993 τοῦ
291 3944 426 3995 θείου
455 3941 763 4012 Πνεύματος
791 3940 1161 4010 ὲδορυφορεῖτο
1187 3938 1289 3991 καὶ
1311 3940 1694 4007 συνεκροτεῖτο,

198 4030 315 4085 οὕτω
342 4034 521 4086 καὶτὸ
564 4032 661 4100 τῆς
706 4029 1074 4099 σωτηριώδους
1120 4027 1385 4089 διακονίας
1414 4026 1590 4096 ἔργον,
1635 4028 1693 4078 ὲν

200 4122 351 4192 τελείᾳ
377 4124 441 4192 τῇ
469 4121 609 4191 πρὸς
636 4120 796 4173 αὑτὸν
833 4118 1127 4189 ὁμοιότητι,
1165 4117 1364 4171 τέλειον
1402 4116 1695 4185 ἑπληροφό-

202 4229 309 4279 φησι
334 4212 405 4282 τῷ
425 4211 563 4280 Θεῷ·
607 4211 703 4263 καὶ
735 4209 978 4278 καθάπερ
1009 4208 1166 4271 αὐτὸς
1198 4206 1405 4277 πρῶτος
1426 4208 1454 4259 ό
1471 4206 1578 4259 τῶν
1599 4205 1692 4257 ού-

206 4302 349 4369 ρανῶν
377 4302 645 4372 βασιλεὺς,
673 4298 794 4353 οὔτε
834 4299 1115 4370 περιουσίᾳ
1140 4298 1411 4367 δυνάμεως
1446 4296 1576 4367 μόνῃ
1605 4296 1694 4349 τὸν

205 4393 407 4460 ἀρχηγὸν
449 4394 549 4463 τῆς
592 4390 786 4452 κακίας
811 4389 1169 4460 χειρώσασθαι
1198 4388 1528 4459 βεϐούληται,
1562 4386 1693 4440 ἀλλά

207 4485 280 4533 καὶ
302 4485 353 4534 ὲν
378 4483 557 4552 σοφίᾳ,
598 4481 732 4535 ἀλλά
783 4481 878 4533 καὶ
922 4468 981 4533 ιν
1012 4479 1339 4550 δικαιοσύνῃ,
1373 4479 1446 4542 ὡς
1471 4478 1586 4548 ἅμα
1626 4478 1695 4530 τά

210 4572 371 4635 πάντα,
397 4575 490 4627 καὶ
519 4572 757 4636 δυνατὸς,
773 4570 863 4623 καὶ
890 4570 1111 4635 δίκαιος,
1138 4569 1231 4622 καὶ
1279 4568 1435 4637 σοφός
1453 4585 1467 4599 ·
1504 4568 1696 4638 μᾶλλον

212 4660 254 4710 δι
280 4662 556 4731 αὑτοσοφία
605 4662 700 4715 καὶ
723 4660 1031 4728 δικαιοσύνη
1078 4658 1173 4711 καὶ
1197 4650 1428 4727 ’δύναμις
1471 4656 1545 4709 ὢν
1566 4672 1579 4687 ο
1611 4658 1705 4711 καὶ

216 4747 280 4799 lu
306 4752 567 4821 περιφανῆ
603 4748 706 4818 μὲν
723 4746 896 4817 ἑαυτῷ
920 4746 1014 4815 τὴν
1029 4746 1198 4815 νίκηνο
1239 4746 1503 4815 περιφανῆ
1531 4745 1587 4796 δὲ
1614 4747 1706 4797 καὶ

218 4834 523 4910 βεϐαιοτέραν
554 4836 655 4907 τὴν
699 4836 900 4910 πτῶσιν
938 4833 1013 4905 τῷ
1066 4834 1336 4903 ἀντιπάλῳ
1374 4834 1707 4903 κατεργάση-

220 4940 304 4989 ται,
322 4929 409 4999 τὴν
427 4927 597 4997 αὐτὴν
617 4928 727 4991 τοῖς
749 4926 1088 4995 ἠδικημένοις
1113 4924 1318 4995 μορφὴν
1337 4924 1584 4993 είληφὼς,
1616 4924 1707 4976 καὶ

222 5016 264 5065 ὲν
286 5020 426 5087 σοφίᾳ
460 5020 571 5081 τοῖς
599 5015 899 5086 ἀνθρώποις
929 5018 1019 5069 καὶ
1046 5017 1105 5067 ἐν
1137 5013 1444 5084 δικαιοσύνῃ
1477 5030 1704 5065 συνανα-

226 5107 565 5173 στραφεὶςρτοὺ
576 5107 672 5174 τῆς
685 5107 775 5157 τοῦ
794 5100 1025 5175 πονηροῦ
1048 5106 1239 5167 κακίας
1255 5105 1424 5175 μάτην
1436 5102 1702 5169 διώκεται,

227 5198 297 5243 καὶ
336 5199 403 5257 είς
445 5197 669 5249 θάνατον
706 5194 1123 5248 ἐπιϐουλεύεται.
1164 5194 1254 5245 Διὸ
1284 5196 1378 5247 καὶ
1408 5189 1486 5254 οἷς
1510 5192 1706 5254 ἀδίκως

230 5280 389 5343 ἐκεῖνος
439 5284 692 5346 ἐπέθετο,
743 5282 956 5343 δικαίως
1017 5281 1355 5350 περιπαρεὶς,
1386 5281 1475 5331 καὶ
1499 5280 1557 5331 ὲν
1598 5282 1709 5341 τοῖς

229 5367 370 5435 ίργοις
404 5372 507 5425 τῶν
542 5372 706 5424 αὑτοῦ
736 5371 927 5439 χειρῶν
956 5354 1270 5438 συλληφθεὶς
1290 5371 1456 5423 ἑάλω·
1487 5373 1579 5421 καὶ
1617 5387 1710 5420 κα-

231 5460 491 5524 τακριθεὶς,
536 5460 708 5522 οὕτως
759 5460 818 5508 ὲν
858 5460 993 5526 χειρὶ
1036 5458 1169 5510 Θεοῦ
1224 5460 1318 5526 τῆς
1347 5458 1710 5527 τυραννώδους

233 5544 501 5618 tremum
518 5550 713 5619 ἀρχῆς.
747 5548 929 5610 Οὕτως
956 5549 1044 5601 καί
1063 5550 1092 5601 6
1123 5538 1405 5617 ἀγαπητὸς
1418 5548 1510 5601 τοῦ
1543 5550 1712 5617 Λόγου

308 5741 365 5773 ³³⁸
385 5744 507 5801 Psal.
538 5765 674 5813 xuv,
709 5748 795 5801 17.

1784 1974 1864 2020 tos
1891 1970 2167 2028 cerneret;
2197 1970 2487 2032 captosque
2520 1977 2705 2018 omnes
2730 1978 2759 2017 a
2782 1962 3000 2018 diabolo
3020 2005 3035 2026 ,
3063 1973 3223 2034 atque
3251 1965 3307 2019 in

1779 2055 1896 2126 ejus
1940 2054 2176 2109 intentos
2224 2054 2553 2109 voluntatem
2589 2054 2781 2123 spiritu
2819 2055 3305 2117 animadvertisset,

1781 2145 1915 2200 nihil
1966 2145 2277 2199 morandam
2332 2144 2567 2214 Spiritus
2596 2146 2892 2215 iussionem
2935 2146 3161 2215 putavit.
3188 2146 3307 2202 Non

1782 2232 2137 2301 aggressionis
2167 2232 2338 2286 arduo
2364 2232 2605 2288 offensus
2628 2233 2807 2291 animo
2828 2241 2931 2299 est,
2966 2249 3141 2304 neque
3178 2250 3309 2289 vero

1783 2317 1838 2373 in
1865 2319 2159 2374 dubietntis
2188 2334 2251 2374 ac
2275 2319 2787 2375 diﬂldentiteincldit
2811 2321 3045 2374 rationes
3081 2340 3095 2375 :
3125 2323 3219 2377 sed
3254 2322 3309 2377 in

1781 2411 2053 2465 Christum
2097 2409 2150 2463 in
2192 2411 2308 2479 ipso
2349 2419 2683 2475 manentem,
2738 2411 2909 2464 versis
2958 2411 3159 2475 oculis,
3201 2427 3307 2465 non

1784 2502 2041 2557 adversus
2091 2498 2356 2563 homines,
2410 2500 2503 2555 sed
2551 2499 2851 2565 daemones;
2903 2514 3004 2555 nec
3048 2501 3307 2556 adversus

1785 2592 2042 2660 captivos,
2089 2591 2181 2646 sed
2224 2591 2279 2644 in
2326 2589 2499 2659 ipsum
2539 2589 2715 2658 primo
2753 2597 3058 2659 tyrannum,
3101 2606 3166 2645 ea
3191 2605 3312 2660 qua!

1785 2692 1965 2739 mente
1980 2698 2034 2737 tn
2042 2682 2295 2752 telligitur
2307 2690 2576 2736 armatura
2590 2681 2821 2751 Spiritus
2837 2688 3131 2755 Instructus
3149 2693 3253 2739 est.

1854 2873 2026 2942 Atque
2055 2871 2198 2925 hunc
2230 2869 2488 2939 primum,
2513 2868 2712 2924 Christi
2741 2878 2854 2923 tum
2882 2870 3125 2940 exemplo
3146 2909 3163 2933 ,
3200 2880 3313 2925 tum

1788 2960 2045 3029 potentia,
2077 2960 2291 3028 alligare
2319 2957 2533 3021 statuit;
2563 2958 2747 3026 sicque
2768 2958 2886 3027 ejus
2908 2971 3056 3013 arma
3082 2958 3312 3021 auferre.

1788 3057 1948 3118 atque
2026 3064 2089 3102 ea
2140 3047 2387 3102 rationne
2433 3045 2673 3114 captivos
2720 3047 2958 3115 recipere
2974 3048 3048 3113 ¹⁹;
3106 3063 3314 3104 necnon

1790 3139 1973 3194 decori
2015 3138 2208 3193 domus
2244 3138 2339 3191 Dei
2370 3136 2389 3205 (
2414 3137 2673 3191 Ecclesia:
2700 3130 2953 3211 scilicet)
2984 3139 3153 3209 spolia
3174 3139 3315 3194 divi-

1790 3229 1915 3282 dere
1934 3227 2023 3279 η’.
2053 3225 2191 3279 Num
2207 3240 2336 3279 vero
2367 3224 2443 3279 sic
2458 3224 2675 3293 quidem
2691 3225 2887 3279 Christi
2916 3228 3157 3295 exemplo
3173 3228 3287 3296 cogi
3306 3256 3318 3269 -

1790 3316 1921 3369 tavit
1940 3329 2003 3369 ac
2042 3314 2265 3378 statuit,
2298 3313 2511 3383 segnius
2548 3327 2677 3367 vero
2707 3328 2829 3368 cum
2858 3314 3009 3368 hoste
3039 3314 3317 3369 conﬂixit!

1788 3413 1881 3459 aut
1924 3418 2243 3473 congressus
2282 3402 2501 3472 quidem
2548 3410 2767 3457 strenue
2811 3412 2895 3458 est
2948 3405 3041 3472 (id
3085 3415 3201 3471 est,
3249 3423 3312 3460 ex

1788 3493 2061 3563 Evangelii
2098 3493 2326 3562 norma)
2374 3501 2644 3547 certamen
2678 3494 2857 3549 tamen
2900 3496 3209 3551 inchoatum
3252 3514 3315 3553 ac

1791 3582 2160 3652 imperfectum
2206 3582 2461 3651 reliquit?
2488 3593 2580 3637 aut
2613 3585 2856 3639 exhibuit
2882 3587 3097 3655 quidem
3138 3590 3319 3657 perfe-

1789 3679 2081 3734 ctum,non
2112 3686 2190 3726 snc
2208 3681 2384 3727 tamen
2416 3682 2477 3735 ut
2504 3673 2826 3735 omnimodis
2849 3674 2975 3729 Iesu
3007 3675 3315 3730 similitudi-

1789 3774 1913 3815 nem
1960 3768 2236 3815 assecutus
2279 3761 2393 3815 slt?
2430 3761 2811 3831 Nequaquam;
2868 3763 2960 3817 sed
2988 3764 3127 3819 sicut
3160 3765 3319 3819 Chri-

1790 3860 1933 3906 stum
1966 3850 2135 3920 prius,
2174 3865 2285 3906 non
2322 3865 2388 3905 ex
2432 3860 2602 3920 parte,
2644 3853 2737 3907 sed
2776 3862 2945 3907 totum
2989 3846 3154 3908 animi
3196 3856 3316 3907 sinu

1788 3948 2092 4010 exceperat,
2129 3956 2354 4011 eamque
2388 3941 2466 3996 ub
2520 3957 2631 3997 rem
2680 3946 2905 4017 cunctis
2947 3943 3105 3998 simul
3149 3944 3317 4000 divini

1793 4030 2026 4099 Spiritus
2045 4031 2340 4086 virtutibus
2370 4033 2598 4101 stipatus
2628 4034 3027 4103 instructusque
3055 4043 3172 4087 erat
3192 4075 3207 4098 ,
3244 4036 3321 4088 sic

1790 4134 2005 4189 quoque
2044 4119 2294 4174 salutaris
2330 4120 2612 4174 ministerii
2640 4135 2776 4189 opus
2796 4161 2811 4185 ,
2842 4121 3073 4189 perfecta
3101 4136 3222 4174 cum
3254 4138 3321 4175 co

1791 4207 2165 4274 similitudine,
2229 4207 2523 4277 perfectum
2578 4209 2688 4263 Deo
2744 4200 3171 4277 repraesentavit.
3242 4212 3318 4265 Ac
3395 4237 3415 4250 --

1790 4298 1932 4353 sicut
1955 4297 2069 4366 ipse
2098 4298 2309 4367 primus
2332 4299 2586 4354 caelorum
2622 4301 2733 4354 Rex
2754 4340 2770 4366 ,
2798 4315 2907 4354 non
2934 4302 3045 4354 sola
3072 4303 3322 4369 potentia

1791 4388 2117 4443 abundantia
2171 4398 2447 4459 parentem
2500 4390 2715 4444 malitiae
2768 4392 2939 4444 voluit
3004 4391 3317 4461 subjugare.

1718 4504 1771 4566 Β
1793 4492 1980 4532 verum
2003 4478 2163 4532 etiam
2193 4479 2474 4548 sapientia,
2495 4494 2681 4533 verum
2702 4480 2863 4533 etiam
2880 4482 3116 4549 iustitia,
3145 4489 3203 4535 ut
3230 4484 3320 4550 qui

1796 4567 1955 4623 simul
1984 4568 2183 4633 omnia,
2211 4576 2266 4623 et
2282 4578 2495 4638 potens,
2520 4578 2575 4623 et
2602 4570 2797 4638 justus,
2828 4580 2882 4624 et
2903 4572 3117 4639 sapiens
3138 4580 3315 4630 esset.

1797 4658 2039 4726 quinimo
2070 4658 2186 4727 ipsa
2216 4672 2343 4712 vere
2398 4658 2660 4726 sapientia
2687 4667 2741 4711 et
2777 4660 2984 4728 justitia
3041 4668 3096 4714 et
3131 4668 3318 4728 poten-

1800 4748 1907 4803 tia:
1936 4758 2096 4817 atque
2132 4757 2191 4801 ut
2223 4747 2326 4801 sibi
2353 4748 2571 4816 quidem
2612 4749 2870 4803 illustrem
2901 4750 3198 4812 victoriam,
3229 4750 3321 4803 ad-

1798 4840 2039 4893 versario
2096 4848 2273 4893 autem
2332 4840 2593 4893 illustrem
2646 4839 3044 4909 ﬁrmioremque
3114 4842 3321 4894 ruinam

1804 4929 2058 4993 efficeret,
2086 4929 2276 4983 eadem
2305 4940 2576 4999 assumpta
2598 4929 2765 4984 forma
2803 4946 2923 4984 cum
2954 4931 3059 4983 illis
3091 4932 3181 4999 qui
3214 4932 3319 4985 laesi

1806 5018 2002 5087 injuria
2026 5017 2238 5072 fuerant
2258 5058 2272 5082 ,
2300 5019 2460 5086 inque
2482 5018 2743 5088 sapientia
2769 5030 2821 5073 et
2833 5021 3037 5089 justitla
3069 5036 3189 5074 cum
3228 5021 3322 5073 ho-

1809 5105 2045 5158 minibus
2101 5116 2467 5172 conversatus,
2506 5108 2703 5162 frustra
2753 5110 3062 5177 nequissimi
3122 5108 3319 5162 malitia

1806 5196 2231 5263 persecutionem
2250 5198 2498 5260 sustinet,
2518 5197 2829 5266 insidiisque
2844 5199 2910 5252 ad
2927 5208 3145 5251 mortem
3162 5212 3319 5265 appe-

1804 5284 1954 5337 titur.
1986 5285 2341 5349 Quamobrem
2371 5288 2531 5341 etiam
2558 5289 2754 5357 quibus
2776 5289 2863 5343 ille
2895 5291 3074 5356 inique
3106 5290 3317 5355 ingrue-

1804 5373 1913 5436 bat,
1953 5377 2144 5429 merito
2211 5377 2532 5442 transﬁxus,
2578 5386 2633 5431 et
2675 5378 2728 5431 in
2784 5378 3033 5448 operibus
3066 5392 3316 5429 manuum

1806 5478 2024 5517 suarum
2066 5467 2549 5533 comprenhensus,
2592 5467 2837 5522 devictus
2882 5479 2981 5525 est,
3010 5466 3318 5534 judicioque

1808 5552 2108 5619 damnatus,
2145 5556 2222 5608 sic
2262 5570 2420 5608 manu
2456 5556 2551 5609 Dei
2588 5557 2864 5627 tyrannico
2899 5554 3193 5625 principatu
3225 5556 3320 5608 dno
3425 5558 3427 5561 ’

871 5747 914 5777 ¹⁹
941 5745 1119 5799 Matth.
1152 5762 1246 5809 xtl,
1272 5746 1366 5809 ειη
1393 5745 1550 5799 Marc.
1579 5761 1653 5810 Ill,
1674 5745 1767 5811 97;
1798 5746 1926 5799 Luc.
1951 5762 2019 5811 xI,
2041 5746 2101 5799 21
2172 5748 2236 5779 ³⁹⁹
2262 5747 2400 5800 Psal.
2437 5763 2555 5815 xxv,
2591 5752 2641 5805 8.
