3950 6320
515 397 611 464 ill

1671 400 1958 462 NICETE
1998 397 2508 460 PAPHLAGONIS

3561 397 3661 464 112

503 509 681 576 iectus
723 519 803 563 est
825 509 885 564 ”.
920 511 1008 565 Sic
1031 525 1242 580 quoque
1273 509 1609 580 praedilectus
1639 510 1797 565 Verbi
1834 509 2031 563 theolo-

2141 506 2416 572 Θεολόγος,
2448 507 2504 558 ἐν
2538 503 2778 576 σωτηρίᾳ
2808 504 2913 557 τῶν
2942 503 3337 575 ὑποδεξομένων
3367 505 3525 560 αὑτὸν
3565 511 3660 577 τὴν

507 613 627 667 gus,
661 600 727 652 ad
759 615 946 655 eorum
977 602 1068 669 qui
1095 616 1218 655 eum
1243 602 1546 671 suscepturi
1562 610 1764 665 essent,
1788 601 2036 663 salutem,

509 689 560 742 iu
603 688 779 741 Asiam
816 690 1106 759 ingressus,
1138 701 1298 760 atque
1328 693 1381 745 in
1409 707 1568 745 unam
1615 691 1849 760 primum
1897 689 1949 742 in
1974 703 2038 744 ea

506 779 871 848 metmpoleon
911 781 1196 836 maximam
1245 782 1450 837 scilicet
1486 781 1754 851 Ephesum
1778 782 2035 843 veniens,

503 883 610 922 non
674 870 854 922 statim
901 871 1132 925 adventu
1185 887 1283 926 suo
1329 881 1385 928 et
1431 872 1711 942 praesentia
1761 872 2031 926 civitatem
2068 920 2074 926 .

503 956 767 1010 turbavit:
800 973 905 1012 non
953 960 1150 1013 civium
1181 961 1460 1017 confestim
1503 961 1712 1015 animos
1757 958 2035 1030 magniﬁca

501 1045 772 1115 Evangelii
817 1049 1192 1114 pmdicatione
1234 1051 1492 1120 perculit;
1533 1050 1628 1105 sed
1687 1049 1741 1103 in
1772 1050 2034 1119 sapientia

501 1150 625 1190 cum
669 1139 905 1192 externis
945 1139 1244 1204 ambulans,
1277 1155 1340 1194 ac
1367 1140 1599 1208 tempus,
1627 1137 1771 1208 quod
1829 1139 2033 1192 malum

501 1233 685 1288 esset,
742 1226 1033 1290 redimens,
1090 1227 1394 1298 henigniori
1452 1227 1636 1287 indole
1684 1226 2035 1296 modestoque

500 1323 654 1382 gestu
686 1324 845 1384 atque
874 1315 1057 1371 habitu
1078 1357 1093 1382 ,
1124 1327 1178 1372 et
1210 1318 1316 1373 leni
1346 1317 1600 1387 alloquio,
1629 1317 1842 1372 cunctis
1870 1316 1937 1371 ad
1974 1331 2032 1372 se

501 1417 775 1457 accessum
803 1403 1011 1459 facilem
1035 1405 1408 1474 placidumque
1429 1405 1729 1474 praebebat;
1759 1405 1882 1460 vitae
1903 1419 2032 1459 vero

502 1492 804 1562 disciplina,
841 1494 1095 1564 variaque
1137 1509 1199 1550 ac
1242 1496 1451 1551 exculta
1478 1497 1695 1561 virtute,
1728 1495 2032 1551 inaccessus

501 1583 705 1653 pariter
735 1599 799 1639 ac
830 1585 1092 1645 mirabilis
1124 1593 1260 1640 erat.

565 1669 642 1724 Ac
693 1669 806 1739 ipse
863 1671 1096 1740 quidem
1152 1673 1496 1746 continentia:
1554 1674 1764 1744 rigore,
1805 1674 2028 1729 infracta

499 1758 776 1827 patientia,
802 1759 917 1830 jugi
962 1775 1184 1830 precum
1217 1762 1470 1816 instantia
1499 1776 1623 1817 cum
1657 1762 2024 1818 mentistran-

2149 595 2327 648 Ἀσίαν
2360 594 2695 662 καταλαὸὼν,
2720 595 2800 654 είς
2824 597 2953 664 μίαν
2975 595 3032 649 Gl
3070 597 3279 666 πρῶτον
3305 596 3412 649 τῶν
3435 597 3496 649 ἐν
3523 600 3658 669 αὐτῇ

2139 685 2539 755 μητροπόλεων,
2576 685 2674 752 τὴν
2701 685 2957 754 μεγίστην
2990 685 3215 753 Ἔφεσον
3231 684 3533 754 γενόμενος,
3561 684 3659 738 οὐκ

2133 775 2424 846 ἑθορύόησε
2465 778 2530 846 τῇ
2567 761 2831 845 παρουσίᾳ
2863 776 3197 846 παραχρῆμα
3236 775 3332 845 τὴν
3378 773 3565 827 πόλιν·
3594 774 3655 826 οὺ

2134 862 2231 920 τὰς
2289 861 2397 914 τῶν
2446 860 2672 915 πολιτῶν
2727 857 2957 924 διανοίας
3013 861 3171 925 εὐθὺς
3190 869 3196 876 '
3216 862 3294 932 τῷ
3337 862 3660 932 μεγαλοφυεῑ

2132 951 2225 1004 τοῦ
2254 951 2578 1023 Εὑαγγελίου
2607 951 2937 1023 διετάραξεν·
2960 951 3073 1005 ἀλλ’
3101 953 3161 1011 ἐν
3185 951 3344 1023 σοφίᾳ
3369 952 3500 1022 πρὸς
3535 951 3658 1014 τοὺς

2130 1041 2235 1110 ἔξω
2260 1043 2592 1115 περιπατῶν,
2616 1028 2709 1097 καὶ
2732 1043 2809 1105 ὡς
2837 1042 3066 1114 πονηρὸν
3093 1041 3545 1114 ἔξαγοραζόμενος
3566 1042 3659 1093 τὸν

2131 1135 2336 1206 καιρδν,
2384 1133 2460 1204 τῷ
2501 1135 2597 1204 μὲν
2632 1134 3002 1203 ἁγαοοπρεπετ
3035 1131 3128 1186 τοῦ
3183 1129 3366 1201 ἡθους,
3421 1133 3516 1185 καὶ
3569 1129 3650 1200 τῷ

2134 1226 2333 1296 μετρίῳ
2357 1224 2450 1278 τοῦ
2479 1224 2772 1295 σχήματος,
2825 1223 2917 1276 καὶ
2945 1221 3023 1293 τῷ
3068 1223 3324 1294 προσηνεῖ
3352 1222 3452 1290 τῆς
3477 1219 3658 1274 ἐντεύ-

2135 1316 2295 1383 ξεως,
2318 1318 2482 1370 πᾶσιν
2513 1316 2698 1370 ἑαυτὸν
2729 1311 3049 1386 εὐπρόσιτον
3073 1313 3295 1382 καθίστη
3323 1313 3411 1366 καὶ
3435 1311 3657 1380 εὐμενῆ,

2128 1404 2205 1476 τῷ
2235 1406 2418 1477 τρόπῳ
2458 1406 2517 1460 δὲ
2555 1407 2646 1459 τοῦ
2671 1405 2810 1476 βίου,
2832 1403 2925 1458 καὶ
2946 1403 3024 1475 τῷ
3072 1402 3295 1473 ποικίλῳ
3322 1402 3416 1455 καὶ
3467 1401 3660 1466 ἀπεξε-

2130 1496 2308 1567 σμὲνῳ
2341 1497 2440 1567 τῆς
2477 1496 2694 1567 ἀρετῆς,
2744 1495 3033 1567 ἀπρόσιτον
3061 1494 3176 1565 ἃμα
3202 1495 3295 1548 καὶ
3326 1490 3658 1563 θαυμαστόν.

2195 1670 2307 1725 Καὶ
2354 1671 2512 1735 αὐτὸς
2542 1671 2641 1742 μὲν
2679 1673 2744 1742 τῇ
2785 1641 3142 1741 ἐπιτεταμένγι
3175 1666 3488 1739 ἐγκρατείᾳ,
3519 1667 3656 1719 ὐπο-

2129 1764 2260 1832 μονῇ
2294 1762 2574 1833 ἀνενὸότῳ,
2619 1764 2890 1832 προσευχῇ
2943 1759 3294 1829 ἀνεκλείπτῳ,
3346 1756 3482 1827 μετὰ
3525 1756 3658 1824 ἠσυ-

500 1846 764 1915 quillitate
795 1862 858 1902 ac
886 1848 1106 1904 leuitate
1135 1850 1513 1932 spiritus,.Deo
1549 1850 1848 1906 serviebat:
1877 1850 2030 1904 mali-

2130 1850 2248 1921 χίας
2288 1850 2406 1914 νοὺς
2453 1851 2549 1905 καὶ
2600 1851 2906 1932 πραΰτητος
2965 1848 3269 1919 πνεύματος
3300 1849 3551 1918 ιλάτρευε
3580 1845 3658 1915 τῷ

501 1939 588 1992 tiae
629 1948 807 1994 autem
858 1941 1140 2010 princeps,
1191 1943 1284 2011 qui
1326 1951 1547 1998 externa
1588 1943 1804 2013 quidem
1852 1942 2029 2012 specie

501 2027 793 2092 hominem,
817 2038 996 2083 mente
1028 2037 1204 2087 autem
1229 2032 1473 2102 angelum
1503 2031 1742 2095 videret;
1771 2033 2031 2100 tantisper

503 2119 726 2174 inferius
755 2129 950 2175 terram
979 2124 1396 2192 contingentem,
1422 2125 1668 2194 superius
1697 2139 1824 2178 vero
1851 2135 2029 2179 mente

501 2211 668 2265 caelos
697 2219 1098 2280 penetrantem;
1129 2215 1331 2283 quique
1374 2214 1504 2269 deos
1538 2230 1725 2270 omnes
1749 2229 1811 2269 ac
1837 2215 2032 2270 daemo-

501 2300 590 2353 nia
644 2310 939 2366 excuteret,
987 2304 1292 2374 sensimque
1336 2306 1594 2361 hactenus
1627 2306 1693 2360 ad
1734 2321 1791 2360 se
1830 2307 2032 2362 adeun-

503 2389 648 2444 tibus
705 2391 831 2445 Jesu
876 2392 1169 2448 doctrinam
1210 2404 1564 2464 proponeret;
1604 2397 1799 2451 acerba
1856 2397 2037 2456 confe-

502 2477 626 2530 stim
667 2478 1001 2533 simulatione
1041 2495 1298 2535 accensus
1332 2492 1435 2545 est,
1481 2497 1602 2536 cum
1647 2484 1769 2539 inde
1797 2483 2030 2538 futuram

501 2567 604 2620 sibi
657 2568 864 2622 ruinam
917 2572 1241 2640 prasagiret.
1296 2572 1569 2641 Tanquam
1621 2583 1802 2629 autem
1851 2575 2031 2644 ignitis

497 2658 689 2725 jaculis
735 2658 938 2712 invidia
975 2674 1268 2714 succensus
1290 2700 1306 2725 ,
1343 2662 1515 2716 varias
1540 2662 1740 2717 Christi
1767 2663 2032 2733 discipulo

505 2745 824 2799 tentationes
868 2747 1094 2800 suscitat
1137 2747 1529 2818 :aceenditque
1584 2750 1639 2804 in
1678 2766 1822 2816 eum,
1859 2753 2033 2822 primo

502 2824 719 2922 quidem
767 2834 1046 2904 mulierem
1097 2836 1390 2906 zelotypam
1421 2851 1485 2892 ac
1529 2854 1827 2907 procacem,
1869 2855 1932 2895 ea
1975 2840 2032 2894 in

503 2923 720 2980 civitate
759 2925 915 2981 facile
965 2927 1264 2998 principem
1303 2930 1560 2998 habitam,
1591 2932 1888 3004 exindeque
1917 2943 2030 2989 tum

573 3141 626 3175 -’°
659 3141 799 3197 Psal.
829 3158 905 3208 ix,
931 3143 1017 3197 l7.

2125 1940 2262 2011 Θεῷο
2294 1943 2323 1994 ὸ
2366 1940 2550 2011 ἄρχων
2590 1940 2646 1994 δὲ
2695 1931 2792 2012 τῆς
2834 1940 3048 2007 κακίας,
3092 1940 3232 2010 ὁρῶν
3273 1938 3548 2010 ἄνθρωπον
3596 1937 3659 1990 τὸ

2127 2031 2466 2101 φαινόμενον,
2499 2030 2724 2099 ἄγγελον
2777 2032 2840 2083 τὺ
2898 2016 3201 2100 νοούμενονο
3248 2027 3395 2083 κάτω
3441 2028 3538 2097 μιν
3588 2025 3656 2093 τῇ

2128 2123 2287 2194 σαρκὶ⁵
2330 2122 2561 2193 μετρίως
2614 2122 2909 2193 ἁπτόμενον
2935 2122 3031 2192 τῆς
3067 2122 3188 2191 γῆς·
3231 2120 3344 2176 ἄνω
3373 2117 3451 2184 δι.
3477 2117 3554 2188 τῷ
3580 2116 3657 2186 νῷ

2126 2213 2463 2268 διαϐαίνοντα
2512 2215 2637 2276 τοὺς
2663 2213 2952 2284 οὐρανούς·
3003 2213 3099 2267 καὶ
3117 2211 3288 2274 κθεοὺς
3319 2209 3417 2281 μιν
3437 2209 3657 2271 πάντας

2129 2304 2223 2357 καὶ
2286 2303 2540 2374 δαίμονας
2597 2302 2976 2372 ἀποσειόμενον
3004 2342 3019 2366 ,
3065 2303 3243 2374 ἡρέμα
3265 2302 3325 2356 δι
3377 2302 3513 2366 τιως
3560 2299 3656 2355 τοῦ

2139 2392 2307 2462 Ἰησοῦ
2360 2393 2457 2462 τὴν
2509 2392 2662 2456 δόξαν
2708 2394 2820 2455 τοῖς
2871 2391 3143 2460 ἐγγίζουσι
3196 2390 3619 2463 παρατιθέμενον
3639 2405 3654 2419 °

2129 2484 2274 2553 ζήλῳ
2301 2482 2398 2552 μὲν
2431 2483 2663 2551 ἀνῆπται
2720 2483 3053 2552 παραχρῆμα
3081 2481 3277 2552 πικρῷ,
3321 2480 3418 2551 τὴν
3451 2478 3654 2533 οίκείαν

2127 2573 2371 2626 ιντεῦθεν
2397 2573 2686 2626 κατάλυσιν
2723 2571 3171 2640 ὑποϐλεπόμενος.
3221 2565 3321 2624 Οἷα
3361 2570 3419 2624 δι
3451 2567 3656 2638 πυρφό-

2130 2681 2253 2736 ροις⁹
2273 2663 2440 2734 βολίσι
2467 2662 2545 2734 τῷ
2575 2661 2750 2733 φθόνῳ
2775 2662 3226 2732 πυρπολούμενος,
3259 2659 3527 2731 ἐπεγείρει
3556 2650 3654 2729 μεν

2125 2753 2402 2814 ποικίλους
2430 2751 2508 2822 τῷ
2544 2751 2777 2821 Χριστοῦ
2804 2749 3016 2821 μαθητῇ
3055 2749 3404 2820 πειρασμούς’
3436 2749 3654 2813 ιξάπτει

2125 2844 2182 2897 δὲ
2225 2842 2343 2895 κατ’
2379 2841 2564 2906 αὐτοῦ,
2613 2841 2825 2912 πρῶτον
2874 2845 2974 2910 μὶν
3027 2840 3372 2916 γυναικάριον
3431 2836 3653 2908 ζηλότυ-

2126 2950 2226 2988 πον
2256 2931 2365 3003 (15)
2394 2932 2486 2985 καὶ
2514 2929 2682 3001 θρασὺ
2703 2968 2720 2995 ,
2781 2928 2994 3000 πριῖιτον
3031 2929 3242 3000 εκείνης
3289 2928 3387 2998 τῆς
3441 2926 3653 2989 πόλεως

571 3321 683 3389 (15)
709 3320 1097 3389 Γυναικάριον
1110 3318 1457 3386 ζηλότυπον.
1473 3323 1744 3390 Hactenus
1766 3317 2030 3373 inoﬁ‘enso

2130 3312 2458 3390 persecutio,
2496 3333 2616 3389 quae
2642 3334 2800 3377 omne
2843 3319 3204 3376 Christianum
3257 3336 3442 3379 semen
3485 3337 3546 3378 ea
3595 3324 3652 3378 in

573 3391 641 3443 de
665 3388 858 3458 oratio
893 3388 1093 3443 NiCetae
1120 3398 1472 3458 processerat,
1489 3405 1552 3443 ea
1579 3388 1749 3442 solum
1761 3402 2032 3458 exornans

535 3460 728 3513 oannis
745 3451 1020 3526 Theologi,
1053 3451 1171 3525 qua:
1199 3458 1354 3526 libris
1375 3459 1541 3521 sacris
1567 3458 1836 3511 habentur
1851 3456 1918 3509 de
1938 3455 2030 3510 illo

504 3528 831 3595 conscripta,
889 3525 1110 3595 ejusque
1143 3527 1197 3579 in
1248 3525 1428 3579 Asiam
1479 3527 1857 3595 apostolatum,
1910 3539 2030 3595 qua;

507 3605 653 3650 tanta
679 3592 955 3664 provincia
983 3592 1039 3647 et
1064 3595 1174 3648 fere
1205 3595 1354 3648 orbis
1382 3592 1688 3664 pre—cipua,
1746 3607 1844 3661 pro
1895 3592 2029 3646 tanti

505 3663 733 3734 apostoli
760 3664 1309 3734 apostolicomiunere
1340 3663 1513 3734 videri
1538 3671 1753 3734 poterat
1776 3669 2030 3734 praestan-

482 3725 579 3786 ‘ti'a
635 3747 700 3785 ac
749 3725 1011 3796 solertia;
1053 3725 1114 3784 iii
1154 3747 1258 3799 qua
1286 3733 1394 3800 jam
1425 3725 1622 3785 Paulus
1649 3725 1822 3800 prima
1855 3730 2029 3800 Evan-

507 3801 632 3870 gelii
657 3802 1104 3870 seminajecerat,
1132 3797 1302 3870 atque
1322 3800 1518 3868 Ephesi
1545 3797 1885 3870 Timotheum
1914 3797 2032 3870 epi-_-

507 3866 728 3937 sc0pum
761 3866 1126 3922 ordinaverat.
1156 3866 1318 3922 Tacet
1364 3866 1556 3937 merito
1597 3869 1839 3937 ,Nicetas,
1861 3866 2031 3937 Aquod

508 3933 671 3991 tantis
694 3939 994 3991 Prochorus
1019 3937 1202 4001 refert,
1248 3953 1347 3991 nec
1397 3936 1564 3992 Graeci
1595 3936 1807 3990 Menaeis
1846 3933 2032 3988 deesse

506 4007 812 4068 voluerunt,
863 4007 964 4059 etsi
1026 4006 1747 4074 brevius‘perstringentes,
1799 4004 2034 4074 humano

509 4075 740 4143 quodam
773 4077 963 4128 timore
994 4089 1270 4128 recusasse
1290 4071 1580 4128 'Joannein
1622 4088 1688 4126 eo
1743 4071 2033 4143 proﬁcisci,

510 4140 663 4211 cujus
719 4145 797 4196 rei
845 4154 1010 4196 'causa
1064 4159 1093 4196 a
1141 4143 1296 4196 Petro
1330 4144 1684 4210 reprehensus
1713 4147 1803 4211 sit,
1834 4140 2034 4211 Deique

510 4207 667 4280 iram,
700 4220 758 4263 ut
811 4211 1088 4280 naufragio
1139 4207 1472 4273 multaretur,
1526 4209 1834 4280 incurrerit.
1884 4207 2034 4280 Quod

516 4279 838 4332 Bellarmino
883 4277 1133 4333 non'abs
1166 4295 1222 4334 re
1274 4280 1553 4346 displicet,
1593 4279 1738 4330 velut
1768 4291 1874 4330 non
1906 4277 2035 4330 satis

510 4361 805 4416 congruum
857 4353 1003 4417 t'anto
1051 4349 1326 4417 apostolo,
1380 4357 1590 4417 estque
1609 4347 1837 4417 primum
1891 4346 2035 4417 quod

509 4413 639 4468 nota
660 4417 876 4485 dignum
895 4413 1101 4486 judicat
1122 4418 1176 4470 in
1198 4417 1485 4486 Prochoro.
1544 4413 1734 4486 Mulier
1762 4429 1892 4486 vero
1916 4413 2029 4466 hac

509 4485 589 4537 sic
611 4482 799 4563 amula
823 4493 877 4539 et
895 4482 1111 4563 procas,
1147 4501 1304 4563 quam
1345 4483 1514 4563 malus
1545 4483 1752 4563 daamon
1783 4482 1837 4534 in
1867 4482 2026 4536 Joan-

507 4568 631 4606 nem
653 4553 789 4606 adeo
815 4555 1142 4615 accenderit,
1171 4552 1288 4619 ipsa
1320 4552 1473 4618 plane
1520 4559 1619 4610 est,
1657 4566 1815 4618 quam
1847 4565 1913 4603 ex
1937 4564 2031 4619 eo-

509 4621 632 4673 dem
664 4622 957 4683 Prochoro,
988 4618 1246 4676 Joannem
1297 4619 1433 4671 male
1481 4619 1785 4681 habentem,
1829 4631 1950 4671 cum
1983 4618 2029 4671 is

508 4688 585 4766 illi
608 4692 834 4766 serviret
866 4705 987 4766 cum
1023 4689 1312 4766 Prochoro,
1349 4686 1636 4766 [tomanam
1675 4687 1912 4766 nomine,
1934 4700 2028 4766 ea-

507 4760 629 4810 dem
663 4753 855 4812 Menzea
882 4761 1139 4817 referunt,
1175 4772 1239 4808 ex
1264 4753 1483 4823 'quibus
1518 4757 1731 4810 Nicetas
1759 4753 2026 4808 habuerit.

508 4825 637 4880 Mihi
662 4838 808 4881 certe
855 4829 993 4879 inter
1043 4824 1340 4893 apocrypha
1389 4826 1609 4893 perinde
1645 4823 2028 4893 numerandum

507 4895 675 4954 subit.
733 4895 1035 4960 nulliusque
1062 4892 1182 4945 ﬁdei
1221 4907 1274 4945 et
1317 4892 1658 4947 stramineum
1703 4892 2026 4945 habendum.

508 4963 821 5030 Quanquam
866 4966 1009 5039 enim
1054 4963 1530 5039 congeruntjlibri
1587 4960 1874 5030 apocryphi
1919 4975 2028 5039 non

509 5028 850 5098 pauca—vera,
884 5031 966 5099 vel
992 5028 1277 5083 traditione
1301 5031 1556 5099 majorum
1588 5028 1826 5096 accepta,
1859 5028 1942 5099 vel
1963 5044 2029 5099 ex

431 5111 434 5114 '
508 5096 833 5151 certioribus
853 5097 972 5149 aliis
995 5099 1350 5152 monumentis
1375 5096 1617 5159 collecta,
1646 5096 1946 5165 cujusmodi
1970 5098 2026 5151 in

510 5165 1003 5234 Πρωτοευαγγελίῳ
1035 5165 1215 5219 Jacobi
1241 5168 1551 5235 ἀδελφοθέου
1575 5209 1587 5232 ,
1625 5168 1678 5218 in
1705 5165 1852 5219 Actis
1884 5166 2028 5220 The-

511 5236 626 5298 claz,
661 5236 888 5304 aliisque
923 5243 1230 5304 occurrunt,
1264 5252 1326 5289 ex
1371 5238 1558 5290 iisdem
1609 5235 1741 5304 ipsis
1780 5249 2029 5304 nonnun-

509 5318 668 5369 quam
713 5301 970 5365 fontibus,
1025 5303 1266 5358 Patribus
1314 5307 1533 5358 laudata
1577 5321 1591 5356 :
1630 5301 1801 5357 ’istud
1835 5311 2027 5357 tamen

511 5372 664 5441 cujus
687 5369 829 5428 ﬁdei,
849 5382 905 5425 ut
931 5380 1107 5424 tantus
1125 5375 1413 5440 apostolus,
1432 5373 1561 5427 urbe
1578 5374 1685 5441 jam
1710 5371 2030 5426 Christianis

514 5438 752 5490 moribus
783 5452 888 5508 non
916 5455 1096 5506 parum
1127 5438 1394 5505 instituta,
1421 5451 1476 5495 et
1534 5438 1651 5508 qua:
1683 5441 1902 5494 Paulum
1937 5441 2030 5493 do-

511 5513 712 5556 ctorem
740 5521 803 5582 ac
841 5506 1173 5582 'l‘iumtlieum
1199 5513 1507 5582 episcopum
1538 5506 1832 5582 habuisset,
1861 5509 2028 5582 servi:

521 5582 687 5624 tutem
711 5575 787 5627 sic
823 5576 979 5629 vilem
1009 5580 1208 5632 servire
1231 5575 1504 5638 debuerit,
1530 5588 1586 5630 ut
1609 5581 1795 5631 saltem
1834 5575 2027 5629 modici

515 5640 893 5714 panissopiam
927 5645 1183 5701 haberet?
1214 5647 1493 5714 Sublatum
1524 5648 1737 5714 quidem
1768 5643 2029 5714 passionis

515 5662 664 5703 pullis
691 5662 893 5710 coptam
927 5662 1183 5701 naneret'!
1214 5662 1493 5711 δυυιοωιιι
1563 5662 1737 5699 uiuem
1768 5662 2026 5714 passwms

515 5706 648 5762 talce
673 5709 1005 5769 Timotheum
1036 5716 1262 5784 legimus
1298 5733 1309 5766 :
1356 5711 1408 5769 at
1454 5662 1599 5769 nugla
1639 5723 1784 5768 tanta
1834 5709 2026 5782 Ephesi

2059 4454 2161 4536 Dh

2135 3390 2270 3460 urbe
2288 3391 2664 3455 exstinxisset,
2703 3400 2986 3460 antequam
3034 3391 3267 3460 Joannes
3296 3392 3360 3446 ad
3395 3407 3513 3447 eam
3558 3407 3650 3446 ac-

2134 3457 2395 3512 cederet:
2436 3473 2532 3527 per
2564 3473 2724 3526 quem
2753 3457 2865 3513 fere
2899 3467 3009 3512 tota
3058 3458 3272 3514 Christo
3295 3460 3505 3515 addicta
3545 3470 3650 3514 est.

2133 3527 2358 3597 Maiores
2385 3542 2514 3580 vero
2538 3537 2704 3597 erant
2727 3527 3013 3597 coryphaei,
3037 3529 3168 3581 etin
3200 3529 3300 3593 eis,
3329 3531 3356 3582 ὁ
3374 3529 3649 3595 Θεολόγος,

2131 3597 2161 3647 ὁ
2185 3596 2396 3667 Ἠγαπῃ
2408 3598 2579 3667 μένος,
2599 3597 2626 3646 ὁ
2650 3595 2985 3667 Ἐπισςτήθιος
3017 3636 3030 3660 ,
3053 3610 3135 3667 _ac
3162 3598 3212 3650 si
3237 3597 3366 3665 quid
3401 3611 3652 3667 magnum

2132 3679 2196 3716 ac
2221 3664 2487 3731 singulare
2523 3663 2576 3715 in
2610 3663 2866 3731 apostolis
2893 3673 2976 3717 est
2998 3701 3012 3728 ,
3047 3663 3279 3719 Joannes
3309 3663 3536 3730 noster',
3591 3678 3653 3721 ut

2134 3732 2214 3785 sic
2239 3732 2292 3803 i_n
2324 3733 2452 3797 Asia
2480 3740 2642 3803 atqu_e
2675 3731 2907 3803 Epheso,
2935 3732 3265 3803 provinciam
3311 3743 3498 3803 petens
3537 3734 3650 3803 jam

2135 3801 2467 3854 semicultatn
2490 3798 2566 3853 ac
2585 3798 2850 3853 Ecclesias
2883 3798 3192 3862 habentem,
3222 3798 3489 3856 desolatus
3529 3798 3648 3856 esse

2136 3870 2390 3938 potuerit.
2413 3867 2693 3938 obstiterit
2721 3869 2916 3921 femina
2946 3869 3133 3938 prima:
3179 3871 3398 3924 Joannis
3453 3871 3648 3938 Ephesi

2135 3936 2518 4007 praedicationi
2558 3936 2639 4007 (ut
2669 3945 2750 3990 est
2804 3951 2964 4007 sexus
3001 3937 3089 3990 ille
3129 3953 3384 4007 organum
3433 3936 3649 3992 diabolo

2137 4005 2771 4072 accommodatissimum)
2817 4005 3018 4072 Deique
3070 4005 3213 4073 opus
3237 4007 3603 4060 interturbarit
3631 4047 3645 4070 ,

2128 4075 2233 4125 alio
2269 4081 2443 4126 tamen
2481 4073 2726 4142 modose
2758 4089 2843 4126 res
2866 4073 3131 4137 habuerit,
3160 4089 3317 4142 quam
3349 4073 3649 4130 Prochorus

2128 4141 2449 4211 descripsit:
2479 4155 2540 4193 ac
2562 4141 2605 4195 si
2645 4141 2834 4211 habuit
2858 4142 3089 4211 Nicetas,
3124 4141 3230 4196 non
3249 4157 3435 4211 parum
3463 4145 3648 4196 nocuit

2129 4209 2367 4262 historiae
2393 4224 2574 4269 sacrae,
2606 4210 2828 4278 quiinon
2851 4210 3114 4278 exposuit,
3140 4212 3232 4263 sed
3250 4209 3648 4265 ‘mulierisdun-

2130 4287 2275 4331 taxat
2307 4278 2386 4331 sic
2418 4279 2663 4347 apostolo
2691 4277 2956 4332 diabolica
2986 4280 3238 4333 suasione
3276 4279 3606 4334 adversantis
3629 4319 3644 4344 ,

2129 4348 2454 4398 meminerit.

2199 4414 2444 4486 Sanctam
2489 4414 2706 4486 Mariam
2744 4413 2941 4486 Joanni
2966 4416 3512 4486 comitemEphesum
3543 4416 3643 4470 ad-

2166 4485 2352 4553 atsisse
2370 4483 2892 4553 censet_Baron._an.
2916 4484 3002 4547 44,
3039 4500 3094 4536 n.
3118 4484 3205 4548 29,
3228 4483 3327 4538 seu
3362 4486 3540 4553 potius
3563 4500 3647 4537 ra-

2128 4561 2240 4630 tum
2271 4551 2432 4630 habet
2461 4550 2739 4630 idAPatres
2777 4551 3088 4630 Ephesinos
3102 4553 3263 4630 epist.
3299 4550 3642 4630 synodica-ad

2126 4621 2331 4674 clerum
2377 4619 3030 4688 Constantinopolitanum
3077 4619 3351 4676 insinuare
3376 4637 3438 4675 ac
3483 4621 3642 4686 velle,

2125 4702 2249 4760 cum
2273 4689 2342 4741 ita
2373 4687 2539 4760 refert
2564 4707 2576 4740 :
2612 4687 2795 4760 Quare
2823 4697 2870 4740 et
2906 4689 3171 4760 Nestoriua
3203 4691 3373 4760 impia
3397 4692 3643 4760 hiet-escas

2126 4757 2466 4827 instaurator,
2512 4759 2565 4808 in
2598 4757 2934 4827 Ephesiorum
2953 4759 3199 4827 civitate,
3235 4757 3390 4827 quam
3418 4757 3644 4811 Joannes

2127 4824 2404 4896 Theologus
2430 4835 2477 4877 et
2509 4841 2658 4877 sacra
2688 4824 2914 4893 Deipara
2953 4825 3100 4896 Virgo
3130 4824 3299 4880 Maria
3339 4827 3643 4896 quandoque

2127 4893 2474 4956 incoluerunt,
2504 4895 2824 4955 constitutus,
2852 4905 2955 4946 etc.
2999 4893 3125 4958 Qua:
3146 4897 3324 4950 νει-εὶο
3351 4893 3436 4949 est
3464 4893 3640 4947 Theo-

2127 4962 2245 5015 dori
2274 4963 2408 5017 Peli.
2430 4963 2486 5017 S.
2521 4960 2590 5025 J.,
2616 4962 2714 5015 etsi
2741 4963 2886 5018 illius
2903 4963 3119 5016 nomine
3146 4978 3252 5018 non
3283 4964 3429 5027 citat,
3465 4963 3521 5016 in
3540 4978 3644 5030 qua
3734 5022 3738 5024 γ

2126 5045 2234 5084 non
2251 5032 2380 5085 satis
2400 5040 2580 5099 partes
2604 5031 2712 5097 agit
2737 5030 2827 5083 ﬁdi
2855 5030 3176 5098 interpretis.
3195 5031 3322 5096 dum
3346 5046 3494 5085 suam
3514 5046 3644 5084 con-

2121 5099 2558 5169 jecturamomni
2611 5107 2757 5169 retro
2801 5099 3076 5152 traditioni
3129 5100 3409 5169 adversam
3454 5100 3642 5169 inserit

2128 5166 2318 5222 textui.
2356 5167 2514 5219 Plane
2552 5166 2694 5217 enim
2724 5176 3030 5221 assererent
3061 5169 3265 5232 Patres,
3303 5168 3348 5222 si
3374 5169 3486 5222 haec
3513 5167 3637 5221 illo-

2129 5253 2246 5289 rum
2272 5236 2431 5288 verba
2458 5242 2656 5287 essent.
2700 5235 2919 5289 Patrum
2962 5238 3126 5290 verba
3171 5245 3317 5291 sunt.
3355 5236 3514 5289 Ὅθεν
3551 5237 3642 5287 καὶ

2127 5304 2432 5373 Νεστόριος,
2464 5302 2492 5350 ὁ
2519 5305 2615 5373 τῆς
2636 5302 2924 5365 δυσσεϐοῦς
2955 5306 3211 5372 αίρέσεως
3242 5305 3641 5373 ἀνακαινιστὴς,

2129 5373 2332 5442 φθάσας
2382 5372 2529 5442 ὲνΔτῇ
2566 5371 2846 5442 Ἐφεσίων,
2877 5371 3025 5442 ἔνθα
3052 5377 3080 5424 ὁ
3120 5371 3639 5442 ΘεολόγοςῚωάννῄς

2129 5441 2220 5490 καὶ
2245 5440 2276 5502 ἡ
2297 5438 2600 5510 Θεοτόκοςή
2627 5442 2753 5505 ἁγία
2784 5439 2985 5510 Μαρία.
3015 5441 3076 5492 1η
3105 5438 3436 5510 Ephesiorum
3461 5438 3642 5494 ciuita-

2129 5516 2225 5578 tem
2281 5507 2501 5578 veniens,
2546 5510 2598 5559 in
2625 5525 2726 5574 qua
2768 5507 2994 5578 Joannes
3023 5507 3300 5578 Theo'logus
3333 5520 3378 5562 et
3418 5511 3644 5578 Deipara

2132 5573 2301 5646 Virgo,
2335 5574 2433 5626 Ubi
2464 5573 2685 5646 margini
2718 5577 3005 5646 ascriptum
3032 5619 3045 5639 ,
3104 5573 3256 5646 quasi
3299 5573 3598 5645 supplendo
3626 5594 3640 5629 :

2101 5640 2297 5712 'Aiiqui
2359 5640 2768 5712 subinteliigunt,
2790 5663 2836 5712 *ι
2860 5640 3154 5712 aliquando
3181 5640 3536 5697 habitaéérunt
3561 5661 3580 5705 ;
3619 5661 3638 5694 ι

2127 5708 2254 5760 alii:
2281 5730 2298 5760 ι
2334 5713 2463 5766 mdes
2490 5708 2688 5766 habent.
2722 5730 2740 5761 ι
2776 5709 2878 5775 Qui
2912 5708 2990 5768 vel
3023 5730 3207 5784 parum
3234 5716 3286 5767 iu
3309 5713 3646 5770 Gracisvero
