3950 6320
525 182 625 249 115

1695 183 1981 246 NICET/E
2019 183 2533 244 PAPHLAGONIS

3593 178 3698 245 116

587 299 884 372 Cognoscite
921 294 1084 352 Deum
1117 297 1328 352 Patrem
1364 297 1786 380 omnipotentem,
1827 297 2054 352 invisibi-

2225 293 2421 348 Γνὼτε
2474 293 2620 347 Θεὸν
2670 291 2896 361 Πατέρα
2928 293 3397 363 ’παντοκράτορα,
3458 294 3697 349 πάντων

519 388 646 443 lium
691 391 921 443 omnium
966 405 1028 441 ac
1066 388 1341 443 visibilium
1385 403 1563 441 rerum
1603 398 1907 443 creatorem.
1958 387 2058 443 Co-

515 480 739 547 gnoscite
783 477 948 530 Deum
997 477 1214 530 Verbum
1258 486 1379 532 ante
1432 477 1624 531 δάσκια
1665 496 1823 547 supra
1858 493 2057 532 omnem

519 570 772 621 rationem
800 582 864 620 ea:
896 565 990 621 illo
1012 577 1214 633 natum,
1238 584 1328 639 per
1352 583 1503 636 quem
1523 570 1698 621 omnia
1725 569 1843 638 fecit
1871 568 1934 620 ".
1963 566 2058 620 Co-

513 661 739 730 gnoscite
761 658 1016 729 Spiritum
1045 668 1284 714 sanctum
1322 675 1383 711 ea:
1415 657 1576 712 Patre
1603 660 1716 712 sine
1745 668 1971 729 tempore
1997 657 2058 711 dc

514 746 728 799 indivise
771 746 1143 816 procedentem,
1178 745 1508 815 omniumque
1549 762 1664 799 cum
1713 744 1842 799 Filio
1887 744 2059 796 condi-

516 843 699 901 torem,
727 853 787 889 ac
814 837 904 903 qui
929 852 1019 906 per
1037 837 1310 889 essentiam
1326 844 1512 888 cuncta
1538 834 1756 904 repleat.
1778 833 2057 902 Intelligite

513 923 635 978 Tria
681 923 841 979 Deum
865 941 1045 991 unum,
1067 941 1327 994 unamque
1356 932 1601 978 naturam
1631 933 1679 977 et
1707 925 1987 994 potentiam
2007 928 2056 974 et

511 1021 728 1083 regnum
745 1031 766 1079 ;
792 1030 1054 1085 unumque
1084 1013 1363 1068 Dominum
1387 1015 1443 1067 in
1469 1014 1630 1067 tribus
1670 1016 1787 1088 pari
1809 1013 2058 1082 dignitate

510 1106 740 1171 personis
768 1105 1005 1159 adorate.
1036 1105 1338 1175 lntelligite,
1369 1108 1624 1176 missoque
1645 1121 1790 1174 quem
1819 1121 1849 1156 a
1869 1118 2058 1172 paren-

510 1194 643 1247 tibus
681 1196 968 1265 accepistis,
1013 1212 1209 1259 errore,
1254 1196 1323 1250 ad
1368 1212 1546 1250 veram
1595 1196 1755 1248 lucem
1811 1193 2054 1246 accedite.

509 1283 762 1339 Accedite
792 1293 850 1340 et
875 1284 1277 1351 illuminamini,
1302 1293 1356 1340 et
1381 1285 1548 1339 facies
1580 1292 1768 1338 vestrae
1789 1297 1899 1336 non
1929 1297 2057 1337 con-

508 1372 803 1428 fundentur
822 1375 887 1427 ³³.
925 1374 1098 1429 Videte
1128 1377 1249 1445 quia
1278 1375 1513 1429 Verbum
1546 1388 1672 1427 caro
1714 1372 1914 1427 factum
1951 1381 2052 1436 est,

506 1475 561 1517 et
589 1464 852 1519 habitavit
895 1466 949 1519 in
991 1466 1227 1520 nobis”.
1275 1465 1576 1534 Unigenitus
1622 1462 1804 1527 Filius,
1855 1463 1945 1532 qui
1982 1470 2055 1516 est

504 1572 706 1625 semper
730 1557 783 1609 in
810 1558 929 1610 sinu
966 1555 1158 1620 Patris,
1189 1571 1304 1609 vere
1332 1557 1480 1608 homo
1507 1555 1770 1607 hominum
1792 1570 1950 1606 causa
1992 1569 2054 1605 ea:

501 1657 684 1701 sancta
735 1648 1054 1717 innuptaque
1096 1647 1264 1700 Maria
1311 1646 1514 1715 Virgine
1557 1645 1806 1707 nascitur,
1852 1659 1932 1698 ac.
1962 1659 2053 1712 per

505 1741 703 1805 omnia,
734 1755 838 1792 uno
880 1748 1085 1809 peccato
1129 1746 1356 1808 excepto,
1397 1738 1582 1791 similis
1629 1737 1772 1790 nobis
1810 1737 2055 1806 efﬁcitur;

503 1845 842 1900 concessoque
874 1846 966 1900 per
1009 1830 1323 1898 baptismum
1359 1827 1660 1880 remissione
1707 1836 2053 1896 peccatorum,

503 1939 566 1976 ac
590 1939 682 1992 per
719 1939 922 1976 crucem
949 1939 1010 1975 ac
1048 1923 1474 1974 resurrectionem
1521 1938 1554 1972 a
1591 1928 1754 1972 morte
1793 1936 1854 1972 ac
1879 1935 2057 1972 corru-

505 2016 676 2082 ptione
703 2013 951 2078 liberans,
979 2011 1131 2066 Patri
1149 1997 1520 2065 reconciliavit.
1549 2009 1644 2064 Hic
1665 2019 1713 2062 et
1733 2010 1882 2062 modo
1903 2010 2056 2078 (quod

504 2106 649 2161 illius
675 2122 805 2175 opus
826 2103 1117 2183 proprium)
1162 2104 1330 2173 posuit
1353 2103 1408 2156 in
1440 2100 1585 2154 nobis
1622 2100 2055 2153 reconciliationis

501 2214 811 2264 sermonem,
846 2199 981 2252 hanc
1003 2197 1138 2251 vobis
1158 2196 1384 2250 salutem
1415 2197 1787 2248 annuntiatum
1810 2209 1900 2247 nos
1935 2194 2054 2247 mit-

502 2295 635 2344 tens.

571 2556 807 2610 Recedite
831 2556 993 2625 igitur
1022 2554 1085 2607 ab
1107 2555 1246 2607 omni
1272 2554 1565 2608 dwmonum
1591 2557 1840 2610 vanitate.
1875 2556 2053 2610 Omnis

502 2647 761 2700 idolorum
790 2644 976 2708 cultus,
1007 2645 1173 2697 omnis
1221 2645 1334 2697 vitii
1370 2660 1431 2697 ac
1472 2644 1816 2714 improbitatis
1847 2647 2054 2699 noxiam

504 2733 923 2789 consuetudinem
953 2733 1133 2802 procul
1162 2750 1194 2786 a
1219 2733 1355 2785 vobis
1378 2732 1602 2799 abjicite.
1631 2732 1775 2786 Fidei
1801 2733 1927 2803 lege,
1943 2749 2055 2803 quae

506 2827 654 2881 estin
703 2823 910 2879 Christo
938 2823 1096 2889 Iesu;
1139 2823 1246 2893 lege
1274 2821 1499 2892 Spiritus
1531 2824 1824 2878 sanctitatis
1858 2826 1988 2892 ejus,
2010 2826 2056 2878 si

2152 387 2413 454 ἀοράτων
2439 384 2770 453 κτισμάτων
2804 385 2900 439 καὶ
2930 384 3154 453 ὁρατῶν
3176 387 3450 452 ποιητήν.
3496 387 3698 440 Γνῶτε

2155 478 2299 530 Θεὸν
2320 477 2509 542 Λόγον
2537 474 2649 541 πρὸ
2676 475 2793 527 τῶν
2811 475 3038 529 αἰώνων
3076 475 3224 544 ὑπὲρ
3255 477 3439 542 λόγον
3483 476 3681 545 τεννώ

2147 583 2330 634 μενον
2356 565 2424 628 ἐξ
2449 564 2649 628 αὑτοῦ,
2671 561 2831 619 δι’οὗ
2865 569 3146 634 πεποίηκε
3174 567 3245 619 τὰ
3281 564 3493 618 πάντα.
3534 564 3698 617 Γνῶ-

2152 674 2215 708 τε
2243 656 2477 723 Πνεῦμα
2503 655 2569 708 τὸ
2596 653 2783 722 ἄτιον,
2815 656 2918 708 τοῦ
2941 658 3166 724 Πατρός
3207 657 3474 726 ἁχρόνως
3517 656 3699 708 ἀνεκ-

2152 745 2434 815 φοιτήτως
2460 763 2523 799 τε
2544 748 2770 814 προϊὸν,
2803 747 2898 800 καὶ
2943 746 3020 811 τῷ
3052 748 3156 812 Υἱῷ
3181 746 3700 816 συνδημιουργοῦν

2150 838 2224 890 τὰ
2239 837 2449 899 πάντα,
2484 837 2581 890 καὶ
2618 838 2809 890 πάντα
2840 837 2962 891 κατ’
2985 840 3202 892 οὐσίαν
3223 839 3509 907 πληροῦν.
3538 837 3696 890 Σύν-

2150 943 2244 980 ετε
2276 929 2417 981 Θεόν
2437 927 2543 981 ἕνα
2565 927 2636 981 τὰ
2671 929 2817 996 τρία,
2849 928 2947 982 καὶ
2978 930 3163 996 φύσιν
3185 932 3329 998 μίαν
3360 930 3455 985 καὶ
3494 929 3682 983 δύνα-

2146 1035 2252 1086 μιν
2283 1020 2380 1071 καὶ
2401 1020 2725 1082 ,βασιλείαν
2744 1037 2758 1050 ·
2788 1021 2882 1072 καὶ
2918 1022 3023 1074 τὸν
3058 1019 3166 1073 ἕνα
3197 1022 3429 1087 Κύριον,
3453 1021 3519 1073 ἐν
3553 1022 3697 1086 ὁμου

2149 1107 2336 1174 τίμοις
2392 1108 2726 1176 προσώποις
2763 1108 3148 1176 προσκυνεῖτε
3197 1110 3411 1175 τρισίν.
3455 1110 3696 1168 Σύνετε,

2151 1199 2250 1250 καὶ
2302 1198 2414 1264 τὴν
2467 1201 2988 1267 πατροπαράδοτον
3055 1197 3360 1264 πλάνησιν
3414 1200 3694 1266 ἀφέντες,

2151 1289 2508 1354 προσέλθετε
2562 1288 2640 1353 τῷ
2701 1288 2962 1356 ἀληθινῷ
2993 1291 3158 1357 φωτί.
3210 1288 3534 1357 Προσέλθετε
3598 1290 3701 1341 καί

2152 1379 2474 1448 φωτίσθητε,
2508 1379 2601 1432 καὶ
2624 1380 2690 1432 τὰ
2727 1382 2987 1450 πρόσωπα
3010 1379 3159 1449 ὑμῶν
3182 1379 3241 1432 οὐ
3265 1379 3336 1450 μὴ
3371 1396 3698 1447 καταισχυν-

2154 1468 2240 1537 θῇ.
2270 1467 2472 1533 Ἴδετε,
2509 1467 2640 1520 om
2670 1467 2839 1535 Λόγος
2880 1467 3013 1539 σὰρξ
3041 1467 3271 1533 ἐγένετο,
3313 1467 3406 1519 καὶ
3457 1468 3699 1535 ἐσκήνωο

2160 1574 2248 1610 cev
2277 1560 2333 1610 ὲν
2367 1560 2495 1627 ἡμῖν
2526 1574 2538 1588 ⁶
2573 1561 2606 1612 ό
2637 1557 2970 1627 μονογενὴς
3023 1557 3172 1622 Υἱὸς,
3217 1560 3249 1610 ό
3285 1557 3354 1610 ἐν
3382 1557 3505 1622 τοῖς
3549 1558 3698 1609 κόλ-

2157 1665 2288 1713 ποις
2313 1648 2396 1701 ὢν
2419 1649 2506 1702 ἀεὶ
2532 1648 2636 1702 τοῦ
2659 1649 2902 1716 Πατρός,
2931 1649 3232 1715 ἄνθρωπος
3276 1646 3508 1715 ἀληθῶς
3542 1644 3699 1712 ὑπὲρ

2152 1737 2476 1809 ἀνθρώπων
2505 1740 2571 1804 ἐξ
2621 1741 2792 1810 ἁγίας
2832 1739 3134 1808 Παρθένου
3172 1740 3268 1793 καὶ
3301 1738 3697 1806 ἀπειρογάμου

2153 1831 2368 1900 γίνεται
2394 1831 2636 1899 Μαρίας,
2657 1832 2754 1884 καὶ
2785 1831 2930 1883 κατὰ
2951 1830 3163 1896 πάντα,
3192 1830 3362 1897 χωρὶς
3385 1829 3692 1897 ἁμαρτίας,

2151 1921 2292 1989 ἡμῖν
2311 1920 2676 1990 ἐξομοιοῦται
2705 1937 2718 1951 ’
2752 1921 2851 2008 zeal
2884 1922 3099 1989 ἄφεσιν
3124 1921 3418 1989 αμαρτιῶν
3443 1919 3538 1970 διὰ
3569 1919 3690 1982 ,βα-

2151 2011 2475 2079 πτίσματος
2492 2010 2905 2079 χαρισάμενος,
2923 2009 3017 2062 διὰ
3033 2010 3293 2077 σταυροῦ
3321 2025 3384 2062 τε
3413 2008 3509 2060 καὶ
3535 2008 3687 2061 ἀνα-

2149 2103 2447 2167 στάσεως.
2488 2100 2741 2157 θανάτου
2782 2101 2879 2154 καὶ
2947 2099 3167 2168 φθορᾶς
3217 2096 3692 2165 λυτρωσάμενος,

2151 2191 2492 2258 κατήλλαξε
2526 2191 2604 2256 τῷ
2635 2192 2835 2258 Πατρί.
2871 2187 3057 2255 Οὗτος
3089 2190 3184 2243 καὶ
3207 2189 3322 2242 νῦν
3345 2188 3413 2241 ὲν
3435 2187 3594 2256 ἡμῖν,
3624 2185 3694 2238 τὸ

2151 2281 2306 2334 ἴδιον
2333 2282 2527 2350 ἔργον,
2547 2281 2652 2334 τὸν
2674 2281 2780 2348 τῆς
2821 2279 3202 2348 καταλλαγῆς
3221 2281 3403 2346 λόγον
3427 2277 3693 2344 θέμενος,

2152 2370 2525 2434 ἀπέστειλεν,
2552 2369 2665 2438 τὴν
2694 2371 2990 2438 σωτηρίαν
3039 2369 3261 2435 ταύτην
3319 2368 3697 2436 εὐαγγελιουο

2145 2461 2366 2529 μένους
2394 2460 2550 2529 ὑμῖν.

2233 2549 2549 2614 Ἀπόστητε
2596 2536 2799 2602 τοίνυν
2828 2549 3027 2612 πάσης
3074 2545 3364 2613 δαιμόνων
3383 2544 3698 2613 ματαιότη-

2150 2658 2270 2708 τος,
2302 2640 2500 2705 πάσης
2521 2639 3017 2706 είδωλολατρείας,
3070 2638 3269 2704 πάσης
3328 2636 3538 2699 κακίας
3593 2634 3696 2688 καὶ

2152 2733 2399 2799 ἀνομίας
2454 2731 2566 2796 τὴν
2613 2730 2881 2796 ὀλέθριον
2910 2729 3273 2796 ἀπορρίψατε
3318 2726 3642 2792 συνήθειαν
3675 2742 3694 2757 ο

2153 2823 2231 2887 τῷ
2257 2825 2413 2891 νόμῳ
2443 2823 2508 2875 δὲ
2540 2820 2646 2888 τῆς
2664 2822 2936 2886 πίστεως,
2969 2821 3077 2888 τῆς
3097 2819 3164 2872 ἐν
3191 2817 3417 2887 Χριστῷ
3451 2817 3653 2885 Ἰησοῦ
3678 2833 3693 2846 ·

504 2916 755 2978 viceritis,
791 2915 854 2967 ab
881 2915 1066 2983 iraque
1096 2914 1158 2967 de
1193 2915 1318 2967 caelo
1359 2917 1681 2977 superveniet
1702 2916 1882 2983 {impiis
1934 2915 2054 2968 libe-

2155 2913 2234 2978 τῷ
2273 2918 2430 2982 νόμῳ
2479 2913 2582 2967 τοῦ
2624 2913 2961 2981 Πνεύματος
3002 2911 3110 2978 τῆς
3160 2911 3463 2980 ἁγιότητος
3507 2909 3696 2962 αὐτοῦ

505 3006 765 3068 rabimini,
801 3005 1211 3074 immortalisque
1241 3005 1419 3075 gloria:
1451 3023 1510 3059 ac
1539 3007 1657 3060 vitae
1686 3014 1893 3060 (eterna:
1913 3023 2050 3059 com-

506 3107 645 3164 potes
671 3097 974 3166 eﬁiciemini.
1007 3096 1083 3150 Ne
1105 3113 1225 3150 vero
1256 3097 1498 3150 inanibus
1528 3097 1691 3150 verbis
1727 3114 1758 3150 a
1795 3098 1935 3150 nobis
1967 3097 2053 3149 de-

506 3196 680 3257 ceptos
707 3204 792 3240 vos
822 3189 1138 3251 eaistimetis,
1172 3186 1410 3240 adducite
1439 3189 1563 3241 mihi
1588 3189 1675 3257 qui
1699 3191 1752 3242 in
1779 3188 1914 3240 vobis
1941 3185 2053 3238 labe

505 3279 684 3349 aliqua
711 3281 930 3350 vitioque
969 3280 1209 3333 laborant
1261 3298 1322 3333 ac
1361 3282 1626 3332 curatione
1667 3287 1834 3349 egent,
1873 3285 1930 3330 ut
1972 3294 2052 3329 me

508 3387 614 3425 non
640 3374 694 3425 in
722 3388 956 3427 sermone
983 3382 1184 3426 tantum
1214 3374 1280 3425 ad
1299 3389 1385 3426 vos
1401 3374 1618 3434 venisse,
1648 3373 1736 3424 sed
1763 3371 1910 3439 longe
1940 3387 2052 3423 ant-

509 3464 644 3532 plius
678 3466 731 3517 in
759 3465 945 3518 virtute
987 3466 1406 3533 appropinquare
1449 3464 1516 3517 ad
1561 3479 1646 3516 vos
1686 3479 1897 3532 regnum
1931 3461 2046 3527 Dei,

507 3556 739 3609 videatis.

579 3815 767 3870 Statim
797 3829 925 3882 ergo
957 3812 1068 3872 illic
1087 3811 1191 3865 loci
1231 3810 1412 3865 videre
1459 3819 1596 3875 erat,
1629 3809 1745 3864 solo
1792 3808 2049 3876 Theologi

509 3908 672 3962 verbo
723 3905 986 3960 daemonia
1040 3903 1108 3957 ab
1160 3902 1395 3956 obsessis
1447 3901 1766 3969 corporibus
1823 3899 2048 3969 fugere;

511 3998 643 4066 erigi
684 3996 923 4059 claudos,
958 3993 1114 4048 caecis
1151 3992 1356 4053 lumen,
1409 3990 1588 4044 surdis
1611 3990 1856 4043 auditum
1895 3990 2053 4042 resti-

515 4087 611 4160 tui,
647 4085 826 4138 doceri
866 4083 1053 4136 balbos
1086 4081 1287 4135 diserte
1315 4079 1484 4148 loqui.
1515 4077 1710 4132 Videre
1731 4088 1847 4130 erat
1879 4070 2052 4147 precié

515 4183 615 4235 bus
661 4190 898 4234 mortuos
938 4178 1274 4239 exsuscitari,
1317 4173 1564 4229 mundari
1613 4174 1892 4242 leprosos;
1937 4190 2052 4227 om-

2153 3005 2613 3073 πολιτευόμενοι,
2649 3001 3025 3071 ρυσθήσεοθε
3064 3001 3180 3070 μὲν
3212 3001 3326 3054 ἀπὸ
3381 2999 3489 3067 τῆς
3525 2999 3698 3062 ἐπερ-

2151 3091 2406 3161 κομένης
2461 3092 2527 3155 ἐξ
2613 3091 2864 3160 οὐρανοῦ
2933 3091 3056 3157 τοῖς
3128 3090 3408 3144 ἀσεϐέσιν
3476 3087 3652 3156 ὀργῆς
3677 3103 3695 3118 ο

2148 3182 2444 3251 ἀφθάρτου
2475 3183 2541 3235 δὲ
2571 3181 2750 3250 δόξης
2778 3182 2873 3236 καὶ
2907 3183 3140 3236 αίωνίου
3186 3179 3695 3244 καταξιωθήσεσθε

2151 3273 2312 3341 ζωῆς.
2346 3277 2470 3327 Ἵνα
2512 3273 2579 3325 δὲ
2609 3273 2694 3342 μὴ
2754 3275 2945 3338 κενοῖς
2974 3274 3237 3342 ῥήμασιν
3282 3271 3696 3340 ἐξηπατῆσθαι

2147 3365 2412 3432 νομίζητε
2460 3367 2594 3433 παρ’
2650 3365 2834 3433 ἡμῶν,
2900 3363 3225 3432 προσάγετέ
3277 3380 3374 3431 μοι
3430 3361 3567 3426 τοὺς
3622 3361 3697 3413 ἐν

2147 3453 2287 3522 ὑμῖν
2313 3455 2762 3524 λελωϐημένους
2791 3455 2885 3507 καὶ
2916 3453 3224 3522 θεραπείας
3253 3451 3693 3519 ἐπιδεομέ-νους,

2149 3545 2224 3597 ἵν’
2248 3545 2426 3612 ἱδῆτε,
2458 3546 2537 3611 ὡς
2563 3548 2671 3599 οὐκ
2699 3547 2768 3599 ἐν
2787 3546 2943 3614 λόγῳ
2972 3545 3121 3612 πρὸς
3137 3544 3291 3613 ὑμᾶς
3301 3544 3509 3613 μόνον,
3531 3541 3695 3596 ἀλλὰ

2148 3639 2246 3690 καὶ
2277 3637 2344 3690 ἐν
2372 3637 2617 3706 δυνάμει
2649 3637 2803 3690 πολὺ
2828 3637 3064 3707 μᾶλλον
3101 3637 3138 3704 ἡ
3176 3634 3462 3698 ,βασιλεία
3486 3632 3696 3704 ἐγγίζει

2127 3729 2254 3783 ,τοῦ
2282 3729 2448 3783 Θεοῦ.

2217 3821 2419 3873 Αὐτίκα
2470 3821 2644 3873 τοίνυν
2697 3815 2764 3890 ἧν
2803 3821 2933 3890 ὁρᾷν
2984 3820 3117 3886 ἐκεῖ,
3148 3817 3394 3886 δαιμόνια
3434 3815 3573 3885 λόγῳ
3597 3815 3693 3868 τοῦ

2149 3912 2407 3978 Θεολόγου
2439 3910 2581 3980 μόνῳ
2605 3911 2711 3963 τῶν
2739 3908 3111 3979 δαιμονώντων
3151 3906 3559 3977 δραπετεύοντα,
3586 3924 3691 3975 χω-

2148 4005 2270 4066 λοὺς
2297 4003 2746 4074 ἀνορθουμένους,
2773 4002 3004 4070 τυφλοὺς
3032 4001 3448 4069 φωτιζομένους,
3476 3999 3692 4065 κωφοὺς

2151 4094 2459 4156 ἀκούοντας,
2492 4094 2584 4145 καὶ
2615 4091 2927 4159 μογιλάλους
2956 4091 3165 4158 τρανῶς
3207 4089 3382 4141 λαλεῖν
3445 4088 3692 4139 παιδευο-

2157 4184 2364 4252 μένους.
2396 4177 2504 4233 Ἦν
2544 4182 2674 4250 όρᾷν
2718 4179 2804 4231 διὰ
2855 4178 3156 4248 προσευχῆς
3201 4176 3580 4246 ἀνισταμένους
3609 4191 3695 4226 νι-

517 4286 746 4339 nemque
785 4269 1030 4322 morbum
1065 4284 1127 4323 ac
1174 4282 1386 4322 omnem
1421 4265 1664 4334 corporis
1709 4266 1906 4328 labem,
1937 4266 2050 4320 solo

2156 4277 2337 4346 κροὺς,
2366 4275 2785 4341 καθαιρομένους
2812 4270 3058 4340 λεπροὺς,
3096 4269 3188 4322 καὶ
3208 4270 3383 4321 πᾶσαν
3404 4267 3550 4319 νόσον
3600 4265 3696 4318 καὶ

518 4376 710 4415 manus
743 4366 938 4412 sanctae
968 4367 1214 4412 contactu
1248 4356 1424 4410 sanari
1459 4372 1470 4406 :
1505 4370 1568 4408 ac
1590 4353 1808 4423 quidem
1840 4369 2051 4407 omnem

2151 4370 2322 4418 πᾶσαν
2364 4363 2607 4431 σώματος
2644 4361 2838 4430 λώϐην,
2889 4363 2998 4429 ἁφῇ
3035 4360 3165 4431 μόνῃ
3194 4359 3369 4427 χειρὸς
3396 4356 3542 4418 ὁσίας
3600 4357 3693 4408 ἰω-

517 4451 907 4522 prtestigiarum
965 4449 1328 4516 magicamque
1385 4457 1577 4508 artem,
1632 4460 1839 4499 necnon
1891 4445 2053 4498 etiam

2153 4459 2335 4526 μένην.
2364 4456 2472 4506 Καὶ
2502 4456 2680 4504 πᾶσαν
2711 4454 2806 4522 μὲν
2843 4454 3100 4521 γοητικὴν
3144 4452 3333 4519 τέχνην
3381 4450 3471 4502 καὶ
3535 4465 3697 4518 μαγι-

515 4547 817 4599 ὼοιηοηυῐι]
846 4557 1003 4596 omne
1027 4542 1341 4594 maleﬁcium
1374 4541 1756 4607 astutiamque,
1782 4553 1878 4608 per
1893 4538 2052 4592 Chri-

517 4635 583 4688 sti
614 4636 664 4687 in
696 4648 760 4686 eo
792 4631 1084 4701 potentiam
1113 4630 1313 4683 destrui
1353 4648 1365 4681 :
1398 4644 1608 4682 omnem
1643 4629 1877 4697 denique
1927 4629 2050 4680 illu-

519 4726 810 4779 minantem
853 4733 1012 4789 atque
1040 4729 1356 4789 purgantem
1405 4719 1782 4785 initiationem,
1812 4735 2054 4772 omnem—

517 4832 623 4884 que
675 4815 897 4882 gratiam
933 4827 994 4866 ac
1035 4810 1314 4865 scientiam
1358 4821 1761 4865 consecrantem
1802 4826 1863 4864 ac
1898 4810 2052 4861 delii-

519 4915 728 4957 eantem
779 4903 833 4955 in
878 4901 1116 4955 ﬁdelium
1159 4899 1354 4954 animis
1398 4900 1660 4969 prtestari.
1688 4901 1880 4954 Totum
1913 4898 2056 4952 enim

521 4995 795 5050 Christum
819 5010 915 5063 per
944 4993 1228 5046 Dominum
1282 4990 1541 5060 Spiritum
1588 4991 2059 5058 prmstantissimus

525 5084 757 5152 Spiritus
785 5084 1123 5151 dispensator
1166 5081 1408 5143 indutus,
1435 5095 1553 5147 quze
1598 5079 1738 5133 hosti
1782 5080 2059 5146 undequa-

442 5182 445 5184 '
528 5188 630 5240 quc
657 5173 926 5225 inaccessa
961 5181 1138 5225 essent
1162 5187 1223 5225 ac
1248 5169 1510 5239 impervia
1538 5170 1757 5237 gerebat
1782 5186 1796 5233 ;
1824 5179 2060 5221 rectum-

528 5276 634 5328 que
667 5276 876 5314 omnem
916 5263 1152 5314 animum
1191 5277 1252 5315 ac
1284 5261 1413 5314 boni
1460 5258 1633 5311 forma
1670 5259 1932 5311 imbutum
1966 5276 2061 5327 pcr

530 5353 789 5421 Spiritum
825 5353 1135 5414 obsecrans,
1178 5355 1241 5407 ad
1270 5370 1386 5407 eam
1419 5354 1572 5419 cujus
1610 5352 1802 5406 doctor
1828 5361 1945 5404 erat
1975 5363 2054 5405 at-

531 5459 636 5513 que
663 5453 913 5504 assertor.
943 5444 1237 5498 doctrinam
1264 5443 1636 5509 componebat.
1672 5511 1674 5515 τ

600 5565 641 5595 ³⁸
672 5565 833 5616 Hebr.
876 5582 910 5626 Ι,
945 5564 994 5615 Ξ.
1073 5566 1114 5598 ³³
1139 5566 1277 5618 Psal.
1314 5579 1491 5629 xxxiii,
1519 5567 1566 5617 6.
1646 5565 1688 5595 ³⁸
1722 5565 1872 5617 Joan.
1907 5581 1940 5626 l,
1974 5568 2054 5621 M.

532 5726 667 5797 inice
701 5770 753 5796 ι.

2148 4548 2266 4615 κὴν,
2287 4549 2458 4599 πᾶσαν
2488 4546 2541 4598 δὲ
2576 4547 2926 4615 κακοτεχνίαν
2950 4545 3043 4598 καὶ
3064 4544 3347 4611 δαιμονίων
3379 4559 3695 4611 κακομηχα-

2147 4640 2281 4699 νίαν,
2301 4637 2387 4688 διὰ
2407 4638 2498 4705 τῆς
2516 4637 2726 4704 ἔιναὺτῴ
2742 4637 2831 4688 τοῦ
2854 4635 3084 4705 Χριστοῦ
3108 4635 3376 4704 δυνάμεων
3400 4647 3695 4701 καταργου-

2153 4728 2314 4796 μένην
2339 4743 2349 4753 ·
2367 4727 2537 4777 πᾶσαν
2562 4727 2615 4778 δὲ
2639 4726 3017 4793 μυσταγωγίαν
3043 4724 3365 4793 φωτιστικὴν
3387 4721 3477 4774 καὶ
3496 4723 3698 4790 καθαρ-

2151 4816 2328 4883 τικήνρ
2356 4818 2528 4868 πᾶσαν
2550 4815 2603 4867 δὲ
2629 4817 2784 4884 χάριν
2805 4816 2894 4866 καὶ
2920 4814 3114 4881 γνῶσιν
3142 4809 3568 4880 τελετουργικὴν,
3597 4809 3694 4860 καὶ

2154 4906 2488 4975 θεουργικὴν,
2506 4909 2621 4968 ταῖς
2644 4904 2886 4972 καρδίαις
2924 4901 3314 4973 ἐνεργουμένην
3336 4899 3440 4952 τῶν
3464 4898 3690 4950 πιστῶν.

2159 4997 2313 5048 ’Ὀλον
2334 4998 2436 5066 γὰρ
2468 4996 2555 5049 τὸν
2579 4994 2805 5066 Χριστὸν
2836 4995 2920 5047 διὰ
2951 4994 3039 5047 τοῦ
3090 4993 3293 5061 Κυρίου
3325 4991 3633 5059 Πνεύματος
3666 4993 3695 5041 ὁ

2157 5085 2246 5139 τοῦ
2281 5087 2586 5155 Πνεύματος
2604 5087 2885 5154 κράτιστος
2917 5083 3368 5153 περιὸεὸλημένος
3397 5081 3692 5149 οἰκονόμος,

2155 5178 2415 5246 ἀπρόσιτα
2435 5179 2526 5243 μὲν
2552 5176 2875 5244 πανταχόθεν
2906 5175 2997 5226 καὶ
3028 5174 3320 5227 ἀνεπίϐατα
3363 5173 3694 5227 κατεσκεύας

2155 5269 2212 5331 ζε
2260 5267 2337 5335 τῷ
2392 5266 2604 5334 ἐχθρῷ·
2664 5269 2840 5319 πᾶσαν
2902 5266 2957 5317 δὲ
2983 5265 3157 5334 ψυχὴν
3186 5265 3394 5318 εὐθεῖαν
3421 5265 3513 5316 καὶ
3553 5264 3694 5328 ἀγα-

2157 5359 2330 5423 θοειδῆ
2382 5358 2463 5408 διὰ
2489 5359 2577 5410 τοῦ
2634 5359 2940 5426 “vulpem;
2987 5357 3335 5425 παρακαλῶν,
3396 5359 3472 5417 εἰς
3513 5352 3696 5424 τὴνόι“

2160 5448 2312 5500 αὑτὸν
2340 5449 2764 5518 πρ;σ6ευομένην
2792 5447 3041 5515 ἀλήθειαν
3074 5446 3486 5519 προσῳκειοῦτο.
