3950 6320
256 365 342 432 121
1007 369 1285 430 ORATIO
1320 369 1416 431 VI.
1444 395 1512 407 --
1542 370 1622 431 IN
1654 371 1960 433 LAUDEM
1999 373 2058 432 S.
2098 373 2410 434 JOANNIS
2446 372 2711 435 EVANG.
3333 364 3435 436 122

251 476 443 545 Κύριον
472 473 675 532 είσοδον
691 476 1010 546 ἐγγίζουσαν
1035 494 1051 512 ο
1070 476 1295 532 συνιδὼν
1319 476 1374 530 δὲ
1410 479 1504 531 καὶ
1539 479 1630 532 τὸν
1657 478 1785 548 χρό-

1892 479 2058 542 deret,
2094 495 2156 535 ac
2185 481 2240 535 in
2266 480 2516 550 proximo
2536 495 2654 535 esse
2688 488 2747 534 ut
2771 477 2836 533 ad
2873 475 3158 534 Dominum
3187 479 3433 549 lngrede-
3460 484 3465 490 ’

255 584 334 618 νον
358 565 432 629 ὡς
458 565 753 622 δεινότατον
774 569 898 622 ὄντα
945 569 1113 637 λήθης
1164 567 1340 642 βυθοῖς
1391 570 1668 640 ἀμαυροῦν
1721 570 1791 623 τὰ

1895 578 2082 633 retur;
2110 570 2527 639 intelligensque
2558 570 2667 623 vim
2695 571 2978 624 maximam
3014 568 3273 637 temporis
3295 584 3434 634 esse.

250 657 402 722 καλὰ,
434 660 658 712 κινεῖται
679 659 776 730 μὲν
807 660 1154 728 ἀγαθοειδῶς.
1198 659 1259 714 τὸ
1302 661 1400 730 τῆς
1458 659 1789 728 αὐτοαγαθό-

1892 663 1949 718 ad
1991 676 2053 717 ea
2095 678 2215 731 qua:
2259 662 2401 716 bona
2435 677 2498 716 ac
2539 661 2766 716 honesta
2809 671 2954 728 sunt,
3000 663 3290 718 oblivionis
3331 663 3440 718 alto

250 765 401 818 τητος
432 748 708 822 ἔσοπτρον,
726 751 864 822 ὑπὲρ
883 752 981 820 τῆς
1019 752 1168 830 ίερᾶς
1195 750 1284 804 τοῦ
1305 751 1634 820 Εὑαγγελίου
1655 769 1792 821 γρα-

1892 753 2095 824 gurgite
2124 753 2414 823 mergenda
2458 768 2520 808 ac
2566 752 2852 819 abolenda,
2879 754 3157 819 incitatur,
3185 769 3293 824 qua
3334 754 3439 808 im-

249 842 350 910 φῆς
381 857 396 871 ⁸
421 843 646 895 κινεῖται
671 842 725 897 δὲ
762 841 898 911 πρὸς
945 834 1121 911 ἐρώτα
1159 839 1430 912 θεολογίας
1459 840 1787 912 ὑπερφυοῦς,

1892 845 2052 899 butus
2090 853 2226 905 erat.
2275 844 2405 898 boni
2437 843 2643 907 indole,
2679 842 2772 911 qui
2821 842 2992 912 ipsius
3019 859 3146 899 vere
3177 842 3439 898 bonitatis

255 932 356 984 ὑπό
384 950 445 986 τε
471 932 565 986 τοῦ
595 932 918 994 ἐνοικοῦντος
944 931 1074 987 Θεοῦ
1103 933 1296 1002 Λόγου,
1329 934 1424 988 καὶ
1465 932 1572 987 τῶν
1613 950 1793 986 πιστο-

1892 935 2167 1004 speculum
2198 944 2361 996 esset,
2403 935 2466 988 ad
2497 928 2957 988 censeribendum
2989 943 3233 987 sanctum
3263 933 3475 992 Evan-.

249 1023 416 1076 τάτων
446 1024 544 1092 τῆς
570 1023 891 1093 Ἐκκλησίας
920 1023 1334 1093 λιπαρούμενος.

1892 1025 2108 1094 gelium,
2155 1024 2554 1094 iuardeseitque
2600 1025 2655 1078 in
2701 1024 2913 1078 eximiae
2959 1024 3240 1092 theologize
3287 1036 3440 1075 amo-

251 1129 379 1175 rem,
416 1123 530 1168 tum
555 1114 646 1168 Dei
676 1114 836 1170 Verbi
872 1114 1228 1170 inhabitantis
1283 1114 1564 1180 instinctu,
1612 1124 1727 1170 tum
1757 1130 1944 1170 eorum
1978 1116 2071 1186 qui
2105 1114 2402 1170 ﬁdelissimi
2470 1116 2525 1170 in
2587 1115 2828 1171 Ecclesia
2855 1122 3032 1180 erant,
3077 1114 3328 1186 precibus
3359 1123 3442 1170 at-

249 1221 350 1277 que
377 1213 585 1276 rogatu.
2144 1220 2150 1226 ‘

327 1293 593 1364 Ἒντυχὼν
642 1293 699 1348 δὲ
735 1295 846 1357 τοῖς
875 1293 978 1364 πρὸ
1023 1292 1186 1346 αὐτοῦ
1215 1291 1393 1364 τρισὶν
1426 1293 1791 1360 Εὑαγγελίοις,

1965 1293 2142 1348 Lectis
2171 1308 2323 1356 vero,
2345 1307 2466 1362 qua:
2501 1293 2595 1347 illo
2617 1292 2796 1360 priora
2825 1293 3131 1362 conscripta
3155 1301 3311 1347 erant
3343 1295 3441 1348 tri-

250 1382 343 1437 καὶ
397 1384 524 1453 περὶ
577 1383 652 1452 τῷ
700 1382 991 1454 σωματικῷ
1038 1382 1129 1436 τοῦ
1157 1381 1386 1453 Χριστοῦ
1411 1383 1604 1453 μᾶλλον
1633 1399 1793 1449 προσ-

1895 1383 1997 1438 bus
2021 1383 2351 1452 Evangeliis,
2378 1382 2869 1449 animadversoque
2895 1382 3062 1452 magis
3091 1383 3144 1436 in
3173 1398 3239 1436 eo
3265 1398 3448 1438 versa-

249 1474 619 1544 ησχολημέινην
649 1475 825 1528 αὐτῶν
869 1477 968 1546 τὴν
1009 1475 1253 1544 διήγησιν
1301 1474 1441 1540 ίδὼν,
1473 1474 1630 1534 αὐτὸς
1683 1477 1793 1536 τοῖς

1897 1483 1982 1527 tos
2009 1488 2152 1538 esse,
2182 1482 2242 1526 ut
2266 1488 2329 1528 ea
2359 1489 2478 1542 qua:
2511 1480 2822 1542 spectarent
2847 1471 2912 1524 ad
2944 1472 3282 1526 Dominicum
3329 1489 3452 1527 cor-

249 1565 588 1636 ὖψηλοτέροις
612 1567 717 1619 τῶν
749 1567 920 1634 λόγων
951 1569 1043 1618 καὶ
1073 1564 1362 1635 θειοτέροις
1402 1564 1791 1619 ἐπεκτείνεται.

1895 1576 2015 1630 pus,
2035 1569 2371 1624 enarrarent,
2396 1561 2809 1616 sublimioribus
2836 1561 2950 1630 ipse
2982 1560 3449 1631 divinioribusque

248 1656 352 1710 Καὶ
383 1659 562 1710 πᾶσαν
605 1657 702 1726 μὲν
730 1658 828 1728 τὴν
856 1657 1136 1727 ὁρωμένην
1181 1655 1356 1709 κτίσιν
1391 1655 1547 1723 ἀφείς
1570 1671 1583 1683 ·
1612 1657 1792 1709 πᾶσαν

1900 1652 2245 1706 sermonibus
2283 1648 2520 1707 animum
2565 1653 2837 1707 intendit:
2877 1653 3137 1720 omnique
3186 1668 3362 1707 rerum
3393 1654 3448 1708 in

245 1751 299 1805 δὲ
318 1750 420 1822 τὴν
455 1752 647 1820 νοητὴν
678 1752 768 1808 καὶ
800 1753 1164 1822 ὑπερκόσμιον
1195 1751 1411 1820 ὀξύτητι
1435 1751 1524 1805 νοῦ
1549 1752 1793 1822 καθαρω-

1897 1750 2173 1812 aspectum
2204 1742 2513 1815 cadentium
2544 1751 2734 1797 natura
2758 1744 2975 1807 omissa,
3011 1759 3309 1813 earumque
3331 1760 3452 1814 quae

245 1837 406 1892 τάτου
431 1839 516 1892 διά
543 1838 633 1892 τοῦ
666 1839 976 1910 Πνεύματος
1007 1840 1347 1911 ὑπεραναόἀς
1375 1856 1389 1870 ο
1441 1841 1532 1894 καὶ
1591 1839 1658 1894 τὰ
1702 1841 1793 1892 Χε-

1896 1840 2076 1887 mente
2121 1830 2539 1900 intelliguuntur
2569 1847 2632 1886 ac
2669 1833 3118 1901 supermundana:
3163 1841 3310 1897 sunt,
3347 1849 3449 1903 pu-

248 1923 476 1996 pou651p.
495 1925 684 1989 λιπὼν,
718 1929 813 1982 καὶ
841 1927 908 1981 τὰ
937 1930 1212 1999 Σεραφεὶμ
1237 1928 1540 1998 παρελθὼν,
1598 1930 1793 2001 ἀκραι-

245 2016 388 2086 φνῶς
420 2016 567 2088 αὑτῷ
600 2021 692 2071 καὶ
723 2019 938 2089 ἀμέσως
961 2018 1163 2088 ἐγγίζει
1185 2020 1262 2092 τῷ
1285 2020 1548 2091 ἀγαπητῷ
1578 2035 1592 2050 ·
1639 2023 1798 2076 κάκεῖ

242 2105 305 2179 δὴ
330 2108 554 2179 νοερῶς,
591 2111 682 2162 καὶ
707 2111 1025 2180 κρειττόνως
1071 2111 1102 2184 ἢ
1138 2110 1327 2182 πρώην
1376 2112 1437 2164 τὸ
1471 2111 1797 2182 γοερώτατον

244 2198 458 2269 στῆθος,
487 2199 564 2268 τῷ
593 2199 1004 2272 θεαρχικωτάτῳ
1034 2203 1412 2274 προσερείσας,
1443 2203 1535 2256 καὶ
1559 2199 1651 2267 οῦς
1703 2205 1795 2257 εὐ-

243 2290 467 2343 σύνετον
491 2291 566 2361 τῷ
600 2292 698 2360 τῆς
727 2293 924 2361 Σοφίας
964 2294 1398 2363 αὑτῆςοστὸματι
1448 2295 1795 2364 παραϐαλὼν,

240 2374 328 2434 οἶά
350 2397 471 2435 τινα
494 2382 672 2452 πηγὴν
707 2383 884 2448 ζῶσαν
945 2383 1149 2440 ἐκεῖθεν
1209 2385 1414 2460 ὑψηλῆς
1458 2386 1797 2459 ἀνεστόμωσε

241 2472 334 2524 καὶ
357 2469 622 2544 θεωτικῆς
648 2472 944 2544 θεολογίας.
1099 2467 1134 2523 .“
1311 2476 1318 2481 ’

305 2725 421 2796 Ἧς
444 2733 504 2786 ἐν
530 2734 855 2804 προοιμίοις,
883 2737 1121 2806 θεολογεῖ
1147 2740 1242 2810 μὲν
1263 2739 1353 2794 τοῦ
1381 2741 1555 2810 Λόγου
1583 2741 1684 2813 τὴν
1735 2741 1794 2794 ιν

236 2819 382 2892 ἀρχῇ
409 2823 540 2892 πρὸς
563 2822 654 2878 τὸν
687 2825 901 2896 Πατέρα
947 2829 1039 2882 καὶ
1087 2830 1425 2900 προόιναρχον
1479 2831 1797 2901 ὕπερούσιον

239 2911 590 2993 συνύπαρξιν.
615 2912 865 2983 Θεολογετ
885 2915 940 2967 δὲ
966 2915 1128 2970 αὑτοῦ
1154 2919 1246 2970 καὶ
1292 2919 1387 2988 τὴν
1417 2917 1706 2988 σάρκωσιν,
1737 2919 1795 2971 ἐν

1897 1923 2129 1978 rissimae
2151 1922 2352 1977 mentis
2378 1922 2624 1977 acumine
2658 1937 2753 1991 per
2779 1925 3027 1994 spiritum
3049 1934 3300 1994 superata
3325 1925 3450 1980 sub-

1896 2013 2138 2081 stantia;
2181 2013 2494 2082 relictisque
2516 2012 2794 2068 Cherubin
2837 2025 2892 2068 et
2917 2016 3178 2085 Seraphin
3227 2027 3451 2086 prmter-

1895 2121 2131 2177 gressus,
2163 2105 2266 2176 ipsi
2299 2104 2513 2160 sincere
2545 2119 2608 2159 ac
2653 2105 2962 2160 immediate
2991 2108 3301 2176 praedilecto
3325 2109 3448 2178 jun-

1895 2197 2041 2268 gitur
2073 2213 2086 2250 :
2115 2196 2333 2265 illicque
2358 2195 2928 2266 mentisintelligentia
2969 2194 3452 2267 pmstantioreqiie

1896 2303 1960 2344 ac
1991 2287 2202 2358 pridem
2243 2287 2477 2350 ratione,
2516 2287 2873 2356 intelligentia
2906 2287 3314 2342 solertissimum
3346 2303 3446 2357 pe.

1895 2378 2363 2434 etusdivinissimo
2384 2379 2590 2448 pectori
2615 2377 2851 2443 illidens,
2865 2392 3032 2447 osque
3052 2379 3452 2448 sagacissimum

1897 2469 2066 2538 ipsius
2108 2468 2190 2523 ori
2245 2467 2534 2538 Sapientiae
2589 2467 2905 2533 admovens,
2964 2467 3113 2522 velut
3165 2468 3452 2536 quemdam

1898 2559 2052 2614 illinc
2081 2559 2266 2614 vivum
2296 2559 2550 2614 sublimis
2587 2573 2650 2613 ac
2689 2557 2896 2614 deiﬁcae
2935 2557 3215 2628 theologia:
3247 2557 3450 2612 fontem

1895 2651 2132 2706 reseravi
2143 2659 2180 2704 t.
2504 2693 2508 2696 .
3291 2645 3296 2656 '

1963 2742 2094 2812 Ejus
2132 2741 2378 2806 exordio,
2436 2740 2601 2795 Verbi
2635 2741 2691 2795 in
2738 2738 3010 2810 principio
3053 2738 3194 2807 apud
3227 2737 3452 2792 'Patrem

1892 2839 2370 2903 praemternamque
2403 2829 2977 2899 supersubstantialem
3021 2828 3454 2896 coexsistentiam

1893 2939 1993 2994 pro
2040 2922 2299 2991 Theologi
2354 2921 2605 2991 partibus
2647 2919 2859 2974 tradit:
2895 2917 3062 2972 tradit
3109 2934 3238 2973 vero
3290 2918 3455 2973 etiam

237 2997 560 3087 ὀλίγοις-καὶ
589 3000 932 3070 θεοφθόγγοις
959 3005 1196 3073 ῥήμασιν
1223 3006 1399 3058 πᾶσαν
1423 3005 1637 3076 ὑψηλῶς
1697 3008 1789 3059 καὶ

1892 3017 2008 3087 ejus
2055 3013 2522 3078 incarnationem,
2578 3011 2767 3081 paucis
2823 3010 3132 3079 divinisque
3191 3010 3448 3075 vocibus,

242 3083 602 3160 μγαλᾶφυῶς
637 3089 822 3162 ὥσπερ
849 3092 907 3157 ἐξ
934 3094 1161 3163 οὐρανοῦ
1195 3094 1455 3160 σαλπίσας
1506 3096 1601 3166 τὴν
1659 3097 1788 3168 περὶ

237 3179 406 3233 αὑτοῦ
434 3179 740 3250 θιηγορίαν.
774 3179 925 3249 Εἶτα,
961 3185 1431 3256 ὑπομιμνήσκεται
1469 3187 1565 3255 μὲν
1611 3189 1667 3241 ἐν
1711 3189 1790 3259 τῷ

236 3271 538 3343 Πνεῦματι,
562 3273 670 3326 τῶν
705 3291 764 3327 τε
793 3274 964 3342 λόγων
993 3277 1227 3346 Χριστοῦ
1256 3278 1350 3329 καὶ
1376 3277 1483 3330 τῶν
1514 3279 1688 3348 ἔργων
1723 3282 1790 3334 τά

237 3362 549 3435 ὑψηλότατά
566 3381 623 3418 τε
648 3367 742 3420 καὶ
766 3367 1189 3437 παραδοξότατα,
1219 3369 1316 3423 ὅσα
1338 3369 1463 3432 τοὺς
1494 3371 1599 3440 πρὸ
1623 3371 1790 3439 αὑτοῦ

233 3457 572 3526 παραλιπεῖν
633 3458 1039 3527 εὐαγγελιστάς.
1100 3460 1209 3515 Καὶ
1261 3464 1436 3516 πάντα
1482 3463 1792 3530 θεσπεσίαις

234 3546 557 3617 ίερολογίαις
580 3549 938 3619 ἀνατετακὼς,
961 3551 1054 3604 καὶ
1081 3550 1256 3606 πάντα
1276 3553 1409 3606 Θεοῦ
1437 3546 1637 3621 φωναῖς
1667 3571 1791 3609 συν-

232 3637 554 3705 τετελεκὼς,
589 3639 682 3693 καὶ
701 3639 771 3694 ἐν
794 3640 1145 3710 δικαιοσύνῃ
1176 3643 1334 3713 (κατά
1373 3645 1620 3712 Ἡσαΐαν)
1641 3649 1794 3700 συν-

233 3727 556 3796 τετμηκὼς,
593 3732 672 3794 είς
705 3733 774 3787 τά
834 3734 1044 3804 πέρατα
1072 3735 1228 3790 τοῦτο
1278 3737 1340 3808 δὴ
1371 3738 1431 3789 τὸ
1463 3738 1580 3789 κατ’
1631 3738 1791 3792 αὐτὸν

231 3820 564 3890 Εὑαγγέλιον
593 3823 883 3896 ἐϐρόντησε
915 3826 1015 3896 τῆς
1031 3829 1132 3897 γῆς
1162 3844 1177 3859 ο
1222 3829 1418 3911 πάσηςΧ
1457 3830 1554 3901 ἤδη
1608 3830 1789 3898 φανείς

235 3926 334 3980 σης
387 3912 421 3982 ἢ
486 3917 863 3986 φανησομένης
931 3917 1199 3990 αἱρέσεως
1259 3919 1652 3992 ὲξαναλωτικὴν
1701 3922 1793 3974 καὶ

232 4001 576 4074 πρηστήρων
627 4005 910 4078 ἀστραπήν
938 4023 954 4039 ⁸
1002 4011 1182 4081 πάσης
1217 4011 1273 4066 δὲ
1320 4013 1644 4082 θεογνωσίας
1700 4014 1794 4067 καὶ

232 4091 510 4160 θεολογίας
533 4095 659 4163 ὅρον
684 4096 960 4167 ἀληθείας,
992 4102 1088 4154 καὶ
1124 4103 1591 4175 ἀπαρεγχείρητον
1650 4105 1790 4172 γνώσ

234 4199 370 4250 μονα
389 4183 702 4257 διαθέμενος
733 4204 747 4218 ο
774 4190 866 4242 καὶ
898 4190 1052 4244 τοῦτο
1087 4195 1153 4262 τῇ
1208 4193 1432 4247 καθόλου
1502 4196 1793 4268 Ἐκκλησία

231 4273 474 4343 Χριστοῦ
525 4278 717 4348 καινὴν
772 4280 1030 4352 διαθήκην
1090 4284 1155 4337 ὲκ
1207 4286 1469 4354 στόματος
1493 4289 1793 4356 γραφεῖσαν

1892 3119 2107 3162 omnem
2135 3119 2256 3173 quae
2285 3103 2351 3158 de
2378 3103 2468 3157 illo
2496 3111 2600 3163 est.
2639 3102 2857 3156 sublimi
2902 3115 2964 3156 ac
3006 3101 3290 3171 magniﬁco
3320 3116 3455 3171 prae-

1892 3194 2049 3249 conio
2076 3193 2224 3248 velut
2258 3193 2398 3246 tuba:
2423 3193 2674 3261 clangore
2699 3199 2989 3245 exsecutus
3039 3190 3274 3244 divinam
3313 3206 3452 3260 pra:-

1823 3345 1827 3348 ,
1893 3284 2239 3339 dicatiouem.
2280 3283 2526 3351 Tumque
2558 3290 2958 3336 commentatur
2991 3281 3046 3335 in
3086 3281 3292 3350 Spiritu
3320 3297 3452 3336 con-

1895 3376 2211 3444 scribitque,
2237 3373 2440 3429 Christi
2483 3382 2596 3427 tum
2648 3372 3022 3426 doctrinarum
3069 3380 3182 3426 tum
3226 3387 3451 3440 operum

1896 3464 2298 3535 pmcelsissima
2324 3479 2639 3532 summeque
2677 3463 2994 3521 admiranda
3043 3471 3099 3516 et
3143 3477 3301 3525 nova,
3329 3462 3454 3517 aliis

1895 3555 2009 3611 fere
2059 3554 2405 3624 evangelistis
2461 3553 2680 3607 omissa.
2725 3553 2972 3621 Cumque
3021 3552 3221 3606 divinis
3259 3561 3453 3608 cuneta

1897 3645 2239 3700 sermonibus
2282 3645 2717 3713 conscripsisset,
2752 3644 2956 3713 Deique
3006 3643 3234 3698 vocibus
3269 3643 3453 3696 omnia

1896 3737 2239 3795 absolvisset,
2293 3744 2456 3804 atque
2497 3736 2549 3788 in
2603 3736 2814 3805 ⁸ᾔιιιιιίιὶα
2859 3735 2938 3798 (ιιι
2979 3734 3144 3789 Isaias
3191 3733 3452 3804 loquitur)

1893 3829 2325 3893 abbreviasset",
2359 3828 2464 3882 hoc
2502 3843 2532 3882 a
2575 3843 2633 3882 se
2675 3827 3041 3896 conscriptum
3099 3825 3450 3896 Evangelium

1898 3923 1952 3976 in
1983 3921 2132 3975 orbis
2154 3902 2290 3974 ﬁnes
2322 3919 2572 3974 detonuit
2597 3937 2611 3972 :
2632 3918 2812 3988 fulgur
2835 3917 3092 3972 nimirum
3118 3916 3452 3988 ignitumque

1897 4012 2160 4084 ejusmodi
2198 4012 2500 4076 turbinem,
2545 4019 2603 4064 ut
2641 4008 3015 4083 consumendo
3060 4007 3130 4062 sit
3183 4007 3453 4061 acincen-

1899 4104 2098 4168 dendo,
2127 4101 2390 4173 quidquid
2417 4101 2629 4156 demum
2650 4100 2928 4153 bzerescon
2955 4096 3162 4152 exstitit
3191 4110 3448 4164 unquam.

1897 4206 2059 4249 autve
2115 4194 2366 4259 exsistet;
2401 4192 2684 4260 omnisque
2723 4187 2848 4242 ﬁdei
2887 4202 2949 4242 ac
2979 4186 3280 4255 theologiae,
3306 4185 3448 4239 veri-

1901 4285 2027 4340 tatis
2053 4284 2344 4339 terminum
2376 4295 2733 4350 normamque
2774 4277 3142 4332 inviolabilem
3171 4285 3446 4342 statuens;

232 4365 510 4433 παραδοὺς
542 4366 637 4420 τοῦ
665 4369 898 4440 Χριστοῦ
937 4389 954 4406 ο
977 4375 1212 4446 τοσούτῳ
1241 4377 1338 4446 τῆς
1358 4378 1413 4429 ὲν
1438 4377 1598 4444 πλαξὶ
1623 4379 1788 4433 πάλαι

1893 4385 2052 4445 atque
2084 4374 2188 4429 hoc
2211 4375 2478 4428 universae
2506 4369 2705 4424 Christi
2742 4367 3004 4423 Ecclesiae
3034 4381 3233 4421 novum
3271 4365 3448 4421 foedus

229 4455 307 4524 τῷ
340 4459 534 4511 Minas!
561 4463 946 4533 γεγραμμένης
967 4465 1410 4537 σεϐασμιωτέραν
1443 4486 1502 4521 τε
1532 4470 1626 4523 καὶ
1672 4470 1792 4523 θεο-

1892 4481 1957 4521 ex
2003 4466 2201 4522 Christi
2239 4471 2521 4534 exceptum
2568 4477 2685 4524 ore,
2732 4461 2954 4514 tradens
3003 4467 3201 4514 :tanto
3241 4457 3450 4513 scilicet

231 4553 640 4623 πρεπεστέραν,
696 4556 804 4626 ὅσῳ
827 4559 927 4628 τὴν
979 4560 1212 4613 παλαιὰν
1260 4562 1357 4627 μὲν
1403 4564 1437 4632 ἠ
1492 4561 1670 4631 καινὴ,
1704 4562 1793 4616 τὸν

1892 4562 2096 4630 scripto
2124 4559 2250 4613 olim
2275 4556 2404 4611 Mosi
2447 4555 2499 4608 in
2529 4553 2729 4613 tabulis
2754 4553 3009 4622 majorem
3051 4550 3259 4604 habens
3278 4564 3444 4603 vene-

231 4639 397 4710 νόμον
425 4642 484 4695 δὲ
518 4643 612 4696 τοῦ
646 4646 966 4716 γράμματος
1012 4651 1041 4702 ὁ
1071 4651 1164 4704 τοῦ
1200 4652 1506 4720 πνεύματος
1562 4653 1652 4706 καὶ
1693 4654 1793 4724 τῆς

1892 4653 2176 4712 rationem,
2201 4648 2568 4715 diviniusquc,
2587 4652 2791 4713 quanto
2814 4657 3014 4696 novum
3035 4641 3230 4705 veteri,
3252 4641 3444 4707 lexque

231 4729 492 4802 ἀληθείας
528 4737 935 4808 παρευδοκιμεῖ.
971 4743 1078 4795 Καὶ
1109 4743 1176 4796 τά
1219 4745 1315 4811 μὲν
1333 4743 1426 4796 ἐπὶ
1450 4744 1717 4800 τοσοῦτον.

1892 4743 2116 4814 Spiritus
2142 4749 2196 4795 et
2243 4738 2508 4802 veritatis,
2563 4735 2668 4805 legi
2707 4733 2901 4787 litterae
2948 4730 3229 4802 praecellit.
3269 4730 3446 4799 Atque

1748 4819 1753 4822 ~
1892 4836 2006 4890 haec
2029 4835 2308 4888 hactenus.
2445 4840 2450 4845 ‘
2722 4843 2726 4853 '
3317 4879 3320 4882 .

1959 4928 2094 4993 Quia
2138 4941 2266 4979 vero
2291 4922 2525 4992 Spiritus
2559 4917 2864 4974 ministerio
2906 4913 3293 4985 Evangeliique
3325 4911 3444 4966 fun-

1889 5017 2070 5072 ctione
2103 5013 2340 5084 (sublimi
2362 4999 2568 5066 scilicet
2593 5007 2874 5078 apostolici
2897 5004 3066 5059 munii
3104 5001 3290 5072 opere)
3312 5015 3442 5053 con-

1887 5117 2171 5171 summato,
2215 5115 2473 5174 tanquam
2512 5116 2697 5156 revera
2733 5098 2906 5154 ﬁdelis
2949 5111 3014 5151 ac
3059 5096 3296 5165 prudens
3327 5091 3440 5143 dis-

1886 5210 2159 5269 pensator,
2195 5214 2255 5252 ac
2285 5198 2378 5266 qui
2435 5196 2486 5249 in
2523 5193 2774 5263 pinguem
2791 5191 2900 5261 jam
2938 5195 3268 5243 senectutem
3299 5197 3434 5236 eva-

1895 5299 2058 5351 serat,
2091 5286 2308 5340 dissolvi
2360 5281 2689 5352 cupiebat",
2717 5279 2849 5344 sive,
2881 5288 2939 5332 ut
2997 5275 3186 5330 melius
3218 5274 3431 5340 loquar,

1896 5378 2140 5446 corporis
2177 5375 2578 5443 corruptionem
2611 5370 3016 5439 incorruptione
3040 5372 3245 5417 mutare
3273 5364 3435 5429 (sem-

1895 5484 1993 5537 per
2023 5467 2164 5522 enim
2198 5466 2376 5520 animo
2418 5464 2725 5533 mentisque
2774 5459 3091 5530 cogitatione
3142 5453 3354 5507 Christo
3383 5452 3435 5505 in

1895 5559 2046 5612 ccelis
2079 5560 2413 5625 conjunctus,
2447 5558 2561 5609 solo
2600 5569 2822 5622 corpore
2866 5558 3118 5619 parteque
3144 5544 3228 5599 sui
3264 5543 3437 5600 oculis

1898 5644 2206 5711 conspicua,
2241 5642 2292 5696 in
2323 5651 2465 5697 terra
2491 5639 2850 5706 versabatur).

301 4905 461 4958 Ἐπεὶ
490 4907 665 4978 δὲτὴν
694 4908 785 4961 τοῦ
810 4909 1119 4981 ΙΙνεύματος
1149 4913 1423 4968 διακονίαν
1460 4917 1553 4971 καὶ
1587 4918 1796 4988 ίερουρ-

234 4996 358 5063 γίαν
393 4999 487 5051 τοῦ
516 5000 863 5068 Εὑαγγελίου,
897 5004 956 5057 τὸ
982 5004 1139 5076 ἔργον
1171 5007 1267 5075 τῆς
1309 5008 1515 5079 ὑψηλῆς
1568 5010 1795 5062 ἀποστο-

235 5087 352 5156 λῆς,
390 5091 467 5152 ὼς
504 5091 693 5155 πιστὸς
724 5092 799 5160 τῷ
837 5095 948 5147 ὄντι
981 5101 1072 5148 καὶ
1095 5097 1349 5167 φρόνιμος
1374 5100 1650 5168 οίκονόμος
1705 5117 1794 5151 τε·-

235 5176 559 5243 τελειωκὼς,
587 5182 679 5234 καὶ
698 5184 775 5244 εἰς
805 5186 922 5237 πῖον
948 5185 1047 5256 ἤδη
1084 5189 1253 5256 γῆρας
1276 5188 1567 5258 ἐληλακὼς,
1613 5190 1790 5242 ἐπόθει

237 5268 334 5338 τὴν
364 5271 649 5335 ἀνάλυσιν,
712 5278 954 5344 κρεῖττον
982 5278 1038 5330 δὲ
1072 5281 1255 5346 φάναι,
1283 5281 1374 5332 τοῦ
1410 5281 1654 5350 σώματος
1707 5282 1800 5348 τὴν

240 5358 330 5410 lati
359 5360 418 5412 τὸ
449 5362 724 5434 ἄφθαρτον
753 5372 1211 5439 μετασχημὰτισιν
1241 5389 1254 5402 ’
1292 5375 1376 5426 ἀεὶ
1410 5375 1515 5442 γὰρ
1545 5377 1636 5428 καὶ
1679 5375 1798 5427 νοῦν

244 5451 335 5501 καὶ
347 5452 582 5506 διάνοιαν
602 5459 658 5507 ὲν
677 5458 920 5525 οὐρανοῖς
939 5479 1144 5530 συνηνω
1153 5465 1307 5531 μένος
1322 5467 1554 5537 Χριστῷ,
1574 5467 1632 5521 τὸ
1647 5467 1800 5534 σῶμα

248 5543 407 5611 μόνον
430 5548 518 5598 καὶ
548 5546 608 5599 τὸ
639 5549 912 5618 ὁρώμενον
941 5547 1005 5620 ἦν
1037 5556 1127 5605 ἐπὶ
1157 5555 1278 5624 γῆς.

305 5738 354 5777 ⁸⁸
395 5742 600 5809 153.“,
627 5745 713 5799 25.
791 5744 834 5775 ³⁶
867 5743 1098 5815 Philipp.
1145 5763 1180 5811 ι,
1205 5747 1293 5801 2⁸5.
