3950 6320
628 162 733 232 123

628 374 737 443 ptis
776 372 860 426 vir
898 373 1088 427 beatus
1137 372 1526 443 discipulorum
1577 374 1924 441 ﬁdelissimis,
1953 391 2015 431 ac
2052 386 2168 430 tan-

631 466 797 535 tisper
848 464 1059 534 Epheso
1109 482 1450 536 progressus,
1508 467 1807 538 collemque
1870 479 2165 536 assecutus,

602 557 933 628 ‘sepulcrum
987 558 1170 614 fodere
1218 559 1492 629 priecepit.
1555 561 1803 630 Tumque
1884 563 2055 617 oculis
2111 560 2168 615 in

631 645 798 698 Deum
820 645 1010 699 levatis
1039 645 1397 714 manibusque
1431 647 1487 700 in
1525 649 1720 701 caelum
1747 651 1999 714 extensis,
2025 656 2169 704 totus

631 735 802 802 palam
842 745 994 791 extra
1036 751 1117 804 se,
1169 738 1530 807 precibusque
1573 739 1684 792 Deo
1721 740 1986 794 excedens
2031 747 2163 794 erat.

629 823 729 880 Ubi
763 836 942 879 autem
988 826 1180 880 orandi
1212 826 1370 881 ﬁnem
1414 827 1639 894 fecerat,
1673 829 1740 882 ad
1769 839 2000 884 astantes
2036 845 2166 883 con-

628 929 835 978 versus,
867 915 1081 984 illisque
1109 917 1414 971 divinorum
1438 920 1818 987 mysteriorum
1839 921 2169 988 explanatio-

630 1004 795 1058 nibus
819 1007 1194 1075 pmclarisque
1231 1007 1589 1062 hortamentis
1628 1024 1690 1063 ac
1730 1009 2064 1064 documentis
2102 1009 2167 1063 ad

631 1095 886 1148 virtutem
919 1095 1238 1150 facientibus
1275 1096 1378 1151 rite
1420 1097 1758 1166 compositis,
1792 1098 1931 1172 intra
1974 1097 2170 1153 fossam

629 1199 753 1237 mox
784 1182 947 1247 subit,
977 1191 1030 1238 et
1059 1183 1114 1237 in
1141 1198 1203 1239 ea
1243 1184 1549 1252 decumbit;
1589 1187 1927 1256 obductoque
1969 1172 2169 1240 asseri-

633 1273 733 1327 bus
763 1273 1027 1342 sepulcro,
1057 1289 1180 1329 eum
1227 1275 1284 1329 in
1310 1277 1605 1331 crastinum
1653 1277 1945 1340 venissent,
1979 1291 2078 1345 pro
2103 1290 2169 1330 eo

631 1375 694 1414 ac
710 1359 843 1430 jussi
873 1369 1046 1424 erant,
1067 1361 1661 1432 amotisque'asseribus
1680 1364 1735 1429 (o
1755 1377 1868 1415 rem
1894 1362 2080 1416 miram
2104 1363 2167 1428 l),

636 1447 754 1526 ipso
787 1449 1008 1503 minime
1040 1449 1280 1513 invento,
1311 1451 1403 1518 qui
1433 1451 1610 1519 palam
1647 1451 1714 1505 ad
1757 1451 1924 1505 Deum
1950 1465 2171 1504 conces-

632 1539 810 1602 sisset,
856 1540 1225 1595 translationis
1265 1540 1383 1611 ejus
1430 1556 1526 1596 seu
1574 1541 1985 1598 resurrectionis
2022 1550 2169 1596 certo

633 1631 881 1702 vestigio,
918 1640 1094 1686 vestes
1124 1631 1489 1686 offenderunt.
1533 1694 1536 1700 ν

673 1798 819 1856 ’Νοιι
853 1800 998 1855 enim
1027 1815 1122 1870 par
1160 1808 1264 1863 est,
1289 1800 1533 1857 utivelut
1558 1799 1750 1863 Eliam,
1794 1799 2009 1853 mortali
2049 1813 2173 1853 eum

635 1905 862 1960 corpore
896 1891 1073 1944 adhuc
1100 1889 1281 1945 vivere
1313 1890 1685 1946 existimemus
1714 1888 1847 1960 (Non
1880 1892 2018 1942 enim
2045 1889 2175 1942 dixit

635 1984 680 2036 ei
707 1981 876 2045 Iesus,
898 1981 1090 2049 inquit,
1114 1979 1245 2045 Quia
1269 1998 1370 2035 non
1401 1981 1618 2034 moritur
1639 1980 1748 2048 1""‘),
1767 1994 1941 2048 neque
1971 1988 2030 2032 ut
2050 1979 2175 2032 reli-

637 2088 869 2141 quorum
916 2072 1291 2127 defunctorum
1337 2086 1486 2126 more
1537 2086 1660 2126 eum
1703 2071 1847 2126 diem
1875 2081 2172 2126 extremum

636 2163 948 2232 exspectare
977 2163 1219 2217 dicamus
1247 2181 1259 2217 :
1294 2162 1388 2218 sed
1429 2178 1552 2218 eum
1597 2163 1854 2232 virginale
1893 2162 2021 2216 illud
2048 2178 2172 2217 san-

635 2266 893 2324 ctumque
941 2254 1350 2308 tabernaculum
1393 2255 1660 2322 tantisper
1710 2253 2050 2322 reliquisset,
2107 2254 2173 2307 ad

635 2360 761 2400 eum
786 2345 1058 2414 ingressus
1089 2345 1181 2413 qui
1215 2345 1369 2398 ctelis
1397 2345 1661 2398 excelsior
1691 2348 1793 2408 εει,
1821 2360 1883 2399 ac
1915 2353 2172 2413 quantum

638 2450 858 2490 necesse
902 2433 1185 2488 videbatur
1240 2443 1300 2487 ut
1343 2436 1535 2490 mortis
1584 2434 1878 2503 periculum
1933 2434 2171 2498 faceret,

637 2540 762 2578 vera
815 2524 994 2577 statim
1050 2523 1105 2577 in
1165 2521 1383 2577 Christo
1414 2523 1521 2576 vita
1578 2521 1932 2591 apprehensa,
1977 2537 2173 2576 munus

640 2599 763 2677 hoc,
795 2629 857 2668 ac
893 2613 1042 2667 velut
1070 2613 1335 2681 singulare
1379 2613 1688 2666 excellentis
1711 2610 2015 2666 dilectionis
2037 2626 2173 2680 pra:-

636 2705 809 2770 _mium
836 2712 1024 2757 nactus
1066 2713 1169 2765 est,
1197 2712 1255 2756 ut
1295 2711 1350 2756 et
1377 2716 1630 2770 corporea
1659 2704 2005 2770 corruptione
2058 2703 2162 2754 im-

643 2809 858 2849 munem
886 2794 1046 2847 vitam
1080 2802 1291 2863 ageret;
1323 2808 1386 2847 ac
1412 2794 1650 2862 Deiparae
1674 2792 1825 2848 Matri
1859 2793 1914 2846 in
1938 2806 2175 2861 superno

714 2885 776 2916 "'
801 2883 956 2939 Joan.
991 2897 1097 2945 χχι,
1119 2883 1212 2936 22.

711 2973 822 3038 (l9)
838 2972 993 3026 Κατὰ
1010 2971 1113 3023 τὸν
1136 2970 1254 3025 ἅνω
1279 2969 1964 3039 παράδεισον-,Ξυρει-ηυιη
1987 2986 2048 3024 ac
2063 2985 2171 3026 om-

642 3046 832 3100 iestem
889 3041 1217 3110 paradisum,
1275 3056 1437 3108 quem
1481 3041 1592 3110 jam
1646 3056 1785 3094 unus
1838 3057 1959 3094 cum
2012 3041 2178 3094 Maria

644 3109 1069 3169 Joannes’etiam
1099 3125 1323 3178 corpore
1345 3109 1634 3171 inhabitet,
1663 3110 1844 3163 nullus
1901 3111 2040 3164 alius
2085 3121 2178 3163 ex-

684 3182 771 3235 oui
800 3179 989 3248 possit,
1010 3194 1169 3248 quam
1199 3179 1290 3247 qui
1312 3179 1467 3232 nobis
1492 3193 1611 3231 cum
1636 3179 1946 3233 cmlestibus
1965 3179 2183 3248 virtuti-

684 3201 771 3235 Olll
800 3201 989 3248 ρυδδιι,
1010 3201 1169 3248 quam
1199 3201 1290 3247 (ιω
1313 3201 1467 3232 ιιυυιδ
1492 3201 1611 3231 υιιιιι
1636 3201 1946 3233 υωιυδιιυυδ
1966 3201 2180 3233 νιηυιι-

645 3201 751 3304 Bas
772 3249 991 3320 praemio
1040 3247 1256 3302 tandem
1299 3248 1612 3320 promissus
1629 3255 1729 3320 est.
1762 3257 1815 3301 et
1847 3264 1883 3320 Aa
1944 3247 2180 3320 secunda

648 3315 1064 3379 resurrectione,
1100 3331 1260 3437 quam
1289 3315 1366 3371 sic
1400 3315 1825 3385 benignissimus,
1843 3318 2100 3371 Dominus
2126 3317 2181 3370 in

650 3389 816 3437 Matre
849 3401 944 3437 sua
999 3393 1055 3437 et
1144 3385 1302 3437 ileeto
1344 3385 1608 3437 discipulo
1655 3385 2018 3437 occupaverit.
2075 3385 2181 3437 Nec

650 3389 816 3441 Matre
849 3401 944 3439 sua
999 3393 1055 3438 et
1105 3385 1302 3439 dilecto
1344 3385 1608 3452 discipulo
1655 3385 2018 3452 occupaverit.
2075 3385 2183 3437 Nec

649 3458 797 3523 enim,
813 3465 1088 3509 terrenum
1116 3455 1350 3522 aliquem
1386 3454 1695 3522 paradisum
1729 3461 2003 3523 exspectat
2053 3454 2186 3507 fides

652 3521 856 3585 nostra,
888 3523 980 3577 sed
1001 3524 1055 3577 in
1078 3521 1238 3591 quem
1259 3521 1414 3578 Jesus
1445 3536 1541 3591 per
1570 3521 1882 3589 sanguinein
1915 3537 2070 3574 suum
2098 3523 2181 3576 in-

655 3595 839 3658 travit,
867 3604 920 3646 et
955 3608 1114 3661 quem
1143 3591 1302 3662 nobis
1324 3592 1555 3662 aperuit,
1586 3591 1639 3644 id
1669 3600 1751 3662 e_st
1773 3592 1988 3662 omium.
2031 3591 2188 3662 Ejus-

653 3664 777 3718 dem
829 3658 1108 3716 sententiaa
1155 3658 1374 3715 videtur
1436 3669 1627 3714 auctor
1673 3658 1936 3722 Canonis,
1979 3658 2088 3714 ode
2133 3659 2184 3721 8,

655 3733 872 3801 strophe
893 3732 952 3801 ‘2,
1005 3733 1059 3785 in
1087 3745 1200 3796 qua
1243 3731 1322 3784 sic
1353 3728 1498 3801 canit
1517 3747 1536 3784 :
1564 3729 1739 3801 Σῶμα-
1774 3730 1864 3801 καὶ
1895 3729 2068 3801 ψυχὴν
2095 3728 2188 3801 κα).

655 3795 786 3853 νοῦν
799 3795 1220 3868 κεκαθαρμένος,
1249 3798 1580 3867 εύηγγελίσω
1598 3795 1669 3868 ,τὸ
1689 3795 1934 3867 οὐράνιον
1955 3795 2187 3868 Χριστοῦ

659 3867 1139 3948 Εύαήγγέλιονίκιαὶ
1195 3870 1439 3948 ἀγγέλοις
1489 3867 1785 3948 ὁμοδίαιτος
1825 3868 1882 3918 ὲν
1944 3867 2189 3948 ούρανοίς

660 3934 938 4007 γενόμενος
963 3937 1182 4006 κράζεις
1199 3934 1310 4007 νῦν,
1340 3934 1639 4007 Εύλογείτὲ
1671 3934 1897 4007 Corpore
1937 3936 1984 3989 et
2013 3934 2189 3988 animo

661 4005 922 4076 menteque
949 4005 1128 4074 purus,
1149 4005 1556 4076 caelesterCltristi
1589 4005 1931 4076 Evangelium
1980 4021 2189 4076 annun-

665 4073 1162 4144 tiasti'fangelisque
1193 4077 1246 4128 in
1271 4075 1414 4129 aetiis
1429 4073 1811 4137 contubernalis
1854 4075 2038 4143 factus,
2078 4075 2190 4126 cla-

665 4163 774 4198 mas
817 4161 968 4208 nunc,
999 4143 1320 4214 Benedicite;
1373 4158 1680 4214 quanquam
1725 4143 1793 4197 de
1843 4144 1954 4214 sola
1999 4145 2191 4196 animae

663 4214 865 4282 angelis
908 4213 1064 4267 socia
1130 4214 1185 4267 in
1263 4213 1449 4283 coeiis‘
1506 4215 1634 4277 vita,
1719 4213 1912 4283 exponi
1945 4282 1950 4283 γ
1987 4219 2187 4283 potest,

671 4281 896 4340 Exstant
919 4296 1048 4334 vero
1093 4284 1290 4351 passim
1318 4285 1373 4337 in
1403 4281 1618 4337 Menaeis
1651 4281 1866 4350 antiqua
1908 4282 2022 4351 ejus
2071 4281 2192 4334 ﬁdei

645 4351 866 4406 'indicia
888 4351 1086 4417 (quoad
1117 4360 1421 4404 sanctorum
1444 4353 1650 4405 animas
1666 4351 1774 4420 jam
1799 4353 1907 4404 Deo
1926 4351 2190 4420 fruentes,

665 4430 719 4474 et
753 4434 871 4473 eum
901 4420 1010 4488 Deo
1036 4420 1088 4472 in
1117 4420 1269 4474 coalis
1293 4421 1589 4476 versantes)
1624 4419 1782 4488 aqua
1807 4419 1916 4473 fere
1945 4419 2190 4476 moderni

666 4488 836 4542 Grzeei
869 4487 1194 4550 abhorrent;
1220 4488 1320 4542 etsi
1350 4504 1521 4550 nuper
1550 4489 1604 4541 in
1626 4487 1854 4542 concilio
1881 4488 2192 4541 Florentino

667 4557 809 4627 inter
843 4556 1111 4627 dogmata,
1142 4547 1195 4610 id
1230 4557 1335 4611 illis
1363 4547 1602 4627 oblatum
1634 4567 1733 4627 est.
1760 4557 1972 4627 Sanctae
2021 4558 2194 4611 Mariae

666 4624 975 4695 laudatores
1010 4627 1234 4695 ejusque
1263 4624 1623 4686 dormitionis,
1660 4625 1897 4695 Andreas
1923 4625 2195 4679 Cretensis

670 4705 724 4748 et
743 4694 854 4758 alii,
883 4694 1071 4749 eodem
1094 4694 1253 4748 modo
1277 4695 1571 4762 loquuntur
1595 4695 1662 4747 de
1691 4694 1832 4747 illius
1852 4696 2192 4762 corpusculo,

671 4765 751 4817 sic
786 4773 921 4830 post,
947 4763 1096 4818 brevi
1147 4763 1300 4832 quasi
1347 4777 1552 4825 somno,
1585 4763 1917 4831 degustatam
1948 4773 2192 4828 mortem,

675 4833 1023 4885 translatione
1042 4832 1393 4896 honoratum;
1422 4845 1735 4900 quanquam
1763 4832 2002 4885 Andreas
2025 4832 2196 4885 incer-

673 4909 761 4954 tus
781 4912 882 4962 est,
902 4900 1031 4969 quid
1055 4901 1252 4954 factum
1275 4902 1345 4954 sit
1374 4901 1714 4954 sanctissimo
1743 4901 1832 4952 illo
1855 4901 2192 4969 corpusculo,

673 4979 728 5022 et
748 4984 814 5023 an
842 4985 968 5023 vere
990 4970 1182 5022 animae
1209 4971 1439 5035 unitum,
1466 4971 1683 5038 vitaque
1714 4969 1979 5032 dotatam,
2024 4971 2197 5036 qualis

673 5039 851 5091 futura
910 5046 1252 5106 exspectatur
1283 5047 1402 5106 post
1448 5049 1748 5092 extremum
1777 5038 2065 5106 judicium,
2113 5041 2195 5093 vel

679 5107 831 5158 aliter
853 5107 1104 5160 humanis
1129 5107 1298 5159 oculis
1339 5108 1764 5170 subtractum,et
1782 5108 1834 5160 in
1861 5107 2056 5162 divinis
2079 5109 2195 5162 the-

679 5175 872 5245 sauris,
899 5191 1008 5243 prq
1020 5190 1085 5229 eo
1109 5191 1170 5228 ac
1188 5176 1277 5245 Dei
1296 5177 1573 5230 Parentem
1593 5177 1839 5238 decebat,
1869 5179 2193 5245 repositum:

679 5243 985 5320 potiorique
1027 5245 1231 5297 ratione
1266 5243 1316 5297 id
1344 5246 1410 5299 de
1454 5247 1661 5320 Joanne
1689 5243 2016 5320 dicendum,
2050 5248 2198 5320 cujus

682 5326 789 5364 non
815 5315 1086 5381 inventum
1121 5328 1329 5381 corpus,
1356 5323 1414 5368 ut
1447 5332 1545 5368 nec
1574 5315 1731 5368 Mosis
1764 5331 1776 5367 :
1810 5317 2199 5381 unumquehoc

684 5395 748 5451 ex
774 5379 996 5451 historia
1024 5381 1087 5432 de.
1117 5379 1392 5451 illo'nobis
1446 5394 1812 5450 compertum;
1844 5379 2064 5451 reliqua,
2103 5385 2200 5450 pina

686 5448 740 5520 in
765 5449 1021 5520 Joannem
1042 5450 1416 5520 meditationis
1446 5448 1743 5505 commenta
1777 5463 1923 5507 sunt.
1964 5448 2198 5520 'Apoery-

687 5516 792 5585 pha
845 5518 897 5570 in
930 5517 1100 5573 Maria:
1141 5518 1522 5573 domuitionem
1582 5522 1734 5588 plura
1780 5534 1923 5584 sunt,
1978 5516 2198 5575 Joannis

1796 168 2082 229 NICET/E
2121 166 2637 228 PAPHLAGONIS

697 280 834 348 Quia
863 280 1028 350 igitur
1059 281 1540 338 consummationis
1565 275 1682 339 dies
1725 285 1928 350 aderat,
1966 300 2169 339 assum-
2195 285 2240 344 A

2198 1605 2242 1665 Β

2200 2937 2245 2999 C

2349 283 2564 353 Ἐπειδὴ
2622 279 2714 334 οὖν
2757 280 3024 351 ή’ἡμέρα
3077 279 3173 349 τῆς
3227 277 3552 339 τελειώσεως
3595 280 3822 348 παρῆν,

2267 373 2674 445 παραλαμῦἀνει
2704 372 2798 441 μὲν
2819 373 2846 424 ὁ
2867 371 3123 441 μακάριος
3155 371 3276 430 τοὺς
3300 368 3646 430 πιστοτάτους
3695 368 3829 420 τῶν

2271 461 2558 534 μαθητῶν,
2615 452 2804 531 μικρὸν
2869 460 2924 520 δὲ
2944 459 3040 528 τῆς
3099 457 3315 526 Ἑφέσου
3357 455 3649 527 προελθὼν,
3713 458 3828 508 καὶ

2267 554 2519 624 γεωλόφῳ
2550 553 2653 604 τινὶ
2683 551 2944 622 προσϐὰς,
2983 552 3149 618 τάφον
3200 547 3409 619 ὀρύξειν
3460 547 3778 599 ἐνετείλατο
3808 562 3820 573 ·

2266 646 2368 699 ὁδὲ
2388 645 2447 697 τὸ
2491 643 2643 714 ὄμμα
2672 643 2803 714 πρὸς
2827 642 3025 711 Κύριον
3053 643 3145 694 καὶ
3199 639 3296 702 τὰς
3351 641 3536 710 χεῖρας
3587 640 3666 700 εἰς
3714 638 3826 689 τὸν

2267 735 2487 806 οὐρανὸν
2511 733 2868 800 ἀνατετακὼς,
2899 720 3052 802 δῆλος
3102 726 3171 803 ἦν
3225 729 3608 802 ὲκδεδημηκὼς
3663 731 3826 790 ῶος,

2270 829 2362 882 καὶ
2405 829 2526 889 ταῖς
2551 829 2873 898 προσευχαῖς
2909 823 3205 895 ἐξεστηκὼς
3249 823 3326 892 τῷ
3371 823 3506 893 Θεῷ.
3551 823 3706 874 Ἐπεὶ
3767 823 3829 872 δὲ

2267 921 2625 985 κατέπαυσεν,
2673 919 3045 990 ἐπιστραφεὶς,
3087 903 3180 970 καὶ
3228 916 3385 970 θείων
3429 914 3833 984 ὲκφαντορίαις

2272 1011 2597 1083 μυστηρίων,
2630 1011 2722 1065 καὶ
2751 1010 3099 1082 παραινέσεσι
3136 1009 3442 1070 καλλίσταις
3483 1006 3577 1059 καὶ
3624 1004 3828 1058 νουθε-

2269 1108 2409 1169 σίαις
2455 1103 2720 1174 ὲναρέτοις
2763 1103 2903 1164 ¹τοὺς
2959 1105 3226 1171 παρόντας
3276 1096 3422 1168 αύτῷ
3475 1097 3832 1167 καταρτισά-

2270 1214 2442 1268 μενος,
2473 1197 2691 1251 εἴσεισιν
2738 1193 2881 1246 ἔνδον
2901 1192 2993 1246 τοῦ
3017 1191 3320 1261 ὀρύγματος
3362 1189 3544 1253 εὐθὺς,
3591 1187 3832 1244 ἀνακλί-

2267 1287 2488 1342 νεταιδὲ
2521 1303 2536 1318 ⁸
2567 1287 2616 1339 oi
2647 1285 2705 1340 δὲ
2729 1284 3055 1339 καλύπτουσι
3114 1284 3209 1351 μὲν
3260 1283 3349 1335 τὸν
3401 1281 3568 1351 τάφον
3626 1280 3830 1344 πλαξὶ,

2265 1380 2330 1447 τῇ
2358 1376 2485 1444 ἑξῆς
2520 1376 2575 1429 δὲ
2625 1376 2762 1428 κατὰ
2817 1375 2915 1445 τὴν
2964 1374 3180 1442 ἐντολὴν
3236 1372 3691 1442 παραγενόμενοι,
3725 1371 3830 1422 καὶ

2266 1467 2364 1530 τὰς
2380 1466 2590 1528 πλάκας
2610 1465 2929 1536 ἀφελόμενοι
2976 1463 3041 1532 (ὣ
3086 1463 3193 1516 τῶν
3243 1461 3610 1532 θαυμασίωνῖ)
3651 1461 3831 1514 αὐτὸν

2270 1557 2368 1626 μὲν
2434 1556 2766 1629 εὑρίσκουσιν
2827 1555 3072 1625 οὐδαμῶς
3103 1595 3116 1620 ,
3179 1553 3362 1623 σαφῶς
3420 1550 3829 1621 ὲνδεδημηκότα

2273 1647 2407 1715 πρὸς
2432 1647 2521 1698 τὸν
2542 1645 2690 1698 Θεόν.
2715 1644 3026 1716 Μαρτύριον
3052 1642 3106 1694 δὲ
3133 1641 3232 1710 τῆς
3265 1639 3661 1709 μεταστάσεως,
3720 1639 3827 1690 εῖτ·
3866 1679 3868 1684 .

2270 1733 2361 1791 οὖν
2390 1737 2727 1798 ἀναστάσεως
2760 1734 2943 1793 αὐτοῦ.
2969 1733 3034 1785 τὰ
3065 1734 3250 1801 ἱμάτια
3276 1731 3651 1800 κατείληπται.

2340 1825 2473 1880 Οῠτε
2498 1821 2587 1878 οὖν
2605 1826 2662 1877 ὲν
2684 1821 2857 1893 θνητῷ
2889 1821 3098 1891 σώματι
3136 1822 3233 1890 ζῇν
3264 1819 3422 1879 αὐτὸν
3448 1819 3526 1870 ἔτι
3561 1816 3828 1883 καθάπερ

2281 1917 2467 1972 Ἠλίαν
2521 1915 2791 1985 προσῆκεν
2847 1913 3110 1968 ὑπονοεῖν.
3159 1914 3240 1964 Οὐ
3276 1911 3384 1979 γὰρ
3421 1905 3588 1963 εἶπεν
3631 1906 3825 1970 αὐτῷ,

2273 2007 2456 2078 φησὶν,
2486 2009 2518 2060 ὁ
2546 2005 2800 2072 Ἰησοῦς,
2825 2004 2915 2057 ὅτι
2940 2005 3049 2058 οὐκ
3076 2001 3442 2068 ἀποθνήσκει
3468 1997 3628 2052 ’ὀῦτε
3691 1998 3824 2050 καθ’

2271 2097 2561 2168 ὁμοιότητα
2590 2097 2696 2148 τῶν
2726 2095 2898 2150 ἄλλων
2920 2092 3121 2154 θανεῖν,
3170 2093 3264 2158 τὴν
3315 2091 3545 2160 ἐσχάτην
3603 2088 3828 2156 ἡμέραν

2273 2189 2605 2259 ὑπομένοντα
2628 2204 2641 2218 ·
2668 2187 2801 2241 ἀλλὰ
2825 2185 2882 2238 τὸ
2907 2184 3229 2255 παρθενικδν
3257 2184 3430 2234 ἐκεῖνο
3479 2183 3672 2246 σκῆνος
3727 2181 3826 2231 καὶ

2273 2279 2444 2345 ἅγιον,
2475 2280 2536 2347 τῇ
2578 2277 2712 2345 πρὸς
2746 2275 2834 2327 τὸν
2873 2273 3256 2342 ὑπερουράνιον
3320 2270 3507 2338 εἰσόδῳ
3562 2267 3826 2320 τοσοῦτον

2272 2368 2462 2432 λιπὼν,
2483 2371 2603 2423 ὅσον
2639 2367 2863 2420 θανάτου
2907 2368 3101 2436 πεῖραν
3133 2366 3316 2418 λαὸεἴν
3349 2381 3364 2396 ο
3411 2362 3570 2424 εὐθὺς
3617 2362 3673 2414 δὲ
3719 2362 3825 2429 τῆς

2273 2459 2530 2528 ἀληθινῆς
2583 2459 2638 2508 ὲν
2684 2455 2900 2526 Χριστῷ
2943 2454 3084 2522 ζωῆς
3143 2452 3632 2522 καταδραξάμενος,
3660 2451 3826 2503 τοῦτο

2271 2549 2439 2617 δῶρον
2461 2546 2552 2601 καὶ
2580 2542 2690 2599 οἷόν
2719 2563 2772 2598 τι
2798 2547 2960 2615 γέρας
2992 2544 3264 2613 ἐξαίρετον
3317 2545 3414 2612 τῆς
3466 2542 3587 2594 καθ’
3644 2542 3822 2609 ὑπερ-

2275 2640 2430 2708 ϐολὴν
2457 2639 2677 2708 εἴληφεν
2707 2637 2945 2706 ἀγάπης,
2977 2637 3035 2688 τὸ
3060 2636 3151 2689 καὶ
3184 2635 3261 2706 τῷ
3301 2636 3506 2704 σώματι
3535 2633 3697 2700 ζῆσαι
3721 2635 3827 2701 τὴν

2275 2729 2542 2797 ἄφθαρτον
2569 2729 2708 2795 ζωήν
2741 2743 2754 2758 ο
2781 2728 2875 2780 καὶ
2913 2729 2976 2796 τῇ
3031 2727 3292 2794 Θεοτόκῳ,
3333 2719 3416 2778 οἷα
3458 2724 3625 2794 μητρὶ
3657 2725 3825 2776 ,κατὰ

2274 2822 2364 2874 τὸν
2395 2820 2506 2873 ἄνω
2530 2818 2846 2888 παράδεισον
2873 2816 2981 2888 (i9)
3036 2819 3092 2871 ὲν
3142 2817 3452 2885 ἀγαλλιάσει
3496 2819 3770 2869 συνοικεῖν
3805 2832 3818 2846 ·

2275 2974 2569 3045 Theologi,
2617 2974 2837 3045 Joannis
2895 2972 3165 3045 Thessal.,_
3202 2973 3317 3041 ipsa
3370 2970 3658 3045 Melitonis,
3697 2986 3825 3045 qum

2278 3063 2384 3102 una
2426 3039 2679 3116 produxi,
2715 3044 2816 3098 etsi
2848 3057 2949 3116 n__e_c
2981 3041 3082 3095 alia
3129 3039 3383 3116 deerant,
3441 3039 3695 3116 quod_in_
3737 3041 3825 3093 his

2277 3117 2364 3170 alii
2397 3107 2754 3183 praeivissent,
2795 3112 3099 3180 nulliusque
3125 3110 3292 3181 frugis
3316 3109 3496 3164 omnia
3531 3107 3828 3164 existima-

2279 3201 2416 3240 rem.

2353 3253 2528 3308 Unum
2542 3249 2743 3305 Niceta:
2761 3249 3044 3308 omissum,
3066 3247 3131 3300 de
3146 3245 3366 3302 Joannis
3386 3261 3600 3311 manna,
3639 3255 3698 3299 ut
3723 3263 3823 3299 vo-

2278 3331 2422 3378 cant.
2449 3337 2543 3374 seu
2583 3319 2648 3373 de
2674 3321 2894 3388 pulvere
2923 3334 2987 3371 ex
3007 3325 3194 3388 sancto
3230 3315 3323 3369 illo
3378 3315 3820 3388 ejusdepositio-

2279 3393 2365 3443 nis
2385 3389 2634 3456 sepulcro
2654 3384 3012 3456 scaturiente;
3032 3384 3188 3456 cujus
3216 3400 3455 3456 annuum
3488 3385 3679 3456 festum
3723 3400 3819 3437 co-

2280 3451 2588 3512 ltintGrmci
2619 3458 2704 3511 die
2756 3465 2940 3510 octava
2999 3454 3142 3514 Maii.
3167 3453 3307 3522 quod
3342 3451 3820 3522 illoipotissimum

2284 3528 2370 3581 die
2425 3527 2528 3579 hoc
2578 3526 2894 3579 miraculum
2949 3520 3322 3591 contingeret;
3379 3521 3528 3574 velut
3587 3520 3718 3591 fere,
3768 3523 3818 3573 in

2287 3604 2474 3673 sancto
2505 3593 2803 3673 iivacintho
2818 3590 3152 3673 Amastrensi
3176 3607 3360 3673 quem.
3391 3606 3573 3673 nuper
3591 3590 3820 3673 produxi

2285 3664 2475 3718 eodem
2513 3659 2697 3716 Nieeta
2725 3663 3001 3715 laudatore
3025 3679 3039 3722 ς
3065 3677 3171 3713 non
3193 3659 3332 3715 Sicut
3349 3659 3404 3713 in
3431 3668 3614 3713 sancto
3634 3671 3823 3714 nostro

2286 3732 2620 3810 Raymundo,
2655 3731 2732 3810 in.
2760 3725 3222 3810 qqu‘niraeulum
3281 3729 3404 3810 juge
3434 3738 3546 3808 est}
3609 3744 3689 3791 ac,
3740 3731 3821 3782 sin

2287 3798 2504 3870 eruptio
2529 3800 2784 3870 pulveris,
2819 3799 2935 3868 ejus
2969 3808 3144 3870 tamen
3180 3798 3362 3868 copia,
3382 3798 3822 3870 quotiescunque

2289 3873 2357 3926 iis
2383 3866 2611 3939 quorum
2649 3869 2700 3922 id
2733 3866 2874 3922 cura:
2893 3878 2976 3922 est
2993 3867 3202 3939 (fratres
3225 3866 3395 3939 nostri
3419 3866 3822 3939 Barcinoue)_ex

2290 3936 2442 3995 sacro
2467 3941 2671 3992 tumulo
2699 3939 2980 3993 extrahere
3013 3937 3200 3999 velint,
3232 3945 3289 3990 ut
3313 3938 3411 4005 piae
3451 3936 3688 3989 fidelium
3728 3937 3821 3989 de—

2289 4010 2491 4063 votioni
2519 4008 2608 4061 ﬁat
2630 4008 2776 4070 satis,
2807 4016 2861 4060 et
2895 4006 2962 4060 ad
2997 4005 3145 4059 illum
3175 4006 3487 4075 rogantibus
3527 4006 3589 4075 in
3637 4020 3822 4075 omnes

2291 4079 2437 4134 orbis
2463 4077 2753 4131 Christiani
2795 4092 2940 4138 oras,
2972 4076 3175 4142 aliquot
3228 4072 3336 4140 jam
3383 4072 3591 4126 sarculis
3621 4073 3819 4142 affatim

2292 4146 2800 4210 transmittendum;
2841 4161 2952 4213 quo
2994 4141 3332 4213 sane,rvelut
3370 4152 3424 4196 et
3467 4143 3557 4195 illo
3602 4141 3821 4213 Joannis

2294 4217 2570 4284 Theologi,
2606 4214 2779 4284 morbi
2813 4212 3231 4284 innumerabiles
3269 4212 3821 4284 cuArantur._Synaxa-

2224 4268 2267 4323 Ῑ)
2457 4268 2528 4337 ita
2560 4268 2829 4351 exprimit.
2875 4282 2930 4334 '0
2963 4281 3268 4346 πανάγαθος
3317 4281 3445 4342 Θεὸς
3480 4281 3588 4351 ,καὶ
3633 4272 3821 4348 φιλάν-

2292 4356 2505 4424 Θρωπος
2535 4349 2731 4419 Κύριος
2760 4351 2936 4424 ἡμῶν,
2974 4351 3032 4402 ού
3079 4352 3233 4424 μόνον
3285 4352 3432 4424 τοὺς-
3465 4349 3602 4424 ὑπερ
3652 4351 3817 4424 ,αὐτού

2291 4418 2580 4491 προθύμως
2609 4418 3040 4488 ἀγωνισαμένους
3063 4420 3244 4491 ἁγίους
3274 4419 3434 4472 αὑτοῦ
3464 4418 3702 4491 μαθητὰς
3734 4420 3820 4470 καὶ

2290 4487 2956 4560 ἀποστόλους,⁷προφήίτας
2989 4490 3104 4560 καὶ
3149 4490 3447 4560 μάρτυρας,
3479 4487 3573 4560 καὶ
3617 4488 3819 4560 πάντας

2291 4564 2414 4622 τοὺς
2444 4557 2906 4628 εὐαρεστήσειντας
2941 4559 3105 4624 αὐτῷ,
3144 4557 3410 4628 βασιλείας
3441 4557 3684 4628 οὐρανῶν.
3730 4559 3819 4606 καὶ

2292 4633 2400 4682 τῶν
2432 4625 2660 4681 αἰωνίων
2689 4625 2914 4693 ἠξίωσεν
2938 4625 3171 4692 ἀγαθῶν,
3196 4626 3328 4678 ἀλλὰ
3357 4628 3449 4676 καὶ
3477 4627 3598 4684 τοὺς
3631 4625 3820 4682 τόπους

2293 4701 2350 4750 ὲν
2376 4694 2453 4758 οἷς
2494 4697 2786 4766 διέπρεψαν
2839 4697 2932 4748 καὶ
2988 4697 3278 4766 ἐτάφησαν,
3310 4695 3534 4766 πλήρεις
3570 4694 3818 4766 *χαρίτων

2293 4765 2593 4829 ὑποδείξας,
2624 4763 2862 4831 ’πολλοῖς
2911 4766 3217 4831 ὲλάμπρυνε
3249 4765 3506 4830 θαύμασι.
3569 4763 3669 4812 Καὶ
3717 4764 3817 4830 γὰρ

2293 4840 2322 4891 ὀ
2348 4838 2534 4904 τάφος,
2557 4828 2613 4886 ἐν
2639 4828 2681 4901 ᾧ
2705 4839 2732 4887 ὁ
2765 4837 2932 4904 μέγας
2971 4828 3261 4904 ἀποστολος
3315 4828 3406 4885 καὶ
3444 4828 3817 4904 εύαγγελιστὴς

2308 4901 2561 4986 Ἰωάννης
2607 4907 2632 4956 ὁ
2661 4901 2914 4986 θεολογος
2975 4903 3205 4986 μέλλων,
3243 4901 3813 4986 μετατεθῆναιξτάφη,

2296 4976 2441 5027 κόνιν
2474 4967 2652 5039 ἁγίαν,
2689 4976 2751 5041 ἣν
2777 4967 3107 5040 οίνὲγχὼριοι
3142 4967 3312 5041 μάννα
3359 4967 3840 5041 μετονομάζουσινμ

2299 5037 2569 5096 ἐπινεύσει
2618 5037 3110 5110 Πνεύματοςὰγίου
3145 5037 3304 5090 κατὰ
3356 5037 3454 5158 τὶὲν
3500 5037 3687 5105 ’ὀγδόην
3731 5039 3814 5091 τοῦ

2299 5115 2473 5158 Μαῖηυ
2530 5111 2689 5158 μηνὸς
2729 5112 2958 5158 ὲτησίως
2991 5111 3241 5158 ἐξαίφνης
3295 5109 3394 5158 ἀνα
3440 5108 3548 5158 ούει
3589 5107 3679 5158 καὶ
3705 5110 3814 5158 ἀνα-

2296 5115 2473 5166 Μαῖου
2530 5111 2689 5175 μηνὸς
2729 5107 2958 5178 ἐτησίως
2991 5111 3241 5177 ἐξαίφνης
3295 5107 3548 5178 ἀναόρύει
3589 5107 3679 5158 καὶ
3705 5110 3815 5160 ἀνα-

2297 5182 2533 5232 δίδωσιν·
2564 5180 2627 5245 ἢν
2670 5180 2716 5228 oi
2752 5181 3182 5249 ﬂpocspxépqut
3214 5178 3596 5249 λαμϐάνοντες,
3650 5178 3808 5249 χρῶν·

2296 5266 2386 5298 ται
2432 5250 2509 5316 εἰς
2533 5247 3000 5298 παντοίων-παθῶν
3024 5247 3413 5316 ἀπολύτρωσιν,
3447 5249 3522 5307 εἰς
3541 5247 3814 5316 θεραπείαν

2298 5315 2501 5382 ψυχῶν,
2532 5317 2609 5376 εἰς
2644 5316 2803 5382 ρὦιν
2835 5316 3097 5380 σώματος,
3126 5315 3253 5367 Θεὸν
3289 5316 3702 5382 δοξολογοῦντες,
3731 5315 3812 5364 καὶ

2297 5386 2386 5434 τὸν
2439 5383 2597 5433 αὑτοῦ
2634 5383 2928 5450 Οεράποντα
2971 5384 3216 5450 Ἰωάννην
3255 5387 3616 5454 γεραίροντες.
3673 5383 3812 5434 Βιεηί-

2299 5453 2574 5520 gnissintus
2609 5452 2743 5504 Deus
2777 5470 2833 5503 uc
2873 5454 3294 5506 rlemenlissinms
3325 5452 3593 5504 Dominus
3637 5462 3808 5512 noster,

2302 5519 2401 5572 non
2430 5519 2594 5573 solum
2621 5525 2706 5590 qui
2741 5537 2831 5591 pro
2860 5522 2949 5571 illo
2981 5522 3175 5575 "ortiter
3201 5525 3593 5580 dimicaverunt,
3620 5532 3806 5574 sanctos
