3950 6320
767 267 866 332 121

1938 269 2226 331 ΝΙΟΕΤἎΕ
2264 271 2782 335 ΡᾹΡΗΙιΑϐΟΝΙΞ
3846 274 3918 338 ῙΞΞ

829 385 985 442 Salve
1020 385 1120 444 sis.
1151 402 1279 443 vere
1313 402 1376 442 ac
1412 385 1584 442 ﬁdelis
1621 386 1715 443 Dei
1747 386 1906 442 Verbi
1929 387 2218 456 discipule,
2255 393 2311 440 et

2478 393 2668 463 Χαῖρε,
2698 391 2889 462 γνήσιε
2937 391 3031 445 καὶ
3069 391 3223 445 πιστὲ
3260 380 3355 446 τοῦ
3381 391 3517 447 Θεοῦ
3542 394 3716 462 Λόγου
3746 394 3919 464 pem,

694 496 695 499 ‘
761 488 988 544 amator,
1007 480 1330 551 cultordue;
1372 494 1434 535 ac
1461 480 1656 551 gaude,
1680 480 1824 551 quod
1861 481 1952 536 ille
1988 497 2111 553 eum
2145 482 2306 536 Patre

763 569 1008 636 veniens,
1037 585 1168 626 vere
1194 571 1334 641 apud
1373 582 1424 627 te
1461 573 1792 628 mansionem
1837 573 2029 627 fecerit
2049 573 2093 604 ⁸⁸
2125 569 2309 642 :quod

761 659 878 730 ejus
907 676 1132 716 servans
1177 661 1448 728 mandata,
1491 647 1549 738 in
1575 664 1667 719 illo
1705 664 1991 727 manseris,
2026 663 2310 733 ipsumque

766 752 819 806 in
863 760 916 805 te
961 752 1016 805 in
1059 763 1382 823 perpetuum
1435 765 1740 811 manentem
1787 755 2310 833 habeasgdivinam

763 849 947 908 aperte
981 841 1078 896 tibi
1113 835 1338 912 gloriam
1372 843 1828 898 manifestantem.

834 926 994 982 Salve
1029 928 1123 992 sis,
1173 929 1267 984 Dei
1308 930 1474 985 frater
1515 940 1570 985 et
1618 931 1832 1000 haeres;
1885 933 2054 990 frater
2093 949 2222 990 vero
2255 941 2312 990 et

763 1018 1006 1082 eohasres
1027 1020 1122 1074 Dei
1150 1022 1245 1090 qui
1281 1030 1473 1077 cuneta
1508 1023 1660 1092 regni
1705 1025 1801 1080 Dei
1834 1027 2089 1098 mysteria
2119 1027 2312 1084 doetus

763 1127 842 1174 es,
872 1112 1075 1182 quique
1122 1112 1303 1168 divina
1349 1114 1676 1172 revelatione
1725 1135 1843 1189 quae
1870 1127 2130 1175 eventura
2177 1131 2306 1176 sunt

763 1200 909 1254 clare
956 1201 1154 1255 videris
1187 1202 1404 1268 omnia;
1452 1212 1617 1273 atque
1659 1221 1743 1271 ea,
1776 1207 1952 1275 quoad
1995 1222 2311 1264 concessum

762 1298 864 1354 est,
919 1294 1225 1366 conscripta
1264 1311 1328 1352 ac
1385 1299 1701 1370 consignata
1757 1300 2014 1356 Eeclesiis
2071 1302 2311 1358 tradide-

765 1381 838 1436 ris
857 1381 922 1436 ³⁹.

830 1472 988 1528 Salve
1015 1471 1109 1540 sis,
1151 1476 1298 1532 solus
1333 1493 1480 1534 nunc
1516 1494 1745 1551 corpore
1789 1483 1895 1548 una
1927 1500 2048 1540 cum
2085 1486 2312 1556 Deipara

761 1573 932 1619 matre
973 1566 1147 1622 incola
1195 1569 1457 1638 paradisi,
1490 1588 1553 1627 ac
1603 1574 1697 1642 qui
1742 1575 1867 1630 inde
1909 1577 2100 1648 spiritu
2144 1561 2314 1633 totam

760 1655 957 1712 lustres
979 1665 1178 1712 terram
1201 1675 1264 1715 ac
1288 1664 1606 1733 perspicias.
1633 1665 1742 1721 Nos
1775 1668 2041 1738 propitius
2074 1670 2308 1737 intuere,

762 1746 1074 1806 beatissime
1100 1750 1370 1823 Theologe
1409 1765 1464 1809 et
1507 1759 1834 1827 evangelista
1858 1761 1869 1813 i
1895 1760 2158 1830 crudique
2190 1763 2311 1832 epi-

761 1839 914 1894 stolis
939 1841 1065 1903 tuis,
1104 1857 1166 1897 ac
1192 1843 1392 1898 divinis
1428 1847 1903 1915 praedicationibus
1949 1843 2206 1908 confirma
2228 1863 2312 1908 at-

759 1944 868 1996 que
911 1933 1195 2001 praeceptis
1240 1928 1546 2004 compone:
1576 1954 1783 2009 nosque
1835 1957 1959 2012 rege
1996 1950 2050 1997 et
2090 1945 2310 2010 extollo,

759 2015 978 2089 Dchue
999 2021 1056 2076 in
1097 2030 1360 2079 aiternum
1393 2027 1546 2094 siste,
1574 2029 1629 2083 in
1664 2030 1888 2100 gloriam
1917 2033 2090 2090 Patris
2113 2042 2168 2090 et
2193 2034 2313 2092 Filii

756 2124 812 2168 et
843 2113 1080 2184 Spiritus
1108 2117 1301 2182 sancti,
1336 2118 1392 2172 in
1425 2121 1644 2178 saecula.
1664 2121 1858 2179 Amen.

1333 2399 1589 2457 ORATIO
1621 2401 1731 2458 VII.

757 2484 1014 2541 Laudatio
1049 2491 1219 2543 sancti
1260 2490 1514 2561 lauder/ue
1537 2493 1813 2550 clarissimi
1836 2501 2056 2569 apostoli
2087 2502 2310 2560 Thamar.

831 2575 1144 2634 Laudabilis
1169 2593 1268 2654 pro
1314 2581 1513 2636 sanctis
1543 2593 1852 2654 assumptus
1895 2602 2083 2656 amor;
2121 2591 2315 2647 merito

793 2696 875 2776 se
927 2739 1082 2797 Joan.
1140 2758 1255 2810 xw,
1309 2741 1400 2796 '25.
1498 2745 1542 2776 "
1573 2746 1730 2799 Rom.
1769 2762 1895 2813 vui,
1956 2749 2041 2803 i7.

833 2880 948 2949 1'20)
976 2881 1107 2946 Ταῖς
1124 2882 1471 2948 ἐπιστολαῖς
1485 2898 1600 2939 σου
1620 2862 1962 2941 σὺνέτισον.
1987 2887 2209 2944 Joannis
2226 2890 2305 2944 al-

765 2961 943 3023 teram
963 2959 1019 3023 et
1052 2952 1265 3023 tertiam
1295 2953 1554 3023 epistolas
1581 2965 1827 3010 recenset
1860 2957 2061 3011 Euseb.
2093 2959 2188 3012 lib.
2218 2975 2302 3023 ιιι,

765 3037 883 3090 cap.
920 3021 1008 3084 25,
1037 3037 1156 3089 quas
1186 3022 1240 3075 in
1273 3022 1503 3076 dubium
1533 3034 1880 3087 vocarentur,
1908 3028 2009 3080 etsi
2047 3042 2076 3081 a
2121 3021 2306 3084 multis

763 3078 1220 3166 agnoscerentur:
1251 3093 1374 3166 Εἴτε
1392 3093 1483 3166 τοῦ
1513 3078 1891 3166 εθαγγεήλιστοῧ
1916 3078 2304 3166 ὲῦἧχὲινὸὸῖτᾶὶζ
2332 3078 2378 3141 c

765 3162 877 3215 εἴτε
903 3160 999 3234 καὶ
1030 3161 1219 3234 ἑτέρον
1240 3163 1528 3234 ὁμωνύμου
1562 3164 1775 3234 ἐκείνῳ.
1812 3164 1929 3220 Sive
1953 3160 2061 3234 sint
2085 3160 2311 3222 Joannis

765 3229 1115 3303 evangelista,
1166 3229 1285 3286 sive
1301 3229 1532 3303 alterius
1559 3229 1789 3303 ejusdem
1838 3252 1900 3288 ac
1918 3233 2007 3288 ille
2034 3238 2259 3290 nominis
2291 3253 2309 3291 :

765 3300 1092 3374 quaialtera
1125 3302 1509 3374 qtiaistioﬂest,
1545 3300 1600 3364 in
1654 3320 1761 3374 qua
1811 3313 2041 3374 utraque
2085 3305 2310 3374 perinde

767 3371 1128 3439 Hieronymus
1149 3370 1340 3426 haesit.
1367 3373 1532 3428 Nobis
1553 3370 1820 3429 non'licet
1862 3375 1915 3428 in
1942 3370 2166 3430 dubium
2217 3392 2310 3430 vo-

769 3455 917 3509 care,-
968 3455 1105 3508 quas
1152 3441 1362 3509 pridem
1414 3441 1678 3505 Ecclesia,
1728 3444 1912 3498 divino
1959 3445 2218 3499 instinctu
2254 3446 2309 3501 in

765 3506 1040 3582 Canonein
1059 3506 1345 3582 receperit,
1370 3526 1434 3566 ae
1459 3528 1632 3582 nuper
1653 3514 1707 3568 in
1723 3514 1953 3568 concilio
1979 3514 2309 3578 ,Tridentino

766 3579 1163 3652 comprobavit.
1185 3580 1334 3636 Fecit
1356 3579 1611 3636 Ecclesia:
1629 3583 1917 3652 judicium.
1963 3599 2072 3638 non
2098 3593 2159 3638 ut
2188 3585 2312 3640 libri

767 3650 862 3719 qui
894 3650 1138 3722 canonici
1170 3666 1275 3704 non
1306 3663 1462 3707 erant
1487 3667 1550 3706 ac
1582 3650 1943 3722 Oéénveuorm,
1971 3654 2311 3722 postmodum

769 3717 1094 3789 essent,.sed
1122 3729 1182 3774 ut
1203 3731 1647 3789 agnoscerentur.
1665 3721 1817 3788 Quod
1841 3717 2002 3776 etiam
2027 3723 2092 3778 de
2113 3725 2313 3780 veteris

768 3788 1115 3861 instrumenti
1146 3788 1302 3861 libris
1328 3790 1537 3861 aliquot
1573 3790 1771 3846 factum
1801 3802 1904 3857 est,
1952 3807 2089 3861 quos
2139 3793 2310 3849 Judtei

768 3867 826 3914 et
855 3859 1129 3935 Syn‘agoga
1160 3859 1255 3935 _ad_
1285 3859 1695 3935 aedificationem
1747 3859 2007 3935 duntaxat
2052 3862 2310 3935 legendos

771 3928 1292 4000 re_tinuit,_Ecclesia
1321 3928 1707 3999 (apostolorum
1746 3933 2044 4000 praesertim
2072 3928 2308 3999 judicio)

770 3997 935 4054 etiam
984 3997 1049 4050 ad
1071 3997 1455 4054 auctoritatem
1477 3997 1766 4056 canonicos
1809 4002 2002 4056 sanxit.
2050 3997 2311 4056 Praeclara

771 4077 939 4139 certe,
966 4065 1252 4139 Augustini
1283 4085 1407 4131 vox,
1440 4070 1559 4124 Non
1610 4071 1943 4126 crediturum
1996 4071 2333 4139 Evangelio,'

772 4138 876 4193 nisi
903 4138 1157 4193 Ecclesiae
1196 4140 1490 4194 auctoritas
1512 4150 1896 4196 commoveret.
1929 4141 1995 4194 Et
2023 4138 2176 4206 vero,
2212 4157 2310 4197 cur

773 4217 1005 4281 quatuor
1035 4208 1341 4281 Evangeliis
1385 4210 1678 4274 credimus,
1720 4225 1828 4263 non
1867 4210 2032 4264 tantis
2060 4210 2166 4264 illis
2191 4227 2312 4281 qua:

776 4276 844 4349 ab
875 4277 1004 4347 ipsis
1057 4276 1249 4349 primis
1280 4281 1618 4349 temporibus
1668 4280 1773 4334 alio
1815 4281 2029 4349 alioque
2089 4276 2310 4336 nomine

776 4347 1171 4421 obrepserunt?
1194 4347 1348 4421 Nulla
1373 4349 1463 4421 vel
1479 4348 1809 4421 Hieronymi,
1833 4350 1915 4404 vel
1934 4347 2309 4421 cujuscunque

2408 483 2501 537 καὶ
2530 483 2752 554 ἐραστὰ,
2795 483 2890 536 καὶ
2919 483 3224 554 θεραπευτά
3247 501 3262 517 ·
3293 485 3374 540 ὅτι
3402 485 3553 556 παρὰ
3587 485 3680 540 τοῦ
3739 486 3920 556 Πατρὶις

2408 575 2676 645 ἐληλυθὼς
2699 576 2918 640 ἐκεῖνος,
2979 576 3147 647 μονὴν
3193 575 3406 648 ἀληθῶς
3451 577 3746 646 πεποίηται
3801 579 3920 647 napi

2408 669 2491 722 σοι
2517 669 2747 730 ’ὄτιτάς
2773 667 2988 730 ἐντολὰς
3036 666 3202 721 αὐτοῦ
3249 668 3580 740 τετηρηκὼς,
3627 669 3844 738 ἔμεινας
3886 672 3920 722 ἐι

2409 759 2575 830 αὐτῷ,
2598 759 2692 812 καὶ
2717 759 2878 818 αὐτὸν
2901 760 3043 830 ἔχεις
3067 759 3303 830 μένοντα,
3317 761 3383 814 δι’
3403 761 3595 823 αἰῶνος
3630 761 3686 813 ὲν
3722 761 3825 822 σοὶ,
3851 764 3919 832 τὴν

2409 853 2698 924 θεαρχικήν
2722 869 2802 906 σοι
2826 851 2979 917 δόξαν
3006 852 3536 924 ἀνακεκαλυμμένως
3565 850 3913 922 ἐμφανίζοντα

2477 947 2667 1016 Χαῖρε,
2706 945 2892 998 τέκνον
2925 944 3060 998 Θεοῦ
3093 942 3188 998 καὶ
3243 943 3543 1015 κληρονόμε
3581 959 3596 975 ⁸
3657 942 3851 1012 ἀδελφὲ
3893 944 3920 996 δέ

2408 1042 2503 1094 καὶ
2536 1037 2938 1109 συγκληρονόμε
2969 1034 3181 1090 Θεοῦοὸ
3210 1037 3386 1090 πάντα
3415 1035 3510 1106 τῆς
3542 1034 3636 1088 τοῦ
3680 1033 3818 1088 Θεοῦ
3860 1035 3920 1103 βα-

2411 1131 2610 1194 σιλείας
2639 1129 2707 1184 τὰ
2737 1130 3004 1201 μυστήρια
3033 1129 3618 1200 μεμυσταγωγημένος.
3648 1127 3744 1180 καὶ
3780 1127 3921 1180 πάντ(

2416 1223 2602 1292 σαφῶς
2625 1221 2691 1276 τὰ
2730 1211 2956 1291 ἐσόμενα
2984 1221 3050 1274 δι’
3081 1219 3465 1289 ἀποκαλύψεως
3483 1218 3829 1288 τεθεαμένος,
3863 1235 3918 1270 κα

2409 1312 2919 1386 κατεσφραγισμένα
2948 1315 3066 1377 ταῖς
3101 1311 3443 1382 Ἐκκλησίαις
3469 1307 3765 1381 παραδούς.

2477 1493 2668 1564 Χαῖρε,
2697 1491 2788 1544 τδν
2834 1489 3150 1560 παράδεισον
3211 1490 3371 1559 μόνος
3415 1487 3508 1542 νῦν
3539 1487 3678 1558 μετὰ
3710 1486 3918 1556 mimico

2408 1585 2526 1655 ἅμα.
2563 1587 2628 1654 τῇ
2689 1581 2853 1654 μητρὶ¹
2897 1581 3185 1652 θεομήτορι
3229 1580 3515 1642 κατοικῶν,
3575 1577 3831 1632 κάκεῖθεν
3877 1577 3923 1645 vi,

2410 1676 2679 1746 πνεύματι
2717 1675 2814 1746 τὴν
2865 1672 2992 1744 ὅλην
3042 1673 3147 1742 γῆν
3196 1670 3573 1742 καταθωρῶν,
3603 1671 3766 1734 ἵλεως
3806 1671 3922 1740 ἡμᾶς

2413 1764 2749 1832 ὲποπτεύοις,
2788 1762 2833 1817 ὣ
2875 1762 3233 1834 τρισμακάριε
3263 1760 3488 1830 Θεολόγε
3537 1762 3632 1815 καὶ
3668 1760 3921 1827 εὐαγγελι-

2417 1861 2547 1915 orci!
2589 1861 2684 1914 καὶ
2714 1862 2833 1922 ταῖς
2880 1858 3184 1918 ἐπιστολαῖς
3227 1873 3319 1936 σου
3370 1854 3642 1906 συνέτισον
3691 1851 3832 1923 (20),
3864 1869 3917 1904 iu

2416 1954 2532 2014 ταῖς
2571 1950 2866 2018 θεολογίαις
2899 1967 2992 2002 σου
3015 1949 3110 2019 στή
3122 1945 3283 2016 ριξον,
3318 1946 3412 1999 καὶ
3441 1947 3556 2008 ταῖς
3582 1945 3823 2006 ἐντολαῖς
3867 1959 3920 1994 σο·

2418 2041 2756 2112 κατάρτισαι,
2797 2040 2891 2094 καὶ
2923 2039 3181 2108 ποίμανον
3199 2038 3366 2108 ἡμᾶς,
3409 2038 3499 2088 καὶ
3541 2035 3744 2105 ἔπαρον
3795 2033 3920 2106 ἡμᾶς

2420 2135 2514 2188 καὶ
2541 2133 2644 2194 ἕως
2675 2129 2867 2193 αἰῶνος
2897 2127 3241 2198 παράστησον
3276 2125 3354 2196 τῷ
3382 2125 3518 2196 Θεῷ,
3548 2126 3628 2187 εἰς
3657 2123 3817 2188 δόξαν
3847 2124 3913 2175 lla

2403 2223 2551 2294 τρδς,
2568 2221 2660 2274 καὶ
2688 2219 2839 2287 Υἱοῢ,
2859 2219 2950 2273 καὶ
2977 2219 3129 2287 ἁγίου
3148 2217 3479 2288 Πνεύματος,
3501 2217 3578 2279 εις
3595 2217 3721 2282 τοὺς
3737 2213 3919 2282 alim;

2409 2312 2601 2382 Ἀμήν.
3221 2337 3223 2340 ⁴

3017 2399 3231 2455 ΛΟΓΟΣ
3245 2414 3251 2421 ’
3263 2401 3337 2454 Ζ’.

2411 2503 2515 2567 Elc
2531 2500 2637 2555 τὸν
2657 2498 2826 2569 ἅγιον
2839 2493 2936 2551 καὶ
2960 2495 3347 2563 rtde
3361 2492 3708 2554 ἀπόστολον
3729 2487 3919 2558 Θωμᾶν

2482 2588 2795 2652 Ἐπαινετὺς
2823 2589 2851 2642 ὁ
2876 2586 3015 2657 ὑπὲρ
3037 2584 3148 2639 τῶν
3194 2583 3364 2653 ἁγίων
3391 2583 3555 2648 πόθος
3596 2601 3611 2618 ο
3647 2583 3920 2647 ἁξιεπαινει

2408 2890 2734 2946 tribuerent.
2753 2889 2962 2945 Nomen
2990 2887 3358 2959 πρεσϐυτέρου
3401 2896 3466 2942 et
3506 2888 3764 2959 senioris,
3811 2903 3920 2958 quot

2411 2962 2565 3015 alteri
2589 2960 2782 3016 Joanni
2805 2959 2960 3030 quasi
3004 2958 3292 3030 proprium
3317 2966 3458 3030 erat,
3486 2966 3655 3026 prout
3710 2958 3790 3013 sic
3831 2974 3919 3012 eun

2407 3031 2599 3100 Papias
2622 3040 2797 3094 vocat,
2824 3026 2962 3083 'cum
2987 3026 3166 3082 tamen
3205 3026 3462 3100 Aristioni
3493 3043 3617 3100 eum
3648 3037 3919 3100 postponat

2409 3108 2464 3159 et
2485 3093 2758 3167 'glorietur
2781 3093 3066 3167 utriusque
3095 3112 3155 3152 se
3193 3093 3712 3167 auditoremgfuiss'e,
3740 3093 3857 3158 ciim
3878 3097 3920 3149 ill

2411 3117 2464 3159 θῐ
2534 3117 2758 3155 torretur
2781 3117 3066 3167 utriusque
3095 3117 3155 3152 se
3193 3117 3494 3151 auutwrem
3521 3117 3712 3163 ιυιεεε,
3740 3117 3857 3158 cum
3878 3117 3920 3149 lll

2411 3117 2579 3224 muita
2617 3186 2681 3224 ex
2709 3169 2932 3224 Joannis
2958 3183 3052 3222 ore
3081 3165 3436 3235 accepissent,
3465 3166 3669 3235 diuque
3718 3183 3838 3221 cum
3864 3167 3922 3219 illi

2409 3240 2610 3294 versati
2635 3246 2842 3300 essent.
2877 3247 2931 3293 et
2961 3237 3132 3307 ipsius
3152 3235 3365 3307 Domini
3400 3236 3654 3307 discipuli
3694 3236 3922 3291 fuissent.

2411 3317 2470 3362 ut
2490 3317 2575 3364 est
2598 3308 2742 3376 apud
2773 3305 3042 3363 EusebIl.
3064 3322 3165 3376 illi,
3193 3321 3240 3360 c.
3274 3306 3366 3376 39,
3403 3305 3676 3376 peculiare
3708 3321 3912 3360 momen

2411 3387 2523 3432 tum
2581 3374 2766 3440 habet,
2804 3377 2950 3447 quod
2973 3375 3190 3430 diiiicile
3234 3374 3503 3447 videatur,
3557 3375 3799 3447 voluisse
3850 3376 3920 3428 sib

2408 3448 2670 3503 Joannem
2703 3445 3034 3515 Theologum
3057 3459 3255 3515 nomen
3279 3445 3568 3515 asciscere,
3600 3445 3748 3514 quod
3799 3446 3921 3499 alter

2410 3519 2573 3572 sciret
2598 3517 2749 3587 quasi
2780 3514 3259 3595 p_roprium_£_forte
3286 3514 3471 3595 etiam,
3497 3515 3567 3569 ob
3591 3515 3923 3595 longissiman

2409 3583 2644 3647 :etatern‘,
2668 3583 3019 3656 qua—Joannis
3057 3583 3317 3656 Theologi
3346 3598 3486 3656 pene
3511 3583 3760 3656 aequalis,
3790 3585 3918 3638 illius

2412 3672 2519 3725 que
2551 3652 2923 3718 distinctione,
2956 3652 3318 3725 nomenillud
3356 3652 3608 3709 habuerit
3646 3671 3670 3725 τᾷ
3691 3655 3807 3709 sive
3835 3668 3923 3706 eun

2398 3723 2646 3788 Joannes
2675 3726 3040 3794 Ephesiorum
3065 3724 3402 3794 episcopum
3435 3723 3724 3794 creaverit,
3774 3732 3831 3778 ut
3877 3737 3923 3775 es

2411 3796 2467 3851 in
2512 3792 3005 3850 Constitutionibus
3047 3793 3240 3860 Clem.,
3277 3809 3385 3854 vn,
3424 3792 3493 3846 45
3529 3809 3545 3844 :
3577 3793 3688 3860 Τῆς
3743 3793 3917 3860 Ἑφέσο

2412 3865 2671 3938 Τιμόθεος
2704 3865 2800 3938 μεν
2837 3864 2944 3938 ὑπο
2987 3855 3245 3938 Habitat):
3265 3862 3520 3938 ξιῳάννης
3577 3855 3657 3938 διὲξ
3706 3855 3917 3938 ὑπξὲμρ

2424 3931 2666 4010 fluidva
2689 3931 3037 4010 "sivesolum
3066 3934 3184 4003 ejus
3207 3931 3458 3987 Edclesiaa
3479 3931 3922 4010 presbyterfuerit

2410 4005 2560 4060 Istud
2591 4011 2739 4058 certe
2784 4002 3106 4075 difﬁcultate
3129 4017 3239 4056 non
3272 4012 3585 4075 caretznon
3624 4002 3923 4075 tamen_con

2409 4075 2579 4130 vineit
2600 4089 2708 4130 non
2741 4089 2862 4137 esse
2893 4073 3148 4142 epistolas
3181 4071 3635 4142 verecanonieas,
3680 4071 3829 4141 quod
3870 4084 3920 4122 ea

2412 4145 2525 4214 ipsa
2552 4145 2660 4213 jam
2699 4139 2941 4214 Eusebii'
2962 4150 3118 4214 aetate
3151 4139 3329 4214 multi
3374 4139 3714 4214 habebantf
3739 4155 3858 4214 cum
3882 4152 3924 4214 _e

2410 4207 2500 4269 alii
2521 4207 2772 4281 discipuli
2821 4220 2972 4267 extra
3021 4210 3331 4272 duodecim,
3374 4210 3571 4281 libros_
3601 4218 3659 4281 et
3708 4207 3920 4281 epistola

2410 4277 2719 4339 condidisse
2749 4292 3063 4344 noscantur,
3095 4295 3230 4349 quos
3290 4290 3344 4337 et
3377 4294 3510 4348 quas
3532 4277 3773 4333 Ecclesia
3802 4291 3922 4349 agno

2414 4355 2521 4409 scit
2539 4369 2605 4407 ex
2625 4352 2841 4406 Canone
2866 4345 3131 4405 librorum
3158 4349 3291 4404 Novi
3313 4345 3800 4404 Teitamentiﬂec‘
3812 4345 3918 4401 vide

819 4412 974 4469 rivati
994 4430 1090 4484 par
1111 4417 1425 4486 auctoritas,
1454 4412 1755 4474 istiusmodi
1778 4412 2312 4475 censura'librortim.
2349 4412 2390 4465 Β
2415 4423 2614 4491 quibus
2638 4437 2704 4474 ex
2739 4420 3106 4473 monumentis
3131 4427 3226 4473 aut
3269 4419 3422 4474 libris
3450 4419 3591 4473 idem
3617 4418 3836 4474 Grotius
3865 4417 3921 4469 ha

777 4430 931 4551 διιοό
959 4484 1194 4541 Joannes
1225 4495 1451 4551 utraque
1470 4488 1695 4551 epistola
1719 4489 1903 4551 Senior
1931 4499 2170 4551 vocatur,
2200 4505 2316 4544 ma-
2418 4493 2542 4546 beat
2575 4493 2648 4551 (et
2680 4500 2737 4544 ut
2786 4500 3104 4551 argumento
3135 4498 3320 4543 utatur
3360 4489 3428 4542 ad
3474 4488 3815 4551 probandum
3856 4499 3917 4537 no

829 4484 931 4539 uod
959 4484 1194 4554 Joannes
1225 4484 1451 4554 utraque
1470 4488 1695 4554 epistola
1719 4489 1903 4551 Senior
1931 4499 2170 4551 vocatur,
2200 4505 2316 4544 ma-

779 4503 931 4551 υιιοα
959 4503 1194 4541 Joannes
1225 4503 1451 4554 utraque
1470 4503 1499 4541 e
1539 4503 1695 4543 tStota
1719 4503 1903 4551 senior
1931 4503 2170 4551 vocatur,
2200 4505 2315 4544 ma-

779 4556 990 4624 luitque
1031 4553 1110 4627 sic
1132 4555 1400 4627 interpres
1425 4503 1671 4619 retrdere,
1708 4575 1868 4627 quam
1922 4557 2163 4627 Graecam
2215 4574 2315 4613 vo-

775 4623 1195 4696 cem’preabyteri
1217 4625 1452 4696 retinere
1477 4627 1554 4696 (ut
1576 4623 1743 4696 magis
1763 4637 1974 4679 aetatem
1997 4626 2315 4694 insinuaret,

776 4692 939 4764 quam
970 4692 1332 4766 dignitatem),
1359 4692 1496 4749 ratio
1517 4692 1701 4749 Jacobi
1735 4696 1933 4766 Capelli
1965 4710 2070 4747 non
2135 4692 2320 4766 displié

780 4761 900 4825 eet;
928 4761 1074 4832 quod
1107 4763 1259 4817 valde
1286 4774 1534 4831 provecta
1567 4774 1723 4818 aetate
1755 4761 1847 4817 eas
1893 4764 2127 4817 Joannes
2179 4761 2317 4820 seri-

782 4833 973 4901 pserit,
1004 4832 1355 4902 omniumque
1375 4833 1572 4888 Christi
1605 4832 1995 4902 discipulorum
2056 4838 2318 4890 vetustis-

781 4903 974 4973 simus,
999 4911 1056 4956 et
1078 4901 1293 4973 qui_sie
1320 4904 1475 4972 quasi
1507 4901 1933 4973 antonomastice
1977 4902 2207 4973 intelligi
2258 4922 2321 4960 ac

781 4970 888 5025 dici
923 4979 1122 5041 posset.
1158 4971 1292 5025 Nam
1319 4970 1374 5028 et
1403 4973 1601 5027 Paulus
1626 4971 1691 5025 ad
1754 4970 2124 5024 Philemonem
2154 4970 2205 5027 in
2235 4978 2319 5030 sui

784 5040 1326 5112 commendationem,
1381 5051 1435 5096 et
1489 5050 1545 5094 ut
1605 5040 1907 5112 Philemoni
1962 5041 2207 5103 suadeat,
2239 5060 2317 5109 se,

689 5136 704 5149 ι
784 5109 949 5164 velut
988 5110 1098 5174 ille,
1135 5125 1316 5165 senem
1369 5112 1624 5165 insinuat.
1660 5109 1892 5163 Proinde
1936 5113 2321 5169 convenienter

783 5179 1019 5240 Joannes
1054 5181 1411 5236 familiaribus
1446 5181 1691 5248 epistolis
1715 5194 1978 5248 peneque
2013 5184 2321 5240 consolato-

786 5249 900 5314 riis,
929 5249 1172 5305 Senioris
1202 5267 1397 5304 nomen
1446 5250 1690 5319 prmtixit,
1729 5250 2061 5319 nimiumque
2112 5256 2321 5318 pondus

788 5319 842 5372 in
880 5335 1012 5373 voce
1038 5321 1287 5385 apostoli,
1335 5321 1406 5372 ita
1434 5319 1676 5372 scribens
1721 5319 2082 5387 existimavit;
2132 5335 2188 5376 ut
2223 5326 2320 5380 hac

783 5396 938 5458 parte
985 5388 1191 5458 nullius
1252 5389 1525 5458 momenti
1564 5389 1634 5442 sit
1685 5400 2062 5458 argumentum
2122 5394 2314 5457 Gr0tii,

783 5455 942 5530 quasi
985 5455 1321 5530 indeJoanni
1353 5457 1638 5530 :l‘heologo
1677 5455 1920 5528 abrogari
1957 5461 2035 5513 liae
2080 5455 2318 5530 epistolae

788 5523 1020 5600 possint.
1055 5523 1327 5600 Videndus
1351 5523 1595 5581 Tertull:
1611 5528 1683 5582 De
1709 5523 2022 5600 prwscript.,
2077 5523 2164 5584 ubi
2203 5531 2316 5584 fuse

790 5546 1020 5594 possunt.
1061 5546 1327 5581 viuenuus
1364 5546 1576 5581 iertuu.
1611 5546 1683 5582 ue
1746 5546 2022 5600 rwsmpt.,
2077 5546 2164 5584 um
2203 5546 2316 5584 tuse

790 5590 1081 5668 admodum
1126 5597 1358 5668 ostendit
1413 5612 1571 5664 quam
1626 5546 1815 5652 seruio
1856 5601 2082 5668 apostoli
2135 5602 2318 5653 titulos

794 5663 1168 5722 honoratiores
1197 5663 1447 5733 vitarent,
1476 5668 1686 5738 sibique
1718 5685 1853 5738 aegre
1890 5663 1956 5724 ac
1989 5685 2124 5738 pene
2156 5671 2311 5725 inviti

2418 4488 2542 4546 Beat
2575 4493 2648 4561 (et
2680 4500 2737 4544 ut
2786 4500 3104 4561 argumento
3135 4498 3320 4561 utatur
3360 4489 3428 4542 ad
3474 4488 3815 4561 probandum
3856 4499 3917 4561 po

2419 4555 2632 4615 habitas
2661 4561 2760 4613 has
2789 4555 3046 4628 epistolas
3076 4565 3134 4613 ut
3177 4559 3242 4612 de
3274 4555 3511 4624 Canone)
3545 4557 3690 4627 quod
3723 4573 3830 4612 non
3851 4555 3923 4608 fue

2419 4632 2528 4685 rint
2545 4630 2766 4692 redditas,
2793 4629 2847 4682 in
2870 4639 3170 4684 sermonem
3193 4629 3530 4682 diversarum
3558 4629 3922 4698 gentium_;eur

2419 4701 2572 4771 Angli
2621 4709 2700 4754 tot
2745 4700 2959 4771 linguis
3009 4696 3578 4771 reprzesentaverint.
3611 4707 3748 4771 quot
3798 4696 3916 4771 ipsat

2421 4762 2644 4844 J_oa'nnis
2674 4762 2900 4844 prima'm
2936 4762 3219 4844 epistolam
3231 4783 3310 4844 _ae
3341 4768 3578 4844 reliquos
3615 4762 3787 4821 libros
3810 4762 3919 4844 ’.Νοι

2422 4837 2771 4894 Testameiiti.
2805 4839 2912 4893 Nec
2969 4839 3114 4892 enim
3168 4838 3244 4891 illi
3293 4853 3385 4892 eas
3427 4837 3645 4891 cudisse
3693 4837 3922 4890 versione

2419 4911 2641 4987 putandi
2659 4918 2819 4987 sunt,
2833 4909 2926 4963 sed
2943 4924 3088 4987 quas
3125 4908 3360 4976 antiquis
3389 4905 3668 4987 codicibus
3685 4899 3922 4987 ἀερθεὶς

2419 4973 2653 5034 siasticis
2700 4978 2851 5031 libris
2904 4973 3033 5032 olim
3086 4973 3727 5038 exaratasoli'enderant,
3763 4973 3874 5028 illas
3897 4973 3920 5020 il

2421 5049 2732 5119 Polyglottis
2750 5048 2878 5119 suis
2906 5047 3092 5102 Bibliis
3142 5060 3404 5119 generoso
3447 5053 3644 5119 conatu
3692 5045 3920 5119 vulgasse

2420 5118 2494 5171 De
2517 5113 2664 5172 mea:
2693 5117 2938 5186 epistola,
2965 5133 3126 5186 quam
3148 5113 3239 5168 _ad
3266 5115 3458 5186 Judam
3477 5113 3681 5186 trahit,
3734 5115 3822 5186 qui
3841 5123 3911 5186 _su

2421 5187 2653 5239 Adriano
2676 5180 2827 5250 vi'xit,
2861 5203 2961 5241 nec
2985 5180 3073 5240 vel
3106 5185 3384 5254 apostolus
3405 5185 3490 5238 vel
3518 5180 3817 5253 discipulus
3833 5180 3919 5254 les1

2421 5257 2542 5312 fuit.
2569 5256 2695 5310 alibi
2721 5255 2857 5311 forte
2885 5250 3222 5311 exercendus
3255 5253 3450 5323 stylus.
3482 5250 3673 5323 Longe'
3696 5262 3840 5307 certe
3857 5250 3914 5300 hn

2419 5341 2446 5376 a
2468 5325 2560 5390 pio
2580 5325 2816 5379 ﬁdelium
2850 5341 3032 5387 sensu,
3082 5340 3179 5378 nec
3207 5333 3315 5376 tam
3370 5323 3597 5380 veritate
3641 5337 3802 5391 quam
3833 5331 3918 5391 πρε

2419 5393 2577 5460 λήψει
2605 5394 2669 5446 ab
2705 5411 2770 5449 eo
2796 5397 3037 5458 dictum;
3084 5404 3137 5446 et
3173 5393 3318 5463 quod
3367 5393 3532 5462 frater
3563 5390 3766 5455 Jacobi,
3802 5390 3911 5451 idtl“

2419 5478 2588 5530 genus
2616 5465 2737 5525 alia,
2760 5463 3042 5518 subdititia
3075 5464 3373 5526 contendit,
3431 5463 3586 5531 plane
3613 5463 3761 5516 dictu
3795 5469 3914 5531 temtf

2419 5533 2620 5606 rarimn
2651 5536 2750 5597 sit;
2793 5547 2915 5586 cum
2977 5532 3341 5606 pla_gii,_quo_d
3392 5530 3446 5583 in
3509 5546 3566 5585 re
3617 5541 3724 5606 tam
3774 5530 3910 5606 sanet

2418 5604 2763 5674 commissum
2786 5610 2948 5667 esset,
2983 5603 3115 5657 nulli
3144 5603 3322 5658 idonei
3355 5608 3519 5655 testes
3578 5601 3804 5670 produci
3834 5604 3915 5663 v05

2418 5683 2541 5727 διιιῑ.
3796 5694 3801 5696 ’
