3950 6320
718 354 992 414 ORATIO
1024 352 1148 414 VII.
1175 376 1239 387 -
1266 352 1345 410 IN
1386 352 1682 411 LAUDEM
1723 353 1782 410 S.
1818 350 2093 412 THOM/E
2128 354 2500 414 APOSTOLI.

3060 348 3157 408 130

106 489 218 542 apo;
241 470 297 523 δὲ
335 469 545 521 πάντων
570 466 766 537 μᾶλλον
801 469 829 519 ὀ
878 467 1014 536 ὑπὲρ
1058 465 1162 517 τῶν
1214 463 1515 516 ἀποστόλων
1542 472 1587 525 Α
1614 480 1664 517 al

1614 474 1791 521 autem
1820 464 1975 533 longe
2005 464 2257 520 omnibus
2296 465 2635 530 laudabilior,
2663 464 2753 534 qul
2786 465 3150 534 apostolorum

136 560 305 624 ἀξίοις
334 558 671 627 ὲγγινόμενος
695 573 707 586 ·
765 556 860 609 καὶ
890 556 1124 623 τοσούτῳ
1185 554 1364 616 πλέον,
1416 553 1524 621 ὅτῳ

123 649 272 705 αὐτοὶ
302 648 516 719 πάντων
553 645 660 699 τῶν
686 646 873 713 ἁγίων,
921 647 1196 713 ἁγιότητος
1260 642 1524 712 ὑπερϐολῇ

106 739 447 808 αιφνιστερον
471 736 550 806 τῷ
580 738 855 806 ὑπεραγίῳ
891 734 1337 805 προσῳκείωνται.
1370 733 1519 784 Ἐπι-

104 833 314 899 ήσωμσν
345 827 520 879 τοίνυν
541 825 666 888 τοὺς
700 824 805 876 τῶν
833 823 999 891 ἀγίων
1017 821 1393 889 ἀξιοποθήτους
1422 835 1518 888 χο-

103 938 142 981 ς,
180 918 273 971 καὶ
311 915 512 969 τούτων
559 914 809 983 μάλιστα,
860 913 950 965 τὸν
1014 909 1519 981 ὑπεραναὸεὸηκότα

103 1025 120 1069 ;
150 1007 297 1069 ὅλους
320 1006 387 1075 τῇ
421 1004 697 1072 θεοειδείᾳ,
738 992 827 1057 καὶ
849 1001 1083 1071 συνεχῶς
1113 1002 1189 1070 τῷ
1222 999 1521 1068 ὑπερουσίῳ

104 1096 423 1167 φιιειωμὲνον
452 1111 467 1126 ο
512 1095 609 1165 τὴν
637 1095 911 1165 ὑπερφερῆ
949 1094 1088 1160 λέγω
1148 1090 1523 1161 ἀξιεραστοτά-

124 1188 224 1238 τῶν
248 1184 467 1255 ὑψηλῶν
488 1185 795 1238 ἀποστόλων
819 1168 1108 1236 δωδεκάδα.

1621 557 1811 623 gratia,
1838 570 2023 610 eorum
2050 546 2142 623 qui
2172 565 2296 609 sunt
2324 556 2466 626 digni
2501 557 2709 611 animos
2748 556 2999 621 incessit;
3032 565 3149 609 tan-

1621 652 1781 711 toque
1804 644 2049 713 amplius,
2076 654 2277 721 quanto
2306 654 2360 700 et
2393 646 2467 699 illi
2497 646 3148 722 excellentia_sanctitatis,

1620 731 1955 785 sanctitatem
1976 748 2188 787 omnem
2201 735 2457 798 vincenti,
2473 736 2671 803 sanctis
2691 735 2941 789 omnibus
2965 736 3151 804 purius

1618 822 1905 890 veriusque
1936 823 2327 878 necessitudine
2360 824 2629 894 conjuncti
2658 834 2800 879 sunt.
2825 823 3019 879 Amore
3050 824 3151 893 igi-

1621 918 1709 963 tur
1743 920 1800 965 et
1829 911 2119 978 desiderio,
2159 914 2348 984 dignos
2374 930 2500 970 vere
2523 915 2614 983 qui
2648 924 2894 973 amentur
2926 930 2987 967 ac
3011 913 3152 967 desi-

1621 998 1775 1055 derio
1803 1001 2120 1070 habeantur,
2151 1013 2455 1058 sanctorum
2483 1005 2674 1059 choros
2713 1018 3099 1074 prosequamur
3131 1017 3147 1055 :

1622 1091 1859 1144 omnium
1913 1102 2091 1148 autem
2146 1094 2392 1158 maxime,
2442 1094 2533 1163 qui
2574 1093 2753 1155 divina
2798 1092 3151 1163 similitudine

1624 1193 1811 1233 omnes
1872 1184 2148 1251 praecellit,
2204 1186 2567 1253 continuoque
2606 1182 2883 1238 excedenti
2936 1196 3151 1236 omnem

110 1277 349 1330 stantiam
406 1274 643 1329 cohaeret
700 1288 763 1329 ac
818 1272 1215 1327 necessitudine
1246 1265 1714 1338 coniunctissimus
1773 1279 1894 1337 est;
1932 1273 2188 1328 eximium
2226 1272 2349 1329 dico
2393 1273 2660 1343 digneque
2710 1270 3151 1327 amabilissimum

112 1370 307 1423 limium
332 1366 726 1422 duodenarium
753 1366 1116 1435 apostolorum
1142 1372 1361 1419 coetum.

110 1464 273 1532 ἀὐτην
288 1460 725 1531 ἑπιποθήσωμεν,
762 1459 962 1534 ταύτην
994 1458 1316 1528 ζηλώσωμεν
1351 1473 1365 1489 ο
1420 1454 1518 1508 καὶ

119 1554 386 1622 μιμήσεως
424 1551 522 1621 τῆς
560 1553 686 1621 ἡμῖν
735 1550 976 1630 ὲφικτῆς,
1023 1548 1233 1630 ταύτης.
1272 1545 1519 1613 γενέσθα.

1689 1456 1847 1512 Hunc
1884 1457 2274 1524 desideremus,
2321 1457 2467 1523 hunc
2497 1456 2840 1520 aemulemur;
2879 1469 2942 1509 ac
2972 1453 3149 1508 imita-

1620 1548 1768 1602 tione
1801 1552 2016 1617 (quanta
2043 1564 2138 1618 per
2160 1548 2465 1603 facultatem
2495 1547 2641 1618 licet)
2678 1546 2819 1601 illius
2851 1546 2981 1601 socii
3011 1545 3147 1599 ellici

114 1644 382 1710 υδάσωμεν
430 1641 693 1723 κοινωνοί.
752 1628 906 1692 Οὕτω
972 1639 1076 1708 γὰρ
1108 1639 1171 1691 δι’
1196 1628 1390 1699 αὐτῶν,
1438 1634 1513 1703 τῷ
1544 1661 1587 1718 Β
1618 1647 1674 1692 st'

1618 1642 1945 1717 studeamus.
1972 1639 2061 1693 Sic
2080 1640 2220 1694 enim
2251 1656 2347 1709 per
2373 1640 2513 1705 illos,
2537 1652 2787 1708 supremo
2828 1636 3149 1691 desiderabi-

107 1734 272 1801 »οτάτῳ
300 1731 410 1783 τῶν
444 1729 671 1799 ἐφετῶν,
714 1729 791 1801 τῷ
826 1730 1273 1798 ἑγκατῳκισμὲνῳ
1311 1725 1515 1786 τούτοις
1611 1728 1667 1783 lii

1611 1728 1765 1794 lium,
1800 1730 1851 1783 in
1887 1730 1967 1785 eis
1994 1730 2254 1785 habitanti
2302 1730 2537 1795 Christo,
2583 1742 2748 1798 prope
2791 1728 3146 1791 accedemus;

116 1824 279 1891 ιοῦμιν
318 1821 538 1892 Χριστῷ
578 1820 885 1890 νμακάριοί
933 1835 991 1871 τε
1027 1817 1102 1887 τῷ
1146 1816 1256 1869 ὄντι
1296 1815 1432 1867 κατά
1458 1813 1517 1865 τὸ

108 1922 148 1979 δν
186 1910 417 1979 ισόμεθα
456 1910 652 1977 λόγιον,
695 1907 1021 1978 πληροῦντες
1075 1906 1172 1973 τὴν
1227 1903 1517 1973 ὲπιθυμίαν

111 2003 159 2055 In
180 2002 233 2068 ἐξ
263 1999 465 2075 αὐτῶν,
486 2000 581 2053 καὶ
607 1999 681 2069 μὴ
709 1998 1101 2068 αίσχυνόμενοι,
1133 1995 1266 2065 ἡνίκ’
1296 1993 1364 2053 ἂν
1385 1993 1519 2063 πρὸς

111 2092 233 2153 ςτοῦ
260 2091 374 2159 βίου
404 2090 598 2152 πύλαις
625 2091 899 2157 γενόμενοι
917 2128 931 2151 ,
965 2089 1073 2149 τοῖς
1102 2086 1320 2139 ἑαυτῶν
1367 2088 1526 2142 ἀντι-,

112 2183 237 2252 ὦμεν
256 2181 365 2251 (21)
404 2180 639 2252 ἐχθροῖς.
678 2179 833 2233 Ἀλλά
864 2179 937 2249 μὴ
979 2178 1219 2249 ἄκαρπόν
1251 2193 1377 2239 τινα,
1426 2174 1519 2228 καὶ

112 2272 165 2340 ὴν
188 2270 362 2339 ἔφεσιν
382 2270 515 2339 πρὸς
540 2265 1176 2335 αὑτοῦςὲπαγγελώμεθα
1198 2281 1214 2297 ·
1238 2266 1427 2341 ὲνεργῆ
1464 2264 1519 2316 δὲ

132 2361 424 2430 {pupame
460 2358 829 2428 ιίσφέρωμινο
877 2358 970 2410 καὶ
1021 2356 1119 2426 βίῳ
1173 2356 1268 2425 μὲν
1313 2354 1518 2423 τελείῳ,

112 2447 477 2517 ’τρανεστέραν
532 2447 816 2515 ὁμοίωσιν,
859 2446 933 2509 ὡς
979 2445 1217 2509 δυνατὸν,
1272 2445 1523 2516 ἀφοσιού-

110 2550 191 2587 οι·
242 2534 382 2605 λόγῳ
430 2534 528 2601 δὲ,
574 2533 672 2602 τὴν
713 2533 1051 2604 καθήκουσαν
1094 2533 1296 2590 αῐνεσιν
1343 2535 1522 2595 αὐτοῖς

111 2626 397 2695 ορούμενοι,
427 2627 495 2679 δι’
525 2626 723 2695 ἀμφοῖν
770 2625 860 2679 τὸν
904 2625 963 2679 ιν
987 2626 1164 2688 αὐτοῖς
1217 2625 1522 2693 ἀγιάζωμεν

115 2713 403 2783 οξσζόμενον
442 2712 591 2767 Θιόν.

113 2802 230 2855 Ἐστι
256 2802 353 2872 μιν
374 2796 473 2855 οὖν
497 2802 679 2871 ὥσπερ
706 2795 782 2863 εἷς
805 2802 1000 2871 ὁμοίως
1039 2803 1144 2857 τῶν
1174 2801 1375 2855 δώδεκα
1416 2801 1525 2853 Πα-

114 2898 169 2947 )ό
195 2894 333 2960 Θεὸς,
363 2894 675 2957 διδάσκαλός
704 2910 763 2946 τε
800 2896 892 2947 καὶ
919 2894 1114 2964 Κύριος
1158 2895 1251 2948 καὶ
1287 2894 1524 2962 καθηγη-

115 2988 165 3044 ;ὸ
188 2985 431 3055 Χριστός·
464 2984 560 3054 μία
592 3001 650 3037 τε
678 2986 852 3047 πίστις
876 2986 966 3037 καὶ
992 2985 1145 3054 χάρις
1180 2986 1268 3036 καὶ
1304 2984 1521 3053 δύναμις
1548 2967 1590 3029 C

115 3074 456 3143 4llv¢tipaooc°
501 3074 535 3143 ἦ
577 3091 636 3127 τε
678 3074 911 3127 διακονία
949 3075 1044 3161 τῇς
1071 3074 1398 3142 ἀποστολῆς,
1432 3073 1523 3127 καὶ

115 3162 211 3232 οιϐη
230 3162 281 3215 δὶ
300 3164 405 3216 τῶν
432 3165 607 3233 γερῶν
630 3166 662 3233 ἡ
688 3162 841 3233 αὑτὴ,
861 3163 999 3217 οὓτω
1025 3166 1116 3217 καὶ
1148 3165 1359 3226 ἔπαινος
1386 3168 1413 3217 ό
1437 3164 1526 3217 a0-

118 3270 122 3301 :
142 3252 229 3304 τῶν
258 3253 508 3322 μαθητῶν
533 3253 780 3312 ἁπάντων
803 3254 962 3307 ἐστίν.
981 3254 1115 3306 Ἀλλ’
1142 3255 1214 3317 ὡς
1237 3255 1354 3307 κατ’
1374 3254 1526 3308 ἀλλον

117 3340 322 3412 ὓποντην
364 3342 473 3394 ἀπὸ
503 3341 595 3395 τοῦ
640 3341 882 3413 σώματος
934 3343 1031 3411 μὲν
1076 3343 1350 3415 ἐκδημίαν,
1395 3343 1527 3413 πρὸς

120 3444 216 3495 ριον
254 3429 306 3482 δὲ
345 3430 723 3499 πεποιημένων
765 3431 1035 3500 ὲνδημίαν,
1066 3432 1366 3497 ἀναγκαίως
1398 3431 1551 3511 ἑκά-ν

122 3535 142 3584 ρ
165 3520 242 3571 καὶ
270 3522 300 3590 η
325 3521 528 3582 αῐνεσις
560 3520 864 3589 ἰδιοτρόπως
890 3521 1208 3573 ἀποδίδοται.

120 3608 185 3669 Ti;
204 3604 285 3662 οὖν
317 3612 405 3663 τὸν
436 3611 579 3679 ἱερὸν
613 3609 859 3677 σύλλογον
880 3610 1063 3663 τοῦτον
1086 3611 1122 3679 ἡ
1152 3611 1331 3664 θίασον
1365 3609 1529 3677 σήμε-

120 3700 380 3751 θσυνιστῶν
399 3739 414 3764 ,
449 3700 540 3752 καὶ
573 3699 871 3769 προθυμίας
894 3699 1242 3769 ἁναπιμπλῶν
1258 3737 1273 3763 ,
1299 3699 1388 3751 καὶ
1412 3698 1532 3767 ἠδο-

121 3804 137 3844 :
177 3788 481 3858 θαυμασίας,
530 3791 621 3842 καὶ
677 3790 1019 3859 φαιδρότητος
1072 3790 1168 3853 τὰς
1213 3789 1530 3857 Ἔκκλησίας

122 3876 344 3948 ιπληρῶν,
374 3878 472 3932 καὶ
518 3879 650 3949 πρὸς
690 3880 985 3947 δοξολογίαν
1022 3879 1166 3932 θείαν
1205 3881 1528 3948 συναγείρων

124 3969 425 4039 ισυγκρότῶν
445 3987 459 4035 ;
479 3970 549 4021 Ἦ
566 3970 697 4021 πᾶσι
728 3970 1030 4038 καταφανὴς
1054 3973 1086 4039 ἡ
1116 3971 1261 4024 αἰτία
1290 3970 1386 4037 τῆς
1412 3972 1529 4040 ἑορ-

125 4072 166 4117 ςς
190 4057 360 4126 Θωμᾶς
384 4061 490 4128 γάρ
532 4061 560 4112 ό
590 4059 757 4127 μέγας
787 4059 878 4111 τοῦ
906 4058 1227 4127 Εὑαγγελίου
1255 4059 1526 4129 λαμπτὴρ,

134 4146 237 4214 πρὸς
257 4148 847 4233 αῐψξειξρωματικὴν,
874 4149 1004 4202 ἀλλά
1031 4151 1214 4219 νοερὰν
1241 4150 1529 4220 ὲξανίσχων

1612 1828 1675 1867 ac
1724 1813 1867 1868 beati
1909 1815 2086 1884 reipsa
2140 1816 2239 1886 (uti
2298 1830 2507 1870 sacrum
2554 1814 2805 1891 perhibet
2849 1814 3149 1882 eloquium)

1616 1904 1842 1969 erimus,
1892 1907 1985 1979 qui
2033 1907 2349 1975 impleamus
2402 1905 2732 1960 desiderium
2788 1912 3028 1957 nostrum
3083 1916 3150 1955 ex

1614 1990 1764 2061 ipsis,
1794 2009 1895 2049 nec
1922 1995 2089 2048 simus
2130 1994 2513 2061 confundendi,
2545 2004 2666 2049 eum
2714 1989 2767 2047 in
2810 1994 2934 2047 vita:
2978 1992 3150 2060 portis

1615 2086 1948 2151 constituti,
1981 2086 2215 2141 inimicis
2262 2088 2462 2142 nostris
2501 2102 2848 2141 occurremus
2875 2086 2941 2138 “.
2995 2083 3148 2138 Hand

1582 2210 1585 2213 -
1614 2176 1889 2231 enimvero
1928 2176 2321 2232 infructuosum
2366 2177 2633 2246 quoddam
2663 2192 2725 2231 ac
2769 2176 2995 2245 simplex
3022 2189 3146 2243 erga

1615 2264 1735 2319 illos
1761 2265 2086 2326 desiderium
2112 2281 2456 2336 amoremque
2491 2267 2858 2335 proﬂteamur,
2881 2264 2973 2319 sed
3004 2262 3145 2332 quod

1615 2353 1799 2409 efﬁcax
1825 2371 2121 2424 verumque
2147 2356 2391 2419 exsistat,
2439 2354 2492 2409 in
2521 2353 2997 2408 remconferamus
3039 2369 3050 2403 :
3081 2367 3146 2405 ac

1616 2445 1739 2500 vitae
1757 2446 1973 2515 quidem
1998 2445 2349 2517 perfectione,
2385 2444 2742 2515 limpidiorem
2774 2442 2968 2512 (quoad
3002 2442 3145 2507 licet)

1619 2534 2021 2589 similitudinem
2045 2534 2391 2599 exhibentes;
2426 2533 2668 2587 doctrina
2694 2547 2822 2586 vero
2846 2541 3004 2600 atque
3037 2545 3151 2584 ser-

1618 2628 1777 2678 mone
1809 2622 2019 2679 laudem
2053 2624 2134 2682 eis
2178 2638 2469 2693 congruam
2506 2623 2886 2691 depangentes,
2921 2630 3148 2689 utroque

1617 2713 1786 2782 quiin
1817 2714 1925 2768 illis
1949 2713 2333 2777 sanctificatur,
2366 2713 2531 2766 Deum
2565 2711 2979 2766 sanctificemus.

1685 2817 1777 2872 Est
1800 2818 1960 2886 igitur
1977 2816 2447 2887 ,quemadmodum
2469 2831 2606 2869 unus
2640 2816 2841 2884 pariter
2866 2814 3149 2868 duodecim

1620 2907 1774 2963 Pater
1802 2908 1961 2971 Deus,
1989 2906 2339 2977 magisterque
2367 2913 2421 2959 et
2471 2904 2719 2958 dominus
2746 2913 2906 2972 atque
2949 2918 3153 2971 preaceo

1623 3008 1763 3068 ptor,
1780 2998 2025 3053 Christus
2056 2990 2191 3063 ;una
2210 3010 2419 3065 quoque
2454 2996 2584 3050 fides
2610 3006 2663 3049 et
2684 2996 2849 3064 gratia
2874 2994 3153 3061 virtusque

1624 3088 1852 3157 Spiritus
1883 3129 1897 3153 ,
1928 3086 2309 3156 apostoliciqne
2341 3086 2579 3139 muneris
2602 3085 2827 3146 functio,
2860 3100 2922 3139 ac
2966 3084 3151 3156 eadem

1621 3175 1959 3243 prazmiornm
1977 3172 2275 3235 retributio,
2296 3172 2373 3225 sic
2391 3180 2445 3226 et
2468 3171 2651 3225 eadem
2674 3170 2790 3223 laus
2818 3168 3053 3223 omnium
3073 3169 3152 3220 di-

1622 3265 1945 3333 scipulorum
1974 3262 2179 3317 exsistit
2209 3279 2222 3314 :
2254 3262 2404 3330 quod.
2423 3269 2595 3313 tamen
2615 3260 2718 3314 alia
2747 3260 2955 3327 aliaque
2992 3258 3155 3311 ratio-

1623 3369 1691 3408 ne
1717 3354 2024 3425 emigrarint
2054 3366 2084 3406 e
2100 3367 2323 3420 corpore
2348 3358 2402 3404 et
2424 3350 2488 3403 ad
2526 3350 2806 3403 Dominum
2829 3348 3152 3417 commigra-

1625 3442 1762 3506 rint,
1784 3442 2083 3496 necessario
2105 3455 2317 3509 quoque
2336 3439 2551 3509 pr0pria
2578 3440 2771 3507 cuique
2794 3439 2912 3492 laus
2949 3437 3154 3491 ratione

1627 3532 1973 3613 dependit‘ur.

1730 3634 1982 3701 Quisnam
2010 3635 2172 3704 igitur
2199 3642 2279 3687 est
2300 3632 2389 3702 qui
2415 3630 2624 3685 sacrum
2655 3630 2799 3684 hunc
2828 3639 3153 3683 conventum

1626 3737 1722 3776 seu
1753 3723 1975 3776 chorum
2004 3722 2258 3775 hodierna
2289 3718 2373 3773 die
2394 3717 2699 3781 constituit,
2724 3718 3153 3786 impletque‘ala-

1627 3815 1815 3867 critate
1843 3853 1859 3877 ,
1896 3818 1958 3868 ac
1993 3812 2125 3865 mira
2148 3812 2417 3879 voluptate
2439 3808 2853 3879 acjucunditate
2887 3806 3153 3861 Ecclesiae

1631 3903 1830 3971 ubique
1858 3901 2017 3956 afﬁcit
2045 3939 2060 3965 ,
2081 3909 2239 3969 atque
2264 3899 2329 3953 ad
2358 3899 2449 3953 Dei
2488 3900 2671 3952 laudes
2700 3897 3156 3953 concelebrandas

1627 4000 1911 4061 congregat
1934 3999 2207 4059 certusque
2238 3990 2424 4059 cogit?
2450 3989 2586 4042 Num
2634 3988 2840 4041 cunctis
2876 3986 3154 4040 manifesta

1627 4086 1748 4140 festi
1766 4087 1899 4138 ratio
1918 4099 1979 4138 ac
1994 4099 2150 4139 causa
2171 4083 2405 4151 ?Nempe
2430 4082 2659 4135 Thomas
2678 4097 2863 4149 magna
2881 4080 2967 4133 illa
2984 4080 3155 4133 Evan-

1630 4176 1751 4245 gelii
1769 4175 1873 4238 fax,
1894 4190 2000 4227 non
2018 4174 2306 4241 corporalis
2330 4187 2516 4226 sensus
2546 4172 2771 4230 ratione.
2792 4172 2883 4225 sed
2932 4171 3153 4246 spirita-

129 4239 181 4334 ἰν,
206 4242 283 4334 ταὶ
305 4230 615 4334 φανωτάτας
641 4241 735 4310 τῆς
762 4242 921 4296 αὑτοῦ
954 4245 1163 4314 μνήμης
1190 4245 1283 4307 τὰς
1319 4262 1529 4313 μαρμα·
1559 4274 1605 4329 ι)
1630 4230 1689 4319 lis

1593 4280 1605 4325 ι
1630 4267 1695 4319 lis
1723 4266 2020 4332 mentisque
2036 4264 2239 4334 fulgure
2270 4263 2426 4317 nobis
2456 4263 2699 4315 exoriens
2728 4302 2741 4324 ,
2762 4254 3153 4315 lucidissimos-

127 4328 198 4429 τὰς
218 4331 376 4429 ξνιεὶς,
406 4332 544 4429 πρὸς
570 4334 667 4401 τὴν
703 4334 905 4387 οἰκείαν
933 4334 1181 4401 συγκαλεῖ
1206 4334 1379 4397 δόξαν.
1413 4335 1530 4386 Θω-
1562 4328 1585 4329 ί
1624 4368 1687 4421 qu

1624 4367 1728 4429 que
1756 4367 1864 4407 suae
1891 4351 2160 4406 memoria:
2181 4351 2405 4404 micatus
2432 4350 2649 4403 vibrans
2681 4389 2693 4414 ,
2725 4350 2790 4403 ad
2822 4350 2991 4418 ipsius
3016 4365 3151 4404 con-

133 4420 369 4489 ςότίμιος
414 4422 579 4487 λίθος,
609 4423 701 4476 καὶ
732 4424 921 4486 σεπτδς
952 4423 1044 4476 καὶ
1084 4423 1357 4487 ἐκλεκτός*
1399 4425 1426 4475 ό
1456 4422 1532 4492 τῷ

282 4510 370 4579 τῆς
394 4511 551 4580 δόξης
581 4512 655 4581 τῷ
680 4514 745 4583 τῇ
772 4513 1071 4583 δπουρανίῳ
1105 4514 1353 4567 πλακέντι
1375 4514 1530 4577 Σιὼν,

133 4594 171 4655 λ’ς
200 4600 292 4660 τοίς
333 4600 527 4653 ἕνδεκα
564 4604 958 4672 συνηρτημένος
987 4618 1002 4632 ·
1054 4605 1083 4657 ό
1132 4605 1467 4674 μαργαρίτης
1504 4607 1533 4657 ό

130 4680 329 4757 ιλαμπής.
346 4689 399 4741 ὐ
419 4688 641 4760 γνώμης
665 4691 942 4761 ἁπλότητι,
960 4693 1049 4746 καὶ
1074 4694 1185 4755 νοὸς
1210 4694 1530 4761 καθαρότητι

133 4778 367 4848 ιλφανάτητι
393 4780 514 4832 ὅλον
544 4781 603 4833 τὸ
630 4781 839 4847 ἀπλοῦν,
856 4784 968 4851 φῶς
997 4785 1088 4835 καὶ
1116 4783 1397 4853 θεαρχικὸν
1424 4786 1533 4836 ela-

132 4864 315 4932 ὶιγμένος
335 4908 349 4933 ,
384 4871 477 4922 καὶ
506 4871 928 4941 μεγαλοπρεπεῖς
956 4871 1047 4940 ἀφ’
1073 4873 1260 4926 ἑαυτοῦ
1287 4875 1395 4937 τοῖς
1420 4874 1535 4937 ἱζο-

134 4954 278 5019 ιμὲνας
301 4959 469 5012 ἔθνεσι
493 4961 594 5023 τὰς
620 4961 1033 5026 ἀντανακλάσεις
1068 4963 1401 5033 ἀποπέμπων
1426 4964 1533 5016 τῶν

134 5045 318 5112 κωμῶν.
348 5048 566 5118 Θωμᾶς,
593 5051 623 5103 δ
661 5051 754 5104 καὶ
793 5051 1048 5122 Δίδυμος·
1079 5049 1236 5106 τοῦτο
1280 5052 1388 5123 γὰρ
1439 5052 1531 5107 τοῦ

136 5194 166 5225 ⁸
199 5198 313 5256 Pal.
347 5220 521 5267 cxxvr,

138 5306 215 5426 ξι)
239 5309 668 5397 ’Δγτιϐολῶμετί
696 5317 868 5398 Malim
909 5306 1300 5400 ἀντισαλῶμεν,
1332 5321 1527 5391 vixque

138 5408 139 5421 ι
170 5387 267 5426 item
286 5383 512 5426 Numam
556 5385 714 5426 ςιιιιρι-
739 5400 1029 5426 cna-anesum.
1082 5403 1171 5426 nm
1206 5397 1349 5426 tnhxc
1399 5393 1527 5426 all"-

135 5383 267 5457 ίΡὶῑςὶμ
286 5383 533 5457 Νἱοειοιιιξ
555 5385 714 5457 aliter
739 5386 1034 5457 scripsisse,
1066 5383 1350 5457 qui'totus
1398 5383 1532 5443 al'lu-

142 5447 386 5505 tadlocum
408 5454 600 5522 psalmi
618 5469 773 5526 cxxvt
802 5447 868 5508 dé
910 5447 1118 5526 judicio
1133 5525 1137 5526 ί
1162 5458 1215 5509 in
1242 5468 1392 5526 porta
1426 5459 1531 5511 lle-

138 5526 289 5597 ?mtn
314 5536 467 5584 more,
486 5522 633 5590 quod
666 5530 851 5575 auctor
876 5522 1258 5597 ad_judicium'
1287 5527 1447 5578 trahit
1477 5528 1529 5597 in

142 5589 198 5632 ιω
214 5589 313 5661 vitae
335 5598 483 5661 atque
504 5589 758 5661 excessit,
800 5607 920 5644 cum
952 5589 1140 5646 beatus
1175 5609 1383 5655 revera,
1437 5596 1529 5661 qui

136 5661 169 5699 ιιι
188 5651 519 5723 confundetur,
547 5673 671 5711 cum
702 5658 949 5726 loquetur
979 5661 1247 5728 inimicis;
1272 5651 1393 5717 cum
1418 5651 1493 5717 sci

1626 4450 1779 4496 vocat
1812 4441 2180 4495 celebrandam
2208 4440 2447 4510 gloriam.
2473 4439 2703 4493 Thomas
2736 4439 2988 4515 nimirum
3028 4455 3150 4509 pre-

1627 4526 1797 4584 tiosus
1826 4530 1961 4598 lapis
1986 4545 2050 4583 ac
2071 4530 2390 4584 venerabilis
2416 4530 2723 4596 electusque
2748 4569 2762 4592 ,
2801 4543 3011 4583 corona:
3038 4529 3155 4598 glo-

1627 4619 1720 4672 riae
1744 4619 1947 4673 caelesti
1966 4620 2132 4687 plexae
2156 4619 2301 4673 Sioni
2334 4660 2348 4684 ,
2373 4618 2621 4672 undecim
2655 4619 2939 4688 adjunctus
2967 4619 3155 4687 imple-

1628 4722 1834 4775 xusque
1859 4716 2103 4761 catervae.
2125 4708 2400 4777 Margarita
2418 4706 2559 4760 omni
2587 4696 2737 4774 parte
2762 4707 2973 4761 lucidus
3002 4747 3017 4771 ,
3038 4708 3156 4760 ani-

1630 4796 1701 4848 mi
1729 4796 2063 4864 simplictiate
2092 4796 2392 4864 mentisque
2428 4795 2659 4864 puritate
2686 4810 2749 4849 ac
2773 4796 3155 4864 perspicuitate

1573 4933 1577 4937 .
1630 4891 1743 4958 toto
1781 4882 1895 4950 ipso
1913 4882 2140 4951 simplici
2169 4882 2455 4949 divinaque
2506 4882 2709 4936 lumine
2736 4882 2857 4934 sinu
2880 4892 3150 4950 suscepto,

1629 4970 2041 5039 magnificosque
2070 4986 2099 5023 a
2136 4985 2193 5023 se
2215 4972 2330 5039 ipso
2360 4970 2616 5025 obczecati
2640 4969 2864 5039 caligine
2904 4970 3153 5039 gentibus

1630 5056 2043 5135 illustrationum
2068 5058 2299 5129 fulgores
2333 5058 2567 5113 refractu
2604 5058 2855 5113 emittens
2897 5058 3147 5124 Thomas,

1623 5296 1753 5376 licet
1773 5320 2140 5390 respondebit,
2174 5335 2237 5374 ac
2267 5321 2427 5375 verba
2455 5320 2623 5382 dabit,
2657 5320 2723 5373 iis
2772 5318 3146 5373 accusantibus

1609 5396 1689 5443 'ac
1730 5391 2083 5453 daemonibus,
2116 5405 2212 5458 pro
2245 5390 2328 5442 his
2360 5406 2479 5458 quae
2522 5391 2732 5458 illorum
2774 5390 2997 5441 maxime
3028 5400 3149 5451 sng-

1622 5458 1861 5536 gestione
1882 5456 2155 5526 peccavit;
2201 5459 2344 5536 quod
2379 5456 2812 5536 'estﬁv-cttialeiv
2840 5474 2851 5485 ·
2879 5472 2981 5536 non
3026 5468 3145 5536 cum

1624 5526 1730 5579 illis
1789 5537 2053 5587 occurret,
2101 5526 2243 5593 quod
2298 5526 2615 5588 ἀντιόαλεῖν,
2650 5535 2703 5576 σοι
2749 5526 3000 5577 remotius
3042 5532 3143 5583 est,

1624 5609 1716 5651 seu
1751 5596 2105 5659 communius,
2129 5610 2227 5650 nec
2255 5609 2568 5663 expressum
2602 5594 2631 5648 τι
2658 5594 2870 5649 Davidc.
