3950 6320
599 317 693 380 131

1764 307 2046 367 ΝῘΕΕΤᾹΞ
2074 305 2583 366 PAPHIAGONIS

3677 296 3798 358 I32

593 437 686 504 qui
709 443 764 486 et
791 429 1062 500 Didymus.
1089 423 1359 480 llmcenim
1397 422 1629 477 nominis
1648 421 2015 491 interpretatio
2037 429 2108 473 at-
2133 431 2150 481 Α

2246 421 2460 487 ιόματος
2488 420 2518 486 ἡ
2546 417 2799 486 δήλωσις’
2850 416 3071 486 Δίδυμος
3095 415 3149 468 δὲ
3179 412 3492 482 κεκλῆσθαι,
3531 411 3640 482 τῷ
3707 411 3796 480 μὴ

595 537 699 591 que
749 521 914 574 notio.
946 519 1112 573 Porro
1165 517 1417 584 Didymus
1476 513 1768 582 appellatus
1818 520 1900 564 est
1936 509 2110 578 ,quod

597 625 703 662 non
729 609 875 662 solus
901 647 914 670 ,
933 606 1025 661 sed
1040 619 1163 660 cum
1196 604 1364 657 altero
1387 602 1570 670 illique
1597 599 1852 670 gemellus
1870 613 1973 651 uno
1990 613 2112 666 par-

601 707 656 750 tu
681 695 860 750 editus
889 704 970 748 est
998 695 1065 745 “.

669 784 764 839 llic
783 799 911 838 vero
933 783 988 839 in
1014 791 1268 837 terrestre
1290 779 1483 835 cmlum
1510 776 1692 847 (aedem
1721 775 1926 830 scilicet
1947 775 2115 844 suam)

601 878 834 932 ﬁdelium
865 883 1065 930 turmas
1099 875 1151 927 in
1185 872 1498 926 concionem
1523 884 1719 922 vocans
1751 907 1765 930 ,
1790 881 1991 935 suaque
2015 867 2116 919 mi-

605 967 784 1020 racula
813 981 876 1019 ac
902 965 1154 1033 pwclara
1185 969 1331 1032 gesta
1354 959 1577 1029 spiritali
1607 957 1851 1012 convivio
1870 958 2118 1025 lautaque

600 1055 906 1123 epulatione
943 1065 1215 1119 apponens
1243 1089 1258 1111 ,
1306 1063 1517 1102 omnem
1573 1045 1848 1115 magniﬁce
1893 1045 2120 1112 dapibus

604 1145 772 1198 reﬁcit
801 1157 864 1196 ac
892 1149 1098 1195 recreat
1144 1140 1380 1192 animum
1412 1151 1555 1190 :non
1612 1137 1703 1204 qui
1731 1149 1953 1202 corpore
1991 1148 2120 1187 con-

605 1235 878 1304 spiciatur,
906 1231 999 1286 sed
1018 1231 1109 1300 qui
1135 1230 1324 1300 spiritu
1348 1226 1616 1291 credatur;
1642 1240 1740 1279 nec
1759 1226 1850 1292 qui
1881 1239 1985 1277 uno
2005 1224 2122 1278 loco

606 1337 889 1392 corporum
937 1336 1084 1375 more
1133 1316 1622 1375 circumscribatur,
1680 1315 1774 1368 sed
1812 1314 1904 1382 qui
1951 1312 2124 1366 omni»

607 1416 706 1467 bus
762 1422 874 1468 toto
895 1412 1025 1466 orbe
1075 1407 1328 1463 Ecclesiis
1365 1407 1582 1475 (quippe
1611 1405 1826 1459 divinus
1878 1404 2121 1472 spiritus,

609 1513 856 1571 tanquam
889 1517 953 1554 ex
979 1500 1088 1554 Deo
1112 1498 1313 1565 Spirit’u
1337 1505 1495 1549 natus
1522 1499 1542 1564 )
1570 1494 1868 1563 spiritalem
1893 1493 2119 1564 gratiam

610 1589 767 1642 solari
814 1584 1184 1655 persplendeat
1235 1581 1453 1644 micatu,
1482 1581 1735 1649 omnique
1793 1579 2128 1650 iucunditate

608 1678 913 1745 adimpleat;
948 1681 1109 1743 atque
1143 1686 1364 1740 operum
1395 1686 1614 1726 suorum
1645 1670 1813 1734 radio,
1845 1685 1939 1726 seu
1963 1671 2128 1724 clari-

2211 510 2385 578 μόνον,
2421 507 2537 576 μεθ’
2571 509 2752 575 ἑτέρου
2800 504 2854 558 δὲ
2900 506 3084 558 τοῦτον
3128 507 3190 557 ὲκ
3223 506 3348 574 μιᾶς
3377 502 3797 573 ἀποτεχθῆναι

2207 599 2455 667 γαστρός.

2279 763 2444 831 Οὗτος
2487 771 2670 836 ῶσπερ
2733 769 2810 830 είς
2869 767 3089 838 οὐρανὸν
3143 767 3376 840 ἐπίγειον
3428 768 3520 822 τδν
3589 763 3797 819 αὐτοῦ

2212 861 2331 912 ναὸν
2358 859 2467 929 (22)
2499 855 2862 926 ἐκκλησιάζων
2907 857 2974 910 τὰ
3027 859 3338 927 συστήματα
3381 858 3486 911 τῶν
3516 856 3797 914 πιστῶν.

2215 954 2306 1006 καὶ
2341 950 2703 1020 πνευματικὴν
2736 949 3048 1002 πανδαισίαν
3072 950 3138 1002 τὰ
3162 951 3332 1002 οίκεία
3369 948 3641 1018 θαύματα
3680 947 3793 999 καὶ

2214 1043 2599 1111 κατορθώματα
2631 1040 2916 1108 προτιθεὶς,
2951 1040 3126 1093 πᾶσαν
3154 1040 3304 1110 ἑστιᾷ
3342 1039 3658 1108 φιλοτίμως
3687 1037 3800 1090 καὶ

2216 1133 2543 1198 κατατέρπει
2585 1131 2791 1200 ψυχήνο
2843 1129 2904 1182 οὐ
2953 1129 3029 1197 τῷ
3079 1129 3288 1197 σώματι
3333 1127 3796 1199 καθορώμενος,

2217 1225 2348 1278 ἀλλὰ
2375 1223 2452 1292 τῷ
2482 1224 2748 1291 πνεύματι
2778 1221 3155 1290 πιστευόμενος
3178 1235 3194 1250 ·
3222 1219 3327 1272 οὐδ’
3356 1219 3434 1272 ἑνὶ
3462 1221 3628 1289 τόπῳ
3678 1234 3800 1271 πι-

2223 1315 2630 1386 ριγραφόμενος,
2649 1313 2722 1374 ὡς
2747 1311 2814 1364 τὰ
2835 1311 3054 1382 σώματα
3075 1329 3090 1345 ·
3120 1314 3236 1374 ταῖς
3257 1311 3558 1381 ἁπανταχοῦ
3583 1311 3656 1364 δὲ
3681 1308 3800 1379 τῆς

2220 1407 2536 1474 οἰκουμένης
2567 1402 2929 1471 Ἐκκλησίαις,
2973 1403 3065 1456 ἅτε
3112 1403 3322 1473 πνεῦμα
3359 1402 3434 1456 ὢν
3477 1403 3675 1464 θεῖον,
3708 1400 3800 1462 ὡς

2221 1482 2490 1564 Πνεῦματι
2515 1493 2646 1547 Θεοῦ
2671 1493 2962 1560 γεννηθεὶς,
2991 1493 3088 1561 τὴν
3118 1494 3307 1562 νοητὴν
3348 1491 3651 1562 ὴλιοὸολῶν
3682 1489 3800 1560 χά-

2228 1602 2327 1655 ριν.
2357 1585 2450 1637 καὶ
2481 1584 2656 1652 πάσης
2699 1582 2960 1652 θυμηδίας
2998 1583 3250 1652 πληρῶν,
3285 1583 3376 1635 καὶ
3411 1581 3497 1634 διὰ
3521 1581 3634 1648 τῆς
3667 1579 3799 1632 τῶν

2229 1675 2368 1729 ίδίων
2412 1674 2583 1743 ἔργων
2623 1673 2938 1742 ἑκλάμψεως
2989 1671 3022 1740 ἢ
3071 1671 3348 1742 ὑμνήσεως
3387 1670 3633 1736 δοξάζων
3685 1668 3796 1721 τὸν

608 1775 739 1828 tate,
759 1743 975 1830 Patrem
1003 1760 1096 1829 qui
1137 1759 1192 1812 in
1228 1757 1377 1813 caelis
1398 1766 1501 1821 est,
1534 1756 1865 1827 glorificet“.
1891 1757 2131 1826 Cumque

2246 1763 2443 1833 [Ιατέρα
2487 1765 2575 1815 τὸν
2615 1763 2671 1814 ιν
2701 1765 2812 1824 τοῖς
2854 1762 3112 1830 οὐρανοῖς.
3148 1759 3254 1813 Καὶ
3279 1761 3325 1812 εί
3352 1759 3552 1831 περιὼν
3576 1758 3675 1811 ἔτι
3705 1758 3796 1826 τῷ

610 1854 786 1909 adhuc
805 1854 927 1907 vitae
945 1858 1214 1919 superstes
1236 1863 1300 1903 ac
1321 1849 1374 1901 in
1405 1860 1566 1902 carne
1598 1861 1758 1918 agens
1789 1886 1805 1912 ,
1834 1846 1976 1901 aliud
1999 1847 2134 1902 nihil

613 1955 724 1999 tum
743 1941 940 2004 verbis,
962 1949 1073 1994 tum
1095 1939 1348 2008 Operibus
1369 1947 1666 2008 praestaret,
1693 1953 1851 2007 quam
1867 1938 2008 2009 quod
2033 1939 2134 1994 Pa-

613 2033 1004 2088 trivideretur:
1035 2029 1230 2100 potiori
1260 2028 1412 2097 longe
1439 2028 1646 2082 ratione
1670 2041 1895 2096 corpore
1909 2027 2149 2091 solutus;

613 2141 676 2179 ac
701 2121 890 2193 spiritu
916 2122 1024 2175 Deo
1049 2127 1501 2187 contemperatus,
1522 2118 1669 2172 nullo
1692 2118 1847 2172 taedio
1874 2133 1937 2171 ac
1954 2117 2138 2173 labore

616 2211 972 2280 temporisque
993 2208 1440 2273 momento,velut
1459 2207 1697 2278 quaedam
1733 2207 1964 2264 cmlestis
1991 2223 2140 2265 mens

615 2304 800 2356 orbem
831 2315 1146 2372 pervagans,
1204 2308 1532 2368 cunctosque
1588 2299 1746 2354 simul
1790 2314 2020 2367 superne
2055 2300 2141 2352 ln-

617 2402 793 2450 tnens,
815 2391 881 2445 ad
910 2391 1004 2444 Dei
1031 2389 1238 2444 laudem
1265 2403 1328 2443 ac
1347 2389 1568 2460 gloriam
1596 2393 2057 2458 aperum'suorum
2078 2402 2142 2445 ac

615 2482 920 2550 passionum
950 2479 1226 2542 memoria,
1245 2476 1448 2530 alacres
1472 2475 1668 2530 reddit.

722 2588 954 2642 Thomas
977 2588 1153 2656 itaque
1181 2593 1303 2638 ante
1325 2584 1510 2638 mundi
1537 2583 1992 2649 constitutionem,
2013 2598 2146 2638 con-

620 2679 805 2732 formis
833 2676 1045 2730 futurus
1092 2673 1338 2744 imaginis
1353 2671 1622 2743 Unigeniti
1654 2673 1898 2742 cognitus
1927 2687 1989 2728 ac
2012 2687 2148 2743 pras-

592 2769 936 2829 'destinalus,
983 2764 1126 2834 quod
1147 2771 1357 2832 tempus
1382 2753 1728 2831 apparitionis
1775 2762 1994 2824 aderat,
2023 2761 2146 2830 qui-

623 2873 727 2926 que
754 2856 1102 2926 apostolicum
1146 2863 1388 2908 senatum
1434 2859 1613 2905 essent
1655 2850 1924 2920 impleturi
1959 2857 2150 2920 praesto

625 2947 855 3016 eligendi
885 2955 1057 3009 erant,
1090 2933 1202 3014 ipse
1227 2943 1427 3012 pariter
1454 2956 1574 2995 cum
1599 2942 1821 3010 reliquis
1839 2941 1904 2994 ad
1945 2955 2150 2996 sacram

2233 1855 2330 1927 βίῳ
2351 1855 2444 1908 καὶ
2469 1853 2545 1923 τῷ
2571 1853 2791 1923 σαρκίῳ,
2821 1854 2919 1906 οὑκ
2946 1852 3071 1906 ἄλλο
3096 1869 3147 1904 τι
3177 1851 3210 1922 ἢ
3241 1850 3394 1915 δόξαν
3414 1849 3471 1902 ιν
3495 1865 3554 1902 τε
3582 1847 3795 1915 λόγοις

2232 1947 2324 1999 καὶ
2357 1944 2535 2015 ἔργοις
2562 1939 2943 2012 κατειργάζετο
2984 1942 3063 2012 τῷ
3103 1941 3295 2011 Πατρὶ,
3341 1940 3519 2009 πολλῷ
3564 1937 3796 2009 μᾶλλο·

2233 2034 2321 2089 τοῦ
2355 2034 2601 2104 σώματος
2624 2032 2927 2096 ἀπολυθεὶς,
2962 2032 3056 2085 καὶ
3083 2029 3158 2100 τῷ
3185 2031 3450 2100 πνεύματι
3471 2029 3591 2100 Θεῷ
3639 2044 3794 2095 cur-

2235 2124 2472 2196 κραθεὶς,
2500 2123 2794 2192 ἀκαμάτως
2818 2139 2874 2175 τε
2904 2122 2993 2174 καὶ
3016 2122 3273 2192 ὰχρόνως.
3297 2116 3385 2174 οἷά
3411 2137 3492 2182 τις
3517 2119 3792 2188 οὐράνιος

2236 2213 2376 2283 νηῦς,
2407 2213 2502 2282 τὴν
2524 2213 2838 2281 οἰκουμένην
2866 2210 3042 2268 διιὼν.
3074 2207 3167 2262 καὶ
3191 2209 3392 2263 ἄνωθεν
3419 2209 3634 2270 πάντας
3663 2207 3794 2276 ἅμα

2237 2304 2590 2371 καταθεωρῶν
2609 2323 2621 2335 -
2644 2302 2781 2373 πρὸς
2807 2300 3019 2354 ἔπαινόν
3038 2317 3096 2354 τε
3120 2300 3213 2352 καί
3235 2299 3409 2363 δόξαν,
3430 2299 3515 2352 διὰ
3537 2298 3649 2367 τῆς
3672 2296 3796 2350 τῶν

2239 2397 2447 2452 οἰκείων
2488 2395 2663 2466 ἔργων
2715 2394 2809 2448 καὶ
2860 2391 3044 2446 παθῶν
3095 2392 3328 2462 μνήμης,
3386 2389 3790 2461 ἀναπτερῶσαι

2239 2486 2393 2541 Θεοῦ.
3211 2478 3220 2487 ’

2310 2571 2475 2640 Οὗτος
2505 2576 2612 2646 γὰρ
2645 2575 2750 2646 πρὸ
2780 2574 2876 2645 τῆς
2900 2572 2992 2626 τοῦ
3027 2574 3228 2643 κόσμου
3265 2570 3595 2644 καταϐολῆς,
3634 2554 3763 2640 σῦμ

2191 2727 2196 2738 Δ
2246 2680 2447 2736 μορφος
2489 2661 2702 2715 ἔσεσθαι
2739 2661 2838 2731 τῆς
2878 2661 3076 2722 είκόνος
3120 2660 3213 2713 τοῦ
3247 2658 3572 2726 Μονογενοῦς
3604 2660 3788 2728 ἔγνω·

2248 2755 2437 2824 σμένος
2463 2753 2556 2808 καὶ
2583 2751 3000 2822 προωρισμένος,
3033 2749 3216 2819 ἐπειδὴ
3259 2749 3355 2818 τῆς
3398 2750 3726 2817 ἐπιφανείας
3758 2750 3788 2801 ὁ

2245 2849 2432 2918 χρόνος
2478 2844 2677 2914 παρῆν,
2707 2843 2800 2898 καὶ
2841 2844 2870 2895 ό
2916 2843 3015 2911 τῆς
3054 2841 3162 2894 τῶν
3207 2841 3510 2895 ἀποστόλων
3539 2841 3789 2911 ικλογῆς

2248 2934 2597 3004 παρειστήκει
2633 2930 2833 3000 καιρὸς,
2867 2933 2999 2999 μετὰ
3024 2931 3131 2983 τῶν
3157 2930 3326 2983 ἄλλων
3359 2933 3451 2984 καὶ
3478 2931 3664 2995 αὐτὸς,
3704 2933 3786 2994 τις

626 3032 768 3086 illam
790 3035 1120 3084 vocationem
1142 3028 1309 3081 evasit
1335 3044 1349 3082 :
1379 3036 1722 3095 vocatusque,
1745 3027 1883 3080 haud
1911 3028 2149 3097 segnium

2250 3025 2346 3095 τὴν
2374 3023 2524 3095 ίερὰν
2547 3021 2756 3090 ἐκείνην
2780 3021 3052 3090 ἀπήντησε
3080 3020 3267 3089 κλῆσιν
3285 3036 3300 3051 ο
3329 3021 3420 3072 καὶ
3441 3019 3697 3090 κληθεὶς,
3722 3022 3787 3073 οὒ

628 3132 776 3172 more
801 3124 1076 3172 vocantem
1093 3115 1306 3185 repulit;
1331 3123 1423 3169 aut
1441 3130 1562 3170 cum
1582 3115 1906 3176 obaudisset,
1940 3132 2002 3171 ac
2035 3126 2152 3171 tan-

627 3210 796 3277 tisper
824 3207 898 3261 illi
927 3206 1254 3271 adhaesisset;
1277 3206 1422 3260 velut
1445 3205 1519 3258 illi
1549 3220 1775 3274 quorum
1816 3206 2024 3262 modica
2085 3221 2150 3262 ac

628 3307 825 3353 nutans
899 3297 1050 3362 ﬁdes,
1104 3295 1439 3365 postmodum
1455 3295 1566 3349 abit
1584 3305 1729 3350 retro
1754 3310 1816 3350 ac
1842 3295 2030 3364 pedem
2061 3310 2149 3351 re-

703 3437 746 3468 “
769 3435 924 3490 Joan.
953 3451 1040 3501 xx,
1075 3435 1163 3489 9.4.
1239 3435 1283 3466 "
1313 3433 1352 3488 ll
1376 3434 1499 3490 Cor.
1551 3450 1634 3499 ιιι,
1660 3435 1744 3489 l7.

707 3576 826 3645 (ﬁt
849 3571 957 3645 Τόν
982 3572 1163 3645 acroi)
1194 3573 1357 3645 ναόν.
1381 3571 1880 3645 Eratbochomaa
1902 3567 2159 3642 templum

637 3639 963 3710 in'palatio,
998 3654 1044 3710 _a
1080 3639 1265 3710 Leone
1282 3640 1460 3694 Basilii
1488 3639 1597 3710 ﬁlio
1638 3639 2160 3703 instauratum,'cum

639 3707 886 3765 incendio
909 3707 1164 3762 foedatum
1196 3707 1417 3772 fuisset;
1444 3723 1546 3777 qua
1570 3708 1636 3763 de
1662 3725 1719 3763 re
1755 3718 1930 3763 exstat
1967 3725 2074 3763 una
2107 3717 2164 3764 et

638 3779 951 3847 alteraejus
971 3778 1164 3839 oratio,
1189 3791 1348 3845 quam
1383 3791 1500 3830 meo
1528 3778 1664 3847 stylo
1692 3777 1915 3847 produxi
1937 3777 2002 3847 ad
2037 3780 2156 3847 ejus

638 3851 780 3903 diem
807 3846 1020 3907 festum,
1042 3861 1104 3898 ex
1127 3862 1225 3916 ms.
1254 3847 1513 3916 eminent.
1529 3846 1675 3899 card.
1699 3846 1970 3909 Mazarini,
1993 3846 2045 3899 in
2059 3846 2165 3916 quo

639 3926 694 3972 et
717 3919 833 3987 ejus
844 3922 1022 3987 caput,
1040 3915 1182 3987 quod
1207 3915 1341 3966 forte
1357 3913 1555 3967 Edessa
1568 3916 1880 3987 translatum
1891 3925 2054 3987 esset;
2071 3913 2162 3970 ubi

640 3982 766 4040 oliui
785 3983 991 4053 creditu
1001 3998 1048 4034 ιιι
1071 3984 1189 4051 ejus
1205 3997 1398 4053 corpus
1410 3997 1546 4047 esse,
1565 3997 1686 4036 cum
1706 3984 1843 4044 lndi,
1861 3982 2017 4053 apud,
2027 3993 2163 4053 Quos

641 4051 896 4177 Lnartyriu
917 4051 1134 4106 functus
1170 4059 1273 4115 est,
1291 4052 1582 4106 etiamnum
1606 4061 1796 4121 putent
1813 4068 1870 4107 se
1893 4052 2022 4106 illud
2047 4051 2161 4107 'ba-

679 4138 789 4177 ere.

679 4138 789 4177 ere.

711 4192 852 4259 Num,
869 4189 1079 4242 Baronii
1096 4187 1253 4259 faciat
1280 4189 1408 4259 satis
1421 4191 1700 4258 expositio,
1727 4199 1784 4244 ut
1808 4206 1932 4259 pars
1947 4187 2164 4245 exuvia-

643 4276 763 4314 rum
796 4258 1114 4328 Thomaeex
1160 4257 1309 4311 lndia
1352 4258 1602 4312 Edessam
1631 4257 1903 4322 translata,
1953 4274 2076 4328 pars
2106 4259 2161 4312 in

644 4325 1375 4421 lrnflianm‘ansﬁritlhquietot
1407 4335 1551 4421 reti-Po
1584 4325 2158 4421 saculis,literum'af-
2189 4366 2231 4421 υ

643 4397 882 4465 fulgente
912 4394 1332 4465 illisﬂgentibus
1369 4410 1464 4464 per
1492 4396 1780 4465 EurOpazos
1834 4397 2121 4465 Evangelio
2141 4435 2157 4462 ,

644 4463 853 4517 detecta
880 4463 969 4526 sit,
995 4463 1083 4515 alii
1108 4464 1347 4530 rviderint
1370 4463 1398 4515 ι
1434 4463 1567 4518 mihi
1597 4463 1816 4518 omnino
1859 4480 1966 4519 non
1989 4463 2157 4530 Tacit,

646 4532 876 4602 quodet
903 4539 1063 4598 caput
1089 4529 1554 4602 constantinopoli
1606 4541 1662 4587 et
1706 4548 1898 4602 corpus
1925 4529 2160 4602 Edessae,

645 4601 763 4672 pari
785 4600 898 4672 fere
925 4600 1272 4672 veneratione
1296 4615 1356 4654 ac
1401 4600 1585 4656 Romae
1628 4600 1986 4672 apostolorum
2018 4601 2163 4656 Petri

645 4665 699 4752 et
738 4667 908 4752 Pauli,
951 4676 1009 4752 tit
1034 4665 1311 4752 Chrysost.
1338 4678 1529 4752 auctor
1560 4665 1678 4732 est,
1720 4671 1941 4752 etquod
1973 4670 2163 4724 inven-

647 4749 768 4809 tum
793 4737 846 4788 in
873 4736 1249 4809 lndia_corpus
1278 4753 1398 4790 cum
1431 4736 1995 4809 instrumentisipsius
2026 4754 2167 4791 mar-

649 4805 769 4873 tyrii
792 4844 806 4866 ,
842 4815 897 4855 et
930 4804 1087 4873 quale
1115 4804 1357 4859 veterum
1388 4807 1692 4862 narratione
1733 4804 2023 4870 habemus,
2059 4821 2166 4859 non

645 4873 920 4946 particulae
968 4873 1232 4946 corporis,
1272 4889 1410 4946 _cum_
1464 4883 1640 4946 tamen
1689 4877 1770 4946 (ut
1825 4876 1957 4930 ﬁdes
1989 4876 2166 4942 aliqua

651 4942 956 5020 apocrypho
989 4941 1176 4996 Abdita
1201 4941 1457 5020 habenda
1477 4945 1570 5010 sit)
1605 4941 1781 5020 statim
1821 4953 1940 5020 post
1967 4941 2166 5020 marty-

613 5072 616 5076 l
649 5013 787 5062 rium
819 5010 1078 5077 integrum
1103 5025 1133 5063 e
1162 5010 1412 5078 sepulcro
1435 5012 1577 5066 furto
1610 5010 1844 5066 ablatum
1879 5013 2060 5074 fuerit,
2109 5010 2166 5065 et

539 5151 541 5153 ι
649 5079 902 5153 Edessam
947 5086 1278 5144 asportatum
1303 5117 1317 5141 ,
1345 5080 1543 5153 relicto
1569 5083 1772 5135 tumulo
1816 5095 2034 5153 prorsus
2074 5095 2168 5133 va-

651 5163 773 5207 cuo,
805 5149 986 5214 sicque
1019 5156 1252 5213 reperto,
1287 5155 1346 5199 ut
1369 5147 1459 5200 illo
1490 5148 1628 5201 libro
1665 5147 1932 5202 narratur.
1981 5149 2169 5202 Putem

649 5216 818 5283 magis
849 5216 994 5275 ineo
1019 5214 1329 5286 contigisse,
1347 5216 1488 5286 quod
1508 5217 1573 5286 in
1605 5217 1856 5286 Stephani
1876 5225 2172 5283 protomar-

655 5282 787 5351 tyris
832 5282 1267 5352 corpore,iquod
1317 5282 1378 5336 in
1418 5284 1668 5352 Baptistae
1700 5282 1890 5352 'capite’
1908 5286 2168 5348 Romano,

654 5353 965 5421 Angeliaco,
993 5351 1332 5421 Atnbianensi
1365 5351 1506 5420 (ipso
1527 5354 1654 5406 olim
1680 5351 2169 5421 Constantinopoli-

658 5419 845 5482 tano);
885 5433 989 5486 qua
1022 5419 1089 5470 de
1113 5434 1187 5482 re,
1221 5419 1284 5473 ad
1338 5419 1702 5475 narrationem
1741 5421 1807 5475 de
1860 5419 2170 5478 inventione

659 5488 900 5556 corporis
929 5486 1468 5556 ejusdem'Step'hani,
1532 5500 1587 5543 et
1625 5490 1976 5544 translatione
2029 5492 2164 5545 Con.

569 5602 582 5606 _
660 5555 1083 5625 stantinOpolim,
1117 5555 1468 5610 Constantino
1499 5558 1818 5625 imperatore
1869 5571 1922 5612 et
1977 5561 2173 5613 Metro-

663 5623 838 5690 p'lianc
856 5624 1100 5694 episeopo
1129 5642 1141 5678 :
1165 5625 1305 5692 quod
1333 5623 1644 5690 donique—in
1678 5628 1978 5697 Magdalcna
2011 5630 2170 5684 chc-

2249 3112 2595 3183 παρῃτήσατο
2635 3109 2775 3163 κατὰ
2814 3111 2939 3173 τοὺς
2987 3109 3256 3181 ῥᾳθύμους
3300 3107 3390 3162 τὸν
3434 3110 3782 3181 κεκληκότα·

2249 3203 2355 3257 οὐδ’
2380 3203 2645 3273 ἐπήκουσε
2677 3201 2793 3272 μὲν,
2821 3200 2946 3271 ἄχρι
2987 3201 3043 3253 δὲ
3069 3202 3257 3271 καιροῦ
3292 3202 3651 3272 παραμείνας,
3701 3203 3785 3265 si;

2250 3295 2316 3350 τὰ
2344 3297 2515 3349 ὀπίσω
2553 3293 2693 3349 κατὰ
2731 3293 2855 3356 τοὺς
2899 3291 3263 3360 όλιγοπίστους
3294 3294 3626 3349 παλινοστεῐ·
3660 3291 3761 3348 οὐδ

2251 3572 2467 3628 liacensi
2492 3580 2546 3626 et
2566 3581 2749 3627 nostra
2765 3569 3193 3628 Sanmaximiana
3220 3569 3512 3628 provinciae
3527 3567 3784 3626 Phocen-

2253 3643 2355 3706 sis;
2382 3643 2777 3710 recentiorique
2800 3642 3059 3710 exemplo;
3072 3639 3128 3710 _in
3140 3638 3212 3710 _S.
3224 3638 3505 3710 )Iincentii
3539 3639 3783 3710 Ferreri_i

2252 3711 2362 3766 alio
2389 3711 2600 3780 alioque
2615 3707 2848 3780 corpore
2878 3708 3123 3780 Yepetiis
3137 3707 3192 3780 in
3221 3708 3614 3780 Britannia,_ne
3632 3707 3775 3780 quid

2255 3779 2429 3834 dicam
2459 3775 2528 3832 de
2565 3775 2847 3834 Vincentio
2880 3776 3042 3830 levita
3079 3775 3363 3832 Valentino
3415 3779 3468 3831 in
3521 3775 3780 3845 Hispania

2255 3847 2432 3902 adhuc
2459 3856 2722 3910 exstante,
2753 3855 2807 3901 et
2826 3845 3372 3914 Novempopulaniam
3402 3845 3541 3914 apud
3562 3844 3784 3914 castrat!

2259 3917 2523 3970 translato
2551 3933 2564 3970 :
2618 3931 2725 3984 quo
2756 3916 2874 3970 loco
2906 3913 3307 3984 venerationem
3341 3913 3574 3984 habebat
3602 3913 3781 3984 sancti

2256 3982 2719 4040 PatrisDominici
2740 3994 2915 4044 aetate,
2937 3983 3057 4051 ipso
3085 3982 3277 4052 eodem
3307 3983 3454 4038 illius
3479 3983 3580 4052 pio
3598 3983 3782 4052 culto:-

2256 4070 2336 4117 re,
2360 4054 2650 4138 habuitque
2673 4054 2811 4138 apud
2829 4048 2985 4138 meos
3009 4050 3406 4138 deicatores,
3425 4048 3681 4138 translata
3712 4048 3781 4138 ad

2255 4138 2347 4176 eos
2367 4121 2479 4176 aede
2513 4118 2590 4176 illi
2625 4118 2774 4176 sacra
2823 4136 2884 4175 ac
2932 4121 3192 4183 basilica,
3243 4120 3412 4175 donec
3460 4118 3778 4174 Calviniana

2258 4192 2406 4245 rabie
2435 4200 2622 4258 erepto
2649 4190 2892 4258 deposito
2929 4204 2990 4243 ac
3034 4188 3339 4258 disturbato
3361 4230 3376 4252 ,
3407 4189 3524 4258 ejus
3549 4187 3640 4258 ﬁdi
3678 4203 3781 4242 eu-

2256 4261 2438 4314 stodes
2463 4256 2562 4314 FF.
2593 4261 2697 4313 mei
2723 4256 2865 4313 illius
2892 4259 3081 4311 domus
3109 4256 3493 4312 Prsdicatorés
3516 4257 3582 4310 ad
3610 4256 3779 4311 unum

2258 4330 2508 4407 necati_et
2536 4329 2590 4407 in
2620 4337 2837 4396 puteum
2870 4325 3404 4407 projec.t_i,_marty_res
3430 4334 3486 4380 et
3511 4325 3611 4394 ipsi
3648 4340 3780 4380 con-

2260 4397 2450 4451 secrati
2475 4393 2641 4450 sunt}
2669 4393 2910 4463 novaque
2943 4393 3169 4447 excitata
3195 4393 3413 4448 basilica
3442 4409 3504 4447 ac
3531 4393 3772 4463 conven-

2260 4474 2338 4528 tu,
2363 4481 2427 4520 ex
2450 4465 2638 4518 eodem
2661 4462 2832 4533 puteo
2850 4465 2904 4517 in
2921 4477 3035 4515 eam
3058 4463 3202 4516 illata
3223 4478 3413 4533 nuper,
3435 4463 3522 4532 pia
3542 4462 3777 4533 fidelium

2259 4534 2590 4602 fratrumque
2618 4530 2894 4603 religione,
2920 4533 3156 4603 ipsorum
3183 4532 3404 4600 pignora
3425 4530 3450 4594 ;'
3494 4531 3692 4599 quibus
3711 4530 3777 4603 fi-

2261 4604 2381 4670 dem
2405 4598 2627 4666 faceret,
2654 4598 2854 4656 nedum
2879 4598 3002 4670 ipsa:
3015 4601 3200 4670 vigens
3224 4598 3583 4670 constansque
3609 4598 3780 4653 tradi-

2261 4668 2358 4732 tio,
2383 4671 2476 4725 sed
2499 4681 2554 4724 et
2579 4670 2816 4725 auctoris
2840 4668 3058 4738 aequalis
3078 4677 3222 4721 certa
3248 4668 3563 4735 sinceraque
3590 4682 3777 4720 narra-

2263 4741 2356 4802 tio,
2409 4739 2637 4794 faciente
2686 4739 2894 4807 copiam
2940 4738 3282 4807 integerrimo
3303 4745 3548 4807 sergtore
3576 4750 3778 4807 annosa

2262 4809 2528 4876 probitate
2582 4804 2826 4876 (ipsaque
2870 4806 3011 4858 avita
3053 4806 3109 4857 in
3143 4813 3330 4857 senatu
3380 4804 3666 4876 Tolosano)
3705 4804 3777 4857 cl.

2262 4874 2378 4930 viro
2396 4876 2458 4930 D.
2483 4874 2754 4930 Mare—not.
2777 4876 2889 4940 Qua
2925 4882 3069 4927 tanta
3101 4881 3407 4942 nostrorum
3445 4874 3777 4942 aliorumque

2263 4946 2650 4999 catholicorum
2680 4946 2734 4997 in
2752 4939 2816 4998 ea
2841 4942 2975 4996 urbe
3002 4951 3177 5009 strage
3197 4981 3212 5004 ,
3239 4939 3416 5009 aiebat
3450 4942 3558 4994 ille.
3576 4939 3778 4994 referre

2264 5023 2560 5076 auctorem,
2590 5013 2887 5082 oppidanos
2898 5008 3238 5066 Calvinianos
3266 5008 3584 5082 deterritos,
3606 5009 3777 5082 mala:

2264 5096 2368 5148 que
2398 5083 2500 5136 sibi
2534 5077 2713 5134 omnia
2746 5080 3029 5142 ominatos,
3055 5093 3160 5132 nec
3179 5092 3313 5131 vana
3338 5079 3676 5141 con'ectura,
3700 5077 3774 5130 uti

2265 5151 2353 5200 ille
2381 5152 2584 5200 aliquot
2610 5151 2664 5200 in
2684 5164 2801 5200 eam
2827 5165 2938 5200 rem
2966 5146 3231 5200 adductis.
3262 5160 3381 5200 uuae
3410 5095 3516 5200 iliis
3564 5147 3774 5200 sinistra

2265 5146 2353 5204 ille
2381 5152 2584 5219 aliquot
2610 5151 2664 5203 in
2684 5164 2801 5203 eam
2827 5165 2938 5219 rem
2966 5146 3231 5219 adductis,
3262 5146 3516 5219 quae_illis
3564 5147 3776 5200 sinistra

2267 5215 2627 5289 contigerunt,
2659 5233 2716 5272 se
2745 5215 3322 5289 conﬁceregexistimat.
3381 5217 3453 5270 Ea
3499 5217 3552 5269 in
3567 5229 3642 5289 ρο
3697 5224 3776 5269 te-

2268 5283 2442 5340 nenda
2474 5289 2723 5341 Praetoris
2771 5286 2880 5348 lex,
2910 5293 2970 5339 ut
3019 5285 3132 5354 ipse
3172 5283 3297 5337 alibi
3342 5293 3523 5338 monet
3567 5283 3774 5354 Baron.:

2268 5355 2568 5433 Quintenet,
2590 5352 3139 5433 teneat,__omnin9§ue
3169 5354 3463 5433 cavendum
3489 5369 3555 5406 ne
3596 5352 3776 5406 istius-

2268 5426 2411 5478 modi
2444 5426 2724 5494 obrepant,
2751 5424 2959 5491 aliaque
2983 5420 3102 5474 aliis
3152 5420 3450 5494 subdantur
3474 5430 3775 5494 sanctorum

2270 5496 2511 5562 pignora,
2543 5485 2624 5547 vel
2654 5495 2814 5546 etiam
2844 5485 2954 5558 ipsa
2985 5503 3088 5541 non
3120 5498 3301 5562 sancta
3331 5507 3342 5541 :
3381 5490 3432 5540 in
3460 5485 3774 5562 quibus-etsi

2271 5554 2373 5614 novn
2407 5554 2567 5627 perit,
2591 5570 2743 5615 nutat
2774 5554 2950 5612 tanien
2971 5571 3092 5609 vera
3116 5559 3304 5626 religio
3333 5573 3391 5610 ac
3424 5554 3596 5625 pietas
3621 5554 3776 5611 Chri-

2272 5641 2460 5682 sltana.
