3950 6320
625 292 728 356 135

1792 287 2080 349 ΝΙΟΕΤιΕ
2118 284 2632 351 PAPHLAGONIS

3693 286 3796 349 136

627 407 721 461 tati
756 420 872 477 eius
904 406 1169 477 corporis,
1210 403 1356 476 quod
1399 417 1615 474 passum
1658 411 1777 458 erat
1825 404 1986 470 atque
2037 414 2168 453 mor-

2268 399 2594 461 ἀναστάντος
2626 396 2896 469 τεκμήρια
2920 395 3218 467 τιθέμενος,
3247 398 3343 468 τὴν
3369 397 3638 469 μακαρίαν
3666 401 3804 454 ὲκεί-

630 505 802 559 tuum,
827 505 973 551 certa
1001 494 1197 549 indicia
1232 501 1498 555 statuens,
1523 493 1806 572 clavorum
1827 491 1882 544 in
1915 489 2164 544 manibus

625 569 960 665 {imusque
989 594 1199 664 apertas
1228 584 1542 649 cicatrices;
1567 569 1967 661 beatissimi-que
1983 579 2166 634 lateris

2267 504 2362 557 νην
2412 487 2546 556 μετά
2587 486 2685 556 τὴν
2722 486 3030 556 ψηλάφησιν
3076 486 3234 549 εὐθὺς
3270 486 3551 559 ἀνηρεύξω
3583 489 3760 557 φωνήν
3785 505 3800 518 ο

2279 577 2333 631 '0
2361 579 2572 648 Κύριός
2594 596 2731 647 μου,
2757 577 3196 649 ἀποκρινόμενος,
3229 580 3325 633 καί
3357 582 3389 632 ὁ
3419 582 3562 641 Θεός
3585 596 3701 646 μου
3727 582 3747 634 !

623 679 823 734 lanceae
867 679 1181 746 fossionem,
1233 695 1356 735 mox
1399 695 1461 736 ac
1504 685 1916 740 contrectasses,
1979 673 2190 730 beatam
2256 672 2402 729 illam
2457 687 2644 728 vocem
2693 671 2950 727 eructasti
2975 711 2991 738 ,
3044 686 3109 727 ac
3159 671 3505 742 respondisti.
3555 670 3806 727 Dominus

624 784 769 822 meus
791 776 838 822 et
857 768 991 823 Deus
1022 786 1163 825 meus
1181 770 1249 825 ".
1889 841 1892 844 ,
2000 812 2002 814 τ

576 866 580 872 ’
694 857 737 914 Ο
768 868 1007 914 sanctam
1031 875 1218 916 vocem
1245 870 1431 917 sancto
1451 861 1655 930 Spiritu
1679 858 2012 915 sanctissime
2037 871 2168 926 pro-

623 950 825 1005 latam!
861 967 982 1022 qua:
1006 953 1214 1008 scilicet
1257 955 1622 1023 apostolorum
1651 964 1860 1008 mentes
1894 950 2171 1006 constabi-

551 1110 555 1115 ἡ
625 1041 760 1105 livit,
805 1042 1136 1098 dubietatem
1173 1036 1596 1111 curavit,"flrma
1623 1053 1848 1098 cunctos
1887 1041 1992 1098 ﬁde
2021 1055 2170 1098 com-

623 1132 826 1201 posuit.
865 1130 908 1186 0
941 1132 1160 1188 brevem
1201 1144 1417 1200 vocem,
1463 1150 1708 1204 magnam
1742 1134 1797 1188 in
1826 1149 1883 1188 se
1915 1134 2170 1188 virtutem

625 1221 938 1276 habentem!
961 1239 1080 1292 quae
1102 1223 1353 1279 videlicet
1373 1224 1668 1295 proﬂigatis
1688 1225 1971 1288 haereticis,
2010 1235 2171 1280 rectae

624 1323 837 1364 omnem
859 1309 983 1377 ﬁdei
1005 1311 1243 1381 regulam
1265 1311 1518 1368 illustret.
1538 1312 1788 1368 Dominus
1811 1329 1952 1367 meus
1969 1321 2016 1366 et
2035 1313 2170 1368 Deus

611 1400 799 1482 qam!
829 1400 944 1454 Non
977 1401 1435 1482 alius/Dominus,
1482 1413 1644 1473 atque
1683 1404 1820 1458 alius
1858 1405 2017 1460 Deus.
2051 1405 2170 1460 Non

594 1477 764 1545 "alius
797 1490 893 1560 qui
928 1477 1195 1561 palpatur,
1225 1494 1364 1549 alius
1388 1495 1482 1563 qui
1520 1509 1734 1549 omnem
1760 1503 1962 1550 tactum
1996 1495 2166 1565 fugit;

624 1581 719 1635 sed
778 1581 872 1653 qui
920 1591 1206 1653 assumpta:
1264 1585 1446 1640 carnis
1494 1586 1704 1640 ratione
1752 1587 2170 1656 comprehensus

625 1643 906 1735 Dominus,
931 1670 977 1725 is
1005 1643 1118 1740 ipse
1140 1672 1282 1726 Deus
1305 1688 1478 1739 meus,
1503 1682 1694 1728 natura
1713 1643 1929 1730 deitatis
1947 1677 2169 1758 omnino
2194 1643 2243 1704 Β

625 1757 908 1814 absolutus
939 1769 996 1814 et
1016 1759 1533 1829 incomprehensus;
1563 1763 1654 1832 qui
1688 1778 1932 1833 persona:
1960 1766 2168 1822 ratione

624 1845 1001 1914 singulariter;
1027 1848 1261 1918 gemine,
1284 1859 1524 1919 spectata
1545 1863 1673 1907 natu
1683 1870 1740 1906 ra
1751 1843 2168 1926 videaturatque

623 1935 898 1993 credatur.
932 1936 1021 1993 Sic
1036 1936 1326 1993 Christum
1358 1940 1501 1995 scire
1534 1943 1684 1997 velut
1716 1953 1917 2000 tessera
1953 1945 2169 2002 divinus

623 2025 801 2081 edicat
822 2027 1111 2097 Apostolus
1133 2045 1148 2084 :
1172 2044 1236 2084 ac
1260 2032 1402 2086 sicut
1425 2031 1614 2087 Petrus
1636 2041 1760 2088 ante
1784 2035 2087 2103 passionem
2108 2043 2166 2092 et

626 2111 1108 2183 resurrectionem,
1144 2119 1218 2174 ita
1247 2119 1337 2175 hic
1376 2136 1593 2191 quoque
1618 2121 1834 2178 Christo
1854 2125 1963 2194 jam
1999 2126 2169 2181 susci-

628 2211 759 2267 tato,
780 2206 923 2275 quod
951 2208 1005 2261 in
1033 2209 1129 2264 illo
1151 2226 1320 2266 unum
1352 2221 1437 2268 est
1471 2227 1536 2267 ac
1572 2213 1769 2283 duplex
1806 2215 2163 2284 praedicabat:

625 2309 854 2364 quorum
901 2299 1162 2356 Dominus
1204 2311 1509 2358 accuratam
1554 2305 1945 2360 confessionem
1997 2315 2166 2362 ratam

629 2386 866 2453 habens,
909 2405 1061 2444 suam
1108 2392 1162 2446 in
1201 2407 1265 2448 ea
1307 2393 1463 2450 firma
1495 2395 1614 2451 basi
1660 2396 2024 2452 constabilivit
2062 2397 2166 2453 Ec-

632 2470 870 2553 elesiam.

694 2570 848 2638 Quod
879 2587 1010 2626 vero
1052 2572 1288 2642 Spiritus
1324 2585 1544 2632 sanctus
1577 2591 1611 2632 a
1647 2576 1806 2639 Patre
1841 2592 1939 2646 per
1971 2577 2165 2633 Filium

628 2659 798 2728 (juxta
840 2653 984 2727 quod
1021 2660 1152 2714 olim
1175 2662 1514 2730 promissum
1554 2662 1754 2730 fuerat)
1786 2664 1990 2720 effusus
2017 2674 2164 2732 erat;

627 2747 881 2818 plenique
911 2748 1058 2803 illius
1094 2741 1294 2805 virtute
1334 2751 1615 2822 discipuli,
1643 2753 1928 2823 aﬂlatuque
1954 2755 2165 2824 repleti,

627 2837 810 2906 gratiae
839 2837 892 2892 in
925 2839 1116 2907 seipsis
1143 2843 1534 2912 parturiginem
1564 2844 1841 2899 continere
1880 2860 1988 2899 non
2017 2847 2165 2901 vale-

620 2909 792 2992 bant;
828 2943 892 2983 ac
925 2929 1029 2983 nisi
1063 2909 1158 2999 per
1200 2931 1510 2986 universum
1552 2933 1720 3001 sparsi
1753 2934 1959 3001 orbem,
1999 2936 2162 2990 alius~
2185 2971 2231 3034 ο

627 3031 734 3086 que
754 3017 910 3072 aliam
932 3017 986 3071 in
1006 3033 1070 3073 eo
1085 3020 1394 3089 complexus
1407 3022 1700 3087 nationem,
1723 3023 1903 3078 divina
1920 3025 2161 3080 bonitate

627 3108 995 3187 impartirent;
1050 3125 1151 3165 nec
1194 3111 1304 3165 Deo
1351 3112 1586 3167 mittenti
1630 3114 1857 3182 placita”,
1893 3130 1994 3171 nec
2035 3116 2161 3187 Jesu

526 3197 533 3204 ’
625 3185 960 3269 benignitate
981 3212 1140 3269 atque
1171 3209 1438 3271 praecepto
1468 3202 1648 3272 digna,
1673 3203 1908 3261 facturos
1936 3222 1993 3263 se
2017 3185 2161 3262 arbi-

626 3287 951 3342 trabantur:
992 3289 1081 3342 alii
1117 3289 1298 3359 itaque
1334 3291 1443 3345 alio
1481 3291 1632 3347 missi
1671 3297 1919 3363 apostoli,
1955 3313 2056 3367 pro
2094 3312 2160 3352 eo

627 3378 816 3448 utique
859 3392 923 3433 ac
969 3390 1159 3433 auctor
1209 3381 1322 3449 ipse
1369 3381 1758 3449 mittendorum
1815 3388 2157 3457 decreverat;

625 3467 1015 3537 probatissima;
1054 3477 1234 3522 autem
1271 3470 1488 3526 virtutis
1530 3480 1720 3542 terque
1759 3478 1990 3533 maximo
2031 3478 2161 3549 (quo

626 3554 694 3609 de
712 3555 935 3625 agimus)
963 3555 1122 3609 Verbi
1156 3557 1443 3627 discipulo,
1465 3577 1586 3615 cum
1615 3562 1954 3628 Parthorum,
1981 3566 2163 3621 Medo-

626 3661 853 3714 rumque
878 3655 1039 3716 atquc
1077 3647 1162 3701 his
1198 3648 1519 3704 ulteriorum
1554 3650 1865 3723 Ethiopum
1896 3659 2162 3725 apostola-

627 3732 751 3790 tu'm-
770 3747 947 3802 nacto,
971 3752 1034 3791 ac
1053 3753 1160 3806 quo
1188 3738 1245 3793 in
1272 3755 1366 3794 eos
1387 3741 1548 3795 modo
1572 3757 1634 3797 ac
1654 3745 1862 3800 ratione
1884 3746 2162 3802 invaderet

629 3827 717 3896 (ad
742 3827 988 3880 homines
1010 3828 1215 3882 scilicet
1239 3830 1588 3899 proficiscens
1607 3841 1825 3904 aspectu
1847 3843 2027 3891 truces
2047 3838 2162 3891 ani-

626 3920 809 3986 mique
847 3916 1088 3972 moribus
1127 3919 1480 3991 acerbiores),
1509 3937 1572 3976 ac
1592 3939 1715 3977 cum
1747 3925 1828 3979 eis
1863 3925 1930 3979 de
1960 3925 2160 3995 pietate

625 4021 901 4062 sermones
939 4007 1223 4073 misceret,
1268 4009 1412 4065 baud
1454 4015 1586 4069 satis
1615 4025 1997 4071 succurreret:
2028 4019 2158 4087 quin

625 4108 679 4152 et
699 4099 873 4166 ipsum
894 4096 1006 4150 fere
1029 4098 1240 4152 illarum
1263 4101 1502 4171 gentium
1521 4107 1705 4160 oneris
1726 4107 1961 4173 taderet;
1986 4109 2160 4165 omnis

626 4192 682 4244 in
712 4198 962 4260 promptu
997 4191 1263 4246 dubitatio
1294 4203 1351 4248 et
1383 4197 1626 4251 anxietas
1661 4197 1882 4267 depulsa
1913 4207 2013 4253 est.
2045 4199 2160 4278 ipse

2337 857 2402 909 Ὢ
2426 845 2608 928 φωνῆς
2637 857 2817 925 ἁγίας,
2844 856 2986 928 άγίῳ
3021 856 3297 927 Πνεύματι
3333 856 3607 925 παναγίως
3625 873 3806 927 φωνη-

2267 944 2472 1015 θείσης,
2506 946 2600 999 καὶ
2626 948 2729 1010 τὰς,
2769 947 3127 1011 ἀποστολικὰς
3172 947 3403 1009 διανοίας
3439 945 3802 1018 ’στηριξάσης,

2266 1038 2358 1091 καὶ
2384 1037 2790 1108 θεραπευσάσης
2818 1038 2915 1109 τὴν
2944 1038 3392 1109 ἀμφιϐολίαν,καὶ
3419 1039 3552 1109 πρὸς
3581 1035 3804 1107 βεϐαίαν

2265 1130 2392 1192 τοὺς
2426 1129 2627 1193 πάντας
2683 1130 3099 1201 κατορθωσάσης
3136 1129 3344 1185 πίστινί
3371 1130 3436 1183 Ὠ
3463 1131 3645 1200 φωνῆς
3666 1129 3804 1199 βρα-

2267 1221 2436 1291 χείας,
2463 1219 2701 1291 μεγάλην
2731 1222 2789 1274 έν
2816 1221 2952 1292 αὐτῇ
2981 1220 3204 1290 δύναμιν
3238 1220 3484 1290 ἐχούσης,
3513 1218 3622 1273 τῶν
3653 1219 3805 1289 αἰρε-

2264 1309 2428 1364 τικῶν
2461 1310 2560 1378 μὲν
2612 1309 2984 1382 ἀφανιστικὴν,
3015 1309 3315 1380 ὀρθοδοξίας
3350 1309 3405 1362 δὲ
3438 1310 3615 1378 πάσης
3635 1308 3804 1364 οὖσαν

2265 1398 2626 1468 φωτιστικήνί
2672 1398 2734 1452 '0
2762 1399 2975 1467 Κύριός
2995 1416 3136 1467 μου,
3161 1398 3258 1452 καί
3286 1401 3320 1454 ό
3349 1399 3658 1466 Θεόςίμουί
3687 1399 3804 1453 Οὐκ

2264 1489 2419 1553 ἀλλος
2440 1493 2466 1544 6
2498 1488 2720 1560 Κύριος,
2750 1489 2845 1543 καὶ
2881 1488 3036 1553 ἀλλος
3080 1491 3109 1542 6
3149 1489 3300 1552 Θεός.
3328 1485 3621 1553 Οὺκάλλος
3644 1487 3672 1541 6
3698 1489 3804 1563 ψη-

2263 1577 2595 1649 λαφώμενος.
2625 1577 2720 1632 καὶ⁹
2765 1578 2918 1641 ἄλλος
2961 1578 2990 1631 6
3018 1578 3255 1647 ἀναφήςο
3292 1576 3405 1630 ἀλλ’
3446 1577 3474 1630 6
3514 1576 3592 1645 τῷ
3630 1594 3805 1648 προσ·

2267 1667 2509 1738 λήμματι
2533 1669 2734 1743 ληπτδς
2753 1668 2972 1738 Κύριος,
2989 1667 3147 1731 αὐτὸς
3167 1660 3318 1730 οὗτός
3345 1683 3443 1735 μου
3464 1665 3595 1731 Θεὸς
3624 1667 3804 1738 ἀκρά-

2267 1777 2422 1832 τητος
2439 1763 2504 1832 τῇ
2534 1760 2752 1832 θειότητι
2771 1761 2865 1813 καὶ
2911 1759 3178 1830 ἄληπτος*
3220 1757 3515 1827 μοναδικῶς
3545 1757 3644 1828 τὴν
3665 1757 3802 1810 ὑπό-

2268 1869 2473 1918 στασιν,
2498 1851 2694 1914 δυϊκῶς
2729 1850 2844 1922 ,τὴν
2877 1852 3036 1919 φύσιν
3075 1847 3342 1919 ὁρώμενος
3366 1847 3456 1901 καὶ
3479 1847 3806 1919 πιστιυόμο-

2266 1959 2375 2006 νος.
2403 1942 2584 2006 υῦτως
2607 1941 2802 1997 εἰδέναι
2825 1941 2915 1994 τὸν
2947 1940 3176 2012 Χριστὸν
3193 1941 3220 1994 6
3237 1940 3375 2004 θεῖος
3401 1938 3806 2011 παρειγγυάσθω

2265 2034 2463 2104 Θωμᾶς
2482 2051 2497 2067 ο
2528 2034 2622 2090 καὶ
2679 2033 2865 2104 ὥσπερ
2913 2034 2942 2087 6
2975 2032 3187 2104 Πέτρος
3213 2031 3319 2102 πρὸ
3345 2031 3436 2086 τοῦ
3465 2031 3668 2094 πάθους
3705 2033 3805 2085 καὶ

2263 2127 2362 2195 τῆς
2418 2125 2782 2188 ἀναστάσεως,
2831 2122 2970 2177 οὕτω
3008 2122 3146 2193 μετά
3176 2122 3274 2193 τὴν
3309 2122 3596 2176 ἀνάστασιν
3623 2112 3802 2184 οὗτος,

2263 2215 2322 2268 τὸ
2348 2214 2567 2276 ἑνοειδὲς
2594 2213 2688 2267 καὶ
2717 2211 2933 2277 διπλοῦν
2963 2211 3292 2283 ἀνεκήρυττι
3321 2210 3414 2265 τοῦ
3442 2209 3698 2284 Χριστοῦ,
3727 2202 3806 2264 ὧν

2262 2306 2324 2360 τὸ
2400 2305 2503 2374 τῆς
2558 2304 2839 2375 ὁμολογίας
2900 2305 2930 2358 6
3006 2303 3210 2374 Κύριος
3280 2300 3804 2372 ἑπισφραγιζόμενος

2264 2396 2506 2466 ἀκριϐὲς,
2532 2395 2617 2450 ἐπ’
2649 2388 2803 2471 αὐτῷ,
2841 2393 2938 2466 τὴν
2988 2393 3122 2448 ἰδίαν
3157 2391 3474 2463 Ἐκκλησίαν
3512 2392 3805 2464 ἀνιστὴρί-

2267 2485 2410 2551 ξατο.
2924 2494 2931 2502 ‘

2344 2576 2494 2629 Ἐπεὶ
2557 2574 2614 2629 δὲ
2664 2573 2726 2628 τὺ
2761 2571 2981 2645 Πνεῦμα
3017 2571 3077 2626 τὸ
3113 2570 3265 2641 ἀγιον
3289 2569 3378 2626 διὰ
3409 2568 3502 2624 τοῦ
3535 2569 3664 2624 Υἰοῦ
3695 2587 3804 2628 παι

2262 2663 2448 2735 τρόθεν
2476 2663 2614 2717 κατά
2642 2661 2740 2732 τὴν
2760 2659 3018 2716 ἀνέκαθεν
3043 2658 3371 2728 ἀπαγγελίαν
3407 2658 3641 2729 ἐξεχεῖτο
3653 2675 3679 2730 ον
3704 2660 3804 2712 καὶ

2263 2755 2490 2826 πλήρεις
2542 2753 2639 2824 μὲν
2686 2752 2785 2821 τῆς
2838 2751 3041 2805 ἑκείνου
3109 2749 3385 2820 δυνάμεως
3437 2750 3486 2803 οἰ
3537 2748 3803 2820 μαθηταὶ,

2263 2829 2496 2915 πλήρεις
2545 2843 2601 2897 δὲ
2646 2842 2924 2912 γενόμενοι
2979 2841 3074 2910 τῆς
3121 2839 3415 2911 ἐνεργείας,
3466 2838 3564 2912 οὐχ
3607 2836 3803 2893 οἷοίτε

2262 2929 2398 3005 ἦσαν
2420 2931 2519 3005 τὴν
2565 2931 2727 2987 ὠδῖνα
2772 2930 2869 3002 τῆς
2902 2929 3120 3002 χάριτος
3146 2930 3203 2984 έν
3226 2929 3431 2993 ἑαυτοῖς
3467 2932 3762 2998 κατασχεῖν
3786 2947 3799 2960 ·

2263 3024 2379 3080 ἀλλ’
2408 3025 2457 3079 εἰ
2487 3023 2560 3096 μὴ
2589 3022 2727 3077 κατά
2753 3021 2849 3093 τὴν
2893 3021 3206 3092 οἰκουμένην
3244 3019 3623 3109 διασπαρέντες
3645 3020 3800 3091 ὃλην,

2263 3115 2357 3171 καὶ
2381 3114 2554 3178 ἄλλος,
2584 3113 2712 3169 ἀλλο
2767 3129 2821 3166 τι
2853 3111 3013 3184 μέρος
3051 3111 3158 3165 τῶν
3182 3110 3268 3163 ἐπ’
3292 3111 3459 3181 αὐτῆς
3495 3110 3662 3166 ἐθνῶν
3679 3110 3802 3166 δια·

2262 3207 2533 3274 λαϐόντες,
2590 3206 2690 3274 τῆς
2740 3203 3058 3275 ηθεαρχικῆς
3121 3201 3392 3275 μεταδοῖεν
3445 3202 3800 3274 ἀγαθότητος,

2262 3296 2385 3351 οὒτε
2437 3295 2514 3367 τῷ
2562 3293 2936 3349 ἀποστέλλοντι
2987 3290 3104 3363 Θεῷ
3148 3292 3293 3360 φίλα,
3339 3290 3462 3345 οὔτε
3484 3290 3583 3361 τῆς
3624 3291 3801 3361 Ἰησοῦ

2263 3385 2660 3457 φιλανθρωπίας
2686 3384 2878 3450 έπάξια
2895 3383 3119 3452 πράξειν
3149 3382 3240 3436 καὶ
3265 3383 3519 3454 διαταγῆς
3536 3383 3765 3454 ἡγοῦντο
3785 3401 3798 3414 ·

2263 3478 2406 3531 ἄλλοι
2435 3479 2537 3548 ’μὲν
2560 3475 2651 3530 οὖν
2677 3474 2880 3545 ἀλλαχῆ
2900 3473 3008 3527 τῶν
3041 3472 3369 3556 ἀποστόλων,
3399 3472 3579 3534 καθὼς
3600 3473 3801 3541 αὐτοὺς

2261 3572 2290 3623 6
2317 3567 2651 3623 ἀποστέλλων
2707 3565 2969 3620 διέστελλε
3013 3563 3275 3632 δήπουθεν
3317 3562 3799 3627 ἰξαπεστέλλοντοο

2261 3657 2338 3727 τῷ
2353 3656 2698 3727 δοκιμωτάτῳ
2735 3655 2790 3708 δὲ
2811 3653 2982 3724 τούτῳ
3004 3652 3098 3709 καὶ
3117 3650 3491 3726 τρισμεγίστῳί
3507 3650 3599 3706 τοῦ
3620 3653 3798 3722 Λόγου

2265 3747 2500 3819 μαθητῇ,
2561 3746 2788 3819 Πάρθων
2827 3744 2923 3798 καὶ
2973 3745 3201 3814 Μήδων,
3258 3744 3351 3797 καὶ
3395 3742 3500 3796 τῶν
3539 3741 3800 3828 ἐπέκεινα

2261 3838 2466 3902 τούτοις
2516 3835 2784 3890 Αἰθιόπων
2821 3835 2921 3903 τὴν
2967 3832 3266 3904 ἀποστολὴν
3287 3832 3522 3903 λαχόντι,
3553 3831 3646 3886 καὶ
3676 3832 3800 3895 πῶς

2260 3930 2327 3983 ἀν
2351 3929 2526 3992 αὐτοῖς
2557 3925 2714 3988 έπίοι,
2748 3925 2838 3978 καὶ
2865 3924 2967 3977 τίνι
3004 3923 3186 3994 τρόπῳ
3225 3923 3337 3986 τοίς
3378 3923 3667 3985 ἀπευκτοῖς
3695 3923 3800 3992 μὲν

2261 4022 2357 4090 τὴν
2379 4019 2517 4088 δψιν,
2539 4015 2930 4086 χαλεπωτέροις
2957 4014 3014 4067 δὲ
3032 4005 3123 4066 τὸν
3142 4011 3240 4083 τῆς
3258 4012 3434 4083 ψυχῆς
3452 4013 3649 4083 τρόπον
3675 4013 3802 4067 ἑπι-

2261 4092 2593 4178 δεδημηκὼς,
2625 4105 2699 4168 είς
2732 4121 2792 4158 τε
2820 4105 3003 4168 λόγους
3030 4104 3124 4159 καὶ
3166 4103 3378 4173 ὁμιλίας
3414 4101 3512 4167 τάς
3539 4101 3674 4175 ὑπὲρ
3697 4105 3798 4158 αὑ-

2265 4199 2477 4261 σεὸείας
2513 4196 2653 4250 ἔλθοι
2677 4211 2692 4226 ·
2723 4194 2903 4265 ἡρέμα
2926 4194 2982 4248 δὲ
3000 4180 3110 4248 ’καὶ
3132 4195 3264 4263 πρὸς
3289 4196 3353 4247 τὸ
3388 4193 3548 4264 βάρος
3575 4194 3799 4250 δκείνων

622 4283 767 4335 enim
789 4281 1158 4336 divinissimus
1178 4284 1353 4352 Jesus,
1375 4286 1857 4360 incomprehensus
1872 4289 1980 4352 ille,
1997 4292 2160 4345 nullis

2263 4288 2655 4359 δυσχεραίνοντι
2683 4286 2788 4340 τῶν
2813 4284 3000 4351 ιθνῶν,
3042 4284 3266 4352 ἐγγύθεν
3303 4285 3335 4354 ἡ
3372 4283 3520 4346 λύσις
3547 4283 3799 4356 παρέστη

625 4370 868 4424 terminis
884 4370 1085 4436 finitus,
1105 4373 1196 4442 qui
1215 4373 1269 4426 in
1287 4375 1436 4430 caelis
1451 4376 1593 4431 Patri
1617 4391 1833 4448 semper
1846 4380 2164 4449 conjunctus

621 4467 731 4519 est,
751 4467 911 4526 atque
929 4459 984 4512 in
1006 4461 1165 4515 terris
1185 4462 1327 4532 apud
1350 4478 1444 4518 eos
1472 4479 1608 4534 quos
1629 4465 1793 4520 habet
1811 4468 2165 4533 necessarios,

2265 4380 2371 4433 τῶν
2408 4377 2780 4448 ἠπορημένων.
2827 4375 2993 4437 Αὐτὸς
3030 4375 3136 4444 γὰρ
3161 4374 3190 4427 6
3219 4371 3646 4444 θεαρχικώτατος
3669 4374 3798 4448 Ὶη-

2267 4467 2410 4534 σοῦς,
2451 4468 2480 4520 ό
2523 4467 2904 4537 ἀπερίληπτος,
2930 4465 2959 4518 6
2980 4464 3372 4536 ἀπεριόριστος,
3408 4465 3520 4519 ἀνω
3546 4465 3694 4536 παρά
3717 4467 3798 4535 τῷ

621 4560 834 4614 semper
858 4545 1088 4602 indivise
1108 4558 1323 4602 manet:
1354 4551 1443 4606 hic
1466 4553 1709 4621 corporis
1731 4562 1953 4620 statura,
1984 4554 2164 4610 indole

2264 4558 2436 4629 Πατρί
2476 4557 2552 4611 ὢν
2607 4557 2939 4620 ἀδιαστάτως
2967 4556 3076 4623 ἀεὶ,
3101 4557 3195 4610 καὶ
3241 4557 3389 4610 κάτω
3417 4555 3475 4610 δὲ
3508 4558 3656 4628 παρά
3678 4560 3798 4620 τοῖς

620 4635 912 4704 vultusque
949 4638 1127 4705 specie
1164 4638 1282 4692 viro
1312 4640 1600 4703 assimilis,
1635 4641 1983 4697 Mercatorem
2012 4643 2162 4697 ln'dia

2263 4650 2477 4712 οἰκείοις
2530 4646 2837 4718 ἀμερίστως
2892 4647 3064 4718 μένων
3087 4646 3172 4700 ἀεί
3192 4663 3208 4679 ο
3239 4640 3389 4711 οὗτος
3431 4645 3583 4718 ἀνδρὶ
3609 4647 3669 4700 τὸ
3697 4647 3799 4717 μέ·

623 4725 943 4794 profectum,
966 4742 1261 4796 recensque
1284 4727 1666 4800 Hierosolymis
1684 4740 1967 4788 exeuntem
1993 4749 2056 4787 ac
2070 4748 2164 4803 pa-

2263 4735 2436 4806 γεθος,
2464 4741 2559 4811 τήν
2582 4754 2641 4790 τι
2670 4737 2828 4808 φύσιν
2852 4738 2945 4792 καὶ
2969 4738 3065 4810 τὴν
3097 4736 3304 4809 μορφὴν
3334 4737 3545 4812 ἐοικὼς,
3567 4739 3796 4812 ιμπόρῳ

622 4813 777 4868 triam
841 4817 1165 4885 cogitantem
1218 4818 1349 4870 adit.
1397 4818 1477 4874 Ad
1527 4835 1688 4888 quem
1740 4820 1993 4876 dominus
2038 4836 2161 4876 cum

2263 4825 2367 4878 τινὶ
2431 4823 2833 4896 προσιληλύθει,
2887 4825 2982 4894 τῆς
3046 4825 3270 4894 Ἰνδικῆς
3326 4824 3425 4896 μὲν
3467 4826 3794 4898 ὁρμωμένῳ,

622 4903 940 4959 accessisset
979 4906 1043 4974 (ο
1076 4904 1440 4961 dominatoris
1477 4907 1916 4965 inclinationem!
1957 4926 1989 4964 ο
2018 4911 2162 4966 servi

2263 4914 2381 4984 ἀρτι
2431 4914 2487 4966 δὲ
2546 4915 2655 4967 τῶν
2711 4914 3094 4985 Ἱεροσολύμων
3141 4915 3355 4981 ἐξιόντι,
3395 4915 3486 4968 καὶ
3529 4915 3660 4985 πρὸς
3691 4919 3796 4987 τὴν

624 4993 942 5063 probitatem
964 4998 1017 5067 l)
1061 4999 1209 5053 velut
1239 5013 1478 5064 servum,
1514 5013 1670 5054 suum
1705 5003 1889 5056 vendit
1922 5002 2162 5071 discipu-

2267 5006 2400 5060 ἰδίαν
2446 5005 2850 5062 παλινοστοῦντι
2896 5008 3019 5079 γῆν,
3063 5008 3234 5080 τούτῳ
3279 5009 3583 5081 προσιλθὼν
3612 5009 3728 5083 (25)
3766 5015 3793 5068 6

709 5146 754 5178 ⁸⁸
781 5145 932 5201 Joan.
962 5118 1057 5209 xx,
1083 5146 1171 5200 28.

691 5285 801 5355 (2'5)
826 5285 1084 5363 Ἐμπόρῳ
1100 5285 1281 5363 terti}...
1307 5289 1675 5363 προσελθών.
1696 5290 1920 5363 Sumpta
1947 5284 2062 5347 hazc
2092 5310 2157 5348 cx

2263 5292 2414 5346 ιύτοῦ
2467 5292 2771 5363 Περιόδων,
2827 5289 2908 5346 Ea:
2957 5295 3183 5362 ejusdem
3241 5295 3441 5351 Thema:
3497 5296 3734 5363 Perfodit
3767 5314 3786 5352 :

622 5353 841 5408 Thomas
865 5353 1128 5436 _Periodis,
1185 5353 1509 5436 libro’olim
1568 5353 1951 5436 reprobatoac
1997 5365 2156 5436 plane
2254 5353 2642 5436 quaeperin'de,
2677 5353 2858 5431 paucis
2893 5353 3133 5436 mu'latis,
3173 5366 3356 5436 Abdias
3383 5360 3667 5436 Babylonii
3682 5353 3784 5422 no-

624 5422 967 5491 apocryplto;
1000 5423 1164 5508 cujus_
1179 5432 1360 5508 tamen
1383 5426 1544 5505 [idem
1581 5422 1659 5508 sic
1707 5429 1876 5508 graeci
1923 5422 2031 5508 non
2059 5434 2158 5508 ab-
2257 5422 2639 5508 i'ninc'vulgata
2660 5422 2804 5508 sunt,
2836 5422 3273 5508 magisetiamin
3296 5435 3388 5488 illo
3417 5422 3656 5508 impura,
3684 5439 3786 5508 Sy-

625 5500 799 5565 nuunt
828 5529 842 5552 ,
883 5501 941 5565 ut
970 5500 1022 5542 et
1056 5493 1378 5565 quibusdam
1435 5497 1673 5564 antiquis
1709 5499 1864 5552 libris
1897 5501 2158 5554 ecclesia-
2258 5493 2559 5562 naxariurﬁ,
2593 5501 2737 5565 quod
2770 5493 3040 5552 antecedit
3066 5543 3078 5563 ,
3115 5503 3304 5555 iisdem
3337 5493 3516 5556 verbis
3550 5498 3784 5560 habetur

627 5559 778 5638 stieis
807 5560 1067 5638 ascriptos
1088 5561 1343 5638 habeant,
1367 5575 1426 5638 et
1452 5559 1661 5638 partem
1696 5568 1747 5619 in
1772 5570 1967 5623 Alenaza
2006 5579 2157 5623 retu—
2255 5569 2307 5638 in
2340 5559 2572 5638 magnis.
2596 5559 2911 5638 Menaeiset
2974 5559 3154 5624 Basilii
3205 5572 3542 5638 imperatoris
3572 5590 3599 5626 a
3630 5559 3779 5628 card.

626 5623 808 5691 ierint,
835 5623 985 5697 longe
1010 5623 1336 5687 narratione"
1367 5623 1470 5686 hoc
1518 5635 1636 5703 ipso
1684 5639 1860 5704 titulo,
1921 5641 2015 5691 Ἐκ
2050 5638 2158 5690 τῶν
2255 5623 2453 5691 ὃὶτίοιό
2471 5636 2659 5692 Latine
2691 5635 2931 5700 redditis,
2970 5645 3023 5691 et
3048 5623 3485 5694 Henrici'Canisii
3515 5623 3552 5695 t.
3574 5623 3780 5700 ill—edi;
