3950 6320
626 328 726 393 ΠΩ

1811 315 2102 377 ΝῘΩΕΤᾸὲ
2139 315 2662 376 ΡΛῖνΙῐῐιΛϐΟΝΙΞ
2781 392 2786 396 _
3751 302 3836 371 NO
3885 317 3890 350 τ

621 436 989 498 dicationibus
1023 435 1263 489 animum
1296 446 1358 485 ae
1394 430 1646 484 fiduciam
1678 429 1845 485 addit.
1881 427 2020 492 Quin
2047 434 2101 480 et
2133 426 2185 477 in

2295 429 2558 496 μαθητὴν,
2597 427 2690 479 καὶ
2720 443 2795 494 τῳ
2840 423 3175 496 πεπραμένῳ
3210 425 3548 494 συνέρχεται,
3579 421 3678 474 καὶ
3716 437 3837 492 κρυ-

623 530 836 585 cunctis
863 528 940 581 illi
967 527 1069 580 viis
1101 523 1456 592 inaspectabli
1489 524 1698 575 ratione
1735 536 1936 580 comes,
1968 520 2035 572 ab
2070 533 2186 569 om-

623 621 788 686 nique
808 616 1049 684 periculo
1070 629 1131 665 ac
1149 614 1377 665 adverso
1398 626 1526 664 casu
1550 611 1824 674 liberans;
1857 609 1947 661 ubi
1970 607 2187 674 quidem

622 708 808 762 divina
834 705 1113 760 tractanda
1145 703 1358 764 forent,
1407 688 1726 769 divina‘que'
1766 699 2044 768 sapientia:
2065 712 2189 750 ver-

623 799 710 853 bis
762 797 825 850 ad
867 797 1124 863 pietatem
1163 792 1490 846 adhortandi
1529 791 1807 844 auditores
1835 795 2037 850 essent,
2066 785 2191 838 vitae

615 889 931 943 sermonem
963 885 1114 952 largo
1147 883 1198 934 in
1231 898 1297 935 eo
1328 882 1474 936 fonte
1503 880 1852 945 cll'undebat;
1883 877 1974 932 ubi
2008 886 2188 929 autem

628 977 952 1034 declaranda
985 973 1360 1042 prodigiorum
1401 973 1598 1037 virtus,
1630 970 1776 1024 omni
1808 985 1895 1023 res
1927 967 2190 1021 miraculo

628 1066 859 1133 majores
898 1060 963 1113 ad
1005 1070 1376 1128 spectatorum
1419 1069 1532 1115 tum
1564 1067 1844 1128 stuporem
1881 1066 1992 1110 tum
2028 1053 2188 1108 ﬁdem

623 1162 883 1226 praestare
923 1148 1219 1202 tribuebat.

698 1432 867 1496 Quem
929 1431 982 1484 in
1044 1429 1265 1483 modum
1327 1443 1552 1498 magnus
1605 1427 1837 1480 Thomas
1893 1423 1961 1477 ad
2027 1421 2189 1477 indos

631 1525 903 1578 abductus
956 1526 1060 1576 est’.
1115 1522 1354 1590 Indeque
1399 1519 1710 1586 /Ethiopum
1766 1517 1895 1585 ipsis
1945 1514 2188 1584 regibus,

627 1617 947 1682 cunctisque
973 1615 1117 1668 illius
1145 1622 1299 1666 terra:
1337 1609 1567 1679 satrapis
1589 1625 1651 1684 ac
1668 1609 1801 1662 viris
1826 1606 2188 1678 principibus,

631 1715 884 1773 tanquam
919 1703 1256 1757 tnirabilium
1296 1716 1520 1770 operum
1555 1707 1793 1768 patrator
1823 1698 2048 1752 illustris
2077 1696 2192 1752 elli-

2288 521 2422 588 φίως
2455 519 2543 572 ἀεὶ
2573 518 2883 588 προσλαλεῖ,
2937 520 3027 570 καὶ
3075 518 3364 582 μυστικαῖς
3393 515 3630 584 ὁμιλίαις
3669 530 3841 583 παρα-

2288 609 2459 671 καλεῖ,
2501 610 2591 660 καὶ
2639 607 3099 676 θεορῤημοσύναις
3149 605 3406 675 ἀρρήτοις
3440 602 3844 671 παρασκευάζει

2290 697 2529 768 θαρρεῖν.
2592 695 2700 747 Καὶ
2761 696 2865 764 μὴν
2927 697 3016 747 καὶ
3063 696 3120 747 ὲν
3165 695 3366 754 πάσαις
3395 692 3541 761 αύτῷ
3569 694 3693 754 ταῖς
3717 693 3842 752 ὁδοῖς

2289 786 2532 854 ἀοράτως
2565 783 2916 852 ἐφεπόμενος,
2942 785 3033 834 καὶ
3073 782 3267 842 παντὸς
3305 778 3550 847 κινδύνου
3586 782 3688 831 καὶ
3722 796 3844 830 παν-

2289 876 2377 936 τὸς
2404 874 2804 945 συμπτώματος
2827 872 3292 941 ἀπολυτρούμενος
3317 887 3331 901 ο
3390 869 3483 922 καὶ
3512 864 3572 923 οὗ
3605 869 3712 938 μὲν
3743 870 3844 922 0e0-

2290 966 2465 1032 λογεῖν
2489 964 2686 1033 χρεὼν,
2724 964 2822 1016 καὶ
2862 964 3069 1033 μασι
3095 960 3376 1028 θεοσοιρίας
3405 960 3526 1021 τοὺς
3555 960 3844 1023 ἀκούοντας

2289 1057 2365 1116 είς
2392 1055 2674 1106 εὐσέϐειαν
2716 1052 3071 1123 παρακαλεῖν,
3119 1051 3276 1118 λόγον
3307 1055 3364 1104 ὲν
3404 1051 3552 1118 αὐτῷ
3587 1053 3845 1120 πηγάζων

2289 1144 2464 1212 ζωῆς·
2495 1139 2554 1198 οὗ
2595 1145 2650 1197 δὲ
2696 1146 2790 1198 καὶ
2828 1144 3070 1212 τεράτων
3101 1143 3383 1211 ἐνέργειαν
3409 1141 3694 1209 ἐκφαίνειν
3725 1143 3844 1205 ἔδει,

2290 1236 2480 1306 παρὼν
2521 1239 2591 1291 τὰ
2649 1238 3072 1307 θαυμασιώτατα
3132 1235 3267 1303 πρὸς
3310 1236 3569 1306 ἔκπληξίν
3623 1253 3688 1289 τε
3748 1237 3846 1289 τῶν

2289 1329 2559 1399 ὁρώντων,
2599 1331 2691 1383 καὶ
2714 1329 2894 1381 πίστιν
2921 1328 3200 1396 χαρίζεται
3229 1327 3382 1398 δρᾷν.

2364 1423 2549 1486 Οὕτως
2578 1425 2658 1487 εἰς
2696 1422 2891 1485 Ἰνδοὺς
2940 1425 2967 1474 ό
3017 1424 3188 1490 μέγας
3215 1421 3435 1491 ἀπήχθη
3467 1423 3694 1491 Θωμᾶς.
3745 1421 3848 1473 Ἕνο

2290 1515 2480 1569 τεῦθεν
2521 1515 2617 1568 καὶ
2657 1515 2772 1576 τοῖς
2813 1513 2920 1566 τῶν
2969 1513 3243 1565 Αἰθιόπων
3281 1512 3590 1583 βασιλεῦσιν
3617 1512 3698 1574 ὡς
3726 1511 3846 1564 θαυ-

2295 1607 2500 1678 μασίων
2535 1606 2710 1676 ἔργων
2743 1605 3001 1675 ἐργάτης,
3043 1604 3135 1658 καὶ
3167 1605 3300 1658 πᾶσι
3333 1606 3446 1666 τοῖς
3470 1603 3738 1675 κρατοῦσι
3761 1602 3850 1671 τῆς

2291 1700 2397 1767 γῆς
2449 1697 2683 1764 ἐκείνης.
2743 1696 3012 1767 ἐπίσημος
3072 1696 3393 1750 καθίσταται
3416 1711 3431 1726 ·
3467 1695 3562 1746 καὶ
3599 1692 3794 1763 ὥσπερ
3825 1694 3848 1745 6

627 1794 855 1848 citur“.
903 1795 977 1847 Ac
1018 1793 1161 1845 sicut
1200 1792 1313 1860 ipse
1362 1790 1519 1844 Jesus
1557 1789 1806 1844 Christus
1852 1787 2027 1841 factus
2065 1787 2190 1841 obe—

2295 1788 2524 1860 Χριστὸς
2547 1788 2706 1852 αὐτὸς
2737 1788 2965 1858 Ἰησοῦς,
2997 1788 3236 1858 ὑπήκοος
3268 1785 3346 1857 τῷ
3375 1784 3540 1839 αὑτοῦ
3564 1785 3849 1853 γενόμενος

627 1887 782 1940 diens
825 1885 1004 1946 Patri,
1055 1883 1198 1938 servi
1238 1882 1465 1935 formam
1514 1881 1751 1950 accepit,
1797 1895 1964 1949 seque
2012 1880 2188 1949 ipsum

627 1973 937 2043 dignatione
970 1971 1283 2033 humilians,
1317 1979 1478 2039 atque
1506 1969 1572 2022 ad
1609 1979 1839 2022 mortem
1868 1984 2041 2038 usque
2068 1984 2192 2038 pro-

630 2065 741 2118 dita
785 2064 1148 2134 subjeetione,
1199 2061 1376 2117 Patris
1428 2060 1599 2130 gratia
1643 2060 1910 2114 exaltatus
1943 2070 2058 2121 est,
2095 2075 2189 2114 su-

631 2170 988 2227 premumque
1039 2154 1282 2208 onmium
1329 2167 1562 2214 nomen,
1605 2166 1710 2219 qua
1759 2151 1973 2205 ratione
2028 2151 2192 2204 homo

626 2257 744 2313 est,
796 2255 1145 2309 consecutus,
1205 2244 1260 2298 in
1318 2243 1543 2298 dextera
1601 2242 1899 2312 majestatis
1946 2242 2098 2296 sedet
2122 2242 2187 2295 ⁵⁷.

629 2341 720 2398 Sic
759 2355 922 2394 verus
963 2337 1301 2406 discipulus,
1339 2335 1562 2405 ipseque
1595 2333 1689 2386 lilii
1724 2333 2004 2401 dignitatis
2039 2348 2190 2387 com-

629 2447 754 2501 pos,
787 2445 974 2486 secum
1019 2429 1201 2481 animo
1243 2425 1456 2480 Domini
1504 2431 1763 2493 reputans
1804 2423 2188 2486 humilitatem,

626 2522 768 2576 servi
818 2521 963 2573 illam
1000 2519 1362 2588 dejectionem
1409 2515 1767 2584 habitumque
1813 2530 1921 2568 non
1969 2514 2191 2586 indigne

627 2608 772 2660 tulit.
798 2607 912 2660 Non
942 2606 1168 2659 moleste
1195 2603 1388 2658 habuit
1417 2602 1562 2671 quod
1591 2602 1659 2656 ab
1690 2602 1870 2671 impiis
1891 2611 2187 2658 emeretur:

628 2713 825 2766 nempe
892 2713 1001 2751 non
1049 2695 1404 2758 mmstitiam,
1455 2693 1549 2748 sed
1595 2693 2032 2764 iucunditatem;
2079 2709 2188 2750 non

612 2787 1000 2858 ignominiam,
1043 2786 1150 2840 sed“
1171 2785 1453 2851 honorem;
1482 2797 1591 2837 non
1624 2782 1885 2853 probrum
1913 2793 2008 2838 aut
2039 2784 2190 2839 dolo-

627 2891 767 2942 rem,
811 2877 905 2931 sed
948 2877 1131 2947 potius
1166 2877 1390 2946 gloriam
1426 2892 1488 2930 ac
1530 2874 1772 2932 laetitiam
1812 2879 2020 2934 ducens
2055 2886 2190 2934 tem-

627 2983 920 3037 poraneam
972 2969 1288 3023 servitutem
1331 2988 1344 3023 :
1394 2985 1565 3039 eaque
1611 2972 1786 3041 palam
1837 2972 2078 3026 :emulari
2130 2988 2188 3027 sc

627 3061 944 3129 magistrum
971 3076 1032 3113 ac
1066 3060 1290 3130 diligere
1319 3061 1633 3126 ostendens,
1667 3061 1867 3117 nedum
1899 3064 2046 3117 solus
2076 3063 2188 3130 ipse

626 3165 809 3205 veram
842 3151 1152 3204 libertatem
1186 3149 1390 3219 filiique
1424 3151 1592 3206 decus
1625 3153 1789 3226 altius
1819 3153 2190 3222 consequeba-

628 3249 737 3303 tur,
761 3255 950 3292 verum
981 3241 1144 3294 etiam
1173 3240 1492 3296 innumeros
1513 3242 1851 3296 inﬁdelitatis
1877 3245 2191 3312 peccatique

629 3329 875 3384 tenebris
897 3330 1162 3384 obnoxios
1189 3330 1475 3402 liberabat,
1510 3347 1671 3402 atque
1693 3333 1878 3403 gratia:
1903 3333 2096 3400 spiritu
2131 3348 2194 3386 ac

629 3419 884 3489 baptismi
929 3435 1070 3489 aqua
1095 3421 1321 3491 mystice
1369 3432 1747 3492 regeneratos,
1794 3423 2191 3476 innnaculatam

630 3511 837 3580 prolem
871 3512 1170 3582 plenosque
1204 3513 1364 3579 lueis,
1399 3530 1538 3569 verae
1572 3515 1691 3568 illos
1719 3529 2028 3584 magnaeque
2060 3514 2190 3568 Luci

630 3601 970 3658 admovebat.

702 3803 908 3858 Cuncta
940 3818 1071 3858 vero
1105 3815 1185 3859 ter
1221 3805 1532 3859 beatissimo
1565 3804 1776 3859 doctori
1803 3807 2019 3877 egregie
2056 3823 2193 3877 prm-

631 3893 778 3953 stita,
829 3908 1155 3962 omnemque
1205 3894 1348 3947 illius
1392 3910 1706 3948 sermonum
1756 3905 1918 3965 atque
1965 3913 2191 3967 operum

631 3981 919 4044 circulum,
953 3982 1153 4050 quibus
1195 3982 1467 4036 Parthiam
1517 3997 1733 4036 omnem
1769 3994 1825 4038 ct
1871 3982 2193 4054 Hyrcaniam

633 4079 687 4123 et
713 4070 1053 4124 Bactrianam
1078 4071 1456 4138 evangelizans
1483 4071 1700 4126 Christo
1735 4074 1981 4140 adduxit,
2009 4079 2195 4132 conari

635 4159 910 4227 sigillatim
942 4161 1124 4213 verbis
1150 4161 1370 4227 exsequi
1399 4171 1453 4213 et
1492 4177 1777 4226 enarrare,
1815 4164 1958 4219 idem
2001 4168 2194 4221 merito

635 4250 733 4313 sit,
781 4266 842 4303 ac
877 4259 1087 4303 tentare.
1118 4250 1311 4317 pluvia:
1348 4260 1524 4320 guttas
1567 4269 1877 4310 numerare.
1926 4257 1993 4312 Ut
2030 4257 2195 4327 igitur

635 4354 753 4408 qua'
783 4350 908 4393 sunt
942 4339 1114 4392 media
1153 4348 1346 4394 cuncta
1389 4345 1727 4409 contraham,
1768 4347 1908 4401 sacri
1938 4348 2191 4402 nimirum

2293 1881 2601 1949 Γεννήτορι,
2649 1879 2862 1950 μορφὴν
2913 1879 3100 1948 εἴληφε
3150 1877 3416 1948 δουλικὴν,
3471 1875 3568 1930 καὶ
3607 1876 3678 1928 δι’
3717 1876 3850 1927 οἰκο-

2294 1971 2484 2041 νομίαν
2543 1972 2732 2024 ἑαυτὸν
2787 1969 3220 2035 τεταπεινωκὼς,
3283 1969 3377 2023 καὶ
3428 1968 3591 2038 μέχρι
3615 1966 3847 2019 θανάτου

2291 2063 2390 2133 τὴν
2457 2062 2733 2133 ὑποταγὴν
2802 2061 3153 2130 δειξάμενος,
3213 2059 3566 2131 ὑπερύψωται
3623 2057 3714 2110 διὰ
3763 2055 3850 2108 τοῦ

2293 2153 2526 2224 Πατρός,
2558 2155 2650 2206 καὶ
2693 2151 2787 2206 τοῦ
2819 2153 3121 2222 ύπερτάτου
3163 2151 3380 2204 πάντων
3405 2149 3672 2218 ὀνόματος
3699 2142 3734 2220 ᾗ
3764 2147 3849 2199 ἄν·

2293 2242 2508 2314 θρωπος
2578 2242 2898 2313 ἠξιωμένος,
2961 2244 3018 2295 ὲν
3068 2242 3214 2314 δεξιᾷ
3258 2243 3530 2296 κεκάθικεν
3553 2244 3655 2312 τῆς
3686 2261 3850 2314 μεγα-

2292 2335 2557 2406 λοσύνηςο
2617 2336 2788 2399 οὕτως
2839 2339 2868 2390 ὁ
2919 2337 3137 2403 γνήσιος
3189 2334 3452 2406 μαθητὴς,
3491 2336 3582 2388 καὶ
3613 2336 3718 2404 τῆς
3740 2332 3851 2387 υίοῦ

2291 2427 2496 2493 τάξεως
2526 2427 2807 2497 ἐπήϐολος,
2840 2426 2976 2496 πρὸς
3022 2427 3118 2496 τὴν
3160 2428 3494 2498 Δεσποτικὴν
3526 2428 3850 2482 ταπείνωσιν

2291 2518 2530 2588 ἀφορῶν,
2560 2519 2618 2570 οὐ
2648 2519 2708 2571 τὸ
2738 2519 3030 2588 πρόσχημα
3056 2520 3154 2586 τῆς
3179 2519 3421 2582 δουλείας
3453 2520 3814 2591 ἐδυσχέρανεν
3833 2532 3848 2548 ⁸

2290 2609 2391 2661 οὐκ
2422 2609 2862 2677 ἀπεδυσπέτησεν
2893 2609 3033 2678 ὑπὲρ
3071 2609 3282 2662 ἀσεϐῶν
3309 2611 3812 2681 ἀπεμπωλούμενος
3833 2625 3847 2640 ⁶

2289 2698 2350 2750 ού
2373 2697 2698 2767 δυσθυμίαν,
2731 2698 2872 2768 ἀλλά,
2902 2699 3210 2768 προθυμίαν
3241 2716 3254 2730 ·
3301 2701 3401 2753 οὐκ
3447 2701 3698 2769 ἀτιμίαν,
3722 2701 3850 2753 ἀλλὰ

2289 2787 2453 2856 τιμήν
2488 2803 2500 2816 ·
2529 2789 2638 2841 οὐδ’
2665 2787 2926 2859 αἰσχύνην
2963 2790 2997 2860 ἢ
3050 2789 3246 2859 λύπην,
3271 2791 3429 2857 δόξαν
3453 2791 3510 2844 δὲ
3541 2794 3637 2846 καὶ
3662 2793 3849 2861 εὐφρο-

2291 2877 2455 2947 σύνην
2509 2878 2611 2948 τὴν
2666 2879 2999 2950 πρόσκαιρον
3060 2881 3320 2935 δούλωσιν
3377 2884 3706 2953 ἡγούμενος,
3764 2881 3852 2937 καὶ

2288 2969 2458 3040 ταύτῃ
2518 2971 2660 3040 σαφῆ
2690 2973 2788 3040 τὴν
2824 2973 2957 3041 πρὸς
2986 2973 3076 3026 τὸν
3124 2973 3437 3027 διδάσκαλον
3487 2975 3724 3046 μίμησιν
3764 2975 3851 3027 καὶ

2290 3063 2565 3133 ἀγάπησιν
2589 3063 3009 3133 ἐπιδειξάμενος,
3041 3065 3100 3117 οὐ
3135 3066 3293 3135 μόνος
3316 3065 3476 3128 αὐτὸς
3501 3066 3598 3133 τῆς
3623 3063 3851 3136 ἀληθοῦς

2291 3153 2605 3223 ἐλευθερίας
2664 3155 2757 3207 καὶ
2804 3156 3142 3226 ὑψηλοτέρας
3204 3156 3446 3225 υἱότητος
3493 3157 3850 3227 κατηξιοῦτοο

2294 3245 2431 3300 ἀλλά
2460 3247 2555 3299 καὶ
2581 3247 2805 3318 μυρίους
2829 3248 2991 3311 ὅσους
3034 3249 3112 3318 τῷ
3155 3250 3329 3316 σκότῳ
3359 3250 3457 3318 τῆς
3483 3250 3742 3312 ἀπιστίας
3766 3248 3853 3301 καὶ

2296 3337 2569 3409 ἁμαρτίας
2587 3341 3151 3410 καταδεδουλωμένους
3172 3343 3464 3412 ἠλευθέρου
3487 3359 3503 3374 °
3533 3342 3626 3396 καὶ
3651 3341 3730 3412 τῷ
3759 3341 3854 3408 τῆς

2294 3431 2512 3502 χάριτος
2562 3433 2852 3502 πνεύματι,
2919 3436 3012 3486 καὶ
3065 3434 3143 3504 τῲ
3170 3433 3263 3487 τοῦ
3297 3433 3672 3504 βαπτίσματος
3707 3433 3853 3487 ὕδατι

2297 3523 2573 3592 μυστικῶς
2629 3525 2977 3593 ἀναγεννῶν,
3034 3526 3238 3594 ἄμωμα
3304 3527 3465 3579 τέκνα
3537 3527 3634 3579 καὶ
3683 3525 3854 3595 φωτὸς

2221 3691 2224 3698 ι
2295 3615 2524 3686 πλήρεις
2560 3615 2800 3681 τούτους,
2835 3617 2910 3686 τῷ
2933 3618 3172 3688 ἀληθινῷ
3198 3619 3290 3672 καὶ
3316 3618 3831 3691 μεγάλῳςπαρίστησ

2300 3707 2459 3773 φωτί.
3826 3729 3827 3732 η

2368 3799 2551 3851 Πάντα
2584 3800 2682 3870 μὲν
2715 3797 2806 3853 οὖν
2829 3800 2950 3853 καθ’
2973 3800 3029 3853 ἓν
3071 3801 3325 3864 διεξιέναι
3371 3801 3663 3872 πειρᾶσθαι
3694 3801 3851 3868 λόγῳ,

2293 3889 2394 3941 ὅσοι
2421 3889 2498 3958 τῷ
2528 3893 3057 3960 τρισμακαριωτάτῳ
3081 3892 3436 3962 κατώρθωται
3475 3892 3850 3962 μυσταγωγῷ⁶

2297 3981 2390 4034 καὶ
2440 3983 2618 4033 πᾶσαν
2673 3981 2730 4034 δὲ
2768 3981 2877 4034 τῶν
2933 3999 2990 4034 τε
3035 3983 3204 4049 λόγων
3243 3980 3404 4036 αὑτοῦ
3436 3983 3530 4035 καὶ
3560 3982 3738 4053 ἔργων
3760 3981 3854 4047 τὴν

2297 4071 2565 4140 περίοδον,
2591 4064 2671 4133 οἷς
2706 4071 2949 4142 Παρθίαν
2976 4089 3030 4124 τε
3079 4073 3260 4124 πᾶσαν
3299 4073 3390 4125 καὶ
3429 4073 3726 4138 Ὑρκανίαν
3766 4069 3854 4123 καὶ

2298 4164 2636 4234 Βακτριανὴν
2654 4164 3136 4233 εὐαγγελιζόμενος
3159 4168 3474 4236 προσήγαγε
3501 4167 3577 4236 τῷ
3613 4161 3850 4235 Χριστῷ,

2297 4255 2490 4307 ταυτὸν
2524 4255 2588 4307 ἂν
2617 4254 2699 4326 εἴη
2759 4255 2854 4308 καὶ
2907 4255 3060 4312 ὑετοῦ
3115 4257 3381 4322 σταγόνας
3413 4259 3709 4327 ἐπιχειρεῖν
3740 4256 3856 4322 ἀρι-

2299 4346 2474 4415 θμεῖν.
2510 4346 2606 4398 ’Ὶν’
2638 4343 2729 4398 οὖν
2769 4347 2833 4398 τὰ
2866 4347 2921 4396 ὲν
2949 4348 3098 4416 μέσῳ
3127 4347 3328 4398 συνὲλω
3356 4347 3549 4413 πάντα,
3592 4347 3689 4417 τὴν
3725 4345 3853 4411 πρὸς

640 4429 903 4496 pra-conis
940 4429 1002 4480 ad
1036 4428 1200 4479 Indim
1236 4444 1414 4499 regem
1459 4433 1867 4498 admissionem,
1916 4437 2076 4506 regite
2104 4453 2190 4490 ex-

2298 4438 2386 4488 τδν
2423 4437 2646 4506 βασιλέα
2672 4438 2770 4507 τῆς
2811 4436 3033 4505 Ἰνδικῆς
3052 4439 3141 4490 τοῦ
3174 4439 3318 4508 ἱεροῦ
3352 4440 3588 4508 κήρυκος
3623 4443 3854 4505 εἰσαγω-

637 4518 910 4571 struendae
937 4516 1401 4583 pollicitationem,
1438 4524 1562 4576 mris
1596 4524 1726 4593 regii
1755 4525 1809 4578 in
1849 4534 2042 4580 tenues
2073 4543 2194 4595 per—

630 4623 791 4659 sonas
843 4604 1294 4672 insumptionem,
1334 4621 1512 4665 creata
1548 4613 1672 4666 inde
1705 4614 1970 4681 pericula,
1999 4616 2194 4677 minas,

630 4697 896 4754 verbera,
954 4709 1223 4761 carceres,
1275 4700 1340 4752 ab
1367 4704 1624 4756 {erumnis
1665 4705 1917 4759 omnibus
1964 4707 2199 4774 propitio

629 4786 861 4841 Numine
917 4785 1346 4857 benignioreque
1392 4793 1730 4859 providentia
1785 4795 2162 4850 liberationem

633 4891 714 4935 ac,
775 4888 840 4925 ne
901 4876 1204 4930 orationem
1271 4880 1484 4948 longius
1542 4885 1885 4949 protraham,
1944 4887 2194 4955 abyssum

632 4977 896 5014 enarrans
929 4965 1341 5032 miraculorum,
1375 4986 1535 5037 quam
1565 4973 1751 5026 multis
1799 4975 2015 5043 wgrotis
2051 4979 2197 5032 sani-

633 5062 791 5105 tatem
845 5056 1123 5122 tribuerit,
1171 5061 1392 5127 quantis
1447 5061 1602 5115 cmcis
1651 5064 1858 5128 visum,
1904 5066 2195 5137 surdisque

701 5209 744 5238 ⁸⁵
768 5209 1000 5280 Philipp.
1034 5228 1090 5275 ιι,
1118 5212 1166 5264 6,
1243 5213 1282 5241 ⁵⁷
1313 5212 1478 5264 llcbr.
1517 5229 1550 5270 ι,

631 5341 800 5408 lytum
833 5350 916 5394 est
967 5341 1197 5408 Margis:
1242 5342 1435 5394 melius
1477 5341 1613 5392 forte
1664 5340 1880 5400 Mardis,
1927 5342 2016 5409 qui
2063 5354 2191 5398 sunt.

638 5409 911 5477 Hyrcaniae
940 5411 1122 5478 populi
1151 5411 1291 5477 apud
1325 5410 1668 5469 Strabom-ni,
1693 5410 1932 5480 Suidam,
1965 5411 2191 5480 Stepha-

639 5493 765 5528 num
807 5498 818 5529 :
853 5481 1161 5533 suutetiam
1191 5481 1365 5532 Persa:
1397 5480 1578 5546 populi
1631 5479 1771 5544 apud
1831 5479 2186 5536 Herodotum.

641 5548 1018 5610 liraclHnancs,
1056 5566 1193 5616 quos
1223 5550 1428 5604 addunt.
1463 5567 1613 5600 novat
1662 5550 1915 5601 llotnzunc
1973 5553 2187 5614 tabulzc,

640 5623 749 5687 nho
785 5630 886 5687 tam
927 5621 1106 5686 populi
1140 5629 1266 5670 sunt
1291 5628 1342 5670 et
1376 5621 1523 5670 natio
1557 5620 1767 5685 aliqua,
1826 5637 1983 5686 quam
2020 5624 2192 5687 philo-

635 5685 792 5751 sophi
827 5685 1322 5751 Inditc'citcrioris,
1380 5689 1469 5754 qui
1516 5689 1591 5742 sic
1645 5689 1820 5743 adhuc
1848 5685 2191 5744 nostratibus

2297 4529 2419 4596 γὴν,
2469 4529 2567 4596 τῆς
2611 4530 2897 4598 οἰκοδομῆς
2948 4529 3054 4581 τῶν
3096 4531 3377 4598 βασιλείων
3419 4532 3515 4598 τὴν
3542 4531 3851 4599 ὑπόσχεσιν,

2295 4617 2393 4685 τὴν
2449 4617 2529 4679 είς
2585 4617 2709 4678 τοὺς
2771 4618 3020 4685 μετρίους
3059 4619 3165 4671 τῶν
3213 4619 3506 4688 βασιλικῶν
3562 4620 3853 4689 χρημάτων

2299 4707 2587 4772 ἀνάλωσιν,
2612 4709 2736 4772 τοὺς
2786 4709 2871 4762 διὰ
2930 4709 3098 4763 ταῦτα
3141 4711 3437 4775 κινδύνους,
3469 4713 3565 4774 τὰς
3607 4709 3851 4769 ἀπειλὰς,

2299 4797 2397 4858 τὰς
2422 4797 2707 4867 μάστιγας,
2743 4800 2840 4861 τὰς
2890 4801 3128 4869 εἱρκτὰς,
3173 4802 3268 4852 καὶ
3322 4802 3420 4870 τὴν
3471 4801 3557 4853 διὰ
3605 4798 3853 4870 προνοίας

2305 4889 2608 4956 κρείττονος
2645 4889 2752 4940 τῶν
2780 4889 3053 4960 δυσχερῶν
3083 4893 3334 4944 ἁπάντων
3377 4892 3722 4960 ἀπαλλαγήνο
3767 4883 3866 4942 καί

2299 4980 2385 5033 ἵνα
2411 4981 2483 5050 μὴ
2516 4983 2722 5050 μακρὸν
2778 4982 3122 5051 ἁποτείναιμι
3157 4981 3332 5048 λόγον,
3375 4984 3609 5036 ἄϐυσσον
3637 4980 3854 5053 ὲξηγού·

2304 5089 2460 5140 μενος
2493 5071 2814 5125 θαυμάτων·
2870 5075 3012 5135 ὅσοις
3063 5073 3407 5143 ἀρρωστοῦσι
3470 5074 3710 5145 παρέσχε
3760 5072 3853 5138 τὴν

2295 5345 2544 5421 audiunt,
2575 5357 2708 5421 teste
2738 5349 2996 5421 Maphmo,
3025 5367 3085 5404 ac
3116 5352 3157 5405 si
3201 5355 3325 5421 quis
3363 5355 3659 5410 Druidibus
3686 5353 3846 5410 dicat.

2336 5416 2598 5486 rotlallis.
2633 5419 2728 5479 Ac;
2774 5416 2901 5471 num
2942 5416 3285 5486 Sophronius
3341 5425 3502 5478 etiam
3535 5467 3546 5484 ,
3583 5441 3711 5476 voce
3765 5421 3844 5472 illa

2295 5483 2479 5560 Magis,
2520 5483 3129 5560 Persarunrsapientes
3201 5495 3274 5558 (id
3341 5505 3422 5546 est
3484 5483 3846 5560 philosophos)

2297 5553 2597 5606 intellexit?
2624 5625 2636 5630 _
2662 5557 2926 5630 Populum
2990 5568 3166 5612 tamen
3208 5553 3493 5616 'l’ersidis'
3535 5553 3842 5630 assignant,

2293 5638 2526 5688 quorum
2557 5625 2687 5678 urbs
2717 5625 2892 5680 Plinio
2938 5638 2992 5680 et
3043 5633 3230 5687 Solino
3280 5631 3573 5698 l‘alagorda
3628 5625 3842 5685 dicitur.
