  <div class='ocr_page' id='page_1' title='image "/cluster/home/n/w/nwhite01/storage/ocr_20150623/105/pst.000005714155/088.png"; bbox 0 0 3950 6320; ppageno 0'>
   <div class='ocr_carea' id='block_1_1' title="bbox 147 315 2672 422">
    <p class='ocr_par' dir='ltr' id='par_1_1' title="bbox 147 315 2672 422">
     <span class='ocr_line' id='line_1_1' title="bbox 147 315 2672 422; baseline -0.005 -2"><span class='ocrx_word' id='word_1_1' title='bbox 147 355 233 422; x_wconf 80' lang='grc' dir='ltr'><strong>ιιι</strong></span> <span class='ocrx_word' id='word_1_2' title='bbox 835 351 1115 418; x_wconf 75' lang='lat' dir='ltr'><strong>onmo</strong></span> <span class='ocrx_word' id='word_1_3' title='bbox 1151 352 1284 418; x_wconf 81' lang='lat' dir='ltr'><strong>vn.</strong></span> <span class='ocrx_word' id='word_1_4' title='bbox 1311 378 1378 394; x_wconf 91' lang='lat'><strong>-—</strong></span> <span class='ocrx_word' id='word_1_5' title='bbox 1402 352 1482 416; x_wconf 65' lang='grc' dir='ltr'><strong>ια</strong></span> <span class='ocrx_word' id='word_1_6' title='bbox 1523 349 1831 417; x_wconf 66' lang='lat' dir='ltr'><strong>munra</strong></span> <span class='ocrx_word' id='word_1_7' title='bbox 1862 328 1929 410; x_wconf 78' lang='lat' dir='ltr'><strong>&#39;s.</strong></span> <span class='ocrx_word' id='word_1_8' title='bbox 1968 315 2252 410; x_wconf 73' lang='lat' dir='ltr'><strong>ramus</strong></span> <span class='ocrx_word' id='word_1_9' title='bbox 2289 341 2672 408; x_wconf 78' lang='lat' dir='ltr'><strong>APOSTOLI.</strong></span> 
     </span>
    </p>
   </div>
   <div class='ocr_carea' id='block_1_2' title="bbox 3245 342 3349 436">
    <p class='ocr_par' dir='ltr' id='par_1_2' title="bbox 3245 342 3349 436">
     <span class='ocr_line' id='line_1_2' title="bbox 3245 342 3349 436; baseline 0.048 -28"><span class='ocrx_word' id='word_1_10' title='bbox 3245 342 3349 436; x_wconf 72' lang='lat' dir='ltr'><strong>ne</strong></span> 
     </span>
    </p>
   </div>
   <div class='ocr_carea' id='block_1_3' title="bbox 148 450 1674 539">
    <p class='ocr_par' dir='ltr' id='par_1_3' title="bbox 148 463 1673 539">
     <span class='ocr_line' id='line_1_3' title="bbox 148 463 1673 539; baseline -0.003 -17"><span class='ocrx_word' id='word_1_11' title='bbox 148 470 293 532; x_wconf 84' lang='grc' dir='ltr'>ῐασιν,</span> <span class='ocrx_word' id='word_1_12' title='bbox 338 464 482 530; x_wconf 81' lang='grc' dir='ltr'>δσοις</span> <span class='ocrx_word' id='word_1_13' title='bbox 525 466 580 521; x_wconf 63' lang='grc' dir='ltr'>δὲ</span> <span class='ocrx_word' id='word_1_14' title='bbox 598 466 817 536; x_wconf 76' lang='grc' dir='ltr'><strong>τυφλοῖς</strong></span> <span class='ocrx_word' id='word_1_15' title='bbox 843 468 1173 539; x_wconf 59' lang='lat' dir='ltr'><strong>omnium.</strong></span> <span class='ocrx_word' id='word_1_16' title='bbox 1199 467 1402 535; x_wconf 88' lang='grc' dir='ltr'>κωφοῖς</span> <span class='ocrx_word' id='word_1_17' title='bbox 1432 463 1673 519; x_wconf 78' lang='grc' dir='ltr'>ἀποκαθ-</span> 
     </span>
    </p>
   </div>
   <div class='ocr_carea' id='block_1_4' title="bbox 1774 450 3349 539">
    <p class='ocr_par' dir='ltr' id='par_1_4' title="bbox 1777 450 3349 527">
     <span class='ocr_line' id='line_1_4' title="bbox 1777 450 3349 527; baseline -0.001 -13"><span class='ocrx_word' id='word_1_18' title='bbox 1777 458 2025 514; x_wconf 88' lang='lat' dir='ltr'><strong>auditum</strong></span> <span class='ocrx_word' id='word_1_19' title='bbox 2047 456 2368 519; x_wconf 87' lang='lat' dir='ltr'><strong>restituerit.</strong></span> <span class='ocrx_word' id='word_1_20' title='bbox 2393 464 2629 527; x_wconf 87' lang='lat' dir='ltr'><strong>quantos</strong></span> <span class='ocrx_word' id='word_1_21' title='bbox 2651 450 2847 510; x_wconf 88' lang='lat' dir='ltr'><strong>solutis</strong></span> <span class='ocrx_word' id='word_1_22' title='bbox 2876 451 3139 512; x_wconf 79' lang='lat' dir='ltr'><strong>membris</strong></span> <span class='ocrx_word' id='word_1_23' title='bbox 3157 468 3349 513; x_wconf 80' lang='lat' dir='ltr'><strong>erexe-</strong></span> 
     </span>
    </p>
   </div>
   <div class='ocr_carea' id='block_1_5' title="bbox 151 555 1682 627">
    <p class='ocr_par' dir='ltr' id='par_1_5' title="bbox 151 555 1682 627">
     <span class='ocr_line' id='line_1_5' title="bbox 151 555 1682 627; baseline -0.001 -17"><span class='ocrx_word' id='word_1_24' title='bbox 151 555 259 627; x_wconf 79' lang='grc' dir='ltr'>ίστη</span> <span class='ocrx_word' id='word_1_25' title='bbox 312 556 408 626; x_wconf 75' lang='grc' dir='ltr'><strong>τὴν</strong></span> <span class='ocrx_word' id='word_1_26' title='bbox 441 557 614 627; x_wconf 79' lang='grc' dir='ltr'>ἀκοήν</span> <span class='ocrx_word' id='word_1_27' title='bbox 634 573 648 588; x_wconf 89' lang='grc'><strong>·</strong></span> <span class='ocrx_word' id='word_1_28' title='bbox 683 556 778 610; x_wconf 73' lang='grc' dir='ltr'>καὶ</span> <span class='ocrx_word' id='word_1_29' title='bbox 805 557 961 621; x_wconf 88' lang='grc' dir='ltr'>δσους</span> <span class='ocrx_word' id='word_1_30' title='bbox 995 558 1092 627; x_wconf 72' lang='grc' dir='ltr'>μὲν</span> <span class='ocrx_word' id='word_1_31' title='bbox 1119 556 1483 627; x_wconf 73' lang='grc' dir='ltr'><strong>παρειμένους</strong></span> <span class='ocrx_word' id='word_1_32' title='bbox 1510 555 1682 625; x_wconf 84' lang='grc' dir='ltr'>ἀνωρ-</span> 
     </span>
    </p>
   </div>
   <div class='ocr_carea' id='block_1_6' title="bbox 146 646 1684 720">
    <p class='ocr_par' dir='ltr' id='par_1_6' title="bbox 146 646 1684 720">
     <span class='ocr_line' id='line_1_6' title="bbox 146 646 1684 720; baseline -0.001 -19"><span class='ocrx_word' id='word_1_33' title='bbox 146 646 366 708; x_wconf 82' lang='grc' dir='ltr'>θώσατο.</span> <span class='ocrx_word' id='word_1_34' title='bbox 397 649 541 711; x_wconf 81' lang='grc' dir='ltr'>ὅσοις</span> <span class='ocrx_word' id='word_1_35' title='bbox 577 649 646 702; x_wconf 73' lang='grc' dir='ltr'><strong>δὲ’</strong></span> <span class='ocrx_word' id='word_1_36' title='bbox 682 648 1078 720; x_wconf 81' lang='grc' dir='ltr'>λελωϐημένοις</span> <span class='ocrx_word' id='word_1_37' title='bbox 1112 649 1175 702; x_wconf 77' lang='grc' dir='ltr'>τὸ</span> <span class='ocrx_word' id='word_1_38' title='bbox 1218 648 1398 717; x_wconf 84' lang='grc' dir='ltr'>σῶμα,</span> <span class='ocrx_word' id='word_1_39' title='bbox 1434 646 1529 702; x_wconf 74' lang='grc' dir='ltr'>καὶ</span> <span class='ocrx_word' id='word_1_40' title='bbox 1561 646 1684 701; x_wconf 81' lang='grc' dir='ltr'>καθ’</span> 
     </span>
    </p>
   </div>
   <div class='ocr_carea' id='block_1_7' title="bbox 143 732 1684 807">
    <p class='ocr_par' dir='ltr' id='par_1_7' title="bbox 143 732 1684 807">
     <span class='ocr_line' id='line_1_7' title="bbox 143 732 1684 807; baseline -0.004 -15"><span class='ocrx_word' id='word_1_41' title='bbox 143 735 290 792; x_wconf 79' lang='grc' dir='ltr'>ὅντιν’</span> <span class='ocrx_word' id='word_1_42' title='bbox 338 732 431 790; x_wconf 80' lang='grc' dir='ltr'>οὖν</span> <span class='ocrx_word' id='word_1_43' title='bbox 470 738 887 807; x_wconf 70' lang='grc' dir='ltr'>πεπηρωμένοις</span> <span class='ocrx_word' id='word_1_44' title='bbox 939 737 1170 807; x_wconf 82' lang='grc' dir='ltr'>τρόπον,</span> <span class='ocrx_word' id='word_1_45' title='bbox 1218 737 1251 806; x_wconf 74' lang='grc' dir='ltr'>ἢ</span> <span class='ocrx_word' id='word_1_46' title='bbox 1315 734 1684 804; x_wconf 79' lang='grc' dir='ltr'><strong>συμπτώματι</strong></span> 
     </span>
    </p>
   </div>
   <div class='ocr_carea' id='block_1_8' title="bbox 147 823 1683 897">
    <p class='ocr_par' dir='ltr' id='par_1_8' title="bbox 147 823 1683 897">
     <span class='ocr_line' id='line_1_8' title="bbox 147 823 1683 897; baseline -0.003 -17"><span class='ocrx_word' id='word_1_47' title='bbox 147 826 343 895; x_wconf 78' lang='grc' dir='ltr'>φύσεως</span> <span class='ocrx_word' id='word_1_48' title='bbox 385 827 810 896; x_wconf 81' lang='grc' dir='ltr'><strong>κεκακωμένοις,</strong></span> <span class='ocrx_word' id='word_1_49' title='bbox 848 825 881 897; x_wconf 83' lang='grc' dir='ltr'>ἢ</span> <span class='ocrx_word' id='word_1_50' title='bbox 919 824 1225 895; x_wconf 82' lang='grc' dir='ltr'>πνεύματος</span> <span class='ocrx_word' id='word_1_51' title='bbox 1245 824 1555 895; x_wconf 76' lang='grc' dir='ltr'><strong>ἀκαθάρτου</strong></span> <span class='ocrx_word' id='word_1_52' title='bbox 1587 823 1683 893; x_wconf 81' lang='grc' dir='ltr'><strong>βα-</strong></span> 
     </span>
    </p>
   </div>
   <div class='ocr_carea' id='block_1_9' title="bbox 144 915 1683 993">
    <p class='ocr_par' dir='ltr' id='par_1_9' title="bbox 144 915 1683 993">
     <span class='ocr_line' id='line_1_9' title="bbox 144 915 1683 993; baseline -0.001 -22"><span class='ocrx_word' id='word_1_53' title='bbox 144 917 495 986; x_wconf 70' lang='grc' dir='ltr'>σανιζομένοις</span> <span class='ocrx_word' id='word_1_54' title='bbox 545 919 799 993; x_wconf 62' lang='grc' dir='ltr'>ἀπηρεία,</span> <span class='ocrx_word' id='word_1_55' title='bbox 851 917 949 988; x_wconf 77' lang='grc' dir='ltr'>τὴν</span> <span class='ocrx_word' id='word_1_56' title='bbox 999 918 1197 974; x_wconf 83' lang='grc' dir='ltr'>ἀπονόν</span> <span class='ocrx_word' id='word_1_57' title='bbox 1242 934 1305 970; x_wconf 86' lang='grc' dir='ltr'><strong>τε</strong></span> <span class='ocrx_word' id='word_1_58' title='bbox 1337 916 1428 970; x_wconf 72' lang='grc' dir='ltr'>καὶ</span> <span class='ocrx_word' id='word_1_59' title='bbox 1454 915 1683 987; x_wconf 79' lang='grc' dir='ltr'>ἄμισθον</span> 
     </span>
    </p>
   </div>
   <div class='ocr_carea' id='block_1_10' title="bbox 145 1000 1682 1078">
    <p class='ocr_par' dir='ltr' id='par_1_10' title="bbox 145 1000 1682 1078">
     <span class='ocr_line' id='line_1_10' title="bbox 145 1000 1682 1078; baseline 0 -19"><span class='ocrx_word' id='word_1_60' title='bbox 145 1007 369 1077; x_wconf 73' lang='grc' dir='ltr'>ἰατρείαν</span> <span class='ocrx_word' id='word_1_61' title='bbox 395 1007 592 1077; x_wconf 84' lang='grc' dir='ltr'>τῷτοῦ</span> <span class='ocrx_word' id='word_1_62' title='bbox 643 1007 816 1078; x_wconf 83' lang='grc' dir='ltr'>Ἰησοῦ</span> <span class='ocrx_word' id='word_1_63' title='bbox 844 1008 1067 1078; x_wconf 79' lang='grc' dir='ltr'>ὀνόματι</span> <span class='ocrx_word' id='word_1_64' title='bbox 1103 1006 1419 1078; x_wconf 82' lang='grc' dir='ltr'><strong>δεδώρηται.</strong></span> <span class='ocrx_word' id='word_1_65' title='bbox 1453 1008 1548 1060; x_wconf 71' lang='grc' dir='ltr'><strong>Ἵν*</strong></span> <span class='ocrx_word' id='word_1_66' title='bbox 1589 1000 1682 1059; x_wconf 81' lang='grc' dir='ltr'>οὖν</span> 
     </span>
    </p>
   </div>
   <div class='ocr_carea' id='block_1_11' title="bbox 143 1094 1684 1166">
    <p class='ocr_par' dir='ltr' id='par_1_11' title="bbox 143 1094 1684 1166">
     <span class='ocr_line' id='line_1_11' title="bbox 143 1094 1684 1166; baseline 0 -19"><span class='ocrx_word' id='word_1_67' title='bbox 143 1094 299 1149; x_wconf 86' lang='grc' dir='ltr'>ταῦτα</span> <span class='ocrx_word' id='word_1_68' title='bbox 329 1094 592 1165; x_wconf 86' lang='grc' dir='ltr'>παρῶμεν</span> <span class='ocrx_word' id='word_1_69' title='bbox 642 1095 881 1166; x_wconf 77' lang='grc' dir='ltr'>ἱστορίας</span> <span class='ocrx_word' id='word_1_70' title='bbox 906 1096 1086 1166; x_wconf 64' lang='grc' dir='ltr'>ἔργον,</span> <span class='ocrx_word' id='word_1_71' title='bbox 1104 1096 1198 1149; x_wconf 86' lang='grc' dir='ltr'>καὶ</span> <span class='ocrx_word' id='word_1_72' title='bbox 1225 1097 1284 1150; x_wconf 82' lang='grc' dir='ltr'>οὐ</span> <span class='ocrx_word' id='word_1_73' title='bbox 1304 1095 1398 1148; x_wconf 88' lang='grc' dir='ltr'><strong>τοῦ</strong></span> <span class='ocrx_word' id='word_1_74' title='bbox 1419 1095 1684 1166; x_wconf 85' lang='grc' dir='ltr'>παρόντος</span> 
     </span>
    </p>
   </div>
   <div class='ocr_carea' id='block_1_12' title="bbox 140 1183 1684 1255">
    <p class='ocr_par' dir='ltr' id='par_1_12' title="bbox 140 1183 1684 1255">
     <span class='ocr_line' id='line_1_12' title="bbox 140 1183 1684 1255; baseline -0.001 -18"><span class='ocrx_word' id='word_1_75' title='bbox 140 1183 258 1237; x_wconf 73' lang='grc' dir='ltr'>ὄντα</span> <span class='ocrx_word' id='word_1_76' title='bbox 284 1184 486 1238; x_wconf 86' lang='grc' dir='ltr'>σκοποῦ</span> <span class='ocrx_word' id='word_1_77' title='bbox 512 1202 526 1218; x_wconf 77' lang='grc' dir='ltr'><strong><em>ο</em></strong></span> <span class='ocrx_word' id='word_1_78' title='bbox 562 1188 666 1240; x_wconf 84' lang='grc' dir='ltr'>ῑνα-</span> <span class='ocrx_word' id='word_1_79' title='bbox 692 1186 750 1240; x_wconf 66' lang='grc' dir='ltr'>δὲ</span> <span class='ocrx_word' id='word_1_80' title='bbox 786 1187 881 1240; x_wconf 71' lang='grc' dir='ltr'>καὶ</span> <span class='ocrx_word' id='word_1_81' title='bbox 925 1185 988 1239; x_wconf 77' lang='grc' dir='ltr'>τὸ</span> <span class='ocrx_word' id='word_1_82' title='bbox 1018 1185 1250 1252; x_wconf 73' lang='grc' dir='ltr'>πέλαγος</span> <span class='ocrx_word' id='word_1_83' title='bbox 1275 1186 1371 1255; x_wconf 81' lang='grc' dir='ltr'>τῆς</span> <span class='ocrx_word' id='word_1_84' title='bbox 1398 1183 1684 1238; x_wconf 86' lang='grc' dir='ltr'>ἀποστολι-</span> 
     </span>
    </p>
   </div>
   <div class='ocr_carea' id='block_1_13' title="bbox 140 1275 1680 1344">
    <p class='ocr_par' dir='ltr' id='par_1_13' title="bbox 140 1275 1680 1344">
     <span class='ocr_line' id='line_1_13' title="bbox 140 1275 1680 1344; baseline -0.001 -15"><span class='ocrx_word' id='word_1_85' title='bbox 140 1275 228 1342; x_wconf 80' lang='grc' dir='ltr'>κῆς</span> <span class='ocrx_word' id='word_1_86' title='bbox 287 1275 592 1344; x_wconf 77' lang='grc' dir='ltr'>συνέλωμεν</span> <span class='ocrx_word' id='word_1_87' title='bbox 645 1275 964 1340; x_wconf 85' lang='grc' dir='ltr'>θεοσοφίας,</span> <span class='ocrx_word' id='word_1_88' title='bbox 1018 1276 1113 1330; x_wconf 82' lang='grc' dir='ltr'>καὶ</span> <span class='ocrx_word' id='word_1_89' title='bbox 1168 1276 1318 1340; x_wconf 83' lang='grc' dir='ltr'>ὅπως</span> <span class='ocrx_word' id='word_1_90' title='bbox 1372 1276 1466 1329; x_wconf 81' lang='grc' dir='ltr'>τὸν</span> <span class='ocrx_word' id='word_1_91' title='bbox 1509 1275 1680 1343; x_wconf 85' lang='grc' dir='ltr'>Λόγον</span> 
     </span>
    </p>
   </div>
   <div class='ocr_carea' id='block_1_14' title="bbox 141 1362 1681 1437">
    <p class='ocr_par' dir='ltr' id='par_1_14' title="bbox 141 1362 1681 1437">
     <span class='ocr_line' id='line_1_14' title="bbox 141 1362 1681 1437; baseline 0.004 -23"><span class='ocrx_word' id='word_1_92' title='bbox 141 1362 389 1430; x_wconf 71' lang='grc' dir='ltr'>ιῢιολόγει</span> <span class='ocrx_word' id='word_1_93' title='bbox 420 1364 516 1432; x_wconf 80' lang='grc' dir='ltr'>τῆς</span> <span class='ocrx_word' id='word_1_94' title='bbox 549 1364 716 1436; x_wconf 83' lang='grc' dir='ltr'>ζωῆς,</span> <span class='ocrx_word' id='word_1_95' title='bbox 742 1367 799 1418; x_wconf 74' lang='grc' dir='ltr'>ιν</span> <span class='ocrx_word' id='word_1_96' title='bbox 821 1366 962 1436; x_wconf 81' lang='grc' dir='ltr'>ἀρχῇ</span> <span class='ocrx_word' id='word_1_97' title='bbox 1002 1366 1154 1432; x_wconf 71' lang='grc' dir='ltr'>ὄντα,</span> <span class='ocrx_word' id='word_1_98' title='bbox 1178 1365 1313 1437; x_wconf 78' lang='grc' dir='ltr'>πρὸς</span> <span class='ocrx_word' id='word_1_99' title='bbox 1340 1367 1433 1420; x_wconf 75' lang='grc' dir='ltr'>τὸν</span> <span class='ocrx_word' id='word_1_100' title='bbox 1461 1366 1681 1437; x_wconf 75' lang='grc' dir='ltr'>Πατέρα</span> 
     </span>
    </p>
   </div>
   <div class='ocr_carea' id='block_1_15' title="bbox 141 1454 1680 1531">
    <p class='ocr_par' dir='ltr' id='par_1_15' title="bbox 141 1454 1680 1531">
     <span class='ocr_line' id='line_1_15' title="bbox 141 1454 1680 1531; baseline 0.004 -24"><span class='ocrx_word' id='word_1_101' title='bbox 141 1455 215 1507; x_wconf 77' lang='grc' dir='ltr'>ἀεὶ</span> <span class='ocrx_word' id='word_1_102' title='bbox 239 1454 383 1520; x_wconf 75' lang='grc' dir='ltr'>ὄντα,</span> <span class='ocrx_word' id='word_1_103' title='bbox 415 1455 507 1507; x_wconf 78' lang='grc' dir='ltr'>καὶ</span> <span class='ocrx_word' id='word_1_104' title='bbox 536 1457 713 1526; x_wconf 84' lang='grc' dir='ltr'>σάρκα</span> <span class='ocrx_word' id='word_1_105' title='bbox 733 1457 1022 1527; x_wconf 83' lang='grc' dir='ltr'>γενόμενον</span> <span class='ocrx_word' id='word_1_106' title='bbox 1038 1459 1180 1530; x_wconf 73' lang='grc' dir='ltr'>ὑπὲρ</span> <span class='ocrx_word' id='word_1_107' title='bbox 1212 1458 1390 1528; x_wconf 75' lang='grc' dir='ltr'>ἡμῶν,</span> <span class='ocrx_word' id='word_1_108' title='bbox 1417 1458 1512 1512; x_wconf 78' lang='grc' dir='ltr'>καὶ</span> <span class='ocrx_word' id='word_1_109' title='bbox 1540 1459 1680 1531; x_wconf 68' lang='grc' dir='ltr'>ὑπὲρ</span> 
     </span>
    </p>
   </div>
   <div class='ocr_carea' id='block_1_16' title="bbox 143 1542 1682 1616">
    <p class='ocr_par' dir='ltr' id='par_1_16' title="bbox 143 1542 1682 1616">
     <span class='ocr_line' id='line_1_16' title="bbox 143 1542 1682 1616; baseline 0.005 -23"><span class='ocrx_word' id='word_1_110' title='bbox 143 1542 278 1610; x_wconf 68' lang='grc' dir='ltr'>ἡμῶν</span> <span class='ocrx_word' id='word_1_111' title='bbox 307 1543 522 1613; x_wconf 83' lang='grc' dir='ltr'>σταυρῷ</span> <span class='ocrx_word' id='word_1_112' title='bbox 552 1545 647 1597; x_wconf 72' lang='grc' dir='ltr'>καὶ</span> <span class='ocrx_word' id='word_1_113' title='bbox 675 1543 907 1614; x_wconf 78' lang='grc' dir='ltr'>θανάτῳ,</span> <span class='ocrx_word' id='word_1_114' title='bbox 934 1544 1029 1598; x_wconf 76' lang='grc' dir='ltr'>καὶ</span> <span class='ocrx_word' id='word_1_115' title='bbox 1074 1544 1357 1616; x_wconf 75' lang='grc' dir='ltr'>τριημέρῳ</span> <span class='ocrx_word' id='word_1_116' title='bbox 1398 1561 1682 1616; x_wconf 72' lang='grc' dir='ltr'>προσωμιιο</span> 
     </span>
    </p>
   </div>
   <div class='ocr_carea' id='block_1_17' title="bbox 142 1626 1680 1705">
    <p class='ocr_par' dir='ltr' id='par_1_17' title="bbox 142 1626 1680 1705">
     <span class='ocr_line' id='line_1_17' title="bbox 142 1626 1680 1705; baseline 0.006 -25"><span class='ocrx_word' id='word_1_117' title='bbox 142 1628 325 1697; x_wconf 83' lang='grc' dir='ltr'>ληκότα</span> <span class='ocrx_word' id='word_1_118' title='bbox 342 1634 487 1702; x_wconf 78' lang='grc' dir='ltr'>ταφῇ</span> <span class='ocrx_word' id='word_1_119' title='bbox 507 1646 524 1664; x_wconf 77' lang='grc' dir='ltr'><strong>ο</strong></span> <span class='ocrx_word' id='word_1_120' title='bbox 583 1626 724 1698; x_wconf 73' lang='grc' dir='ltr'>εἶτα,</span> <span class='ocrx_word' id='word_1_121' title='bbox 770 1633 1078 1688; x_wconf 80' lang='grc' dir='ltr'>ἀναστάντα</span> <span class='ocrx_word' id='word_1_122' title='bbox 1120 1634 1219 1703; x_wconf 77' lang='grc' dir='ltr'>μὲν</span> <span class='ocrx_word' id='word_1_123' title='bbox 1245 1634 1306 1686; x_wconf 68' lang='grc' dir='ltr'><strong>ιγ</strong></span> <span class='ocrx_word' id='word_1_124' title='bbox 1333 1634 1564 1705; x_wconf 85' lang='grc' dir='ltr'>νεκρῶν,</span> <span class='ocrx_word' id='word_1_125' title='bbox 1587 1635 1680 1689; x_wconf 79' lang='grc' dir='ltr'>καὶ</span> 
     </span>
    </p>
   </div>
   <div class='ocr_carea' id='block_1_18' title="bbox 143 1720 1680 1802">
    <p class='ocr_par' dir='ltr' id='par_1_18' title="bbox 143 1720 1680 1802">
     <span class='ocr_line' id='line_1_18' title="bbox 143 1720 1680 1802; baseline 0.004 -29"><span class='ocrx_word' id='word_1_126' title='bbox 143 1720 236 1773; x_wconf 74' lang='grc' dir='ltr'>ἀπὸ</span> <span class='ocrx_word' id='word_1_127' title='bbox 265 1725 367 1789; x_wconf 81' lang='grc' dir='ltr'>γῆς</span> <span class='ocrx_word' id='word_1_128' title='bbox 396 1721 772 1792; x_wconf 74' lang='grc' dir='ltr'>ἀναληφθέντα</span> <span class='ocrx_word' id='word_1_129' title='bbox 818 1726 900 1788; x_wconf 84' lang='grc' dir='ltr'><strong>είς</strong></span> <span class='ocrx_word' id='word_1_130' title='bbox 921 1725 1149 1795; x_wconf 81' lang='grc' dir='ltr'>οὐρανόν</span> <span class='ocrx_word' id='word_1_131' title='bbox 1170 1740 1185 1754; x_wconf 88' lang='grc'><strong>·</strong></span> <span class='ocrx_word' id='word_1_132' title='bbox 1217 1725 1416 1802; x_wconf 76' lang='grc' dir='ltr'>ἥξοντα</span> <span class='ocrx_word' id='word_1_133' title='bbox 1451 1725 1508 1778; x_wconf 75' lang='grc' dir='ltr'>δὲ</span> <span class='ocrx_word' id='word_1_134' title='bbox 1544 1725 1680 1796; x_wconf 81' lang='grc' dir='ltr'>μετὰ</span> 
     </span>
    </p>
   </div>
   <div class='ocr_carea' id='block_1_19' title="bbox 139 1809 1677 1884">
    <p class='ocr_par' dir='ltr' id='par_1_19' title="bbox 139 1809 1677 1884">
     <span class='ocr_line' id='line_1_19' title="bbox 139 1809 1677 1884; baseline 0.005 -25"><span class='ocrx_word' id='word_1_135' title='bbox 139 1809 223 1878; x_wconf 81' lang='grc' dir='ltr'>τῆς</span> <span class='ocrx_word' id='word_1_136' title='bbox 252 1809 417 1864; x_wconf 83' lang='grc' dir='ltr'>αὑτοῦ</span> <span class='ocrx_word' id='word_1_137' title='bbox 476 1811 633 1882; x_wconf 78' lang='grc' dir='ltr'>δόξης</span> <span class='ocrx_word' id='word_1_138' title='bbox 683 1809 838 1877; x_wconf 81' lang='grc' dir='ltr'>αὖθις</span> <span class='ocrx_word' id='word_1_139' title='bbox 899 1814 1130 1878; x_wconf 73' lang='grc' dir='ltr'>ἐκεῖθεν,</span> <span class='ocrx_word' id='word_1_140' title='bbox 1190 1815 1286 1867; x_wconf 69' lang='grc' dir='ltr'>καὶ</span> <span class='ocrx_word' id='word_1_141' title='bbox 1337 1814 1677 1884; x_wconf 76' lang='grc' dir='ltr'>προσάξοντα</span> 
     </span>
    </p>
   </div>
   <div class='ocr_carea' id='block_1_20' title="bbox 142 1898 1676 1974">
    <p class='ocr_par' dir='ltr' id='par_1_20' title="bbox 142 1898 1676 1974">
     <span class='ocr_line' id='line_1_20' title="bbox 142 1898 1676 1974; baseline 0.005 -23"><span class='ocrx_word' id='word_1_142' title='bbox 142 1898 344 1966; x_wconf 82' lang='grc' dir='ltr'>σύμπαν</span> <span class='ocrx_word' id='word_1_143' title='bbox 385 1901 447 1954; x_wconf 79' lang='grc' dir='ltr'>τὸ</span> <span class='ocrx_word' id='word_1_144' title='bbox 496 1903 719 1974; x_wconf 78' lang='grc' dir='ltr'>πλάσμα</span> <span class='ocrx_word' id='word_1_145' title='bbox 759 1905 1152 1974; x_wconf 77' lang='grc' dir='ltr'>κριθησόμενον</span> <span class='ocrx_word' id='word_1_146' title='bbox 1181 1906 1275 1960; x_wconf 81' lang='grc' dir='ltr'>καὶ</span> <span class='ocrx_word' id='word_1_147' title='bbox 1303 1903 1462 1974; x_wconf 90' lang='grc' dir='ltr'>λόγον</span> <span class='ocrx_word' id='word_1_148' title='bbox 1483 1905 1676 1973; x_wconf 74' lang='grc' dir='ltr'><strong>ὑφέξων</strong></span> 
     </span>
    </p>
   </div>
   <div class='ocr_carea' id='block_1_21' title="bbox 118 1986 1676 2065">
    <p class='ocr_par' dir='ltr' id='par_1_21' title="bbox 118 1986 1676 2065">
     <span class='ocr_line' id='line_1_21' title="bbox 118 1986 1676 2065; baseline 0.008 -28"><span class='ocrx_word' id='word_1_149' title='bbox 118 1986 234 2039; x_wconf 85' lang='grc' dir='ltr'>-τῶν</span> <span class='ocrx_word' id='word_1_150' title='bbox 261 1988 634 2060; x_wconf 71' lang='grc' dir='ltr'>βεϐιωμένωνο</span> <span class='ocrx_word' id='word_1_151' title='bbox 658 1993 752 2048; x_wconf 77' lang='grc' dir='ltr'>καὶ</span> <span class='ocrx_word' id='word_1_152' title='bbox 803 1994 885 2047; x_wconf 81' lang='grc' dir='ltr'>ὅτι</span> <span class='ocrx_word' id='word_1_153' title='bbox 912 1994 1086 2065; x_wconf 87' lang='grc' dir='ltr'>τούτῳ</span> <span class='ocrx_word' id='word_1_154' title='bbox 1114 1993 1491 2062; x_wconf 85' lang='grc' dir='ltr'>πιστεύοντας,</span> <span class='ocrx_word' id='word_1_155' title='bbox 1525 1994 1676 2049; x_wconf 79' lang='grc' dir='ltr'>ὕδατι</span> 
     </span>
    </p>
   </div>
   <div class='ocr_carea' id='block_1_22' title="bbox 139 2077 1676 2157">
    <p class='ocr_par' dir='ltr' id='par_1_22' title="bbox 139 2077 1676 2157">
     <span class='ocr_line' id='line_1_22' title="bbox 139 2077 1676 2157; baseline 0.009 -30"><span class='ocrx_word' id='word_1_156' title='bbox 139 2077 216 2128; x_wconf 76' lang='grc' dir='ltr'>καὶ</span> <span class='ocrx_word' id='word_1_157' title='bbox 250 2078 524 2150; x_wconf 79' lang='grc' dir='ltr'>Πνεῦματι</span> <span class='ocrx_word' id='word_1_158' title='bbox 575 2081 928 2155; x_wconf 79' lang='grc' dir='ltr'>καθαίρεσθαι</span> <span class='ocrx_word' id='word_1_159' title='bbox 965 2084 1094 2150; x_wconf 86' lang='grc' dir='ltr'>δεῖν,</span> <span class='ocrx_word' id='word_1_160' title='bbox 1128 2084 1218 2138; x_wconf 80' lang='grc' dir='ltr'>καὶ</span> <span class='ocrx_word' id='word_1_161' title='bbox 1263 2085 1441 2156; x_wconf 82' lang='grc' dir='ltr'>πάσης</span> <span class='ocrx_word' id='word_1_162' title='bbox 1469 2084 1676 2157; x_wconf 81' lang='grc' dir='ltr'>πλάνης</span> 
     </span>
    </p>
   </div>
   <div class='ocr_carea' id='block_1_23' title="bbox 139 2166 1676 2247">
    <p class='ocr_par' dir='ltr' id='par_1_23' title="bbox 139 2166 1676 2247">
     <span class='ocr_line' id='line_1_23' title="bbox 139 2166 1676 2247; baseline 0.008 -29"><span class='ocrx_word' id='word_1_163' title='bbox 139 2166 368 2236; x_wconf 84' lang='grc' dir='ltr'>δαίμονος</span> <span class='ocrx_word' id='word_1_164' title='bbox 394 2209 411 2235; x_wconf 83' lang='grc'><strong>,</strong></span> <span class='ocrx_word' id='word_1_165' title='bbox 459 2172 554 2226; x_wconf 76' lang='grc' dir='ltr'>καὶ</span> <span class='ocrx_word' id='word_1_166' title='bbox 604 2172 786 2242; x_wconf 85' lang='grc' dir='ltr'>πάσης</span> <span class='ocrx_word' id='word_1_167' title='bbox 845 2172 970 2245; x_wconf 66' lang='grc' dir='ltr'>βίου’</span> <span class='ocrx_word' id='word_1_168' title='bbox 1009 2175 1208 2240; x_wconf 85' lang='grc' dir='ltr'>κακίας</span> <span class='ocrx_word' id='word_1_169' title='bbox 1267 2177 1360 2229; x_wconf 79' lang='grc' dir='ltr'>καὶ</span> <span class='ocrx_word' id='word_1_170' title='bbox 1413 2176 1676 2247; x_wconf 75' lang='grc' dir='ltr'>πονηρίας</span> 
     </span>
    </p>
   </div>
   <div class='ocr_carea' id='block_1_24' title="bbox 138 2257 1676 2337">
    <p class='ocr_par' dir='ltr' id='par_1_24' title="bbox 138 2257 1676 2337">
     <span class='ocr_line' id='line_1_24' title="bbox 138 2257 1676 2337; baseline 0.008 -28"><span class='ocrx_word' id='word_1_171' title='bbox 138 2257 645 2330; x_wconf 67' lang='grc' dir='ltr'>ἀπαλλαττομένους,</span> <span class='ocrx_word' id='word_1_172' title='bbox 671 2264 837 2334; x_wconf 88' lang='grc' dir='ltr'>μόνης</span> <span class='ocrx_word' id='word_1_173' title='bbox 863 2265 959 2336; x_wconf 83' lang='grc' dir='ltr'>τῆς</span> <span class='ocrx_word' id='word_1_174' title='bbox 992 2265 1268 2335; x_wconf 75' lang='grc' dir='ltr'>βασιλείας</span> <span class='ocrx_word' id='word_1_175' title='bbox 1297 2265 1432 2320; x_wconf 85' lang='grc' dir='ltr'>Θεοῦ</span> <span class='ocrx_word' id='word_1_176' title='bbox 1458 2267 1550 2320; x_wconf 76' lang='grc' dir='ltr'>καὶ</span> <span class='ocrx_word' id='word_1_177' title='bbox 1578 2267 1676 2337; x_wconf 84' lang='grc' dir='ltr'>τῆς</span> 
     </span>
    </p>
   </div>
   <div class='ocr_carea' id='block_1_25' title="bbox 139 2346 1674 2428">
    <p class='ocr_par' dir='ltr' id='par_1_25' title="bbox 139 2346 1674 2428">
     <span class='ocr_line' id='line_1_25' title="bbox 139 2346 1674 2428; baseline 0.006 -28"><span class='ocrx_word' id='word_1_178' title='bbox 139 2346 466 2421; x_wconf 78' lang='grc' dir='ltr'>δικαιοσύνης</span> <span class='ocrx_word' id='word_1_179' title='bbox 511 2352 642 2425; x_wconf 74' lang='grc' dir='ltr'>ὲρᾷν</span> <span class='ocrx_word' id='word_1_180' title='bbox 684 2353 743 2422; x_wconf 66' lang='grc' dir='ltr'>ιν</span> <span class='ocrx_word' id='word_1_181' title='bbox 790 2352 1010 2425; x_wconf 79' lang='grc' dir='ltr'>Χριστῷ</span> <span class='ocrx_word' id='word_1_182' title='bbox 1063 2355 1259 2428; x_wconf 80' lang='grc' dir='ltr'>Ἰησοῦ.</span> <span class='ocrx_word' id='word_1_183' title='bbox 1305 2355 1400 2410; x_wconf 74' lang='grc' dir='ltr'><strong>’ἶν’</strong></span> <span class='ocrx_word' id='word_1_184' title='bbox 1444 2350 1538 2411; x_wconf 79' lang='grc' dir='ltr'>οὖν</span> <span class='ocrx_word' id='word_1_185' title='bbox 1576 2355 1674 2428; x_wconf 80' lang='grc' dir='ltr'><strong>τὴν</strong></span> 
     </span>
    </p>
   </div>
   <div class='ocr_carea' id='block_1_26' title="bbox 1785 546 3350 620">
    <p class='ocr_par' dir='ltr' id='par_1_26' title="bbox 1785 546 3350 620">
     <span class='ocr_line' id='line_1_26' title="bbox 1785 546 3350 620; baseline 0.001 -17"><span class='ocrx_word' id='word_1_186' title='bbox 1785 551 1876 616; x_wconf 88' lang='lat' dir='ltr'><strong>rit,</strong></span> <span class='ocrx_word' id='word_1_187' title='bbox 1909 550 2127 620; x_wconf 76' lang='lat' dir='ltr'><strong>quantis</strong></span> <span class='ocrx_word' id='word_1_188' title='bbox 2161 549 2412 618; x_wconf 88' lang='lat' dir='ltr'><strong>leprosis,</strong></span> <span class='ocrx_word' id='word_1_189' title='bbox 2453 546 2631 602; x_wconf 87' lang='lat' dir='ltr'><strong>aliove</strong></span> <span class='ocrx_word' id='word_1_190' title='bbox 2664 546 2824 601; x_wconf 91' lang='lat' dir='ltr'><strong>modo</strong></span> <span class='ocrx_word' id='word_1_191' title='bbox 2851 560 3081 616; x_wconf 90' lang='lat' dir='ltr'><strong>corpore</strong></span> <span class='ocrx_word' id='word_1_192' title='bbox 3112 547 3350 614; x_wconf 65' lang='lat' dir='ltr'><strong>oblmis,</strong></span> 
     </span>
    </p>
   </div>
   <div class='ocr_carea' id='block_1_27' title="bbox 1783 636 3350 708">
    <p class='ocr_par' dir='ltr' id='par_1_27' title="bbox 1783 636 3350 708">
     <span class='ocr_line' id='line_1_27' title="bbox 1783 636 3350 708; baseline -0.002 -13"><span class='ocrx_word' id='word_1_193' title='bbox 1783 649 1880 695; x_wconf 88' lang='lat' dir='ltr'><strong>aut</strong></span> <span class='ocrx_word' id='word_1_194' title='bbox 1904 649 2114 694; x_wconf 69' lang='lat' dir='ltr'><strong>naturae</strong></span> <span class='ocrx_word' id='word_1_195' title='bbox 2145 638 2279 694; x_wconf 90' lang='lat' dir='ltr'><strong>vitio</strong></span> <span class='ocrx_word' id='word_1_196' title='bbox 2307 636 2706 702; x_wconf 77' lang='lat' dir='ltr'><strong>laborantibus,</strong></span> <span class='ocrx_word' id='word_1_197' title='bbox 2730 637 2816 692; x_wconf 88' lang='lat' dir='ltr'><strong>vel</strong></span> <span class='ocrx_word' id='word_1_198' title='bbox 2838 636 3036 708; x_wconf 81' lang='lat' dir='ltr'><strong>spiritu</strong></span> <span class='ocrx_word' id='word_1_199' title='bbox 3063 636 3350 692; x_wconf 91' lang='lat' dir='ltr'><strong>immundo</strong></span> 
     </span>
    </p>
   </div>
   <div class='ocr_carea' id='block_1_28' title="bbox 1783 726 3350 794">
    <p class='ocr_par' dir='ltr' id='par_1_28' title="bbox 1783 726 3350 794">
     <span class='ocr_line' id='line_1_28' title="bbox 1783 726 3350 794; baseline -0.002 -9"><span class='ocrx_word' id='word_1_200' title='bbox 1783 731 2012 794; x_wconf 88' lang='lat' dir='ltr'><strong>vexatis,</strong></span> <span class='ocrx_word' id='word_1_201' title='bbox 2048 729 2174 785; x_wconf 86' lang='lat' dir='ltr'><strong>sine</strong></span> <span class='ocrx_word' id='word_1_202' title='bbox 2205 728 2396 783; x_wconf 85' lang='lat' dir='ltr'><strong>labore</strong></span> <span class='ocrx_word' id='word_1_203' title='bbox 2424 728 2601 783; x_wconf 81' lang='lat' dir='ltr'><strong>ullave</strong></span> <span class='ocrx_word' id='word_1_204' title='bbox 2631 726 2908 792; x_wconf 89' lang='lat' dir='ltr'><strong>mercede,</strong></span> <span class='ocrx_word' id='word_1_205' title='bbox 2937 727 3064 784; x_wconf 80' lang='lat' dir='ltr'><strong>Jesu</strong></span> <span class='ocrx_word' id='word_1_206' title='bbox 3097 727 3350 784; x_wconf 88' lang='lat' dir='ltr'><strong>invocato</strong></span> 
     </span>
    </p>
   </div>
   <div class='ocr_carea' id='block_1_29' title="bbox 1783 818 3354 890">
    <p class='ocr_par' dir='ltr' id='par_1_29' title="bbox 1783 818 3354 890">
     <span class='ocr_line' id='line_1_29' title="bbox 1783 818 3354 890; baseline -0.002 -15"><span class='ocrx_word' id='word_1_207' title='bbox 1783 820 2004 876; x_wconf 87' lang='lat' dir='ltr'><strong>nomine</strong></span> <span class='ocrx_word' id='word_1_208' title='bbox 2055 820 2345 875; x_wconf 84' lang='lat' dir='ltr'><strong>sanitatem</strong></span> <span class='ocrx_word' id='word_1_209' title='bbox 2398 818 2705 875; x_wconf 84' lang='lat' dir='ltr'><strong>donaverit.</strong></span> <span class='ocrx_word' id='word_1_210' title='bbox 2761 818 2925 884; x_wconf 57' lang='lat' dir='ltr'><strong>Haec,</strong></span> <span class='ocrx_word' id='word_1_211' title='bbox 2980 818 3232 890; x_wconf 90' lang='lat' dir='ltr'><strong>inquam,</strong></span> <span class='ocrx_word' id='word_1_212' title='bbox 3291 825 3354 873; x_wconf 79' lang='lat' dir='ltr'><strong>ut</strong></span> 
     </span>
    </p>
   </div>
   <div class='ocr_carea' id='block_1_30' title="bbox 1783 909 3352 981">
    <p class='ocr_par' dir='ltr' id='par_1_30' title="bbox 1783 909 3352 981">
     <span class='ocr_line' id='line_1_30' title="bbox 1783 909 3352 981; baseline -0.001 -16"><span class='ocrx_word' id='word_1_213' title='bbox 1783 911 2132 976; x_wconf 87' lang='lat' dir='ltr'><strong>omittamus,</strong></span> <span class='ocrx_word' id='word_1_214' title='bbox 2173 911 2269 981; x_wconf 86' lang='lat' dir='ltr'><strong>qui</strong></span> <span class='ocrx_word' id='word_1_215' title='bbox 2307 909 2519 966; x_wconf 83' lang='lat' dir='ltr'><strong>scilicet</strong></span> <span class='ocrx_word' id='word_1_216' title='bbox 2555 909 2800 966; x_wconf 86' lang='lat' dir='ltr'><strong>historici</strong></span> <span class='ocrx_word' id='word_1_217' title='bbox 2839 909 3019 981; x_wconf 86' lang='lat' dir='ltr'><strong>pensi,</strong></span> <span class='ocrx_word' id='word_1_218' title='bbox 3045 925 3155 965; x_wconf 91' lang='lat' dir='ltr'><strong>non</strong></span> <span class='ocrx_word' id='word_1_219' title='bbox 3184 909 3352 980; x_wconf 75' lang='lat' dir='ltr'><strong>huius</strong></span> 
     </span>
    </p>
   </div>
   <div class='ocr_carea' id='block_1_31' title="bbox 1782 1001 3350 1072">
    <p class='ocr_par' dir='ltr' id='par_1_31' title="bbox 1782 1001 3350 1072">
     <span class='ocr_line' id='line_1_31' title="bbox 1782 1001 3350 1072; baseline -0.002 -13"><span class='ocrx_word' id='word_1_220' title='bbox 1782 1003 1956 1059; x_wconf 89' lang='lat' dir='ltr'><strong>nostri</strong></span> <span class='ocrx_word' id='word_1_221' title='bbox 1997 1001 2232 1058; x_wconf 88' lang='lat' dir='ltr'><strong>instituti</strong></span> <span class='ocrx_word' id='word_1_222' title='bbox 2271 1011 2420 1058; x_wconf 88' lang='lat' dir='ltr'><strong>sunt.</strong></span> <span class='ocrx_word' id='word_1_223' title='bbox 2453 1001 2530 1059; x_wconf 73' lang='lat' dir='ltr'><strong>.Ut</strong></span> <span class='ocrx_word' id='word_1_224' title='bbox 2555 1001 2791 1072; x_wconf 80' lang='lat' dir='ltr'><strong>denique</strong></span> <span class='ocrx_word' id='word_1_225' title='bbox 2833 1002 2996 1057; x_wconf 90' lang='lat' dir='ltr'><strong>etiam</strong></span> <span class='ocrx_word' id='word_1_226' title='bbox 3035 1001 3350 1072; x_wconf 68' lang='lat' dir='ltr'><strong>apostolica:</strong></span> 
     </span>
    </p>
   </div>
   <div class='ocr_carea' id='block_1_32' title="bbox 1783 1091 3349 1163">
    <p class='ocr_par' dir='ltr' id='par_1_32' title="bbox 1783 1091 3349 1163">
     <span class='ocr_line' id='line_1_32' title="bbox 1783 1091 3349 1163; baseline 0.001 -17"><span class='ocrx_word' id='word_1_227' title='bbox 1783 1091 2018 1163; x_wconf 75' lang='lat' dir='ltr'><strong>pelagus</strong></span> <span class='ocrx_word' id='word_1_228' title='bbox 2035 1091 2318 1162; x_wconf 62' lang='lat' dir='ltr'><strong>sapientiae</strong></span> <span class='ocrx_word' id='word_1_229' title='bbox 2358 1091 2774 1156; x_wconf 90' lang='lat' dir='ltr'><strong>contrahamus,</strong></span> <span class='ocrx_word' id='word_1_230' title='bbox 2808 1108 2871 1146; x_wconf 86' lang='lat' dir='ltr'><strong>ac</strong></span> <span class='ocrx_word' id='word_1_231' title='bbox 2900 1091 3175 1163; x_wconf 90' lang='lat' dir='ltr'><strong>quomodo</strong></span> <span class='ocrx_word' id='word_1_232' title='bbox 3207 1091 3349 1147; x_wconf 79' lang='lat' dir='ltr'><strong>Ver-</strong></span> 
     </span>
    </p>
   </div>
   <div class='ocr_carea' id='block_1_33' title="bbox 1783 1180 3346 1253">
    <p class='ocr_par' dir='ltr' id='par_1_33' title="bbox 1783 1180 3346 1253">
     <span class='ocr_line' id='line_1_33' title="bbox 1783 1180 3346 1253; baseline 0.002 -19"><span class='ocrx_word' id='word_1_233' title='bbox 1783 1181 1910 1235; x_wconf 88' lang='lat' dir='ltr'><strong>bum</strong></span> <span class='ocrx_word' id='word_1_234' title='bbox 1935 1180 2060 1235; x_wconf 66' lang='lat' dir='ltr'><strong>vita:</strong></span> <span class='ocrx_word' id='word_1_235' title='bbox 2081 1180 2265 1235; x_wconf 85' lang='lat' dir='ltr'><strong>divine</strong></span> <span class='ocrx_word' id='word_1_236' title='bbox 2294 1181 2633 1250; x_wconf 66' lang='lat' dir='ltr'><strong>praedicaret,</strong></span> <span class='ocrx_word' id='word_1_237' title='bbox 2659 1181 2804 1251; x_wconf 87' lang='lat' dir='ltr'><strong>quod</strong></span> <span class='ocrx_word' id='word_1_238' title='bbox 2828 1191 2948 1236; x_wconf 90' lang='lat' dir='ltr'><strong>erat</strong></span> <span class='ocrx_word' id='word_1_239' title='bbox 2970 1183 3027 1237; x_wconf 92' lang='lat' dir='ltr'><strong>in</strong></span> <span class='ocrx_word' id='word_1_240' title='bbox 3049 1181 3346 1253; x_wconf 83' lang='lat' dir='ltr'><strong>principio,</strong></span> 
     </span>
    </p>
   </div>
   <div class='ocr_carea' id='block_1_34' title="bbox 1780 1269 3348 1338">
    <p class='ocr_par' dir='ltr' id='par_1_34' title="bbox 1780 1269 3348 1338">
     <span class='ocr_line' id='line_1_34' title="bbox 1780 1269 3348 1338; baseline 0 -14"><span class='ocrx_word' id='word_1_241' title='bbox 1780 1277 1838 1324; x_wconf 90' lang='lat' dir='ltr'><strong>et</strong></span> <span class='ocrx_word' id='word_1_242' title='bbox 1885 1277 2005 1324; x_wconf 87' lang='lat' dir='ltr'><strong>erat</strong></span> <span class='ocrx_word' id='word_1_243' title='bbox 2054 1284 2273 1338; x_wconf 88' lang='lat' dir='ltr'><strong>semper</strong></span> <span class='ocrx_word' id='word_1_244' title='bbox 2311 1269 2456 1338; x_wconf 84' lang='lat' dir='ltr'><strong>apud</strong></span> <span class='ocrx_word' id='word_1_245' title='bbox 2502 1269 2749 1332; x_wconf 87' lang='lat' dir='ltr'><strong>Patrem,</strong></span> <span class='ocrx_word' id='word_1_246' title='bbox 2784 1283 2848 1323; x_wconf 93' lang='lat' dir='ltr'><strong>ac</strong></span> <span class='ocrx_word' id='word_1_247' title='bbox 2877 1284 2976 1338; x_wconf 88' lang='lat' dir='ltr'><strong>pro</strong></span> <span class='ocrx_word' id='word_1_248' title='bbox 3014 1270 3176 1324; x_wconf 89' lang='lat' dir='ltr'><strong>nobis</strong></span> <span class='ocrx_word' id='word_1_249' title='bbox 3215 1283 3348 1324; x_wconf 90' lang='lat' dir='ltr'><strong>caro</strong></span> 
     </span>
    </p>
   </div>
   <div class='ocr_carea' id='block_1_35' title="bbox 1780 1357 3348 1429">
    <p class='ocr_par' dir='ltr' id='par_1_35' title="bbox 1780 1357 3348 1429">
     <span class='ocr_line' id='line_1_35' title="bbox 1780 1357 3348 1429; baseline -0.002 -15"><span class='ocrx_word' id='word_1_250' title='bbox 1780 1358 1985 1414; x_wconf 81' lang='lat' dir='ltr'><strong>factum</strong></span> <span class='ocrx_word' id='word_1_251' title='bbox 2011 1367 2117 1422; x_wconf 88' lang='lat' dir='ltr'><strong>est,</strong></span> <span class='ocrx_word' id='word_1_252' title='bbox 2141 1367 2198 1413; x_wconf 92' lang='lat' dir='ltr'><strong>et</strong></span> <span class='ocrx_word' id='word_1_253' title='bbox 2229 1367 2455 1429; x_wconf 89' lang='lat' dir='ltr'><strong>pr0pter</strong></span> <span class='ocrx_word' id='word_1_254' title='bbox 2485 1373 2588 1413; x_wconf 90' lang='lat' dir='ltr'><strong>nos</strong></span> <span class='ocrx_word' id='word_1_255' title='bbox 2609 1357 2760 1413; x_wconf 86' lang='lat' dir='ltr'><strong>cruci</strong></span> <span class='ocrx_word' id='word_1_256' title='bbox 2793 1357 3011 1413; x_wconf 83' lang='lat' dir='ltr'><strong>allixum</strong></span> <span class='ocrx_word' id='word_1_257' title='bbox 3043 1367 3348 1412; x_wconf 89' lang='lat' dir='ltr'><strong>mortuum-</strong></span> 
     </span>
    </p>
   </div>
   <div class='ocr_carea' id='block_1_36' title="bbox 1781 1447 3349 1521">
    <p class='ocr_par' dir='ltr' id='par_1_36' title="bbox 1781 1447 3349 1521">
     <span class='ocr_line' id='line_1_36' title="bbox 1781 1447 3349 1521; baseline -0.001 -17"><span class='ocrx_word' id='word_1_258' title='bbox 1781 1465 1888 1521; x_wconf 83' lang='lat' dir='ltr'><strong>que</strong></span> <span class='ocrx_word' id='word_1_259' title='bbox 1908 1465 1974 1506; x_wconf 90' lang='lat' dir='ltr'><strong>ac</strong></span> <span class='ocrx_word' id='word_1_260' title='bbox 2001 1449 2186 1506; x_wconf 90' lang='lat' dir='ltr'><strong>triduo</strong></span> <span class='ocrx_word' id='word_1_261' title='bbox 2215 1449 2489 1519; x_wconf 87' lang='lat' dir='ltr'><strong>sepultum</strong></span> <span class='ocrx_word' id='word_1_262' title='bbox 2516 1447 2594 1517; x_wconf 69' lang='lat'><strong>“;</strong></span> <span class='ocrx_word' id='word_1_263' title='bbox 2625 1459 2851 1520; x_wconf 90' lang='lat' dir='ltr'><strong>tumque</strong></span> <span class='ocrx_word' id='word_1_264' title='bbox 2881 1448 3122 1503; x_wconf 78' lang='lat' dir='ltr'><strong>surrexit</strong></span> <span class='ocrx_word' id='word_1_265' title='bbox 3142 1463 3172 1502; x_wconf 88' lang='lat' dir='ltr'><strong>a</strong></span> <span class='ocrx_word' id='word_1_266' title='bbox 3200 1463 3349 1503; x_wconf 83' lang='lat' dir='ltr'><strong>mor-</strong></span> 
     </span>
    </p>
   </div>
   <div class='ocr_carea' id='block_1_37' title="bbox 1781 1539 3348 1610">
    <p class='ocr_par' dir='ltr' id='par_1_37' title="bbox 1781 1539 3348 1610">
     <span class='ocr_line' id='line_1_37' title="bbox 1781 1539 3348 1610; baseline 0 -15"><span class='ocrx_word' id='word_1_267' title='bbox 1781 1542 1919 1608; x_wconf 89' lang='lat' dir='ltr'><strong>tuis,</strong></span> <span class='ocrx_word' id='word_1_268' title='bbox 1950 1557 2016 1597; x_wconf 90' lang='lat' dir='ltr'><strong>ac</strong></span> <span class='ocrx_word' id='word_1_269' title='bbox 2051 1558 2082 1597; x_wconf 88' lang='lat' dir='ltr'><strong>a</strong></span> <span class='ocrx_word' id='word_1_270' title='bbox 2115 1551 2259 1595; x_wconf 91' lang='lat' dir='ltr'><strong>terra</strong></span> <span class='ocrx_word' id='word_1_271' title='bbox 2300 1541 2358 1595; x_wconf 92' lang='lat' dir='ltr'><strong>in</strong></span> <span class='ocrx_word' id='word_1_272' title='bbox 2392 1540 2592 1596; x_wconf 82' lang='lat' dir='ltr'><strong>ccelum</strong></span> <span class='ocrx_word' id='word_1_273' title='bbox 2641 1549 2920 1610; x_wconf 90' lang='lat' dir='ltr'><strong>receptum</strong></span> <span class='ocrx_word' id='word_1_274' title='bbox 2957 1547 3074 1606; x_wconf 89' lang='lat' dir='ltr'><strong>est;</strong></span> <span class='ocrx_word' id='word_1_275' title='bbox 3108 1539 3348 1610; x_wconf 82' lang='lat' dir='ltr'><strong>indeque</strong></span> 
     </span>
    </p>
   </div>
   <div class='ocr_carea' id='block_1_38' title="bbox 1780 1622 3347 1703">
    <p class='ocr_par' dir='ltr' id='par_1_38' title="bbox 1780 1622 3347 1703">
     <span class='ocr_line' id='line_1_38' title="bbox 1780 1622 3347 1703; baseline 0 -15"><span class='ocrx_word' id='word_1_276' title='bbox 1780 1648 1974 1689; x_wconf 90' lang='lat' dir='ltr'><strong>rursus</strong></span> <span class='ocrx_word' id='word_1_277' title='bbox 2029 1622 2256 1690; x_wconf 77' lang='lat' dir='ltr'><strong>veniens</strong></span> <span class='ocrx_word' id='word_1_278' title='bbox 2310 1647 2438 1689; x_wconf 90' lang='lat' dir='ltr'><strong>cum</strong></span> <span class='ocrx_word' id='word_1_279' title='bbox 2495 1634 2779 1703; x_wconf 83' lang='lat' dir='ltr'><strong>majestate</strong></span> <span class='ocrx_word' id='word_1_280' title='bbox 2834 1648 2932 1688; x_wconf 85' lang='lat' dir='ltr'><strong>sua</strong></span> <span class='ocrx_word' id='word_1_281' title='bbox 2992 1641 3220 1688; x_wconf 88' lang='lat' dir='ltr'><strong>cunctos</strong></span> <span class='ocrx_word' id='word_1_282' title='bbox 3275 1630 3347 1688; x_wconf 84' lang='lat' dir='ltr'><strong>ad</strong></span> 
     </span>
    </p>
   </div>
   <div class='ocr_carea' id='block_1_39' title="bbox 1775 1722 3365 1800">
    <p class='ocr_par' dir='ltr' id='par_1_39' title="bbox 1775 1722 3365 1800">
     <span class='ocr_line' id='line_1_39' title="bbox 1775 1722 3365 1800; baseline -0.002 -21"><span class='ocrx_word' id='word_1_283' title='bbox 1775 1724 2042 1795; x_wconf 85' lang='lat' dir='ltr'><strong>judicium</strong></span> <span class='ocrx_word' id='word_1_284' title='bbox 2063 1734 2121 1780; x_wconf 86' lang='lat' dir='ltr'><strong>et</strong></span> <span class='ocrx_word' id='word_1_285' title='bbox 2140 1722 2380 1800; x_wconf 86' lang='lat' dir='ltr'><strong>rationes</strong></span> <span class='ocrx_word' id='word_1_286' title='bbox 2398 1738 2613 1789; x_wconf 89' lang='lat' dir='ltr'><strong>eorum,</strong></span> <span class='ocrx_word' id='word_1_287' title='bbox 2636 1738 2759 1793; x_wconf 63' lang='lat' dir='ltr'><strong>quae</strong></span> <span class='ocrx_word' id='word_1_288' title='bbox 2781 1738 2881 1794; x_wconf 90' lang='lat' dir='ltr'><strong>per</strong></span> <span class='ocrx_word' id='word_1_289' title='bbox 2901 1723 3068 1778; x_wconf 87' lang='lat' dir='ltr'><strong>vitam</strong></span> <span class='ocrx_word' id='word_1_290' title='bbox 3089 1729 3365 1794; x_wconf 51' lang='lat' dir='ltr'><strong>egerunt,</strong></span> 
     </span>
    </p>
   </div>
   <div class='ocr_carea' id='block_1_40' title="bbox 1783 1813 3346 1886">
    <p class='ocr_par' dir='ltr' id='par_1_40' title="bbox 1783 1813 3346 1886">
     <span class='ocr_line' id='line_1_40' title="bbox 1783 1813 3346 1886; baseline -0.002 -16"><span class='ocrx_word' id='word_1_291' title='bbox 1783 1821 1991 1886; x_wconf 80' lang='lat' dir='ltr'><strong>coget:</strong></span> <span class='ocrx_word' id='word_1_292' title='bbox 2038 1813 2298 1885; x_wconf 87' lang='lat' dir='ltr'><strong>quodque</strong></span> <span class='ocrx_word' id='word_1_293' title='bbox 2352 1814 2472 1884; x_wconf 87' lang='lat' dir='ltr'><strong>ejus</strong></span> <span class='ocrx_word' id='word_1_294' title='bbox 2525 1813 2776 1870; x_wconf 78' lang='lat' dir='ltr'><strong>ﬁdelibus</strong></span> <span class='ocrx_word' id='word_1_295' title='bbox 2828 1828 2970 1884; x_wconf 87' lang='lat' dir='ltr'><strong>aqua</strong></span> <span class='ocrx_word' id='word_1_296' title='bbox 3017 1829 3082 1869; x_wconf 93' lang='lat' dir='ltr'><strong>ac</strong></span> <span class='ocrx_word' id='word_1_297' title='bbox 3136 1813 3346 1884; x_wconf 87' lang='lat' dir='ltr'><strong>Spiritu</strong></span> 
     </span>
    </p>
   </div>
   <div class='ocr_carea' id='block_1_41' title="bbox 1780 1902 3346 1975">
    <p class='ocr_par' dir='ltr' id='par_1_41' title="bbox 1780 1902 3346 1975">
     <span class='ocr_line' id='line_1_41' title="bbox 1780 1902 3346 1975; baseline -0.002 -14"><span class='ocrx_word' id='word_1_298' title='bbox 1780 1905 2112 1970; x_wconf 89' lang='lat' dir='ltr'><strong>emundatis,</strong></span> <span class='ocrx_word' id='word_1_299' title='bbox 2139 1905 2397 1975; x_wconf 89' lang='lat' dir='ltr'><strong>omnique</strong></span> <span class='ocrx_word' id='word_1_300' title='bbox 2421 1904 2682 1962; x_wconf 68' lang='lat' dir='ltr'><strong>daemonis</strong></span> <span class='ocrx_word' id='word_1_301' title='bbox 2708 1919 2894 1959; x_wconf 89' lang='lat' dir='ltr'><strong>errore</strong></span> <span class='ocrx_word' id='word_1_302' title='bbox 2918 1920 2982 1960; x_wconf 84' lang='lat' dir='ltr'><strong>ac</strong></span> <span class='ocrx_word' id='word_1_303' title='bbox 3003 1905 3128 1959; x_wconf 67' lang='lat' dir='ltr'><strong>vitae</strong></span> <span class='ocrx_word' id='word_1_304' title='bbox 3151 1902 3346 1974; x_wconf 83' lang='lat' dir='ltr'><strong>nequi-</strong></span> 
     </span>
    </p>
   </div>
   <div class='ocr_carea' id='block_1_42' title="bbox 1779 1988 3344 2065">
    <p class='ocr_par' dir='ltr' id='par_1_42' title="bbox 1779 1988 3344 2065">
     <span class='ocr_line' id='line_1_42' title="bbox 1779 1988 3344 2065; baseline -0.001 -15"><span class='ocrx_word' id='word_1_305' title='bbox 1779 1995 1853 2050; x_wconf 87' lang='lat' dir='ltr'><strong>tia</strong></span> <span class='ocrx_word' id='word_1_306' title='bbox 1895 2002 1952 2050; x_wconf 86' lang='lat' dir='ltr'><strong>et</strong></span> <span class='ocrx_word' id='word_1_307' title='bbox 1999 1995 2205 2051; x_wconf 85' lang='lat' dir='ltr'><strong>malitia</strong></span> <span class='ocrx_word' id='word_1_308' title='bbox 2243 1995 2521 2060; x_wconf 89' lang='lat' dir='ltr'><strong>liberatis,</strong></span> <span class='ocrx_word' id='word_1_309' title='bbox 2562 1993 2658 2049; x_wconf 88' lang='lat' dir='ltr'><strong>Dei</strong></span> <span class='ocrx_word' id='word_1_310' title='bbox 2703 1993 2967 2048; x_wconf 81' lang='lat' dir='ltr'><strong>duntaxat</strong></span> <span class='ocrx_word' id='word_1_311' title='bbox 3015 1988 3240 2065; x_wconf 75' lang='lat' dir='ltr'><strong>regnum</strong></span> <span class='ocrx_word' id='word_1_312' title='bbox 3285 1999 3344 2048; x_wconf 79' lang='lat' dir='ltr'><strong>et</strong></span> 
     </span>
    </p>
   </div>
   <div class='ocr_carea' id='block_1_43' title="bbox 1775 2084 3341 2158">
    <p class='ocr_par' dir='ltr' id='par_1_43' title="bbox 1775 2084 3341 2158">
     <span class='ocr_line' id='line_1_43' title="bbox 1775 2084 3341 2158; baseline 0.001 -21"><span class='ocrx_word' id='word_1_313' title='bbox 1775 2087 1981 2142; x_wconf 83' lang='lat' dir='ltr'><strong>iustitia</strong></span> <span class='ocrx_word' id='word_1_314' title='bbox 2007 2088 2128 2158; x_wconf 82' lang='lat' dir='ltr'><strong>ejus</strong></span> <span class='ocrx_word' id='word_1_315' title='bbox 2164 2087 2219 2142; x_wconf 91' lang='lat' dir='ltr'><strong>in</strong></span> <span class='ocrx_word' id='word_1_316' title='bbox 2254 2086 2474 2143; x_wconf 87' lang='lat' dir='ltr'><strong>Christo</strong></span> <span class='ocrx_word' id='word_1_317' title='bbox 2512 2085 2643 2142; x_wconf 84' lang='lat' dir='ltr'><strong>Jesu</strong></span> <span class='ocrx_word' id='word_1_318' title='bbox 2670 2085 2905 2141; x_wconf 90' lang='lat' dir='ltr'><strong>amanda</strong></span> <span class='ocrx_word' id='word_1_319' title='bbox 2945 2084 3074 2141; x_wconf 90' lang='lat' dir='ltr'><strong>sint.</strong></span> <span class='ocrx_word' id='word_1_320' title='bbox 3098 2084 3341 2140; x_wconf 71' lang='lat' dir='ltr'><strong>Tantam</strong></span> 
     </span>
    </p>
   </div>
   <div class='ocr_carea' id='block_1_44' title="bbox 1778 2173 3342 2247">
    <p class='ocr_par' dir='ltr' id='par_1_44' title="bbox 1778 2173 3342 2247">
     <span class='ocr_line' id='line_1_44' title="bbox 1778 2173 3342 2247; baseline -0.001 -16"><span class='ocrx_word' id='word_1_321' title='bbox 1778 2176 1945 2247; x_wconf 68' lang='lat' dir='ltr'><strong>igitur</strong></span> <span class='ocrx_word' id='word_1_322' title='bbox 1963 2177 2270 2233; x_wconf 86' lang='lat' dir='ltr'><strong>divinarum</strong></span> <span class='ocrx_word' id='word_1_323' title='bbox 2294 2176 2666 2233; x_wconf 86' lang='lat' dir='ltr'><strong>doctrinarum</strong></span> <span class='ocrx_word' id='word_1_324' title='bbox 2690 2178 3074 2245; x_wconf 86' lang='lat' dir='ltr'><strong>actionumque</strong></span> <span class='ocrx_word' id='word_1_325' title='bbox 3093 2173 3342 2245; x_wconf 81' lang='lat' dir='ltr'><strong>Apostoli</strong></span> 
     </span>
    </p>
   </div>
   <div class='ocr_carea' id='block_1_45' title="bbox 1777 2255 3337 2342">
    <p class='ocr_par' dir='ltr' id='par_1_45' title="bbox 1777 2255 3337 2342">
     <span class='ocr_line' id='line_1_45' title="bbox 1777 2255 3337 2342; baseline -0.004 -16"><span class='ocrx_word' id='word_1_326' title='bbox 1777 2263 2032 2342; x_wconf 68' lang='lat' dir='ltr'><strong>abyssum</strong></span> <span class='ocrx_word' id='word_1_327' title='bbox 2067 2278 2128 2325; x_wconf 87' lang='lat' dir='ltr'><strong>ut</strong></span> <span class='ocrx_word' id='word_1_328' title='bbox 2160 2255 2408 2324; x_wconf 78' lang='lat' dir='ltr'><strong>historiis</strong></span> <span class='ocrx_word' id='word_1_329' title='bbox 2440 2258 2842 2338; x_wconf 83' lang='lat' dir='ltr'><strong>relinquamus,</strong></span> <span class='ocrx_word' id='word_1_330' title='bbox 2869 2266 2996 2321; x_wconf 70' lang='lat' dir='ltr'><strong>vitae</strong></span> <span class='ocrx_word' id='word_1_331' title='bbox 3030 2265 3178 2320; x_wconf 87' lang='lat' dir='ltr'><strong>illius</strong></span> <span class='ocrx_word' id='word_1_332' title='bbox 3207 2264 3337 2332; x_wconf 81' lang='lat' dir='ltr'><strong>line,</strong></span> 
     </span>
    </p>
   </div>
   <div class='ocr_carea' id='block_1_46' title="bbox 1776 2357 2563 2430">
    <p class='ocr_par' dir='ltr' id='par_1_46' title="bbox 1776 2357 2563 2430">
     <span class='ocr_line' id='line_1_46' title="bbox 1776 2357 2563 2430; baseline -0.004 -16"><span class='ocrx_word' id='word_1_333' title='bbox 1776 2358 2010 2414; x_wconf 87' lang='lat' dir='ltr'><strong>orationi</strong></span> <span class='ocrx_word' id='word_1_334' title='bbox 2032 2358 2195 2414; x_wconf 78' lang='lat' dir='ltr'><strong>linem</strong></span> <span class='ocrx_word' id='word_1_335' title='bbox 2219 2357 2563 2430; x_wconf 85' lang='lat' dir='ltr'><strong>imponamus</strong></span> 
     </span>
    </p>
   </div>
   <div class='ocr_carea' id='block_1_47' title="bbox 138 2443 3340 2522">
    <p class='ocr_par' dir='ltr' id='par_1_47' title="bbox 138 2443 3340 2522">
     <span class='ocr_line' id='line_1_47' title="bbox 138 2443 3340 2522; baseline 0.002 -24"><span class='ocrx_word' id='word_1_336' title='bbox 138 2443 362 2498; x_wconf 69' lang='grc' dir='ltr'>ἄϐυσσον·</span> <span class='ocrx_word' id='word_1_337' title='bbox 394 2443 598 2513; x_wconf 84' lang='grc' dir='ltr'>ταύτην</span> <span class='ocrx_word' id='word_1_338' title='bbox 635 2447 745 2502; x_wconf 85' lang='grc' dir='ltr'><strong>τῶν</strong></span> <span class='ocrx_word' id='word_1_339' title='bbox 791 2447 1076 2517; x_wconf 64' lang='grc' dir='ltr'>θεολογῶν</span> <span class='ocrx_word' id='word_1_340' title='bbox 1127 2449 1356 2504; x_wconf 77' lang='grc' dir='ltr'>καὶτῶν</span> <span class='ocrx_word' id='word_1_341' title='bbox 1384 2449 1638 2521; x_wconf 80' lang='grc' dir='ltr'>πράξεων</span> <span class='ocrx_word' id='word_1_342' title='bbox 1671 2450 1768 2506; x_wconf 84' lang='grc' dir='ltr'><strong>τοῦ</strong></span> <span class='ocrx_word' id='word_1_343' title='bbox 1806 2451 2125 2506; x_wconf 80' lang='grc' dir='ltr'>Ἀποστόλου</span> <span class='ocrx_word' id='word_1_344' title='bbox 2163 2453 2283 2516; x_wconf 90' lang='grc' dir='ltr'>ταῖς</span> <span class='ocrx_word' id='word_1_345' title='bbox 2311 2449 2575 2522; x_wconf 76' lang='grc' dir='ltr'>ἱστορίαις</span> <span class='ocrx_word' id='word_1_346' title='bbox 2621 2448 3030 2519; x_wconf 81' lang='grc' dir='ltr'>καταλίπωμεν,</span> <span class='ocrx_word' id='word_1_347' title='bbox 3075 2447 3154 2521; x_wconf 84' lang='grc' dir='ltr'><strong>τῷ</strong></span> <span class='ocrx_word' id='word_1_348' title='bbox 3195 2449 3340 2506; x_wconf 75' lang='grc' dir='ltr'>τέλει</span> 
     </span>
    </p>
   </div>
   <div class='ocr_carea' id='block_1_48' title="bbox 139 2531 1356 2611">
    <p class='ocr_par' dir='ltr' id='par_1_48' title="bbox 139 2531 1356 2611">
     <span class='ocr_line' id='line_1_48' title="bbox 139 2531 1356 2611; baseline 0.011 -26"><span class='ocrx_word' id='word_1_349' title='bbox 139 2531 218 2586; x_wconf 85' lang='grc' dir='ltr'><strong>τοῦ</strong></span> <span class='ocrx_word' id='word_1_350' title='bbox 246 2533 379 2604; x_wconf 79' lang='grc' dir='ltr'>βίου,</span> <span class='ocrx_word' id='word_1_351' title='bbox 413 2536 476 2590; x_wconf 82' lang='grc' dir='ltr'>τὸ</span> <span class='ocrx_word' id='word_1_352' title='bbox 510 2537 663 2603; x_wconf 70' lang='grc' dir='ltr'>τέλος</span> <span class='ocrx_word' id='word_1_353' title='bbox 691 2540 1034 2611; x_wconf 62' lang='grc' dir='ltr'>ἐπιϐάλωμεν</span> <span class='ocrx_word' id='word_1_354' title='bbox 1051 2541 1144 2596; x_wconf 90' lang='grc' dir='ltr'><strong>τοῦ</strong></span> <span class='ocrx_word' id='word_1_355' title='bbox 1177 2541 1356 2611; x_wconf 88' lang='grc' dir='ltr'>λόγου.</span> 
     </span>
    </p>
   </div>
   <div class='ocr_carea' id='block_1_49' title="bbox 208 2627 1676 2709">
    <p class='ocr_par' dir='ltr' id='par_1_49' title="bbox 208 2627 1676 2709">
     <span class='ocr_line' id='line_1_49' title="bbox 208 2627 1676 2709; baseline 0.006 -27"><span class='ocrx_word' id='word_1_356' title='bbox 208 2627 354 2683; x_wconf 77' lang='grc' dir='ltr'>Ἐπεὶ</span> <span class='ocrx_word' id='word_1_357' title='bbox 381 2631 493 2702; x_wconf 87' lang='grc' dir='ltr'>γὰρ</span> <span class='ocrx_word' id='word_1_358' title='bbox 545 2632 638 2688; x_wconf 75' lang='grc' dir='ltr'>τὸν</span> <span class='ocrx_word' id='word_1_359' title='bbox 674 2634 816 2688; x_wconf 83' lang='grc' dir='ltr'>θεῖον</span> <span class='ocrx_word' id='word_1_360' title='bbox 846 2637 876 2690; x_wconf 81' lang='grc' dir='ltr'><strong>ό</strong></span> <span class='ocrx_word' id='word_1_361' title='bbox 902 2636 1314 2708; x_wconf 82' lang='grc' dir='ltr'>μακαριώτατος</span> <span class='ocrx_word' id='word_1_362' title='bbox 1347 2636 1546 2709; x_wconf 88' lang='grc' dir='ltr'>δρόμον</span> <span class='ocrx_word' id='word_1_363' title='bbox 1588 2636 1676 2702; x_wconf 71' lang='grc' dir='ltr'><strong>ἐξ·</strong></span> 
     </span>
    </p>
   </div>
   <div class='ocr_carea' id='block_1_50' title="bbox 140 2717 1675 2797">
    <p class='ocr_par' dir='ltr' id='par_1_50' title="bbox 140 2717 1675 2797">
     <span class='ocr_line' id='line_1_50' title="bbox 140 2717 1675 2797; baseline 0.009 -28"><span class='ocrx_word' id='word_1_364' title='bbox 140 2717 318 2783; x_wconf 83' lang='grc' dir='ltr'>ανύων,</span> <span class='ocrx_word' id='word_1_365' title='bbox 352 2723 449 2776; x_wconf 80' lang='grc' dir='ltr'>καὶ</span> <span class='ocrx_word' id='word_1_366' title='bbox 479 2727 591 2790; x_wconf 89' lang='grc' dir='ltr'>τοῖς</span> <span class='ocrx_word' id='word_1_367' title='bbox 649 2725 954 2797; x_wconf 71' lang='grc' dir='ltr'>εἰρημένοις</span> <span class='ocrx_word' id='word_1_368' title='bbox 1002 2727 1180 2782; x_wconf 68' lang='grc' dir='ltr'>ἔθνεσι</span> <span class='ocrx_word' id='word_1_369' title='bbox 1204 2731 1390 2796; x_wconf 81' lang='grc' dir='ltr'>πᾶσιν,</span> <span class='ocrx_word' id='word_1_370' title='bbox 1429 2723 1515 2782; x_wconf 79' lang='grc' dir='ltr'>οἷα</span> <span class='ocrx_word' id='word_1_371' title='bbox 1542 2731 1675 2783; x_wconf 79' lang='grc' dir='ltr'>σπό-</span> 
     </span>
    </p>
   </div>
   <div class='ocr_carea' id='block_1_51' title="bbox 141 2816 1674 2891">
    <p class='ocr_par' dir='ltr' id='par_1_51' title="bbox 141 2816 1674 2891">
     <span class='ocr_line' id='line_1_51' title="bbox 141 2816 1674 2891; baseline 0.005 -25"><span class='ocrx_word' id='word_1_372' title='bbox 141 2831 220 2881; x_wconf 84' lang='grc' dir='ltr'><strong>ρον</strong></span> <span class='ocrx_word' id='word_1_373' title='bbox 236 2816 484 2886; x_wconf 81' lang='grc' dir='ltr'>οὐράνιον</span> <span class='ocrx_word' id='word_1_374' title='bbox 501 2816 594 2871; x_wconf 78' lang='grc' dir='ltr'><strong>τὸν</strong></span> <span class='ocrx_word' id='word_1_375' title='bbox 614 2816 708 2872; x_wconf 90' lang='grc' dir='ltr'><strong>τοῦ</strong></span> <span class='ocrx_word' id='word_1_376' title='bbox 731 2818 868 2874; x_wconf 84' lang='grc' dir='ltr'>Θεοῦ</span> <span class='ocrx_word' id='word_1_377' title='bbox 886 2819 1254 2891; x_wconf 83' lang='grc' dir='ltr'>κατασπείρας</span> <span class='ocrx_word' id='word_1_378' title='bbox 1281 2821 1458 2890; x_wconf 87' lang='grc' dir='ltr'>λόγον,</span> <span class='ocrx_word' id='word_1_379' title='bbox 1484 2823 1674 2891; x_wconf 82' lang='grc' dir='ltr'>ἀναρι-</span> 
     </span>
    </p>
   </div>
   <div class='ocr_carea' id='block_1_52' title="bbox 140 2903 1677 2984">
    <p class='ocr_par' dir='ltr' id='par_1_52' title="bbox 140 2903 1677 2984">
     <span class='ocr_line' id='line_1_52' title="bbox 140 2903 1677 2984; baseline 0.007 -28"><span class='ocrx_word' id='word_1_380' title='bbox 140 2903 356 2975; x_wconf 75' lang='grc' dir='ltr'>Θμήτους</span> <span class='ocrx_word' id='word_1_381' title='bbox 407 2907 508 2978; x_wconf 77' lang='grc' dir='ltr'>μὲν</span> <span class='ocrx_word' id='word_1_382' title='bbox 550 2910 977 2973; x_wconf 75' lang='grc' dir='ltr'>πεπιστευκότας</span> <span class='ocrx_word' id='word_1_383' title='bbox 1023 2911 1092 2966; x_wconf 82' lang='grc' dir='ltr'><strong>δι’</strong></span> <span class='ocrx_word' id='word_1_384' title='bbox 1134 2911 1298 2966; x_wconf 82' lang='grc' dir='ltr'>αὑτοῦ</span> <span class='ocrx_word' id='word_1_385' title='bbox 1338 2915 1677 2984; x_wconf 79' lang='grc' dir='ltr'>καρποφορεῖ</span> 
     </span>
    </p>
   </div>
   <div class='ocr_carea' id='block_1_53' title="bbox 140 2994 1672 3071">
    <p class='ocr_par' dir='ltr' id='par_1_53' title="bbox 140 2994 1672 3071">
     <span class='ocr_line' id='line_1_53' title="bbox 140 2994 1672 3071; baseline 0.006 -24"><span class='ocrx_word' id='word_1_386' title='bbox 140 2994 204 3064; x_wconf 79' lang='grc' dir='ltr'><strong>τῷ</strong></span> <span class='ocrx_word' id='word_1_387' title='bbox 228 2997 464 3067; x_wconf 78' lang='grc' dir='ltr'>Χριστῷ,</span> <span class='ocrx_word' id='word_1_388' title='bbox 489 2998 836 3070; x_wconf 86' lang='grc' dir='ltr'>καθαρτηρίῳ</span> <span class='ocrx_word' id='word_1_389' title='bbox 876 3000 932 3054; x_wconf 76' lang='grc' dir='ltr'>δὲ</span> <span class='ocrx_word' id='word_1_390' title='bbox 969 3002 1064 3071; x_wconf 83' lang='grc' dir='ltr'>τῆς</span> <span class='ocrx_word' id='word_1_391' title='bbox 1096 3002 1509 3071; x_wconf 81' lang='grc' dir='ltr'>παλιγγενεσίας</span> <span class='ocrx_word' id='word_1_392' title='bbox 1536 3003 1672 3056; x_wconf 80' lang='grc' dir='ltr'>ἀπο-</span> 
     </span>
    </p>
   </div>
   <div class='ocr_carea' id='block_1_54' title="bbox 142 3061 1745 3162">
    <p class='ocr_par' dir='ltr' id='par_1_54' title="bbox 142 3061 1745 3162">
     <span class='ocr_line' id='line_1_54' title="bbox 142 3061 1745 3162; baseline 0.007 -28"><span class='ocrx_word' id='word_1_393' title='bbox 142 3061 316 3153; x_wconf 77' lang='grc' dir='ltr'>σμήχει</span> <span class='ocrx_word' id='word_1_394' title='bbox 351 3061 560 3156; x_wconf 71' lang='grc' dir='ltr'>λουτρῷ</span> <span class='ocrx_word' id='word_1_395' title='bbox 580 3102 596 3118; x_wconf 80' lang='grc' dir='ltr'><strong>ο</strong></span> <span class='ocrx_word' id='word_1_396' title='bbox 636 3061 819 3141; x_wconf 48' lang='grc' dir='ltr'>’παντί</span> <span class='ocrx_word' id='word_1_397' title='bbox 849 3088 906 3142; x_wconf 80' lang='grc' dir='ltr'>δὲ</span> <span class='ocrx_word' id='word_1_398' title='bbox 937 3061 1080 3160; x_wconf 65' lang='grc' dir='ltr'>λόγω</span> <span class='ocrx_word' id='word_1_399' title='bbox 1114 3061 1304 3160; x_wconf 70' lang='grc' dir='ltr'>σοφίας</span> <span class='ocrx_word' id='word_1_400' title='bbox 1336 3092 1432 3145; x_wconf 76' lang='grc' dir='ltr'>καὶ</span> <span class='ocrx_word' id='word_1_401' title='bbox 1459 3061 1676 3162; x_wconf 76' lang='grc' dir='ltr'>χάριτος</span> <span class='ocrx_word' id='word_1_402' title='bbox 1701 3061 1745 3122; x_wconf 76' lang='lat' dir='ltr'>c</span> 
     </span>
    </p>
   </div>
   <div class='ocr_carea' id='block_1_55' title="bbox 143 3173 1675 3247">
    <p class='ocr_par' dir='ltr' id='par_1_55' title="bbox 143 3173 1675 3247">
     <span class='ocr_line' id='line_1_55' title="bbox 143 3173 1675 3247; baseline 0.004 -23"><span class='ocrx_word' id='word_1_403' title='bbox 143 3173 472 3241; x_wconf 75' lang='grc' dir='ltr'>φωταγωγῶν</span> <span class='ocrx_word' id='word_1_404' title='bbox 520 3174 613 3227; x_wconf 76' lang='grc' dir='ltr'>καὶ</span> <span class='ocrx_word' id='word_1_405' title='bbox 653 3174 1041 3246; x_wconf 82' lang='grc' dir='ltr'>τελετουργῶν,</span> <span class='ocrx_word' id='word_1_406' title='bbox 1095 3177 1222 3241; x_wconf 78' lang='grc' dir='ltr'>τοὺς</span> <span class='ocrx_word' id='word_1_407' title='bbox 1273 3177 1370 3246; x_wconf 85' lang='grc' dir='ltr'>μὲν</span> <span class='ocrx_word' id='word_1_408' title='bbox 1410 3176 1675 3247; x_wconf 75' lang='grc' dir='ltr'>ποιμένας</span> 
     </span>
    </p>
   </div>
   <div class='ocr_carea' id='block_1_56' title="bbox 142 3259 1671 3337">
    <p class='ocr_par' dir='ltr' id='par_1_56' title="bbox 142 3259 1671 3337">
     <span class='ocr_line' id='line_1_56' title="bbox 142 3259 1671 3337; baseline 0.007 -27"><span class='ocrx_word' id='word_1_409' title='bbox 142 3259 348 3330; x_wconf 81' lang='grc' dir='ltr'>καθίστη</span> <span class='ocrx_word' id='word_1_410' title='bbox 375 3263 469 3316; x_wconf 75' lang='grc' dir='ltr'>καὶ</span> <span class='ocrx_word' id='word_1_411' title='bbox 511 3263 879 3331; x_wconf 87' lang='grc' dir='ltr'>διδασκάλους,</span> <span class='ocrx_word' id='word_1_412' title='bbox 921 3266 1065 3330; x_wconf 84' lang='grc' dir='ltr'>ὅσοις</span> <span class='ocrx_word' id='word_1_413' title='bbox 1116 3265 1409 3337; x_wconf 83' lang='grc' dir='ltr'>θερμότητι</span> <span class='ocrx_word' id='word_1_414' title='bbox 1438 3268 1671 3331; x_wconf 88' lang='grc' dir='ltr'>πίστεως</span> 
     </span>
    </p>
   </div>
   <div class='ocr_carea' id='block_1_57' title="bbox 143 3350 1674 3424">
    <p class='ocr_par' dir='ltr' id='par_1_57' title="bbox 143 3350 1674 3424">
     <span class='ocr_line' id='line_1_57' title="bbox 143 3350 1674 3424; baseline 0.007 -24"><span class='ocrx_word' id='word_1_415' title='bbox 143 3352 218 3402; x_wconf 75' lang='grc' dir='ltr'>καὶ</span> <span class='ocrx_word' id='word_1_416' title='bbox 247 3350 498 3422; x_wconf 76' lang='grc' dir='ltr'>εὐθύτητι</span> <span class='ocrx_word' id='word_1_417' title='bbox 520 3353 696 3424; x_wconf 83' lang='grc' dir='ltr'>ψυχῆς</span> <span class='ocrx_word' id='word_1_418' title='bbox 733 3355 932 3423; x_wconf 78' lang='grc' dir='ltr'>μᾶλλον</span> <span class='ocrx_word' id='word_1_419' title='bbox 972 3355 1210 3409; x_wconf 85' lang='grc' dir='ltr'>εὐδοκεῖν</span> <span class='ocrx_word' id='word_1_420' title='bbox 1232 3356 1321 3409; x_wconf 81' lang='grc' dir='ltr'>τὸν</span> <span class='ocrx_word' id='word_1_421' title='bbox 1348 3355 1478 3410; x_wconf 84' lang='grc' dir='ltr'>Θεόν</span> <span class='ocrx_word' id='word_1_422' title='bbox 1497 3371 1513 3388; x_wconf 74' lang='grc' dir='ltr'><strong><em>ο</em></strong></span> <span class='ocrx_word' id='word_1_423' title='bbox 1548 3358 1674 3420; x_wconf 82' lang='grc' dir='ltr'>τοὺς</span> 
     </span>
    </p>
   </div>
   <div class='ocr_carea' id='block_1_58' title="bbox 141 3436 1675 3516">
    <p class='ocr_par' dir='ltr' id='par_1_58' title="bbox 141 3436 1675 3516">
     <span class='ocr_line' id='line_1_58' title="bbox 141 3436 1675 3516; baseline 0.005 -26"><span class='ocrx_word' id='word_1_424' title='bbox 141 3436 186 3490; x_wconf 64' lang='grc' dir='ltr'>δὲ</span> <span class='ocrx_word' id='word_1_425' title='bbox 214 3441 586 3510; x_wconf 76' lang='grc' dir='ltr'>ποιμαίνεσθαι</span> <span class='ocrx_word' id='word_1_426' title='bbox 606 3442 700 3496; x_wconf 78' lang='grc' dir='ltr'>καὶ</span> <span class='ocrx_word' id='word_1_427' title='bbox 722 3441 1004 3513; x_wconf 74' lang='grc' dir='ltr'>ἄρχεσθαι,</span> <span class='ocrx_word' id='word_1_428' title='bbox 1050 3445 1191 3498; x_wconf 88' lang='grc' dir='ltr'><strong>κατά</strong></span> <span class='ocrx_word' id='word_1_429' title='bbox 1215 3444 1314 3515; x_wconf 82' lang='grc' dir='ltr'>τὴν</span> <span class='ocrx_word' id='word_1_430' title='bbox 1337 3445 1511 3514; x_wconf 87' lang='grc' dir='ltr'>ἀγίοις</span> <span class='ocrx_word' id='word_1_431' title='bbox 1540 3445 1675 3516; x_wconf 82' lang='grc' dir='ltr'>πρέ-</span> 
     </span>
    </p>
   </div>
   <div class='ocr_carea' id='block_1_59' title="bbox 144 3532 1670 3607">
    <p class='ocr_par' dir='ltr' id='par_1_59' title="bbox 144 3532 1670 3607">
     <span class='ocr_line' id='line_1_59' title="bbox 144 3532 1670 3607; baseline 0.008 -28"><span class='ocrx_word' id='word_1_432' title='bbox 144 3544 322 3583; x_wconf 75' lang='grc' dir='ltr'>πουσαν</span> <span class='ocrx_word' id='word_1_433' title='bbox 348 3532 723 3602; x_wconf 81' lang='grc' dir='ltr'>εὑθυμοσύνην</span> <span class='ocrx_word' id='word_1_434' title='bbox 750 3534 843 3589; x_wconf 80' lang='grc' dir='ltr'>καὶ</span> <span class='ocrx_word' id='word_1_435' title='bbox 873 3534 1022 3600; x_wconf 82' lang='grc' dir='ltr'>τάξιν</span> <span class='ocrx_word' id='word_1_436' title='bbox 1054 3535 1214 3606; x_wconf 83' lang='grc' dir='ltr'>ίερῶς</span> <span class='ocrx_word' id='word_1_437' title='bbox 1233 3536 1670 3607; x_wconf 79' lang='grc' dir='ltr'>διαταττόμενος,</span> 
     </span>
    </p>
   </div>
   <div class='ocr_carea' id='block_1_60' title="bbox 144 3621 1673 3699">
    <p class='ocr_par' dir='ltr' id='par_1_60' title="bbox 144 3621 1673 3699">
     <span class='ocr_line' id='line_1_60' title="bbox 144 3621 1673 3699; baseline 0.008 -29"><span class='ocrx_word' id='word_1_438' title='bbox 144 3621 406 3690; x_wconf 83' lang='grc' dir='ltr'>ικκλησίας</span> <span class='ocrx_word' id='word_1_439' title='bbox 458 3625 750 3690; x_wconf 84' lang='grc' dir='ltr'>καλλίστας</span> <span class='ocrx_word' id='word_1_440' title='bbox 805 3626 898 3680; x_wconf 76' lang='grc' dir='ltr'>καὶ</span> <span class='ocrx_word' id='word_1_441' title='bbox 941 3626 1198 3692; x_wconf 84' lang='grc' dir='ltr'>πλείστας</span> <span class='ocrx_word' id='word_1_442' title='bbox 1227 3628 1566 3698; x_wconf 78' lang='grc' dir='ltr'>ἀνεστήσατο</span> <span class='ocrx_word' id='word_1_443' title='bbox 1596 3627 1673 3699; x_wconf 81' lang='grc' dir='ltr'>τῷ</span> 
     </span>
    </p>
   </div>
   <div class='ocr_carea' id='block_1_61' title="bbox 143 3707 1672 3788">
    <p class='ocr_par' dir='ltr' id='par_1_61' title="bbox 143 3707 1672 3788">
     <span class='ocr_line' id='line_1_61' title="bbox 143 3707 1672 3788; baseline 0.002 -20"><span class='ocrx_word' id='word_1_444' title='bbox 143 3707 362 3782; x_wconf 75' lang='grc' dir='ltr'>Χριστῷ·</span> <span class='ocrx_word' id='word_1_445' title='bbox 419 3713 527 3767; x_wconf 73' lang='grc' dir='ltr'>εδει</span> <span class='ocrx_word' id='word_1_446' title='bbox 574 3714 763 3769; x_wconf 86' lang='grc' dir='ltr'>τοῦτον</span> <span class='ocrx_word' id='word_1_447' title='bbox 801 3715 1026 3786; x_wconf 71' lang='grc' dir='ltr'>ἔσχατον</span> <span class='ocrx_word' id='word_1_448' title='bbox 1069 3717 1211 3788; x_wconf 76' lang='grc' dir='ltr'>ὑπὲρ</span> <span class='ocrx_word' id='word_1_449' title='bbox 1237 3718 1491 3772; x_wconf 81' lang='grc' dir='ltr'>ἀπάντων</span> <span class='ocrx_word' id='word_1_450' title='bbox 1529 3717 1672 3774; x_wconf 75' lang='grc' dir='ltr'>κατὰ</span> 
     </span>
    </p>
   </div>
   <div class='ocr_carea' id='block_1_62' title="bbox 141 3799 1667 3881">
    <p class='ocr_par' dir='ltr' id='par_1_62' title="bbox 141 3799 1667 3881">
     <span class='ocr_line' id='line_1_62' title="bbox 141 3799 1667 3881; baseline 0.009 -31"><span class='ocrx_word' id='word_1_451' title='bbox 141 3799 222 3869; x_wconf 79' lang='grc' dir='ltr'>τὴν</span> <span class='ocrx_word' id='word_1_452' title='bbox 255 3803 344 3856; x_wconf 88' lang='grc' dir='ltr'><strong>τοῦ</strong></span> <span class='ocrx_word' id='word_1_453' title='bbox 397 3803 720 3860; x_wconf 85' lang='grc' dir='ltr'>διδασκάλου</span> <span class='ocrx_word' id='word_1_454' title='bbox 790 3807 1020 3877; x_wconf 87' lang='grc' dir='ltr'>μίμησιν</span> <span class='ocrx_word' id='word_1_455' title='bbox 1077 3807 1249 3862; x_wconf 87' lang='grc' dir='ltr'>θεῖναι</span> <span class='ocrx_word' id='word_1_456' title='bbox 1294 3809 1392 3880; x_wconf 82' lang='grc' dir='ltr'>τὴν</span> <span class='ocrx_word' id='word_1_457' title='bbox 1453 3811 1667 3881; x_wconf 76' lang='grc' dir='ltr'>ψυχήνο</span> 
     </span>
    </p>
   </div>
   <div class='ocr_carea' id='block_1_63' title="bbox 143 3891 1669 3972">
    <p class='ocr_par' dir='ltr' id='par_1_63' title="bbox 143 3891 1669 3972">
     <span class='ocr_line' id='line_1_63' title="bbox 143 3891 1669 3972; baseline 0.006 -26"><span class='ocrx_word' id='word_1_458' title='bbox 143 3892 273 3947; x_wconf 75' lang='grc' dir='ltr'>τοῦτο</span> <span class='ocrx_word' id='word_1_459' title='bbox 289 3897 394 3967; x_wconf 72' lang='grc' dir='ltr'>γὰρ</span> <span class='ocrx_word' id='word_1_460' title='bbox 420 3891 560 3950; x_wconf 78' lang='grc' dir='ltr'>εἷναι</span> <span class='ocrx_word' id='word_1_461' title='bbox 606 3898 707 3966; x_wconf 79' lang='grc' dir='ltr'>τῆς</span> <span class='ocrx_word' id='word_1_462' title='bbox 745 3897 957 3961; x_wconf 79' lang='grc' dir='ltr'>τελείας</span> <span class='ocrx_word' id='word_1_463' title='bbox 993 3901 1212 3969; x_wconf 78' lang='grc' dir='ltr'>ἀγάπης</span> <span class='ocrx_word' id='word_1_464' title='bbox 1236 3899 1298 3954; x_wconf 79' lang='grc' dir='ltr'>τὸ</span> <span class='ocrx_word' id='word_1_465' title='bbox 1327 3902 1627 3972; x_wconf 81' lang='grc' dir='ltr'>τεκμήριον</span> <span class='ocrx_word' id='word_1_466' title='bbox 1651 3919 1669 3936; x_wconf 76' lang='grc' dir='ltr'><strong><em>ο</em></strong></span> 
     </span>
    </p>
   </div>
   <div class='ocr_carea' id='block_1_64' title="bbox 143 3978 1670 4063">
    <p class='ocr_par' dir='ltr' id='par_1_64' title="bbox 143 3978 1670 4063">
     <span class='ocr_line' id='line_1_64' title="bbox 143 3978 1670 4063; baseline 0.013 -30"><span class='ocrx_word' id='word_1_467' title='bbox 143 3978 205 4032; x_wconf 71' lang='grc' dir='ltr'><strong>διὸ</strong></span> <span class='ocrx_word' id='word_1_468' title='bbox 243 3983 327 4035; x_wconf 78' lang='grc' dir='ltr'>καὶ</span> <span class='ocrx_word' id='word_1_469' title='bbox 375 3985 484 4038; x_wconf 80' lang='grc' dir='ltr'><strong>ὑπὸ</strong></span> <span class='ocrx_word' id='word_1_470' title='bbox 531 3984 642 4038; x_wconf 84' lang='grc' dir='ltr'><strong>τῶν</strong></span> <span class='ocrx_word' id='word_1_471' title='bbox 688 3987 1033 4056; x_wconf 69' lang='grc' dir='ltr'>ἐμμενόντων</span> <span class='ocrx_word' id='word_1_472' title='bbox 1079 3987 1159 4043; x_wconf 72' lang='grc' dir='ltr'>ἔτι</span> <span class='ocrx_word' id='word_1_473' title='bbox 1187 3991 1252 4059; x_wconf 78' lang='grc' dir='ltr'>τῇ</span> <span class='ocrx_word' id='word_1_474' title='bbox 1286 3989 1462 4063; x_wconf 80' lang='grc' dir='ltr'>πλάνῃ</span> <span class='ocrx_word' id='word_1_475' title='bbox 1485 3990 1670 4059; x_wconf 83' lang='grc' dir='ltr'>σαφῶς</span> 
     </span>
    </p>
   </div>
   <div class='ocr_carea' id='block_1_65' title="bbox 144 4068 1671 4146">
    <p class='ocr_par' dir='ltr' id='par_1_65' title="bbox 144 4068 1671 4146">
     <span class='ocr_line' id='line_1_65' title="bbox 144 4068 1671 4146; baseline 0.009 -31"><span class='ocrx_word' id='word_1_476' title='bbox 144 4068 522 4125; x_wconf 72' lang='grc' dir='ltr'>ἐπιϐουλεύεται</span> <span class='ocrx_word' id='word_1_477' title='bbox 557 4087 574 4104; x_wconf 74' lang='grc' dir='ltr'><strong>ο</strong></span> <span class='ocrx_word' id='word_1_478' title='bbox 618 4073 712 4126; x_wconf 80' lang='grc' dir='ltr'>καὶ</span> <span class='ocrx_word' id='word_1_479' title='bbox 761 4073 983 4141; x_wconf 86' lang='grc' dir='ltr'>λόγχαις</span> <span class='ocrx_word' id='word_1_480' title='bbox 1007 4073 1106 4137; x_wconf 88' lang='grc' dir='ltr'><strong>τάς</strong></span> <span class='ocrx_word' id='word_1_481' title='bbox 1133 4073 1372 4146; x_wconf 76' lang='grc' dir='ltr'>πλευράς</span> <span class='ocrx_word' id='word_1_482' title='bbox 1401 4077 1428 4129; x_wconf 85' lang='grc' dir='ltr'><strong>ό</strong></span> <span class='ocrx_word' id='word_1_483' title='bbox 1459 4076 1671 4145; x_wconf 86' lang='grc' dir='ltr'>θαυμα-</span> 
     </span>
    </p>
   </div>
   <div class='ocr_carea' id='block_1_66' title="bbox 146 4153 1665 4236">
    <p class='ocr_par' dir='ltr' id='par_1_66' title="bbox 146 4153 1665 4236">
     <span class='ocr_line' id='line_1_66' title="bbox 146 4153 1665 4236; baseline 0.007 -28"><span class='ocrx_word' id='word_1_484' title='bbox 146 4157 370 4223; x_wconf 81' lang='grc' dir='ltr'>σιώτατος</span> <span class='ocrx_word' id='word_1_485' title='bbox 416 4162 788 4231; x_wconf 75' lang='grc' dir='ltr'>ἑκκεντηθεὶς,</span> <span class='ocrx_word' id='word_1_486' title='bbox 819 4163 917 4234; x_wconf 83' lang='grc' dir='ltr'><strong>τὴν</strong></span> <span class='ocrx_word' id='word_1_487' title='bbox 947 4164 1108 4233; x_wconf 81' lang='grc' dir='ltr'>ἁγίαν</span> <span class='ocrx_word' id='word_1_488' title='bbox 1143 4166 1319 4236; x_wconf 81' lang='grc' dir='ltr'>ψυχὴν</span> <span class='ocrx_word' id='word_1_489' title='bbox 1353 4166 1445 4218; x_wconf 82' lang='grc' dir='ltr'><strong>καὶ</strong></span> <span class='ocrx_word' id='word_1_490' title='bbox 1487 4153 1665 4235; x_wconf 83' lang='grc' dir='ltr'>μακα-</span> 
     </span>
    </p>
   </div>
   <div class='ocr_carea' id='block_1_67' title="bbox 147 4249 1666 4328">
    <p class='ocr_par' dir='ltr' id='par_1_67' title="bbox 147 4249 1666 4328">
     <span class='ocr_line' id='line_1_67' title="bbox 147 4249 1666 4328; baseline 0.002 -24"><span class='ocrx_word' id='word_1_491' title='bbox 147 4249 263 4315; x_wconf 78' lang='grc' dir='ltr'>ρίαν,</span> <span class='ocrx_word' id='word_1_492' title='bbox 305 4254 397 4304; x_wconf 80' lang='grc' dir='ltr'>καὶ</span> <span class='ocrx_word' id='word_1_493' title='bbox 455 4253 622 4317; x_wconf 80' lang='grc' dir='ltr'>ὅντως</span> <span class='ocrx_word' id='word_1_494' title='bbox 683 4255 1003 4325; x_wconf 78' lang='grc' dir='ltr'>Χριστοειδῆ</span> <span class='ocrx_word' id='word_1_495' title='bbox 1060 4255 1156 4309; x_wconf 76' lang='grc' dir='ltr'>καὶ</span> <span class='ocrx_word' id='word_1_496' title='bbox 1189 4258 1543 4328; x_wconf 82' lang='grc' dir='ltr'>Χριστοφιλῆ,</span> <span class='ocrx_word' id='word_1_497' title='bbox 1587 4255 1666 4325; x_wconf 85' lang='grc' dir='ltr'>τῷ</span> 
     </span>
    </p>
   </div>
   <div class='ocr_carea' id='block_1_68' title="bbox 147 4338 1663 4417">
    <p class='ocr_par' dir='ltr' id='par_1_68' title="bbox 147 4338 1663 4417">
     <span class='ocr_line' id='line_1_68' title="bbox 147 4338 1663 4417; baseline 0.009 -28"><span class='ocrx_word' id='word_1_498' title='bbox 147 4338 259 4412; x_wconf 72' lang='grc' dir='ltr'>ὑπὲρ</span> <span class='ocrx_word' id='word_1_499' title='bbox 303 4342 472 4396; x_wconf 85' lang='grc' dir='ltr'>αὑτοῦ</span> <span class='ocrx_word' id='word_1_500' title='bbox 516 4345 881 4415; x_wconf 79' lang='grc' dir='ltr'>σταυρωθέντι</span> <span class='ocrx_word' id='word_1_501' title='bbox 921 4345 1014 4399; x_wconf 72' lang='grc' dir='ltr'>καὶ</span> <span class='ocrx_word' id='word_1_502' title='bbox 1047 4345 1388 4416; x_wconf 77' lang='grc' dir='ltr'>λογχευθέντι</span> <span class='ocrx_word' id='word_1_503' title='bbox 1429 4345 1663 4417; x_wconf 85' lang='grc' dir='ltr'>παρατί-</span> 
     </span>
    </p>
   </div>
   <div class='ocr_carea' id='block_1_69' title="bbox 146 4429 265 4486">
    <p class='ocr_par' dir='ltr' id='par_1_69' title="bbox 146 4429 265 4486">
     <span class='ocr_line' id='line_1_69' title="bbox 146 4429 265 4486; baseline 0.05 -6"><span class='ocrx_word' id='word_1_504' title='bbox 146 4429 265 4486; x_wconf 84' lang='grc' dir='ltr'>ῦεται</span> 
     </span>
    </p>
   </div>
   <div class='ocr_carea' id='block_1_70' title="bbox 199 4700 1660 4784">
    <p class='ocr_par' dir='ltr' id='par_1_70' title="bbox 199 4700 1660 4784">
     <span class='ocr_line' id='line_1_70' title="bbox 199 4700 1660 4784; baseline 0.01 -31"><span class='ocrx_word' id='word_1_505' title='bbox 199 4702 312 4755; x_wconf 77' lang='grc' dir='ltr'><strong>Οὐδὲ</strong></span> <span class='ocrx_word' id='word_1_506' title='bbox 339 4704 450 4776; x_wconf 78' lang='grc' dir='ltr'><strong>γὰρ</strong></span> <span class='ocrx_word' id='word_1_507' title='bbox 503 4700 645 4757; x_wconf 77' lang='grc' dir='ltr'>εἶναι</span> <span class='ocrx_word' id='word_1_508' title='bbox 670 4705 895 4775; x_wconf 86' lang='grc' dir='ltr'>δίκαιον,</span> <span class='ocrx_word' id='word_1_509' title='bbox 927 4709 1016 4762; x_wconf 83' lang='grc' dir='ltr'>τὸν</span> <span class='ocrx_word' id='word_1_510' title='bbox 1041 4710 1160 4764; x_wconf 84' lang='grc' dir='ltr'>ὅλον</span> <span class='ocrx_word' id='word_1_511' title='bbox 1193 4711 1382 4781; x_wconf 83' lang='grc' dir='ltr'>ἔχοντα</span> <span class='ocrx_word' id='word_1_512' title='bbox 1410 4712 1500 4765; x_wconf 78' lang='grc' dir='ltr'>τὸν</span> <span class='ocrx_word' id='word_1_513' title='bbox 1529 4715 1660 4784; x_wconf 87' lang='grc' dir='ltr'>Χρι-</span> 
     </span>
    </p>
   </div>
   <div class='ocr_carea' id='block_1_71' title="bbox 149 4789 1660 4873">
    <p class='ocr_par' dir='ltr' id='par_1_71' title="bbox 149 4789 1660 4873">
     <span class='ocr_line' id='line_1_71' title="bbox 149 4789 1660 4873; baseline 0.011 -34"><span class='ocrx_word' id='word_1_514' title='bbox 149 4789 244 4840; x_wconf 71' lang='grc' dir='ltr'>στὸν</span> <span class='ocrx_word' id='word_1_515' title='bbox 283 4792 337 4845; x_wconf 78' lang='grc' dir='ltr'>ὲν</span> <span class='ocrx_word' id='word_1_516' title='bbox 389 4792 711 4863; x_wconf 73' lang='grc' dir='ltr'>ὲαυτῷ,καὶ</span> <span class='ocrx_word' id='word_1_517' title='bbox 759 4796 931 4868; x_wconf 81' lang='grc' dir='ltr'>τούτῳ</span> <span class='ocrx_word' id='word_1_518' title='bbox 986 4798 1445 4869; x_wconf 83' lang='grc' dir='ltr'>θαυματουργίαις</span> <span class='ocrx_word' id='word_1_519' title='bbox 1496 4803 1660 4873; x_wconf 83' lang='grc' dir='ltr'>ὑπερ-</span> 
     </span>
    </p>
   </div>
   <div class='ocr_carea' id='block_1_72' title="bbox 148 4877 1659 4958">
    <p class='ocr_par' dir='ltr' id='par_1_72' title="bbox 148 4877 1659 4958">
     <span class='ocr_line' id='line_1_72' title="bbox 148 4877 1659 4958; baseline 0.01 -33"><span class='ocrx_word' id='word_1_520' title='bbox 148 4881 456 4946; x_wconf 69' lang='grc' dir='ltr'>φυεστὰταις,</span> <span class='ocrx_word' id='word_1_521' title='bbox 507 4881 744 4951; x_wconf 85' lang='grc' dir='ltr'>διδαχαῖς</span> <span class='ocrx_word' id='word_1_522' title='bbox 775 4877 1255 4952; x_wconf 85' lang='grc' dir='ltr'>θεολογικωτάταις</span> <span class='ocrx_word' id='word_1_523' title='bbox 1287 4887 1381 4940; x_wconf 75' lang='grc' dir='ltr'>καὶ</span> <span class='ocrx_word' id='word_1_524' title='bbox 1401 4889 1534 4940; x_wconf 79' lang='grc' dir='ltr'>πᾶσι</span> <span class='ocrx_word' id='word_1_525' title='bbox 1562 4891 1659 4958; x_wconf 80' lang='grc' dir='ltr'>τῆς</span> 
     </span>
    </p>
   </div>
   <div class='ocr_carea' id='block_1_73' title="bbox 149 4964 1659 5045">
    <p class='ocr_par' dir='ltr' id='par_1_73' title="bbox 149 4964 1659 5045">
     <span class='ocr_line' id='line_1_73' title="bbox 149 4964 1659 5045; baseline 0.007 -25"><span class='ocrx_word' id='word_1_526' title='bbox 149 4964 308 5034; x_wconf 80' lang='grc' dir='ltr'>ἀρετῆς</span> <span class='ocrx_word' id='word_1_527' title='bbox 329 4974 440 5032; x_wconf 83' lang='grc' dir='ltr'>τοῖς</span> <span class='ocrx_word' id='word_1_528' title='bbox 466 4971 688 5040; x_wconf 79' lang='grc' dir='ltr'>τρόποις</span> <span class='ocrx_word' id='word_1_529' title='bbox 723 4974 1154 5043; x_wconf 78' lang='grc' dir='ltr'>ἐξωμοιωμένον,</span> <span class='ocrx_word' id='word_1_530' title='bbox 1190 4976 1262 5045; x_wconf 78' lang='grc' dir='ltr'>μὴ</span> <span class='ocrx_word' id='word_1_531' title='bbox 1317 4977 1409 5028; x_wconf 75' lang='grc' dir='ltr'>καὶ</span> <span class='ocrx_word' id='word_1_532' title='bbox 1432 4978 1572 5030; x_wconf 82' lang='grc' dir='ltr'>κατὰ</span> <span class='ocrx_word' id='word_1_533' title='bbox 1599 4978 1659 5030; x_wconf 86' lang='grc' dir='ltr'>τὸ</span> 
     </span>
    </p>
   </div>
   <div class='ocr_carea' id='block_1_74' title="bbox 151 5054 1659 5136">
    <p class='ocr_par' dir='ltr' id='par_1_74' title="bbox 151 5054 1659 5136">
     <span class='ocr_line' id='line_1_74' title="bbox 151 5054 1659 5136; baseline 0.011 -31"><span class='ocrx_word' id='word_1_534' title='bbox 151 5054 283 5117; x_wconf 73' lang='grc' dir='ltr'>πάθος</span> <span class='ocrx_word' id='word_1_535' title='bbox 306 5064 594 5113; x_wconf 72' lang='grc' dir='ltr'>κοινωνεῖν.</span> <span class='ocrx_word' id='word_1_536' title='bbox 641 5063 747 5115; x_wconf 70' lang='grc' dir='ltr'><strong>Καὶ</strong></span> <span class='ocrx_word' id='word_1_537' title='bbox 777 5063 939 5134; x_wconf 82' lang='grc' dir='ltr'>ὢτῆς</span> <span class='ocrx_word' id='word_1_538' title='bbox 969 5066 1259 5133; x_wconf 76' lang='grc' dir='ltr'>προνοίαςι</span> <span class='ocrx_word' id='word_1_539' title='bbox 1297 5066 1341 5119; x_wconf 85' lang='grc' dir='ltr'><strong>ὣ</strong></span> <span class='ocrx_word' id='word_1_540' title='bbox 1383 5069 1480 5136; x_wconf 77' lang='grc' dir='ltr'>τῆς</span> <span class='ocrx_word' id='word_1_541' title='bbox 1514 5070 1659 5121; x_wconf 71' lang='lat' dir='ltr'><strong>obto-</strong></span> 
     </span>
    </p>
   </div>
   <div class='ocr_carea' id='block_1_75' title="bbox 151 5149 1661 5230">
    <p class='ocr_par' dir='ltr' id='par_1_75' title="bbox 151 5149 1661 5230">
     <span class='ocr_line' id='line_1_75' title="bbox 151 5149 1661 5230; baseline 0.013 -33"><span class='ocrx_word' id='word_1_542' title='bbox 151 5149 334 5216; x_wconf 69' lang='grc' dir='ltr'>νομικῆς</span> <span class='ocrx_word' id='word_1_543' title='bbox 357 5151 569 5220; x_wconf 77' lang='grc' dir='ltr'>ἐκείνης</span> <span class='ocrx_word' id='word_1_544' title='bbox 595 5153 917 5222; x_wconf 77' lang='grc' dir='ltr'>ἀμφιϐολίας</span> <span class='ocrx_word' id='word_1_545' title='bbox 947 5154 1042 5210; x_wconf 82' lang='grc' dir='ltr'><strong>τοῦ</strong></span> <span class='ocrx_word' id='word_1_546' title='bbox 1088 5157 1255 5224; x_wconf 82' lang='grc' dir='ltr'><strong>Θωμᾶ</strong></span> <span class='ocrx_word' id='word_1_547' title='bbox 1289 5160 1379 5211; x_wconf 77' lang='grc' dir='ltr'>καὶ</span> <span class='ocrx_word' id='word_1_548' title='bbox 1411 5160 1661 5230; x_wconf 78' lang='grc' dir='ltr'>ψηλαφή-</span> 
     </span>
    </p>
   </div>
   <div class='ocr_carea' id='block_1_76' title="bbox 153 5241 1662 5321">
    <p class='ocr_par' dir='ltr' id='par_1_76' title="bbox 153 5241 1662 5321">
     <span class='ocr_line' id='line_1_76' title="bbox 153 5241 1662 5321; baseline 0.028 -40"><span class='ocrx_word' id='word_1_549' title='bbox 153 5249 276 5299; x_wconf 76' lang='grc' dir='ltr'>εεως,</span> <span class='ocrx_word' id='word_1_550' title='bbox 302 5241 404 5308; x_wconf 57' lang='lat' dir='ltr'><strong>fite</strong></span> <span class='ocrx_word' id='word_1_551' title='bbox 425 5243 878 5313; x_wconf 75' lang='grc' dir='ltr'>Χριστομίμητον</span> <span class='ocrx_word' id='word_1_552' title='bbox 926 5247 1075 5320; x_wconf 83' lang='grc' dir='ltr'><strong>αὐτῷ</strong></span> <span class='ocrx_word' id='word_1_553' title='bbox 1105 5248 1271 5312; x_wconf 81' lang='grc' dir='ltr'>πάθος</span> <span class='ocrx_word' id='word_1_554' title='bbox 1310 5251 1492 5320; x_wconf 76' lang='grc' dir='ltr'>ἡρέμα</span> <span class='ocrx_word' id='word_1_555' title='bbox 1528 5269 1662 5321; x_wconf 74' lang='grc' dir='ltr'>παρ’</span> 
     </span>
    </p>
   </div>
   <div class='ocr_carea' id='block_1_77' title="bbox 152 5327 1660 5410">
    <p class='ocr_par' dir='ltr' id='par_1_77' title="bbox 152 5327 1660 5410">
     <span class='ocr_line' id='line_1_77' title="bbox 152 5327 1660 5410; baseline 0.007 -29"><span class='ocrx_word' id='word_1_556' title='bbox 152 5327 406 5391; x_wconf 72' lang='grc' dir='ltr'>ισήμανενῐ</span> <span class='ocrx_word' id='word_1_557' title='bbox 440 5334 562 5385; x_wconf 84' lang='grc' dir='ltr'>’Ὁτι</span> <span class='ocrx_word' id='word_1_558' title='bbox 596 5335 705 5403; x_wconf 85' lang='grc' dir='ltr'>γὰρ</span> <span class='ocrx_word' id='word_1_559' title='bbox 731 5334 820 5386; x_wconf 73' lang='grc' dir='ltr'>τὸν</span> <span class='ocrx_word' id='word_1_560' title='bbox 848 5335 1014 5390; x_wconf 78' lang='grc' dir='ltr'>τύπον</span> <span class='ocrx_word' id='word_1_561' title='bbox 1060 5338 1160 5406; x_wconf 85' lang='grc' dir='ltr'>τῆς</span> <span class='ocrx_word' id='word_1_562' title='bbox 1204 5339 1400 5410; x_wconf 81' lang='grc' dir='ltr'>λόγχης</span> <span class='ocrx_word' id='word_1_563' title='bbox 1448 5343 1660 5410; x_wconf 78' lang='grc' dir='ltr'>καὶτῆς</span> 
     </span>
    </p>
   </div>
   <div class='ocr_carea' id='block_1_78' title="bbox 152 5414 1658 5500">
    <p class='ocr_par' dir='ltr' id='par_1_78' title="bbox 152 5414 1658 5500">
     <span class='ocr_line' id='line_1_78' title="bbox 152 5414 1658 5500; baseline 0.014 -38"><span class='ocrx_word' id='word_1_564' title='bbox 152 5414 431 5489; x_wconf 68' lang='grc' dir='ltr'>Δισποτιχῆς</span> <span class='ocrx_word' id='word_1_565' title='bbox 461 5422 704 5490; x_wconf 71' lang='grc' dir='ltr'>ἆψασθαι</span> <span class='ocrx_word' id='word_1_566' title='bbox 722 5422 838 5476; x_wconf 86' lang='grc' dir='ltr'>τότε</span> <span class='ocrx_word' id='word_1_567' title='bbox 859 5426 1164 5497; x_wconf 82' lang='grc' dir='ltr'>κατηξιώθη</span> <span class='ocrx_word' id='word_1_568' title='bbox 1193 5429 1450 5499; x_wconf 77' lang='grc' dir='ltr'>πλευρᾶς,</span> <span class='ocrx_word' id='word_1_569' title='bbox 1473 5429 1658 5500; x_wconf 81' lang='grc' dir='ltr'>ὧσπερ</span> 
     </span>
    </p>
   </div>
   <div class='ocr_carea' id='block_1_79' title="bbox 152 5505 1659 5591">
    <p class='ocr_par' dir='ltr' id='par_1_79' title="bbox 152 5505 1659 5591">
     <span class='ocr_line' id='line_1_79' title="bbox 152 5505 1659 5591; baseline 0.013 -35"><span class='ocrx_word' id='word_1_570' title='bbox 152 5505 250 5558; x_wconf 76' lang='grc' dir='ltr'>τινὰ</span> <span class='ocrx_word' id='word_1_571' title='bbox 272 5512 445 5577; x_wconf 77' lang='grc' dir='ltr'>μισθὸν</span> <span class='ocrx_word' id='word_1_572' title='bbox 477 5514 577 5584; x_wconf 84' lang='grc' dir='ltr'>τῆς</span> <span class='ocrx_word' id='word_1_573' title='bbox 610 5512 906 5577; x_wconf 81' lang='grc' dir='ltr'>πανολϐίας</span> <span class='ocrx_word' id='word_1_574' title='bbox 952 5515 1166 5588; x_wconf 74' lang='grc' dir='ltr'>ἐκείνης</span> <span class='ocrx_word' id='word_1_575' title='bbox 1189 5506 1352 5590; x_wconf 81' lang='grc' dir='ltr'>άφῆς,</span> <span class='ocrx_word' id='word_1_576' title='bbox 1391 5521 1489 5591; x_wconf 86' lang='grc' dir='ltr'>τὴν</span> <span class='ocrx_word' id='word_1_577' title='bbox 1519 5522 1659 5591; x_wconf 82' lang='grc' dir='ltr'>ὑπὲρ</span> 
     </span>
    </p>
   </div>
   <div class='ocr_carea' id='block_1_80' title="bbox 213 5678 1115 5754">
    <p class='ocr_par' dir='ltr' id='par_1_80' title="bbox 213 5678 1115 5754">
     <span class='ocr_line' id='line_1_80' title="bbox 213 5678 1115 5754; baseline 0.007 -16"><span class='ocrx_word' id='word_1_578' title='bbox 213 5678 251 5711; x_wconf 67' lang='grc'><strong>⁸³</strong></span> <span class='ocrx_word' id='word_1_579' title='bbox 273 5682 414 5740; x_wconf 84' lang='lat' dir='ltr'><strong>Joan.</strong></span> <span class='ocrx_word' id='word_1_580' title='bbox 447 5701 486 5754; x_wconf 84' lang='grc' dir='ltr'><strong>ι,</strong></span> <span class='ocrx_word' id='word_1_581' title='bbox 516 5686 569 5741; x_wconf 84' lang='lat' dir='ltr'><strong>l.</strong></span> <span class='ocrx_word' id='word_1_582' title='bbox 643 5688 690 5721; x_wconf 70' lang='grc'><strong>⁸⁸</strong></span> <span class='ocrx_word' id='word_1_583' title='bbox 713 5686 869 5745; x_wconf 87' lang='lat' dir='ltr'><strong>Joan.</strong></span> <span class='ocrx_word' id='word_1_584' title='bbox 915 5702 1002 5754; x_wconf 81' lang='lat' dir='ltr'><strong>xv,</strong></span> <span class='ocrx_word' id='word_1_585' title='bbox 1033 5689 1115 5744; x_wconf 77' lang='grc'><strong>15.</strong></span> 
     </span>
    </p>
   </div>
   <div class='ocr_carea' id='block_1_81' title="bbox 1851 2630 3342 2701">
    <p class='ocr_par' dir='ltr' id='par_1_81' title="bbox 1851 2630 3342 2701">
     <span class='ocr_line' id='line_1_81' title="bbox 1851 2630 3342 2701; baseline 0.002 -12"><span class='ocrx_word' id='word_1_586' title='bbox 1851 2631 2009 2701; x_wconf 81' lang='lat' dir='ltr'><strong>Quod</strong></span> <span class='ocrx_word' id='word_1_587' title='bbox 2036 2631 2185 2689; x_wconf 91' lang='lat' dir='ltr'><strong>enim</strong></span> <span class='ocrx_word' id='word_1_588' title='bbox 2208 2631 2292 2688; x_wconf 90' lang='lat' dir='ltr'><strong>vir</strong></span> <span class='ocrx_word' id='word_1_589' title='bbox 2319 2631 2668 2688; x_wconf 87' lang='lat' dir='ltr'><strong>beatissimus</strong></span> <span class='ocrx_word' id='word_1_590' title='bbox 2689 2630 2934 2687; x_wconf 79' lang='lat' dir='ltr'><strong>divinum</strong></span> <span class='ocrx_word' id='word_1_591' title='bbox 2959 2647 3184 2690; x_wconf 88' lang='lat' dir='ltr'><strong>cursum</strong></span> <span class='ocrx_word' id='word_1_592' title='bbox 3207 2648 3342 2692; x_wconf 84' lang='lat' dir='ltr'><strong>con-</strong></span> 
     </span>
    </p>
   </div>
   <div class='ocr_carea' id='block_1_82' title="bbox 1779 2721 3337 2794">
    <p class='ocr_par' dir='ltr' id='par_1_82' title="bbox 1779 2721 3337 2794">
     <span class='ocr_line' id='line_1_82' title="bbox 1779 2721 3337 2794; baseline 0 -14"><span class='ocrx_word' id='word_1_593' title='bbox 1779 2737 2089 2787; x_wconf 84' lang='lat' dir='ltr'><strong>summans,</strong></span> <span class='ocrx_word' id='word_1_594' title='bbox 2141 2721 2335 2791; x_wconf 85' lang='lat' dir='ltr'><strong>hisque</strong></span> <span class='ocrx_word' id='word_1_595' title='bbox 2382 2721 2669 2787; x_wconf 87' lang='lat' dir='ltr'><strong>omnibus,</strong></span> <span class='ocrx_word' id='word_1_596' title='bbox 2715 2737 2850 2793; x_wconf 86' lang='lat' dir='ltr'><strong>quas</strong></span> <span class='ocrx_word' id='word_1_597' title='bbox 2877 2722 3019 2787; x_wconf 84' lang='lat' dir='ltr'><strong>dixi,</strong></span> <span class='ocrx_word' id='word_1_598' title='bbox 3061 2723 3337 2794; x_wconf 75' lang='lat' dir='ltr'><strong>gentibus,</strong></span> 
     </span>
    </p>
   </div>
   <div class='ocr_carea' id='block_1_83' title="bbox 1777 2804 3339 2880">
    <p class='ocr_par' dir='ltr' id='par_1_83' title="bbox 1777 2804 3339 2880">
     <span class='ocr_line' id='line_1_83' title="bbox 1777 2804 3339 2880; baseline 0.003 -11"><span class='ocrx_word' id='word_1_599' title='bbox 1777 2804 1929 2872; x_wconf 81' lang='lat' dir='ltr'><strong>velut</strong></span> <span class='ocrx_word' id='word_1_600' title='bbox 1955 2813 2230 2871; x_wconf 70' lang='lat' dir='ltr'><strong>caelestem</strong></span> <span class='ocrx_word' id='word_1_601' title='bbox 2259 2822 2581 2880; x_wconf 85' lang='lat' dir='ltr'><strong>sementem,</strong></span> <span class='ocrx_word' id='word_1_602' title='bbox 2617 2813 2714 2869; x_wconf 90' lang='lat' dir='ltr'><strong>Dei</strong></span> <span class='ocrx_word' id='word_1_603' title='bbox 2747 2828 3056 2870; x_wconf 86' lang='lat' dir='ltr'><strong>sermonem</strong></span> <span class='ocrx_word' id='word_1_604' title='bbox 3088 2813 3339 2873; x_wconf 86' lang='lat' dir='ltr'><strong>dissemi-</strong></span> 
     </span>
    </p>
   </div>
   <div class='ocr_carea' id='block_1_84' title="bbox 1777 2903 3341 2977">
    <p class='ocr_par' dir='ltr' id='par_1_84' title="bbox 1777 2903 3341 2977">
     <span class='ocr_line' id='line_1_84' title="bbox 1777 2903 3341 2977; baseline 0 -15"><span class='ocrx_word' id='word_1_605' title='bbox 1777 2921 1937 2972; x_wconf 88' lang='lat' dir='ltr'><strong>nans,</strong></span> <span class='ocrx_word' id='word_1_606' title='bbox 1990 2913 2227 2977; x_wconf 90' lang='lat' dir='ltr'><strong>quantos</strong></span> <span class='ocrx_word' id='word_1_607' title='bbox 2282 2919 2386 2962; x_wconf 86' lang='lat' dir='ltr'><strong>nec</strong></span> <span class='ocrx_word' id='word_1_608' title='bbox 2427 2918 2718 2960; x_wconf 89' lang='lat' dir='ltr'><strong>numerare</strong></span> <span class='ocrx_word' id='word_1_609' title='bbox 2761 2904 2887 2975; x_wconf 89' lang='lat' dir='ltr'><strong>quis</strong></span> <span class='ocrx_word' id='word_1_610' title='bbox 2927 2904 3100 2975; x_wconf 85' lang='lat' dir='ltr'><strong>possit</strong></span> <span class='ocrx_word' id='word_1_611' title='bbox 3148 2903 3341 2962; x_wconf 81' lang='lat' dir='ltr'><strong>ﬁdeles</strong></span> 
     </span>
    </p>
   </div>
   <div class='ocr_carea' id='block_1_85' title="bbox 1777 2995 3377 3068">
    <p class='ocr_par' dir='ltr' id='par_1_85' title="bbox 1777 2995 3377 3068">
     <span class='ocr_line' id='line_1_85' title="bbox 1777 2995 3377 3068; baseline 0 -16"><span class='ocrx_word' id='word_1_612' title='bbox 1777 2997 2010 3052; x_wconf 83' lang='lat' dir='ltr'><strong>fecunda</strong></span> <span class='ocrx_word' id='word_1_613' title='bbox 2060 3011 2237 3062; x_wconf 84' lang='lat' dir='ltr'><strong>messe</strong></span> <span class='ocrx_word' id='word_1_614' title='bbox 2267 2995 2488 3053; x_wconf 88' lang='lat' dir='ltr'><strong>Christo</strong></span> <span class='ocrx_word' id='word_1_615' title='bbox 2515 2996 2799 3063; x_wconf 77' lang='lat' dir='ltr'><strong>oﬂ&#39;erebat,</strong></span> <span class='ocrx_word' id='word_1_616' title='bbox 2832 3011 2898 3052; x_wconf 91' lang='lat' dir='ltr'><strong>ac</strong></span> <span class='ocrx_word' id='word_1_617' title='bbox 2934 2996 3148 3052; x_wconf 82' lang='lat' dir='ltr'><strong>lustrali</strong></span> <span class='ocrx_word' id='word_1_618' title='bbox 3181 3012 3339 3068; x_wconf 71' lang='lat' dir='ltr'><strong>rege-</strong></span> <span class='ocrx_word' id='word_1_619' title='bbox 3371 2995 3377 2998; x_wconf 69' lang='grc'><strong>”</strong></span> 
     </span>
    </p>
   </div>
   <div class='ocr_carea' id='block_1_86' title="bbox 1775 3087 3338 3160">
    <p class='ocr_par' dir='ltr' id='par_1_86' title="bbox 1775 3087 3338 3160">
     <span class='ocr_line' id='line_1_86' title="bbox 1775 3087 3338 3160; baseline 0.002 -18"><span class='ocrx_word' id='word_1_620' title='bbox 1775 3088 2076 3143; x_wconf 84' lang='lat' dir='ltr'><strong>nerationis</strong></span> <span class='ocrx_word' id='word_1_621' title='bbox 2111 3089 2358 3151; x_wconf 85' lang='lat' dir='ltr'><strong>lavacro,</strong></span> <span class='ocrx_word' id='word_1_622' title='bbox 2400 3087 2659 3143; x_wconf 87' lang='lat' dir='ltr'><strong>sordibus</strong></span> <span class='ocrx_word' id='word_1_623' title='bbox 2695 3087 3042 3158; x_wconf 78' lang='lat' dir='ltr'><strong>detergebat;</strong></span> <span class='ocrx_word' id='word_1_624' title='bbox 3077 3087 3338 3160; x_wconf 86' lang='lat' dir='ltr'><strong>omnique</strong></span> 
     </span>
    </p>
   </div>
   <div class='ocr_carea' id='block_1_87' title="bbox 1773 3176 3337 3250">
    <p class='ocr_par' dir='ltr' id='par_1_87' title="bbox 1773 3176 3337 3250">
     <span class='ocr_line' id='line_1_87' title="bbox 1773 3176 3337 3250; baseline 0.001 -19"><span class='ocrx_word' id='word_1_625' title='bbox 1773 3178 2054 3247; x_wconf 65' lang='lat' dir='ltr'><strong>sapientiae</strong></span> <span class='ocrx_word' id='word_1_626' title='bbox 2082 3189 2244 3247; x_wconf 87' lang='lat' dir='ltr'><strong>atque</strong></span> <span class='ocrx_word' id='word_1_627' title='bbox 2275 3177 2461 3248; x_wconf 66' lang='lat' dir='ltr'><strong>gratia:</strong></span> <span class='ocrx_word' id='word_1_628' title='bbox 2489 3192 2738 3232; x_wconf 86' lang='lat' dir='ltr'><strong>sermone</strong></span> <span class='ocrx_word' id='word_1_629' title='bbox 2774 3176 3087 3233; x_wconf 84' lang='lat' dir='ltr'><strong>illuminans</strong></span> <span class='ocrx_word' id='word_1_630' title='bbox 3115 3193 3181 3233; x_wconf 88' lang='lat' dir='ltr'><strong>ac</strong></span> <span class='ocrx_word' id='word_1_631' title='bbox 3207 3193 3337 3250; x_wconf 88' lang='lat' dir='ltr'><strong>per-</strong></span> 
     </span>
    </p>
   </div>
   <div class='ocr_carea' id='block_1_88' title="bbox 1775 3266 3336 3337">
    <p class='ocr_par' dir='ltr' id='par_1_88' title="bbox 1775 3266 3336 3337">
     <span class='ocr_line' id='line_1_88' title="bbox 1775 3266 3336 3337; baseline 0.001 -16"><span class='ocrx_word' id='word_1_632' title='bbox 1775 3267 1994 3334; x_wconf 75' lang='lat' dir='ltr'><strong>ﬁciens,</strong></span> <span class='ocrx_word' id='word_1_633' title='bbox 2047 3268 2183 3322; x_wconf 87' lang='lat' dir='ltr'><strong>alios</strong></span> <span class='ocrx_word' id='word_1_634' title='bbox 2239 3275 2489 3337; x_wconf 87' lang='lat' dir='ltr'><strong>pastores</strong></span> <span class='ocrx_word' id='word_1_635' title='bbox 2552 3266 2910 3335; x_wconf 87' lang='lat' dir='ltr'><strong>doctoresque</strong></span> <span class='ocrx_word' id='word_1_636' title='bbox 2968 3266 3336 3323; x_wconf 83' lang='lat' dir='ltr'><strong>constituebat</strong></span> 
     </span>
    </p>
   </div>
   <div class='ocr_carea' id='block_1_89' title="bbox 1776 3355 3334 3428">
    <p class='ocr_par' dir='ltr' id='par_1_89' title="bbox 1776 3355 3334 3428">
     <span class='ocr_line' id='line_1_89' title="bbox 1776 3355 3334 3428; baseline 0.001 -17"><span class='ocrx_word' id='word_1_637' title='bbox 1776 3360 2069 3428; x_wconf 85' lang='lat' dir='ltr'><strong>(quotquot</strong></span> <span class='ocrx_word' id='word_1_638' title='bbox 2099 3358 2356 3423; x_wconf 66' lang='lat' dir='ltr'><strong>nimirum</strong></span> <span class='ocrx_word' id='word_1_639' title='bbox 2390 3357 2604 3411; x_wconf 80' lang='lat' dir='ltr'><strong>fervore</strong></span> <span class='ocrx_word' id='word_1_640' title='bbox 2634 3355 2758 3410; x_wconf 77' lang='lat' dir='ltr'><strong>ﬁdei</strong></span> <span class='ocrx_word' id='word_1_641' title='bbox 2791 3356 3069 3426; x_wconf 85' lang='lat' dir='ltr'><strong>animique</strong></span> <span class='ocrx_word' id='word_1_642' title='bbox 3101 3357 3334 3412; x_wconf 85' lang='lat' dir='ltr'><strong>rectitu-</strong></span> 
     </span>
    </p>
   </div>
   <div class='ocr_carea' id='block_1_90' title="bbox 1772 3445 3331 3518">
    <p class='ocr_par' dir='ltr' id='par_1_90' title="bbox 1772 3445 3331 3518">
     <span class='ocr_line' id='line_1_90' title="bbox 1772 3445 3331 3518; baseline -0.001 -16"><span class='ocrx_word' id='word_1_643' title='bbox 1772 3448 1899 3503; x_wconf 88' lang='lat' dir='ltr'><strong>dine</strong></span> <span class='ocrx_word' id='word_1_644' title='bbox 1931 3449 2040 3503; x_wconf 91' lang='lat' dir='ltr'><strong>Deo</strong></span> <span class='ocrx_word' id='word_1_645' title='bbox 2071 3448 2406 3518; x_wconf 89' lang='lat' dir='ltr'><strong>acceptiores</strong></span> <span class='ocrx_word' id='word_1_646' title='bbox 2425 3446 2710 3514; x_wconf 88' lang='lat' dir='ltr'><strong>noverat),</strong></span> <span class='ocrx_word' id='word_1_647' title='bbox 2733 3445 2856 3500; x_wconf 86' lang='lat' dir='ltr'><strong>aliis</strong></span> <span class='ocrx_word' id='word_1_648' title='bbox 2883 3453 2943 3500; x_wconf 89' lang='lat' dir='ltr'><strong>ut</strong></span> <span class='ocrx_word' id='word_1_649' title='bbox 2973 3455 3331 3517; x_wconf 75' lang='lat' dir='ltr'><strong>pascerentur</strong></span> 
     </span>
    </p>
   </div>
   <div class='ocr_carea' id='block_1_91' title="bbox 1772 3534 3330 3609">
    <p class='ocr_par' dir='ltr' id='par_1_91' title="bbox 1772 3534 3330 3609">
     <span class='ocr_line' id='line_1_91' title="bbox 1772 3534 3330 3609; baseline 0.001 -17"><span class='ocrx_word' id='word_1_650' title='bbox 1772 3554 1835 3593; x_wconf 91' lang='lat' dir='ltr'><strong>ac</strong></span> <span class='ocrx_word' id='word_1_651' title='bbox 1857 3538 2060 3595; x_wconf 90' lang='lat' dir='ltr'><strong>subditi</strong></span> <span class='ocrx_word' id='word_1_652' title='bbox 2085 3537 2290 3603; x_wconf 74' lang='lat' dir='ltr'><strong>essent,</strong></span> <span class='ocrx_word' id='word_1_653' title='bbox 2310 3538 2461 3608; x_wconf 83' lang='lat' dir='ltr'><strong>juxta</strong></span> <span class='ocrx_word' id='word_1_654' title='bbox 2490 3537 2811 3593; x_wconf 88' lang='lat' dir='ltr'><strong>concinnam</strong></span> <span class='ocrx_word' id='word_1_655' title='bbox 2843 3535 2989 3609; x_wconf 81' lang='lat' dir='ltr'><strong>illam</strong></span> <span class='ocrx_word' id='word_1_656' title='bbox 3013 3534 3330 3609; x_wconf 84' lang='lat' dir='ltr'><strong>dispesitio-</strong></span> 
     </span>
    </p>
   </div>
   <div class='ocr_carea' id='block_1_92' title="bbox 1771 3625 3332 3697">
    <p class='ocr_par' dir='ltr' id='par_1_92' title="bbox 1771 3625 3332 3697">
     <span class='ocr_line' id='line_1_92' title="bbox 1771 3625 3332 3697; baseline 0.001 -17"><span class='ocrx_word' id='word_1_657' title='bbox 1771 3642 1919 3689; x_wconf 89' lang='lat' dir='ltr'><strong>nem,</strong></span> <span class='ocrx_word' id='word_1_658' title='bbox 1949 3637 2245 3697; x_wconf 90' lang='lat' dir='ltr'><strong>aptumque</strong></span> <span class='ocrx_word' id='word_1_659' title='bbox 2280 3626 2528 3682; x_wconf 88' lang='lat' dir='ltr'><strong>ordinem</strong></span> <span class='ocrx_word' id='word_1_660' title='bbox 2555 3625 2648 3696; x_wconf 86' lang='lat' dir='ltr'><strong>qui</strong></span> <span class='ocrx_word' id='word_1_661' title='bbox 2678 3633 2898 3682; x_wconf 85' lang='lat' dir='ltr'><strong>sanctos</strong></span> <span class='ocrx_word' id='word_1_662' title='bbox 2932 3625 3109 3692; x_wconf 91' lang='lat' dir='ltr'><strong>decet,</strong></span> <span class='ocrx_word' id='word_1_663' title='bbox 3145 3642 3332 3682; x_wconf 82' lang='lat' dir='ltr'><strong>sacra-</strong></span> 
     </span>
    </p>
   </div>
   <div class='ocr_carea' id='block_1_93' title="bbox 1770 3704 3333 3790">
    <p class='ocr_par' dir='ltr' id='par_1_93' title="bbox 1770 3704 3333 3790">
     <span class='ocr_line' id='line_1_93' title="bbox 1770 3704 3333 3790; baseline 0.003 -22"><span class='ocrx_word' id='word_1_664' title='bbox 1770 3704 1979 3771; x_wconf 85' lang='lat' dir='ltr'><strong>tissime</strong></span> <span class='ocrx_word' id='word_1_665' title='bbox 2019 3723 2300 3782; x_wconf 89' lang='lat' dir='ltr'><strong>statuens,</strong></span> <span class='ocrx_word' id='word_1_666' title='bbox 2342 3715 2612 3772; x_wconf 74' lang='lat' dir='ltr'><strong>Ecclesiae</strong></span> <span class='ocrx_word' id='word_1_667' title='bbox 2639 3715 3035 3786; x_wconf 81' lang='lat' dir='ltr'><strong>pulcherrimas</strong></span> <span class='ocrx_word' id='word_1_668' title='bbox 3077 3732 3139 3772; x_wconf 83' lang='lat' dir='ltr'><strong>ac</strong></span> <span class='ocrx_word' id='word_1_669' title='bbox 3173 3717 3333 3790; x_wconf 76' lang='lat' dir='ltr'><strong>longe</strong></span> 
     </span>
    </p>
   </div>
   <div class='ocr_carea' id='block_1_94' title="bbox 1769 3804 3330 3878">
    <p class='ocr_par' dir='ltr' id='par_1_94' title="bbox 1769 3804 3330 3878">
     <span class='ocr_line' id='line_1_94' title="bbox 1769 3804 3330 3878; baseline 0.004 -21"><span class='ocrx_word' id='word_1_670' title='bbox 1769 3804 2033 3873; x_wconf 90' lang='lat' dir='ltr'><strong>plurimas</strong></span> <span class='ocrx_word' id='word_1_671' title='bbox 2076 3805 2298 3861; x_wconf 87' lang='lat' dir='ltr'><strong>Christo</strong></span> <span class='ocrx_word' id='word_1_672' title='bbox 2332 3805 2694 3872; x_wconf 82' lang='lat' dir='ltr'><strong>excitaverat;</strong></span> <span class='ocrx_word' id='word_1_673' title='bbox 2735 3820 2834 3876; x_wconf 92' lang='lat' dir='ltr'><strong>par</strong></span> <span class='ocrx_word' id='word_1_674' title='bbox 2877 3813 3026 3872; x_wconf 88' lang='lat' dir='ltr'><strong>erat,</strong></span> <span class='ocrx_word' id='word_1_675' title='bbox 3073 3815 3135 3862; x_wconf 94' lang='lat' dir='ltr'><strong>ut</strong></span> <span class='ocrx_word' id='word_1_676' title='bbox 3181 3807 3330 3878; x_wconf 86' lang='lat' dir='ltr'><strong>quod</strong></span> 
     </span>
    </p>
   </div>
   <div class='ocr_carea' id='block_1_95' title="bbox 1767 3897 3328 3969">
    <p class='ocr_par' dir='ltr' id='par_1_95' title="bbox 1767 3897 3328 3969">
     <span class='ocr_line' id='line_1_95' title="bbox 1767 3897 3328 3969; baseline 0.003 -19"><span class='ocrx_word' id='word_1_677' title='bbox 1767 3910 2085 3964; x_wconf 89' lang='lat' dir='ltr'><strong>supremum</strong></span> <span class='ocrx_word' id='word_1_678' title='bbox 2126 3904 2230 3963; x_wconf 89' lang='lat' dir='ltr'><strong>est,</strong></span> <span class='ocrx_word' id='word_1_679' title='bbox 2278 3911 2380 3966; x_wconf 90' lang='lat' dir='ltr'><strong>pro</strong></span> <span class='ocrx_word' id='word_1_680' title='bbox 2430 3897 2718 3964; x_wconf 90' lang='lat' dir='ltr'><strong>omnibus,</strong></span> <span class='ocrx_word' id='word_1_681' title='bbox 2768 3898 3011 3967; x_wconf 74' lang='lat' dir='ltr'><strong>magistri</strong></span> <span class='ocrx_word' id='word_1_682' title='bbox 3056 3900 3328 3969; x_wconf 84' lang='lat' dir='ltr'><strong>exemplo,</strong></span> 
     </span>
    </p>
   </div>
   <div class='ocr_carea' id='block_1_96' title="bbox 1768 3987 3330 4058">
    <p class='ocr_par' dir='ltr' id='par_1_96' title="bbox 1768 3987 3330 4058">
     <span class='ocr_line' id='line_1_96' title="bbox 1768 3987 3330 4058; baseline 0.002 -14"><span class='ocrx_word' id='word_1_683' title='bbox 1768 3987 2003 4044; x_wconf 84' lang='lat' dir='ltr'><strong>animam</strong></span> <span class='ocrx_word' id='word_1_684' title='bbox 2055 3997 2302 4058; x_wconf 87' lang='lat' dir='ltr'><strong>poneret.</strong></span> <span class='ocrx_word' id='word_1_685' title='bbox 2354 3987 2468 4042; x_wconf 82' lang='lat' dir='ltr'><strong>Hoc</strong></span> <span class='ocrx_word' id='word_1_686' title='bbox 2519 3988 2665 4042; x_wconf 91' lang='lat' dir='ltr'><strong>enim</strong></span> <span class='ocrx_word' id='word_1_687' title='bbox 2716 3987 2969 4057; x_wconf 71' lang='lat' dir='ltr'><strong>perfectae</strong></span> <span class='ocrx_word' id='word_1_688' title='bbox 3019 3988 3330 4047; x_wconf 88' lang='lat' dir='ltr'><strong>dilectionis</strong></span> 
     </span>
    </p>
   </div>
   <div class='ocr_carea' id='block_1_97' title="bbox 1767 4078 3327 4150">
    <p class='ocr_par' dir='ltr' id='par_1_97' title="bbox 1767 4078 3327 4150">
     <span class='ocr_line' id='line_1_97' title="bbox 1767 4078 3327 4150; baseline 0.003 -18"><span class='ocrx_word' id='word_1_689' title='bbox 1767 4085 1977 4133; x_wconf 89' lang='lat' dir='ltr'><strong>certum</strong></span> <span class='ocrx_word' id='word_1_690' title='bbox 2010 4079 2271 4134; x_wconf 90' lang='lat' dir='ltr'><strong>indicium</strong></span> <span class='ocrx_word' id='word_1_691' title='bbox 2297 4079 2362 4132; x_wconf 72' lang='lat'><strong>&quot;.</strong></span> <span class='ocrx_word' id='word_1_692' title='bbox 2399 4078 2762 4145; x_wconf 83' lang='lat' dir='ltr'><strong>Quamobrem</strong></span> <span class='ocrx_word' id='word_1_693' title='bbox 2796 4079 2984 4145; x_wconf 89' lang='lat' dir='ltr'><strong>etiam,</strong></span> <span class='ocrx_word' id='word_1_694' title='bbox 3008 4096 3198 4136; x_wconf 89' lang='lat' dir='ltr'><strong>eorum</strong></span> <span class='ocrx_word' id='word_1_695' title='bbox 3231 4081 3327 4150; x_wconf 90' lang='lat' dir='ltr'><strong>qui</strong></span> 
     </span>
    </p>
   </div>
   <div class='ocr_carea' id='block_1_98' title="bbox 1766 4166 3354 4239">
    <p class='ocr_par' dir='ltr' id='par_1_98' title="bbox 1766 4166 3354 4239">
     <span class='ocr_line' id='line_1_98' title="bbox 1766 4166 3354 4239; baseline 0.001 -17"><span class='ocrx_word' id='word_1_696' title='bbox 1766 4166 1947 4222; x_wconf 89' lang='lat' dir='ltr'><strong>adhuc</strong></span> <span class='ocrx_word' id='word_1_697' title='bbox 1970 4184 2214 4224; x_wconf 85' lang='lat' dir='ltr'><strong>errorem</strong></span> <span class='ocrx_word' id='word_1_698' title='bbox 2252 4169 2504 4223; x_wconf 86' lang='lat' dir='ltr'><strong>colebant</strong></span> <span class='ocrx_word' id='word_1_699' title='bbox 2535 4184 2711 4238; x_wconf 88' lang='lat' dir='ltr'><strong>eoque</strong></span> <span class='ocrx_word' id='word_1_700' title='bbox 2735 4169 3125 4225; x_wconf 87' lang='lat' dir='ltr'><strong>obstinatiores</strong></span> <span class='ocrx_word' id='word_1_701' title='bbox 3145 4180 3324 4239; x_wconf 88' lang='lat' dir='ltr'><strong>erant,</strong></span> <span class='ocrx_word' id='word_1_702' title='bbox 3347 4218 3354 4223; x_wconf 90' lang='lat'>.</span> 
     </span>
    </p>
   </div>
   <div class='ocr_carea' id='block_1_99' title="bbox 1767 4257 3324 4327">
    <p class='ocr_par' dir='ltr' id='par_1_99' title="bbox 1767 4257 3324 4327">
     <span class='ocr_line' id='line_1_99' title="bbox 1767 4257 3324 4327; baseline 0.003 -17"><span class='ocrx_word' id='word_1_703' title='bbox 1767 4257 1980 4312; x_wconf 89' lang='lat' dir='ltr'><strong>insidiis</strong></span> <span class='ocrx_word' id='word_1_704' title='bbox 1996 4259 2170 4327; x_wconf 86' lang='lat' dir='ltr'><strong>palam</strong></span> <span class='ocrx_word' id='word_1_705' title='bbox 2192 4259 2468 4327; x_wconf 87' lang='lat' dir='ltr'><strong>appetitur</strong></span> <span class='ocrx_word' id='word_1_706' title='bbox 2489 4275 2502 4322; x_wconf 91' lang='lat'><strong>;</strong></span> <span class='ocrx_word' id='word_1_707' title='bbox 2529 4258 2841 4327; x_wconf 87' lang='lat' dir='ltr'><strong>lanceisque</strong></span> <span class='ocrx_word' id='word_1_708' title='bbox 2860 4259 3028 4314; x_wconf 87' lang='lat' dir='ltr'><strong>latera</strong></span> <span class='ocrx_word' id='word_1_709' title='bbox 3047 4269 3324 4317; x_wconf 87' lang='lat' dir='ltr'><strong>transver-</strong></span> 
     </span>
    </p>
   </div>
   <div class='ocr_carea' id='block_1_100' title="bbox 1766 4347 3353 4422">
    <p class='ocr_par' dir='ltr' id='par_1_100' title="bbox 1766 4347 3353 4422">
     <span class='ocr_line' id='line_1_100' title="bbox 1766 4347 3353 4422; baseline 0.004 -21"><span class='ocrx_word' id='word_1_710' title='bbox 1766 4347 1985 4402; x_wconf 88' lang='lat' dir='ltr'><strong>beratus</strong></span> <span class='ocrx_word' id='word_1_711' title='bbox 2025 4349 2108 4402; x_wconf 81' lang='lat' dir='ltr'><strong>vir</strong></span> <span class='ocrx_word' id='word_1_712' title='bbox 2141 4364 2350 4402; x_wconf 88' lang='lat' dir='ltr'><strong>summe</strong></span> <span class='ocrx_word' id='word_1_713' title='bbox 2390 4349 2685 4413; x_wconf 90' lang='lat' dir='ltr'><strong>mirabilis,</strong></span> <span class='ocrx_word' id='word_1_714' title='bbox 2725 4358 2968 4404; x_wconf 82' lang='lat' dir='ltr'><strong>sanctam</strong></span> <span class='ocrx_word' id='word_1_715' title='bbox 3001 4351 3353 4422; x_wconf 76' lang='lat' dir='ltr'><strong>beatamque</strong></span> 
     </span>
    </p>
   </div>
   <div class='ocr_carea' id='block_1_101' title="bbox 1698 4430 3322 4508">
    <p class='ocr_par' dir='ltr' id='par_1_101' title="bbox 1698 4430 3322 4508">
     <span class='ocr_line' id='line_1_101' title="bbox 1698 4430 3322 4508; baseline 0.004 -17"><span class='ocrx_word' id='word_1_716' title='bbox 1698 4430 1742 4482; x_wconf 78' lang='grc' dir='ltr'><strong>Ι)</strong></span> <span class='ocrx_word' id='word_1_717' title='bbox 1769 4440 2025 4502; x_wconf 86' lang='lat' dir='ltr'><strong>animam,</strong></span> <span class='ocrx_word' id='word_1_718' title='bbox 2055 4456 2292 4508; x_wconf 85' lang='lat' dir='ltr'><strong>vereque</strong></span> <span class='ocrx_word' id='word_1_719' title='bbox 2322 4441 2538 4494; x_wconf 82' lang='lat' dir='ltr'><strong>Christo</strong></span> <span class='ocrx_word' id='word_1_720' title='bbox 2565 4439 2796 4493; x_wconf 90' lang='lat' dir='ltr'><strong>similem</strong></span> <span class='ocrx_word' id='word_1_721' title='bbox 2824 4456 2886 4494; x_wconf 88' lang='lat' dir='ltr'><strong>ac</strong></span> <span class='ocrx_word' id='word_1_722' title='bbox 2911 4440 3111 4496; x_wconf 86' lang='lat' dir='ltr'><strong>Christi</strong></span> <span class='ocrx_word' id='word_1_723' title='bbox 3135 4459 3322 4498; x_wconf 89' lang='lat' dir='ltr'><strong>aman-</strong></span> 
     </span>
    </p>
   </div>
   <div class='ocr_carea' id='block_1_102' title="bbox 1772 4531 3323 4606">
    <p class='ocr_par' dir='ltr' id='par_1_102' title="bbox 1772 4531 3323 4606">
     <span class='ocr_line' id='line_1_102' title="bbox 1772 4531 3323 4606; baseline 0.005 -22"><span class='ocrx_word' id='word_1_724' title='bbox 1772 4539 1914 4590; x_wconf 86' lang='lat' dir='ltr'><strong>tem,</strong></span> <span class='ocrx_word' id='word_1_725' title='bbox 1954 4531 2003 4584; x_wconf 81' lang='lat' dir='ltr'><strong>ei</strong></span> <span class='ocrx_word' id='word_1_726' title='bbox 2049 4531 2142 4600; x_wconf 89' lang='lat' dir='ltr'><strong>qui</strong></span> <span class='ocrx_word' id='word_1_727' title='bbox 2183 4531 2354 4599; x_wconf 76' lang='lat' dir='ltr'><strong>ipsius</strong></span> <span class='ocrx_word' id='word_1_728' title='bbox 2402 4546 2562 4585; x_wconf 89' lang='lat' dir='ltr'><strong>causa</strong></span> <span class='ocrx_word' id='word_1_729' title='bbox 2609 4531 2758 4584; x_wconf 88' lang='lat' dir='ltr'><strong>cruci</strong></span> <span class='ocrx_word' id='word_1_730' title='bbox 2799 4532 2989 4588; x_wconf 76' lang='lat' dir='ltr'><strong>allixus</strong></span> <span class='ocrx_word' id='word_1_731' title='bbox 3025 4534 3323 4606; x_wconf 81' lang='lat' dir='ltr'><strong>lanceaque</strong></span> 
     </span>
    </p>
   </div>
   <div class='ocr_carea' id='block_1_103' title="bbox 1771 4619 2691 4680">
    <p class='ocr_par' dir='ltr' id='par_1_103' title="bbox 1771 4619 2691 4680">
     <span class='ocr_line' id='line_1_103' title="bbox 1771 4619 2691 4680; baseline 0.001 -8"><span class='ocrx_word' id='word_1_732' title='bbox 1771 4619 2242 4673; x_wconf 82' lang='lat' dir='ltr'><strong>transverberatus</strong></span> <span class='ocrx_word' id='word_1_733' title='bbox 2270 4619 2471 4680; x_wconf 86' lang='lat' dir='ltr'><strong>fuerat,</strong></span> <span class='ocrx_word' id='word_1_734' title='bbox 2505 4620 2691 4673; x_wconf 88' lang='lat' dir='ltr'><strong>tradit.</strong></span> 
     </span>
    </p>
   </div>
   <div class='ocr_carea' id='block_1_104' title="bbox 1839 4706 3320 4777">
    <p class='ocr_par' dir='ltr' id='par_1_104' title="bbox 1839 4706 3320 4777">
     <span class='ocr_line' id='line_1_104' title="bbox 1839 4706 3320 4777; baseline 0.006 -17"><span class='ocrx_word' id='word_1_735' title='bbox 1839 4706 1954 4760; x_wconf 81' lang='lat' dir='ltr'><strong>Non</strong></span> <span class='ocrx_word' id='word_1_736' title='bbox 1990 4707 2135 4761; x_wconf 89' lang='lat' dir='ltr'><strong>enim</strong></span> <span class='ocrx_word' id='word_1_737' title='bbox 2166 4708 2412 4773; x_wconf 81' lang='lat' dir='ltr'><strong>decebat,</strong></span> <span class='ocrx_word' id='word_1_738' title='bbox 2447 4719 2505 4760; x_wconf 91' lang='lat' dir='ltr'><strong>ut</strong></span> <span class='ocrx_word' id='word_1_739' title='bbox 2538 4709 2627 4777; x_wconf 91' lang='lat' dir='ltr'><strong>qui</strong></span> <span class='ocrx_word' id='word_1_740' title='bbox 2667 4718 2835 4763; x_wconf 89' lang='lat' dir='ltr'><strong>totum</strong></span> <span class='ocrx_word' id='word_1_741' title='bbox 2871 4711 2924 4763; x_wconf 92' lang='lat' dir='ltr'><strong>in</strong></span> <span class='ocrx_word' id='word_1_742' title='bbox 2955 4728 3012 4766; x_wconf 92' lang='lat' dir='ltr'><strong>se</strong></span> <span class='ocrx_word' id='word_1_743' title='bbox 3041 4712 3320 4771; x_wconf 87' lang='lat' dir='ltr'><strong>Christum</strong></span> 
     </span>
    </p>
   </div>
   <div class='ocr_carea' id='block_1_105' title="bbox 1763 4798 3319 4870">
    <p class='ocr_par' dir='ltr' id='par_1_105' title="bbox 1763 4798 3319 4870">
     <span class='ocr_line' id='line_1_105' title="bbox 1763 4798 3319 4870; baseline 0.006 -19"><span class='ocrx_word' id='word_1_744' title='bbox 1763 4798 2020 4866; x_wconf 83' lang='lat' dir='ltr'><strong>haberet,</strong></span> <span class='ocrx_word' id='word_1_745' title='bbox 2067 4800 2227 4869; x_wconf 87' lang='lat' dir='ltr'><strong>eique</strong></span> <span class='ocrx_word' id='word_1_746' title='bbox 2275 4799 2682 4868; x_wconf 67' lang='lat' dir='ltr'><strong>prmmagnilicis</strong></span> <span class='ocrx_word' id='word_1_747' title='bbox 2731 4803 2958 4870; x_wconf 85' lang='lat' dir='ltr'><strong>patratis</strong></span> <span class='ocrx_word' id='word_1_748' title='bbox 3018 4804 3319 4870; x_wconf 87' lang='lat' dir='ltr'><strong>miraculis,</strong></span> 
     </span>
    </p>
   </div>
   <div class='ocr_carea' id='block_1_106' title="bbox 1761 4889 3321 4961">
    <p class='ocr_par' dir='ltr' id='par_1_106' title="bbox 1761 4889 3321 4961">
     <span class='ocr_line' id='line_1_106' title="bbox 1761 4889 3321 4961; baseline 0.005 -18"><span class='ocrx_word' id='word_1_749' title='bbox 1761 4889 2135 4961; x_wconf 89' lang='lat' dir='ltr'><strong>doctrinisque</strong></span> <span class='ocrx_word' id='word_1_750' title='bbox 2162 4892 2533 4956; x_wconf 85' lang='lat' dir='ltr'><strong>divinissimis,</strong></span> <span class='ocrx_word' id='word_1_751' title='bbox 2574 4908 2637 4946; x_wconf 89' lang='lat' dir='ltr'><strong>ac</strong></span> <span class='ocrx_word' id='word_1_752' title='bbox 2669 4895 2844 4946; x_wconf 86' lang='lat' dir='ltr'><strong>modis</strong></span> <span class='ocrx_word' id='word_1_753' title='bbox 2863 4896 3117 4950; x_wconf 87' lang='lat' dir='ltr'><strong>omnibus</strong></span> <span class='ocrx_word' id='word_1_754' title='bbox 3149 4897 3321 4951; x_wconf 83' lang='lat' dir='ltr'><strong>virtu-</strong></span> 
     </span>
    </p>
   </div>
   <div class='ocr_carea' id='block_1_107' title="bbox 1765 4981 3318 5055">
    <p class='ocr_par' dir='ltr' id='par_1_107' title="bbox 1765 4981 3318 5055">
     <span class='ocr_line' id='line_1_107' title="bbox 1765 4981 3318 5055; baseline 0.005 -21"><span class='ocrx_word' id='word_1_755' title='bbox 1765 4982 1832 5035; x_wconf 87' lang='lat' dir='ltr'><strong>tis</strong></span> <span class='ocrx_word' id='word_1_756' title='bbox 1874 4981 2067 5035; x_wconf 89' lang='lat' dir='ltr'><strong>simitis</strong></span> <span class='ocrx_word' id='word_1_757' title='bbox 2123 4984 2431 5043; x_wconf 86' lang='lat' dir='ltr'><strong>enituerat,</strong></span> <span class='ocrx_word' id='word_1_758' title='bbox 2479 4997 2587 5036; x_wconf 89' lang='lat' dir='ltr'><strong>non</strong></span> <span class='ocrx_word' id='word_1_759' title='bbox 2642 4984 2789 5051; x_wconf 85' lang='lat' dir='ltr'><strong>paris</strong></span> <span class='ocrx_word' id='word_1_760' title='bbox 2836 4987 3000 5038; x_wconf 88' lang='lat' dir='ltr'><strong>etiam</strong></span> <span class='ocrx_word' id='word_1_761' title='bbox 3049 4988 3318 5055; x_wconf 81' lang='lat' dir='ltr'><strong>passionis</strong></span> 
     </span>
    </p>
   </div>
   <div class='ocr_carea' id='block_1_108' title="bbox 1763 5069 3314 5141">
    <p class='ocr_par' dir='ltr' id='par_1_108' title="bbox 1763 5069 3314 5141">
     <span class='ocr_line' id='line_1_108' title="bbox 1763 5069 3314 5141; baseline 0.003 -16"><span class='ocrx_word' id='word_1_762' title='bbox 1763 5072 1944 5126; x_wconf 87' lang='lat' dir='ltr'><strong>socius</strong></span> <span class='ocrx_word' id='word_1_763' title='bbox 1963 5074 2280 5126; x_wconf 80' lang='lat' dir='ltr'><strong>exsisteret:</strong></span> <span class='ocrx_word' id='word_1_764' title='bbox 2305 5073 2501 5140; x_wconf 80' lang='lat' dir='ltr'><strong>Atque,</strong></span> <span class='ocrx_word' id='word_1_765' title='bbox 2525 5088 2557 5124; x_wconf 94' lang='lat' dir='ltr'><strong>o</strong></span> <span class='ocrx_word' id='word_1_766' title='bbox 2577 5075 2991 5141; x_wconf 75' lang='lat' dir='ltr'><strong>providentiam!</strong></span> <span class='ocrx_word' id='word_1_767' title='bbox 3038 5094 3068 5130; x_wconf 89' lang='grc' dir='ltr'><strong>ο</strong></span> <span class='ocrx_word' id='word_1_768' title='bbox 3092 5069 3314 5131; x_wconf 58' lang='lat' dir='ltr'><strong>Thomas</strong></span> 
     </span>
    </p>
   </div>
   <div class='ocr_carea' id='block_1_109' title="bbox 1762 5162 3315 5221">
    <p class='ocr_par' dir='ltr' id='par_1_109' title="bbox 1762 5162 3315 5221">
     <span class='ocr_line' id='line_1_109' title="bbox 1762 5162 3315 5221; baseline 0.004 -6"><span class='ocrx_word' id='word_1_769' title='bbox 1762 5163 1907 5216; x_wconf 87' lang='lat' dir='ltr'><strong>illam</strong></span> <span class='ocrx_word' id='word_1_770' title='bbox 1936 5174 2082 5218; x_wconf 84' lang='lat' dir='ltr'><strong>certa</strong></span> <span class='ocrx_word' id='word_1_771' title='bbox 2110 5163 2320 5217; x_wconf 85' lang='lat' dir='ltr'><strong>consilii</strong></span> <span class='ocrx_word' id='word_1_772' title='bbox 2348 5162 2552 5216; x_wconf 87' lang='lat' dir='ltr'><strong>ratione</strong></span> <span class='ocrx_word' id='word_1_773' title='bbox 2576 5163 2908 5219; x_wconf 83' lang='lat' dir='ltr'><strong>dubietatem</strong></span> <span class='ocrx_word' id='word_1_774' title='bbox 2934 5184 2994 5221; x_wconf 90' lang='lat' dir='ltr'><strong>ac</strong></span> <span class='ocrx_word' id='word_1_775' title='bbox 3016 5178 3315 5221; x_wconf 83' lang='lat' dir='ltr'><strong>contrecta-</strong></span> 
     </span>
    </p>
   </div>
   <div class='ocr_carea' id='block_1_110' title="bbox 1761 5254 3311 5328">
    <p class='ocr_par' dir='ltr' id='par_1_110' title="bbox 1761 5254 3311 5328">
     <span class='ocr_line' id='line_1_110' title="bbox 1761 5254 3311 5328; baseline 0.001 -18"><span class='ocrx_word' id='word_1_776' title='bbox 1761 5255 1985 5316; x_wconf 78' lang='lat' dir='ltr'><strong>tionem,</strong></span> <span class='ocrx_word' id='word_1_777' title='bbox 2015 5271 2134 5322; x_wconf 67' lang='lat' dir='ltr'><strong>quae</strong></span> <span class='ocrx_word' id='word_1_778' title='bbox 2166 5254 2240 5306; x_wconf 89' lang='lat' dir='ltr'><strong>illi</strong></span> <span class='ocrx_word' id='word_1_779' title='bbox 2275 5254 2506 5308; x_wconf 89' lang='lat' dir='ltr'><strong>similem</strong></span> <span class='ocrx_word' id='word_1_780' title='bbox 2539 5255 2755 5310; x_wconf 86' lang='lat' dir='ltr'><strong>Christo</strong></span> <span class='ocrx_word' id='word_1_781' title='bbox 2782 5259 3083 5328; x_wconf 70' lang='lat' dir='ltr'><strong>passionem:</strong></span> <span class='ocrx_word' id='word_1_782' title='bbox 3123 5258 3311 5312; x_wconf 88' lang='lat' dir='ltr'><strong>tantis-</strong></span> 
     </span>
    </p>
   </div>
   <div class='ocr_carea' id='block_1_111' title="bbox 1759 5344 3313 5414">
    <p class='ocr_par' dir='ltr' id='par_1_111' title="bbox 1759 5344 3313 5414">
     <span class='ocr_line' id='line_1_111' title="bbox 1759 5344 3313 5414; baseline 0.004 -16"><span class='ocrx_word' id='word_1_783' title='bbox 1759 5360 1855 5412; x_wconf 87' lang='lat' dir='ltr'><strong>per</strong></span> <span class='ocrx_word' id='word_1_784' title='bbox 1894 5345 2228 5414; x_wconf 79' lang='lat' dir='ltr'><strong>designaretl</strong></span> <span class='ocrx_word' id='word_1_785' title='bbox 2259 5344 2410 5409; x_wconf 88' lang='lat' dir='ltr'><strong>Quod</strong></span> <span class='ocrx_word' id='word_1_786' title='bbox 2446 5346 2591 5399; x_wconf 91' lang='lat' dir='ltr'><strong>enim</strong></span> <span class='ocrx_word' id='word_1_787' title='bbox 2627 5348 2828 5403; x_wconf 76' lang='lat' dir='ltr'><strong>lanceae</strong></span> <span class='ocrx_word' id='word_1_788' title='bbox 2867 5351 3197 5404; x_wconf 81' lang='lat' dir='ltr'><strong>circatricent</strong></span> <span class='ocrx_word' id='word_1_789' title='bbox 3247 5363 3313 5404; x_wconf 86' lang='lat' dir='ltr'><strong>ac</strong></span> 
     </span>
    </p>
   </div>
   <div class='ocr_carea' id='block_1_112' title="bbox 1757 5433 3314 5507">
    <p class='ocr_par' dir='ltr' id='par_1_112' title="bbox 1757 5433 3314 5507">
     <span class='ocr_line' id='line_1_112' title="bbox 1757 5433 3314 5507; baseline 0.004 -21"><span class='ocrx_word' id='word_1_790' title='bbox 1757 5433 1969 5486; x_wconf 90' lang='lat' dir='ltr'><strong>Domini</strong></span> <span class='ocrx_word' id='word_1_791' title='bbox 2010 5436 2148 5488; x_wconf 89' lang='lat' dir='ltr'><strong>latus</strong></span> <span class='ocrx_word' id='word_1_792' title='bbox 2183 5442 2402 5504; x_wconf 80' lang='lat' dir='ltr'><strong>tangere</strong></span> <span class='ocrx_word' id='word_1_793' title='bbox 2435 5447 2565 5493; x_wconf 91' lang='lat' dir='ltr'><strong>tunc</strong></span> <span class='ocrx_word' id='word_1_794' title='bbox 2591 5451 2886 5505; x_wconf 89' lang='lat' dir='ltr'><strong>meruerat,</strong></span> <span class='ocrx_word' id='word_1_795' title='bbox 2919 5439 3069 5507; x_wconf 86' lang='lat' dir='ltr'><strong>quasi</strong></span> <span class='ocrx_word' id='word_1_796' title='bbox 3110 5439 3314 5493; x_wconf 78' lang='lat' dir='ltr'><strong>beatis-</strong></span> 
     </span>
    </p>
   </div>
   <div class='ocr_carea' id='block_1_113' title="bbox 1757 5526 3310 5603">
    <p class='ocr_par' dir='ltr' id='par_1_113' title="bbox 1757 5526 3310 5603">
     <span class='ocr_line' id='line_1_113' title="bbox 1757 5526 3310 5603; baseline 0.004 -23"><span class='ocrx_word' id='word_1_797' title='bbox 1757 5526 1881 5581; x_wconf 87' lang='lat' dir='ltr'><strong>simi</strong></span> <span class='ocrx_word' id='word_1_798' title='bbox 1928 5527 2074 5583; x_wconf 89' lang='lat' dir='ltr'><strong>illius</strong></span> <span class='ocrx_word' id='word_1_799' title='bbox 2114 5537 2397 5586; x_wconf 89' lang='lat' dir='ltr'><strong>contactus</strong></span> <span class='ocrx_word' id='word_1_800' title='bbox 2428 5531 2735 5587; x_wconf 81' lang='lat' dir='ltr'><strong>mercedem</strong></span> <span class='ocrx_word' id='word_1_801' title='bbox 2776 5531 3081 5603; x_wconf 85' lang='lat' dir='ltr'><strong>quamdam,</strong></span> <span class='ocrx_word' id='word_1_802' title='bbox 3119 5529 3310 5586; x_wconf 78' lang='lat' dir='ltr'><strong>lateris</strong></span> 
     </span>
    </p>
   </div>
  </div>
