3950 6320
665 338 764 408 143

1846 331 2140 394 ΝΙΟΕΤΕ
2175 330 2216 391 Ρ

2319 328 2701 390 HLAGONIS
3777 333 3851 398 1M

655 470 776 511 eam
817 455 1427 518 transverberationem,
1475 454 1529 507 in
1560 453 1677 524 ejus
1712 466 1874 521 quem
1909 451 2216 521 palpaveral

2328 447 2896 516 roﬁ¢qla<pq6évroq
2946 445 3054 498 ’ἐπὶ
3121 444 3218 515 τῆς
3286 446 3526 516 πλευρᾶς
3580 446 3848 518 ὲκκέντησιν

658 545 907 615 gratiam,
937 555 1121 614 postea
1156 542 1448 608 sustinuit;
1493 555 1699 611 suaque
1728 540 1783 594 in
1814 539 1920 594 ﬁne
1945 539 2226 594 Dominico

657 635 873 689 vulneri
896 645 1075 702 aptata
1101 633 1374 704 passione,
1397 633 1556 700 eique
1579 629 1754 683 modis
1774 626 2030 681 omnibus
2051 626 2227 680 factus

658 722 878 788 similis,
911 722 978 776 ad
996 720 1244 775 eamdem
1269 710 1442 775 dubio
1473 719 1662 788 procul
1696 716 2000 772 claritatem
2037 729 2099 770 ac
2134 712 2232 769 re-'

657 829 824 883 gnum
857 813 1258 884 sempiternum
1290 811 1481 866 evasit.

726 905 893 969 Latus
915 903 1017 956 hoc
1041 903 1448 956 exhorruerunt
1480 898 1775 963 daemones,
1804 911 2007 966 eosque
2029 910 2225 966 appre-

658 994 850 1048 hendit
872 993 1034 1046 timor
1055 1001 1114 1045 et
1135 999 1370 1055 tremor;
1393 989 1649 1059 quodque
1669 989 1822 1044 necis
1837 987 1994 1042 avida
2016 985 2224 1041 incensi

657 1083 1022 1145 aemulatione,
1042 1080 1532 1148 lubentissimeque
1553 1094 1651 1150 per
1672 1079 1956 1133 ministros
1978 1077 2223 1147 ipsorum

645 1173 852 1244 dignos
888 1173 1099 1228 saevitia
1144 1169 1462 1242 ingruentes
1496 1179 1866 1240 pupugerant,
1910 1168 2224 1238 intelligen-

657 1264 793 1317 tium
846 1278 969 1316 mox
1019 1263 1437 1330 divinarumque
1489 1261 1824 1314 Potestatum
1875 1257 2072 1317 studiis
2118 1257 2224 1312 coli

655 1353 1179 1418 animadvertentes,
1219 1354 1274 1406 in
1299 1352 1466 1407 chaos
1498 1358 1661 1421 atque
1687 1351 1973 1404 Tartarum
2005 1349 2223 1418 planctu

657 1446 870 1516 lugubri
904 1427 1240 1513 diﬂugerunt
1263 1444 1330 1496 ⁸ο.
1364 1443 1530 1497 Latus
1562 1442 1667 1496 hoc
1712 1441 1934 1496 reveriti
1967 1449 2091 1496 sunt
2123 1454 2223 1493 an-

647 1539 789 1612 geli,
826 1549 889 1592 ut
925 1537 1055 1592 Jesu
1090 1535 1279 1591 lateris
1310 1540 1497 1605 typum
1522 1544 1576 1588 et
1608 1534 1954 1602 exemplum;
1987 1531 2224 1600 indeque

653 1629 968 1684 diﬁluentes
993 1627 1210 1682 cruoris
1243 1625 1435 1689 stillas,
1464 1625 1614 1679 velut
1647 1638 1861 1678 sacrum
1895 1622 2126 1677 Domino
2153 1621 2222 1675 li-

654 1720 852 1776 bamen
890 1719 1150 1774 oderunt.
1187 1717 1505 1772 Laudarunt
1539 1714 1855 1787 archangeli
1901 1728 1963 1767 ac
2011 1713 2223 1766 honore

2333 538 2556 609 ὕστερον
2584 537 2838 607 ὑπέσχεν,
2873 539 2965 591 καὶ
3007 535 3084 605 τῷ
3129 536 3221 589 τοῦ
3265 537 3468 608 Κυρίου
3504 539 3657 590 πάθει
3678 539 3732 591 τὸ
3753 540 3850 593 ίδιον

2329 631 2422 683 ἐπὶ
2479 630 2621 682 τέλει
2671 631 3098 702 προσηρμοκὼς,
3151 629 3244 683 καί
3283 631 3332 685 οί
3361 631 3538 683 πάντα
3564 631 3752 698 τρόπον
3787 632 3849 696 ἑξ-

2327 721 2700 789 ωμοιωμένος,
2729 721 2809 783 είς
2837 720 2936 791 τὴν
2961 721 3129 788 αὐτὴν
3153 720 3600 790 ὁμολογουμένως
3621 719 3764 784 δόξαν
3782 724 3852 774 καὶ

2326 811 2499 863 ἀΐδιον
2528 811 2807 882 ἀνελήφθη
2842 811 3140 881 βασιλείαν.

2396 902 2613 972 Ταύτην
2635 902 2858 973 ἐφριξαν
2910 902 3166 972 δαίμονες
3195 904 3293 972 τὴν
3331 902 3590 974 πλευρὰν,
3621 903 3710 957 καὶ
3727 905 3850 973 φόϐος

2327 991 2420 1043 καὶ
2450 991 2651 1060 τρόμος
2675 989 2974 1043 ἐπελάϐετο
3003 988 3203 1054 αύτούς
3233 1008 3247 1024 ο
3282 993 3376 1044 καὶ
3406 993 3471 1062 ἢν
3497 990 3644 1062 ζήλῳ
3667 990 3851 1059 φονὼδει

2326 1072 2782 1151 πυρπολούμενοι,
2812 1081 2905 1133 καὶ
2935 1079 3025 1134 διὰ
3059 1080 3167 1134 τῶν
3211 1081 3374 1146 ἀξίων
3395 1081 3580 1144 αὐτοῖς
3609 1066 3852 1150 ὑπουργῶν

2315 1174 2401 1234 ηὼς
2428 1173 2620 1242 ἥδιστα
2647 1170 3088 1243 καταδραμόντες
3139 1171 3521 1242 ἐξεκέντησαν,
3559 1173 3752 1242 ταύτην
3792 1173 3836 1222 εὑ

2326 1267 2423 1329 θὺς
2452 1267 2556 1320 ὑπὸ
2582 1266 2784 1338 νοερῶν
2816 1267 2912 1321 καὶ
2944 1266 3102 1320 θείων
3163 1266 3455 1336 Δυνάμεων
3496 1245 3854 1337 περιετιομένην

2327 1357 2689 1428 καθορῶντες,
2712 1359 2793 1420 είς
2810 1356 2940 1426 χάος
2967 1359 3058 1410 καὶ
3080 1357 3366 1429 Τάρταρον
3392 1338 3752 1425 ἀπεφοίτησαν
3770 1358 3853 1409 ὀλο-

2326 1446 2641 1516 φυρόμενοι.
2674 1445 2890 1513 Ταύτην
2918 1445 3223 1515 ᾐδέσθησαν
3266 1445 3506 1513 ἄγγελοι,
3563 1445 3639 1508 ὡς
3681 1446 3853 1497 ἀντίτυ-

2325 1553 2427 1590 πον
2476 1536 2578 1606 τῆς
2623 1537 2862 1608 πλευρᾶς
2888 1536 2983 1590 τοῦ
3029 1535 3205 1606 Ἰησοῦ
3224 1552 3240 1567 ο
3276 1538 3371 1590 καὶ
3393 1537 3491 1598 τὰς
3515 1536 3852 1605 ἀπορρεούσας

2325 1633 2496 1703 αὐτῆς
2522 1631 2742 1700 ῥανίδας
2767 1630 2859 1683 τοῦ
2879 1631 3132 1700 αῑματος,
3157 1625 3243 1706 οξα
3271 1629 3500 1699 σπονδὴν
3522 1630 3671 1700 ἱερὰν
3691 1628 3852 1695 ἀναφέ-

2329 1741 2478 1795 ρουσι
2502 1723 2710 1795 Κυρίῳ.
2769 1722 2987 1794 Ταύτην
3036 1722 3365 1794 ἀρχάγγελοι
3402 1721 3603 1793 ᾔνεσαν
3645 1723 3731 1774 καὶ
3772 1722 3853 1772 ὲτί-
3886 1765 3887 1770 η

654 1811 930 1880 prosecuti
963 1819 1120 1876 sunt;
1153 1808 1284 1878 quin
1316 1807 1462 1862 illius
1492 1808 1603 1862 ictu
1635 1785 1853 1875 recepta
1879 1803 2216 1860 sanctissima

2330 1785 2540 1888 μησαν·
2589 1785 2789 1886 μᾶλλον
2835 1815 2912 1881 δὲ,
2943 1785 3046 1868 ’διὰ
3077 1785 3477 1886 τξιςτρώσεως
3515 1812 3733 1884 ταύτης,
3782 1812 3855 1882 τὴν

654 1902 884 1964 Anima,
948 1902 1056 1957 laeti
1107 1901 1445 1972 plauserunt.
1501 1898 1960 1956 Glorit‘icaverunt
2012 1894 2222 1953 Princi-

656 2003 837 2064 patus,
873 1994 1177 2049 Potestates
1209 1991 1608 2059 exaltaverunt,
1637 1990 1884 2046 Virtutes
1908 1987 2222 2060 magniﬁca-

655 2097 808 2151 runt,
830 2083 1242 2140 nominationes
1263 2082 1659 2138 humanissime
1697 2071 2064 2152 acceperunt,
2088 2096 2220 2136 san-

655 2175 996 2245 ctissimique
1008 2172 1283 2230 Cherubin
1302 2187 1365 2229 ac
1379 2172 1644 2243 Seraphin
1657 2155 1974 2227 suavissima
1987 2170 2218 2242 quadam

655 2266 816 2322 laude
866 2263 1316 2333 divinissimoque
1375 2263 1629 2328 cantico,
1694 2263 1928 2317 Domino
1981 2261 2217 2317 Sabaoth

654 2364 948 2430 laetantem,
968 2363 1274 2432 eximieque
1305 2361 1436 2430 Regi
1467 2360 1652 2432 gloria:
1671 2359 2052 2425 exsultantem,
2082 2373 2221 2428 pra-

653 2464 962 2513 sentarunt;

725 2637 905 2706 Ipsum
945 2635 1049 2689 hoc
1083 2633 1227 2692 latus
1258 2632 1452 2688 adorat
1489 2630 1752 2693 Ecclesia,
1784 2631 2014 2701 ejusque
2051 2629 2218 2699 guttis

642 2728 927 2798 pullulans
954 2726 1190 2781 laetatur.
1219 2722 1263 2778 0
1293 2725 1456 2788 latus,
1493 2730 1589 2776 tuo
1624 2722 1800 2792 ipsius
1833 2719 2064 2777 vulnere
2091 2734 2218 2776 eum

652 2816 967 2880 vulnerans,
1010 2813 1102 2884 qui
1129 2813 1318 2889 ictum
1348 2812 1568 2880 inﬁxit;
1599 2809 1993 2889 passi'onisque
2041 2809 2220 2863 imita-

560 2907 563 2910 ⁴
652 2891 946 2964 ιὶοιιεόυιυ
969 2901 1298 2979 gloriﬁcans,
1322 2907 1414 2974 qui
1443 2904 1519 2958 tui
1544 2918 1707 2958 causa
1733 2901 1921 2957 lancea
1946 2910 2221 2957 transver-

648 2999 878 3056 beratus
927 2997 1065 3053 fuit!
1119 2996 1318 3060 Latus,
1373 3009 1483 3050 non
1525 2994 1697 3049 veteri
1753 2994 1960 3048 Adamo
2015 2991 2218 3046 factum

653 3081 1101 3161 transgrestsionis
1141 3103 1333 3154 causa,
1371 3086 1465 3143 sed
1505 3101 1648 3142 novo
1684 3073 1910 3158 iustitiae
1949 3084 2210 3139 material

720 3281 765 3337 0
796 3281 985 3337 lancea
1027 3282 1039 3334 l
1073 3279 1335 3335 exteriori
1365 3278 1546 3348 specie
1577 3293 1765 3332 necem
1797 3275 2067 3344 inferens;
2104 3278 2218 3348 spi-

654 3372 797 3428 ritali
836 3380 1015 3427 autem
1054 3369 1413 3440 intelligentia
1455 3367 1633 3439 ipsum
1673 3352 1766 3438 qui
1811 3368 2058 3423 sublatus
2111 3377 2215 3433 est,

654 3464 862 3520 ducens
910 3461 977 3518 ad
1024 3462 1190 3516 vitam
1232 3469 1515 3525 aeternam,
1551 3457 1712 3528 eique
1749 3459 2007 3514 satellitio
2054 3457 2217 3514 obse»

617 3604 620 3608 Α
653 3568 831 3622 quens
852 3554 878 3606 ι’
911 3565 1019 3621 quo
1048 3549 1209 3604 etiam
1244 3541 1323 3612 ﬁt,
1349 3557 1409 3602 ut
1454 3547 1694 3618 indignis
1732 3544 1926 3602 acerba
1957 3544 2215 3608 videaris,

656 3642 732 3696 illi
763 3649 945 3695 autem
969 3637 1062 3708 qui
1095 3635 1260 3693 Verbi
1294 3635 1720 3691 transverberati
1756 3649 1920 3690 causa
1944 3643 2217 3688 transver-

651 3726 835 3782 berari
879 3725 1105 3790 meruit,
1147 3724 1306 3780 melle
1346 3723 1560 3778 dulcior
1607 3724 1700 3778 sis.
1742 3722 1952 3778 Lancea
1983 3722 2212 3786 scilicet,

652 3804 862 3873 Animae
886 3815 982 3871 Dei
998 3815 1207 3870 aemula:
1225 3807 1447 3886 ianuam
1465 3813 1750 3880 fabricata,
1770 3829 1878 3886 qua
1898 3829 1966 3869 ex
1987 3828 2214 3883 corpore

651 3909 970 3974 excederet,
1027 3906 1187 3976 eique
1233 3905 1464 3975 depulso
1507 3905 1926 3977 gladio'igneo,
1967 3904 2216 3975 pandens

651 3999 892 4072 paradisi
952 3999 1206 4071 januam,
1262 3998 1507 4066 citraque
1557 4012 1716 4052 omne
1763 3984 2212 4067 impedimentum

649 4092 796 4146 inter
829 4091 1040 4146 medios
1081 4087 1359 4145 Cherubin
1402 4086 1697 4153 inducens,
1737 4103 1802 4142 ac
1839 4087 1890 4142 ei
1938 4085 2032 4157 qui
2061 4087 2216 4142 sedet

651 4197 818 4252 super
847 4180 1150 4244 Cherubin,
1178 4179 1349 4233 nullis
1373 4177 1560 4234 verbis
1587 4178 1896 4247 explicabili
1927 4176 2126 4232 ﬁducia
2150 4193 2215 4232 ac

649 4271 1010 4331 exsultatione
1043 4269 1242 4324 sistens
1273 4267 1339 4321 ".
1604 4321 1612 4326 _

719 4362 1086 4429 Quamobrem
1111 4362 1288 4415 saluto
1320 4369 1372 4415 te
1401 4374 1464 4415 ac
1500 4357 1787 4429 compello,
1827 4358 2214 4426 Animam'sci~

2328 1905 2603 1976 παναγίαῦ
2635 1905 2813 1976 ψυχὴν
2848 1906 3152 1976 ἐκρότησαν
3178 1905 3558 1968 ἀναλαϐόντες.
3601 1906 3778 1976 Ἀρχαὶ
3798 1905 3853 1964 δὲ,

2327 1998 2654 2064 έδόξασασαν
2683 2015 2697 2030 ο
2743 1997 3012 2064 Ἐξουσίαι
3063 1996 3142 2062 δὲ,
3192 1995 3448 2066 ὕψωσανο
3504 1998 3762 2066 Δυνάμεις
3795 1995 3853 2054 δὲ,

2325 2089 2666 2162 ἑμεγάλυναν
2693 2104 2706 2118 ’
2740 2088 2845 2143 καὶ
2884 2089 2941 2142 αῖ
2988 2088 3327 2159 κυριότητες
3372 2085 3471 2158 μὶν
3499 2085 3853 2154 ἐδεξιώσαντο·

2325 2183 2375 2233 οι
2421 2180 2824 2248 παναγέστατοι
2881 2177 2938 2231 δὲ
2987 2177 3268 2249 Χερουϐὶμ
3316 2177 3412 2230 καὶ
3441 2176 3720 2247 ’Σεραφὶμη
3751 2178 3855 2244 μετὰ

2325 2286 2470 2333 τινος
2510 2269 2782 2344 ἐμμελοῦς
2811 2268 3192 2332 αίνέσεωςκαὶ
3240 2269 3712 2340 θεοπρεπεστάτης
3750 2269 3855 2339 ὒμν-
3886 2321 3887 2326 η

2325 2360 2511 2429 ῳδίας,
2547 2359 2625 2429 τῷ
2689 2359 2878 2430 Κυρίῳ
2911 2357 3135 2412 Σαϐαὼθ
3164 2350 3627 2432 εὐφραινομένην,
3670 2359 3743 2431 τῷ
3781 2360 3857 2426 τῆς

2324 2451 2482 2522 δόξης
2550 2451 2900 2522 παρέστησαν
2965 2451 3259 2522 ὑπερφυῶς
3327 2452 3736 2525 ἀγαλλιωμένην
3783 2451 3857 2522 βα-

2329 2542 2484 2595 σιλεῖ.
3610 2574 3629 2581 .,

2392 2632 2609 2703 Ταύτην
2641 2635 2732 2686 καὶ
2762 2636 2793 2701 ἡ
2835 2633 3130 2704 Ἐκκλησία
3160 2620 3456 2705 τέροσκυνεῖ
3483 2635 3584 2706 τὴν
3628 2634 3856 2706 πλευρὰν,

2317 2725 2418 2778 καὶ
2441 2725 2498 2778 ἐν
2526 2727 2644 2788 ταῖς
2665 2725 2916 2793 σταγόσιν
2944 2724 3109 2794 αὐτῆς
3135 2718 3484 2796 εὐφραίνεται
3502 2726 3855 2781 ἀνατέλλουσα.

2330 2815 2393 2868 Ὠ
2423 2814 2651 2884 πλευρὰ,
2673 2814 2751 2885 τῷ
2781 2815 2966 2885 οἰκείῳ
3002 2814 3277 2886 τραύματι
3327 2817 3766 2887 τραυματίζουσά
3785 2816 3858 2868 τὸν

2323 2905 2636 2974 τετρωκότα
2669 2923 2682 2937 ·
2710 2905 2890 2976 καὶτῷ
2916 2905 3014 2977 τοῦ
3036 2906 3241 2970 πάθους
3260 2908 3566 2978 μιμήματι,
3592 2905 3858 2972 δοξάζουσα

2321 2991 2414 3082 τον
2442 2991 2863 3061 λελογχευμένον
2893 2992 3203 3062 ύπὲρ’σοῦι
3241 2993 3478 3064 Πλευρά,
3518 2995 3621 3049 οὐκ
3661 2994 3857 3065 ἀφορμὴ

2326 3083 2688 3153 παραϐάσεως
2734 3083 2812 3152 τῷ
2855 3083 3068 3154 παλαιῷ
3105 3081 3317 3154 -Ἀδάμ,
3365 3084 3500 3146 ἀλλά
3543 3086 3858 3154 δικαιοσύνης

2320 3174 2570 3238 ὑπόθεσις
2597 3173 2678 3246 τῷ
2710 3173 2879 3242 καινῷ
2907 3175 3268 3247 γεγενημένηι
3652 3189 3663 3202 -.
3746 3191 3751 3195 -

2388 3265 2456 3321 Ὦ
2483 3267 2648 3337 λόγχη
2673 3268 2691 3321 ἲ
2721 3267 2781 3320 τὸ
2796 3267 3076 3339 δρώμενον
3123 3269 3243 3338 μὲν,
3269 3267 3496 3322 θάνατον
3513 3269 3857 3340 ἑργαζομένη’

2316 3360 2377 3414 τὸ
2403 3358 2688 3429 νοούμενον
2712 3357 2790 3426 δὲ,
2816 3357 3155 3448 τδνηθανόντα
3213 3361 3350 3432 πρὸς
3381 3361 3482 3431 τὴν
3514 3353 3734 3442 αἰώνιον
3763 3360 3857 3414 ὁδο-

2319 3447 2548 3501 ποιοῦσα
2565 3447 2660 3499 καὶ
2693 3445 3066 3516 δορυφοροῦσα
3091 3438 3243 3516 ζωήν
3274 3461 3288 3476 ο
3320 3441 3405 3510 οἷς
3449 3445 3560 3500 καὶ
3585 3438 3758 3521 ’πικρά
3781 3445 3859 3511 μὲν

2310 3541 2490 3603 δοκεῖς
2508 3541 2620 3602 τοῖς
2650 3537 2890 3602 ἀναξίοις
2912 3531 2930 3568 λ
2967 3532 3132 3608 ἡδίων
3150 3537 3207 3591 δὲ
3236 3528 3471 3609 μέλιτος,
3499 3536 3581 3610 τῷ
3611 3539 3748 3610 ὑπὲρ
3777 3534 3856 3588 τοῦ

2317 3631 2568 3699 νυγέντος
2619 3620 2945 3699 κεντηθῆναι
2989 3629 3377 3701 κατηξιωμένῳ
3423 3624 3642 3699 Λόγου,
3675 3628 3856 3699 Δόγχὴ,

2316 3723 2486 3794 θύραν
2515 3724 2611 3793 μὲν
2632 3723 2730 3792 τῆς
2759 3722 2866 3776 ἀπὸ
2893 3723 2989 3776 τοῦ
3018 3716 3272 3794 σώματος
3302 3708 3485 3788 ιξόδου
3518 3725 3587 3794 τῇ
3616 3713 3858 3792 θεομιμῆ-

2315 3834 2390 3886 τῳ
2413 3813 2801 3884 τεκταινομινη
2855 3813 3000 3884 ψυχῇ
3027 3828 3042 3844 ·
3095 3813 3194 3883 τὴν
3246 3811 3426 3882 θύραν
3461 3813 3519 3866 δι
3564 3814 3733 3882 ταύτῃ
3780 3809 3858 3863 τοῦ

2307 3905 2642 3977 ’παραδείσου
2671 3905 3035 3974 διανοίγουσα,
3065 3905 3161 3959 καὶ
3198 3906 3297 3977 τὴν
3322 3904 3579 3974 φλογίνην
3604 3902 3860 3975 ῥομφαίαν

2305 3999 2660 4070 ’ἐκκρούσασα
2679 4014 2691 4030 ·
2724 4000 2817 4053 καὶ
2846 3999 2933 4055 διὰ
2959 3999 3068 4069 τῶν
3113 3999 3423 4070 Χερουϐεὶμ
3451 3997 3745 4060 ἀκωλύτως
3764 3995 3860 4064 εισι

2315 4093 2544 4160 άγουσα,
2575 4091 2669 4166 καὶ
2710 4090 2786 4162 τῷ
2801 4091 2895 4144 ἐπὶ
2924 4091 3032 4145 τῶν
3066 4091 3374 4162 Χερουϐεὶμ
3407 4088 3550 4160 μετά
3574 4086 3860 4162 παρρησίας

2321 4183 2603 4254 άφράστου
2625 4183 2718 4238 καὶ
2745 4183 3119 4254 ἀγαλλιάσεως
3145 4185 3516 4254 προσάγουσα.

2386 4363 2689 4432 Τοιγαροῦν
2727 4361 3127 4433 προσαγορεύω·
3160 4377 3242 4424 σε,
3286 4361 3383 4429 τὴν
3425 4361 3513 4415 διὰ
3555 4363 3656 4433 τῆς
3683 4361 3859 4430 λόγχης

652 4456 779 4509 licet
815 4455 1002 4509 lancea
1048 4451 1336 4521 stipatam,
1378 4467 1442 4505 ae
1487 4466 1611 4505 cum
1656 4450 1828 4521 gloria
1866 4465 1928 4504 ac
1965 4449 2210 4505 claritate

2319 4452 2810 4522 δορυφορουμένην,
2860 4451 2955 4505 καὶ
2988 4451 3128 4521 μετά
3170 4445 3325 4520 δόξης
3355 4451 3433 4522 τῷ
3461 4450 3679 4523 Χριστῷ
3707 4466 3858 4521 προσ-

649 4546 874 4601 Christo
907 4544 1164 4599 oblatam.
1197 4543 1306 4598 Ave
1328 4584 1342 4607 ,
1380 4541 1542 4598 Verbi
1571 4542 2016 4612 eloquentissime
2045 4542 2210 4597 disci-

651 4634 799 4704 pule,
825 4634 1052 4704 ejusque
1072 4647 1297 4701 cperum
1327 4619 1565 4686 imitator
1591 4631 1999 4696 strenuissime;
2029 4630 2208 4683 Evan-

649 4711 886 4795 geliique
921 4722 1321 4778 ferventissime
1355 4721 1768 4791 adimpletione,
1806 4737 1870 4776 ac
1905 4720 2211 4791 peragendo

650 4817 804 4888 quod
828 4816 884 4870 in
913 4814 1190 4869 mandatis
1210 4815 1280 4868 sit
1311 4812 1712 4883 probatissime.
1749 4812 1906 4867 Salve
1938 4813 2033 4875 sis,
2063 4810 2208 4880 quod

650 4923 774 4963 cum
827 4905 1087 4976 magistro
1144 4904 1283 4959 mori
1339 4904 1685 4974 percupiisti;
1740 4919 1840 4958 nec
1886 4901 2203 4972 percupiisti

650 4999 848 5065 solum,
892 4996 984 5052 sed
1029 5003 1085 5051 et
1122 4995 1529 5065 condiscipulos
1573 4979 1763 5064 magna
1815 4994 1879 5046 ad
1925 4994 2026 5047 hoc
2075 5007 2207 5046 voce

649 5090 966 5146 cohortatus
996 5103 1056 5144 es
1091 5097 1146 5142 et
1193 5087 1458 5158 impulisti
1484 5089 1526 5118 ⁵³
1557 5105 1568 5139 :
1613 5101 1716 5157 nec
1760 5085 1814 5140 id
1857 5084 2037 5138 verbis
2069 5084 2208 5139 dun-

653 5187 822 5242 taxat,
857 5179 950 5233 sed
984 5178 1168 5232 multis
1206 5194 1305 5246 pro
1348 5178 1440 5229 illo
1478 5176 1797 5246 perfunctus
1836 5175 2115 5231 laboribus
2143 5191 2206 5231 ac

649 5271 926 5343 periculis,
960 5286 1069 5340 quo
1097 5270 1349 5324 alacritas
1375 5269 1542 5323 animi
1573 5270 1821 5335 vocabat,
1853 5270 2201 5338 postmodum

648 5364 822 5433 reipsa
847 5362 1100 5418 ell‘eclsti.

715 5453 873 5508 Salve
919 5453 1016 5517 sis,
1070 5449 1212 5519 quod
1259 5458 1311 5502 et
1359 5450 1816 5504 resurrectionem
1842 5464 1951 5519 pra:
1993 5449 2204 5504 caeteris

641 5547 915 5604 curiosius
939 5542 1204 5612 inquiris;
1232 5554 1338 5593 non
1373 5539 1487 5608 ipsc
1517 5541 1612 5594 tibi
1637 5541 1829 5612 magis,
1868 5557 2029 5612 quam
2069 5555 2201 5596 con-

712 5725 755 5756 ⁸ο
782 5724 923 5776 Psal.
959 5741 1124 5789 xuii,
1154 5725 1203 5776 7.

1281 5725 1318 5753 "
1354 5724 1486 5778 Cen.
1518 5741 1590 5790 ιιι,
1622 5727 1723 5790 9.4;
1761 5727 1900 5782 Psal.
1938 5741 2111 5791 Lxxtx,
2145 5725 2231 5781 98.

2307 4542 2716 4612 ἀναφερομένην
2760 4542 2957 4612 ψυχήν.
3013 4544 3203 4614 Χαῖρε,
3235 4543 3329 4596 τοῦ
3371 4543 3549 4612 Λόγου
3583 4543 3858 4613 λογιώτατε

2313 4632 2546 4702 μαθητὰ,
2575 4634 2811 4688 καὶτῶν
2854 4634 3030 4703 ἔργων
3093 4634 3258 4688 αὑτοῦ
3318 4636 3738 4706 πρακτικώτατε
3787 4652 3858 4704 μι-

2311 4726 2485 4794 μητά·
2519 4726 2612 4780 καὶ
2644 4726 2740 4779 τοῦ
2764 4726 3095 4796 Εὑαγγελίου
3136 4725 3436 4798 θερμότατε
3471 4727 3753 4802 πληρωτά,
3780 4726 3858 4779 καὶ

2308 4818 2406 4886 τῆς
2433 4816 2652 4887 ἐντολῆς
2674 4817 3015 4888 δοκιμώτατε
3042 4818 3318 4872 τελειωτά.
3359 4819 3553 4888 Χαῖρε,
3582 4821 3665 4872 ὅτι
3683 4816 3847 4872 ἐπεθύ-

2316 4921 2491 4976 μησας
2517 4905 2593 4976 τῷ
2630 4905 2934 4975 διδασκάλῳ
2968 4908 3358 4962 συναποθανεῖν
3387 4925 3400 4939 ’
3428 4911 3520 4961 καὶ
3557 4910 3660 4962 οὐκ
3685 4908 3856 4962 ἐπεθύ-

2315 5015 2493 5069 μησας
2525 4999 2705 5068 μόνον,
2732 4998 2869 5051 ἀλλά
2921 5000 3014 5053 καὶ
3055 4985 3463 5070 τοὺξμαθητάς
3485 5001 3564 5063 είς
3580 5000 3742 5054 τοῦτο
3774 5015 3855 5069 με·

2307 5089 2634 5159 γαλοφώνως
2691 5092 3031 5168 στροέτρεψας
3093 5092 3189 5144 καὶ
3240 5092 3766 5164 παρώτρυναςοκαί
3806 5091 3855 5144 ού

2303 5182 2483 5250 λόγοις
2517 5183 2699 5250 μόνον,
2751 5183 2885 5237 ἀλλά
2937 5184 3072 5252 μετὰ
3107 5183 3334 5247 πολλοὺς
3364 5184 3502 5254 ὑπὲρ
3547 5181 3855 5240 ὲκείνουπό-

2306 5292 2426 5337 νους
2454 5277 2546 5327 καὶ
2568 5275 2863 5342 κινδύνους,
2897 5276 3121 5347 ὓστερον
3144 5278 3237 5330 καὶ
3270 5279 3381 5341 τοῖς
3413 5276 3595 5347 ἔργοις
3647 5274 3853 5333 ἐκτετί-

2305 5367 2468 5428 λεκας
2498 5354 2595 5436 τήν
2623 5370 2945 5438 προθυμίαν.

2375 5458 2563 5527 Χαῖρε,
2608 5459 2687 5511 ὅτι
2721 5459 2812 5521 καὶ
2847 5457 2944 5528 τὴν
2971 5460 3268 5538 ἀνάστασιν
3325 5461 3465 5532 ὑπὲρ
3519 5451 3648 5527 τοὺς
3676 5459 3853 5518 ἄλλους

2307 5548 2775 5618 πολυπραγμονεῖς
2804 5566 2816 5579 ·
2847 5549 2906 5602 ού
2952 5552 3152 5614 μᾶλλον
3189 5553 3386 5622 ἑαυτῷ,
3423 5553 3455 5621 ἢ
3486 5557 3601 5619 τοῖς
3655 5553 3834 5624 cum“

2303 5727 2345 5758 ”
2371 5727 2527 5782 Jonn.
2559 5744 2630 5789 xl,
2672 5726 2752 5778 l6.
