  <div class='ocr_page' id='page_1' title='image "/cluster/home/n/w/nwhite01/storage/ocr_20150623/105/pst.000005714155/092.png"; bbox 0 0 3950 6320; ppageno 0'>
   <div class='ocr_carea' id='block_1_1' title="bbox 170 319 264 390">
    <p class='ocr_par' dir='ltr' id='par_1_1' title="bbox 170 319 264 390">
     <span class='ocr_line' id='line_1_1' title="bbox 170 319 264 390; baseline -0.053 -2"><span class='ocrx_word' id='word_1_1' title='bbox 170 319 264 390; x_wconf 70' lang='lat'><strong>149</strong></span> 
     </span>
    </p>
   </div>
   <div class='ocr_carea' id='block_1_2' title="bbox 875 264 2658 377">
    <p class='ocr_par' dir='ltr' id='par_1_2' title="bbox 875 264 2658 377">
     <span class='ocr_line' id='line_1_2' title="bbox 875 264 2658 377; baseline -0.006 0"><span class='ocrx_word' id='word_1_2' title='bbox 875 314 1154 377; x_wconf 81' lang='lat' dir='ltr'><strong>ORATIO</strong></span> <span class='ocrx_word' id='word_1_3' title='bbox 1190 310 1354 376; x_wconf 85' lang='lat' dir='ltr'><strong>vm.</strong></span> <span class='ocrx_word' id='word_1_4' title='bbox 1383 336 1455 349; x_wconf 90' lang='lat'><strong>—</strong></span> <span class='ocrx_word' id='word_1_5' title='bbox 1492 307 1574 371; x_wconf 88' lang='lat' dir='ltr'><strong>IN</strong></span> <span class='ocrx_word' id='word_1_6' title='bbox 1614 264 1926 368; x_wconf 16' lang='lat' dir='ltr'><strong>LAU&#39;DEM</strong></span> <span class='ocrx_word' id='word_1_7' title='bbox 1964 307 2024 368; x_wconf 92' lang='lat' dir='ltr'><strong>s.</strong></span> <span class='ocrx_word' id='word_1_8' title='bbox 2062 305 2318 368; x_wconf 78' lang='lat' dir='ltr'><strong>JACOBI</strong></span> <span class='ocrx_word' id='word_1_9' title='bbox 2359 305 2658 367; x_wconf 71' lang='lat' dir='ltr'><strong>ALan</strong></span> 
     </span>
    </p>
   </div>
   <div class='ocr_carea' id='block_1_3' title="bbox 3281 305 3381 370">
    <p class='ocr_par' dir='ltr' id='par_1_3' title="bbox 3281 305 3381 370">
     <span class='ocr_line' id='line_1_3' title="bbox 3281 305 3381 370; baseline 0.01 -2"><span class='ocrx_word' id='word_1_10' title='bbox 3281 305 3381 370; x_wconf 77' lang='grc'><strong>150</strong></span> 
     </span>
    </p>
   </div>
   <div class='ocr_carea' id='block_1_4' title="bbox 166 415 1722 500">
    <p class='ocr_par' dir='ltr' id='par_1_4' title="bbox 166 415 1713 500">
     <span class='ocr_line' id='line_1_4' title="bbox 166 415 1713 500; baseline -0.009 -14"><span class='ocrx_word' id='word_1_11' title='bbox 166 437 266 496; x_wconf 74' lang='grc' dir='ltr'>τοῖς</span> <span class='ocrx_word' id='word_1_12' title='bbox 288 430 446 500; x_wconf 82' lang='grc' dir='ltr'>ίεροῖς</span> <span class='ocrx_word' id='word_1_13' title='bbox 473 425 974 498; x_wconf 83' lang='grc' dir='ltr'>ἀνακηρυττόμενος</span> <span class='ocrx_word' id='word_1_14' title='bbox 993 415 1544 494; x_wconf 63' lang='grc' dir='ltr'>Εὐαγγεὶλοιςοούτος</span> <span class='ocrx_word' id='word_1_15' title='bbox 1567 419 1713 490; x_wconf 68' lang='grc' dir='ltr'>ἡμᾶς</span> 
     </span>
    </p>
   </div>
   <div class='ocr_carea' id='block_1_5' title="bbox 1825 415 3386 500">
    <p class='ocr_par' dir='ltr' id='par_1_5' title="bbox 1825 415 3386 487">
     <span class='ocr_line' id='line_1_5' title="bbox 1825 415 3386 487; baseline 0.002 -18"><span class='ocrx_word' id='word_1_16' title='bbox 1825 416 1868 470; x_wconf 80' lang='lat' dir='ltr'><strong>in</strong></span> <span class='ocrx_word' id='word_1_17' title='bbox 1902 417 2075 472; x_wconf 89' lang='lat' dir='ltr'><strong>sacris</strong></span> <span class='ocrx_word' id='word_1_18' title='bbox 2095 416 2405 487; x_wconf 88' lang='lat' dir='ltr'><strong>Evangeliis</strong></span> <span class='ocrx_word' id='word_1_19' title='bbox 2432 418 2663 471; x_wconf 85' lang='lat' dir='ltr'><strong>celebris</strong></span> <span class='ocrx_word' id='word_1_20' title='bbox 2687 416 2940 472; x_wconf 79' lang='lat' dir='ltr'><strong>habetur.</strong></span> <span class='ocrx_word' id='word_1_21' title='bbox 2975 415 3075 471; x_wconf 85' lang='lat' dir='ltr'><strong>llic</strong></span> <span class='ocrx_word' id='word_1_22' title='bbox 3104 431 3297 486; x_wconf 90' lang='lat' dir='ltr'><strong>nempe</strong></span> <span class='ocrx_word' id='word_1_23' title='bbox 3313 417 3386 472; x_wconf 77' lang='lat' dir='ltr'><strong>ad</strong></span> 
     </span>
    </p>
   </div>
   <div class='ocr_carea' id='block_1_6' title="bbox 165 512 1704 589">
    <p class='ocr_par' dir='ltr' id='par_1_6' title="bbox 165 512 1704 589">
     <span class='ocr_line' id='line_1_6' title="bbox 165 512 1704 589; baseline -0.008 -13"><span class='ocrx_word' id='word_1_24' title='bbox 165 522 251 576; x_wconf 88' lang='grc' dir='ltr'><strong>νῦν</strong></span> <span class='ocrx_word' id='word_1_25' title='bbox 273 523 362 575; x_wconf 72' lang='grc' dir='ltr'><strong>ἐπὶ</strong></span> <span class='ocrx_word' id='word_1_26' title='bbox 410 520 509 589; x_wconf 80' lang='grc' dir='ltr'><strong>τὴν</strong></span> <span class='ocrx_word' id='word_1_27' title='bbox 539 517 704 572; x_wconf 87' lang='grc' dir='ltr'>αὐτοῦ</span> <span class='ocrx_word' id='word_1_28' title='bbox 731 519 952 588; x_wconf 85' lang='grc' dir='ltr'><strong>μνήμην</strong></span> <span class='ocrx_word' id='word_1_29' title='bbox 1001 517 1260 585; x_wconf 81' lang='grc' dir='ltr'><strong>ξεναγῶν,</strong></span> <span class='ocrx_word' id='word_1_30' title='bbox 1298 516 1392 568; x_wconf 80' lang='grc' dir='ltr'>καὶ</span> <span class='ocrx_word' id='word_1_31' title='bbox 1423 512 1551 576; x_wconf 82' lang='grc' dir='ltr'><strong>τούς</strong></span> <span class='ocrx_word' id='word_1_32' title='bbox 1609 527 1704 564; x_wconf 90' lang='grc' dir='ltr'>συ-</span> 
     </span>
    </p>
   </div>
   <div class='ocr_carea' id='block_1_7' title="bbox 165 602 1704 684">
    <p class='ocr_par' dir='ltr' id='par_1_7' title="bbox 165 602 1704 684">
     <span class='ocr_line' id='line_1_7' title="bbox 165 602 1704 684; baseline -0.008 -18"><span class='ocrx_word' id='word_1_33' title='bbox 165 613 310 684; x_wconf 81' lang='grc' dir='ltr'>χνοὺς</span> <span class='ocrx_word' id='word_1_34' title='bbox 344 611 483 681; x_wconf 71' lang='grc' dir='ltr'>ὑπὲρ</span> <span class='ocrx_word' id='word_1_35' title='bbox 519 611 615 662; x_wconf 89' lang='grc' dir='ltr'><strong>τοῦ</strong></span> <span class='ocrx_word' id='word_1_36' title='bbox 644 608 964 662; x_wconf 82' lang='grc' dir='ltr'><strong>διδασκάλου</strong></span> <span class='ocrx_word' id='word_1_37' title='bbox 994 607 1208 670; x_wconf 80' lang='grc' dir='ltr'>πόνους,</span> <span class='ocrx_word' id='word_1_38' title='bbox 1235 607 1330 661; x_wconf 74' lang='grc' dir='ltr'>καὶ</span> <span class='ocrx_word' id='word_1_39' title='bbox 1370 605 1494 667; x_wconf 86' lang='grc' dir='ltr'><strong>τούς</strong></span> <span class='ocrx_word' id='word_1_40' title='bbox 1529 602 1704 672; x_wconf 84' lang='grc' dir='ltr'>ίερούς</span> 
     </span>
    </p>
   </div>
   <div class='ocr_carea' id='block_1_8' title="bbox 164 690 1706 768">
    <p class='ocr_par' dir='ltr' id='par_1_8' title="bbox 164 690 1706 768">
     <span class='ocr_line' id='line_1_8' title="bbox 164 690 1706 768; baseline -0.009 -12"><span class='ocrx_word' id='word_1_41' title='bbox 164 701 384 768; x_wconf 80' lang='grc' dir='ltr'>ἀγῶνας.</span> <span class='ocrx_word' id='word_1_42' title='bbox 408 699 502 753; x_wconf 73' lang='grc' dir='ltr'><strong>καὶ</strong></span> <span class='ocrx_word' id='word_1_43' title='bbox 547 699 638 752; x_wconf 78' lang='grc' dir='ltr'>τὸν</span> <span class='ocrx_word' id='word_1_44' title='bbox 677 698 814 767; x_wconf 72' lang='grc' dir='ltr'>ὑπὲρ</span> <span class='ocrx_word' id='word_1_45' title='bbox 868 695 962 749; x_wconf 79' lang='grc' dir='ltr'><strong>τοῦ</strong></span> <span class='ocrx_word' id='word_1_46' title='bbox 1017 693 1428 765; x_wconf 77' lang='grc' dir='ltr'>ἐσταυρωμένον</span> <span class='ocrx_word' id='word_1_47' title='bbox 1466 690 1706 762; x_wconf 80' lang='grc' dir='ltr'>προσαλ-</span> 
     </span>
    </p>
   </div>
   <div class='ocr_carea' id='block_1_9' title="bbox 166 779 1710 860">
    <p class='ocr_par' dir='ltr' id='par_1_9' title="bbox 166 779 1710 860">
     <span class='ocr_line' id='line_1_9' title="bbox 166 779 1710 860; baseline -0.007 -17"><span class='ocrx_word' id='word_1_48' title='bbox 166 791 376 859; x_wconf 78' lang='grc' dir='ltr'>λόμενος</span> <span class='ocrx_word' id='word_1_49' title='bbox 396 788 645 860; x_wconf 74' lang='grc' dir='ltr'>σταυρὸν,</span> <span class='ocrx_word' id='word_1_50' title='bbox 679 785 1067 857; x_wconf 82' lang='grc' dir='ltr'><strong>λαμπροτάτην</strong></span> <span class='ocrx_word' id='word_1_51' title='bbox 1098 785 1296 854; x_wconf 75' lang='grc' dir='ltr'>ψυχαῖς</span> <span class='ocrx_word' id='word_1_52' title='bbox 1333 780 1570 851; x_wconf 81' lang='grc' dir='ltr'>εὐωχίαν</span> <span class='ocrx_word' id='word_1_53' title='bbox 1612 779 1710 833; x_wconf 76' lang='grc' dir='ltr'>καὶ</span> 
     </span>
    </p>
   </div>
   <div class='ocr_carea' id='block_1_10' title="bbox 166 869 1716 948">
    <p class='ocr_par' dir='ltr' id='par_1_10' title="bbox 166 869 1716 948">
     <span class='ocr_line' id='line_1_10' title="bbox 166 869 1716 948; baseline -0.006 -16"><span class='ocrx_word' id='word_1_54' title='bbox 166 878 616 948; x_wconf 75' lang='grc' dir='ltr'><strong>πολυτελεστάτην</strong></span> <span class='ocrx_word' id='word_1_55' title='bbox 647 878 934 947; x_wconf 82' lang='grc' dir='ltr'><strong>συγκροτεῖ</strong></span> <span class='ocrx_word' id='word_1_56' title='bbox 966 891 980 908; x_wconf 88' lang='grc'><strong>·</strong></span> <span class='ocrx_word' id='word_1_57' title='bbox 1033 875 1127 928; x_wconf 75' lang='grc' dir='ltr'>καὶ</span> <span class='ocrx_word' id='word_1_58' title='bbox 1168 875 1228 926; x_wconf 89' lang='grc' dir='ltr'><strong>οὐ</strong></span> <span class='ocrx_word' id='word_1_59' title='bbox 1270 873 1396 936; x_wconf 85' lang='grc' dir='ltr'>τοὺς</span> <span class='ocrx_word' id='word_1_60' title='bbox 1436 871 1585 925; x_wconf 81' lang='grc' dir='ltr'>κάτω</span> <span class='ocrx_word' id='word_1_61' title='bbox 1615 869 1716 938; x_wconf 67' lang='grc' dir='ltr'><strong>μόσ</strong></span> 
     </span>
    </p>
   </div>
   <div class='ocr_carea' id='block_1_11' title="bbox 166 960 1710 1042">
    <p class='ocr_par' dir='ltr' id='par_1_11' title="bbox 166 960 1710 1042">
     <span class='ocr_line' id='line_1_11' title="bbox 166 960 1710 1042; baseline -0.007 -19"><span class='ocrx_word' id='word_1_62' title='bbox 166 987 247 1023; x_wconf 86' lang='grc' dir='ltr'><strong>νον</strong></span> <span class='ocrx_word' id='word_1_63' title='bbox 294 968 612 1042; x_wconf 70' lang='grc' dir='ltr'>ἀνθρώπους</span> <span class='ocrx_word' id='word_1_64' title='bbox 663 967 797 1040; x_wconf 76' lang='grc' dir='ltr'>πρὸς</span> <span class='ocrx_word' id='word_1_65' title='bbox 842 967 942 1034; x_wconf 86' lang='grc' dir='ltr'>τὴν</span> <span class='ocrx_word' id='word_1_66' title='bbox 993 966 1112 1033; x_wconf 79' lang='grc' dir='ltr'>κατ’</span> <span class='ocrx_word' id='word_1_67' title='bbox 1144 962 1308 1018; x_wconf 72' lang='grc' dir='ltr'>αὐτὸν</span> <span class='ocrx_word' id='word_1_68' title='bbox 1358 960 1710 1032; x_wconf 69' lang='grc' dir='ltr'>χαρμοσύνην</span> 
     </span>
    </p>
   </div>
   <div class='ocr_carea' id='block_1_12' title="bbox 166 1050 1709 1126">
    <p class='ocr_par' dir='ltr' id='par_1_12' title="bbox 166 1050 1709 1126">
     <span class='ocr_line' id='line_1_12' title="bbox 166 1050 1709 1126; baseline -0.005 -15"><span class='ocrx_word' id='word_1_69' title='bbox 166 1059 411 1126; x_wconf 80' lang='grc' dir='ltr'>συγκαλεῖ</span> <span class='ocrx_word' id='word_1_70' title='bbox 441 1096 457 1123; x_wconf 87' lang='grc'><strong>,</strong></span> <span class='ocrx_word' id='word_1_71' title='bbox 518 1056 696 1126; x_wconf 86' lang='grc' dir='ltr'>πολλῷ</span> <span class='ocrx_word' id='word_1_72' title='bbox 739 1056 796 1109; x_wconf 83' lang='grc' dir='ltr'>δὲ</span> <span class='ocrx_word' id='word_1_73' title='bbox 829 1055 1028 1126; x_wconf 79' lang='grc' dir='ltr'>μᾶλλον</span> <span class='ocrx_word' id='word_1_74' title='bbox 1056 1055 1154 1117; x_wconf 77' lang='grc' dir='ltr'>τᾶς</span> <span class='ocrx_word' id='word_1_75' title='bbox 1182 1055 1310 1116; x_wconf 80' lang='grc' dir='ltr'>ὅλας</span> <span class='ocrx_word' id='word_1_76' title='bbox 1348 1050 1709 1122; x_wconf 78' lang='grc' dir='ltr'>χοροστασίαις</span> 
     </span>
    </p>
   </div>
   <div class='ocr_carea' id='block_1_13' title="bbox 164 1141 1701 1216">
    <p class='ocr_par' dir='ltr' id='par_1_13' title="bbox 164 1141 1701 1216">
     <span class='ocr_line' id='line_1_13' title="bbox 164 1141 1701 1216; baseline -0.005 -13"><span class='ocrx_word' id='word_1_77' title='bbox 164 1149 262 1203; x_wconf 80' lang='grc' dir='ltr'><strong>τῶν</strong></span> <span class='ocrx_word' id='word_1_78' title='bbox 315 1149 482 1216; x_wconf 82' lang='grc' dir='ltr'>ἁγίων</span> <span class='ocrx_word' id='word_1_79' title='bbox 513 1163 529 1180; x_wconf 75' lang='grc'><strong><em>⁸</em></strong></span> <span class='ocrx_word' id='word_1_80' title='bbox 585 1149 679 1201; x_wconf 72' lang='grc' dir='ltr'>καὶ</span> <span class='ocrx_word' id='word_1_81' title='bbox 706 1148 766 1200; x_wconf 83' lang='grc' dir='ltr'><strong>οὐ</strong></span> <span class='ocrx_word' id='word_1_82' title='bbox 806 1146 1010 1200; x_wconf 85' lang='grc' dir='ltr'>τούτων</span> <span class='ocrx_word' id='word_1_83' title='bbox 1060 1147 1240 1214; x_wconf 87' lang='grc' dir='ltr'>μόνον,</span> <span class='ocrx_word' id='word_1_84' title='bbox 1302 1143 1437 1198; x_wconf 85' lang='grc' dir='ltr'>ἀλλὰ</span> <span class='ocrx_word' id='word_1_85' title='bbox 1479 1141 1701 1207; x_wconf 79' lang='grc' dir='ltr'>καὶτὰς</span> 
     </span>
    </p>
   </div>
   <div class='ocr_carea' id='block_1_14' title="bbox 169 1235 1709 1313">
    <p class='ocr_par' dir='ltr' id='par_1_14' title="bbox 169 1235 1709 1313">
     <span class='ocr_line' id='line_1_14' title="bbox 169 1235 1709 1313; baseline -0.005 -18"><span class='ocrx_word' id='word_1_86' title='bbox 169 1241 556 1310; x_wconf 79' lang='grc' dir='ltr'>ὐπερκοσμίους</span> <span class='ocrx_word' id='word_1_87' title='bbox 586 1239 904 1310; x_wconf 80' lang='grc' dir='ltr'>ταξιαρχίας</span> <span class='ocrx_word' id='word_1_88' title='bbox 935 1238 1114 1300; x_wconf 82' lang='grc' dir='ltr'>πάσας</span> <span class='ocrx_word' id='word_1_89' title='bbox 1139 1238 1248 1290; x_wconf 87' lang='grc' dir='ltr'><strong>τῶν</strong></span> <span class='ocrx_word' id='word_1_90' title='bbox 1274 1235 1437 1304; x_wconf 78' lang='grc' dir='ltr'>ιερῶν</span> <span class='ocrx_word' id='word_1_91' title='bbox 1464 1235 1558 1313; x_wconf 73' lang='grc' dir='ltr'>καὶ</span> <span class='ocrx_word' id='word_1_92' title='bbox 1591 1251 1709 1288; x_wconf 86' lang='grc' dir='ltr'>νοε-</span> 
     </span>
    </p>
   </div>
   <div class='ocr_carea' id='block_1_15' title="bbox 169 1324 1706 1398">
    <p class='ocr_par' dir='ltr' id='par_1_15' title="bbox 169 1324 1706 1398">
     <span class='ocr_line' id='line_1_15' title="bbox 169 1324 1706 1398; baseline -0.001 -20"><span class='ocrx_word' id='word_1_93' title='bbox 169 1328 270 1398; x_wconf 86' lang='grc' dir='ltr'><strong>ρῶν</strong></span> <span class='ocrx_word' id='word_1_94' title='bbox 296 1328 430 1381; x_wconf 81' lang='grc' dir='ltr'>νόων</span> <span class='ocrx_word' id='word_1_95' title='bbox 464 1341 479 1356; x_wconf 84' lang='grc'><em>’</em></span> <span class='ocrx_word' id='word_1_96' title='bbox 525 1327 618 1380; x_wconf 75' lang='grc' dir='ltr'><strong>καὶ</strong></span> <span class='ocrx_word' id='word_1_97' title='bbox 651 1327 755 1398; x_wconf 85' lang='grc' dir='ltr'>μὴν</span> <span class='ocrx_word' id='word_1_98' title='bbox 772 1327 866 1382; x_wconf 58' lang='grc' dir='ltr'><strong>καί¹</strong></span> <span class='ocrx_word' id='word_1_99' title='bbox 893 1325 1054 1380; x_wconf 81' lang='grc' dir='ltr'>αὐτὸν</span> <span class='ocrx_word' id='word_1_100' title='bbox 1077 1326 1170 1378; x_wconf 81' lang='grc' dir='ltr'><strong>τδν</strong></span> <span class='ocrx_word' id='word_1_101' title='bbox 1189 1325 1296 1378; x_wconf 86' lang='grc' dir='ltr'><strong>τῶν</strong></span> <span class='ocrx_word' id='word_1_102' title='bbox 1321 1324 1457 1379; x_wconf 83' lang='grc' dir='ltr'>ὅλων</span> <span class='ocrx_word' id='word_1_103' title='bbox 1499 1324 1706 1377; x_wconf 90' lang='grc' dir='ltr'>Δεσπό-</span> 
     </span>
    </p>
   </div>
   <div class='ocr_carea' id='block_1_16' title="bbox 169 1413 1712 1488">
    <p class='ocr_par' dir='ltr' id='par_1_16' title="bbox 169 1413 1712 1488">
     <span class='ocr_line' id='line_1_16' title="bbox 169 1413 1712 1488; baseline -0.001 -20"><span class='ocrx_word' id='word_1_104' title='bbox 169 1433 256 1487; x_wconf 87' lang='grc' dir='ltr'><strong>την</strong></span> <span class='ocrx_word' id='word_1_105' title='bbox 311 1417 694 1488; x_wconf 76' lang='grc' dir='ltr'>ὐπερκοσμίως</span> <span class='ocrx_word' id='word_1_106' title='bbox 764 1415 1155 1470; x_wconf 81' lang='grc' dir='ltr'>ὲπευδοκοῦντα</span> <span class='ocrx_word' id='word_1_107' title='bbox 1207 1416 1321 1478; x_wconf 83' lang='grc' dir='ltr'>τοῖς</span> <span class='ocrx_word' id='word_1_108' title='bbox 1368 1413 1712 1484; x_wconf 82' lang='grc' dir='ltr'>τελουμένοις</span> 
     </span>
    </p>
   </div>
   <div class='ocr_carea' id='block_1_17' title="bbox 171 1501 1706 1572">
    <p class='ocr_par' dir='ltr' id='par_1_17' title="bbox 171 1501 1706 1572">
     <span class='ocr_line' id='line_1_17' title="bbox 171 1501 1706 1572; baseline -0.002 -14"><span class='ocrx_word' id='word_1_109' title='bbox 171 1504 536 1572; x_wconf 82' lang='grc' dir='ltr'>συνεπάγεται.</span> <span class='ocrx_word' id='word_1_110' title='bbox 563 1503 744 1566; x_wconf 74' lang='grc' dir='ltr'>Οὕτως</span> <span class='ocrx_word' id='word_1_111' title='bbox 792 1504 942 1558; x_wconf 81' lang='grc' dir='ltr'>οὐδὲν</span> <span class='ocrx_word' id='word_1_112' title='bbox 965 1506 1063 1572; x_wconf 78' lang='grc' dir='ltr'>τῆς</span> <span class='ocrx_word' id='word_1_113' title='bbox 1091 1501 1452 1571; x_wconf 73' lang='grc' dir='ltr'>ἀποπολικῆς</span> <span class='ocrx_word' id='word_1_114' title='bbox 1504 1501 1706 1555; x_wconf 88' lang='grc' dir='ltr'>τελειό-</span> 
     </span>
    </p>
   </div>
   <div class='ocr_carea' id='block_1_18' title="bbox 168 1593 1712 1665">
    <p class='ocr_par' dir='ltr' id='par_1_18' title="bbox 168 1593 1712 1665">
     <span class='ocr_line' id='line_1_18' title="bbox 168 1593 1712 1665; baseline -0.001 -17"><span class='ocrx_word' id='word_1_115' title='bbox 168 1611 313 1664; x_wconf 83' lang='grc' dir='ltr'>τητος</span> <span class='ocrx_word' id='word_1_116' title='bbox 337 1597 811 1665; x_wconf 83' lang='grc' dir='ltr'>περιφανέστερον,</span> <span class='ocrx_word' id='word_1_117' title='bbox 841 1595 934 1648; x_wconf 75' lang='grc' dir='ltr'>καὶ</span> <span class='ocrx_word' id='word_1_118' title='bbox 951 1593 1096 1647; x_wconf 81' lang='grc' dir='ltr'>οὐδὲν</span> <span class='ocrx_word' id='word_1_119' title='bbox 1113 1594 1284 1656; x_wconf 76' lang='grc' dir='ltr'>οὕτως</span> <span class='ocrx_word' id='word_1_120' title='bbox 1302 1593 1580 1662; x_wconf 79' lang='grc' dir='ltr'>εὐφραίνει</span> <span class='ocrx_word' id='word_1_121' title='bbox 1614 1610 1712 1646; x_wconf 89' lang='grc' dir='ltr'>κα-</span> 
     </span>
    </p>
   </div>
   <div class='ocr_carea' id='block_1_19' title="bbox 170 1682 1718 1754">
    <p class='ocr_par' dir='ltr' id='par_1_19' title="bbox 170 1682 1718 1754">
     <span class='ocr_line' id='line_1_19' title="bbox 170 1682 1718 1754; baseline 0 -17"><span class='ocrx_word' id='word_1_122' title='bbox 170 1683 251 1737; x_wconf 75' lang='grc' dir='ltr'><strong>λὸν</strong></span> <span class='ocrx_word' id='word_1_123' title='bbox 273 1685 399 1746; x_wconf 80' lang='grc' dir='ltr'>τοὺς</span> <span class='ocrx_word' id='word_1_124' title='bbox 424 1684 684 1753; x_wconf 82' lang='grc' dir='ltr'>οὐρανοὺς</span> <span class='ocrx_word' id='word_1_125' title='bbox 700 1682 832 1754; x_wconf 81' lang='grc' dir='ltr'>ὁμοῦ</span> <span class='ocrx_word' id='word_1_126' title='bbox 862 1683 956 1737; x_wconf 69' lang='lat' dir='ltr'><strong>xui.</strong></span> <span class='ocrx_word' id='word_1_127' title='bbox 986 1682 1083 1752; x_wconf 81' lang='grc' dir='ltr'><strong>τὴν</strong></span> <span class='ocrx_word' id='word_1_128' title='bbox 1105 1683 1228 1752; x_wconf 83' lang='grc' dir='ltr'>γῆν,</span> <span class='ocrx_word' id='word_1_129' title='bbox 1256 1682 1333 1745; x_wconf 84' lang='grc' dir='ltr'>ὡς</span> <span class='ocrx_word' id='word_1_130' title='bbox 1362 1682 1479 1745; x_wconf 80' lang='grc' dir='ltr'>ἑνὸς</span> <span class='ocrx_word' id='word_1_131' title='bbox 1492 1682 1600 1736; x_wconf 86' lang='grc' dir='ltr'><strong>τῶν</strong></span> <span class='ocrx_word' id='word_1_132' title='bbox 1623 1682 1718 1738; x_wconf 80' lang='grc' dir='ltr'><strong>δὼ-</strong></span> 
     </span>
    </p>
   </div>
   <div class='ocr_carea' id='block_1_20' title="bbox 169 1773 1708 1846">
    <p class='ocr_par' dir='ltr' id='par_1_20' title="bbox 169 1773 1708 1846">
     <span class='ocr_line' id='line_1_20' title="bbox 169 1773 1708 1846; baseline -0.001 -17"><span class='ocrx_word' id='word_1_133' title='bbox 169 1776 287 1829; x_wconf 80' lang='grc' dir='ltr'>δεκα</span> <span class='ocrx_word' id='word_1_134' title='bbox 308 1775 403 1830; x_wconf 81' lang='grc' dir='ltr'><strong>τοῦ</strong></span> <span class='ocrx_word' id='word_1_135' title='bbox 432 1777 566 1830; x_wconf 86' lang='grc' dir='ltr'>Θεοῦ</span> <span class='ocrx_word' id='word_1_136' title='bbox 593 1775 798 1830; x_wconf 79' lang='grc' dir='ltr'>τέκνων</span> <span class='ocrx_word' id='word_1_137' title='bbox 833 1774 992 1846; x_wconf 77' lang='grc' dir='ltr'>ιερῶν</span> <span class='ocrx_word' id='word_1_138' title='bbox 1019 1773 1381 1844; x_wconf 74' lang='grc' dir='ltr'>ἑκτελουμένη</span> <span class='ocrx_word' id='word_1_139' title='bbox 1413 1773 1624 1846; x_wconf 84' lang='grc' dir='ltr'>μνήμη.</span> <span class='ocrx_word' id='word_1_140' title='bbox 1697 1828 1708 1841; x_wconf 52' lang='grc'><em>,</em></span> 
     </span>
    </p>
   </div>
   <div class='ocr_carea' id='block_1_21' title="bbox 243 2029 1708 2104">
    <p class='ocr_par' dir='ltr' id='par_1_21' title="bbox 243 2029 1708 2104">
     <span class='ocr_line' id='line_1_21' title="bbox 243 2029 1708 2104; baseline -0.002 -18"><span class='ocrx_word' id='word_1_141' title='bbox 243 2032 399 2087; x_wconf 59' lang='lat' dir='ltr'><strong>ama:</strong></span> <span class='ocrx_word' id='word_1_142' title='bbox 426 2033 931 2104; x_wconf 78' lang='grc' dir='ltr'>καρποφορήσωμεν</span> <span class='ocrx_word' id='word_1_143' title='bbox 956 2031 1049 2086; x_wconf 70' lang='grc' dir='ltr'>καὶ</span> <span class='ocrx_word' id='word_1_144' title='bbox 1078 2033 1239 2102; x_wconf 77' lang='grc' dir='ltr'>ήμετς</span> <span class='ocrx_word' id='word_1_145' title='bbox 1263 2030 1340 2101; x_wconf 83' lang='grc' dir='ltr'><strong>τῷ</strong></span> <span class='ocrx_word' id='word_1_146' title='bbox 1367 2029 1584 2103; x_wconf 71' lang='grc' dir='ltr'>μεγαλῳ</span> <span class='ocrx_word' id='word_1_147' title='bbox 1613 2029 1708 2084; x_wconf 85' lang='grc' dir='ltr'><strong>τοῦ</strong></span> 
     </span>
    </p>
   </div>
   <div class='ocr_carea' id='block_1_22' title="bbox 170 2117 1707 2196">
    <p class='ocr_par' dir='ltr' id='par_1_22' title="bbox 170 2117 1707 2196">
     <span class='ocr_line' id='line_1_22' title="bbox 170 2117 1707 2196; baseline -0.005 -17"><span class='ocrx_word' id='word_1_148' title='bbox 170 2124 330 2192; x_wconf 77' lang='grc' dir='ltr'>Λόγου</span> <span class='ocrx_word' id='word_1_149' title='bbox 357 2124 594 2196; x_wconf 74' lang='grc' dir='ltr'>μαθητῇ,</span> <span class='ocrx_word' id='word_1_150' title='bbox 619 2126 800 2195; x_wconf 77' lang='grc' dir='ltr'>μεῖζον</span> <span class='ocrx_word' id='word_1_151' title='bbox 822 2117 894 2177; x_wconf 82' lang='grc' dir='ltr'>ὧν</span> <span class='ocrx_word' id='word_1_152' title='bbox 919 2122 1112 2193; x_wconf 80' lang='grc' dir='ltr'>ἔχομεν</span> <span class='ocrx_word' id='word_1_153' title='bbox 1140 2123 1378 2184; x_wconf 85' lang='grc' dir='ltr'>πάντων,</span> <span class='ocrx_word' id='word_1_154' title='bbox 1404 2122 1496 2175; x_wconf 80' lang='grc' dir='ltr'>τὸν</span> <span class='ocrx_word' id='word_1_155' title='bbox 1530 2118 1707 2189; x_wconf 81' lang='grc' dir='ltr'>λόγον·</span> 
     </span>
    </p>
   </div>
   <div class='ocr_carea' id='block_1_23' title="bbox 171 2213 1709 2287">
    <p class='ocr_par' dir='ltr' id='par_1_23' title="bbox 171 2213 1709 2287">
     <span class='ocr_line' id='line_1_23' title="bbox 171 2213 1709 2287; baseline -0.004 -15"><span class='ocrx_word' id='word_1_156' title='bbox 171 2219 254 2273; x_wconf 82' lang='grc' dir='ltr'>καὶ</span> <span class='ocrx_word' id='word_1_157' title='bbox 291 2217 366 2287; x_wconf 84' lang='grc' dir='ltr'>μὴ</span> <span class='ocrx_word' id='word_1_158' title='bbox 409 2216 672 2269; x_wconf 87' lang='grc' dir='ltr'>τοσοῦτον·</span> <span class='ocrx_word' id='word_1_159' title='bbox 719 2217 1172 2286; x_wconf 78' lang='grc' dir='ltr'>ἀχαριστήσωμεν</span> <span class='ocrx_word' id='word_1_160' title='bbox 1222 2213 1255 2285; x_wconf 82' lang='grc' dir='ltr'>ἢ</span> <span class='ocrx_word' id='word_1_161' title='bbox 1313 2213 1709 2284; x_wconf 85' lang='grc' dir='ltr'>ἀγνωμονήσω-</span> 
     </span>
    </p>
   </div>
   <div class='ocr_carea' id='block_1_24' title="bbox 172 2303 1711 2379">
    <p class='ocr_par' dir='ltr' id='par_1_24' title="bbox 172 2303 1711 2379">
     <span class='ocr_line' id='line_1_24' title="bbox 172 2303 1711 2379; baseline -0.004 -19"><span class='ocrx_word' id='word_1_162' title='bbox 172 2326 278 2379; x_wconf 85' lang='grc' dir='ltr'>μεν,</span> <span class='ocrx_word' id='word_1_163' title='bbox 330 2307 472 2360; x_wconf 83' lang='grc' dir='ltr'>ὥστε</span> <span class='ocrx_word' id='word_1_164' title='bbox 514 2306 727 2360; x_wconf 78' lang='grc' dir='ltr'>καὶτῶν</span> <span class='ocrx_word' id='word_1_165' title='bbox 751 2304 974 2376; x_wconf 75' lang='grc' dir='ltr'>ἀψύχων</span> <span class='ocrx_word' id='word_1_166' title='bbox 999 2305 1178 2358; x_wconf 82' lang='grc' dir='ltr'>αὐτῶν</span> <span class='ocrx_word' id='word_1_167' title='bbox 1224 2303 1319 2358; x_wconf 78' lang='grc' dir='ltr'>καὶ</span> <span class='ocrx_word' id='word_1_168' title='bbox 1351 2303 1461 2358; x_wconf 86' lang='grc' dir='ltr'><strong>τῶν</strong></span> <span class='ocrx_word' id='word_1_169' title='bbox 1501 2303 1711 2370; x_wconf 78' lang='grc' dir='ltr'>ἀλόγων</span> 
     </span>
    </p>
   </div>
   <div class='ocr_carea' id='block_1_25' title="bbox 170 2393 1712 2469">
    <p class='ocr_par' dir='ltr' id='par_1_25' title="bbox 170 2393 1712 2469">
     <span class='ocr_line' id='line_1_25' title="bbox 170 2393 1712 2469; baseline -0.001 -19"><span class='ocrx_word' id='word_1_170' title='bbox 170 2400 367 2469; x_wconf 76' lang='grc' dir='ltr'>χείρους</span> <span class='ocrx_word' id='word_1_171' title='bbox 405 2393 542 2463; x_wconf 78' lang='grc' dir='ltr'>εἶναι</span> <span class='ocrx_word' id='word_1_172' title='bbox 575 2396 768 2450; x_wconf 78' lang='grc' dir='ltr'>δοκεῖν.</span> <span class='ocrx_word' id='word_1_173' title='bbox 806 2395 957 2450; x_wconf 77' lang='grc' dir='ltr'>Ἐπεὶ</span> <span class='ocrx_word' id='word_1_174' title='bbox 972 2395 1064 2449; x_wconf 72' lang='grc' dir='ltr'>καὶ</span> <span class='ocrx_word' id='word_1_175' title='bbox 1090 2396 1192 2464; x_wconf 84' lang='grc' dir='ltr'>γῆν</span> <span class='ocrx_word' id='word_1_176' title='bbox 1215 2394 1593 2466; x_wconf 72' lang='grc' dir='ltr'>ἀρουμένην,ἣ</span> <span class='ocrx_word' id='word_1_177' title='bbox 1617 2395 1712 2448; x_wconf 74' lang='grc' dir='ltr'>καὶ</span> 
     </span>
    </p>
   </div>
   <div class='ocr_carea' id='block_1_26' title="bbox 173 2486 1711 2557">
    <p class='ocr_par' dir='ltr' id='par_1_26' title="bbox 173 2486 1711 2557">
     <span class='ocr_line' id='line_1_26' title="bbox 173 2486 1711 2557; baseline 0 -18"><span class='ocrx_word' id='word_1_178' title='bbox 173 2486 672 2557; x_wconf 72' lang='grc' dir='ltr'>περισκαπτομένην</span> <span class='ocrx_word' id='word_1_179' title='bbox 696 2487 789 2540; x_wconf 72' lang='grc' dir='ltr'>καὶ</span> <span class='ocrx_word' id='word_1_180' title='bbox 826 2486 1135 2557; x_wconf 83' lang='grc' dir='ltr'>γεωργικῆς</span> <span class='ocrx_word' id='word_1_181' title='bbox 1158 2486 1374 2556; x_wconf 83' lang='grc' dir='ltr'>ἀπάσης</span> <span class='ocrx_word' id='word_1_182' title='bbox 1413 2486 1711 2555; x_wconf 83' lang='grc' dir='ltr'>τυγχάνου-</span> 
     </span>
    </p>
   </div>
   <div class='ocr_carea' id='block_1_27' title="bbox 174 2565 1715 2648">
    <p class='ocr_par' dir='ltr' id='par_1_27' title="bbox 174 2565 1715 2648">
     <span class='ocr_line' id='line_1_27' title="bbox 174 2565 1715 2648; baseline -0.002 -16"><span class='ocrx_word' id='word_1_183' title='bbox 174 2595 262 2632; x_wconf 79' lang='grc' dir='ltr'><strong>σαν</strong></span> <span class='ocrx_word' id='word_1_184' title='bbox 275 2565 608 2648; x_wconf 67' lang='grc' dir='ltr'>ἐπιμελείας,</span> <span class='ocrx_word' id='word_1_185' title='bbox 632 2565 1062 2640; x_wconf 75' lang='grc' dir='ltr'>πολλαπλασίους</span> <span class='ocrx_word' id='word_1_186' title='bbox 1088 2576 1390 2630; x_wconf 81' lang='grc' dir='ltr'>ἀποδιδόναι</span> <span class='ocrx_word' id='word_1_187' title='bbox 1419 2576 1498 2646; x_wconf 75' lang='grc' dir='ltr'>τῷ</span> <span class='ocrx_word' id='word_1_188' title='bbox 1535 2593 1715 2646; x_wconf 67' lang='grc' dir='ltr'>γεωριο</span> 
     </span>
    </p>
   </div>
   <div class='ocr_carea' id='block_1_28' title="bbox 173 2665 1715 2741">
    <p class='ocr_par' dir='ltr' id='par_1_28' title="bbox 173 2665 1715 2741">
     <span class='ocr_line' id='line_1_28' title="bbox 173 2665 1715 2741; baseline -0.001 -19"><span class='ocrx_word' id='word_1_189' title='bbox 173 2669 246 2738; x_wconf 81' lang='grc' dir='ltr'><strong>τῷ</strong></span> <span class='ocrx_word' id='word_1_190' title='bbox 272 2670 394 2732; x_wconf 81' lang='grc' dir='ltr'><strong>τούς</strong></span> <span class='ocrx_word' id='word_1_191' title='bbox 409 2667 658 2741; x_wconf 76' lang='grc' dir='ltr'>καρπούς</span> <span class='ocrx_word' id='word_1_192' title='bbox 686 2684 702 2698; x_wconf 74' lang='grc' dir='ltr'><strong><em>ο</em></strong></span> <span class='ocrx_word' id='word_1_193' title='bbox 726 2668 820 2722; x_wconf 77' lang='grc' dir='ltr'>καὶ</span> <span class='ocrx_word' id='word_1_194' title='bbox 841 2665 994 2734; x_wconf 78' lang='grc' dir='ltr'>ξύλον</span> <span class='ocrx_word' id='word_1_195' title='bbox 1018 2668 1074 2724; x_wconf 83' lang='grc' dir='ltr'>δὲ</span> <span class='ocrx_word' id='word_1_196' title='bbox 1108 2668 1462 2738; x_wconf 81' lang='grc' dir='ltr'>φυτοκομίας,</span> <span class='ocrx_word' id='word_1_197' title='bbox 1493 2668 1587 2721; x_wconf 76' lang='grc' dir='ltr'>καὶ</span> <span class='ocrx_word' id='word_1_198' title='bbox 1613 2668 1715 2738; x_wconf 81' lang='grc' dir='ltr'>τῆς</span> 
     </span>
    </p>
   </div>
   <div class='ocr_carea' id='block_1_29' title="bbox 177 2753 1714 2834">
    <p class='ocr_par' dir='ltr' id='par_1_29' title="bbox 177 2753 1714 2834">
     <span class='ocr_line' id='line_1_29' title="bbox 177 2753 1714 2834; baseline -0.001 -20"><span class='ocrx_word' id='word_1_199' title='bbox 177 2760 513 2830; x_wconf 72' lang='grc' dir='ltr'>καθηκούσης</span> <span class='ocrx_word' id='word_1_200' title='bbox 553 2759 810 2834; x_wconf 73' lang='grc' dir='ltr'>ὲπιτυχὺν</span> <span class='ocrx_word' id='word_1_201' title='bbox 857 2759 1193 2829; x_wconf 81' lang='grc' dir='ltr'>φιλοπονίας,</span> <span class='ocrx_word' id='word_1_202' title='bbox 1249 2753 1392 2814; x_wconf 71' lang='grc' dir='ltr'>οἶδεν</span> <span class='ocrx_word' id='word_1_203' title='bbox 1456 2757 1534 2829; x_wconf 83' lang='grc' dir='ltr'><strong>τῷ</strong></span> <span class='ocrx_word' id='word_1_204' title='bbox 1583 2760 1714 2830; x_wconf 78' lang='grc' dir='ltr'>παρ’</span> 
     </span>
    </p>
   </div>
   <div class='ocr_carea' id='block_1_30' title="bbox 175 2848 1711 2922">
    <p class='ocr_par' dir='ltr' id='par_1_30' title="bbox 175 2848 1711 2922">
     <span class='ocr_line' id='line_1_30' title="bbox 175 2848 1711 2922; baseline -0.001 -17"><span class='ocrx_word' id='word_1_205' title='bbox 175 2852 352 2905; x_wconf 72' lang='grc' dir='ltr'>ἑαυτοῦ</span> <span class='ocrx_word' id='word_1_206' title='bbox 387 2851 480 2904; x_wconf 81' lang='grc' dir='ltr'>τὸν</span> <span class='ocrx_word' id='word_1_207' title='bbox 508 2851 940 2922; x_wconf 87' lang='grc' dir='ltr'>ἀνακαθαίροντα</span> <span class='ocrx_word' id='word_1_208' title='bbox 974 2848 1296 2915; x_wconf 79' lang='grc' dir='ltr'>’δεξιοῦσθαι</span> <span class='ocrx_word' id='word_1_209' title='bbox 1347 2849 1549 2918; x_wconf 88' lang='grc' dir='ltr'>καρπῷ</span> <span class='ocrx_word' id='word_1_210' title='bbox 1575 2864 1589 2879; x_wconf 78' lang='grc' dir='ltr'><strong><em>ο</em></strong></span> <span class='ocrx_word' id='word_1_211' title='bbox 1617 2849 1711 2903; x_wconf 89' lang='grc' dir='ltr'><strong>καί</strong></span> 
     </span>
    </p>
   </div>
   <div class='ocr_carea' id='block_1_31' title="bbox 178 2923 1715 3013">
    <p class='ocr_par' dir='ltr' id='par_1_31' title="bbox 178 2923 1715 3013">
     <span class='ocr_line' id='line_1_31' title="bbox 178 2923 1715 3013; baseline 0.001 -18"><span class='ocrx_word' id='word_1_212' title='bbox 178 2939 383 2996; x_wconf 76' lang='grc' dir='ltr'>πουκαὶ</span> <span class='ocrx_word' id='word_1_213' title='bbox 434 2943 543 2997; x_wconf 83' lang='grc' dir='ltr'><strong>τῶν</strong></span> <span class='ocrx_word' id='word_1_214' title='bbox 590 2941 800 3010; x_wconf 82' lang='grc' dir='ltr'>ἀλόγων</span> <span class='ocrx_word' id='word_1_215' title='bbox 833 2942 1059 3001; x_wconf 74' lang='grc' dir='ltr'>ἕκαστα.</span> <span class='ocrx_word' id='word_1_216' title='bbox 1107 2943 1206 2995; x_wconf 84' lang='grc' dir='ltr'><strong>οὐκ</strong></span> <span class='ocrx_word' id='word_1_217' title='bbox 1254 2942 1378 3013; x_wconf 86' lang='grc' dir='ltr'>είκῆ</span> <span class='ocrx_word' id='word_1_218' title='bbox 1423 2942 1521 3012; x_wconf 82' lang='grc' dir='ltr'>τῆς</span> <span class='ocrx_word' id='word_1_219' title='bbox 1561 2923 1715 3012; x_wconf 59' lang='grc' dir='ltr'><strong>παρά</strong></span> 
     </span>
    </p>
   </div>
   <div class='ocr_carea' id='block_1_32' title="bbox 175 3032 1712 3105">
    <p class='ocr_par' dir='ltr' id='par_1_32' title="bbox 175 3032 1712 3105">
     <span class='ocr_line' id='line_1_32' title="bbox 175 3032 1712 3105; baseline 0.001 -19"><span class='ocrx_word' id='word_1_220' title='bbox 175 3033 271 3087; x_wconf 81' lang='grc' dir='ltr'>τῶν</span> <span class='ocrx_word' id='word_1_221' title='bbox 293 3036 650 3105; x_wconf 78' lang='grc' dir='ltr'>κτησαμένων</span> <span class='ocrx_word' id='word_1_222' title='bbox 688 3033 721 3105; x_wconf 81' lang='grc' dir='ltr'><strong>ή</strong></span> <span class='ocrx_word' id='word_1_223' title='bbox 756 3032 1109 3104; x_wconf 73' lang='grc' dir='ltr'>θρεψαμένων</span> <span class='ocrx_word' id='word_1_224' title='bbox 1138 3034 1415 3089; x_wconf 75' lang='grc' dir='ltr'>ἀπέλαυσε</span> <span class='ocrx_word' id='word_1_225' title='bbox 1461 3034 1712 3104; x_wconf 81' lang='grc' dir='ltr'>κομιδῆς·</span> 
     </span>
    </p>
   </div>
   <div class='ocr_carea' id='block_1_33' title="bbox 176 3084 1791 3194">
    <p class='ocr_par' dir='ltr' id='par_1_33' title="bbox 176 3084 1791 3194">
     <span class='ocr_line' id='line_1_33' title="bbox 176 3084 1791 3194; baseline 0.001 -19"><span class='ocrx_word' id='word_1_226' title='bbox 176 3084 324 3176; x_wconf 56' lang='grc' dir='ltr'><strong>έιέέζ</strong></span> <span class='ocrx_word' id='word_1_227' title='bbox 342 3084 422 3176; x_wconf 61' lang='lat'><strong>&#39;5.“</strong></span> <span class='ocrx_word' id='word_1_228' title='bbox 437 3084 564 3177; x_wconf 41' lang='lat' dir='ltr'><strong>&quot;in</strong></span> <span class='ocrx_word' id='word_1_229' title='bbox 580 3084 749 3177; x_wconf 59' lang='lat'><strong>1...;</strong></span> <span class='ocrx_word' id='word_1_230' title='bbox 766 3084 774 3086; x_wconf 57' lang='grc'><strong><em>“</em></strong></span> <span class='ocrx_word' id='word_1_231' title='bbox 789 3084 913 3177; x_wconf 59' lang='grc' dir='ltr'><strong>ἑιῖ</strong></span> <span class='ocrx_word' id='word_1_232' title='bbox 934 3084 1567 3194; x_wconf 32' lang='grc' dir='ltr'><strong>ἓιέργέξηνᾌιᾷςξιὶρῷξῖ</strong></span> <span class='ocrx_word' id='word_1_233' title='bbox 1580 3084 1723 3176; x_wconf 53' lang='grc' dir='ltr'><strong>ἑάζά</strong></span> <span class='ocrx_word' id='word_1_234' title='bbox 1748 3084 1791 3142; x_wconf 71' lang='grc' dir='ltr'><strong>ο</strong></span> 
     </span>
    </p>
   </div>
   <div class='ocr_carea' id='block_1_34' title="bbox 179 3212 1725 3285">
    <p class='ocr_par' dir='ltr' id='par_1_34' title="bbox 179 3212 1725 3285">
     <span class='ocr_line' id='line_1_34' title="bbox 179 3212 1725 3285; baseline 0.001 -20"><span class='ocrx_word' id='word_1_235' title='bbox 179 3213 266 3283; x_wconf 77' lang='grc' dir='ltr'><strong>τήν</strong></span> <span class='ocrx_word' id='word_1_236' title='bbox 289 3213 470 3267; x_wconf 84' lang='grc' dir='ltr'>αὐτῶν</span> <span class='ocrx_word' id='word_1_237' title='bbox 496 3213 743 3284; x_wconf 83' lang='grc' dir='ltr'>δύναμιν,</span> <span class='ocrx_word' id='word_1_238' title='bbox 779 3213 1103 3284; x_wconf 82' lang='grc' dir='ltr'>ἀμείδεσθαι</span> <span class='ocrx_word' id='word_1_239' title='bbox 1130 3230 1144 3243; x_wconf 73' lang='grc' dir='ltr'><strong><em>ο</em></strong></span> <span class='ocrx_word' id='word_1_240' title='bbox 1177 3212 1355 3285; x_wconf 85' lang='grc' dir='ltr'>πολλῷ</span> <span class='ocrx_word' id='word_1_241' title='bbox 1387 3214 1556 3284; x_wconf 86' lang='grc' dir='ltr'>δήπου</span> <span class='ocrx_word' id='word_1_242' title='bbox 1588 3213 1725 3285; x_wconf 78' lang='grc' dir='ltr'>μᾶλ-</span> 
     </span>
    </p>
   </div>
   <div class='ocr_carea' id='block_1_35' title="bbox 181 3296 1725 3375">
    <p class='ocr_par' dir='ltr' id='par_1_35' title="bbox 181 3296 1725 3375">
     <span class='ocr_line' id='line_1_35' title="bbox 181 3296 1725 3375; baseline 0.001 -20"><span class='ocrx_word' id='word_1_243' title='bbox 181 3300 258 3354; x_wconf 57' lang='grc' dir='ltr'><strong>λον</strong></span> <span class='ocrx_word' id='word_1_244' title='bbox 321 3305 620 3373; x_wconf 78' lang='grc' dir='ltr'>προσήκειν</span> <span class='ocrx_word' id='word_1_245' title='bbox 666 3296 909 3375; x_wconf 73' lang='grc' dir='ltr'>ήγοῦμαι</span> <span class='ocrx_word' id='word_1_246' title='bbox 951 3305 1063 3367; x_wconf 83' lang='grc' dir='ltr'>τοῖς</span> <span class='ocrx_word' id='word_1_247' title='bbox 1110 3303 1498 3374; x_wconf 77' lang='grc' dir='ltr'>τετιμημένοις</span> <span class='ocrx_word' id='word_1_248' title='bbox 1558 3303 1725 3375; x_wconf 86' lang='grc' dir='ltr'>λόγῳ,</span> 
     </span>
    </p>
   </div>
   <div class='ocr_carea' id='block_1_36' title="bbox 182 3395 1724 3468">
    <p class='ocr_par' dir='ltr' id='par_1_36' title="bbox 182 3395 1724 3468">
     <span class='ocr_line' id='line_1_36' title="bbox 182 3395 1724 3468; baseline 0.001 -20"><span class='ocrx_word' id='word_1_249' title='bbox 182 3396 277 3460; x_wconf 75' lang='grc' dir='ltr'>τοῖς</span> <span class='ocrx_word' id='word_1_250' title='bbox 297 3397 476 3451; x_wconf 83' lang='grc' dir='ltr'>αὐτῶν</span> <span class='ocrx_word' id='word_1_251' title='bbox 494 3397 831 3458; x_wconf 82' lang='grc' dir='ltr'>διδασκάλοις</span> <span class='ocrx_word' id='word_1_252' title='bbox 862 3396 956 3450; x_wconf 80' lang='grc' dir='ltr'>τὸν</span> <span class='ocrx_word' id='word_1_253' title='bbox 986 3397 1086 3466; x_wconf 80' lang='grc' dir='ltr'>τῆς</span> <span class='ocrx_word' id='word_1_254' title='bbox 1129 3395 1549 3468; x_wconf 76' lang='grc' dir='ltr'>εὐγνωμοσύνης</span> <span class='ocrx_word' id='word_1_255' title='bbox 1585 3414 1724 3466; x_wconf 85' lang='grc' dir='ltr'>καρ-</span> 
     </span>
    </p>
   </div>
   <div class='ocr_carea' id='block_1_37' title="bbox 184 3485 1725 3558">
    <p class='ocr_par' dir='ltr' id='par_1_37' title="bbox 184 3485 1725 3558">
     <span class='ocr_line' id='line_1_37' title="bbox 184 3485 1725 3558; baseline 0 -18"><span class='ocrx_word' id='word_1_256' title='bbox 184 3485 661 3557; x_wconf 72' lang='grc' dir='ltr'>πδνάφοσιοῢσθαι.</span> <span class='ocrx_word' id='word_1_257' title='bbox 721 3489 861 3540; x_wconf 64' lang='lat' dir='ltr'><strong>Ilio:</strong></span> <span class='ocrx_word' id='word_1_258' title='bbox 915 3487 1035 3558; x_wconf 74' lang='grc' dir='ltr'>μὲν,</span> <span class='ocrx_word' id='word_1_259' title='bbox 1099 3486 1332 3556; x_wconf 84' lang='grc' dir='ltr'>μάλιστα</span> <span class='ocrx_word' id='word_1_260' title='bbox 1378 3487 1435 3541; x_wconf 75' lang='grc' dir='ltr'>δὲ</span> <span class='ocrx_word' id='word_1_261' title='bbox 1486 3491 1599 3549; x_wconf 83' lang='grc' dir='ltr'>τοῖς</span> <span class='ocrx_word' id='word_1_262' title='bbox 1633 3487 1725 3540; x_wconf 87' lang='grc' dir='ltr'><strong>τοῦ</strong></span> 
     </span>
    </p>
   </div>
   <div class='ocr_carea' id='block_1_38' title="bbox 183 3576 1728 3651">
    <p class='ocr_par' dir='ltr' id='par_1_38' title="bbox 183 3576 1728 3651">
     <span class='ocr_line' id='line_1_38' title="bbox 183 3576 1728 3651; baseline 0.002 -21"><span class='ocrx_word' id='word_1_263' title='bbox 183 3577 337 3646; x_wconf 81' lang='grc' dir='ltr'>Λόγου</span> <span class='ocrx_word' id='word_1_264' title='bbox 371 3580 472 3649; x_wconf 80' lang='grc' dir='ltr'>μὲν</span> <span class='ocrx_word' id='word_1_265' title='bbox 489 3579 774 3649; x_wconf 73' lang='grc' dir='ltr'>μαθηταῖς,</span> <span class='ocrx_word' id='word_1_266' title='bbox 803 3580 836 3648; x_wconf 87' lang='grc' dir='ltr'><strong>ή</strong></span> <span class='ocrx_word' id='word_1_267' title='bbox 844 3576 957 3648; x_wconf 81' lang='grc' dir='ltr'><strong>μῶν</strong></span> <span class='ocrx_word' id='word_1_268' title='bbox 979 3577 1034 3630; x_wconf 77' lang='grc' dir='ltr'>δὲ</span> <span class='ocrx_word' id='word_1_269' title='bbox 1057 3577 1387 3645; x_wconf 82' lang='grc' dir='ltr'>παιδευταῖς,</span> <span class='ocrx_word' id='word_1_270' title='bbox 1413 3578 1513 3650; x_wconf 80' lang='grc' dir='ltr'>τὴν</span> <span class='ocrx_word' id='word_1_271' title='bbox 1546 3579 1728 3651; x_wconf 84' lang='grc' dir='ltr'>κρείτ-</span> 
     </span>
    </p>
   </div>
   <div class='ocr_carea' id='block_1_39' title="bbox 185 3667 1728 3741">
    <p class='ocr_par' dir='ltr' id='par_1_39' title="bbox 185 3667 1728 3741">
     <span class='ocr_line' id='line_1_39' title="bbox 185 3667 1728 3741; baseline -0.001 -21"><span class='ocrx_word' id='word_1_272' title='bbox 185 3685 250 3720; x_wconf 85' lang='grc' dir='ltr'><strong>τω</strong></span> <span class='ocrx_word' id='word_1_273' title='bbox 277 3669 369 3722; x_wconf 78' lang='grc' dir='ltr'>καὶ</span> <span class='ocrx_word' id='word_1_274' title='bbox 402 3671 483 3732; x_wconf 82' lang='grc' dir='ltr'><strong>είς</strong></span> <span class='ocrx_word' id='word_1_275' title='bbox 507 3668 594 3722; x_wconf 77' lang='grc' dir='ltr'><strong>ἀεὶ</strong></span> <span class='ocrx_word' id='word_1_276' title='bbox 617 3668 882 3739; x_wconf 83' lang='grc' dir='ltr'>μένουσαν</span> <span class='ocrx_word' id='word_1_277' title='bbox 902 3667 1186 3720; x_wconf 79' lang='grc' dir='ltr'>παίδευσιν</span> <span class='ocrx_word' id='word_1_278' title='bbox 1213 3683 1228 3699; x_wconf 82' lang='lat'><strong><em>°</em></strong></span> <span class='ocrx_word' id='word_1_279' title='bbox 1277 3669 1389 3731; x_wconf 80' lang='grc' dir='ltr'>τοῖς</span> <span class='ocrx_word' id='word_1_280' title='bbox 1413 3670 1479 3739; x_wconf 80' lang='grc' dir='ltr'>τῇ</span> <span class='ocrx_word' id='word_1_281' title='bbox 1509 3669 1728 3741; x_wconf 81' lang='grc' dir='ltr'>παιδείᾳ</span> 
     </span>
    </p>
   </div>
   <div class='ocr_carea' id='block_1_40' title="bbox 186 3751 1725 3832">
    <p class='ocr_par' dir='ltr' id='par_1_40' title="bbox 186 3751 1725 3832">
     <span class='ocr_line' id='line_1_40' title="bbox 186 3751 1725 3832; baseline 0.002 -22"><span class='ocrx_word' id='word_1_282' title='bbox 186 3758 266 3811; x_wconf 82' lang='grc' dir='ltr'><strong>τοῦ</strong></span> <span class='ocrx_word' id='word_1_283' title='bbox 286 3760 498 3830; x_wconf 64' lang='grc' dir='ltr'>Κυρίου</span> <span class='ocrx_word' id='word_1_284' title='bbox 524 3759 620 3813; x_wconf 79' lang='grc' dir='ltr'>καὶ</span> <span class='ocrx_word' id='word_1_285' title='bbox 641 3757 874 3812; x_wconf 84' lang='grc' dir='ltr'>θεοτελεϊ</span> <span class='ocrx_word' id='word_1_286' title='bbox 902 3757 1088 3829; x_wconf 83' lang='grc' dir='ltr'>διδαχῇ</span> <span class='ocrx_word' id='word_1_287' title='bbox 1110 3759 1178 3812; x_wconf 82' lang='grc' dir='ltr'>τὰ</span> <span class='ocrx_word' id='word_1_288' title='bbox 1209 3751 1326 3812; x_wconf 77' lang='grc' dir='ltr'>ὦτα</span> <span class='ocrx_word' id='word_1_289' title='bbox 1352 3758 1449 3829; x_wconf 73' lang='grc' dir='ltr'>μὲν</span> <span class='ocrx_word' id='word_1_290' title='bbox 1476 3761 1608 3832; x_wconf 84' lang='grc' dir='ltr'>ήμϊν</span> <span class='ocrx_word' id='word_1_291' title='bbox 1628 3759 1725 3827; x_wconf 71' lang='grc' dir='ltr'>τῆι,</span> 
     </span>
    </p>
   </div>
   <div class='ocr_carea' id='block_1_41' title="bbox 191 3847 1729 3920">
    <p class='ocr_par' dir='ltr' id='par_1_41' title="bbox 191 3847 1729 3920">
     <span class='ocr_line' id='line_1_41' title="bbox 191 3847 1729 3920; baseline 0.001 -19"><span class='ocrx_word' id='word_1_292' title='bbox 191 3849 396 3920; x_wconf 83' lang='grc' dir='ltr'>καρδίας</span> <span class='ocrx_word' id='word_1_293' title='bbox 442 3849 760 3915; x_wconf 80' lang='grc' dir='ltr'>διανοίξασι,</span> <span class='ocrx_word' id='word_1_294' title='bbox 781 3848 905 3912; x_wconf 81' lang='grc' dir='ltr'><strong>τούς</strong></span> <span class='ocrx_word' id='word_1_295' title='bbox 925 3847 1234 3918; x_wconf 70' lang='grc' dir='ltr'>ὀφθαλμοὺς</span> <span class='ocrx_word' id='word_1_296' title='bbox 1264 3847 1321 3900; x_wconf 76' lang='grc' dir='ltr'>δὲ</span> <span class='ocrx_word' id='word_1_297' title='bbox 1353 3848 1729 3916; x_wconf 83' lang='grc' dir='ltr'>καταφωτίσα-</span> 
     </span>
    </p>
   </div>
   <div class='ocr_carea' id='block_1_42' title="bbox 192 3937 1731 4008">
    <p class='ocr_par' dir='ltr' id='par_1_42' title="bbox 192 3937 1731 4008">
     <span class='ocr_line' id='line_1_42' title="bbox 192 3937 1731 4008; baseline 0.001 -17"><span class='ocrx_word' id='word_1_298' title='bbox 192 3955 280 4004; x_wconf 86' lang='grc' dir='ltr'>σιν,</span> <span class='ocrx_word' id='word_1_299' title='bbox 305 3941 377 4003; x_wconf 81' lang='grc' dir='ltr'>ὡς</span> <span class='ocrx_word' id='word_1_300' title='bbox 407 3939 644 3994; x_wconf 81' lang='grc' dir='ltr'>ἀκοῦσαι</span> <span class='ocrx_word' id='word_1_301' title='bbox 709 3939 803 3993; x_wconf 75' lang='grc' dir='ltr'>καὶ</span> <span class='ocrx_word' id='word_1_302' title='bbox 824 3938 1024 4008; x_wconf 85' lang='grc' dir='ltr'>γνῶναι</span> <span class='ocrx_word' id='word_1_303' title='bbox 1052 3941 1150 4008; x_wconf 84' lang='grc' dir='ltr'>τῆς</span> <span class='ocrx_word' id='word_1_304' title='bbox 1184 3937 1462 4001; x_wconf 77' lang='grc' dir='ltr'>εὐσεϐείας</span> <span class='ocrx_word' id='word_1_305' title='bbox 1494 3938 1555 3992; x_wconf 78' lang='grc' dir='ltr'>τὸ</span> <span class='ocrx_word' id='word_1_306' title='bbox 1590 3937 1731 4008; x_wconf 79' lang='grc' dir='ltr'>μέγα</span> 
     </span>
    </p>
   </div>
   <div class='ocr_carea' id='block_1_43' title="bbox 193 4030 1729 4103">
    <p class='ocr_par' dir='ltr' id='par_1_43' title="bbox 193 4030 1729 4103">
     <span class='ocr_line' id='line_1_43' title="bbox 193 4030 1729 4103; baseline -0.001 -19"><span class='ocrx_word' id='word_1_307' title='bbox 193 4033 467 4103; x_wconf 84' lang='grc' dir='ltr'>μυστήριον</span> <span class='ocrx_word' id='word_1_308' title='bbox 487 4049 501 4063; x_wconf 77' lang='grc' dir='ltr'><strong><em>ο</em></strong></span> <span class='ocrx_word' id='word_1_309' title='bbox 551 4030 754 4085; x_wconf 78' lang='grc' dir='ltr'>καὶτὸν</span> <span class='ocrx_word' id='word_1_310' title='bbox 775 4031 962 4084; x_wconf 84' lang='grc' dir='ltr'>σκότον</span> <span class='ocrx_word' id='word_1_311' title='bbox 986 4031 1082 4100; x_wconf 71' lang='grc' dir='ltr'>μὲν</span> <span class='ocrx_word' id='word_1_312' title='bbox 1112 4030 1362 4094; x_wconf 77' lang='grc' dir='ltr'>ἀσεϐείας</span> <span class='ocrx_word' id='word_1_313' title='bbox 1384 4031 1480 4083; x_wconf 70' lang='grc' dir='ltr'>καὶ</span> <span class='ocrx_word' id='word_1_314' title='bbox 1506 4030 1729 4100; x_wconf 87' lang='grc' dir='ltr'>ματαιό-</span> 
     </span>
    </p>
   </div>
   <div class='ocr_carea' id='block_1_44' title="bbox 191 4113 1752 4194">
    <p class='ocr_par' dir='ltr' id='par_1_44' title="bbox 191 4113 1752 4194">
     <span class='ocr_line' id='line_1_44' title="bbox 191 4113 1752 4194; baseline -0.001 -18"><span class='ocrx_word' id='word_1_315' title='bbox 191 4138 330 4192; x_wconf 80' lang='grc' dir='ltr'>τητος</span> <span class='ocrx_word' id='word_1_316' title='bbox 373 4121 679 4187; x_wconf 65' lang='grc' dir='ltr'>ἀπολιπεῖν,</span> <span class='ocrx_word' id='word_1_317' title='bbox 725 4121 804 4192; x_wconf 84' lang='grc' dir='ltr'><strong>τῷ</strong></span> <span class='ocrx_word' id='word_1_318' title='bbox 832 4114 1070 4194; x_wconf 79' lang='grc' dir='ltr'>ἀληθινῷ</span> <span class='ocrx_word' id='word_1_319' title='bbox 1120 4121 1178 4176; x_wconf 71' lang='grc' dir='ltr'>δὲ</span> <span class='ocrx_word' id='word_1_320' title='bbox 1217 4123 1334 4192; x_wconf 72' lang='grc' dir='ltr'>τῆς</span> <span class='ocrx_word' id='word_1_321' title='bbox 1381 4113 1752 4192; x_wconf 63' lang='grc' dir='ltr'>δικαιοσύνης</span> 
     </span>
    </p>
   </div>
   <div class='ocr_carea' id='block_1_45' title="bbox 193 4215 739 4287">
    <p class='ocr_par' dir='ltr' id='par_1_45' title="bbox 193 4215 739 4287">
     <span class='ocr_line' id='line_1_45' title="bbox 193 4215 739 4287; baseline 0 -19"><span class='ocrx_word' id='word_1_322' title='bbox 193 4217 317 4282; x_wconf 69' lang='grc' dir='ltr'>φωτὶ</span> <span class='ocrx_word' id='word_1_323' title='bbox 348 4215 739 4287; x_wconf 85' lang='grc' dir='ltr'>προσδραμεῖν.</span> 
     </span>
    </p>
   </div>
   <div class='ocr_carea' id='block_1_46' title="bbox 1741 1741 1791 1799">
    <p class='ocr_par' dir='ltr' id='par_1_46' title="bbox 1741 1741 1791 1799">
     <span class='ocr_line' id='line_1_46' title="bbox 1741 1741 1791 1799; baseline 0 0"><span class='ocrx_word' id='word_1_324' title='bbox 1741 1741 1791 1799; x_wconf 81' lang='grc' dir='ltr'><strong><em>Β</em></strong></span> 
     </span>
    </p>
   </div>
   <div class='ocr_carea' id='block_1_47' title="bbox 1813 505 3400 577">
    <p class='ocr_par' dir='ltr' id='par_1_47' title="bbox 1813 505 3400 577">
     <span class='ocr_line' id='line_1_47' title="bbox 1813 505 3400 577; baseline 0.001 -17"><span class='ocrx_word' id='word_1_325' title='bbox 1813 507 1986 575; x_wconf 82' lang='lat' dir='ltr'><strong>ipsius</strong></span> <span class='ocrx_word' id='word_1_326' title='bbox 2026 521 2127 562; x_wconf 87' lang='lat' dir='ltr'><strong>nos</strong></span> <span class='ocrx_word' id='word_1_327' title='bbox 2167 507 2331 561; x_wconf 82' lang='lat' dir='ltr'><strong>hodie</strong></span> <span class='ocrx_word' id='word_1_328' title='bbox 2365 509 2687 562; x_wconf 82' lang='lat' dir='ltr'><strong>memoriam</strong></span> <span class='ocrx_word' id='word_1_329' title='bbox 2728 505 2975 577; x_wconf 73' lang='lat' dir='ltr'><strong>hospites</strong></span> <span class='ocrx_word' id='word_1_330' title='bbox 3022 521 3400 577; x_wconf 67' lang='lat' dir='ltr'><strong>congregans,</strong></span> 
     </span>
    </p>
   </div>
   <div class='ocr_carea' id='block_1_48' title="bbox 1816 597 3406 672">
    <p class='ocr_par' dir='ltr' id='par_1_48' title="bbox 1816 597 3406 672">
     <span class='ocr_line' id='line_1_48' title="bbox 1816 597 3406 672; baseline 0 -21"><span class='ocrx_word' id='word_1_331' title='bbox 1816 597 2148 666; x_wconf 86' lang='lat' dir='ltr'><strong>crebrosque</strong></span> <span class='ocrx_word' id='word_1_332' title='bbox 2180 597 2235 651; x_wconf 91' lang='lat' dir='ltr'><strong>in</strong></span> <span class='ocrx_word' id='word_1_333' title='bbox 2261 597 2504 668; x_wconf 72' lang='lat' dir='ltr'><strong>magistri</strong></span> <span class='ocrx_word' id='word_1_334' title='bbox 2542 598 2770 669; x_wconf 76' lang='lat' dir='ltr'><strong>gratiam</strong></span> <span class='ocrx_word' id='word_1_335' title='bbox 2821 606 3105 667; x_wconf 85' lang='lat' dir='ltr'><strong>susceptos</strong></span> <span class='ocrx_word' id='word_1_336' title='bbox 3141 597 3406 672; x_wconf 87' lang='lat' dir='ltr'><strong>labores,_</strong></span> 
     </span>
    </p>
   </div>
   <div class='ocr_carea' id='block_1_49' title="bbox 1814 688 3385 759">
    <p class='ocr_par' dir='ltr' id='par_1_49' title="bbox 1814 688 3385 759">
     <span class='ocr_line' id='line_1_49' title="bbox 1814 688 3385 759; baseline 0 -16"><span class='ocrx_word' id='word_1_337' title='bbox 1814 704 2079 759; x_wconf 89' lang='lat' dir='ltr'><strong>sacraque</strong></span> <span class='ocrx_word' id='word_1_338' title='bbox 2135 688 2397 746; x_wconf 73' lang='lat' dir='ltr'><strong>desudata</strong></span> <span class='ocrx_word' id='word_1_339' title='bbox 2455 689 2776 755; x_wconf 76' lang='lat' dir='ltr'><strong>certamina,</strong></span> <span class='ocrx_word' id='word_1_340' title='bbox 2835 703 2900 743; x_wconf 89' lang='lat' dir='ltr'><strong>ac</strong></span> <span class='ocrx_word' id='word_1_341' title='bbox 2954 703 3176 743; x_wconf 86' lang='lat' dir='ltr'><strong>crucem</strong></span> <span class='ocrx_word' id='word_1_342' title='bbox 3235 689 3385 743; x_wconf 89' lang='lat' dir='ltr'><strong>illius</strong></span> 
     </span>
    </p>
   </div>
   <div class='ocr_carea' id='block_1_50' title="bbox 1816 777 3381 849">
    <p class='ocr_par' dir='ltr' id='par_1_50' title="bbox 1816 777 3381 849">
     <span class='ocr_line' id='line_1_50' title="bbox 1816 777 3381 849; baseline -0.002 -16"><span class='ocrx_word' id='word_1_343' title='bbox 1816 794 1980 834; x_wconf 87' lang='lat' dir='ltr'><strong>causa</strong></span> <span class='ocrx_word' id='word_1_344' title='bbox 2023 779 2241 836; x_wconf 80' lang='lat' dir='ltr'><strong>fortiter</strong></span> <span class='ocrx_word' id='word_1_345' title='bbox 2271 779 2577 842; x_wconf 81' lang='lat' dir='ltr'><strong>toleratam,</strong></span> <span class='ocrx_word' id='word_1_346' title='bbox 2607 779 2700 847; x_wconf 91' lang='lat' dir='ltr'><strong>qui</strong></span> <span class='ocrx_word' id='word_1_347' title='bbox 2730 779 2844 849; x_wconf 92' lang='lat' dir='ltr'><strong>ipse</strong></span> <span class='ocrx_word' id='word_1_348' title='bbox 2877 778 3032 832; x_wconf 90' lang='lat' dir='ltr'><strong>cruci</strong></span> <span class='ocrx_word' id='word_1_349' title='bbox 3061 777 3252 831; x_wconf 74' lang='lat' dir='ltr'><strong>atlixus</strong></span> <span class='ocrx_word' id='word_1_350' title='bbox 3276 786 3381 840; x_wconf 90' lang='lat' dir='ltr'><strong>est,</strong></span> 
     </span>
    </p>
   </div>
   <div class='ocr_carea' id='block_1_51' title="bbox 1816 869 3383 943">
    <p class='ocr_par' dir='ltr' id='par_1_51' title="bbox 1816 869 3383 943">
     <span class='ocr_line' id='line_1_51' title="bbox 1816 869 3383 943; baseline -0.001 -19"><span class='ocrx_word' id='word_1_351' title='bbox 1816 885 2117 940; x_wconf 87' lang='lat' dir='ltr'><strong>apponens,</strong></span> <span class='ocrx_word' id='word_1_352' title='bbox 2147 869 2650 941; x_wconf 86' lang='lat' dir='ltr'><strong>splendidissimum</strong></span> <span class='ocrx_word' id='word_1_353' title='bbox 2675 869 3150 943; x_wconf 85' lang='lat' dir='ltr'><strong>lautissimumque</strong></span> <span class='ocrx_word' id='word_1_354' title='bbox 3183 869 3383 922; x_wconf 88' lang='lat' dir='ltr'><strong>animis</strong></span> 
     </span>
    </p>
   </div>
   <div class='ocr_carea' id='block_1_52' title="bbox 1817 956 3382 1016">
    <p class='ocr_par' dir='ltr' id='par_1_52' title="bbox 1817 956 3382 1016">
     <span class='ocr_line' id='line_1_52' title="bbox 1817 956 3382 1016; baseline -0.003 0"><span class='ocrx_word' id='word_1_355' title='bbox 1817 960 2128 1016; x_wconf 85' lang='lat' dir='ltr'><strong>convivium</strong></span> <span class='ocrx_word' id='word_1_356' title='bbox 2160 960 2404 1016; x_wconf 88' lang='lat' dir='ltr'><strong>instruit.</strong></span> <span class='ocrx_word' id='word_1_357' title='bbox 2439 956 2551 1016; x_wconf 85' lang='lat' dir='ltr'><strong>Nec</strong></span> <span class='ocrx_word' id='word_1_358' title='bbox 2583 961 2840 1015; x_wconf 87' lang='lat' dir='ltr'><strong>mortales</strong></span> <span class='ocrx_word' id='word_1_359' title='bbox 2872 959 3137 1014; x_wconf 82' lang='lat' dir='ltr'><strong>duntaxat</strong></span> <span class='ocrx_word' id='word_1_360' title='bbox 3178 958 3234 1012; x_wconf 93' lang='lat' dir='ltr'><strong>in</strong></span> <span class='ocrx_word' id='word_1_361' title='bbox 3269 969 3382 1013; x_wconf 87' lang='lat' dir='ltr'><strong>ter-</strong></span> 
     </span>
    </p>
   </div>
   <div class='ocr_carea' id='block_1_53' title="bbox 1816 1050 3495 1122">
    <p class='ocr_par' dir='ltr' id='par_1_53' title="bbox 1816 1050 3495 1122">
     <span class='ocr_line' id='line_1_53' title="bbox 1816 1050 3495 1122; baseline 0 -17"><span class='ocrx_word' id='word_1_362' title='bbox 1816 1052 1891 1107; x_wconf 88' lang='lat' dir='ltr'><strong>ris</strong></span> <span class='ocrx_word' id='word_1_363' title='bbox 1928 1052 2257 1107; x_wconf 88' lang='lat' dir='ltr'><strong>constitutos</strong></span> <span class='ocrx_word' id='word_1_364' title='bbox 2288 1052 2354 1106; x_wconf 91' lang='lat' dir='ltr'><strong>ad</strong></span> <span class='ocrx_word' id='word_1_365' title='bbox 2404 1067 2563 1107; x_wconf 87' lang='lat' dir='ltr'><strong>suum</strong></span> <span class='ocrx_word' id='word_1_366' title='bbox 2599 1051 2734 1107; x_wconf 88' lang='lat' dir='ltr'><strong>illud</strong></span> <span class='ocrx_word' id='word_1_367' title='bbox 2779 1050 2976 1113; x_wconf 84' lang='lat' dir='ltr'><strong>festum</strong></span> <span class='ocrx_word' id='word_1_368' title='bbox 3014 1051 3384 1122; x_wconf 81' lang='lat' dir='ltr'><strong>gaudiumque</strong></span> <span class='ocrx_word' id='word_1_369' title='bbox 3488 1090 3495 1098; x_wconf 81' lang='lat'><strong>.</strong></span> 
     </span>
    </p>
   </div>
   <div class='ocr_carea' id='block_1_54' title="bbox 1819 1141 3442 1213">
    <p class='ocr_par' dir='ltr' id='par_1_54' title="bbox 1819 1141 3442 1213">
     <span class='ocr_line' id='line_1_54' title="bbox 1819 1141 3442 1213; baseline 0 -18"><span class='ocrx_word' id='word_1_370' title='bbox 1819 1141 2033 1206; x_wconf 89' lang='lat' dir='ltr'><strong>invitat,</strong></span> <span class='ocrx_word' id='word_1_371' title='bbox 2065 1143 2198 1211; x_wconf 90' lang='lat' dir='ltr'><strong>quin</strong></span> <span class='ocrx_word' id='word_1_372' title='bbox 2232 1142 2392 1213; x_wconf 86' lang='lat' dir='ltr'><strong>longe</strong></span> <span class='ocrx_word' id='word_1_373' title='bbox 2419 1143 2602 1211; x_wconf 85' lang='lat' dir='ltr'><strong>potius</strong></span> <span class='ocrx_word' id='word_1_374' title='bbox 2630 1151 2773 1197; x_wconf 91' lang='lat' dir='ltr'><strong>totos</strong></span> <span class='ocrx_word' id='word_1_375' title='bbox 2801 1149 3116 1197; x_wconf 87' lang='lat' dir='ltr'><strong>sanctorum</strong></span> <span class='ocrx_word' id='word_1_376' title='bbox 3146 1141 3382 1196; x_wconf 87' lang='lat' dir='ltr'><strong>choros:</strong></span> <span class='ocrx_word' id='word_1_377' title='bbox 3440 1141 3442 1145; x_wconf 84' lang='grc'><em>’</em></span> 
     </span>
    </p>
   </div>
   <div class='ocr_carea' id='block_1_55' title="bbox 1818 1232 3383 1296">
    <p class='ocr_par' dir='ltr' id='par_1_55' title="bbox 1818 1232 3383 1296">
     <span class='ocr_line' id='line_1_55' title="bbox 1818 1232 3383 1296; baseline -0.002 -7"><span class='ocrx_word' id='word_1_378' title='bbox 1818 1249 1921 1290; x_wconf 90' lang='lat' dir='ltr'><strong>nec</strong></span> <span class='ocrx_word' id='word_1_379' title='bbox 1952 1250 2083 1290; x_wconf 82' lang='lat' dir='ltr'><strong>vero</strong></span> <span class='ocrx_word' id='word_1_380' title='bbox 2113 1235 2330 1289; x_wconf 87' lang='lat' dir='ltr'><strong>illorum</strong></span> <span class='ocrx_word' id='word_1_381' title='bbox 2366 1243 2601 1296; x_wconf 87' lang='lat' dir='ltr'><strong>tantum,</strong></span> <span class='ocrx_word' id='word_1_382' title='bbox 2636 1247 2826 1288; x_wconf 90' lang='lat' dir='ltr'><strong>verum</strong></span> <span class='ocrx_word' id='word_1_383' title='bbox 2867 1232 3033 1287; x_wconf 89' lang='lat' dir='ltr'><strong>etiam</strong></span> <span class='ocrx_word' id='word_1_384' title='bbox 3071 1242 3383 1286; x_wconf 89' lang='lat' dir='ltr'><strong>sanctarum</strong></span> 
     </span>
    </p>
   </div>
   <div class='ocr_carea' id='block_1_56' title="bbox 1817 1323 3384 1397">
    <p class='ocr_par' dir='ltr' id='par_1_56' title="bbox 1817 1323 3384 1397">
     <span class='ocr_line' id='line_1_56' title="bbox 1817 1323 3384 1397; baseline -0.001 -19"><span class='ocrx_word' id='word_1_385' title='bbox 1817 1324 2238 1397; x_wconf 87' lang='lat' dir='ltr'><strong>intclligentium</strong></span> <span class='ocrx_word' id='word_1_386' title='bbox 2269 1325 2534 1380; x_wconf 85' lang='lat' dir='ltr'><strong>mentium</strong></span> <span class='ocrx_word' id='word_1_387' title='bbox 2569 1323 2775 1379; x_wconf 89' lang='lat' dir='ltr'><strong>mundo</strong></span> <span class='ocrx_word' id='word_1_388' title='bbox 2815 1323 3128 1393; x_wconf 85' lang='lat' dir='ltr'><strong>superiores</strong></span> <span class='ocrx_word' id='word_1_389' title='bbox 3157 1331 3384 1378; x_wconf 86' lang='lat' dir='ltr'><strong>cunctos</strong></span> 
     </span>
    </p>
   </div>
   <div class='ocr_carea' id='block_1_57' title="bbox 1819 1414 3385 1486">
    <p class='ocr_par' dir='ltr' id='par_1_57' title="bbox 1819 1414 3385 1486">
     <span class='ocr_line' id='line_1_57' title="bbox 1819 1414 3385 1486; baseline 0 -16"><span class='ocrx_word' id='word_1_390' title='bbox 1819 1417 2044 1472; x_wconf 85' lang='lat' dir='ltr'><strong>ordines</strong></span> <span class='ocrx_word' id='word_1_391' title='bbox 2087 1431 2152 1472; x_wconf 89' lang='lat' dir='ltr'><strong>ac</strong></span> <span class='ocrx_word' id='word_1_392' title='bbox 2199 1416 2537 1486; x_wconf 85' lang='lat' dir='ltr'><strong>principatus</strong></span> <span class='ocrx_word' id='word_1_393' title='bbox 2569 1433 2582 1469; x_wconf 89' lang='lat'><strong>:</strong></span> <span class='ocrx_word' id='word_1_394' title='bbox 2626 1416 2756 1485; x_wconf 92' lang='lat' dir='ltr'><strong>quin</strong></span> <span class='ocrx_word' id='word_1_395' title='bbox 2794 1416 2972 1485; x_wconf 89' lang='lat' dir='ltr'><strong>ipsum</strong></span> <span class='ocrx_word' id='word_1_396' title='bbox 3003 1431 3232 1485; x_wconf 26' lang='lat' dir='ltr'><strong>quoque.</strong></span> <span class='ocrx_word' id='word_1_397' title='bbox 3257 1414 3385 1470; x_wconf 89' lang='lat' dir='ltr'><strong>uni-</strong></span> 
     </span>
    </p>
   </div>
   <div class='ocr_carea' id='block_1_58' title="bbox 1818 1504 3387 1576">
    <p class='ocr_par' dir='ltr' id='par_1_58' title="bbox 1818 1504 3387 1576">
     <span class='ocr_line' id='line_1_58' title="bbox 1818 1504 3387 1576; baseline 0 -16"><span class='ocrx_word' id='word_1_398' title='bbox 1818 1521 2099 1562; x_wconf 90' lang='lat' dir='ltr'><strong>versorum</strong></span> <span class='ocrx_word' id='word_1_399' title='bbox 2133 1507 2446 1562; x_wconf 90' lang='lat' dir='ltr'><strong>.Dominum</strong></span> <span class='ocrx_word' id='word_1_400' title='bbox 2481 1506 2704 1561; x_wconf 84' lang='lat' dir='ltr'><strong>adducit</strong></span> <span class='ocrx_word' id='word_1_401' title='bbox 2739 1520 2803 1560; x_wconf 87' lang='lat' dir='ltr'><strong>ac</strong></span> <span class='ocrx_word' id='word_1_402' title='bbox 2843 1505 3007 1576; x_wconf 85' lang='lat' dir='ltr'><strong>cogit,</strong></span> <span class='ocrx_word' id='word_1_403' title='bbox 3048 1505 3153 1565; x_wconf 73' lang='lat' dir='ltr'><strong>cui.</strong></span> <span class='ocrx_word' id='word_1_404' title='bbox 3186 1504 3387 1560; x_wconf 85' lang='lat' dir='ltr'><strong>eximie</strong></span> 
     </span>
    </p>
   </div>
   <div class='ocr_carea' id='block_1_59' title="bbox 1817 1597 3384 1670">
    <p class='ocr_par' dir='ltr' id='par_1_59' title="bbox 1817 1597 3384 1670">
     <span class='ocr_line' id='line_1_59' title="bbox 1817 1597 3384 1670; baseline 0.001 -20"><span class='ocrx_word' id='word_1_405' title='bbox 1817 1598 2064 1670; x_wconf 85' lang='lat' dir='ltr'><strong>placeant</strong></span> <span class='ocrx_word' id='word_1_406' title='bbox 2118 1613 2181 1652; x_wconf 90' lang='lat' dir='ltr'><strong>ea</strong></span> <span class='ocrx_word' id='word_1_407' title='bbox 2221 1614 2370 1668; x_wconf 40' lang='lat' dir='ltr'><strong>.-qua2</strong></span> <span class='ocrx_word' id='word_1_408' title='bbox 2445 1605 2801 1667; x_wconf 83' lang='lat' dir='ltr'><strong>peraguntur.</strong></span> <span class='ocrx_word' id='word_1_409' title='bbox 2853 1597 2966 1653; x_wconf 68' lang='lat' dir='ltr'><strong>,Sic</strong></span> <span class='ocrx_word' id='word_1_410' title='bbox 3042 1598 3180 1653; x_wconf 86' lang='lat' dir='ltr'><strong>nihil</strong></span> <span class='ocrx_word' id='word_1_411' title='bbox 3249 1613 3384 1668; x_wconf 88' lang='lat' dir='ltr'><strong>apo-</strong></span> 
     </span>
    </p>
   </div>
   <div class='ocr_carea' id='block_1_60' title="bbox 1819 1687 3386 1759">
    <p class='ocr_par' dir='ltr' id='par_1_60' title="bbox 1819 1687 3386 1759">
     <span class='ocr_line' id='line_1_60' title="bbox 1819 1687 3386 1759; baseline 0.002 -18"><span class='ocrx_word' id='word_1_412' title='bbox 1819 1687 2010 1742; x_wconf 82' lang='lat' dir='ltr'><strong>stolica</strong></span> <span class='ocrx_word' id='word_1_413' title='bbox 2045 1687 2383 1758; x_wconf 87' lang='lat' dir='ltr'><strong>perfectione</strong></span> <span class='ocrx_word' id='word_1_414' title='bbox 2427 1690 2717 1754; x_wconf 89' lang='lat' dir='ltr'><strong>illustrius,</strong></span> <span class='ocrx_word' id='word_1_415' title='bbox 2753 1689 3076 1759; x_wconf 90' lang='lat' dir='ltr'><strong>nullumque</strong></span> <span class='ocrx_word' id='word_1_416' title='bbox 3123 1689 3261 1744; x_wconf 89' lang='lat' dir='ltr'><strong>adeo</strong></span> <span class='ocrx_word' id='word_1_417' title='bbox 3289 1688 3386 1744; x_wconf 84' lang='lat' dir='ltr'><strong>bo-</strong></span> 
     </span>
    </p>
   </div>
   <div class='ocr_carea' id='block_1_61' title="bbox 1821 1776 3396 1848">
    <p class='ocr_par' dir='ltr' id='par_1_61' title="bbox 1821 1776 3396 1848">
     <span class='ocr_line' id='line_1_61' title="bbox 1821 1776 3396 1848; baseline 0.002 -19"><span class='ocrx_word' id='word_1_418' title='bbox 1821 1791 1972 1841; x_wconf 91' lang='lat' dir='ltr'><strong>num,</strong></span> <span class='ocrx_word' id='word_1_419' title='bbox 2018 1778 2467 1848; x_wconf 76' lang='lat' dir='ltr'><strong>coelumpariter</strong></span> <span class='ocrx_word' id='word_1_420' title='bbox 2495 1785 2810 1847; x_wconf 88' lang='lat' dir='ltr'><strong>terramque</strong></span> <span class='ocrx_word' id='word_1_421' title='bbox 2853 1777 3053 1847; x_wconf 89' lang='lat' dir='ltr'><strong>gaudio</strong></span> <span class='ocrx_word' id='word_1_422' title='bbox 3094 1776 3279 1840; x_wconf 79' lang='lat' dir='ltr'><strong>allicit,</strong></span> <span class='ocrx_word' id='word_1_423' title='bbox 3321 1790 3396 1832; x_wconf 84' lang='lat' dir='ltr'><strong>ac</strong></span> 
     </span>
    </p>
   </div>
   <div class='ocr_carea' id='block_1_62' title="bbox 1821 1862 3386 1921">
    <p class='ocr_par' dir='ltr' id='par_1_62' title="bbox 1821 1862 3386 1921">
     <span class='ocr_line' id='line_1_62' title="bbox 1821 1862 3386 1921; baseline 0.002 -3"><span class='ocrx_word' id='word_1_424' title='bbox 1821 1863 1983 1918; x_wconf 81' lang='lat' dir='ltr'><strong>Unius</strong></span> <span class='ocrx_word' id='word_1_425' title='bbox 2007 1879 2038 1918; x_wconf 91' lang='lat' dir='ltr'><strong>e</strong></span> <span class='ocrx_word' id='word_1_426' title='bbox 2070 1863 2359 1920; x_wconf 90' lang='lat' dir='ltr'><strong>duodecim</strong></span> <span class='ocrx_word' id='word_1_427' title='bbox 2401 1880 2683 1920; x_wconf 88' lang='lat' dir='ltr'><strong>sacrorum</strong></span> <span class='ocrx_word' id='word_1_428' title='bbox 2713 1862 2809 1920; x_wconf 83' lang='lat' dir='ltr'><strong>Dei</strong></span> <span class='ocrx_word' id='word_1_429' title='bbox 2838 1863 3075 1920; x_wconf 78' lang='lat' dir='ltr'><strong>filiorum</strong></span> <span class='ocrx_word' id='word_1_430' title='bbox 3103 1864 3261 1921; x_wconf 86' lang='lat' dir='ltr'><strong>festis</strong></span> <span class='ocrx_word' id='word_1_431' title='bbox 3289 1864 3386 1921; x_wconf 78' lang='lat' dir='ltr'><strong>ho-</strong></span> 
     </span>
    </p>
   </div>
   <div class='ocr_carea' id='block_1_63' title="bbox 1815 1953 2714 2011">
    <p class='ocr_par' dir='ltr' id='par_1_63' title="bbox 1815 1953 2714 2011">
     <span class='ocr_line' id='line_1_63' title="bbox 1815 1953 2714 2011; baseline 0.003 -5"><span class='ocrx_word' id='word_1_432' title='bbox 1815 1953 2044 2008; x_wconf 91' lang='lat' dir='ltr'><strong>noribus</strong></span> <span class='ocrx_word' id='word_1_433' title='bbox 2070 1954 2334 2010; x_wconf 89' lang='lat' dir='ltr'><strong>memoria</strong></span> <span class='ocrx_word' id='word_1_434' title='bbox 2363 1954 2714 2011; x_wconf 81' lang='lat' dir='ltr'><strong>venerabilis.</strong></span> 
     </span>
    </p>
   </div>
   <div class='ocr_carea' id='block_1_64' title="bbox 1890 2041 3386 2116">
    <p class='ocr_par' dir='ltr' id='par_1_64' title="bbox 1890 2041 3386 2116">
     <span class='ocr_line' id='line_1_64' title="bbox 1890 2041 3386 2116; baseline 0.004 -21"><span class='ocrx_word' id='word_1_435' title='bbox 1890 2041 2091 2099; x_wconf 86' lang='lat' dir='ltr'><strong>Verum</strong></span> <span class='ocrx_word' id='word_1_436' title='bbox 2137 2060 2238 2101; x_wconf 90' lang='lat' dir='ltr'><strong>nos</strong></span> <span class='ocrx_word' id='word_1_437' title='bbox 2280 2060 2517 2115; x_wconf 89' lang='lat' dir='ltr'><strong>quoque,</strong></span> <span class='ocrx_word' id='word_1_438' title='bbox 2568 2061 2764 2116; x_wconf 90' lang='lat' dir='ltr'><strong>magno</strong></span> <span class='ocrx_word' id='word_1_439' title='bbox 2806 2046 3080 2101; x_wconf 83' lang='lat' dir='ltr'><strong>sermonis</strong></span> <span class='ocrx_word' id='word_1_440' title='bbox 3109 2045 3386 2113; x_wconf 86' lang='lat' dir='ltr'><strong>Verbique</strong></span> 
     </span>
    </p>
   </div>
   <div class='ocr_carea' id='block_1_65' title="bbox 1818 2130 3385 2204">
    <p class='ocr_par' dir='ltr' id='par_1_65' title="bbox 1818 2130 3385 2204">
     <span class='ocr_line' id='line_1_65' title="bbox 1818 2130 3385 2204; baseline 0.003 -19"><span class='ocrx_word' id='word_1_441' title='bbox 1818 2130 2110 2202; x_wconf 89' lang='lat' dir='ltr'><strong>discipulo,</strong></span> <span class='ocrx_word' id='word_1_442' title='bbox 2151 2134 2206 2188; x_wconf 89' lang='lat' dir='ltr'><strong>id</strong></span> <span class='ocrx_word' id='word_1_443' title='bbox 2233 2134 2378 2204; x_wconf 92' lang='lat' dir='ltr'><strong>quod</strong></span> <span class='ocrx_word' id='word_1_444' title='bbox 2411 2134 2464 2188; x_wconf 95' lang='lat' dir='ltr'><strong>in</strong></span> <span class='ocrx_word' id='word_1_445' title='bbox 2495 2149 2661 2190; x_wconf 89' lang='lat' dir='ltr'><strong>censu</strong></span> <span class='ocrx_word' id='word_1_446' title='bbox 2696 2135 2869 2204; x_wconf 88' lang='lat' dir='ltr'><strong>majus</strong></span> <span class='ocrx_word' id='word_1_447' title='bbox 2907 2134 3166 2190; x_wconf 91' lang='lat' dir='ltr'><strong>omnibus</strong></span> <span class='ocrx_word' id='word_1_448' title='bbox 3213 2135 3385 2190; x_wconf 83' lang='lat' dir='ltr'><strong>habe-</strong></span> 
     </span>
    </p>
   </div>
   <div class='ocr_carea' id='block_1_66' title="bbox 1820 2222 3486 2302">
    <p class='ocr_par' dir='ltr' id='par_1_66' title="bbox 1820 2222 3486 2302">
     <span class='ocr_line' id='line_1_66' title="bbox 1820 2222 3486 2302; baseline 0.002 -26"><span class='ocrx_word' id='word_1_449' title='bbox 1820 2237 1944 2278; x_wconf 88' lang='lat' dir='ltr'><strong>mus</strong></span> <span class='ocrx_word' id='word_1_450' title='bbox 1973 2222 2265 2292; x_wconf 78' lang='lat' dir='ltr'><strong>(sermonis</strong></span> <span class='ocrx_word' id='word_1_451' title='bbox 2296 2224 2505 2302; x_wconf 84' lang='lat' dir='ltr'><strong>scilicet</strong></span> <span class='ocrx_word' id='word_1_452' title='bbox 2535 2223 2795 2294; x_wconf 83' lang='lat' dir='ltr'><strong>fructum)</strong></span> <span class='ocrx_word' id='word_1_453' title='bbox 2825 2225 3198 2294; x_wconf 88' lang='lat' dir='ltr'><strong>dependamus</strong></span> <span class='ocrx_word' id='word_1_454' title='bbox 3233 2242 3250 2290; x_wconf 93' lang='lat'><strong>;</strong></span> <span class='ocrx_word' id='word_1_455' title='bbox 3283 2239 3387 2280; x_wconf 87' lang='lat' dir='ltr'><strong>nec</strong></span> <span class='ocrx_word' id='word_1_456' title='bbox 3479 2297 3486 2300; x_wconf 21' lang='grc' dir='ltr'>δ</span> 
     </span>
    </p>
   </div>
   <div class='ocr_carea' id='block_1_67' title="bbox 1821 2313 3388 2386">
    <p class='ocr_par' dir='ltr' id='par_1_67' title="bbox 1821 2313 3388 2386">
     <span class='ocr_line' id='line_1_67' title="bbox 1821 2313 3388 2386; baseline 0.003 -18"><span class='ocrx_word' id='word_1_457' title='bbox 1821 2313 1877 2368; x_wconf 88' lang='lat' dir='ltr'><strong>in</strong></span> <span class='ocrx_word' id='word_1_458' title='bbox 1918 2323 2128 2370; x_wconf 89' lang='lat' dir='ltr'><strong>tantum</strong></span> <span class='ocrx_word' id='word_1_459' title='bbox 2172 2315 2370 2386; x_wconf 88' lang='lat' dir='ltr'><strong>ingrati</strong></span> <span class='ocrx_word' id='word_1_460' title='bbox 2403 2316 2751 2386; x_wconf 86' lang='lat' dir='ltr'><strong>improbique</strong></span> <span class='ocrx_word' id='word_1_461' title='bbox 2791 2331 2919 2372; x_wconf 90' lang='lat' dir='ltr'><strong>esse</strong></span> <span class='ocrx_word' id='word_1_462' title='bbox 2962 2317 3217 2382; x_wconf 86' lang='lat' dir='ltr'><strong>velimus,</strong></span> <span class='ocrx_word' id='word_1_463' title='bbox 3245 2325 3305 2372; x_wconf 92' lang='lat' dir='ltr'><strong>ut</strong></span> <span class='ocrx_word' id='word_1_464' title='bbox 3331 2323 3388 2372; x_wconf 85' lang='lat' dir='ltr'><strong>et</strong></span> 
     </span>
    </p>
   </div>
   <div class='ocr_carea' id='block_1_68' title="bbox 1823 2385 3386 2472">
    <p class='ocr_par' dir='ltr' id='par_1_68' title="bbox 1823 2385 3386 2472">
     <span class='ocr_line' id='line_1_68' title="bbox 1823 2385 3386 2472; baseline 0.002 -16"><span class='ocrx_word' id='word_1_465' title='bbox 1823 2402 1954 2472; x_wconf 88' lang='lat' dir='ltr'><strong>ipsis</strong></span> <span class='ocrx_word' id='word_1_466' title='bbox 1980 2405 2159 2459; x_wconf 87' lang='lat' dir='ltr'><strong>anima</strong></span> <span class='ocrx_word' id='word_1_467' title='bbox 2186 2385 2442 2460; x_wconf 12' lang='lat' dir='ltr'><strong>eti‘sensu</strong></span> <span class='ocrx_word' id='word_1_468' title='bbox 2474 2385 2530 2460; x_wconf 87' lang='lat' dir='ltr'><strong>et</strong></span> <span class='ocrx_word' id='word_1_469' title='bbox 2561 2420 2815 2460; x_wconf 87' lang='lat' dir='ltr'><strong>sermone</strong></span> <span class='ocrx_word' id='word_1_470' title='bbox 2853 2421 2917 2461; x_wconf 91' lang='lat' dir='ltr'><strong>ac</strong></span> <span class='ocrx_word' id='word_1_471' title='bbox 2948 2406 3158 2462; x_wconf 88' lang='lat' dir='ltr'><strong>ratione</strong></span> <span class='ocrx_word' id='word_1_472' title='bbox 3190 2421 3386 2462; x_wconf 89' lang='lat' dir='ltr'><strong>caren-</strong></span> 
     </span>
    </p>
   </div>
   <div class='ocr_carea' id='block_1_69' title="bbox 1821 2493 3390 2554">
    <p class='ocr_par' dir='ltr' id='par_1_69' title="bbox 1821 2493 3390 2554">
     <span class='ocr_line' id='line_1_69' title="bbox 1821 2493 3390 2554; baseline 0.004 -7"><span class='ocrx_word' id='word_1_473' title='bbox 1821 2493 1971 2549; x_wconf 88' lang='lat' dir='ltr'><strong>tibus</strong></span> <span class='ocrx_word' id='word_1_474' title='bbox 1995 2495 2298 2551; x_wconf 86' lang='lat' dir='ltr'><strong>deteriores</strong></span> <span class='ocrx_word' id='word_1_475' title='bbox 2335 2512 2455 2552; x_wconf 88' lang='lat' dir='ltr'><strong>essc</strong></span> <span class='ocrx_word' id='word_1_476' title='bbox 2497 2495 2801 2552; x_wconf 83' lang='lat' dir='ltr'><strong>videamur.</strong></span> <span class='ocrx_word' id='word_1_477' title='bbox 2833 2498 2968 2552; x_wconf 82' lang='lat' dir='ltr'><strong>Nam</strong></span> <span class='ocrx_word' id='word_1_478' title='bbox 3000 2507 3056 2554; x_wconf 91' lang='lat' dir='ltr'><strong>et</strong></span> <span class='ocrx_word' id='word_1_479' title='bbox 3099 2508 3243 2553; x_wconf 91' lang='lat' dir='ltr'><strong>terra</strong></span> <span class='ocrx_word' id='word_1_480' title='bbox 3270 2514 3390 2553; x_wconf 88' lang='lat' dir='ltr'><strong>ara-</strong></span> 
     </span>
    </p>
   </div>
   <div class='ocr_carea' id='block_1_70' title="bbox 1825 2584 3390 2658">
    <p class='ocr_par' dir='ltr' id='par_1_70' title="bbox 1825 2584 3390 2658">
     <span class='ocr_line' id='line_1_70' title="bbox 1825 2584 3390 2658; baseline 0.006 -23"><span class='ocrx_word' id='word_1_481' title='bbox 1825 2589 1911 2636; x_wconf 92' lang='lat' dir='ltr'><strong>tro</strong></span> <span class='ocrx_word' id='word_1_482' title='bbox 1960 2584 2255 2650; x_wconf 87' lang='lat' dir='ltr'><strong>conscissa,</strong></span> <span class='ocrx_word' id='word_1_483' title='bbox 2303 2585 2418 2640; x_wconf 90' lang='lat' dir='ltr'><strong>sive</strong></span> <span class='ocrx_word' id='word_1_484' title='bbox 2451 2586 2615 2640; x_wconf 90' lang='lat' dir='ltr'><strong>etiam</strong></span> <span class='ocrx_word' id='word_1_485' title='bbox 2649 2586 3028 2650; x_wconf 87' lang='lat' dir='ltr'><strong>circumfossa,</strong></span> <span class='ocrx_word' id='word_1_486' title='bbox 3061 2603 3390 2658; x_wconf 86' lang='lat' dir='ltr'><strong>omnemque</strong></span> 
     </span>
    </p>
   </div>
   <div class='ocr_carea' id='block_1_71' title="bbox 1821 2674 3392 2742">
    <p class='ocr_par' dir='ltr' id='par_1_71' title="bbox 1821 2674 3392 2742">
     <span class='ocr_line' id='line_1_71' title="bbox 1821 2674 3392 2742; baseline 0.004 -14"><span class='ocrx_word' id='word_1_487' title='bbox 1821 2674 2051 2730; x_wconf 71' lang='lat' dir='ltr'><strong>cultura:</strong></span> <span class='ocrx_word' id='word_1_488' title='bbox 2075 2675 2209 2731; x_wconf 90' lang='lat' dir='ltr'><strong>artis</strong></span> <span class='ocrx_word' id='word_1_489' title='bbox 2237 2691 2424 2731; x_wconf 88' lang='lat' dir='ltr'><strong>curam</strong></span> <span class='ocrx_word' id='word_1_490' title='bbox 2455 2686 2772 2742; x_wconf 87' lang='lat' dir='ltr'><strong>consecuta,</strong></span> <span class='ocrx_word' id='word_1_491' title='bbox 2804 2692 2874 2732; x_wconf 82' lang='lat' dir='ltr'><strong>ex</strong></span> <span class='ocrx_word' id='word_1_492' title='bbox 2914 2676 3098 2733; x_wconf 88' lang='lat' dir='ltr'><strong>indole</strong></span> <span class='ocrx_word' id='word_1_493' title='bbox 3125 2679 3293 2734; x_wconf 89' lang='lat' dir='ltr'><strong>habet</strong></span> <span class='ocrx_word' id='word_1_494' title='bbox 3331 2685 3392 2734; x_wconf 90' lang='lat' dir='ltr'><strong>ut</strong></span> 
     </span>
    </p>
   </div>
   <div class='ocr_carea' id='block_1_72' title="bbox 1825 2762 3482 2837">
    <p class='ocr_par' dir='ltr' id='par_1_72' title="bbox 1825 2762 3482 2837">
     <span class='ocr_line' id='line_1_72' title="bbox 1825 2762 3482 2837; baseline 0.003 -21"><span class='ocrx_word' id='word_1_495' title='bbox 1825 2762 2113 2832; x_wconf 88' lang='lat' dir='ltr'><strong>multiplici</strong></span> <span class='ocrx_word' id='word_1_496' title='bbox 2142 2763 2324 2819; x_wconf 88' lang='lat' dir='ltr'><strong>fructu</strong></span> <span class='ocrx_word' id='word_1_497' title='bbox 2353 2779 2586 2820; x_wconf 85' lang='lat' dir='ltr'><strong>messem</strong></span> <span class='ocrx_word' id='word_1_498' title='bbox 2615 2766 2813 2822; x_wconf 85' lang='lat' dir='ltr'><strong>colono</strong></span> <span class='ocrx_word' id='word_1_499' title='bbox 2845 2766 3138 2837; x_wconf 78' lang='lat' dir='ltr'><strong>frugesque</strong></span> <span class='ocrx_word' id='word_1_500' title='bbox 3157 2768 3388 2823; x_wconf 88' lang='lat' dir='ltr'><strong>reddat:</strong></span> <span class='ocrx_word' id='word_1_501' title='bbox 3474 2793 3482 2805; x_wconf 69' lang='grc' dir='ltr'>σ</span> 
     </span>
    </p>
   </div>
   <div class='ocr_carea' id='block_1_73' title="bbox 1824 2852 3391 2925">
    <p class='ocr_par' dir='ltr' id='par_1_73' title="bbox 1824 2852 3391 2925">
     <span class='ocr_line' id='line_1_73' title="bbox 1824 2852 3391 2925; baseline 0.003 -18"><span class='ocrx_word' id='word_1_502' title='bbox 1824 2852 2052 2908; x_wconf 87' lang='lat' dir='ltr'><strong>arbores</strong></span> <span class='ocrx_word' id='word_1_503' title='bbox 2075 2853 2203 2908; x_wconf 91' lang='lat' dir='ltr'><strong>item</strong></span> <span class='ocrx_word' id='word_1_504' title='bbox 2226 2854 2474 2925; x_wconf 79' lang='lat' dir='ltr'><strong>diligenti</strong></span> <span class='ocrx_word' id='word_1_505' title='bbox 2492 2855 2716 2911; x_wconf 69' lang='lat' dir='ltr'><strong>consita:</strong></span> <span class='ocrx_word' id='word_1_506' title='bbox 2736 2872 2923 2921; x_wconf 90' lang='lat' dir='ltr'><strong>manu,</strong></span> <span class='ocrx_word' id='word_1_507' title='bbox 2954 2871 3018 2910; x_wconf 89' lang='lat' dir='ltr'><strong>ac</strong></span> <span class='ocrx_word' id='word_1_508' title='bbox 3045 2857 3391 2912; x_wconf 35' lang='lat' dir='ltr'><strong>convcni’enti</strong></span> 
     </span>
    </p>
   </div>
   <div class='ocr_carea' id='block_1_74' title="bbox 1824 2946 3395 3025">
    <p class='ocr_par' dir='ltr' id='par_1_74' title="bbox 1824 2946 3395 3025">
     <span class='ocr_line' id='line_1_74' title="bbox 1824 2946 3395 3025; baseline 0.001 -22"><span class='ocrx_word' id='word_1_509' title='bbox 1824 2946 2070 3004; x_wconf 72' lang='lat' dir='ltr'><strong>educatae</strong></span> <span class='ocrx_word' id='word_1_510' title='bbox 2097 2948 2403 3025; x_wconf 71' lang='lat' dir='ltr'><strong>adultzeque</strong></span> <span class='ocrx_word' id='word_1_511' title='bbox 2428 2949 2721 3013; x_wconf 89' lang='lat' dir='ltr'><strong>industria,</strong></span> <span class='ocrx_word' id='word_1_512' title='bbox 2749 2965 2874 3004; x_wconf 89' lang='lat' dir='ltr'><strong>cum</strong></span> <span class='ocrx_word' id='word_1_513' title='bbox 2899 2951 3057 3021; x_wconf 81' lang='lat' dir='ltr'><strong>cujus</strong></span> <span class='ocrx_word' id='word_1_514' title='bbox 3088 2951 3395 3005; x_wconf 83' lang='lat' dir='ltr'><strong>emundan-</strong></span> 
     </span>
    </p>
   </div>
   <div class='ocr_carea' id='block_1_75' title="bbox 1827 3040 3396 3110">
    <p class='ocr_par' dir='ltr' id='par_1_75' title="bbox 1827 3040 3396 3110">
     <span class='ocr_line' id='line_1_75' title="bbox 1827 3040 3396 3110; baseline 0.002 -16"><span class='ocrx_word' id='word_1_515' title='bbox 1827 3045 1917 3094; x_wconf 85' lang='lat' dir='ltr'><strong>tur</strong></span> <span class='ocrx_word' id='word_1_516' title='bbox 1943 3053 2132 3107; x_wconf 87' lang='lat' dir='ltr'><strong>opera.</strong></span> <span class='ocrx_word' id='word_1_517' title='bbox 2161 3041 2360 3109; x_wconf 85' lang='lat' dir='ltr'><strong>pomis,</strong></span> <span class='ocrx_word' id='word_1_518' title='bbox 2397 3040 2654 3103; x_wconf 90' lang='lat' dir='ltr'><strong>nucibus,</strong></span> <span class='ocrx_word' id='word_1_519' title='bbox 2683 3040 3077 3110; x_wconf 88' lang='lat' dir='ltr'><strong>fructuumque</strong></span> <span class='ocrx_word' id='word_1_520' title='bbox 3110 3042 3260 3099; x_wconf 89' lang='lat' dir='ltr'><strong>omni</strong></span> <span class='ocrx_word' id='word_1_521' title='bbox 3302 3057 3396 3097; x_wconf 90' lang='lat' dir='ltr'><strong>co-</strong></span> 
     </span>
    </p>
   </div>
   <div class='ocr_carea' id='block_1_76' title="bbox 1824 3126 3396 3199">
    <p class='ocr_par' dir='ltr' id='par_1_76' title="bbox 1824 3126 3396 3199">
     <span class='ocr_line' id='line_1_76' title="bbox 1824 3126 3396 3199; baseline 0.002 -18"><span class='ocrx_word' id='word_1_522' title='bbox 1824 3126 1912 3196; x_wconf 88' lang='lat' dir='ltr'><strong>pia</strong></span> <span class='ocrx_word' id='word_1_523' title='bbox 1952 3141 2198 3183; x_wconf 86' lang='lat' dir='ltr'><strong>recreare</strong></span> <span class='ocrx_word' id='word_1_524' title='bbox 2249 3137 2467 3183; x_wconf 89' lang='lat' dir='ltr'><strong>norunt.</strong></span> <span class='ocrx_word' id='word_1_525' title='bbox 2521 3128 2590 3183; x_wconf 90' lang='lat' dir='ltr'><strong>At</strong></span> <span class='ocrx_word' id='word_1_526' title='bbox 2643 3143 2746 3183; x_wconf 87' lang='lat' dir='ltr'><strong>nec</strong></span> <span class='ocrx_word' id='word_1_527' title='bbox 2788 3128 2950 3184; x_wconf 87' lang='lat' dir='ltr'><strong>bruta</strong></span> <span class='ocrx_word' id='word_1_528' title='bbox 2999 3129 3396 3199; x_wconf 75' lang='lat' dir='ltr'><strong>propemodum</strong></span> 
     </span>
    </p>
   </div>
   <div class='ocr_carea' id='block_1_77' title="bbox 1823 3217 3388 3288">
    <p class='ocr_par' dir='ltr' id='par_1_77' title="bbox 1823 3217 3388 3288">
     <span class='ocr_line' id='line_1_77' title="bbox 1823 3217 3388 3288; baseline 0.003 -16"><span class='ocrx_word' id='word_1_529' title='bbox 1823 3218 1957 3282; x_wconf 87' lang='lat' dir='ltr'><strong>ulla,</strong></span> <span class='ocrx_word' id='word_1_530' title='bbox 2004 3217 2211 3273; x_wconf 85' lang='lat' dir='ltr'><strong>frustra</strong></span> <span class='ocrx_word' id='word_1_531' title='bbox 2260 3219 2522 3288; x_wconf 90' lang='lat' dir='ltr'><strong>nulloque</strong></span> <span class='ocrx_word' id='word_1_532' title='bbox 2571 3233 2799 3273; x_wconf 85' lang='lat' dir='ltr'><strong>munere</strong></span> <span class='ocrx_word' id='word_1_533' title='bbox 2833 3225 2926 3272; x_wconf 90' lang='lat' dir='ltr'><strong>aut</strong></span> <span class='ocrx_word' id='word_1_534' title='bbox 2951 3219 3262 3283; x_wconf 90' lang='lat' dir='ltr'><strong>commodo,</strong></span> <span class='ocrx_word' id='word_1_535' title='bbox 3296 3237 3388 3276; x_wconf 89' lang='lat' dir='ltr'><strong>eo-</strong></span> 
     </span>
    </p>
   </div>
   <div class='ocr_carea' id='block_1_78' title="bbox 1823 3307 3396 3379">
    <p class='ocr_par' dir='ltr' id='par_1_78' title="bbox 1823 3307 3396 3379">
     <span class='ocr_line' id='line_1_78' title="bbox 1823 3307 3396 3379; baseline 0.001 -17"><span class='ocrx_word' id='word_1_536' title='bbox 1823 3324 1967 3372; x_wconf 90' lang='lat' dir='ltr'><strong>rum,</strong></span> <span class='ocrx_word' id='word_1_537' title='bbox 1999 3307 2093 3378; x_wconf 87' lang='lat' dir='ltr'><strong>qui</strong></span> <span class='ocrx_word' id='word_1_538' title='bbox 2137 3308 2346 3363; x_wconf 85' lang='lat' dir='ltr'><strong>domini</strong></span> <span class='ocrx_word' id='word_1_539' title='bbox 2383 3313 2512 3364; x_wconf 88' lang='lat' dir='ltr'><strong>sunt</strong></span> <span class='ocrx_word' id='word_1_540' title='bbox 2553 3317 2648 3363; x_wconf 89' lang='lat' dir='ltr'><strong>aut</strong></span> <span class='ocrx_word' id='word_1_541' title='bbox 2697 3307 3024 3373; x_wconf 88' lang='lat' dir='ltr'><strong>educarunt,</strong></span> <span class='ocrx_word' id='word_1_542' title='bbox 3074 3309 3227 3364; x_wconf 91' lang='lat' dir='ltr'><strong>curis</strong></span> <span class='ocrx_word' id='word_1_543' title='bbox 3273 3326 3396 3379; x_wconf 69' lang='lat' dir='ltr'><strong>pci-</strong></span> 
     </span>
    </p>
   </div>
   <div class='ocr_carea' id='block_1_79' title="bbox 1823 3397 3495 3470">
    <p class='ocr_par' dir='ltr' id='par_1_79' title="bbox 1823 3397 3495 3470">
     <span class='ocr_line' id='line_1_79' title="bbox 1823 3397 3495 3470; baseline 0.001 -17"><span class='ocrx_word' id='word_1_544' title='bbox 1823 3397 2126 3454; x_wconf 87' lang='lat' dir='ltr'><strong>fruuntur:</strong></span> <span class='ocrx_word' id='word_1_545' title='bbox 2158 3398 2292 3469; x_wconf 88' lang='lat' dir='ltr'><strong>quin</strong></span> <span class='ocrx_word' id='word_1_546' title='bbox 2319 3408 2376 3454; x_wconf 91' lang='lat' dir='ltr'><strong>et</strong></span> <span class='ocrx_word' id='word_1_547' title='bbox 2411 3399 2530 3470; x_wconf 87' lang='lat' dir='ltr'><strong>ipsa</strong></span> <span class='ocrx_word' id='word_1_548' title='bbox 2577 3407 2913 3469; x_wconf 88' lang='lat' dir='ltr'><strong>opportune,</strong></span> <span class='ocrx_word' id='word_1_549' title='bbox 2948 3408 3152 3469; x_wconf 90' lang='lat' dir='ltr'><strong>quanta</strong></span> <span class='ocrx_word' id='word_1_550' title='bbox 3200 3415 3394 3456; x_wconf 88' lang='lat' dir='ltr'><strong>eorum</strong></span> <span class='ocrx_word' id='word_1_551' title='bbox 3492 3458 3495 3463; x_wconf 63' lang='grc'><strong>,</strong></span> 
     </span>
    </p>
   </div>
   <div class='ocr_carea' id='block_1_80' title="bbox 1827 3489 3398 3560">
    <p class='ocr_par' dir='ltr' id='par_1_80' title="bbox 1827 3489 3398 3560">
     <span class='ocr_line' id='line_1_80' title="bbox 1827 3489 3398 3560; baseline 0.001 -16"><span class='ocrx_word' id='word_1_552' title='bbox 1827 3490 2054 3546; x_wconf 88' lang='lat' dir='ltr'><strong>facultas</strong></span> <span class='ocrx_word' id='word_1_553' title='bbox 2077 3498 2179 3557; x_wconf 88' lang='lat' dir='ltr'><strong>est,</strong></span> <span class='ocrx_word' id='word_1_554' title='bbox 2221 3490 2288 3546; x_wconf 84' lang='lat' dir='ltr'><strong>ei</strong></span> <span class='ocrx_word' id='word_1_555' title='bbox 2322 3490 2415 3560; x_wconf 91' lang='lat' dir='ltr'><strong>qui</strong></span> <span class='ocrx_word' id='word_1_556' title='bbox 2467 3489 2796 3546; x_wconf 79' lang='lat' dir='ltr'><strong>beneficium</strong></span> <span class='ocrx_word' id='word_1_557' title='bbox 2851 3489 3203 3560; x_wconf 86' lang='lat' dir='ltr'><strong>impenderit,</strong></span> <span class='ocrx_word' id='word_1_558' title='bbox 3247 3490 3398 3547; x_wconf 84' lang='lat' dir='ltr'><strong>vices</strong></span> 
     </span>
    </p>
   </div>
   <div class='ocr_carea' id='block_1_81' title="bbox 1830 3579 3397 3650">
    <p class='ocr_par' dir='ltr' id='par_1_81' title="bbox 1830 3579 3397 3650">
     <span class='ocr_line' id='line_1_81' title="bbox 1830 3579 3397 3650; baseline 0.001 -16"><span class='ocrx_word' id='word_1_559' title='bbox 1830 3579 2061 3636; x_wconf 89' lang='lat' dir='ltr'><strong>reddere</strong></span> <span class='ocrx_word' id='word_1_560' title='bbox 2111 3589 2427 3636; x_wconf 90' lang='lat' dir='ltr'><strong>sueverunt.</strong></span> <span class='ocrx_word' id='word_1_561' title='bbox 2483 3579 2668 3650; x_wconf 89' lang='lat' dir='ltr'><strong>Longe</strong></span> <span class='ocrx_word' id='word_1_562' title='bbox 2715 3579 2881 3650; x_wconf 84' lang='lat' dir='ltr'><strong>igitur</strong></span> <span class='ocrx_word' id='word_1_563' title='bbox 2929 3579 3130 3649; x_wconf 88' lang='lat' dir='ltr'><strong>potiori</strong></span> <span class='ocrx_word' id='word_1_564' title='bbox 3184 3580 3397 3635; x_wconf 89' lang='lat' dir='ltr'><strong>ratione</strong></span> 
     </span>
    </p>
   </div>
   <div class='ocr_carea' id='block_1_82' title="bbox 1827 3673 3389 3742">
    <p class='ocr_par' dir='ltr' id='par_1_82' title="bbox 1827 3673 3389 3742">
     <span class='ocr_line' id='line_1_82' title="bbox 1827 3673 3389 3742; baseline 0.001 -19"><span class='ocrx_word' id='word_1_565' title='bbox 1827 3686 2007 3741; x_wconf 75' lang='lat' dir='ltr'><strong>opera:</strong></span> <span class='ocrx_word' id='word_1_566' title='bbox 2037 3673 2272 3742; x_wconf 88' lang='lat' dir='ltr'><strong>pretium</strong></span> <span class='ocrx_word' id='word_1_567' title='bbox 2302 3673 2464 3736; x_wconf 89' lang='lat' dir='ltr'><strong>duco,</strong></span> <span class='ocrx_word' id='word_1_568' title='bbox 2496 3680 2556 3726; x_wconf 88' lang='lat' dir='ltr'><strong>ut</strong></span> <span class='ocrx_word' id='word_1_569' title='bbox 2587 3674 2682 3742; x_wconf 92' lang='lat' dir='ltr'><strong>qui</strong></span> <span class='ocrx_word' id='word_1_570' title='bbox 2709 3673 2978 3728; x_wconf 87' lang='lat' dir='ltr'><strong>sermonis</strong></span> <span class='ocrx_word' id='word_1_571' title='bbox 3004 3674 3057 3727; x_wconf 82' lang='lat' dir='ltr'><strong>vi</strong></span> <span class='ocrx_word' id='word_1_572' title='bbox 3085 3687 3150 3728; x_wconf 90' lang='lat' dir='ltr'><strong>ae</strong></span> <span class='ocrx_word' id='word_1_573' title='bbox 3178 3675 3389 3730; x_wconf 86' lang='lat' dir='ltr'><strong>ratione</strong></span> 
     </span>
    </p>
   </div>
   <div class='ocr_carea' id='block_1_83' title="bbox 1829 3749 3398 3841">
    <p class='ocr_par' dir='ltr' id='par_1_83' title="bbox 1829 3749 3398 3841">
     <span class='ocr_line' id='line_1_83' title="bbox 1829 3749 3398 3841; baseline 0.003 -26"><span class='ocrx_word' id='word_1_574' title='bbox 1829 3749 2007 3816; x_wconf 86' lang='lat' dir='ltr'><strong>ornati</strong></span> <span class='ocrx_word' id='word_1_575' title='bbox 2026 3777 2236 3828; x_wconf 88' lang='lat' dir='ltr'><strong>sumus,</strong></span> <span class='ocrx_word' id='word_1_576' title='bbox 2264 3763 2618 3833; x_wconf 87' lang='lat' dir='ltr'><strong>gratitudinis</strong></span> <span class='ocrx_word' id='word_1_577' title='bbox 2643 3764 2878 3819; x_wconf 83' lang='lat' dir='ltr'><strong>fructum</strong></span> <span class='ocrx_word' id='word_1_578' title='bbox 2902 3765 3175 3841; x_wconf 80' lang='lat' dir='ltr'><strong>magistris</strong></span> <span class='ocrx_word' id='word_1_579' title='bbox 3192 3763 3398 3820; x_wconf 83' lang='lat' dir='ltr'><strong>nostris</strong></span> 
     </span>
    </p>
   </div>
   <div class='ocr_carea' id='block_1_84' title="bbox 1825 3854 3396 3926">
    <p class='ocr_par' dir='ltr' id='par_1_84' title="bbox 1825 3854 3396 3926">
     <span class='ocr_line' id='line_1_84' title="bbox 1825 3854 3396 3926; baseline 0.003 -17"><span class='ocrx_word' id='word_1_580' title='bbox 1825 3854 2167 3909; x_wconf 79' lang='lat' dir='ltr'><strong>exsolvamus</strong></span> <span class='ocrx_word' id='word_1_581' title='bbox 2199 3870 2213 3909; x_wconf 89' lang='lat'><strong>:</strong></span> <span class='ocrx_word' id='word_1_582' title='bbox 2246 3862 2407 3925; x_wconf 85' lang='lat' dir='ltr'><strong>atque</strong></span> <span class='ocrx_word' id='word_1_583' title='bbox 2438 3855 2723 3926; x_wconf 59' lang='lat' dir='ltr'><strong>idzcunctis</strong></span> <span class='ocrx_word' id='word_1_584' title='bbox 2741 3855 2996 3926; x_wconf 67' lang='lat' dir='ltr'><strong>quidem;</strong></span> <span class='ocrx_word' id='word_1_585' title='bbox 3012 3856 3242 3912; x_wconf 79' lang='lat' dir='ltr'><strong>maxime</strong></span> <span class='ocrx_word' id='word_1_586' title='bbox 3262 3872 3396 3913; x_wconf 86' lang='lat' dir='ltr'><strong>vero</strong></span> 
     </span>
    </p>
   </div>
   <div class='ocr_carea' id='block_1_85' title="bbox 1827 3944 3391 4017">
    <p class='ocr_par' dir='ltr' id='par_1_85' title="bbox 1827 3944 3391 4017">
     <span class='ocr_line' id='line_1_85' title="bbox 1827 3944 3391 4017; baseline 0.003 -19"><span class='ocrx_word' id='word_1_587' title='bbox 1827 3944 2100 4000; x_wconf 90' lang='lat' dir='ltr'><strong>sermonis</strong></span> <span class='ocrx_word' id='word_1_588' title='bbox 2134 3945 2457 4014; x_wconf 89' lang='lat' dir='ltr'><strong>discipulis;</strong></span> <span class='ocrx_word' id='word_1_589' title='bbox 2490 3945 2626 4000; x_wconf 85' lang='lat' dir='ltr'><strong>viris</strong></span> <span class='ocrx_word' id='word_1_590' title='bbox 2662 3946 2892 4012; x_wconf 88' lang='lat' dir='ltr'><strong>scilicet,</strong></span> <span class='ocrx_word' id='word_1_591' title='bbox 2926 3947 3020 4016; x_wconf 89' lang='lat' dir='ltr'><strong>qui</strong></span> <span class='ocrx_word' id='word_1_592' title='bbox 3059 3948 3270 4017; x_wconf 86' lang='lat' dir='ltr'><strong>potiore</strong></span> <span class='ocrx_word' id='word_1_593' title='bbox 3289 3945 3391 4002; x_wconf 38' lang='lat' dir='ltr'><strong>dos</strong></span> 
     </span>
    </p>
   </div>
   <div class='ocr_carea' id='block_1_86' title="bbox 1826 4033 3393 4105">
    <p class='ocr_par' dir='ltr' id='par_1_86' title="bbox 1826 4033 3393 4105">
     <span class='ocr_line' id='line_1_86' title="bbox 1826 4033 3393 4105; baseline 0.004 -19"><span class='ocrx_word' id='word_1_594' title='bbox 1826 4033 2023 4098; x_wconf 86' lang='lat' dir='ltr'><strong>ctrina,</strong></span> <span class='ocrx_word' id='word_1_595' title='bbox 2052 4049 2116 4089; x_wconf 91' lang='lat' dir='ltr'><strong>ac</strong></span> <span class='ocrx_word' id='word_1_596' title='bbox 2141 4050 2262 4104; x_wconf 76' lang='lat' dir='ltr'><strong>quae</strong></span> <span class='ocrx_word' id='word_1_597' title='bbox 2289 4035 2342 4090; x_wconf 93' lang='lat' dir='ltr'><strong>in</strong></span> <span class='ocrx_word' id='word_1_598' title='bbox 2368 4044 2694 4105; x_wconf 90' lang='lat' dir='ltr'><strong>perpetuum</strong></span> <span class='ocrx_word' id='word_1_599' title='bbox 2727 4037 3009 4102; x_wconf 88' lang='lat' dir='ltr'><strong>consistat,</strong></span> <span class='ocrx_word' id='word_1_600' title='bbox 3046 4051 3146 4092; x_wconf 88' lang='lat' dir='ltr'><strong>nos</strong></span> <span class='ocrx_word' id='word_1_601' title='bbox 3166 4037 3393 4093; x_wconf 77' lang='lat' dir='ltr'><strong>erudie-</strong></span> 
     </span>
    </p>
   </div>
   <div class='ocr_carea' id='block_1_87' title="bbox 1828 4118 3392 4194">
    <p class='ocr_par' dir='ltr' id='par_1_87' title="bbox 1828 4118 3392 4194">
     <span class='ocr_line' id='line_1_87' title="bbox 1828 4118 3392 4194; baseline 0.003 -19"><span class='ocrx_word' id='word_1_602' title='bbox 1828 4132 2010 4176; x_wconf 90' lang='lat' dir='ltr'><strong>runt:</strong></span> <span class='ocrx_word' id='word_1_603' title='bbox 2061 4124 2154 4193; x_wconf 92' lang='lat' dir='ltr'><strong>qui</strong></span> <span class='ocrx_word' id='word_1_604' title='bbox 2205 4138 2402 4192; x_wconf 89' lang='lat' dir='ltr'><strong>nempe</strong></span> <span class='ocrx_word' id='word_1_605' title='bbox 2453 4118 2670 4178; x_wconf 90' lang='lat' dir='ltr'><strong>Domini</strong></span> <span class='ocrx_word' id='word_1_606' title='bbox 2729 4121 3040 4193; x_wconf 89' lang='lat' dir='ltr'><strong>disciplina,</strong></span> <span class='ocrx_word' id='word_1_607' title='bbox 3095 4123 3392 4194; x_wconf 87' lang='lat' dir='ltr'><strong>divinaque</strong></span> 
     </span>
    </p>
   </div>
   <div class='ocr_carea' id='block_1_88' title="bbox 1829 4201 3392 4283">
    <p class='ocr_par' dir='ltr' id='par_1_88' title="bbox 1829 4201 3392 4283">
     <span class='ocr_line' id='line_1_88' title="bbox 1829 4201 3392 4283; baseline 0.001 -17"><span class='ocrx_word' id='word_1_608' title='bbox 1829 4212 2078 4267; x_wconf 89' lang='lat' dir='ltr'><strong>doctrina</strong></span> <span class='ocrx_word' id='word_1_609' title='bbox 2114 4201 2297 4268; x_wconf 79' lang='lat' dir='ltr'><strong>cordis</strong></span> <span class='ocrx_word' id='word_1_610' title='bbox 2326 4226 2488 4266; x_wconf 79' lang='lat' dir='ltr'><strong>aures</strong></span> <span class='ocrx_word' id='word_1_611' title='bbox 2513 4210 2673 4267; x_wconf 88' lang='lat' dir='ltr'><strong>nobis</strong></span> <span class='ocrx_word' id='word_1_612' title='bbox 2694 4221 3049 4277; x_wconf 85' lang='lat' dir='ltr'><strong>aperuerunt,</strong></span> <span class='ocrx_word' id='word_1_613' title='bbox 3081 4213 3392 4283; x_wconf 79' lang='lat' dir='ltr'><strong>mentisque</strong></span> 
     </span>
    </p>
   </div>
   <div class='ocr_carea' id='block_1_89' title="bbox 193 4293 3395 4384">
    <p class='ocr_par' dir='ltr' id='par_1_89' title="bbox 193 4293 3395 4384">
     <span class='ocr_line' id='line_1_89' title="bbox 193 4293 3395 4384; baseline 0.001 -25"><span class='ocrx_word' id='word_1_614' title='bbox 193 4307 379 4370; x_wconf 86' lang='lat' dir='ltr'><strong>oculos,</strong></span> <span class='ocrx_word' id='word_1_615' title='bbox 410 4322 523 4377; x_wconf 91' lang='lat' dir='ltr'><strong>quo</strong></span> <span class='ocrx_word' id='word_1_616' title='bbox 545 4305 735 4360; x_wconf 88' lang='lat' dir='ltr'><strong>audire</strong></span> <span class='ocrx_word' id='word_1_617' title='bbox 754 4317 818 4358; x_wconf 92' lang='lat' dir='ltr'><strong>ac</strong></span> <span class='ocrx_word' id='word_1_618' title='bbox 845 4303 1264 4384; x_wconf 76' lang='lat' dir='ltr'><strong>s‘ciremagnum</strong></span> <span class='ocrx_word' id='word_1_619' title='bbox 1281 4293 1500 4372; x_wconf 85' lang='lat' dir='ltr'><strong>pietatis</strong></span> <span class='ocrx_word' id='word_1_620' title='bbox 1528 4303 1842 4373; x_wconf 83' lang='lat' dir='ltr'><strong>mysterium</strong></span> <span class='ocrx_word' id='word_1_621' title='bbox 1876 4304 2090 4370; x_wconf 87' lang='lat' dir='ltr'><strong>liceret,</strong></span> <span class='ocrx_word' id='word_1_622' title='bbox 2158 4305 2582 4372; x_wconf 84' lang='lat' dir='ltr'><strong>collustrarunt;</strong></span> <span class='ocrx_word' id='word_1_623' title='bbox 2640 4313 2698 4360; x_wconf 90' lang='lat' dir='ltr'><strong>et</strong></span> <span class='ocrx_word' id='word_1_624' title='bbox 2756 4313 2817 4358; x_wconf 90' lang='lat' dir='ltr'><strong>ut</strong></span> <span class='ocrx_word' id='word_1_625' title='bbox 2870 4304 3168 4376; x_wconf 86' lang='lat' dir='ltr'><strong>impietatis</strong></span> <span class='ocrx_word' id='word_1_626' title='bbox 3206 4293 3273 4360; x_wconf 74' lang='lat' dir='ltr'><strong>ac</strong></span> <span class='ocrx_word' id='word_1_627' title='bbox 3300 4319 3395 4362; x_wconf 59' lang='lat' dir='ltr'><strong>va!</strong></span> 
     </span>
    </p>
   </div>
   <div class='ocr_carea' id='block_1_90' title="bbox 194 4391 2188 4463">
    <p class='ocr_par' dir='ltr' id='par_1_90' title="bbox 194 4391 2188 4463">
     <span class='ocr_line' id='line_1_90' title="bbox 194 4391 2188 4463; baseline 0 -13"><span class='ocrx_word' id='word_1_628' title='bbox 194 4395 361 4453; x_wconf 80' lang='lat' dir='ltr'><strong>uitatis</strong></span> <span class='ocrx_word' id='word_1_629' title='bbox 407 4397 616 4452; x_wconf 90' lang='lat' dir='ltr'><strong>relictis</strong></span> <span class='ocrx_word' id='word_1_630' title='bbox 658 4395 918 4460; x_wconf 88' lang='lat' dir='ltr'><strong>tenebris,</strong></span> <span class='ocrx_word' id='word_1_631' title='bbox 956 4392 1024 4450; x_wconf 90' lang='lat' dir='ltr'><strong>ad</strong></span> <span class='ocrx_word' id='word_1_632' title='bbox 1057 4408 1241 4448; x_wconf 90' lang='lat' dir='ltr'><strong>veram</strong></span> <span class='ocrx_word' id='word_1_633' title='bbox 1277 4391 1503 4463; x_wconf 74' lang='lat' dir='ltr'><strong>justitiae</strong></span> <span class='ocrx_word' id='word_1_634' title='bbox 1533 4392 1726 4447; x_wconf 79' lang='lat' dir='ltr'><strong>lucem</strong></span> <span class='ocrx_word' id='word_1_635' title='bbox 1755 4408 2188 4450; x_wconf 89' lang='lat' dir='ltr'><strong>accurreremus.</strong></span> 
     </span>
    </p>
   </div>
   <div class='ocr_carea' id='block_1_91' title="bbox 261 4480 1722 4561">
    <p class='ocr_par' dir='ltr' id='par_1_91' title="bbox 261 4480 1722 4559">
     <span class='ocr_line' id='line_1_91' title="bbox 261 4480 1722 4559; baseline -0.005 -17"><span class='ocrx_word' id='word_1_636' title='bbox 261 4489 571 4559; x_wconf 75' lang='grc' dir='ltr'>’Δποδῶμεν</span> <span class='ocrx_word' id='word_1_637' title='bbox 616 4485 903 4557; x_wconf 82' lang='grc' dir='ltr'>τοιγαροῦν</span> <span class='ocrx_word' id='word_1_638' title='bbox 946 4483 1266 4553; x_wconf 80' lang='grc' dir='ltr'>καταχρέως</span> <span class='ocrx_word' id='word_1_639' title='bbox 1309 4480 1404 4535; x_wconf 84' lang='grc' dir='ltr'><strong>τοῦ</strong></span> <span class='ocrx_word' id='word_1_640' title='bbox 1446 4481 1604 4550; x_wconf 83' lang='grc' dir='ltr'>λόγου</span> <span class='ocrx_word' id='word_1_641' title='bbox 1630 4483 1722 4552; x_wconf 79' lang='grc' dir='ltr'>τὴν</span> 
     </span>
    </p>
   </div>
   <div class='ocr_carea' id='block_1_92' title="bbox 1825 4480 3396 4561">
    <p class='ocr_par' dir='ltr' id='par_1_92' title="bbox 1907 4483 3396 4561">
     <span class='ocr_line' id='line_1_92' title="bbox 1907 4483 3396 4561; baseline -0.001 -21"><span class='ocrx_word' id='word_1_642' title='bbox 1907 4485 2220 4540; x_wconf 81' lang='lat' dir='ltr'><strong>Rcddamus</strong></span> <span class='ocrx_word' id='word_1_643' title='bbox 2248 4499 2348 4554; x_wconf 88' lang='lat' dir='ltr'><strong>pro</strong></span> <span class='ocrx_word' id='word_1_644' title='bbox 2391 4499 2620 4540; x_wconf 90' lang='lat' dir='ltr'><strong>munere</strong></span> <span class='ocrx_word' id='word_1_645' title='bbox 2650 4484 2821 4539; x_wconf 86' lang='lat' dir='ltr'><strong>sacris</strong></span> <span class='ocrx_word' id='word_1_646' title='bbox 2865 4483 3138 4540; x_wconf 88' lang='lat' dir='ltr'><strong>sermonis</strong></span> <span class='ocrx_word' id='word_1_647' title='bbox 3163 4484 3396 4561; x_wconf 79' lang='lat' dir='ltr'><strong>aratori-</strong></span> 
     </span>
    </p>
   </div>
   <div class='ocr_carea' id='block_1_93' title="bbox 193 4572 1735 4650">
    <p class='ocr_par' dir='ltr' id='par_1_93' title="bbox 193 4572 1735 4650">
     <span class='ocr_line' id='line_1_93' title="bbox 193 4572 1735 4650; baseline -0.008 -14"><span class='ocrx_word' id='word_1_648' title='bbox 193 4580 390 4650; x_wconf 75' lang='grc' dir='ltr'>ὀφειλὴν</span> <span class='ocrx_word' id='word_1_649' title='bbox 415 4584 530 4644; x_wconf 74' lang='grc' dir='ltr'>τοῖς</span> <span class='ocrx_word' id='word_1_650' title='bbox 561 4581 726 4650; x_wconf 78' lang='grc' dir='ltr'>ἱεροῖς</span> <span class='ocrx_word' id='word_1_651' title='bbox 754 4579 973 4648; x_wconf 79' lang='grc' dir='ltr'>ἀρόταις</span> <span class='ocrx_word' id='word_1_652' title='bbox 1019 4574 1114 4628; x_wconf 81' lang='grc' dir='ltr'><strong>τοῦ</strong></span> <span class='ocrx_word' id='word_1_653' title='bbox 1140 4575 1333 4642; x_wconf 87' lang='grc' dir='ltr'>Λόγου,</span> <span class='ocrx_word' id='word_1_654' title='bbox 1357 4572 1453 4626; x_wconf 79' lang='grc' dir='ltr'>καὶ</span> <span class='ocrx_word' id='word_1_655' title='bbox 1479 4573 1576 4641; x_wconf 81' lang='grc' dir='ltr'>τῆς</span> <span class='ocrx_word' id='word_1_656' title='bbox 1602 4573 1735 4642; x_wconf 83' lang='grc' dir='ltr'>ἡμε-</span> 
     </span>
    </p>
   </div>
   <div class='ocr_carea' id='block_1_94' title="bbox 197 4663 1732 4743">
    <p class='ocr_par' dir='ltr' id='par_1_94' title="bbox 197 4663 1732 4743">
     <span class='ocr_line' id='line_1_94' title="bbox 197 4663 1732 4743; baseline -0.007 -19"><span class='ocrx_word' id='word_1_657' title='bbox 197 4673 336 4742; x_wconf 81' lang='grc' dir='ltr'>τίρας</span> <span class='ocrx_word' id='word_1_658' title='bbox 364 4672 595 4743; x_wconf 83' lang='grc' dir='ltr'>καρδίας</span> <span class='ocrx_word' id='word_1_659' title='bbox 633 4670 915 4740; x_wconf 77' lang='grc' dir='ltr'>γεωργοτς,</span> <span class='ocrx_word' id='word_1_660' title='bbox 948 4667 1043 4721; x_wconf 79' lang='grc' dir='ltr'>καὶ</span> <span class='ocrx_word' id='word_1_661' title='bbox 1070 4667 1182 4729; x_wconf 79' lang='grc' dir='ltr'>τοῖς</span> <span class='ocrx_word' id='word_1_662' title='bbox 1209 4663 1479 4734; x_wconf 84' lang='grc' dir='ltr'>σωτηρίας</span> <span class='ocrx_word' id='word_1_663' title='bbox 1525 4663 1732 4733; x_wconf 79' lang='grc' dir='ltr'>ἱερουρ-</span> 
     </span>
    </p>
   </div>
   <div class='ocr_carea' id='block_1_95' title="bbox 198 4755 1729 4830">
    <p class='ocr_par' dir='ltr' id='par_1_95' title="bbox 198 4755 1729 4830">
     <span class='ocr_line' id='line_1_95' title="bbox 198 4755 1729 4830; baseline -0.008 -13"><span class='ocrx_word' id='word_1_664' title='bbox 198 4764 311 4830; x_wconf 74' lang='grc' dir='ltr'>γοῖς.</span> <span class='ocrx_word' id='word_1_665' title='bbox 384 4762 699 4830; x_wconf 80' lang='grc' dir='ltr'>’Δποδῶμεν</span> <span class='ocrx_word' id='word_1_666' title='bbox 772 4759 882 4821; x_wconf 80' lang='grc' dir='ltr'>τοῖς</span> <span class='ocrx_word' id='word_1_667' title='bbox 933 4757 982 4810; x_wconf 85' lang='grc' dir='ltr'>τ’</span> <span class='ocrx_word' id='word_1_668' title='bbox 1031 4755 1211 4818; x_wconf 75' lang='grc' dir='ltr'>ἄλλοις</span> <span class='ocrx_word' id='word_1_669' title='bbox 1251 4756 1403 4820; x_wconf 79' lang='grc' dir='ltr'>πᾶσι,</span> <span class='ocrx_word' id='word_1_670' title='bbox 1460 4755 1550 4806; x_wconf 84' lang='grc' dir='ltr'>καὶ</span> <span class='ocrx_word' id='word_1_671' title='bbox 1615 4755 1729 4824; x_wconf 81' lang='grc' dir='ltr'>μετ’</span> 
     </span>
    </p>
   </div>
   <div class='ocr_carea' id='block_1_96' title="bbox 200 4844 1731 4922">
    <p class='ocr_par' dir='ltr' id='par_1_96' title="bbox 200 4844 1731 4922">
     <span class='ocr_line' id='line_1_96' title="bbox 200 4844 1731 4922; baseline -0.004 -17"><span class='ocrx_word' id='word_1_672' title='bbox 200 4854 352 4907; x_wconf 74' lang='grc' dir='ltr'>αὐτῶν</span> <span class='ocrx_word' id='word_1_673' title='bbox 374 4856 471 4908; x_wconf 74' lang='grc' dir='ltr'>καὶ</span> <span class='ocrx_word' id='word_1_674' title='bbox 501 4853 579 4922; x_wconf 78' lang='grc' dir='ltr'>τῷ</span> <span class='ocrx_word' id='word_1_675' title='bbox 605 4854 840 4922; x_wconf 84' lang='grc' dir='ltr'>σήμερον</span> <span class='ocrx_word' id='word_1_676' title='bbox 869 4850 946 4912; x_wconf 87' lang='grc' dir='ltr'><strong>είς</strong></span> <span class='ocrx_word' id='word_1_677' title='bbox 997 4846 1202 4901; x_wconf 81' lang='grc' dir='ltr'>αίνεσιν</span> <span class='ocrx_word' id='word_1_678' title='bbox 1254 4845 1351 4898; x_wconf 82' lang='grc' dir='ltr'>καὶ</span> <span class='ocrx_word' id='word_1_679' title='bbox 1405 4844 1560 4909; x_wconf 85' lang='grc' dir='ltr'>δόξαν</span> <span class='ocrx_word' id='word_1_680' title='bbox 1596 4861 1731 4914; x_wconf 86' lang='grc' dir='ltr'>μνη-</span> 
     </span>
    </p>
   </div>
   <div class='ocr_carea' id='block_1_97' title="bbox 204 4934 1726 5013">
    <p class='ocr_par' dir='ltr' id='par_1_97' title="bbox 204 4934 1726 5013">
     <span class='ocr_line' id='line_1_97' title="bbox 204 4934 1726 5013; baseline -0.007 -17"><span class='ocrx_word' id='word_1_681' title='bbox 204 4945 528 5013; x_wconf 73' lang='grc' dir='ltr'>μονευομένῳ</span> <span class='ocrx_word' id='word_1_682' title='bbox 558 4958 574 4973; x_wconf 78' lang='grc' dir='ltr'><strong>ο</strong></span> <span class='ocrx_word' id='word_1_683' title='bbox 627 4943 720 4995; x_wconf 79' lang='grc' dir='ltr'>καὶ</span> <span class='ocrx_word' id='word_1_684' title='bbox 745 4939 1204 5010; x_wconf 82' lang='grc' dir='ltr'>καρποφορῶμεν,</span> <span class='ocrx_word' id='word_1_685' title='bbox 1244 4936 1294 4988; x_wconf 74' lang='lat' dir='ltr'><strong>ot</strong></span> <span class='ocrx_word' id='word_1_686' title='bbox 1329 4935 1450 5004; x_wconf 79' lang='grc' dir='ltr'>μὲν,</span> <span class='ocrx_word' id='word_1_687' title='bbox 1499 4934 1590 4986; x_wconf 71' lang='grc' dir='ltr'><strong>τὸν</strong></span> <span class='ocrx_word' id='word_1_688' title='bbox 1630 4935 1726 5001; x_wconf 79' lang='grc' dir='ltr'>τῆς</span> 
     </span>
    </p>
   </div>
   <div class='ocr_carea' id='block_1_98' title="bbox 205 5023 1730 5104">
    <p class='ocr_par' dir='ltr' id='par_1_98' title="bbox 205 5023 1730 5104">
     <span class='ocr_line' id='line_1_98' title="bbox 205 5023 1730 5104; baseline -0.009 -17"><span class='ocrx_word' id='word_1_689' title='bbox 205 5035 330 5104; x_wconf 73' lang='grc' dir='ltr'>ἱερᾶς</span> <span class='ocrx_word' id='word_1_690' title='bbox 353 5037 612 5096; x_wconf 74' lang='grc' dir='ltr'>αἰνέσεως</span> <span class='ocrx_word' id='word_1_691' title='bbox 638 5033 729 5085; x_wconf 78' lang='grc' dir='ltr'>καὶ</span> <span class='ocrx_word' id='word_1_692' title='bbox 754 5028 1054 5098; x_wconf 82' lang='grc' dir='ltr'>δοξολογίας</span> <span class='ocrx_word' id='word_1_693' title='bbox 1069 5027 1302 5095; x_wconf 85' lang='grc' dir='ltr'>φθόγγον</span> <span class='ocrx_word' id='word_1_694' title='bbox 1321 5023 1730 5096; x_wconf 76' lang='grc' dir='ltr'>ἀνακρούοντεςο</span> 
     </span>
    </p>
   </div>
   <div class='ocr_carea' id='block_1_99' title="bbox 205 5112 1734 5198">
    <p class='ocr_par' dir='ltr' id='par_1_99' title="bbox 205 5112 1734 5198">
     <span class='ocr_line' id='line_1_99' title="bbox 205 5112 1734 5198; baseline -0.009 -20"><span class='ocrx_word' id='word_1_695' title='bbox 205 5125 245 5178; x_wconf 76' lang='lat' dir='ltr'><strong>ot</strong></span> <span class='ocrx_word' id='word_1_696' title='bbox 265 5126 336 5193; x_wconf 72' lang='grc' dir='ltr'>δὶ,</span> <span class='ocrx_word' id='word_1_697' title='bbox 365 5125 678 5198; x_wconf 78' lang='grc' dir='ltr'>προθέσεως</span> <span class='ocrx_word' id='word_1_698' title='bbox 715 5121 1025 5191; x_wconf 82' lang='grc' dir='ltr'>τελειότητα</span> <span class='ocrx_word' id='word_1_699' title='bbox 1051 5119 1147 5172; x_wconf 76' lang='grc' dir='ltr'>καὶ</span> <span class='ocrx_word' id='word_1_700' title='bbox 1197 5116 1417 5170; x_wconf 82' lang='grc' dir='ltr'>ἀένναον</span> <span class='ocrx_word' id='word_1_701' title='bbox 1446 5112 1587 5167; x_wconf 83' lang='grc' dir='ltr'>κατὰ</span> <span class='ocrx_word' id='word_1_702' title='bbox 1609 5113 1734 5166; x_wconf 84' lang='grc' dir='ltr'>νοῦν</span> 
     </span>
    </p>
   </div>
   <div class='ocr_carea' id='block_1_100' title="bbox 212 5203 1726 5286">
    <p class='ocr_par' dir='ltr' id='par_1_100' title="bbox 212 5203 1726 5286">
     <span class='ocr_line' id='line_1_100' title="bbox 212 5203 1726 5286; baseline -0.011 -14"><span class='ocrx_word' id='word_1_703' title='bbox 212 5217 552 5286; x_wconf 71' lang='grc' dir='ltr'>προσάγοντες</span> <span class='ocrx_word' id='word_1_704' title='bbox 570 5213 892 5284; x_wconf 85' lang='grc' dir='ltr'>προσευχήν·</span> <span class='ocrx_word' id='word_1_705' title='bbox 913 5213 962 5264; x_wconf 84' lang='lat' dir='ltr'><strong>ot</strong></span> <span class='ocrx_word' id='word_1_706' title='bbox 995 5210 1094 5278; x_wconf 79' lang='grc' dir='ltr'>μὲν</span> <span class='ocrx_word' id='word_1_707' title='bbox 1127 5207 1304 5260; x_wconf 81' lang='grc' dir='ltr'>πίστιν</span> <span class='ocrx_word' id='word_1_708' title='bbox 1327 5204 1608 5260; x_wconf 81' lang='grc' dir='ltr'>ἀνόθευτον</span> <span class='ocrx_word' id='word_1_709' title='bbox 1632 5203 1726 5255; x_wconf 75' lang='grc' dir='ltr'>καὶ</span> 
     </span>
    </p>
   </div>
   <div class='ocr_carea' id='block_1_101' title="bbox 209 5292 1737 5378">
    <p class='ocr_par' dir='ltr' id='par_1_101' title="bbox 209 5292 1737 5378">
     <span class='ocr_line' id='line_1_101' title="bbox 209 5292 1737 5378; baseline -0.009 -20"><span class='ocrx_word' id='word_1_710' title='bbox 209 5305 468 5378; x_wconf 79' lang='grc' dir='ltr'>είλικρινῆ,</span> <span class='ocrx_word' id='word_1_711' title='bbox 489 5308 538 5360; x_wconf 85' lang='grc' dir='ltr'>οἱ</span> <span class='ocrx_word' id='word_1_712' title='bbox 554 5306 633 5371; x_wconf 67' lang='grc' dir='ltr'>δὲ,</span> <span class='ocrx_word' id='word_1_713' title='bbox 668 5302 830 5355; x_wconf 84' lang='grc' dir='ltr'>πόθον</span> <span class='ocrx_word' id='word_1_714' title='bbox 854 5301 1110 5371; x_wconf 78' lang='grc' dir='ltr'>διάπυροι·</span> <span class='ocrx_word' id='word_1_715' title='bbox 1139 5298 1233 5351; x_wconf 73' lang='grc' dir='ltr'>καὶ</span> <span class='ocrx_word' id='word_1_716' title='bbox 1254 5296 1549 5366; x_wconf 81' lang='grc' dir='ltr'>Θεοπρεπῆ’</span> <span class='ocrx_word' id='word_1_717' title='bbox 1574 5293 1665 5347; x_wconf 86' lang='grc' dir='ltr'>καὶ</span> <span class='ocrx_word' id='word_1_718' title='bbox 1687 5292 1737 5345; x_wconf 78' lang='lat' dir='ltr'><strong>ot</strong></span> 
     </span>
    </p>
   </div>
   <div class='ocr_carea' id='block_1_102' title="bbox 209 5384 1741 5464">
    <p class='ocr_par' dir='ltr' id='par_1_102' title="bbox 209 5384 1741 5464">
     <span class='ocr_line' id='line_1_102' title="bbox 209 5384 1741 5464; baseline -0.009 -13"><span class='ocrx_word' id='word_1_719' title='bbox 209 5396 298 5464; x_wconf 66' lang='lat' dir='ltr'><strong>ph</strong></span> <span class='ocrx_word' id='word_1_720' title='bbox 313 5399 488 5461; x_wconf 79' lang='grc' dir='ltr'>αίσίως</span> <span class='ocrx_word' id='word_1_721' title='bbox 503 5396 598 5450; x_wconf 85' lang='grc' dir='ltr'>καὶ</span> <span class='ocrx_word' id='word_1_722' title='bbox 622 5392 811 5459; x_wconf 76' lang='grc' dir='ltr'>δεξιῶς</span> <span class='ocrx_word' id='word_1_723' title='bbox 835 5390 922 5445; x_wconf 70' lang='grc' dir='ltr'>τὸν</span> <span class='ocrx_word' id='word_1_724' title='bbox 950 5386 1451 5461; x_wconf 66' lang='grc' dir='ltr'>μίγανἊπόστολον</span> <span class='ocrx_word' id='word_1_725' title='bbox 1483 5384 1622 5439; x_wconf 85' lang='grc' dir='ltr'>κατὰ</span> <span class='ocrx_word' id='word_1_726' title='bbox 1642 5384 1741 5453; x_wconf 81' lang='grc' dir='ltr'>τὴν</span> 
     </span>
    </p>
   </div>
   <div class='ocr_carea' id='block_1_103' title="bbox 209 5471 1746 5554">
    <p class='ocr_par' dir='ltr' id='par_1_103' title="bbox 209 5471 1746 5554">
     <span class='ocr_line' id='line_1_103' title="bbox 209 5471 1746 5554; baseline -0.009 -14"><span class='ocrx_word' id='word_1_727' title='bbox 209 5485 323 5554; x_wconf 63' lang='lat' dir='ltr'><strong>Mp‘</strong></span> <span class='ocrx_word' id='word_1_728' title='bbox 350 5485 507 5539; x_wconf 83' lang='grc' dir='ltr'>αὐτοῦ</span> <span class='ocrx_word' id='word_1_729' title='bbox 541 5480 951 5554; x_wconf 80' lang='grc' dir='ltr'>χορηγουμὲνην</span> <span class='ocrx_word' id='word_1_730' title='bbox 972 5477 1066 5532; x_wconf 83' lang='grc' dir='ltr'><strong>τοῦ</strong></span> <span class='ocrx_word' id='word_1_731' title='bbox 1090 5476 1262 5543; x_wconf 84' lang='grc' dir='ltr'>Λόγου</span> <span class='ocrx_word' id='word_1_732' title='bbox 1291 5475 1448 5544; x_wconf 83' lang='grc' dir='ltr'>χάριν</span> <span class='ocrx_word' id='word_1_733' title='bbox 1470 5471 1746 5526; x_wconf 82' lang='grc' dir='ltr'>ἐπαινοῦν-</span> 
     </span>
    </p>
   </div>
   <div class='ocr_carea' id='block_1_104' title="bbox 214 5563 1746 5639">
    <p class='ocr_par' dir='ltr' id='par_1_104' title="bbox 214 5563 1746 5639">
     <span class='ocr_line' id='line_1_104' title="bbox 214 5563 1746 5639; baseline -0.011 -8"><span class='ocrx_word' id='word_1_734' title='bbox 214 5589 319 5639; x_wconf 75' lang='grc' dir='ltr'>τες,</span> <span class='ocrx_word' id='word_1_735' title='bbox 346 5577 392 5628; x_wconf 76' lang='grc' dir='ltr'>οἱ</span> <span class='ocrx_word' id='word_1_736' title='bbox 441 5576 521 5639; x_wconf 72' lang='grc' dir='ltr'>δὲ,</span> <span class='ocrx_word' id='word_1_737' title='bbox 559 5571 794 5632; x_wconf 78' lang='grc' dir='ltr'>συνετῶς</span> <span class='ocrx_word' id='word_1_738' title='bbox 825 5567 919 5622; x_wconf 74' lang='grc' dir='ltr'>καὶ</span> <span class='ocrx_word' id='word_1_739' title='bbox 979 5566 1180 5629; x_wconf 82' lang='grc' dir='ltr'>πιστῶς</span> <span class='ocrx_word' id='word_1_740' title='bbox 1211 5564 1273 5618; x_wconf 79' lang='grc' dir='ltr'>τὸ</span> <span class='ocrx_word' id='word_1_741' title='bbox 1304 5563 1574 5632; x_wconf 70' lang='grc' dir='ltr'>ιγκώμιον</span> <span class='ocrx_word' id='word_1_742' title='bbox 1618 5581 1746 5616; x_wconf 87' lang='grc' dir='ltr'>κατ-</span> 
     </span>
    </p>
   </div>
   <div class='ocr_carea' id='block_1_105' title="bbox 217 5652 1744 5731">
    <p class='ocr_par' dir='ltr' id='par_1_105' title="bbox 217 5652 1744 5731">
     <span class='ocr_line' id='line_1_105' title="bbox 217 5652 1744 5731; baseline -0.006 -16"><span class='ocrx_word' id='word_1_743' title='bbox 217 5665 505 5731; x_wconf 79' lang='grc' dir='ltr'>ακούοντες,</span> <span class='ocrx_word' id='word_1_744' title='bbox 553 5664 630 5727; x_wconf 80' lang='grc' dir='ltr'><strong>ὡς</strong></span> <span class='ocrx_word' id='word_1_745' title='bbox 662 5661 729 5716; x_wconf 81' lang='grc' dir='ltr'>ἂν</span> <span class='ocrx_word' id='word_1_746' title='bbox 764 5655 910 5730; x_wconf 77' lang='grc' dir='ltr'>αὐτᾷ</span> <span class='ocrx_word' id='word_1_747' title='bbox 951 5658 1078 5711; x_wconf 80' lang='grc' dir='ltr'>πᾶσι</span> <span class='ocrx_word' id='word_1_748' title='bbox 1099 5657 1318 5728; x_wconf 83' lang='grc' dir='ltr'>τρόποις</span> <span class='ocrx_word' id='word_1_749' title='bbox 1342 5652 1744 5710; x_wconf 77' lang='grc' dir='ltr'>ἐπικοινωνοῦν-</span> 
     </span>
    </p>
   </div>
   <div class='ocr_carea' id='block_1_106' title="bbox 1833 4573 3391 4642">
    <p class='ocr_par' dir='ltr' id='par_1_106' title="bbox 1833 4573 3391 4642">
     <span class='ocr_line' id='line_1_106' title="bbox 1833 4573 3391 4642; baseline 0.002 -15"><span class='ocrx_word' id='word_1_750' title='bbox 1833 4575 1957 4639; x_wconf 90' lang='lat' dir='ltr'><strong>bus,</strong></span> <span class='ocrx_word' id='word_1_751' title='bbox 1990 4575 2258 4630; x_wconf 84' lang='lat' dir='ltr'><strong>sermonis</strong></span> <span class='ocrx_word' id='word_1_752' title='bbox 2296 4574 2538 4629; x_wconf 89' lang='lat' dir='ltr'><strong>debitum</strong></span> <span class='ocrx_word' id='word_1_753' title='bbox 2565 4613 2579 4638; x_wconf 92' lang='lat'><strong>,</strong></span> <span class='ocrx_word' id='word_1_754' title='bbox 2616 4575 2902 4642; x_wconf 88' lang='lat' dir='ltr'><strong>nostrique</strong></span> <span class='ocrx_word' id='word_1_755' title='bbox 2931 4573 3114 4628; x_wconf 89' lang='lat' dir='ltr'><strong>cordis</strong></span> <span class='ocrx_word' id='word_1_756' title='bbox 3160 4573 3391 4640; x_wconf 90' lang='lat' dir='ltr'><strong>colonis,</strong></span> 
     </span>
    </p>
   </div>
   <div class='ocr_carea' id='block_1_107' title="bbox 1831 4667 3393 4736">
    <p class='ocr_par' dir='ltr' id='par_1_107' title="bbox 1831 4667 3393 4736">
     <span class='ocr_line' id='line_1_107' title="bbox 1831 4667 3393 4736; baseline 0 -13"><span class='ocrx_word' id='word_1_757' title='bbox 1831 4667 2131 4736; x_wconf 86' lang='lat' dir='ltr'><strong>salutisque</strong></span> <span class='ocrx_word' id='word_1_758' title='bbox 2179 4668 2484 4723; x_wconf 79' lang='lat' dir='ltr'><strong>cultoribus</strong></span> <span class='ocrx_word' id='word_1_759' title='bbox 2529 4681 2593 4722; x_wconf 88' lang='lat' dir='ltr'><strong>ac</strong></span> <span class='ocrx_word' id='word_1_760' title='bbox 2638 4668 2813 4723; x_wconf 88' lang='lat' dir='ltr'><strong>sacris</strong></span> <span class='ocrx_word' id='word_1_761' title='bbox 2845 4668 3134 4723; x_wconf 87' lang='lat' dir='ltr'><strong>ministris.</strong></span> <span class='ocrx_word' id='word_1_762' title='bbox 3179 4669 3393 4723; x_wconf 85' lang='lat' dir='ltr'><strong>Redda-</strong></span> 
     </span>
    </p>
   </div>
   <div class='ocr_carea' id='block_1_108' title="bbox 1829 4756 3389 4826">
    <p class='ocr_par' dir='ltr' id='par_1_108' title="bbox 1829 4756 3389 4826">
     <span class='ocr_line' id='line_1_108' title="bbox 1829 4756 3389 4826; baseline 0.003 -16"><span class='ocrx_word' id='word_1_763' title='bbox 1829 4771 1971 4821; x_wconf 88' lang='lat' dir='ltr'><strong>mus,</strong></span> <span class='ocrx_word' id='word_1_764' title='bbox 1992 4770 2112 4810; x_wconf 92' lang='lat' dir='ltr'><strong>cum</strong></span> <span class='ocrx_word' id='word_1_765' title='bbox 2137 4756 2364 4826; x_wconf 88' lang='lat' dir='ltr'><strong>reliquis</strong></span> <span class='ocrx_word' id='word_1_766' title='bbox 2380 4757 2657 4820; x_wconf 89' lang='lat' dir='ltr'><strong>omnibus,</strong></span> <span class='ocrx_word' id='word_1_767' title='bbox 2683 4767 2797 4812; x_wconf 92' lang='lat' dir='ltr'><strong>tum</strong></span> <span class='ocrx_word' id='word_1_768' title='bbox 2821 4758 3027 4826; x_wconf 90' lang='lat' dir='ltr'><strong>pariter</strong></span> <span class='ocrx_word' id='word_1_769' title='bbox 3041 4758 3215 4813; x_wconf 88' lang='lat' dir='ltr'><strong>etiam.</strong></span> <span class='ocrx_word' id='word_1_770' title='bbox 3241 4759 3389 4824; x_wconf 86' lang='lat' dir='ltr'><strong>huic,</strong></span> 
     </span>
    </p>
   </div>
   <div class='ocr_carea' id='block_1_109' title="bbox 1828 4845 3392 4919">
    <p class='ocr_par' dir='ltr' id='par_1_109' title="bbox 1828 4845 3392 4919">
     <span class='ocr_line' id='line_1_109' title="bbox 1828 4845 3392 4919; baseline 0 -17"><span class='ocrx_word' id='word_1_771' title='bbox 1828 4848 1984 4916; x_wconf 76' lang='lat' dir='ltr'><strong>cuius</strong></span> <span class='ocrx_word' id='word_1_772' title='bbox 2016 4845 2178 4901; x_wconf 84' lang='lat' dir='ltr'><strong>hodie</strong></span> <span class='ocrx_word' id='word_1_773' title='bbox 2213 4847 2415 4902; x_wconf 87' lang='lat' dir='ltr'><strong>celebri</strong></span> <span class='ocrx_word' id='word_1_774' title='bbox 2446 4848 2597 4902; x_wconf 86' lang='lat' dir='ltr'><strong>cultu</strong></span> <span class='ocrx_word' id='word_1_775' title='bbox 2639 4863 2702 4902; x_wconf 92' lang='lat' dir='ltr'><strong>ac</strong></span> <span class='ocrx_word' id='word_1_776' title='bbox 2733 4848 2894 4902; x_wconf 87' lang='lat' dir='ltr'><strong>laude</strong></span> <span class='ocrx_word' id='word_1_777' title='bbox 2939 4849 3258 4905; x_wconf 81' lang='lat' dir='ltr'><strong>memoriam</strong></span> <span class='ocrx_word' id='word_1_778' title='bbox 3280 4851 3392 4919; x_wconf 86' lang='lat' dir='ltr'><strong>agi-</strong></span> 
     </span>
    </p>
   </div>
   <div class='ocr_carea' id='block_1_110' title="bbox 1837 4933 3387 5004">
    <p class='ocr_par' dir='ltr' id='par_1_110' title="bbox 1837 4933 3387 5004">
     <span class='ocr_line' id='line_1_110' title="bbox 1837 4933 3387 5004; baseline 0.001 -16"><span class='ocrx_word' id='word_1_779' title='bbox 1837 4951 1998 4990; x_wconf 89' lang='lat' dir='ltr'><strong>mus:</strong></span> <span class='ocrx_word' id='word_1_780' title='bbox 2042 4933 2386 5004; x_wconf 89' lang='lat' dir='ltr'><strong>fructumque</strong></span> <span class='ocrx_word' id='word_1_781' title='bbox 2427 4935 2740 5002; x_wconf 84' lang='lat' dir='ltr'><strong>afferamus,</strong></span> <span class='ocrx_word' id='word_1_782' title='bbox 2786 4936 2860 4991; x_wconf 89' lang='lat' dir='ltr'><strong>ita</strong></span> <span class='ocrx_word' id='word_1_783' title='bbox 2904 4937 3167 4991; x_wconf 86' lang='lat' dir='ltr'><strong>nimirum</strong></span> <span class='ocrx_word' id='word_1_784' title='bbox 3201 4949 3260 4992; x_wconf 91' lang='lat' dir='ltr'><strong>ut</strong></span> <span class='ocrx_word' id='word_1_785' title='bbox 3299 4938 3387 4991; x_wconf 91' lang='lat' dir='ltr'><strong>alii</strong></span> 
     </span>
    </p>
   </div>
   <div class='ocr_carea' id='block_1_111' title="bbox 1835 5019 3392 5093">
    <p class='ocr_par' dir='ltr' id='par_1_111' title="bbox 1835 5019 3392 5093">
     <span class='ocr_line' id='line_1_111' title="bbox 1835 5019 3392 5093; baseline -0.001 -18"><span class='ocrx_word' id='word_1_786' title='bbox 1835 5035 2000 5076; x_wconf 83' lang='lat' dir='ltr'><strong>sacrae</strong></span> <span class='ocrx_word' id='word_1_787' title='bbox 2045 5020 2373 5075; x_wconf 87' lang='lat' dir='ltr'><strong>laudationis</strong></span> <span class='ocrx_word' id='word_1_788' title='bbox 2409 5034 2472 5074; x_wconf 89' lang='lat' dir='ltr'><strong>ac</strong></span> <span class='ocrx_word' id='word_1_789' title='bbox 2514 5019 2715 5075; x_wconf 82' lang='lat' dir='ltr'><strong>cantici</strong></span> <span class='ocrx_word' id='word_1_790' title='bbox 2757 5037 2952 5077; x_wconf 88' lang='lat' dir='ltr'><strong>sonum</strong></span> <span class='ocrx_word' id='word_1_791' title='bbox 2985 5025 3140 5093; x_wconf 89' lang='lat' dir='ltr'><strong>quasi</strong></span> <span class='ocrx_word' id='word_1_792' title='bbox 3185 5023 3392 5092; x_wconf 86' lang='lat' dir='ltr'><strong>plectro</strong></span> 
     </span>
    </p>
   </div>
   <div class='ocr_carea' id='block_1_112' title="bbox 1835 5109 3391 5183">
    <p class='ocr_par' dir='ltr' id='par_1_112' title="bbox 1835 5109 3391 5183">
     <span class='ocr_line' id='line_1_112' title="bbox 1835 5109 3391 5183; baseline 0.003 -20"><span class='ocrx_word' id='word_1_793' title='bbox 1835 5109 2041 5174; x_wconf 90' lang='lat' dir='ltr'><strong>edant;</strong></span> <span class='ocrx_word' id='word_1_794' title='bbox 2093 5109 2182 5164; x_wconf 90' lang='lat' dir='ltr'><strong>alii</strong></span> <span class='ocrx_word' id='word_1_795' title='bbox 2234 5124 2379 5174; x_wconf 86' lang='lat' dir='ltr'><strong>vero,</strong></span> <span class='ocrx_word' id='word_1_796' title='bbox 2429 5110 2596 5164; x_wconf 83' lang='lat' dir='ltr'><strong>animi</strong></span> <span class='ocrx_word' id='word_1_797' title='bbox 2657 5111 3049 5180; x_wconf 82' lang='lat' dir='ltr'><strong>perfectionem</strong></span> <span class='ocrx_word' id='word_1_798' title='bbox 3097 5114 3391 5183; x_wconf 82' lang='lat' dir='ltr'><strong>jugemque</strong></span> 
     </span>
    </p>
   </div>
   <div class='ocr_carea' id='block_1_113' title="bbox 1836 5202 3387 5269">
    <p class='ocr_par' dir='ltr' id='par_1_113' title="bbox 1836 5202 3387 5269">
     <span class='ocr_line' id='line_1_113' title="bbox 1836 5202 3387 5269; baseline 0.002 -13"><span class='ocrx_word' id='word_1_799' title='bbox 1836 5210 2015 5256; x_wconf 89' lang='lat' dir='ltr'><strong>mente</strong></span> <span class='ocrx_word' id='word_1_800' title='bbox 2044 5202 2345 5256; x_wconf 88' lang='lat' dir='ltr'><strong>orationem</strong></span> <span class='ocrx_word' id='word_1_801' title='bbox 2384 5203 2648 5269; x_wconf 76' lang='lat' dir='ltr'><strong>offerant;</strong></span> <span class='ocrx_word' id='word_1_802' title='bbox 2689 5205 2782 5258; x_wconf 89' lang='lat' dir='ltr'><strong>alii</strong></span> <span class='ocrx_word' id='word_1_803' title='bbox 2820 5222 3004 5262; x_wconf 85' lang='lat' dir='ltr'><strong>veram</strong></span> <span class='ocrx_word' id='word_1_804' title='bbox 3031 5223 3095 5261; x_wconf 86' lang='lat' dir='ltr'><strong>ac</strong></span> <span class='ocrx_word' id='word_1_805' title='bbox 3119 5208 3387 5260; x_wconf 87' lang='lat' dir='ltr'><strong>sinceram</strong></span> 
     </span>
    </p>
   </div>
   <div class='ocr_carea' id='block_1_114' title="bbox 1832 5291 3382 5362">
    <p class='ocr_par' dir='ltr' id='par_1_114' title="bbox 1832 5291 3382 5362">
     <span class='ocr_line' id='line_1_114' title="bbox 1832 5291 3382 5362; baseline -0.001 -16"><span class='ocrx_word' id='word_1_806' title='bbox 1832 5291 2019 5358; x_wconf 79' lang='lat' dir='ltr'><strong>ﬁdem,</strong></span> <span class='ocrx_word' id='word_1_807' title='bbox 2040 5291 2128 5346; x_wconf 85' lang='lat' dir='ltr'><strong>alii</strong></span> <span class='ocrx_word' id='word_1_808' title='bbox 2160 5305 2448 5344; x_wconf 91' lang='lat' dir='ltr'><strong>accensum</strong></span> <span class='ocrx_word' id='word_1_809' title='bbox 2479 5291 2835 5362; x_wconf 89' lang='lat' dir='ltr'><strong>divinumque</strong></span> <span class='ocrx_word' id='word_1_810' title='bbox 2869 5296 3070 5349; x_wconf 85' lang='lat' dir='ltr'><strong>amoris</strong></span> <span class='ocrx_word' id='word_1_811' title='bbox 3097 5294 3344 5348; x_wconf 89' lang='lat' dir='ltr'><strong>ardorem</strong></span> <span class='ocrx_word' id='word_1_812' title='bbox 3370 5311 3382 5345; x_wconf 92' lang='lat'>:</span> 
     </span>
    </p>
   </div>
   <div class='ocr_carea' id='block_1_115' title="bbox 1829 5370 3385 5454">
    <p class='ocr_par' dir='ltr' id='par_1_115' title="bbox 1829 5370 3385 5454">
     <span class='ocr_line' id='line_1_115' title="bbox 1829 5370 3385 5454; baseline 0.001 -17"><span class='ocrx_word' id='word_1_813' title='bbox 1829 5390 1992 5451; x_wconf 87' lang='lat' dir='ltr'><strong>atque</strong></span> <span class='ocrx_word' id='word_1_814' title='bbox 2023 5381 2112 5434; x_wconf 89' lang='lat' dir='ltr'><strong>alii</strong></span> <span class='ocrx_word' id='word_1_815' title='bbox 2148 5379 2568 5448; x_wconf 82' lang='lat' dir='ltr'><strong>quidemfauste</strong></span> <span class='ocrx_word' id='word_1_816' title='bbox 2601 5397 2665 5436; x_wconf 94' lang='lat' dir='ltr'><strong>ac</strong></span> <span class='ocrx_word' id='word_1_817' title='bbox 2689 5384 2918 5437; x_wconf 89' lang='lat' dir='ltr'><strong>solerter</strong></span> <span class='ocrx_word' id='word_1_818' title='bbox 2952 5399 3051 5451; x_wconf 88' lang='lat' dir='ltr'><strong>pro</strong></span> <span class='ocrx_word' id='word_1_819' title='bbox 3077 5385 3197 5454; x_wconf 89' lang='lat' dir='ltr'><strong>ejus</strong></span> <span class='ocrx_word' id='word_1_820' title='bbox 3223 5370 3385 5452; x_wconf 77' lang='lat' dir='ltr'><strong>quam</strong></span> 
     </span>
    </p>
   </div>
   <div class='ocr_carea' id='block_1_116' title="bbox 1830 5467 3382 5542">
    <p class='ocr_par' dir='ltr' id='par_1_116' title="bbox 1830 5467 3382 5542">
     <span class='ocr_line' id='line_1_116' title="bbox 1830 5467 3382 5542; baseline 0.004 -20"><span class='ocrx_word' id='word_1_821' title='bbox 1830 5467 1948 5537; x_wconf 89' lang='lat' dir='ltr'><strong>ipse</strong></span> <span class='ocrx_word' id='word_1_822' title='bbox 1993 5483 2171 5523; x_wconf 89' lang='lat' dir='ltr'><strong>sermo</strong></span> <span class='ocrx_word' id='word_1_823' title='bbox 2203 5468 2583 5524; x_wconf 89' lang='lat' dir='ltr'><strong>subministrat</strong></span> <span class='ocrx_word' id='word_1_824' title='bbox 2615 5473 2800 5540; x_wconf 69' lang='lat' dir='ltr'><strong>gratim</strong></span> <span class='ocrx_word' id='word_1_825' title='bbox 2843 5474 3070 5537; x_wconf 82' lang='lat' dir='ltr'><strong>ratione,</strong></span> <span class='ocrx_word' id='word_1_826' title='bbox 3127 5488 3382 5542; x_wconf 87' lang='lat' dir='ltr'><strong>magnum</strong></span> 
     </span>
    </p>
   </div>
   <div class='ocr_carea' id='block_1_117' title="bbox 1829 5553 3385 5634">
    <p class='ocr_par' dir='ltr' id='par_1_117' title="bbox 1829 5553 3385 5634">
     <span class='ocr_line' id='line_1_117' title="bbox 1829 5553 3385 5634; baseline 0.004 -21"><span class='ocrx_word' id='word_1_827' title='bbox 1829 5559 2147 5628; x_wconf 84' lang='lat' dir='ltr'><strong>Apostolum</strong></span> <span class='ocrx_word' id='word_1_828' title='bbox 2183 5557 2434 5623; x_wconf 88' lang='lat' dir='ltr'><strong>laudent;</strong></span> <span class='ocrx_word' id='word_1_829' title='bbox 2471 5559 2558 5612; x_wconf 89' lang='lat' dir='ltr'><strong>alii</strong></span> <span class='ocrx_word' id='word_1_830' title='bbox 2603 5556 2806 5626; x_wconf 84' lang='lat' dir='ltr'><strong>autem,</strong></span> <span class='ocrx_word' id='word_1_831' title='bbox 2847 5553 3142 5630; x_wconf 68' lang='lat' dir='ltr'><strong>prudenter</strong></span> <span class='ocrx_word' id='word_1_832' title='bbox 3167 5562 3385 5634; x_wconf 83' lang='lat' dir='ltr'><strong>ﬁdeque</strong></span> 
     </span>
    </p>
   </div>
   <div class='ocr_carea' id='block_1_118' title="bbox 1830 5645 3377 5722">
    <p class='ocr_par' dir='ltr' id='par_1_118' title="bbox 1830 5645 3377 5722">
     <span class='ocr_line' id='line_1_118' title="bbox 1830 5645 3377 5722; baseline 0 -13"><span class='ocrx_word' id='word_1_833' title='bbox 1830 5651 2194 5709; x_wconf 83' lang='lat' dir='ltr'><strong>laudationem</strong></span> <span class='ocrx_word' id='word_1_834' title='bbox 2245 5650 2588 5722; x_wconf 78' lang='lat' dir='ltr'><strong>peruudiaut,</strong></span> <span class='ocrx_word' id='word_1_835' title='bbox 2639 5663 2697 5708; x_wconf 87' lang='lat' dir='ltr'><strong>ut</strong></span> <span class='ocrx_word' id='word_1_836' title='bbox 2749 5655 2919 5711; x_wconf 76' lang='lat' dir='ltr'><strong>lltUdlS</strong></span> <span class='ocrx_word' id='word_1_837' title='bbox 2962 5655 3217 5711; x_wconf 84' lang='lat' dir='ltr'><strong>omnibus</strong></span> <span class='ocrx_word' id='word_1_838' title='bbox 3262 5645 3377 5712; x_wconf 64' lang='lat' dir='ltr'><strong>cin&#39;s</strong></span> 
     </span>
    </p>
   </div>
  </div>
