3950 6320
508 288 605 362 151

1694 296 1990 359 ΝῙΕΕΤᾺΕ
2029 301 2117 359 PA
2129 299 2554 360 PHLAGONIS

3656 300 3767 364 153

504 405 812 478 gaudentes
849 402 1209 467 commercio,
1241 400 1574 473 perfectiore
1610 420 1675 460 ex
1704 406 1799 461 illo
1820 414 2083 476 praestan-

2191 424 2294 470 τες,
2326 408 2665 481 τελειοτέρας
2691 409 2789 476 τῆς
2814 411 3035 481 χάριτος
3061 409 3119 477 ἐξ
3150 410 3314 466 αὐτοῦ
3343 410 3435 464 καὶ
3464 408 3760 480 ἀμείνονος

507 497 742 561 tiorique
793 492 967 563 gratia
1026 492 1425 562 impartiamur.
1493 494 1630 551 Hinc
1675 510 1805 552 vero
1857 495 2078 550 ordien-

506 588 657 643 dum.

577 674 673 730 Vir
701 673 791 730 hic
818 678 1242 745 sacratissimus,
1269 676 1734 746 sanctissimeque
1768 676 1860 732 Dei
1892 676 2078 751 gratim

506 769 829 824 verissimus
878 770 1079 833 Filius;
1134 785 1432 839 generosus
1475 778 1637 838 atque
1687 768 1888 823 nobilis
1936 784 2079 823 vera:

506 858 637 912 vitis
681 860 920 928 palmes;
954 861 1176 929 pinguis
1212 861 1322 924 ille,
1370 861 1538 929 opimi
1572 860 1784 915 fructus
1808 862 2078 931 longeque
2110 914 2113 919 ,

507 952 715 1020 copiosi
770 952 962 1017 ferax;
1023 968 1186 1021 quem
1247 953 1486 1007 cmlestis
1536 952 1757 1021 quidem
1815 954 2075 1023 agricola,

509 1042 669 1097 Pater
692 1052 906 1113 purget,
943 1059 1007 1097 ae
1037 1044 1131 1112 qui
1180 1043 1233 1096 in
1276 1042 1414 1098 Filio
1456 1043 1735 1098 radicatus
1766 1046 1887 1100 ltete
1927 1044 2077 1099 fron-

508 1132 654 1199 deat,
684 1135 1031 1203 fructumque
1062 1135 1234 1199 ferat;
1270 1137 1475 1205 quique
1504 1135 1723 1190 demum
1749 1136 1907 1191 uberi
1931 1138 2077 1208 jugi-

509 1241 615 1294 que
659 1227 923 1281 Paracleti
964 1228 1174 1299 irriguo
1204 1228 1543 1297 pinguescat,
1594 1243 1688 1282 seu
1732 1229 1900 1283 vitam
1941 1229 2077 1284 hau-

511 1318 615 1370 riat
645 1316 712 1369 “.
767 1316 950 1370 Palma
1002 1316 1257 1370 frondosa
1307 1326 1470 1385 atque
1518 1317 1807 1381 sublimis,
1852 1334 1883 1374 e
1931 1328 2076 1373 terra

511 1408 744 1476 primum
790 1423 965 1477 exque
1023 1407 1224 1462 infimis
1272 1418 1411 1471 orta,
1458 1416 1513 1461 at
1559 1424 1679 1478 qua:
1726 1410 2075 1479 postmodum

511 1498 725 1553 sublato
755 1498 807 1551 in
836 1500 1033 1554 emlum
1060 1500 1262 1568 stipite,
1289 1501 1354 1553 ad
1379 1500 1547 1555 Deum
1584 1502 2076 1570 usque,-virtutum

512 1590 930 1643 ascensionibus
980 1606 1195 1645 summo
1252 1592 1457 1647 vertice
1506 1591 1740 1649 exaltaia
1791 1595 1862 1648 sit
1892 1581 1915 1647 ’τ
1956 1609 2079 1663 quae

512 1680 751 1749 denique
792 1681 871 1734 sic
903 1681 1207 1751 jucundum
1259 1692 1516 1751 tantaque
1560 1683 1863 1751 placentem
1910 1686 2080 1754 pieta-

2189 499 2574 569 μετάσχοιμεν.
2624 500 2880 571 Ἀρκτέον
2910 502 2967 554 δὲ
2993 501 3264 554 ἐντεῦθεν.

2300 670 2425 739 ὗτος
2475 679 2503 730 6
2551 677 2839 747 ἱερώτατος
2893 676 3053 746 ἀνὴρ,
3120 678 3215 730 καὶ
3265 675 3363 744 τῆς
3408 668 3760 742 ἀγίαςυΘεοΰ

2185 770 2405 839 χάριτος
2424 768 2789 839 γνησιώτατος
2826 769 2939 831 υίός
2963 784 2978 799 ·
3006 766 3066 820 τὸ
3084 767 3303 835 εὐγενὲς
3332 766 3517 836 κλῆμα
3544 766 3638 816 καὶ
3674 764 3730 815 τί
3756 798 3759 801 λ

2189 877 2311 929 μιον
2335 860 2433 929 τῆς
2462 860 2711 928 ἀμπέλου
2753 860 2850 929 τῆς
2878 857 3156 929 ἀληθινῆς,
3194 858 3255 911 τὸ
3288 860 3431 922 πῖον,
3466 856 3525 909 τὸ
3553 855 3768 923 εὐκαρ-

2189 968 2289 1004 πον
2312 950 2404 1005 καὶ
2448 952 2816 1019 κατάκαρπον·
2846 938 2905 1003 τὸ
2934 950 3037 1004 ὐπὸ
3060 948 3151 1003 τοῦ
3181 948 3429 1019 οὐρανίου
3457 947 3552 1018 μὲν
3575 960 3773 1013 γεωρ-

2189 1040 2287 1109 γοῦ
2315 1041 2725 1111 καθαιρόμενον,
2747 1040 2839 1095 τοῦ
2868 1041 3080 1109 Πατρός
3111 1054 3127 1071 ⁶
3162 1038 3524 1111 ὲρῤιζωμένον
3551 1037 3607 1091 δὲ
3657 1034 3769 1088 καὶ

2188 1132 2386 1201 εὐθαλῆ
2431 1132 2525 1186 καὶ
2555 1131 2935 1203 καρποφοροῦν
2979 1132 3038 1184 ἰν
3088 1129 3167 1201 τῷ
3192 1128 3306 1199 Υίῷ
3336 1146 3353 1163 ο
3404 1128 3616 1199 δαψιλεῖ
3690 1126 3763 1179 δὲ

2189 1224 2284 1278 καὶ
2311 1223 2521 1292 ἀεννάῳ
2545 1221 2638 1275 τοῦ
2671 1222 3025 1293 Παρακλήτου
3053 1221 3418 1292 πιαινόμενον,
3444 1221 3562 1292 ἦτοι
3583 1218 3776 1284 ζωού-

2192 1332 2373 1385 μενον,
2406 1313 2593 1384 ἀρδείᾳ
2622 1330 2637 1345 ο
2665 1314 2694 1365 6
2716 1315 2888 1382 φοῖνιξ
2914 1315 2941 1368 6
2990 1314 3220 1383 εὐκομος
3249 1312 3346 1366 καὶ
3368 1312 3629 1381 ὐψίκομος
3660 1324 3679 1342 ο
3727 1309 3772 1361 6

2190 1402 2428 1458 κάτωθεν
2462 1405 2569 1457 ἀπὸ
2599 1404 2707 1473 γῆς
2742 1404 2959 1473 πρῶτον
3005 1405 3195 1472 ικφὺς,
3251 1404 3345 1457 καὶ
3382 1403 3442 1456 τὸ
3498 1402 3769 1471 στέλεχος

2187 1498 2269 1560 εἰς
2295 1496 2521 1566 οὐρανὸν
2559 1496 2783 1565 ’ὕστερον
2827 1497 3072 1560 ἀναδοὺς,
3117 1495 3397 1563 καὶμέχρι
3449 1489 3584 1546 Θεοῦ
3628 1495 3773 1553 ταῖς

2190 1580 2487 1643 ἀναϐάσεσι
2515 1588 2625 1642 τῶν
2650 1588 2861 1659 ἀρετῶν
2912 1588 3165 1658 ὐψωθείς.
3219 1588 3329 1641 Καὶ
3356 1586 3499 1640 οὓτω
3529 1585 3768 1655 θυμήρη

2189 1683 2284 1735 καὶ
2314 1679 2483 1743 οὕτως
2513 1682 2729 1751 ἣδιστον
2753 1680 2902 1750 αὐτῷ
2926 1682 3023 1751 τῆς
3062 1678 3339 1744 εὐσεϐείας
3368 1675 3771 1739 πεπλεονακὼς

514 1774 585 1828 tis
616 1772 908 1827 dulcedine
944 1773 1302 1842 multiplicem
1327 1776 1376 1829 ei
1406 1776 1645 1829 fructum
1684 1777 1995 1845 protulerit,
2028 1784 2084 1830 ut

2191 1773 2421 1843 καρπὸν,
2446 1772 2520 1835 ὡς
2544 1774 2606 1844 τῇ
2637 1772 2951 1844 ὑψηλοτάτη
2972 1772 3080 1825 τῶν
3100 1769 3409 1825 ἀποστόλων
3435 1770 3527 1822 καὶ
3558 1786 3772 1839 τιμιω-

513 1864 671 1935 longe
719 1864 1023 1936 celsissimo
1056 1864 1639 1937 venerabilissimoque
1673 1868 1928 1923 duodeno
1956 1884 2085 1939 apo-

512 1956 776 2012 stolorum
811 1957 982 2010 choro
1007 1958 1286 2013 accenseri
1312 1960 1597 2011 meruerit.

602 2048 701 2102 Hie
758 2047 925 2118 igitur
983 2064 1213 2119 magnus
1272 2064 1335 2103 ac
1396 2042 1753 2105 admirandus
1809 2051 2086 2117 Iacobus;

512 2138 818 2208 disciplinae
860 2140 951 2194 ille
985 2142 1131 2205 (vitae
1160 2141 1391 2205 scilicet)
1419 2142 1603 2195 ‘Filius
1642 2144 1772 2211 (hoc
1793 2143 1940 2197 enim
1977 2144 2083 2197 sibi

512 2230 629 2283 vult
657 2229 861 2299 Alphmi
898 2231 1190 2299 appellatio
1216 2231 1358 2301 (ιιι)
1394 2247 1516 2285 cum
1542 2234 1658 2304 lege
1692 2233 1844 2304 prius
1884 2234 2084 2291 litterae

513 2318 816 2379 institutus.
848 2318 1014 2389 inque
1045 2322 1259 2376 umbris
1291 2333 1455 2391 atque
1484 2323 1691 2393 ﬁguris,
1732 2334 1793 2379 ut
1821 2341 1918 2395 par
1942 2336 2082 2393 erat,

511 2426 662 2476 eum,
696 2412 791 2481 qui
834 2428 963 2467 vere
1012 2410 1256 2467 lsraelita
1302 2414 1521 2470 futurus
1567 2425 1733 2481 esset,
1777 2418 2086 2488 pmdoctus

513 2505 709 2562 fuisset
738 2522 800 2561 ac
825 2507 980 2576 quasi
1011 2508 1326 2561 rudimento
1350 2508 1614 2573 imbutus,
1646 2518 1706 2563 ut
1740 2510 2084 2565 solummodo

513 2596 753 2668 Spiritus
786 2599 912 2653 vitae
957 2599 1325 2669 legislatorem
1364 2600 1526 2659 vidit,
1558 2601 1650 2655 ubi
1680 2612 1891 2655 tantum
1919 2602 2084 2657 caele-

512 2697 651 2745 stem
675 2690 1015 2744 vocationem
1044 2704 1112 2744 ac
1135 2690 1372 2745 caelestis
1403 2691 1640 2759 Magistri
1663 2706 1852 2747 vocem
1894 2692 2084 2747 audire

512 2779 835 2848 promeruit,
878 2787 1061 2834 mente
1092 2778 1307 2849 fideque
1353 2780 1649 2835 enitentem
1690 2780 1745 2835 in
1780 2796 1846 2835 eo
1886 2782 2087 2835 verita-

513 2877 626 2926 tem
660 2868 1083 2941 intelligibiliter
1108 2870 1480 2938 persentiseit,
1511 2880 1572 2924 ut
1608 2872 1703 2940 qui
1742 2880 1895 2925 recto
1919 2870 2083 2925 corde

516 2970 580 3011 ac
601 2955 753 3011 verbi
780 2956 1064 3012 studiosus
1089 2964 1234 3011 esset
1258 2974 1271 3010 :
1301 2966 1362 3011 ut
1389 2965 1649 3027 tanquam
1675 2958 1790 3027 ipse
1818 2958 1975 3011 bonae
1999 2958 2083 3011 in-
2137 2971 2143 2975 ·

514 3046 676 3113 dolis,
707 3049 885 3117 ipsum
915 3058 1106 3103 natura
1129 3047 1339 3103 Bonum
1364 3048 1694 3119 intelligens,
1720 3064 1784 3104 ac
1806 3049 1985 3104 simile
2012 3050 2087 3104 si-

2190 1865 2327 1936 τάτῃ
2353 1864 2793 1937 συναριθμεῖσθαι
2826 1864 3081 1919 δωδεκάδι

2262 2035 2429 2105 Οὗτος
2462 2042 2645 2095 τοίνυν
2677 2042 2707 2094 6
2762 2041 2937 2111 μέγας
2978 2038 3232 2100 Ἰάκωϐος
3276 2035 3373 2090 καὶ
3402 2034 3717 2103 θαυμαστός
3742 2049 3767 2065 ·

2189 2131 2219 2185 6
2251 2131 2349 2201 τῆς
2392 2131 2700 2200 μαθήσεως,
2752 2129 3079 2201 ἤτοιζωῆς,
3132 2129 3250 2189 υίδς
3306 2125 3483 2196 (τοῦτο
3518 2125 3624 2195 γὰρ
3654 2123 3775 2195 τὴν

2188 2221 2285 2275 τοῦ
2326 2222 2580 2290 ’Δλφαίου
2602 2221 2794 2290 δηλοῦν
2831 2219 3248 2291 προσηγορίαν),
3287 2216 3475 2289 ἐπειδὴ
3522 2217 3613 2271 τὸν
3662 2217 3765 2271 νό-

2194 2329 2294 2385 μον
2332 2312 2427 2366 τοῢ
2466 2312 2793 2383 γράμματος
2820 2311 3235 2383 προκατηχήθη,
3275 2311 3367 2362 καὶ
3404 2309 3522 2372 ταῖς
3571 2310 3775 2369 σκιαῖς

2191 2405 2285 2459 καὶ
2310 2385 2658 2468 τοῖςντύποις,
2687 2403 2769 2465 ὡς
2797 2404 2942 2465 είκὸς
2966 2398 3035 2473 ἦν
3054 2402 3144 2455 τὸν
3170 2401 3384 2470 ἀληθῶς
3414 2398 3775 2469 Ἰσραηλίτην

2188 2496 2468 2565 ἐσόμενον,
2540 2496 3066 2565 προεπαιδαγωγήθη
3131 2494 3225 2547 καὶ
3286 2490 3769 2562 προκατηρτίσθη’

2192 2586 2268 2649 ὡς
2316 2587 2481 2657 μόνον
2529 2584 2635 2640 εἶδε
2689 2587 2782 2640 τὸν
2831 2586 3125 2655 νομοθέτην
3171 2585 3266 2639 τοῦ
3302 2584 3616 2653 Πνεύματος
3655 2584 3772 2651 τῆς

2190 2677 2357 2747 ζωῆς,
2379 2679 2456 2741 ὡς
2477 2679 2636 2746 μόνον
2647 2678 2745 2746 τῆς
2763 2677 3013 2749 οὐρανίου
3036 2677 3299 2746 κλήσεως,
3322 2677 3527 2744 καὶτῆς
3545 2672 3638 2726 τοῦ
3666 2674 3776 2727 οὐ-

2192 2769 2386 2840 ρανίου.
2413 2769 2731 2823 διδασκάλου
2755 2767 3060 2836 κατηξιώθη
3091 2767 3293 2835 φωνῆς,
3324 2764 3633 2818 αἰσθάνεται
3655 2764 3776 2831 μεν

2186 2860 2390 2931 νοερῶς
2416 2862 2510 2915 καὶ
2560 2862 2763 2925 πιστῶς
2792 2860 2889 2929 τῆς
2931 2858 3136 2928 νοητῶς
3184 2860 3241 2911 ὲν
3282 2857 3429 2925 αὐτῷ
3459 2856 3773 2924 νοουμένης

2191 2952 2472 3022 ἀληθείας,
2506 2953 2601 3006 ἀτε
2621 2951 2846 3023 καρδίας
2876 2950 3091 3014 εὐθείας
3115 2951 3209 3003 καὶ
3236 2948 3598 3020 ἀληθευτικῆς
3624 2947 3706 3000 ῶν
3740 2965 3763 2979 ·

2192 3044 2287 3097 καὶ
2315 3044 2391 3107 ὡς
2417 3042 2619 3111 ἀγαθὸς
2647 3042 2723 3095 ῶν
2743 3042 2845 3110 τὴν
2870 3041 3068 3112 ⁹ψυχὴν,
3116 3041 3177 3094 τὸ
3218 3040 3379 3109 φύσει
3432 3056 3775 3104 κατανενοη.

517 3142 634 3197 mili
657 3142 854 3197 eximia
875 3140 1113 3211 quadam
1148 3142 1360 3197 ratione
1391 3156 1712 3213 agnoscens,
1733 3143 1932 3198 mentis
1959 3159 2083 3198 eum

2191 3136 2303 3200 κὼς
2328 3135 2551 3204 ἀγαθὸν,
2573 3136 2669 3189 καὶ
2709 3136 2787 3206 τῷ
2812 3136 2982 3205 ὁμοίῳ
3012 3132 3072 3186 τὸ
3094 3133 3282 3204 ὅμοιον
3332 3134 3624 3213 ὑπερφυῶς
3653 3134 3768 3186 ἒπ-

516 3230 713 3287 aﬂ’ectu
737 3230 1121 3299 apprehendit,
1142 3215 1212 3285 'ae
1239 3230 1472 3285 indivise
1496 3231 1571 3285 illi
1605 3231 1943 3295 cohaerescit.

586 3401 656 3457 At
687 3417 795 3457 non
853 3394 1062 3472 spiritu
1085 3402 1307 3473 quidem
1332 3407 1869 3473 menteque‘vocanti
1905 3408 2089 3465 adhae-

516 3495 611 3556 sit,
637 3508 868 3563 corpore
892 3509 1023 3549 vero
1046 3494 1114 3549 ab
1138 3508 1206 3550 eo
1227 3494 1436 3565 seiungi
1459 3496 1744 3558 sustinuit,
1767 3514 1869 3554 nec
1888 3501 2085 3568 partim

520 3584 725 3641 mundo
756 3594 919 3654 atque
954 3585 1142 3640 saeculi
1172 3584 1463 3641 desideriis
1495 3588 1777 3657 turbisque
1802 3589 2086 3660 impende-

520 3669 701 3739 batur,
725 3676 1034 3745 partimque
1060 3674 1241 3745 ipsum
1272 3677 1611 3745 sequendum
1649 3679 1889 3745 putavit;
1919 3696 2083 3749 quem

518 3767 679 3836 plane
708 3781 819 3820 non
858 3767 1076 3837 lateret,
1115 3765 1232 3821 ﬁeri
1270 3781 1381 3822 non
1414 3782 1573 3837 posse
1619 3776 1679 3821 ut
1706 3770 1831 3838 quis
1870 3770 2087 3825 duobus

517 3856 756 3911 dominis
783 3872 975 3911 servus
999 3857 1250 3912 addictus
1271 3858 1342 3911 sit
1362 3858 1408 3890 "
1436 3875 1448 3910 :
1484 3858 1615 3927 quin
1641 3871 1710 3913 ne
1738 3861 1831 3914 uni
1862 3862 2084 3927 quidem

514 3948 805 4017 eidemque
827 3949 1251 4018 obsequebatur,
1282 3950 1355 4003 ita
1372 3965 1502 4004 vero
1529 3959 1589 4003 ut
1617 3951 1671 4004 in
1697 3967 1785 4006 res
1805 3968 1932 4009 suas
1953 3954 2085 4009 satis

520 4040 793 4110 putaverit
837 4055 943 4094 una
982 4040 1194 4095 honesti
1231 4044 1476 4111 rectique
1517 4052 1670 4110 parte
1702 4042 1954 4113 defungi;
1991 4052 2085 4098 aut

516 4130 732 4185 scilicet
772 4144 1049 4196 sermone,
1089 4132 1364 4200 praeclaras
1414 4133 1646 4191 actionis
1682 4148 1787 4201 ope
1837 4143 2082 4198 carente,

517 4232 614 4275 out
644 4222 881 4285 actione,
929 4236 1092 4290 quam
1137 4223 1409 4275 sermonis
1458 4221 1547 4275 lux
1596 4230 1661 4276 ac
1703 4222 2079 4289 doctrinarum

518 4309 783 4363 ueiiceret
814 4326 827 4361 :
865 4309 959 4363 sed
995 4309 1242 4378 utrisque
1294 4310 1530 4379 ingenue
1574 4310 1893 4373 admodum,
1926 4320 1982 4365 et
2023 4321 2083 4365 ut

520 4399 781 4469 magistro
810 4412 1109 4469 congruum
1153 4409 1287 4464 erat,
1318 4401 1503 4455 animo
1536 4401 1783 4463 allectus.
1818 4413 1934 4457 tum
1972 4402 2082 4472 spi-

520 4669 850 4741 pientiaaque
877 4680 932 4725 et
959 4671 1266 4739 prudentiae
1315 4682 1479 4740 atque
1518 4672 1705 4741 gratiae
1740 4673 2086 4729 sermonibus

482 4776 708 4816 .aurem
754 4762 925 4831 probe
974 4762 1365 4831 intelligentem
1416 4762 1705 4829 adhibens,
1763 4763 1883 4835 ejus
1928 4765 2084 4819 chori

519 4852 831 4922 principum
880 4868 945 4906 ea
976 4861 1131 4922 parte
1170 4852 1305 4905 nulli
1345 4852 1621 4906 secundus
1667 4859 1806 4916 erat,
1852 4852 2087 4922 fideique

461 4929 466 4933 ’
520 4941 783 5010 operibus
822 4956 885 4995 ac
918 4941 1225 4995 dilectionis
1277 4941 1391 5009 pari
1423 4940 1531 4994 illis
1567 4939 1730 4993 modo
1773 4940 1857 4993 vir
1902 4941 2078 4994 admi-

520 5032 727 5085 randus
758 5031 1053 5100 perfectus,
1078 5030 1170 5099 qui
1207 5030 1360 5085 ﬁeret
1392 5040 1451 5083 ut
1494 5031 1549 5084 in
1595 5045 1906 5098 supremam
1937 5031 2081 5085 anti-

494 5121 951 5190 quissimamque
1002 5121 1373 5188 apostolorum
1414 5122 1641 5177 classem
1679 5122 1923 5192 cooptari
1974 5137 2082 5179 non

520 5209 866 5262 mereretur?

593 5299 885 5367 Postquam
916 5299 1065 5354 enim
1127 5300 1364 5369 legitima
1425 5300 1502 5355 illi
1562 5302 1907 5356 contubernii
1961 5319 2087 5359 eum

519 5387 741 5444 Christo
776 5387 1128 5457 indi‘vismque
1170 5387 1475 5442 sedulitatis
1507 5390 1644 5444 ratio
1668 5390 1902 5446 ineunda
1931 5402 2053 5447 erat
2074 5435 2090 5459 ,

596 5545 638 5573 ⁵⁸
678 5542 833 5598 ιοοη.
866 5555 953 5608 ιν,
988 5545 1038 5597 1.
1110 5542 1154 5577 η
1189 5544 1378 5599 Mattht
1438 5560 1485 5599 vr
1514 5582 1531 5611 ,
1576 5544 1665 5601 2L

2194 3226 2472 3295 εγνωκὼς,
2503 3218 2926 3297 καταδράττεται
2954 3225 3144 3279 τούτου
3177 3224 3411 3278 διαθέσει
3437 3211 3634 3295 φυχῆς,
3661 3227 3771 3283 καὶ

2189 3318 2345 3371 ἀδιατ
2354 3319 2537 3387 μήτως
2566 3317 2989 3387 προσκολλᾶται.

2274 3410 2414 3464 Ἀλλ’
2450 3410 2509 3462 οὐ
2538 3408 2809 3477 πνεύματι
2850 3408 2947 3477 μὲν
2971 3408 3066 3462 καὶ
3094 3408 3176 3462 νοῒ
3200 3406 3277 3477 τῷ
3305 3404 3596 3476 κεκληκότι
3628 3422 3769 3459 συν·-

2188 3500 2407 3571 εφύετο.
2488 3499 2566 3569 τῷ
2617 3498 2830 3568 σώματι
2864 3496 2921 3551 at
2969 3498 3259 3569 διῃρῆσθαι
3306 3498 3499 3551 τούτου
3531 3497 3766 3550 κατεδέ-

2188 3607 2345 3663 χετο’
2378 3590 2560 3645 οὐδ’ἐν
2583 3592 2737 3660 μέρει
2759 3590 2854 3659 μὲν
2882 3587 2957 3658 τῷ
2988 3589 3176 3659 κόαμῳ
3196 3589 3293 3643 καὶ⁵
3321 3591 3441 3651 ταῖς
3464 3590 3768 3657 κοσμικαῖς

2189 3682 2503 3752 ἐπιθυμίαις
2556 3670 2650 3735 κάι
2696 3680 2925 3750 τύρϐαις
2965 3680 3329 3753 ἀπησχόλητο,
3362 3682 3421 3733 ὲν
3477 3680 3631 3751 μέρει
3695 3679 3760 3733 δὲ

2186 3773 2359 3845 τούτῳ
2388 3772 2621 3827 ἔπεσθαι
2657 3770 2789 3841 ῷετο
2827 3772 2955 3831 δεῖν,
3002 3770 3121 3823 δυσὶ
3148 3770 3357 3839 κυρίοις
3397 3767 3759 3823 δεδουλῶσθαι

2187 3866 2499 3920 ἀνένδεκτον
2543 3861 2700 3924 uaco;
2736 3860 2795 3914 δν
2816 3878 2829 3892 ο
2870 3859 2980 3913 οὐδ’
3000 3860 3081 3912 ἐνὶ
3108 3860 3205 3930 μὲν
3240 3860 3333 3915 καὶ
3361 3860 3436 3930 τῷ
3466 3860 3613 3929 αὐτῷ
3653 3877 3763 3913 κα-

2183 3956 2444 4026 ταπειθὴς
2467 3951 2555 4025 ἦν,
2575 3953 2806 4008 καθ”ινα
2822 3952 2878 4005 δὲ
2902 3952 3103 4022 τρόπον
3130 3951 3407 4022 αὔταρκες
3433 3951 3758 4021 εὐαρεστεῖν

2186 4050 2390 4119 ἠγεῖτο,
2412 4047 2445 4117 ἢ
2465 4047 2607 4115 λόγῳ
2631 4044 2881 4113 πράξεως
2910 4042 3227 4115 ἀμοιροῦντι
3270 4042 3468 4108 δεξιᾶς,
3497 4042 3529 4112 ἦ
3555 4041 3755 4112 πράξει

2186 4138 2280 4193 τοῦ
2328 4137 2438 4190 τῶν
2491 4136 2665 4202 λόγων
2695 4135 2995 4205 λειπομένη
3020 4133 3192 4201 φωτός
3222 4148 3247 4168 ·-
3290 4131 3412 4186 κατ’
3478 4130 3643 4199 ἄμφω
3694 4130 3756 4184 δι

2185 4228 2303 4282 λίαν
2319 4225 2556 4295 εὐφυῶς,
2577 4226 2825 4294 καὶπρὸς
2853 4225 2942 4277 τὸν
2966 4212 3292 4276 ⁵διδάσκαλον
3312 4224 3388 4291 ἀρ
3397 4221 3595 4289 μοδίως
3625 4222 3754 4274 διαο

2185 4318 2460 4388 κείμενος.
2489 4314 2588 4369 καὶ
2613 4311 2882 4383 πνὲύματι
2919 4314 3037 4376 ὅλος
3066 4311 3130 4365 δι’
3152 4311 3273 4363 ὅλου
3314 4310 3659 4381 συνήρμοστό
3690 4326 3755 4367 τε

2154 4438 2157 4439 ν
2186 4402 2281 4463 καὶ
2309 4407 2600 4475 συνήνωτο,
2660 4406 2754 4457 καὶ
2803 4403 3015 4473 σώματι
3050 4402 3469 4455 ἀναπόσπαστον
3509 4401 3605 4471 τὴν
3633 4403 3757 4468 μετ’

522 4488 631 4543 ritu
664 4499 814 4544 totus
860 4489 1081 4558 penitus
1114 4490 1191 4543 illi
1233 4500 1520 4545 consertus
1552 4506 1616 4546 ac
1657 4492 1911 4547 couuitus
1940 4481 2080 4560 erat,
2116 4461 2158 4521 Β
2187 4480 2388 4554 ascani

425 4603 431 4611 -
520 4583 636 4634 tum
666 4596 898 4649 corpore
928 4580 1189 4635 indlvisas
1210 4597 1333 4635 cum
1360 4582 1453 4635 illo
1479 4597 1659 4636 moras
1682 4580 1965 4650 trahebat;
1998 4600 2083 4639 sa-

2187 4498 2352 4554 αὐτοῦ
2377 4498 2642 4568 πεποίηκε
2663 4495 2966 4568 διατριϐήν·
3000 4495 3092 4548 καὶ
3114 4493 3293 4560 λόγοις
3319 4494 3417 4563 μὲν
3432 4493 3622 4561 σοφίας
3656 4493 3754 4545 καὶ

2191 4591 2457 4653 συνέσεως
2493 4590 2588 4641 καὶ
2630 4590 2847 4659 χάριτος
2872 4586 3153 4641 εὐσύνετον
3182 4585 3270 4647 οὓς
3297 4585 3752 4655 παρατιθέμενος,

2189 4684 2401 4746 οὐδενὸς
2426 4681 2569 4736 κατά
2587 4682 2757 4737 ταῦτα
2781 4682 2885 4734 τῶν
2914 4679 3221 4749 κορυφαίων
3251 4679 3575 4731 ἀπελείπετο
3606 4694 3623 4709 ·
3657 4679 3759 4730 καὶ

2192 4775 2377 4846 ἔργοις
2424 4774 2479 4828 δὲ
2514 4774 2750 4837 πίστεως
2772 4774 2867 4826 καὶ
2905 4773 3235 4841 ἀγαπήσεως
3286 4770 3487 4840 ὁμοίως
3520 4769 3759 4833 ἐκείνοις

2190 4868 2220 4920 6
2266 4866 2567 4935 θαυμάσιος
2622 4864 3076 4933 κατηρτισμένος,
3107 4862 3223 4924 πῶς
3269 4862 3368 4914 οὐκ
3391 4860 3609 4929 ἔμελλεν
3652 4858 3758 4930 τῆς

2186 4956 2442 5009 ἀνωτάτω
2484 4955 2575 5008 καὶ
2620 4955 2995 5025 πρεσϐυτάτης
3041 4953 3151 5007 τῶν
3200 4953 3509 5007 ἀποστόλων
3545 4950 3759 5015 τάξεως

2189 5042 2555 5113 κατηξιῶσθαι
2582 5061 2595 5107 ;

2280 5301 2496 5370 Ἐπειδὴ
2551 5302 2657 5373 γάρ
2714 5302 2942 5371 νόμιμον
2991 5300 3098 5353 ἔδει
3148 5300 3318 5369 τούτῳ
3356 5297 3610 5365 γενέσθαι
3650 5295 3756 5365 τὴν

2202 5393 2450 5464 μετάτοῦ
2478 5394 2712 5463 Χριστοῦ
2754 5393 3037 5463 διατριϐήν
3062 5409 3076 5423 ·
3130 5392 3292 5463 νόμος
3330 5391 3386 5446 δὲ
3430 5387 3752 5461 μαθητείαῇ

598 5681 1002 5743 (ειοιρλιοιηειιε
1032 5683 1184 5755 quasi
1222 5685 1413 5750 άοαον,
1459 5684 1583 5752 αυτ,
1613 5686 1764 5742 verb.
1800 5669 1935 5763 ενι-»ι
1974 5686 2147 5738 didicit
2176 5668 2290 5761 ηιικ
