3950 6320
211 308 318 378 ’57
936 311 1216 373 ORATIO
1249 312 1416 376 VIII.
1445 339 1512 351 -
1541 313 1622 375 ΙΝ
1659 315 1969 379 LAUDEM
2004 320 2061 383 S.
2100 318 2355 381 JACOBI
2391 318 2703 381 ALPHEI.
3348 319 3451 383 158

294 422 455 476 Ἀλλά
474 421 583 493 γὰρ
610 421 801 478 ἔλαθεν
826 424 856 478 ό
882 422 1061 493 λόγος,
1090 424 1275 498 ὥσπερ
1299 427 1464 492 ἵππος
1496 428 1765 494 ὠκύτατος

1944 432 2237 489 Enimvero
2287 434 2415 504 equi
2471 433 2640 488 instar
2689 431 3058 504 pernicissimi
3114 433 3434 505 imprudens

214 514 306 567 εδν
338 513 615 582 ἀναϐάτην
641 515 1003 585 συνηρπακὼς
1032 532 1049 548 ο
1079 518 1172 571 καὶ
1223 518 1330 588 πρὸ
1378 521 1487 573 τῶν
1550 519 1765 589 ἀγώνων

1886 523 2064 578 oratio
2096 523 2256 593 longe
2275 540 2542 579 sessorem
2566 524 2945 594 corripuit;ac
2960 534 3090 580 ante
3119 526 3447 593 certamina,

208 606 569 675 ὑπαγορεύων
605 606 731 668 τοὺς
785 607 1099 676 στεφάνους.
1136 607 1298 661 Ἀλλά
1352 608 1426 679 μὴ
1464 609 1765 681 θαυμάσητε

1888 627 2119 669 coronas
2154 614 2423 669 edisserit.
2469 615 2546 670 Ne
2578 631 2675 669 vos
2715 625 2893 669 tamen
2936 615 3232 671 celeritatis
3266 618 3448 673 admi-

206 695 307 764 τῆς
329 694 650 766 ταχύτητος.
666 695 876 765 Τρόπον
904 696 1011 765 γὰρ
1030 697 1317 769 άστραπῆς
1333 699 1561 764 ἐξάπινα
1574 701 1670 771 τὴν
1696 704 1777 756 ol-

208 803 310 839 κου
318 787 487 857 μένην
516 788 981 858 περιαυγαζούσης
1002 790 1149 859 ὅλην,
1167 791 1411 863 καὶπρὸς
1437 794 1635 864 ἑαυτὴν
1655 792 1777 848 θάτ-

203 892 301 929 ιιον
323 876 782 948 ἀνακαμπτούσης
799 878 974 946 λόγου,
998 879 1215 952 οὕτωςὴ
1246 876 1574 953 ἀποστολικὴ
1599 884 1778 956 χάρις,

209 966 431 1037 ἀθρόως
449 969 547 1033 τάς
570 970 679 1023 τῶν
706 970 873 1047 ᾂθνῶν
916 972 1140 1041 καρδίας
1194 975 1635 1045 περιλάμποντα,
1682 976 1779 1031 καὶ

210 1058 461 1131 ἁχρόνως
490 1060 588 1131 τὴν
613 1062 780 1131 αὐτῆς
798 1061 1029 1132 δύναμιν
1058 1065 1519 1133 ἀπαστράπτουσα
1536 1104 1551 1128 ,
1579 1067 1778 1137 τρόπον

208 1148 335 1203 τινά
381 1151 577 1220 ιαυτῆς
628 1169 686 1205 τε
724 1152 827 1218 ἔξω
858 1152 1102 1221 γίνεται,
1151 1157 1244 1208 καὶ
1271 1159 1350 1219 είς
1402 1157 1596 1228 ἑαυτὴν
1627 1155 1779 1222 αὖθις

213 1238 540 1293 ὰνεικῦπτει.
594 1241 789 1305 Καθὼς
806 1242 910 1297 'obv
938 1239 1049 1307 οἷός
1077 1245 1136 1297 τέ
1160 1246 1297 1308 ἐστι,
1330 1248 1422 1299 καὶ
1445 1246 1474 1303 ὁ
1505 1249 1629 1318 περὶ
1670 1249 1778 1302 τῶν

213 1327 381 1381 θείων
412 1328 585 1396 λόγος,
627 1334 693 1402 τῇ
727 1332 837 1387 τῶν
882 1333 1233 1404 ὐμνουμένων
1261 1337 1353 1389 ὑπ’
1395 1336 1561 1391 αὑτοῦ
1600 1356 1773 1409 πραγο

216 1418 409 1488 μάτων
437 1419 807 1490 ἰξομοιοῦσθαι
834 1423 1143 1495 γοργότητι,
1171 1426 1288 1495 ἦτοι
1325 1426 1560 1497 θειότητι
1588 1432 1778 1500 πειρᾶο

212 1525 302 1561 ται
342 1524 357 1539 ·
384 1511 478 1563 καὶ
514 1510 703 1582 ὥσπερ
732 1513 785 1565 αί
831 1513 940 1567 ὁδοὶ
965 1515 1063 1591 τῆς
1089 1514 1185 1568 τοῦ
1212 1516 1349 1569 Θεοῦ
1373 1518 1563 1587 σοφίας
1589 1518 1647 1571 ὲν
1676 1518 1776 1572 θα-

212 1599 416 1671 λάσση,
462 1601 555 1654 καὶ
600 1603 656 1656 αί
679 1602 854 1672 τρίϐοι
884 1603 1054 1676 αὐτῆς
1102 1606 1161 1659 ιν
1184 1605 1336 1661 ὕδασι
1364 1606 1451 1660 διά
1477 1607 1537 1661 τὸ
1569 1608 1775 1662 ἀκατά-

210 1688 417 1756 ληπτον
453 1688 716 1759 ὕμνηνται
756 1692 991 1759 πολλοῖς,
1033 1695 1127 1748 καὶ
1160 1694 1225 1749 τά
1252 1697 1372 1767 τχνη
1408 1697 1507 1749 οὐκ
1527 1697 1778 1767 ἐπιγινώ-

211 1792 479 1830 σκονταιο
536 1778 679 1832 οὕτω
726 1781 821 1834 καὶ
867 1778 976 1836 τῶν
1029 1783 1129 1855 τῆς
1180 1785 1371 1853 σοφίας
1402 1787 1627 1854 τέκνων,
1661 1790 1771 1843 τῶν

210 1868 553 1934 πανολϐίων,
583 1872 745 1938 λέγω,
797 1873 1033 1945 Χριστοῦ
1090 1878 1366 1947 μαθητῶν,
1414 1879 1771 1954 δυσθεώρητοι

213 1957 316 2028 μιν
350 1961 407 2013 αί
454 1959 584 2025 ὁδοὶ,
635 1962 1029 2031 ἀνεπίγνωστοι
1080 1965 1137 2020 δι
1185 1968 1321 2036 πρὸς
1373 1970 1658 2040 ἀκρίϐειαν
1716 1972 1773 2025 αί

214 2049 445 2119 πράξεις
476 2064 494 2082 ⁶
534 2052 631 2105 καὶ
662 2054 837 2108 πάντα
871 2053 1016 2120 νοῦν,
1045 2055 1140 2110 καὶ
1164 2057 1341 2112 πάντα
1378 2060 1532 2129 λόγον
1566 2060 1773 2132 ἀνθρὼ-

208 2155 365 2192 πινον
386 2142 441 2194 αι
472 2141 672 2197 τούτων
694 2143 1144 2213 ὑπερεκϐαίνουσι
1176 2148 1586 2217 μεγαλουργίαι.

282 2229 453 2285 ⁹Οθεν
476 2233 569 2285 καὶ
591 2234 721 2302 ἡμῖν
745 2234 775 2287 δ
797 2235 949 2303 λόγος
976 2234 1052 2305 τῷ
1064 2236 1159 2306 τῆς
1181 2237 1483 2301 ὑποθέσεως
1503 2238 1772 2309 ἀνεφίκτῳ

210 2318 664 2391 συστελλόμενος,
732 2324 947 2395 μακρὰν
1016 2326 1227 2398 χαίρειν
1284 2331 1351 2399 τῇ
1423 2330 1772 2402 μακρηγορία

212 2408 396 2478 φησίν.
423 2412 641 2479 Ἀμμον
670 2413 796 2483 γὰρ,
820 2414 893 2479 ὡς
932 2414 998 2469 τά
1017 2415 1184 2483 Λόγιά
1209 2435 1391 2488 φησιν,
1421 2420 1770 2482 θαλασσῶν,

210 2498 248 2565 ἢ
275 2500 458 2555 ὑετοῦ
485 2504 804 2571 σταγόνας,
834 2504 872 2572 ἢ
900 2502 1123 2575 ἡμέρας
1156 2507 1392 2575 aliIn-oc,
1433 2510 1529 2576 τίς
1574 2510 1771 2578 ἐξαρι-

210 2590 473 2657 θμήσειῖ
506 2594 770 2648 ’Δϐυσσον
798 2595 853 2649 δὲ
890 2595 1203 2667 θαυμάτων,
1234 2600 1328 2652 καὶ
1362 2600 1453 2653 τοῦ
1482 2600 1772 2654 θεοπτικω-

211 2678 373 2733 τάτου
409 2682 599 2751 σοφίαν
632 2682 907 2749 Ἰακώϐου,
925 2685 1269 2752 διδασκαλίας
1291 2706 1346 2741 τε
1375 2689 1649 2759 οὐρανίας,
1673 2692 1769 2746 καὶ

211 2765 488 2837 θεολογίας
539 2770 757 2841 βυθοὺς,
809 2773 892 2838 τίς
924 2774 1252 2844 δξιχνιάσεις
1295 2776 1379 2841 τίς
1423 2777 1532 2830 τῶν
1580 2779 1767 2849 δαιμό-

211 2876 313 2912 νων
338 2859 441 2933 τὴν
471 2862 781 2934 καθαίρεσιν
827 2864 916 2918 καὶ
954 2867 1244 2930 ἀποδίωξιν
1265 2906 1280 2933 ,
1348 2868 1457 2921 τῶν
1489 2869 1765 2939 ἀνθρωπί-

210 2966 313 3002 νων
334 2950 525 3053 παθῶν
548 2952 641 3006 καὶ
664 2954 829 3007 νόσων
855 2955 953 3025 τὴν
981 2951 1121 3009 ίασῖν
1166 2958 1259 3011 καὶ
1280 2958 1633 3028 ἀφαίρεσινη
1650 2960 1773 3057 εῷζ

1890 704 2029 757 ratio
2073 711 2272 758 teneat.
2319 705 2569 775 Fulguris
2604 705 2749 758 enim
2784 705 2839 758 in
2882 720 3111 772 morem,
3156 715 3329 761 telum
3365 722 3451 762 re-

1885 800 2047 861 pente
2101 794 2289 847 orbem
2342 793 2844 864 circunifulgentis,
2886 805 3046 863 atque
3099 794 3153 849 in
3208 796 3448 865 seipsum

1885 880 2034 938 dicto
2074 883 2238 939 citius
2283 884 2647 949 recurrentis;
2680 883 2758 937 sic
2782 872 3071 952 apostolica
3100 883 3286 954 gratia:
3317 899 3449 953 gen-

1887 972 2022 1028 tium
2048 982 2271 1043 repente
2303 972 2758 1027 circumlustrans
2788 982 3031 1041 pectora,
3058 982 3449 1043 momentoque

1884 1062 1992 1116 vim
2032 1077 2183 1117 suam
2212 1063 2564 1132 eﬂ‘ulgurans,
2599 1070 2710 1115 tum
2748 1070 2899 1116 extra
2950 1077 3008 1117 se
3045 1063 3449 1131 quodammodo

1884 1151 2016 1215 exit,
2070 1158 2182 1204 tum
2232 1166 2421 1205 rursus
2462 1151 2516 1204 in
2563 1152 2797 1219 seipsam
2832 1151 3071 1207 subsilit.
3096 1151 3288 1218 Quoad
3315 1166 3447 1223 ergo

1884 1256 1982 1310 per
2006 1240 2315 1295 facultatem
2347 1241 2471 1295 licet
2503 1249 2558 1295 et
2584 1241 2697 1310 ipsa
2728 1242 2795 1296 de
2830 1241 3029 1297 divinis
3051 1242 3297 1297 instituta
3323 1258 3448 1299 ora-

1885 1333 1979 1397 tio,
2008 1346 2188 1385 rerum
2214 1347 2349 1399 quas
2376 1321 2970 1385 laudat-incitationem
3002 1348 3066 1386 ac
3099 1333 3445 1388 vivacitatem

1883 1422 1903 1493 (
1927 1422 2268 1476 divinitatem
2298 1422 2508 1476 scilicet
2536 1422 2554 1493 )
2580 1422 2822 1477 aemulari
2846 1423 3151 1478 contendit.
3191 1426 3270 1478 Ae
3297 1425 3445 1479 sicut

1890 1513 2090 1569 divina:
2130 1514 2407 1583 sapientiae
2455 1515 2554 1568 via:
2603 1514 2659 1568 in
2700 1514 2860 1577 mari,
2890 1515 3116 1585 ejusque
3151 1515 3358 1569 semitae
3388 1515 3445 1569 in

1883 1605 2059 1675 aquis,
2100 1620 2167 1661 eo
2204 1606 2349 1676 quod
2396 1607 2556 1677 vulgo
2597 1592 2983 1676 comprehendi
3042 1621 3151 1660 non
3194 1607 3442 1676 possint,

1884 1696 2174 1751 laudantur
2196 1738 2210 1761 ,
2238 1708 2293 1754 et
2318 1698 2544 1768 vestigia
2579 1714 2686 1752 non
2719 1706 3122 1768 cognoscuntur
3150 1714 3162 1751 :
3193 1698 3273 1752 sic
3303 1714 3444 1767 quo-

1878 1804 1984 1857 que
2045 1787 2281 1842 filiorum
2326 1789 2606 1859 sapientiae
2662 1789 2683 1860 (
2737 1789 3175 1843 beatissimorum
3235 1789 3445 1843 scilicet

1879 1864 2081 1933 Christi
2115 1866 2529 1947 discipulorum)
2557 1879 2655 1933 viai
2683 1878 2958 1933 intellectu
2988 1878 3254 1943 difﬁciles,
3293 1879 3444 1948 igno-

1882 1968 2097 2038 taeque(
2130 1983 2290 2036 quam
2336 1976 2395 2021 ut
2425 1977 2615 2021 exacte
2656 1968 2779 2037 quis
2812 1967 3078 2036 percipiat
3110 1969 3125 2034 )
3164 1968 3436 2044 actiones:

1880 2055 2097 2110 illorum
2126 2056 2360 2125 denique
2382 2057 2663 2126 magniﬁca
2694 2072 2879 2125 opera,
2901 2070 3117 2111 omnem
3150 2057 3441 2110 humanam

1876 2144 2177 2200 orationem
2211 2145 2480 2198 excedunt
2515 2161 2578 2199 ae
2608 2145 2877 2199 rationem
2910 2147 2968 2178 "‘
3430 2154 3431 2157 ‘

1945 2232 2305 2297 Quamobrem
2324 2234 2486 2287 etiam
2508 2234 2686 2299 nobis,
2705 2251 2813 2305 prae
2829 2237 3133 2303 argumenti
3152 2236 3440 2306 dignitate,

1876 2336 2225 2393 quam.nemo
2251 2322 2408 2379 facile
2436 2326 2649 2394 assequi
2675 2326 2866 2395 possit,
2892 2326 3005 2396 ipsa
3031 2342 3089 2381 se
3113 2327 3442 2381 contraliens

1876 2412 2092 2479 oratio,
2149 2414 2372 2483 prolixa
2440 2408 2753 2484 loquacitati
2812 2416 3029 2485 longum
3091 2418 3209 2471 vale
3280 2417 3435 2470 dicit.

1875 2502 2107 2556 Arenam
2129 2501 2277 2557 enim
2308 2503 2328 2573 (
2361 2503 2513 2556 aiunt
2544 2502 2728 2557 divina
2749 2504 2970 2558 oracula
3001 2504 3018 2573 )
3044 2505 3272 2557 marium
3299 2543 3313 2567 ,
3344 2512 3437 2557 aut

1874 2587 2062 2663 pluvia
2089 2602 2283 2664 guttas,
2325 2592 2405 2647 vel
2450 2594 2556 2646 dies
2582 2594 2778 2658 seculi,
2827 2596 2941 2664 quis
2989 2595 3387 2648 enumerabit"
3414 2595 3441 2649 .’
3513 2625 3516 2629 ε

1873 2682 2140 2753 Abyssum
2175 2698 2304 2738 vero
2329 2683 2738 2747 miraculorum,
2770 2682 3189 2752 divinorumque
3210 2681 3439 2738 scientia

1871 2770 2323 2841 perspicacissimi
2349 2770 2532 2829 Jacobi
2570 2769 2910 2839 sapientiam,
2949 2770 3295 2839 cmlestisque
3336 2770 3439 2824 do-

1874 2860 2039 2915 trinaa‘
2081 2876 2144 2916 ac
2190 2860 2498 2930 Theologia:
2545 2860 2834 2929 profunda,
2887 2859 3010 2929 quis
3060 2860 3439 2930 investigabitf

1873 2952 2303 3023 proﬂigationem
2334 2952 2641 3006 daemonum
2664 2962 2720 3006 et
2740 2952 3115 3022 expulsionem
3137 2969 3152 3017 ;
3177 2953 3438 3006 humana-

210 3037 418 3107 νεκρῶν
456 3042 557 3112 τὴν
607 3044 917 3111 ἀνάστασιν,
944 3045 1051 3099 τῶν
1080 3047 1267 3116 χωλῶν
1298 3050 1396 3117 τὴν
1440 3037 1765 3119 ἀνάῤῥωσινῖ

1873 3059 1989 3098 rum
2051 3043 2362 3113 passionum
2436 3043 2864 3111 morborumque
2945 3043 3287 3097 curationem
3369 3057 3437 3097 ac

210 3129 314 3185 τῶν
342 3131 561 3201 τυφλῶν
606 3134 703 3204 τὴν
738 3134 1048 3206 ἀνάϐλεψιν,
1101 3136 1195 3192 καὶ
1237 3139 1418 3210 πάσης
1459 3140 1757 3211 πηρώσεως

213 3218 459 3287 σώματος
484 3222 655 3291 τάςζίν
678 3222 896 3292 ὀνόματι
911 3225 1081 3295 ’1ησοῦ
1105 3226 1395 3296 θεραπείας
1416 3230 1759 3300 ἀναγράψαις

212 3307 301 3374 τίς
331 3309 435 3374 τὰς
473 3311 683 3384 μακρὰς
708 3313 1029 3386 ὁδοιπορίας,
1055 3315 1153 3379 τὰς
1197 3317 1599 3383 ἀκαταστασίας
1633 3319 1764 3391 (‘29),

210 3399 329 3464 σοὺς
358 3400 656 3480 κινδύνους,
686 3404 782 3466 τάς
816 3404 1188 3474 πολυτρόπους
1231 3408 1625 3472 ἐπαναστάσεις
1670 3412 1765 3464 καὶ

212 3489 500 3559 ιπαγωγάς
548 3493 657 3547 τῶν
727 3492 1105 3563 Ἐλληνιστῶνς
1172 3498 1272 3551 ὅσα
1341 3499 1399 3552 ιν
1460 3499 1763 3568 Ἐλευθερο-

212 3581 358 3637 πῦλει
394 3583 546 3651 παρά
573 3582 676 3638 τῶν
703 3586 799 3652 τῆς
828 3586 1076 3649 ἀσεϐείας
1104 3586 1329 3658 ἀνέσχεν
1372 3588 1725 3642 ὑπασπιστῶν
1748 3603 1761 3618 ⁸

211 3674 305 3727 δσα
332 3674 392 3729 ιν
416 3674 560 3746 Γάζῃ
587 3677 681 3729 καὶ
706 3676 886 3749 Τύρῳ,
912 3679 1007 3732 καὶ
1029 3681 1146 3742 ταῙς
1176 3680 1455 3750 ῑχομιναις
1484 3680 1767 3739 «suam.

214 3764 393 3834 φύλων
446 3766 848 3835 κωμοπόλεσιν,
884 3769 941 3823 ιν
988 3766 1078 3833 αἷς
1134 3770 1163 3822 ὁ
1220 3770 1765 3842 τρισμακαριώτατος

215 3853 584 3923 εὐηγγελίζετο
605 3856 718 3908 τὸν.
744 3856 973 3925 Χριστόν
1002 3872 1017 3921 ;
1043 3857 1138 3921 Τίς
1196 3858 1265 3913 τά
1284 3842 1490 3931 quiqu
1545 3860 1655 3913 τῶν
1686 3862 1757 3915 δι’

218 3942 373 3996 αὐτοῦ
424 3942 644 4015 Χριστῷ
674 3947 1121 4017 προσαγομένων,
1147 3948 1240 4000 καὶ
1264 3946 1415 4002 ὕδατι
1450 3951 1544 4004 καὶ
1596 3950 1766 4005 Ilvati-

222 4046 340 4101 ματι
368 4033 774 4104 καθαιρομένων
827 4036 919 4089 καὶ
963 4036 1345 4107 φωτιζομένων
1375 4055 1389 4071 ο
1422 4042 1513 4093 καὶ
1540 4040 1628 4095 διὰ
1653 4042 1762 4095 τῶν

216 4121 301 4175 ὑπ’
323 4121 486 4178 αὑτοῦ
541 4125 727 4192 ἱερέων
767 4126 1179 4194 καθισταμένων
1231 4129 1325 4181 καὶ
1352 4129 1652 4201 ἀρχιερέων
1679 4134 1759 4196 είς

217 4210 507 4281 ικκλησίας
570 4213 646 4283 τῷ
709 4212 1021 4286 ’Υπεραγὶῳ
1092 4218 1600 4286 καταρτιζομένων;
1665 4222 1761 4283 Τίς

215 4298 399 4365 ταῦτα,
448 4302 541 4355 καὶ
594 4304 661 4356 τὰ
695 4303 900 4366 τούτοις
953 4305 1192 4375 ἑπόμενα
1229 4307 1325 4376 τῆς
1355 4308 1759 4377 ἀληθογνωσίας

1876 3133 2235 3199 amotionem;
2269 3141 2609 3186 mortuorum
2641 3132 3081 3195 suscitationem,
3115 3130 3437 3184 clauderum

1878 3222 2117 3277 firmatas
2141 3222 2315 3287 bases,
2364 3222 2541 3277 visum
2589 3222 2745 3277 caecis
2798 3222 3094 3285 redditum,
3156 3222 3436 3289 depulsam

1872 3327 2088 3367 omnem
2121 3312 2247 3367 Jesu
2279 3311 2499 3367 nomine
2528 3327 2819 3382 corporum
2860 3312 3058 3375 labem,
3101 3309 3222 3381 quis
3269 3312 3433 3381 possit

1872 3401 2252 3456 conscribere?
2304 3402 2438 3469 Quis
2485 3403 2643 3472 longa
2692 3392 2915 3467 itinera,
2966 3400 3187 3471 incertis
3216 3402 3435 3456 sedibus

1872 3492 2114 3561 locisque
2126 3493 2468 3562 jactationes,
2497 3492 2759 3562 pericula,
2776 3491 3085 3547 Graecorum
3109 3491 3435 3559 multiplices

1875 3582 2112 3636 insultus
2153 3590 2209 3636 et
2254 3564 2655 3652 grassat’iones‘l
2705 3590 2907 3650 quanta
2958 3580 3042 3633 vir
3088 3581 3433 3635 beatissimus

1872 3672 2279 3743 Eleutheropoli
2312 3673 2378 3727 ab
2411 3671 2704 3742 impietatis
2731 3670 3109 3725 defensoribus
3133 3671 3430 3737 sustinuit;

1875 3772 2077 3833 quanta
2125 3762 2282 3817 Gaza:
2332 3770 2389 3816 et
2444 3762 2593 3833 Tyri,
2651 3762 2954 3831 vicinisque
3004 3762 3430 3831 alienigenarum

1878 3853 2109 3907 urbibus
2136 3862 2297 3923 atque
2324 3854 2557 3923 oppidis,
2581 3853 2672 3909 ubi
2700 3854 2745 3907 is
2774 3852 3050 3907 Christum
3090 3848 3431 3922 praedicavit?

1869 3942 2003 4011 Quis
2056 3958 2248 3997 eorum
2299 3930 2705 3997 multitudinem
2757 3943 2850 4012 qui
2903 3959 3000 4013 per
3052 3958 3175 3997 eum
3214 3942 3431 3999 Christo

1869 4034 2218 4098 accedebant,
2242 4045 2403 4104 atque
2427 4050 2565 4104 aqua
2596 4044 2650 4088 et
2684 4032 2885 4102 Spiritu
2909 4034 3349 4087 emnndabantur
3367 4049 3429 4088 ac

1868 4123 2359 4189 illuminabantur;
2396 4122 2601 4192 quique
2642 4123 2858 4177 demum
2903 4138 2997 4192 per
3034 4123 3344 4177 sacerdotes
3374 4131 3429 4179 et

1868 4212 2152 4282 episcopos
2199 4212 2267 4265 ab
2304 4212 2397 4266 illo
2439 4213 2766 4267 constitutos
2796 4212 2851 4265 in
2889 4212 3151 4275 Ecclesia,
3194 4212 3303 4264 Deo
3334 4211 3427 4281 qui

1867 4314 2082 4353 omnem
2120 4298 2334 4353 excedit
2382 4300 2742 4363 sanctitatem,
2798 4284 3253 4368 perficiebantur?
3295 4299 3427 4364 Quis

216 4390 323 4461 ἦτοι
356 4390 667 4454 θεοσεϐείας
710 4392 928 4463 ῥήματα
959 4392 1052 4447 καὶ
1089 4396 1386 4464 πράγματα
1416 4396 1749 4467 διασαφῆσαι

1873 4405 1973 4445 nec
2022 4400 2183 4458 atque
2234 4389 2317 4443 his
2365 4390 2645 4457 sequentia
2704 4404 2843 4443 vera:
2901 4389 3176 4457 scientia:(
3221 4388 3273 4441 id
3318 4397 3422 4453 est,

217 4479 389 4547 λόγοςς
421 4482 552 4534 om
579 4484 703 4553 μιᾶς
732 4482 939 4552 ἡμέρας
972 4484 1330 4554 ἀποστολικὴν
1362 4486 1636 4553 θεολογίαν
1664 4490 1755 4540 καὶ

217 4572 401 4641 πρᾶξιν
450 4570 668 4641 θεοτελῆ
741 4570 940 4626 δύναιτ’
995 4574 1062 4626 ἀν
1112 4574 1265 4641 λόγος

216 4660 451 4722 διειπετν,
485 4660 558 4733 μὴ
613 4662 693 4714 ὅτι
743 4678 808 4729 γε
861 4664 1035 4716 πάντα
1080 4663 1316 4733 καθεξῆς
1368 4665 1623 4735 ὑμνῆσαι,
1656 4668 1756 4725 ὅσα

219 4754 440 4823 μακροῖς
472 4751 650 4806 ἐτεσιν
676 4754 733 4805 ιν
756 4752 833 4823 τῷ
861 4754 1202 4825 Παρακλήτῳ
1234 4758 1654 4825 κατειργάσατο.

272 4994 333 5027 ⁸⁸·
370 4998 519 5054 Psai.
551 5000 703 5065 ιη’.
728 5000 819 5057 20.
889 5002 935 5035 ⁸³
962 4998 1133 5059 Eecll.
1178 5017 1218 5071 i,
1254 5005 1312 5061 2.

276 5172 377 5249 (29)
395 5172 531 5249 _T§¢
556 5175 1037 5249 ἀκαταστασίας,
1058 5180 1210 5233 Alius
1236 5195 1363 5234 usus
1387 5178 1550 5249 huius
1576 5180 1743 5245 vocis,

1338 4577 1418 4638 είς
1470 4578 1754 4647 ἀκρίϐειαν
1825 4627 1827 4631 ι

1860 4481 2115 4551 pietatis)
2147 4482 2307 4534 verba
2342 4480 2587 4549 factaque
2612 4496 2791 4534 sermo
2814 4489 2976 4549 queat
2994 4479 3323 4549 explanare?
3346 4480 3423 4534 Ne

1859 4570 1946 4625 vel
1999 4570 2162 4623 unius
2208 4568 2316 4622 diei
2360 4568 2708 4637 apostolicam
2746 4568 3185 4637 praidicationem
3216 4569 3422 4637 Deique

1860 4675 2087 4714 munere
2128 4662 2418 4729 perfectam
2446 4652 2715 4713 acti-onem
2750 4646 3001 4713 accurate
3044 4660 3213 4728 possit
3237 4652 3415 4714 oratio

1858 4766 2133 4813 enarrare,
2184 4750 2383 4803 nedum
2427 4760 2621 4804 cuncta
2669 4751 2879 4813 ordine,
2940 4750 3099 4820 longa
3146 4767 3413 4808 annorum

1859 4842 2001 4897 serie
2034 4842 2110 4897 illi
2142 4842 2197 4896 in
2226 4842 2502 4903 Paracleto
2530 4824 2699 4919 gesta,
2731 4842 2976 4901 laudare.

1848 5190 2015 5256 ceret,
2072 5180 2166 5237 sed
2214 5194 2626 5256 necessc_esset
2680 5199 2745 5256 ex
2800 5183 2904 5256 alia
2936 5184 2988 5239 in
3015 5187 3172 5240 aliam
3212 5187 3403 5256 fugem

220 5236 369 5323 Eabld
614 5260 723 5323 κεν,
743 5246 842 5323 5.1:
861 5248 934 5323 ῼὺ
977 5236 1083 5323 γάρ
1112 5236 1690 5323 ἐστιν-ἀκαταστασίας
1716 5236 1745 5303 ό

1873 5236 2141 5323 είνίιςιίρηι,
2168 5268 2287 5323 qua:
2302 5236 2427 5323 ipsa
2450 5236 2571 5323 (agi
2599 5236 2655 5306 et
2675 5236 2904 5323 suam
2925 5236 3405 5323 ἴᾶῐέὗέὲίὶᾷθίᾖῖὲιῖι

220 5306 351 5386 Bibe,
384 5312 501 5386 ἀλλ’
527 5306 768 5386 ςρήνης.
794 5316 943 5386 Vulg.
971 5306 1086 5369 Non
1116 5325 1189 5369 est
1226 5318 1557 5370 dissensionis
1584 5306 1742 5381 Deus,

223 5380 471 5447 scdpacis.
526 5383 738 5435 Erasm.
775 5380 1083 5450 confisionis
1141 5396 1341 5446 auctor,
1390 5380 1741 5449 turbationis,

226 5451 503 5513 perturbati
560 5450 791 5504 ordinis.
871 5453 913 5506 ll
979 5453 1102 5507 Cor.
1158 5470 1249 5513 ιιι,
1293 5455 1382 5513 20,
1432 5457 1740 5507 ἀκαταστα-

230 5511 351 5586 σίαι,
393 5519 710 5579 seditiones,
756 5521 898 5586 quod
947 5522 1111 5575 etiam
1148 5511 1594 5575 Erasmfreddit.
1646 5517 1744 5578 llic

214 5585 390 5667 illiciis,
417 5589 567 5667 vagis
588 5585 1173 5667 sedibusjaetatAioncs,
1201 5606 1322 5667 cum
1345 5599 1572 5667 propter
1604 5592 1745 5667 peri-

229 5604 390 5649 migis,
417 5604 479 5638 va
520 5604 567 5641 is
588 5604 812 5641 scatens
834 5604 1170 5657 iactationcs.
1201 5606 1322 5644 cum
1356 5604 1572 5667 propter
1604 5608 1741 5658 peri-

229 5648 334 5706 cula
364 5604 616 5714 υιιοῗοου
632 5657 927 5713 consistere
973 5658 1175 5715 Christi
1227 5660 1501 5729 discipulis
1523 5676 1631 5715 non
1673 5662 1741 5717 li-

1846 5321 2135 5390 maximain
2162 5321 2407 5390 cedebat.
2438 5320 2567 5374 dum
2611 5320 2705 5390 per
2749 5340 2867 5377 eam
2904 5323 3102 5389 ubique
3152 5320 3406 5379 Christus

1842 5388 2285 5442 annuntiabatur.
2341 5388 2433 5444 Sic
2491 5388 2861 5453 ἀκατάστατος
2888 5429 2901 5451 ,
2935 5388 3139 5445 certain
3178 5394 3285 5444 loco
3317 5411 3407 5449 seu

1848 5464 1987 5510 statu
2014 5474 2112 5509 non
2143 5458 2462 5528 consistens.
2500 5459 2935 5528 Eleutheropolis
2967 5462 3029 5511 ad
3065 5462 3405 5517 Palaestinam

1848 5534 2075 5598 spectat,
2106 5525 2342 5598 _alia2_que
2388 5527 2551 5582 urbes
2586 5529 2675 5583 hic
2722 5525 3050 5598 memoratae,
3102 5539 3222 5597 post
3268 5547 3407 5598 quas

1848 5594 2075 5672 .l‘acobus
2106 5594 2157 5673 in
2186 5594 2470 5673 {Egyptum
2510 5598 2803 5666 profectus,
2824 5598 2875 5651 in
2908 5596 3025 5667 ejus
3054 5594 3189 5656 urbe
3221 5594 3406 5658 ostra.

1847 5679 1965 5716 Cilla
1998 5672 2254 5732 martyrio
2282 5672 2501 5724 functus
2515 5676 2617 5725 05L
