3922 6314
515 293 616 360 16⁷1

1699 272 1994 339 ΝΙΠΕΤΆΕ
2032 265 2555 330 PAPHLAGONIS

3655 262 3754 325 168

515 402 692 475 palam
723 398 1148 467 designaverunt
1168 391 1368 452 fontes,
1398 386 1466 441 ad
1507 399 1648 456 quos
1676 384 1888 475 pridem
1926 377 2080 432 Israel

2195 373 2377 441 σαφῶς
2408 373 2465 425 αἱ
2495 370 2636 424 κατὰ
2672 370 2769 437 τὴν
2813 369 3019 438 ἔρημον
3043 367 3249 422 δώδεκα
3283 366 3616 441 προετῦιτοον
3659 388 3732 440 πη

514 473 925 548 castranietatus
945 497 1047 550 est,
1068 500 1191 540 eum
1216 482 1552 535 Pharaonem
1571 487 1740 545 atque
1795 473 2082 542 IEgyptum

514 581 830 653 fugisset”.
853 580 958 632 llos
981 590 1196 646 quoque
1217 570 1618 626 lsraelisfontes
1643 569 1816 620 dictos
1833 563 2088 653 arbitror,

517 652 596 730 ex,
621 672 822 740 quibus
861 670 913 722 in
943 666 1198 721 Ecclesiis
1227 665 1396 717 Deum
1428 659 1753 716 benedicere
1775 655 1931 725 jubet
1953 652 2082 705 bea-

519 772 606 817 tus
634 761 798 816 David
848 760 913 812 “.
950 758 1123 812 Nullis
1154 755 1304 810 enim
1332 752 1514 806 verbis
1546 746 1853 818 explicabili
1889 742 2086 797 mentis

520 850 806 906 altitudine
847 865 905 902 ac
929 848 1250 916 capacitate,
1277 844 1341 897 ad
1363 843 1642 896 fontanum
1663 839 1837 907 ipsum
1853 834 2084 888 unicun-

520 951 626 1005 que
657 935 981 1005 spiritalium
1010 946 1273 1000 aquarum
1303 926 1628 998 principium
1655 922 1894 983 deducti,
1931 917 2082 971 inde-

520 1043 625 1095 que
645 1026 842 1096 jugiter
872 1023 928 1076 in
968 1037 1062 1075 eos
1102 1033 1327 1073 manans
1363 1012 1763 1070 illuminatricis
1796 1007 2078 1076 theologia:

522 1117 788 1170 fluentum
818 1112 1196 1179 suscipientes,
1225 1117 1386 1175 atque
1417 1119 1483 1158 eo
1511 1102 1714 1156 all‘atim
1745 1097 1956 1166 repleti,
1989 1098 2080 1166 ju-

516 1221 644 1275 gem
683 1203 938 1278 omnibus
965 1198 1278 1253 sitientibus
1309 1194 1639 1260 uberemque
1671 1188 2082 1243 medelamsca-

525 1295 758 1347 turiunt.

593 1385 671 1438 Ad
694 1383 825 1437 tales
848 1382 1009 1451 igitur
1033 1379 1207 1433 fontes
1228 1389 1490 1444 aquarum
1513 1371 1784 1426 desiderio
1817 1368 2078 1432 feramur,

523 1486 916 1538 cervorumque
945 1471 999 1522 in
1028 1482 1234 1521 morem
1266 1463 1548 1518 ardentius
1585 1459 1848 1515 siticulosi
1868 1459 2078 1511 huncce

521 1563 732 1616 laticem
759 1562 1007 1614 ineuntes
1022 1567 1182 1626 atque
1195 1556 1389 1626 gaudio
1405 1554 1716 1606 haurientes
1729 1552 1816 1612 7“,
1830 1557 2074 1602 nostrum

520 1670 584 1708 ex
617 1654 723 1707 illis
740 1651 1067 1707 desiderium
1099 1649 1418 1717 impleamus
1449 1648 1514 1698 τ’.
1540 1645 1616 1699 Ne
1645 1653 1820 1696 tamen
1855 1640 2080 1709 ingratis

2199 466 2312 533 γαὶ,
2345 458 2430 527 αἷς
2486 465 2514 515 ό
2561 460 2770 530 Ἰσραὴλ
2801 460 2965 513 πάλαι
2997 458 3198 529 Φαραὼ
3241 462 3335 512 καὶ
3362 460 3458 529 τὴν
3487 462 3760 528 Αἴγυπτον

2196 554 2562 625 παρενέϐαλεν
2600 551 2871 620 ἐκφυγών.
2903 550 3136 634 Τούτους
3154 552 3417 634 (ἠγοῦμαι
3446 551 3540 603 καὶ
3577 553 3758 620 πηγὰς

2195 643 2446 712 εἰρῆσθαι
2471 640 2566 694 τοῦ
2603 639 2838 711 Ἰσραὴλ,
2869 639 2928 705 ἐξ
2955 633 3028 692 ὧν
3066 641 3123 692 ὲν
3161 633 3491 708 ίὲκκλησίαις
3519 641 3758 707 εὐλογεῖν

2194 736 2285 789 τὸν
2319 735 2470 797 Θεδν,
2522 735 2550 786 ό
2598 734 2868 803 μακάριος
2895 732 3192 801 προτρέπει
3234 730 3417 782 Δαδίδ.
3467 731 3758 800 Ἀφρὰστῳ

2195 829 2301 898 γὰρ
2330 824 2564 887 διανοίας
2594 822 2765 893 βάθει,
2803 825 2938 893 πρὸς
2967 821 3138 893 αὐτὴν
3163 822 3272 874 τῶν
3319 822 3522 890 νοητῶν
3552 822 3758 876 ὑδάτων

2191 919 2290 984 τὴν
2321 915 2557 984 πηγαίαν
2599 914 2691 966 καὶ
2741 913 2869 984 μίαν
2915 913 3088 983 ἀρχὴν
3126 912 3589 981 ἀναστομούμενοι
3626 913 3760 981 Χρι-

2196 1007 2337 1072 στὸν,
2378 1005 2628 1059 κάκεῖθεν
2666 1003 3032 1066 ἀνεκλείπτως
3055 1003 3116 1056 τὸ
3153 1005 3250 1072 τῆς
3281 1004 3612 1072 φωτιστιάιῆς
3638 1005 3755 1056 θεο-

2191 1099 2372 1164 λογίας
2404 1097 2617 1167 ῤεῦρον
2644 1094 2728 1148 ἐπ’
2754 1094 2947 1156 αὐτοὺς
2980 1093 3056 1146 Iov
3081 1095 3463 1162 ὑποδεχόμενοι
3495 1094 3588 1146 καὶ
3616 1093 3756 1163 πλη-

2195 1193 2464 1263 ρούμενοι,
2508 1190 2728 1255 ἀένναόν
2779 1207 2837 1242 τε
2887 1191 3020 1243 πᾶσι
3075 1192 3170 1242 καὶ
3201 1189 3430 1257 ἄφθονον
3479 1190 3618 1257 ῐαμα
3644 1190 3756 1251 τοῖς

2191 1284 2414 1352 διψῶσιν
2438 1282 2854 1345 ἀναϐλύζουσιν..

2263 1370 2469 1425 Οὐκοῦν
2509 1370 2929 1439 ἑπιποθήσωμεν
2959 1371 3048 1422 ἐπὶ
3079 1370 3177 1432 τὰς
3207 1369 3462 1431 τοιαύτας
3493 1369 3601 1421 τῶν
3628 1368 3754 1421 ὑδά-

2190 1479 2296 1514 των
2329 1461 2529 1529 πηγὰς,
2558 1461 2650 1512 καὶ
2677 1463 2814 1513 κατὰ
2842 1464 2938 1524 τὰς
2960 1461 3518 1532 ἑλάφους,διψητικῶς
3547 1461 3753 1530 σφόδρα

2187 1550 2343 1602 τοῦτο
2393 1551 2453 1602 τὸ
2507 1550 2655 1618 νὰμα
2712 1552 3019 1618 μετιόντες,
3075 1553 3169 1603 καὶ
3233 1551 3349 1619 μετ’
3409 1549 3752 1618 εὐφροσύνης

2191 1639 2600 1703 ἀπαντλοῦντες,
2649 1637 2710 1704 ἐξ
2756 1639 2920 1692 αὑτοῦ
2949 1640 3046 1708 τὴν
3077 1640 3229 1707 ἡμῶν
3261 1637 3751 1707 ἁποπληρὼσωμεν

523 1743 776 1796 moribus
811 1756 872 1796 ac
903 1741 1192 1794 brutorum
1229 1736 1454 1798 similes,
1491 1732 1709 1803 ingenui
1741 1731 1905 1784 animi
1938 1729 2080 1782 nulla

2189 1729 2502 1798 ἐπιθυμίαν.
2547 1729 2706 1781 Ἀλλὰ
2751 1730 2826 1800 μὴ
2868 1704 3174 1797 ἀχαρίστως
3203 1729 3299 1797 τῆς
3328 1704 3574 1798 δωρεάς,
3613 1704 3750 1796 μηδὲ

529 1831 800 1900 probitate
834 1829 1035 1883 donum
1069 1824 1331 1895 ejusmodi
1363 1833 1525 1891 atque
1557 1821 1878 1875 beneﬁcium
1910 1833 2091 1872 suma-

521 1935 643 1973 mus
669 1936 681 1970 ;
699 1920 790 1973 sed
818 1919 1007 1988 repleti
1027 1932 1162 1984 aqua
1183 1916 1301 1975 viva
1319 1915 1403 1976 7",
1423 1913 1692 1964 viventem
1708 1910 1934 1963 hostiam
1956 1923 2084 1961 san-

521 2018 682 2070 ctam,
723 2007 1044 2061 rationabile
1088 2003 1409 2070 obsequium
1456 2009 1727 2065 nostrum,
1755 1999 1978 2053 honoris
2004 1998 2075 2051 ti-

533 2099 645 2152 tulo
667 2098 741 2150 illi
774 2093 1228 2164 rependamus";
1261 2107 1456 2160 nempe
1480 2090 1735 2144 continue
1758 2090 1914 2157 (quos
1945 2085 2079 2154 dixi)

527 2189 717 2241 vitales
748 2185 1119 2239 benedicendo
1151 2183 1361 2247 fontes;
1387 2199 1449 2236 ac
1473 2199 1569 2252 per
1594 2183 1734 2244 illos,
1759 2181 1823 2234 ad
1852 2180 2083 2234 divinis-

529 2275 727 2329 simum
771 2275 921 2329 illum
955 2287 1230 2340 unumque
1279 2271 1654 2325 universorum
1706 2271 1930 2334 fontem,
1968 2270 2083 2322 lau-

532 2367 655 2418 dem
686 2365 943 2418 ferentes.

591 2454 790 2507 Natura
813 2453 1031 2523 quidem
1051 2454 1313 2509 indivisus
1339 2453 1770 2520 indissectusque
1829 2451 2080 2504 sacratis-

528 2547 698 2598 simus
726 2545 1012 2599 duodenus
1027 2546 1398 2613 apostolorum
1428 2544 1665 2605 chorus;
1695 2558 1759 2596 ac
1783 2543 1923 2596 sicut
1946 2557 2087 2595 unus

531 2635 811 2700 Dominus,
835 2651 1047 2703 unaque
1074 2635 1206 2689 ﬁdes
1227 2645 1282 2688 et
1301 2634 1466 2703 gloria
1486 2644 1540 2686 et
1564 2634 1732 2702 gratia
1758 2633 1867 2685 illis
1889 2633 2084 2692 inerat,

526 2724 606 2778 sic
635 2734 690 2777 et
720 2724 815 2792 ipsi
851 2739 1012 2776 unum
1035 2723 1234 2778 Christi
1268 2737 1464 2791 corpus
1496 2723 1823 2775 exstiterunt
1850 2721 1949 2772 "‘z
1981 2720 2088 2773 sic-

525 2829 629 2882 que
654 2814 814 2878 unius
838 2814 974 2876 laus,
997 2815 1299 2866 communis
1324 2813 1701 2866 uaiversorum
1731 2811 1971 2864 laudatio
1992 2826 2087 2863 ex-

527 2903 704 2966 stitit,
731 2903 1184 2970 quemadmodum
1211 2903 1370 2956 etiam
1395 2902 1582 2956 eadem
1606 2916 1743 2969 pene
1773 2915 1960 2953 omnes
1982 2901 2088 2952 vir-

2186 1817 2387 1881 τρόπον
2429 1816 2656 1882 ἀλόγων,
2686 1817 3013 1885 ἀγνωμόνως
3058 1816 3158 1884 τῆς
3191 1815 3444 1884 τοιαύτης
3468 1816 3750 1884 μετάσχω·

2193 1923 2288 1975 μεν
2312 1906 2658 1974 εὐεργεσίας⁶
2705 1905 3070 1977 πληρούμενοι
3117 1905 3173 1957 δὲ
3203 1905 3296 1957 τοῦ
3327 1904 3525 1967 ζῶντος
3557 1904 3750 1966 ὓδατος

2188 1998 2366 2060 ζῶσαν
2421 1998 2610 2050 Θυσίαν
2630 2039 2643 2060 ,
2675 1997 2854 2065 ἁγίαν,
2906 1998 3014 2066 τὴνο
3033 1998 3255 2065 λογικὴν
3286 1997 3439 2067 ἡμῶν
3466 1997 3744 2066 λατρείαν,

2185 2092 2264 2150 είς
2291 2089 2444 2155 λόγον
2471 2088 2756 2156 ἀποδῶμεν
2785 2089 2977 2157 τιμῆς·
3013 2089 3289 2158 προσεχῶς
3318 2088 3417 2160 μὲν
3469 2087 3566 2149 τὰς
3597 2088 3749 2154 εἰρη-

2187 2180 2351 2248 μένας
2394 2179 2690 2245 ξωογόνους
2725 2177 3067 2244 εὐλογοῦντες
3110 2179 3321 2246 πηγάς·
3349 2177 3416 2231 δι”
3457 2177 3637 2230 αὐτῶν
3687 2173 3747 2228 δὲ

2182 2271 2280 2338 τὴν
2313 2269 2520 2321 αἴνεσιν
2550 2269 2682 2338 πρὸς
2730 2269 2824 2339 τὴν
2860 2269 3315 2339 ζωαρχικωτάτην
3346 2270 3440 2323 καὶ
3471 2270 3598 2339 μίαν
3633 2267 3745 2322 τῶν

2183 2362 2316 2413 ὅλων
2348 2362 2705 2429 ἀναφέροντες
2724 2363 2942 2431 ἰι-πηγήν.
3268 2417 3275 2424 ,

2279 2449 2603 2518 Ἀδιαίρετος
2635 2450 2736 2517 μὲν
2771 2449 2862 2502 οὖν
2906 2451 3046 2502 κατὰ
3095 2442 3252 2517 φύσιν
3284 2451 3376 2502 καὶ
3419 2449 3659 2517 ἄτμητος
3709 2451 3743 2519 ἠ

2185 2540 2290 2593 τῶν
2313 2540 2624 2593 ἀποστόλων
2664 2541 2974 2610 πανευαγὴς
3003 2541 3242 2603 δωδεκάς
3263 2557 3276 2572 ·
3311 2542 3403 2593 καὶ
3447 2541 3636 2610 ῶσπερ
3662 2536 3747 2602 εἷς

2185 2632 2407 2702 Κύριος,
2440 2631 2496 2683 ἒν
2527 2631 2770 2701 Πνεῦμα,
2807 2631 2900 2701 μία.
2941 2649 3000 2684 τε
3035 2631 3209 2693 πίστις
3249 2632 3342 2683 καὶ
3377 2631 3501 2694 δόξα
3533 2632 3626 2682 καὶ
3647 2632 3748 2699 χά-

2188 2739 2268 2790 ρις
2298 2722 2498 2785 αὐτοῖς,
2542 2721 2711 2784 οὕτως
2754 2722 2811 2773 ἓν
2856 2723 3016 2790 σῶμα
3065 2723 3297 2790 Χριστοῦ
3351 2723 3619 2789 πεφήνασι
3649 2719 3748 2774 ιιι

2184 2813 2356 2877 αὐτοὶ,
2387 2810 2528 2863 οὕτω
2556 2812 2646 2885 καὶ
2671 2813 2697 2863 ό
2725 2811 2816 2863 τοῦ
2861 2812 2975 2874 ἑνὸς
3007 2810 3191 2881 ὕμνος,
3234 2811 3404 2873 κοινὸς
3443 2811 3550 2863 τῶν
3609 2811 3748 2863 ὅλων

2185 2905 2350 2967 ἐστὶν,
2383 2903 2568 2972 ὥσπερ
2610 2906 2643 2973 ἠ
2699 2906 2820 2955 κατ’
2856 2904 3053 2973 ἀρετὴν
3105 2903 3448 2971 εὐδοκίμησις
3490 2903 3747 2954 ἁπάντων

527 3000 639 3048 tute
669 2994 995 3046 claruerunt.
1030 2992 1163 3046 Cum
1219 3004 1394 3046 tamen
1425 2995 1689 3062 cujusque
1721 2993 1944 3046 seorsim
1981 3007 2069 3044 sa-

2187 2995 2421 3063 σχεδδνή
2459 2995 2619 3061 αὐτή.
2657 2991 2792 3046 Ἀλλ’
2819 2994 2989 3061 ὅμως,
3020 2992 3125 3045 ἰδία
3158 2992 3362 3044 τούτων
3394 2992 3622 3044 ἑκάστου
3649 2990 3748 3059 τὴν

525 3097 671 3137 cram
688 3084 1001 3136 memoriam
1019 3083 1377 3144 celebremus,
1398 3098 1458 3136 ac
1476 3084 1622 3135 velut
1644 3080 1869 3136 diversis
1879 3079 2078 3133 ChriSti
2109 3089 2112 3092 '

526 3174 804 3235 membris,
837 3173 1147 3242 personales
1169 3188 1356 3251 cogam
1390 3167 1752 3241 proprietates
1777 3171 2079 3242 distingua-

591 3372 637 3403 "
671 3373 840 3427 Exod.
871 3389 955 3425 xv.
983 3373 1072 3426 27.

523 3441 591 3472 "'
607 3440 798 3510 Ephes.
835 3457 906 3504 iv,
941 3441 990 3494 5.

1147 3373 1356 3440 “.Psal.
1379 3389 1535 3433 ωιτη,
1556 3374 1642 3426 27.

525 3649 619 3694 aut
643 3637 907 3692 translatae
933 3635 1089 3688 fidem
1125 3635 1466 3703 astringeret,
1493 3635 1719 3703 ejusque
1752 3635 1843 3687 'rei
1895 3633 2076 3703 subsi-

526 3709 616 3762 dio
649 3707 868 3760 aﬂ‘erret
905 3709 1034 3771 (uno
1062 3702 1321 3756 duntaxat
1355 3702 1531 3757 allato
1565 3703 1840 3772 Dionysio,
1869 3718 1986 3770 cap.
2019 3702 2073 3764 5,

526 3778 600 3830 De
627 3777 810 3829 divinis
841 3775 1079 3839 nomin.),
1102 3773 1202 3826 alia
1234 3773 1412 3825 omnia
1453 3785 1821 3832 monumenta,
1861 3783 1920 3825 ut
1963 3772 2077 3840 ipse

524 3846 670 3899 clare
724 3843 1004 3912 profitetur
1055 3844 1106 3895 in
1156 3843 1495 3912 orationibus
1537 3841 1745 3909 pridem
1779 3841 2074 3912 Lipomano

526 3909 738 3973 Latine,
770 3911 896 3964 mihi
931 3919 1160 3976 utraque
1201 3909 1839 3978 lingua.rrepraesentatis
1873 3910 2075 3962 auctis-

523 3998 650 4050 que.
679 3981 829 4046 Quod
863 3989 1037 4033 tamen
1089 3981 1203 4050 leve
1239 3977 1544 4050 prmsidiutn
1575 3979 1623 4030 ei
1674 3979 1827 4050 quod
1850 3993 2077 4050 prteser-

493 4107 496 4110 ,
527 4047 622 4105 tim
656 4051 916 4102 Maximus
958 4047 1196 4118 Dionysii
1243 4048 1560 4100 seboliastes
1607 4047 1976 4118 gravissimus,
2011 4047 2078 4100 de

526 4119 774 4187 sepulcro
805 4116 1080 4170 Dominico
1102 4116 1363 4187 exponat,
1400 4118 1451 4167 in
1486 4117 1704 4187 quo_sic
1731 4116 1843 4187 vita
1892 4131 2078 4169 susce-

529 4185 642 4256 pta,
674 4203 734 4240 ac
758 4187 898 4254 quod
937 4187 1064 4239 inde
1089 4185 1382 4256 viviﬁcum‘,
1413 4185 1552 4256 quod
1590 4185 1925 4236 Dominieum
1957 4199 2079 4237 cor-

531 4253 1022 4333 pus_susCepisset,
1067 4256 1220 4322 isque
1279 4253 1402 4306 inde
1446 4253 1725 4331 triduanus
1773 4267 2077 4333 resurgens,

434 4376 437 4380 .
529 4322 685 4403 nobis
711 4322 872 4409 vitam
916 4323 1304 4402 incorruptam,
1336 4331 1388 4376 ct
1435 4336 1539 4409 qua
1565 4323 1677 4409 ipse
1710 4322 1935 4389 praeivit,
1969 4322 2073 4374 ini-
2110 4357 2152 4409 ι)

537 4393 740 4444 tiasset.
783 4391 938 4445 Certe
966 4392 1017 4443 in
1046 4407 1110 4444 eo
1150 4393 1378 4444 maxime
1423 4391 1672 4443 elucebat
1701 4400 2076 4459 (poterantque

532 4461 831 4527 intelligere
853 4460 1080 4527 apostoli
1108 4459 1319 4526 virique
1367 4459 1668 4527 apostolici)
1710 4458 1925 4524 inﬁnita:
1970 4462 2078 4512 vir-

528 4531 652 4585 tutis
685 4529 980 4585 ἀσθένειαν,
1015 4539 1072 4580 ut
1109 4529 1304 4580 habent
1335 4543 1522 4580 omnes
1552 4527 1707 4580 codd.
1747 4527 2077 4580 imbecillita-

527 4609 653 4660 tem,
691 4612 819 4658 non,
857 4596 999 4663 quod
1043 4596 1219 4648 reddit
1267 4596 1426 4658 Bibl.,
1470 4598 1771 4663 potentiam,
1817 4597 2076 4664 quidquid

529 4667 748 4720 tandem
781 4667 830 4716 in
860 4680 957 4717 suo
987 4665 1108 4716 cod.
1151 4664 1423 4721 habuerit,
1475 4664 1559 4716 vel
1607 4664 1681 4717 illi
1725 4664 2027 4731 obrepserit
2064 4683 2074 4716 :

530 4735 647 4793 hinc
680 4734 936 4786 nimirum
973 4731 1155 4784 divina
1190 4733 1508 4791 exinanitio,
1531 4732 1734 4786 nobisa
1762 4732 1925 4784 Paulo
1945 4750 2077 4799 pra:—

531 4803 724 4857 dicata.
769 4801 933 4870 quue
960 4802 1114 4860 adeo,
1143 4800 1187 4870 si
1217 4799 1485 4870 qualities
1519 4800 1673 4868 hujus
1702 4802 1960 4869 Dionysii,
1987 4803 2073 4854 cui

533 4872 667 4925 nihil
701 4867 919 4926 necesse
949 4871 1089 4922 istud
1126 4868 1191 4920 de
1218 4867 1395 4920 Mariae
1419 4867 1688 4935 exsequiis
1731 4867 1947 4931 addere,
1984 4885 2080 4922 eo-

532 4955 637 5008 que
670 4954 884 5008 gravare
908 4940 1050 5006 quod
1080 4936 1259 5008 nullis
1286 4945 1521 4989 veterum
1558 4938 1922 5008 monumentis
1946 4953 2079 5008 icon-

535 4999 714 5071 sonat,
741 4999 1051 5078 respuiique
1090 5008 1200 5074 ipse
1230 4999 1539 5078 Baron_._an._
1559 5006 1644 5078 52.
1669 5006 1771 5058 Sed
1790 5006 1922 5078 haec
1938 5007 2083 5078 justo

535 5079 709 5145 plura.
743 5076 819 5130 Ad
838 5073 974 5127 rem
1001 5073 1257 5145 nostram.
1283 5073 1365 5145 Uti
1393 5073 1724 5145 Magdalcna,
1758 5075 1836 5126 sic
1864 5073 2079 5143 queque

535 5143 652 5215 qua:
685 5145 953 5211 Hierapoli
991 5144 1214 5215 Philippi
1239 5143 1358 5195 filiae
1396 5144 1632 5215 virgines
1656 5155 2079 5215 consenuerunt,

535 5211 588 5266 et
617 5216 686 5266 ibi
713 5215 939 5280 sepulta:
969 5222 1111 5274 sunt,
1142 5213 1239 5265 alia
1263 5228 1324 5264 ex
1365 5228 1524 5266 causa
1562 5213 1632 5263 ibi
1672 5211 1961 5280 hospitium
1987 5213 2079 5268 de-

537 5283 781 5350 legerint,
807 5297 964 5349 quam
1012 5290 1065 5350 ut
1098 5290 1241 5349 patre
1272 5285 1600 5341 fruerentur,
1639 5280 1727 5350 qui
1765 5280 1902 5334 forte
1939 5281 2080 5337 diem

539 5349 765 5410 obierat,
799 5361 854 5402 ut
883 5359 934 5402 et
965 5349 1236 5416 Philippus
1286 5351 1398 5418 ipse
1439 5351 1597 5417 primi
1635 5349 1844 5402 ordinis
1874 5363 2084 5417 aposto-

538 5419 642 5476 lus,
670 5427 952 5485 antequam
998 5419 1096 5471 illa:
1123 5420 1174 5469 in
1217 5418 1391 5471 Asiam
1447 5420 1635 5485 pedem
1671 5418 1929 5471 inferrent
1967 5438 1977 5470 :
2007 5423 2084 5474 sic

541 5502 668 5537 vero
696 5486 956 5553 Hierapoli
987 5498 1398 5548 consummatas,
1435 5488 1648 5550 pietatis
1689 5488 1923 5539 fidelium
1958 5489 2078 5549 fuit,

542 5562 598 5603 ut
628 5569 789 5624 prope
833 5551 1059 5624 Philippi
1117 5556 1392 5624 tumulum
1433 5554 1678 5620 religiose
1720 5556 2077 5624 deponerent,

541 5622 803 5694 quazipsu:
837 5621 1170 5697 inter—prima
1198 5621 1618 5678 Christianitatis
1651 5621 1854 5680 lumina
1897 5639 2081 5678 cense.

2187 3083 2337 3152 ἱερὰν
2359 3082 2635 3144 τελοῦντες
2665 3082 3041 3151 μνημοσύνην,
3079 3084 3172 3132 καὶ
3202 3079 3289 3133 οἷα
3317 3081 3589 3148 διαφόροις
3615 3082 3748 3150 Χρι-

2186 3170 2311 3223 στοῦ
2342 3170 2546 3240 μέλεσι,
2578 3170 2673 3232 τὰς
2701 3170 2838 3222 κατὰ
2868 3171 2964 3239 τὴν
2994 3170 3284 3222 ὑπόστασιν
3330 3169 3512 3222 αὐτῶν
3547 3168 3747 3239 ἰδιότη-

1749 3373 1784 3402 ¹⁶
1815 3371 1950 3424 Psal.
1984 3386 2086 3434 xu,
2110 3370 2166 3424 2.
2231 3369 2277 3401 τ’
2302 3366 2440 3422 Psal.
2472 3383 2623 3422 cxxvi
2653 3369 2703 3422 5.
2759 3368 2826 3399 ⁷²⁹
2856 3369 3102 3432 Joan.tv,
3133 3367 3216 3421 to.
3286 3367 3330 3397 "
3363 3368 3522 3422 Rom.
3564 3383 3660 3432 xu,
3695 3370 3745 3422 l.

2185 3643 2392 3696 rentur,
2427 3643 2482 3687 et
2531 3649 2758 3703 quarum
2804 3635 2856 3687 in
2913 3634 3192 3701 Scriptura
3238 3644 3553 3689 consecrata
3601 3649 3746 3692 esset

2184 3705 2477 3778 memoria;
2518 3718 2744 3778 quarum
2802 3705 2928 3778 ipsa:
2971 3704 3167 3778 prioris
3219 3703 3743 3778 habitationis__aadi-

2182 3773 2316 3825 culte
2345 3773 2598 3826 Cmsaréaa
2627 3774 3031 3838 venerationem
3061 3773 3348 3836 haberent,
3379 3789 3512 3840 quas
3550 3774 3744 3828 Hiero-

2184 3857 2377 3910 nymus
2399 3842 2717 3910 euml’aula
2763 3851 3037 3893 exstantes
3073 3842 3250 3894 adhuc
3308 3843 3578 3896 inviserit.
3620 3844 3742 3898 llaec

2181 3909 2321 3963 forte
2355 3911 2501 3980 justo
2529 3909 2720 3980 fusius.
2751 3910 3090 3980 Unummihi
3128 3911 3271 3976 istud
3315 3911 3606 3964 observare
3642 3928 3740 3980 po-

2186 3978 2364 4032 tuisse
2395 3979 2446 4030 in
2479 3992 2577 4031 suo
2604 3978 2839 4031 Eusebio
2869 3979 3083 4031 videtur
3120 3981 3202 4030 vir
3237 3980 3289 4032 in
3327 3996 3393 4033 eo
3434 3978 3742 4034 versatiési-

2183 4063 2323 4109 mus,
2350 4049 2427 4099 sic
2459 4061 2581 4099 eum
2630 4047 2906 4117 historiam
2941 4048 3236 4116 primorum
3283 4048 3497 4101 illorum
3531 4058 3740 4117 tempo-

2182 4132 2303 4186 rum
2336 4119 2590 4176 texuisse,
2624 4124 2681 4168 ut
2711 4117 2759 4169 ei
2796 4116 3053 4169 duntaxat
3100 4117 3523 4186 iusereret,qu:e
3557 4116 3737 4172 vel’ex

2184 4185 2597 4255 Scriptura,vel
2628 4200 2692 4237 ex
2717 4188 2880 4240 certis
2914 4187 3310 4255 theologorum.
3347 4185 3482 4254 quos
3531 4187 3734 4250 laudat,

2184 4254 2546 4306 monumentis
2585 4255 2826 4316 haberet,
2877 4270 2984 4307 non
3020 4254 3137 4317 quae
3169 4255 3250 4308 vel
3289 4255 3426 4307 fama
3468 4257 3734 4323 vulgaret,

2185 4324 2267 4392 vel
2313 4323 2535 4375 incertis
2576 4324 2890 4377 auctoribus
2935 4326 3239 4392 conscripta
3294 4334 3583 4377 exstarent.
3618 4327 3736 4389 Quo

2182 4391 2381 4444 factum
2422 4400 2496 4448 ut,
2532 4393 2707 4444 tacitis
2734 4393 2893 4445 rebus
2923 4393 3106 4446 Jacobi
3129 4391 3354 4460 Alpba‘i,
3387 4395 3438 4445 in
3468 4393 3633 4446 rebus
3651 4395 3738 4448 Ja-

2180 4461 2298 4512 cobi
2349 4461 2533 4512 fratris
2573 4461 2784 4513 Domini
2832 4471 3070 4514 moratus
3128 4463 3231 4524 sit,
3280 4477 3344 4514 ex
3391 4477 3499 4529 quo
3544 4478 3734 4530 parum

2185 4530 2381 4590 cautis,
2429 4531 2566 4599 alter
2605 4530 2756 4582 alteri
2800 4532 3146 4591 substitutus,
3183 4540 3595 4599 expunctusque
3640 4533 3734 4599 qui

2186 4613 2311 4650 vere
2336 4598 2612 4668 apostolus
2642 4610 2696 4650 et
2727 4601 2912 4668 major,
2945 4600 3088 4667 quod
3119 4601 3184 4652 de
3225 4598 3510 4652 duodecim
3540 4617 3552 4651 :
3592 4598 3735 4654 unus

2181 4676 2428 4737 servatus
2471 4667 2562 4737 qui
2610 4683 2674 4737 ex
2709 4667 3076 4737 Septuaginta,
3115 4669 3256 4736 quod
3303 4670 3420 4736 ejus
3469 4684 3573 4728 res,
3624 4686 3731 4722 non

2181 4735 2334 4806 illius
2365 4736 2665 4806 scripserit
2715 4735 3081 4806 llegesippus,
3126 4735 3300 4805 exque
3337 4735 3437 4789 illo
3486 4738 3734 4790 retulerit

2179 4804 2466 4858 Eusebius.
2501 4804 2613 4859 ’Vel
2669 4804 2814 4873 ergo
2850 4822 3071 4858 summa:
3149 4804 3448 4860 osCitantiae
3500 4808 3730 4860 notandi

2177 4873 2369 4944 Clem.,
2405 4874 2694 4944 Polycrat.,
2737 4875 2944 4943 Papias,
2999 4875 3090 4942 qui
3139 4891 3273 4942 quas
3328 4875 3604 4940 Scriptura
3657 4878 3736 4930 sic

2185 4943 2359 5010 palam
2395 4941 2529 5012 filias
2576 4941 2824 5010 Philippo
2867 4944 2958 4995 dat
3002 4941 3367 5012 evangelistae,
3408 4943 3498 4994 uni
3537 4959 3601 4997 ex
3650 4961 3736 4999 se-

2183 5011 2642 5080 ptem,-dederint
2665 5014 2934 5080 Philippo,
2959 5013 3050 5065 uni
3083 5011 3482 5073 erduodecim,
3509 5013 3592 5064 vel
3621 5013 3735 5080 ipse

2181 5081 2464 5140 Eusebius,
2497 5081 2608 5146 qui,
2669 5083 2847 5134 relatis
2888 5096 3073 5134 eorum
3112 5081 3458 5143 testimoniis,
3490 5080 3554 5133 de
3601 5082 3731 5134 Phi-

2179 5149 2325 5216 lippo
2354 5149 2511 5216 primi
2541 5148 2748 5200 ordinis
2778 5151 3044 5218 apostolo,
3079 5149 3385 5202 subdiderit
3411 5151 3560 5217 quasi
3595 5166 3733 5204 con—

2181 5217 2497 5287 firmationis
2526 5229 2684 5287 causa
2717 5217 2889 5271 locum
2938 5222 3192 5271 Actorum
3225 5219 3291 5271 de
3334 5219 3566 5287 Philippi
3615 5220 3733 5272 dia-

2181 5287 2300 5337 coni
2330 5285 2558 5334 ﬁliabus.
2587 5284 2736 5347 Quod
2770 5305 2890 5340 cum
2927 5289 3124 5338 durum
3171 5290 3239 5340 sit
3282 5284 3587 5349 admittere,
3622 5305 3734 5341 ma-

2181 5355 2270 5406 lim
2329 5353 2809 5420 Christupljorsoni
2868 5368 2987 5422 post
3057 5356 3307 5409 ll'ulinutn
3363 5357 3728 5411 emendationi

2180 5434 2545 5496 stare,_quam
2592 5423 2803 5476 Valesio
2839 5423 3041 5496 morem
3088 5442 3293 5496 gerere.
3333 5427 3726 5496 Hieronymus,

2183 5490 2373 5565 u_t__sibi
2399 5490 2522 5565 ipse
2547 5507 2657 5565 non
2693 5490 3206 5565 committaturfalii
3257 5495 3496 5547 viderint
3529 5490 3727 5546 {certe

2181 5557 2300 5607 aliis
2339 5557 2498 5608 etiam
2547 5560 2679 5612 locis
2734 5574 2919 5625 parum
2967 5563 3048 5613 sui
3101 5579 3413 5624 memorem,
3459 5563 3727 5616 contraria

2136 5699 2142 5703 .
2176 5625 2418 5678 locutum
2450 5626 2619 5695 liquet
2645 5645 2658 5692 ;
2687 5643 2805 5695 quae
2833 5643 2941 5682 non
2970 5641 3052 5687 est
3086 5631 3320 5703 instituti
3351 5645 3566 5697 urgere.
