  <div class='ocr_page' id='page_1' title='image "/cluster/home/n/w/nwhite01/storage/ocr_20150623/105/pst.000005714155/102.png"; bbox 0 0 3922 6314; ppageno 0'>
   <div class='ocr_carea' id='block_1_1' title="bbox 136 264 3324 340">
    <p class='ocr_par' dir='ltr' id='par_1_1' title="bbox 136 264 3324 340">
     <span class='ocr_line' id='line_1_1' title="bbox 136 264 3324 340; baseline -0.002 -10"><span class='ocrx_word' id='word_1_1' title='bbox 136 274 232 340; x_wconf 81' lang='grc'><strong>169</strong></span> <span class='ocrx_word' id='word_1_2' title='bbox 858 269 1134 331; x_wconf 76' lang='lat' dir='ltr'><strong>ORATIO</strong></span> <span class='ocrx_word' id='word_1_3' title='bbox 1168 268 1271 326; x_wconf 86' lang='lat' dir='ltr'><strong>1X.</strong></span> <span class='ocrx_word' id='word_1_4' title='bbox 1301 288 1366 301; x_wconf 60' lang='grc' dir='ltr'><strong>-ί</strong></span> <span class='ocrx_word' id='word_1_5' title='bbox 1388 267 1466 325; x_wconf 83' lang='grc' dir='ltr'>ΙΝ</span> <span class='ocrx_word' id='word_1_6' title='bbox 1508 264 1811 325; x_wconf 85' lang='lat' dir='ltr'><strong>LAUDEM</strong></span> <span class='ocrx_word' id='word_1_7' title='bbox 1853 267 1910 325; x_wconf 92' lang='lat' dir='ltr'><strong>S.</strong></span> <span class='ocrx_word' id='word_1_8' title='bbox 1954 266 2287 327; x_wconf 85' lang='lat' dir='ltr'><strong>PHILIPPI</strong></span> <span class='ocrx_word' id='word_1_9' title='bbox 2320 268 2568 327; x_wconf 87' lang='lat' dir='ltr'><strong>APOST.</strong></span> <span class='ocrx_word' id='word_1_10' title='bbox 3220 272 3324 334; x_wconf 79' lang='lat'><strong>170</strong></span> 
     </span>
    </p>
   </div>
   <div class='ocr_carea' id='block_1_2' title="bbox 133 364 1682 455">
    <p class='ocr_par' dir='ltr' id='par_1_2' title="bbox 133 364 1659 455">
     <span class='ocr_line' id='line_1_2' title="bbox 133 364 1659 455; baseline -0.01 -13"><span class='ocrx_word' id='word_1_11' title='bbox 133 408 222 452; x_wconf 85' lang='grc' dir='ltr'><strong>τας</strong></span> <span class='ocrx_word' id='word_1_12' title='bbox 268 364 634 455; x_wconf 73' lang='grc' dir='ltr'>ἀφοριζόμενοι</span> <span class='ocrx_word' id='word_1_13' title='bbox 659 422 675 446; x_wconf 83' lang='grc'><strong>,</strong></span> <span class='ocrx_word' id='word_1_14' title='bbox 712 379 851 441; x_wconf 85' lang='grc' dir='ltr'>ἰδίως</span> <span class='ocrx_word' id='word_1_15' title='bbox 884 380 1092 448; x_wconf 78' lang='grc' dir='ltr'>ἑκάστῳ</span> <span class='ocrx_word' id='word_1_16' title='bbox 1134 379 1227 432; x_wconf 55' lang='grc' dir='ltr'><strong>καὶ⁵</strong></span> <span class='ocrx_word' id='word_1_17' title='bbox 1251 377 1341 429; x_wconf 80' lang='grc' dir='ltr'>τὸν</span> <span class='ocrx_word' id='word_1_18' title='bbox 1382 376 1537 443; x_wconf 88' lang='grc' dir='ltr'>λόγον</span> <span class='ocrx_word' id='word_1_19' title='bbox 1560 376 1659 445; x_wconf 81' lang='grc' dir='ltr'>τῆς</span> 
     </span>
    </p>
   </div>
   <div class='ocr_carea' id='block_1_3' title="bbox 1769 364 3318 455">
    <p class='ocr_par' dir='ltr' id='par_1_3' title="bbox 1769 375 3318 445">
     <span class='ocr_line' id='line_1_3' title="bbox 1769 375 3318 445; baseline 0.005 -18"><span class='ocrx_word' id='word_1_20' title='bbox 1769 390 1900 437; x_wconf 87' lang='lat' dir='ltr'><strong>mus,</strong></span> <span class='ocrx_word' id='word_1_21' title='bbox 1937 376 2154 445; x_wconf 82' lang='lat' dir='ltr'><strong>proprie</strong></span> <span class='ocrx_word' id='word_1_22' title='bbox 2190 375 2350 429; x_wconf 90' lang='lat' dir='ltr'><strong>etiam</strong></span> <span class='ocrx_word' id='word_1_23' title='bbox 2404 378 2600 445; x_wconf 84' lang='lat' dir='ltr'><strong>cuique</strong></span> <span class='ocrx_word' id='word_1_24' title='bbox 2631 376 2983 433; x_wconf 87' lang='lat' dir='ltr'><strong>laudatoriam</strong></span> <span class='ocrx_word' id='word_1_25' title='bbox 3014 380 3318 435; x_wconf 90' lang='lat' dir='ltr'><strong>orationem</strong></span> 
     </span>
    </p>
   </div>
   <div class='ocr_carea' id='block_1_4' title="bbox 132 458 1681 547">
    <p class='ocr_par' dir='ltr' id='par_1_4' title="bbox 132 458 1623 547">
     <span class='ocr_line' id='line_1_4' title="bbox 132 458 1623 547; baseline -0.01 -15"><span class='ocrx_word' id='word_1_26' title='bbox 132 458 263 546; x_wconf 49' lang='lat' dir='ltr'><strong>etiam</strong></span> <span class='ocrx_word' id='word_1_27' title='bbox 273 480 399 547; x_wconf 80' lang='grc' dir='ltr'>μίας</span> <span class='ocrx_word' id='word_1_28' title='bbox 427 474 788 542; x_wconf 83' lang='grc' dir='ltr'>ἀποδώσομεν.</span> <span class='ocrx_word' id='word_1_29' title='bbox 1618 476 1623 477; x_wconf 63' lang='grc'><strong><em>⁷</em></strong></span> 
     </span>
    </p>
   </div>
   <div class='ocr_carea' id='block_1_5' title="bbox 534 458 2083 547">
    <p class='ocr_par' dir='ltr' id='par_1_5' title="bbox 534 466 2083 542">
     <span class='ocr_line' id='line_1_5' title="bbox 534 466 2083 542; baseline -0.005 -15"><span class='ocrx_word' id='word_1_30' title='bbox 534 474 788 542; x_wconf 77' lang='grc' dir='ltr'>δώσομεν.</span> <span class='ocrx_word' id='word_1_31' title='bbox 1618 476 1623 477; x_wconf 62' lang='grc'><strong>“</strong></span> <span class='ocrx_word' id='word_1_32' title='bbox 1768 466 2083 520; x_wconf 77' lang='lat' dir='ltr'><strong>reddamus.</strong></span> 
     </span>
    </p>
   </div>
   <div class='ocr_carea' id='block_1_6' title="bbox 206 555 1755 635">
    <p class='ocr_par' dir='ltr' id='par_1_6' title="bbox 206 563 1663 635">
     <span class='ocr_line' id='line_1_6' title="bbox 206 563 1663 635; baseline -0.004 -14"><span class='ocrx_word' id='word_1_33' title='bbox 206 569 286 629; x_wconf 77' lang='grc' dir='ltr'>Γίς</span> <span class='ocrx_word' id='word_1_34' title='bbox 328 568 420 619; x_wconf 81' lang='grc' dir='ltr'>οὖν</span> <span class='ocrx_word' id='word_1_35' title='bbox 451 566 623 618; x_wconf 78' lang='grc' dir='ltr'>αὐτῶν</span> <span class='ocrx_word' id='word_1_36' title='bbox 672 568 816 617; x_wconf 77' lang='grc' dir='ltr'>ἐστιν</span> <span class='ocrx_word' id='word_1_37' title='bbox 841 565 869 616; x_wconf 93' lang='lat'><strong>6</strong></span> <span class='ocrx_word' id='word_1_38' title='bbox 900 564 992 616; x_wconf 81' lang='grc' dir='ltr'><strong>νῦν</strong></span> <span class='ocrx_word' id='word_1_39' title='bbox 1020 563 1110 616; x_wconf 82' lang='grc' dir='ltr'>τὸν</span> <span class='ocrx_word' id='word_1_40' title='bbox 1150 564 1305 632; x_wconf 84' lang='grc' dir='ltr'>λόγον</span> <span class='ocrx_word' id='word_1_41' title='bbox 1347 566 1481 634; x_wconf 79' lang='grc' dir='ltr'>ἡμῖν</span> <span class='ocrx_word' id='word_1_42' title='bbox 1526 564 1663 635; x_wconf 83' lang='grc' dir='ltr'>πρὸς</span> 
     </span>
    </p>
   </div>
   <div class='ocr_carea' id='block_1_7' title="bbox 1772 555 3321 635">
    <p class='ocr_par' dir='ltr' id='par_1_7' title="bbox 1833 555 3321 634">
     <span class='ocr_line' id='line_1_7' title="bbox 1833 555 3321 634; baseline 0.005 -26"><span class='ocrx_word' id='word_1_43' title='bbox 1833 555 1964 621; x_wconf 83' lang='lat' dir='ltr'><strong>Quis</strong></span> <span class='ocrx_word' id='word_1_44' title='bbox 1990 556 2155 626; x_wconf 90' lang='lat' dir='ltr'><strong>igitur</strong></span> <span class='ocrx_word' id='word_1_45' title='bbox 2188 571 2253 634; x_wconf 61' lang='lat' dir='ltr'><strong>ex</strong></span> <span class='ocrx_word' id='word_1_46' title='bbox 2285 566 2499 611; x_wconf 85' lang='lat' dir='ltr'><strong>sacrato</strong></span> <span class='ocrx_word' id='word_1_47' title='bbox 2533 558 2623 611; x_wconf 91' lang='lat' dir='ltr'><strong>illo</strong></span> <span class='ocrx_word' id='word_1_48' title='bbox 2652 574 2881 613; x_wconf 87' lang='lat' dir='ltr'><strong>numero</strong></span> <span class='ocrx_word' id='word_1_49' title='bbox 2907 569 3008 623; x_wconf 87' lang='lat' dir='ltr'><strong>est,</strong></span> <span class='ocrx_word' id='word_1_50' title='bbox 3039 562 3130 629; x_wconf 88' lang='lat' dir='ltr'><strong>qui</strong></span> <span class='ocrx_word' id='word_1_51' title='bbox 3163 564 3321 617; x_wconf 87' lang='lat' dir='ltr'><strong>nobis</strong></span> 
     </span>
    </p>
   </div>
   <div class='ocr_carea' id='block_1_8' title="bbox 130 642 1679 730">
    <p class='ocr_par' dir='ltr' id='par_1_8' title="bbox 130 642 1665 730">
     <span class='ocr_line' id='line_1_8' title="bbox 130 642 1665 730; baseline -0.001 -21"><span class='ocrx_word' id='word_1_52' title='bbox 130 659 223 730; x_wconf 72' lang='grc' dir='ltr'>τὴν</span> <span class='ocrx_word' id='word_1_53' title='bbox 256 658 456 712; x_wconf 84' lang='grc' dir='ltr'>οίκείαν</span> <span class='ocrx_word' id='word_1_54' title='bbox 482 657 753 727; x_wconf 79' lang='grc' dir='ltr'>εὐφημίαν</span> <span class='ocrx_word' id='word_1_55' title='bbox 790 655 1133 725; x_wconf 77' lang='grc' dir='ltr'>ξεναγαγὼν;</span> <span class='ocrx_word' id='word_1_56' title='bbox 1168 656 1262 720; x_wconf 91' lang='grc' dir='ltr'>Τίς</span> <span class='ocrx_word' id='word_1_57' title='bbox 1292 642 1319 709; x_wconf 83' lang='lat'><strong>6</strong></span> <span class='ocrx_word' id='word_1_58' title='bbox 1347 656 1485 724; x_wconf 87' lang='grc' dir='ltr'>μετά</span> <span class='ocrx_word' id='word_1_59' title='bbox 1516 655 1665 725; x_wconf 81' lang='grc' dir='ltr'>πρῶ-</span> 
     </span>
    </p>
   </div>
   <div class='ocr_carea' id='block_1_9' title="bbox 1772 642 3321 730">
    <p class='ocr_par' dir='ltr' id='par_1_9' title="bbox 1772 646 3321 719">
     <span class='ocr_line' id='line_1_9' title="bbox 1772 646 3321 719; baseline 0.005 -20"><span class='ocrx_word' id='word_1_60' title='bbox 1772 646 2249 715; x_wconf 63' lang='lat' dir='ltr'><strong>impraesentiarum</strong></span> <span class='ocrx_word' id='word_1_61' title='bbox 2294 648 2359 701; x_wconf 90' lang='lat' dir='ltr'><strong>ad</strong></span> <span class='ocrx_word' id='word_1_62' title='bbox 2403 659 2527 702; x_wconf 87' lang='lat' dir='ltr'><strong>suas</strong></span> <span class='ocrx_word' id='word_1_63' title='bbox 2572 649 2952 719; x_wconf 89' lang='lat' dir='ltr'><strong>depangendas</strong></span> <span class='ocrx_word' id='word_1_64' title='bbox 2997 651 3187 706; x_wconf 88' lang='lat' dir='ltr'><strong>laudes</strong></span> <span class='ocrx_word' id='word_1_65' title='bbox 3221 669 3321 707; x_wconf 88' lang='lat' dir='ltr'><strong>no-</strong></span> 
     </span>
    </p>
   </div>
   <div class='ocr_carea' id='block_1_10' title="bbox 134 737 1683 817">
    <p class='ocr_par' dir='ltr' id='par_1_10' title="bbox 134 744 1665 817">
     <span class='ocr_line' id='line_1_10' title="bbox 134 744 1665 817; baseline -0.002 -17"><span class='ocrx_word' id='word_1_66' title='bbox 134 766 217 801; x_wconf 87' lang='grc' dir='ltr'><strong>τον</strong></span> <span class='ocrx_word' id='word_1_67' title='bbox 257 748 419 800; x_wconf 77' lang='grc' dir='ltr'>ὕπνον</span> <span class='ocrx_word' id='word_1_68' title='bbox 466 746 623 809; x_wconf 81' lang='grc' dir='ltr'>εὐθὺς</span> <span class='ocrx_word' id='word_1_69' title='bbox 675 745 767 813; x_wconf 82' lang='grc' dir='ltr'><strong>ἀφ’</strong></span> <span class='ocrx_word' id='word_1_70' title='bbox 803 746 1035 817; x_wconf 75' lang='grc' dir='ltr'><strong>ἑσπέρας</strong></span> <span class='ocrx_word' id='word_1_71' title='bbox 1066 747 1233 816; x_wconf 86' lang='grc' dir='ltr'>αὐτῆς</span> <span class='ocrx_word' id='word_1_72' title='bbox 1276 745 1529 811; x_wconf 82' lang='grc' dir='ltr'>ἀνιστῶν,</span> <span class='ocrx_word' id='word_1_73' title='bbox 1570 744 1665 799; x_wconf 75' lang='grc' dir='ltr'>καὶ</span> 
     </span>
    </p>
   </div>
   <div class='ocr_carea' id='block_1_11' title="bbox 1773 737 3322 817">
    <p class='ocr_par' dir='ltr' id='par_1_11' title="bbox 1773 737 3322 813">
     <span class='ocr_line' id='line_1_11' title="bbox 1773 737 3322 813; baseline 0.003 -21"><span class='ocrx_word' id='word_1_74' title='bbox 1773 737 1929 793; x_wconf 73' lang='lat' dir='ltr'><strong>stram</strong></span> <span class='ocrx_word' id='word_1_75' title='bbox 1980 740 2281 793; x_wconf 87' lang='lat' dir='ltr'><strong>orationem</strong></span> <span class='ocrx_word' id='word_1_76' title='bbox 2325 740 2550 794; x_wconf 91' lang='lat' dir='ltr'><strong>ductat?</strong></span> <span class='ocrx_word' id='word_1_77' title='bbox 2592 738 2722 805; x_wconf 87' lang='lat' dir='ltr'><strong>Quis</strong></span> <span class='ocrx_word' id='word_1_78' title='bbox 2775 741 2865 796; x_wconf 91' lang='lat' dir='ltr'><strong>ille</strong></span> <span class='ocrx_word' id='word_1_79' title='bbox 2904 743 2998 811; x_wconf 88' lang='lat' dir='ltr'><strong>qui</strong></span> <span class='ocrx_word' id='word_1_80' title='bbox 3028 744 3117 796; x_wconf 85' lang='lat' dir='ltr'><strong>vix</strong></span> <span class='ocrx_word' id='word_1_81' title='bbox 3145 745 3322 813; x_wconf 90' lang='lat' dir='ltr'><strong>primo</strong></span> 
     </span>
    </p>
   </div>
   <div class='ocr_carea' id='block_1_12' title="bbox 135 829 1684 911">
    <p class='ocr_par' dir='ltr' id='par_1_12' title="bbox 135 836 1667 911">
     <span class='ocr_line' id='line_1_12' title="bbox 135 836 1667 911; baseline -0.001 -18"><span class='ocrx_word' id='word_1_82' title='bbox 135 844 224 909; x_wconf 82' lang='grc' dir='ltr'>τὴν</span> <span class='ocrx_word' id='word_1_83' title='bbox 246 841 497 911; x_wconf 86' lang='grc' dir='ltr'>ὀκνηρίαν</span> <span class='ocrx_word' id='word_1_84' title='bbox 533 836 1033 907; x_wconf 76' lang='grc' dir='ltr'>ὰποσκευαζόμενος</span> <span class='ocrx_word' id='word_1_85' title='bbox 1062 839 1168 892; x_wconf 84' lang='grc' dir='ltr'><strong>τῶν</strong></span> <span class='ocrx_word' id='word_1_86' title='bbox 1200 839 1407 908; x_wconf 74' lang='grc' dir='ltr'>ψυχῶν,</span> <span class='ocrx_word' id='word_1_87' title='bbox 1457 842 1549 892; x_wconf 76' lang='grc' dir='ltr'>καὶ</span> <span class='ocrx_word' id='word_1_88' title='bbox 1573 841 1667 894; x_wconf 77' lang='grc' dir='ltr'><strong>ἄλ-</strong></span> 
     </span>
    </p>
   </div>
   <div class='ocr_carea' id='block_1_13' title="bbox 1772 829 3321 911">
    <p class='ocr_par' dir='ltr' id='par_1_13' title="bbox 1772 829 3321 903">
     <span class='ocr_line' id='line_1_13' title="bbox 1772 829 3321 903; baseline 0.005 -22"><span class='ocrx_word' id='word_1_89' title='bbox 1772 844 1954 883; x_wconf 82' lang='lat' dir='ltr'><strong>somno</strong></span> <span class='ocrx_word' id='word_1_90' title='bbox 1983 829 2267 900; x_wconf 78' lang='lat' dir='ltr'><strong>degustato</strong></span> <span class='ocrx_word' id='word_1_91' title='bbox 2302 832 2369 883; x_wconf 91' lang='lat' dir='ltr'><strong>ab</strong></span> <span class='ocrx_word' id='word_1_92' title='bbox 2402 832 2515 899; x_wconf 88' lang='lat' dir='ltr'><strong>ipsa</strong></span> <span class='ocrx_word' id='word_1_93' title='bbox 2550 832 2732 885; x_wconf 88' lang='lat' dir='ltr'><strong>statim</strong></span> <span class='ocrx_word' id='word_1_94' title='bbox 2766 848 2991 903; x_wconf 88' lang='lat' dir='ltr'><strong>vespera</strong></span> <span class='ocrx_word' id='word_1_95' title='bbox 3020 835 3172 902; x_wconf 81' lang='lat' dir='ltr'><strong>iubet</strong></span> <span class='ocrx_word' id='word_1_96' title='bbox 3201 851 3321 888; x_wconf 84' lang='lat' dir='ltr'><strong>sur—</strong></span> 
     </span>
    </p>
   </div>
   <div class='ocr_carea' id='block_1_14' title="bbox 134 920 1683 999">
    <p class='ocr_par' dir='ltr' id='par_1_14' title="bbox 134 927 1665 999">
     <span class='ocr_line' id='line_1_14' title="bbox 134 927 1665 999; baseline 0 -16"><span class='ocrx_word' id='word_1_97' title='bbox 134 933 215 983; x_wconf 85' lang='grc' dir='ltr'><strong>λον</strong></span> <span class='ocrx_word' id='word_1_98' title='bbox 260 929 546 999; x_wconf 73' lang='grc' dir='ltr'><strong>ἀλλαχόθεν</strong></span> <span class='ocrx_word' id='word_1_99' title='bbox 581 927 715 999; x_wconf 81' lang='grc' dir='ltr'>πρὸς</span> <span class='ocrx_word' id='word_1_100' title='bbox 747 929 869 992; x_wconf 80' lang='grc' dir='ltr'>τοὺς</span> <span class='ocrx_word' id='word_1_101' title='bbox 914 928 1020 981; x_wconf 89' lang='grc' dir='ltr'><strong>τῶν</strong></span> <span class='ocrx_word' id='word_1_102' title='bbox 1051 929 1220 997; x_wconf 82' lang='grc' dir='ltr'>ἁγίων</span> <span class='ocrx_word' id='word_1_103' title='bbox 1258 930 1434 992; x_wconf 74' lang='grc' dir='ltr'>οἴκους</span> <span class='ocrx_word' id='word_1_104' title='bbox 1489 931 1665 999; x_wconf 70' lang='grc' dir='ltr'>ἱεροὺς</span> 
     </span>
    </p>
   </div>
   <div class='ocr_carea' id='block_1_15' title="bbox 1775 920 3324 999">
    <p class='ocr_par' dir='ltr' id='par_1_15' title="bbox 1775 920 3324 993">
     <span class='ocr_line' id='line_1_15' title="bbox 1775 920 3324 993; baseline 0.003 -18"><span class='ocrx_word' id='word_1_105' title='bbox 1775 936 1911 990; x_wconf 77' lang='lat' dir='ltr'><strong>gere,</strong></span> <span class='ocrx_word' id='word_1_106' title='bbox 1936 920 2272 990; x_wconf 80' lang='lat' dir='ltr'><strong>decussaque</strong></span> <span class='ocrx_word' id='word_1_107' title='bbox 2295 921 2598 975; x_wconf 90' lang='lat' dir='ltr'><strong>animorum</strong></span> <span class='ocrx_word' id='word_1_108' title='bbox 2621 922 2869 993; x_wconf 86' lang='lat' dir='ltr'><strong>segnitie.</strong></span> <span class='ocrx_word' id='word_1_109' title='bbox 2894 924 3020 977; x_wconf 91' lang='lat' dir='ltr'><strong>hinc</strong></span> <span class='ocrx_word' id='word_1_110' title='bbox 3044 925 3166 979; x_wconf 89' lang='lat' dir='ltr'><strong>inde</strong></span> <span class='ocrx_word' id='word_1_111' title='bbox 3190 926 3324 980; x_wconf 88' lang='lat' dir='ltr'><strong>alios</strong></span> 
     </span>
    </p>
   </div>
   <div class='ocr_carea' id='block_1_16' title="bbox 136 1005 1685 1091">
    <p class='ocr_par' dir='ltr' id='par_1_16' title="bbox 136 1005 1666 1091">
     <span class='ocr_line' id='line_1_16' title="bbox 136 1005 1666 1091; baseline -0.001 -17"><span class='ocrx_word' id='word_1_112' title='bbox 136 1005 415 1089; x_wconf 77' lang='grc' dir='ltr'>συγκινῶν,</span> <span class='ocrx_word' id='word_1_113' title='bbox 444 1022 537 1085; x_wconf 78' lang='grc' dir='ltr'>καὶ</span> <span class='ocrx_word' id='word_1_114' title='bbox 570 1020 704 1090; x_wconf 84' lang='grc' dir='ltr'>πρὸς</span> <span class='ocrx_word' id='word_1_115' title='bbox 735 1018 1036 1087; x_wconf 78' lang='grc' dir='ltr'>δὸξολογίαν</span> <span class='ocrx_word' id='word_1_116' title='bbox 1066 1020 1215 1074; x_wconf 69' lang='grc' dir='ltr'>θείαν</span> <span class='ocrx_word' id='word_1_117' title='bbox 1248 1020 1666 1091; x_wconf 83' lang='grc' dir='ltr'>προθυμοποιῶν</span> 
     </span>
    </p>
   </div>
   <div class='ocr_carea' id='block_1_17' title="bbox 1774 1005 3323 1091">
    <p class='ocr_par' dir='ltr' id='par_1_17' title="bbox 1774 1012 3323 1085">
     <span class='ocr_line' id='line_1_17' title="bbox 1774 1012 3323 1085; baseline 0.003 -21"><span class='ocrx_word' id='word_1_118' title='bbox 1774 1012 2009 1081; x_wconf 89' lang='lat' dir='ltr'><strong>aliosque</strong></span> <span class='ocrx_word' id='word_1_119' title='bbox 2043 1013 2107 1067; x_wconf 90' lang='lat' dir='ltr'><strong>ad</strong></span> <span class='ocrx_word' id='word_1_120' title='bbox 2145 1023 2458 1067; x_wconf 89' lang='lat' dir='ltr'><strong>sanctorum</strong></span> <span class='ocrx_word' id='word_1_121' title='bbox 2487 1013 2631 1067; x_wconf 60' lang='lat' dir='ltr'><strong>ardes</strong></span> <span class='ocrx_word' id='word_1_122' title='bbox 2662 1029 2841 1069; x_wconf 87' lang='lat' dir='ltr'><strong>sacras</strong></span> <span class='ocrx_word' id='word_1_123' title='bbox 2870 1016 3126 1081; x_wconf 83' lang='lat' dir='ltr'><strong>concitat,</strong></span> <span class='ocrx_word' id='word_1_124' title='bbox 3162 1030 3323 1085; x_wconf 81' lang='lat' dir='ltr'><strong>atque</strong></span> 
     </span>
    </p>
   </div>
   <div class='ocr_carea' id='block_1_18' title="bbox 134 1102 1683 1188">
    <p class='ocr_par' dir='ltr' id='par_1_18' title="bbox 134 1110 1668 1186">
     <span class='ocr_line' id='line_1_18' title="bbox 134 1110 1668 1186; baseline 0.001 -21"><span class='ocrx_word' id='word_1_125' title='bbox 134 1114 219 1167; x_wconf 77' lang='grc' dir='ltr'>καὶ</span> <span class='ocrx_word' id='word_1_126' title='bbox 245 1112 557 1186; x_wconf 80' lang='grc' dir='ltr'>ἀναπτερῶν</span> <span class='ocrx_word' id='word_1_127' title='bbox 581 1130 597 1176; x_wconf 89' lang='grc'><strong>;</strong></span> <span class='ocrx_word' id='word_1_128' title='bbox 631 1112 701 1164; x_wconf 83' lang='grc' dir='ltr'><strong>Ἢ</strong></span> <span class='ocrx_word' id='word_1_129' title='bbox 735 1113 864 1165; x_wconf 79' lang='grc' dir='ltr'>πᾶσι</span> <span class='ocrx_word' id='word_1_130' title='bbox 892 1110 1045 1180; x_wconf 80' lang='grc' dir='ltr'>δῆλον</span> <span class='ocrx_word' id='word_1_131' title='bbox 1064 1152 1087 1176; x_wconf 19' lang='grc' dir='ltr'>,ν</span> <span class='ocrx_word' id='word_1_132' title='bbox 1112 1113 1187 1175; x_wconf 83' lang='grc' dir='ltr'><strong>ὠς</strong></span> <span class='ocrx_word' id='word_1_133' title='bbox 1214 1113 1242 1164; x_wconf 92' lang='lat'><strong>6</strong></span> <span class='ocrx_word' id='word_1_134' title='bbox 1274 1112 1668 1181; x_wconf 49' lang='lat' dir='ltr'><strong>péyacﬁilm-</strong></span> 
     </span>
    </p>
   </div>
   <div class='ocr_carea' id='block_1_19' title="bbox 1773 1102 3322 1188">
    <p class='ocr_par' dir='ltr' id='par_1_19' title="bbox 1773 1102 3322 1173">
     <span class='ocr_line' id='line_1_19' title="bbox 1773 1102 3322 1173; baseline 0.005 -18"><span class='ocrx_word' id='word_1_135' title='bbox 1773 1102 1833 1156; x_wconf 90' lang='lat' dir='ltr'><strong>ad</strong></span> <span class='ocrx_word' id='word_1_136' title='bbox 1862 1103 2073 1157; x_wconf 84' lang='lat' dir='ltr'><strong>divinas</strong></span> <span class='ocrx_word' id='word_1_137' title='bbox 2096 1104 2292 1158; x_wconf 83' lang='lat' dir='ltr'><strong>animis</strong></span> <span class='ocrx_word' id='word_1_138' title='bbox 2313 1105 2518 1159; x_wconf 85' lang='lat' dir='ltr'><strong>alacres</strong></span> <span class='ocrx_word' id='word_1_139' title='bbox 2538 1104 2697 1173; x_wconf 79' lang='lat' dir='ltr'><strong>erigit</strong></span> <span class='ocrx_word' id='word_1_140' title='bbox 2722 1104 2927 1170; x_wconf 81' lang='lat' dir='ltr'><strong>laudes,</strong></span> <span class='ocrx_word' id='word_1_141' title='bbox 2952 1121 3016 1160; x_wconf 89' lang='lat' dir='ltr'><strong>ac</strong></span> <span class='ocrx_word' id='word_1_142' title='bbox 3042 1108 3189 1161; x_wconf 91' lang='lat' dir='ltr'><strong>velut</strong></span> <span class='ocrx_word' id='word_1_143' title='bbox 3210 1109 3322 1163; x_wconf 83' lang='lat' dir='ltr'><strong>alas</strong></span> 
     </span>
    </p>
   </div>
   <div class='ocr_carea' id='block_1_20' title="bbox 132 1194 1681 1275">
    <p class='ocr_par' dir='ltr' id='par_1_20' title="bbox 132 1203 1669 1273">
     <span class='ocr_line' id='line_1_20' title="bbox 132 1203 1669 1273; baseline 0.001 -17"><span class='ocrx_word' id='word_1_144' title='bbox 132 1221 223 1267; x_wconf 74' lang='grc' dir='ltr'><strong>πος</strong></span> <span class='ocrx_word' id='word_1_145' title='bbox 244 1205 342 1273; x_wconf 78' lang='grc' dir='ltr'>τὴν</span> <span class='ocrx_word' id='word_1_146' title='bbox 363 1204 521 1257; x_wconf 78' lang='grc' dir='ltr'>αὑτοῦ</span> <span class='ocrx_word' id='word_1_147' title='bbox 552 1204 789 1273; x_wconf 82' lang='grc' dir='ltr'>σήμερον</span> <span class='ocrx_word' id='word_1_148' title='bbox 820 1203 1091 1267; x_wconf 18' lang='grc' dir='ltr'>ἐσάλπισε,</span> <span class='ocrx_word' id='word_1_149' title='bbox 1109 1203 1352 1273; x_wconf 82' lang='grc' dir='ltr'><strong>μνήμην,</strong></span> <span class='ocrx_word' id='word_1_150' title='bbox 1377 1206 1469 1257; x_wconf 73' lang='grc' dir='ltr'><strong>καὶ</strong></span> <span class='ocrx_word' id='word_1_151' title='bbox 1490 1204 1669 1266; x_wconf 85' lang='grc' dir='ltr'>πάσας</span> 
     </span>
    </p>
   </div>
   <div class='ocr_carea' id='block_1_21' title="bbox 1771 1194 3320 1275">
    <p class='ocr_par' dir='ltr' id='par_1_21' title="bbox 1771 1194 3320 1275">
     <span class='ocr_line' id='line_1_21' title="bbox 1771 1194 3320 1275; baseline 0.005 -28"><span class='ocrx_word' id='word_1_152' title='bbox 1771 1194 1961 1273; x_wconf 84' lang='lat' dir='ltr'><strong>addit?</strong></span> <span class='ocrx_word' id='word_1_153' title='bbox 1998 1196 2191 1251; x_wconf 76' lang='lat' dir='ltr'><strong>Annon</strong></span> <span class='ocrx_word' id='word_1_154' title='bbox 2219 1195 2473 1250; x_wconf 89' lang='lat' dir='ltr'><strong>omnibus</strong></span> <span class='ocrx_word' id='word_1_155' title='bbox 2496 1196 2686 1265; x_wconf 82' lang='lat' dir='ltr'><strong>liquet,</strong></span> <span class='ocrx_word' id='word_1_156' title='bbox 2717 1211 2975 1265; x_wconf 84' lang='lat' dir='ltr'><strong>magnum</strong></span> <span class='ocrx_word' id='word_1_157' title='bbox 3011 1199 3320 1275; x_wconf 87' lang='lat' dir='ltr'><strong>Philippum</strong></span> 
     </span>
    </p>
   </div>
   <div class='ocr_carea' id='block_1_22' title="bbox 132 1287 1681 1366">
    <p class='ocr_par' dir='ltr' id='par_1_22' title="bbox 132 1294 1667 1366">
     <span class='ocr_line' id='line_1_22' title="bbox 132 1294 1667 1366; baseline 0.001 -17"><span class='ocrx_word' id='word_1_158' title='bbox 132 1300 183 1349; x_wconf 73' lang='grc' dir='ltr'>ιν</span> <span class='ocrx_word' id='word_1_159' title='bbox 209 1297 344 1366; x_wconf 78' lang='grc' dir='ltr'>αὐτῇ</span> <span class='ocrx_word' id='word_1_160' title='bbox 398 1296 499 1347; x_wconf 83' lang='grc' dir='ltr'><strong>τῶν</strong></span> <span class='ocrx_word' id='word_1_161' title='bbox 531 1294 770 1348; x_wconf 77' lang='grc' dir='ltr'>εὐσεϐῶν</span> <span class='ocrx_word' id='word_1_162' title='bbox 818 1294 1113 1363; x_wconf 74' lang='grc' dir='ltr'><strong>ἐκκλησίας</strong></span> <span class='ocrx_word' id='word_1_163' title='bbox 1165 1296 1303 1366; x_wconf 82' lang='grc' dir='ltr'>πρὸς</span> <span class='ocrx_word' id='word_1_164' title='bbox 1348 1296 1506 1361; x_wconf 84' lang='grc' dir='ltr'>δόξαν</span> <span class='ocrx_word' id='word_1_165' title='bbox 1532 1296 1667 1350; x_wconf 83' lang='grc' dir='ltr'>Θεοῦ</span> 
     </span>
    </p>
   </div>
   <div class='ocr_carea' id='block_1_23' title="bbox 1771 1287 3320 1366">
    <p class='ocr_par' dir='ltr' id='par_1_23' title="bbox 1771 1287 3320 1359">
     <span class='ocr_line' id='line_1_23' title="bbox 1771 1287 3320 1359; baseline 0.003 -19"><span class='ocrx_word' id='word_1_166' title='bbox 1771 1287 1914 1341; x_wconf 91' lang='lat' dir='ltr'><strong>velut</strong></span> <span class='ocrx_word' id='word_1_167' title='bbox 1945 1289 2226 1359; x_wconf 75' lang='lat' dir='ltr'><strong>clangente</strong></span> <span class='ocrx_word' id='word_1_168' title='bbox 2262 1289 2389 1343; x_wconf 86' lang='lat' dir='ltr'><strong>tuba</strong></span> <span class='ocrx_word' id='word_1_169' title='bbox 2434 1304 2586 1343; x_wconf 91' lang='lat' dir='ltr'><strong>suam</strong></span> <span class='ocrx_word' id='word_1_170' title='bbox 2634 1288 2797 1343; x_wconf 85' lang='lat' dir='ltr'><strong>hodie</strong></span> <span class='ocrx_word' id='word_1_171' title='bbox 2823 1289 3083 1346; x_wconf 77' lang='lat' dir='ltr'><strong>indixisse</strong></span> <span class='ocrx_word' id='word_1_172' title='bbox 3115 1308 3320 1346; x_wconf 88' lang='lat' dir='ltr'><strong>memo-</strong></span> 
     </span>
    </p>
   </div>
   <div class='ocr_carea' id='block_1_24' title="bbox 134 1378 1683 1457">
    <p class='ocr_par' dir='ltr' id='par_1_24' title="bbox 134 1378 1670 1457">
     <span class='ocr_line' id='line_1_24' title="bbox 134 1378 1670 1457; baseline 0.003 -20"><span class='ocrx_word' id='word_1_173' title='bbox 134 1388 426 1456; x_wconf 75' lang='grc' dir='ltr'>συγκροτεῖ.</span> <span class='ocrx_word' id='word_1_174' title='bbox 456 1380 559 1439; x_wconf 81' lang='grc' dir='ltr'>υἷα</span> <span class='ocrx_word' id='word_1_175' title='bbox 588 1386 643 1437; x_wconf 79' lang='grc' dir='ltr'>δὲ</span> <span class='ocrx_word' id='word_1_176' title='bbox 668 1378 1057 1456; x_wconf 76' lang='grc' dir='ltr'>τὴν-πολυτελῆ</span> <span class='ocrx_word' id='word_1_177' title='bbox 1086 1386 1408 1441; x_wconf 80' lang='grc' dir='ltr'>πανδαισίαν</span> <span class='ocrx_word' id='word_1_178' title='bbox 1438 1388 1531 1441; x_wconf 61' lang='grc' dir='ltr'><strong>καὶ⁵</strong></span> <span class='ocrx_word' id='word_1_179' title='bbox 1570 1405 1670 1457; x_wconf 79' lang='grc' dir='ltr'>μυ·-</span> 
     </span>
    </p>
   </div>
   <div class='ocr_carea' id='block_1_25' title="bbox 1773 1378 3322 1457">
    <p class='ocr_par' dir='ltr' id='par_1_25' title="bbox 1773 1379 3322 1451">
     <span class='ocr_line' id='line_1_25' title="bbox 1773 1379 3322 1451; baseline 0.005 -20"><span class='ocrx_word' id='word_1_180' title='bbox 1773 1379 1924 1446; x_wconf 90' lang='lat' dir='ltr'><strong>ri&#39;am,</strong></span> <span class='ocrx_word' id='word_1_181' title='bbox 1959 1390 2290 1450; x_wconf 88' lang='lat' dir='ltr'><strong>cunctasque</strong></span> <span class='ocrx_word' id='word_1_182' title='bbox 2326 1382 2379 1436; x_wconf 90' lang='lat' dir='ltr'><strong>in</strong></span> <span class='ocrx_word' id='word_1_183' title='bbox 2412 1394 2474 1435; x_wconf 88' lang='lat' dir='ltr'><strong>ea</strong></span> <span class='ocrx_word' id='word_1_184' title='bbox 2504 1382 2720 1451; x_wconf 90' lang='lat' dir='ltr'><strong>piorum</strong></span> <span class='ocrx_word' id='word_1_185' title='bbox 2756 1392 2964 1435; x_wconf 82' lang='lat' dir='ltr'><strong>mentes</strong></span> <span class='ocrx_word' id='word_1_186' title='bbox 3006 1382 3073 1437; x_wconf 90' lang='lat' dir='ltr'><strong>ad</strong></span> <span class='ocrx_word' id='word_1_187' title='bbox 3105 1384 3198 1437; x_wconf 89' lang='lat' dir='ltr'><strong>Dei</strong></span> <span class='ocrx_word' id='word_1_188' title='bbox 3230 1400 3322 1438; x_wconf 86' lang='lat' dir='ltr'><strong>co-</strong></span> 
     </span>
    </p>
   </div>
   <div class='ocr_carea' id='block_1_26' title="bbox 135 1460 1684 1550">
    <p class='ocr_par' dir='ltr' id='par_1_26' title="bbox 135 1460 1671 1550">
     <span class='ocr_line' id='line_1_26' title="bbox 135 1460 1671 1550; baseline 0.001 -20"><span class='ocrx_word' id='word_1_189' title='bbox 135 1477 328 1548; x_wconf 74' lang='grc' dir='ltr'>στικὴν,</span> <span class='ocrx_word' id='word_1_190' title='bbox 359 1477 427 1530; x_wconf 85' lang='grc' dir='ltr'><strong>τὰ</strong></span> <span class='ocrx_word' id='word_1_191' title='bbox 453 1460 628 1529; x_wconf 80' lang='grc' dir='ltr'>οίκεῖα</span> <span class='ocrx_word' id='word_1_192' title='bbox 659 1476 757 1544; x_wconf 85' lang='grc' dir='ltr'>τῆς</span> <span class='ocrx_word' id='word_1_193' title='bbox 786 1476 984 1547; x_wconf 81' lang='grc' dir='ltr'>ἀρετῆς</span> <span class='ocrx_word' id='word_1_194' title='bbox 1030 1476 1493 1549; x_wconf 83' lang='grc' dir='ltr'>ἀνδραγαθήματα</span> <span class='ocrx_word' id='word_1_195' title='bbox 1538 1496 1671 1550; x_wconf 76' lang='grc' dir='ltr'>προσ</span> 
     </span>
    </p>
   </div>
   <div class='ocr_carea' id='block_1_27' title="bbox 1776 1460 3325 1550">
    <p class='ocr_par' dir='ltr' id='par_1_27' title="bbox 1776 1467 3325 1548">
     <span class='ocr_line' id='line_1_27' title="bbox 1776 1467 3325 1548; baseline 0.004 -29"><span class='ocrx_word' id='word_1_196' title='bbox 1776 1480 1892 1534; x_wconf 83' lang='lat' dir='ltr'><strong>gere</strong></span> <span class='ocrx_word' id='word_1_197' title='bbox 1930 1467 2186 1537; x_wconf 79' lang='lat' dir='ltr'><strong>gloriam,</strong></span> <span class='ocrx_word' id='word_1_198' title='bbox 2222 1468 2505 1548; x_wconf 82' lang='lat' dir='ltr'><strong>ipsumque</strong></span> <span class='ocrx_word' id='word_1_199' title='bbox 2551 1468 2695 1522; x_wconf 87' lang='lat' dir='ltr'><strong>haud</strong></span> <span class='ocrx_word' id='word_1_200' title='bbox 2739 1483 2896 1523; x_wconf 88' lang='lat' dir='ltr'><strong>secus</strong></span> <span class='ocrx_word' id='word_1_201' title='bbox 2926 1484 2989 1524; x_wconf 88' lang='lat' dir='ltr'><strong>ac</strong></span> <span class='ocrx_word' id='word_1_202' title='bbox 3018 1471 3182 1540; x_wconf 88' lang='lat' dir='ltr'><strong>dapes</strong></span> <span class='ocrx_word' id='word_1_203' title='bbox 3212 1472 3325 1525; x_wconf 80' lang='lat' dir='ltr'><strong>lau—</strong></span> 
     </span>
    </p>
   </div>
   <div class='ocr_carea' id='block_1_28' title="bbox 133 1556 1682 1637">
    <p class='ocr_par' dir='ltr' id='par_1_28' title="bbox 133 1564 1670 1637">
     <span class='ocr_line' id='line_1_28' title="bbox 133 1564 1670 1637; baseline 0.001 -17"><span class='ocrx_word' id='word_1_204' title='bbox 133 1568 459 1636; x_wconf 71' lang='grc' dir='ltr'>ϐαλλόμενος,</span> <span class='ocrx_word' id='word_1_205' title='bbox 485 1566 692 1629; x_wconf 76' lang='grc' dir='ltr'>τούτοις</span> <span class='ocrx_word' id='word_1_206' title='bbox 723 1564 987 1635; x_wconf 80' lang='grc' dir='ltr'>δεξιοῦται</span> <span class='ocrx_word' id='word_1_207' title='bbox 1014 1567 1139 1629; x_wconf 82' lang='grc' dir='ltr'>τοὺς</span> <span class='ocrx_word' id='word_1_208' title='bbox 1161 1566 1324 1619; x_wconf 82' lang='grc' dir='ltr'>αὐτοῦ</span> <span class='ocrx_word' id='word_1_209' title='bbox 1350 1568 1670 1637; x_wconf 84' lang='grc' dir='ltr'>δαιτυμόνας</span> 
     </span>
    </p>
   </div>
   <div class='ocr_carea' id='block_1_29' title="bbox 1773 1556 3322 1637">
    <p class='ocr_par' dir='ltr' id='par_1_29' title="bbox 1773 1556 3322 1631">
     <span class='ocr_line' id='line_1_29' title="bbox 1773 1556 3322 1631; baseline 0.005 -22"><span class='ocrx_word' id='word_1_210' title='bbox 1773 1556 2004 1613; x_wconf 84' lang='lat' dir='ltr'><strong>tissimas</strong></span> <span class='ocrx_word' id='word_1_211' title='bbox 2044 1567 2205 1628; x_wconf 87' lang='lat' dir='ltr'><strong>atque</strong></span> <span class='ocrx_word' id='word_1_212' title='bbox 2240 1560 2515 1629; x_wconf 87' lang='lat' dir='ltr'><strong>mysticas,</strong></span> <span class='ocrx_word' id='word_1_213' title='bbox 2560 1561 2815 1628; x_wconf 63' lang='lat' dir='ltr'><strong>praclara</strong></span> <span class='ocrx_word' id='word_1_214' title='bbox 2840 1576 2936 1615; x_wconf 90' lang='lat' dir='ltr'><strong>sua</strong></span> <span class='ocrx_word' id='word_1_215' title='bbox 2962 1572 3322 1631; x_wconf 87' lang='lat' dir='ltr'><strong>apponentem</strong></span> 
     </span>
    </p>
   </div>
   <div class='ocr_carea' id='block_1_30' title="bbox 134 1645 1683 1731">
    <p class='ocr_par' dir='ltr' id='par_1_30' title="bbox 134 1657 1671 1731">
     <span class='ocr_line' id='line_1_30' title="bbox 134 1657 1671 1731; baseline -0.003 -16"><span class='ocrx_word' id='word_1_216' title='bbox 134 1664 215 1715; x_wconf 79' lang='grc' dir='ltr'>καὶ</span> <span class='ocrx_word' id='word_1_217' title='bbox 244 1661 495 1731; x_wconf 79' lang='grc' dir='ltr'>ἐραστάς.</span> <span class='ocrx_word' id='word_1_218' title='bbox 518 1660 802 1729; x_wconf 74' lang='grc' dir='ltr'>Φίλιππος,</span> <span class='ocrx_word' id='word_1_219' title='bbox 838 1659 867 1711; x_wconf 93' lang='lat'><strong>6</strong></span> <span class='ocrx_word' id='word_1_220' title='bbox 903 1658 1153 1721; x_wconf 67' lang='grc' dir='ltr'>εκλεκτδς</span> <span class='ocrx_word' id='word_1_221' title='bbox 1188 1657 1281 1710; x_wconf 76' lang='grc' dir='ltr'>καὶ</span> <span class='ocrx_word' id='word_1_222' title='bbox 1328 1657 1549 1728; x_wconf 81' lang='grc' dir='ltr'><strong>δόκιμος</strong></span> <span class='ocrx_word' id='word_1_223' title='bbox 1578 1659 1671 1712; x_wconf 78' lang='grc' dir='ltr'>καὶ</span> 
     </span>
    </p>
   </div>
   <div class='ocr_carea' id='block_1_31' title="bbox 1777 1645 3326 1731">
    <p class='ocr_par' dir='ltr' id='par_1_31' title="bbox 1777 1645 3326 1720">
     <span class='ocr_line' id='line_1_31' title="bbox 1777 1645 3326 1720; baseline 0.005 -21"><span class='ocrx_word' id='word_1_224' title='bbox 1777 1645 1986 1702; x_wconf 85' lang='lat' dir='ltr'><strong>virtutis</strong></span> <span class='ocrx_word' id='word_1_225' title='bbox 2003 1646 2262 1712; x_wconf 80' lang='lat' dir='ltr'><strong>facinora;</strong></span> <span class='ocrx_word' id='word_1_226' title='bbox 2289 1651 2376 1704; x_wconf 87' lang='lat' dir='ltr'><strong>his</strong></span> <span class='ocrx_word' id='word_1_227' title='bbox 2409 1665 2538 1705; x_wconf 87' lang='lat' dir='ltr'><strong>suos</strong></span> <span class='ocrx_word' id='word_1_228' title='bbox 2573 1651 2966 1720; x_wconf 69' lang='lat' dir='ltr'><strong>praemagniﬁce</strong></span> <span class='ocrx_word' id='word_1_229' title='bbox 2985 1653 3241 1707; x_wconf 74' lang='lat' dir='ltr'><strong>convivas</strong></span> <span class='ocrx_word' id='word_1_230' title='bbox 3262 1669 3326 1708; x_wconf 87' lang='lat' dir='ltr'><strong>ac</strong></span> 
     </span>
    </p>
   </div>
   <div class='ocr_carea' id='block_1_32' title="bbox 136 1741 1685 1818">
    <p class='ocr_par' dir='ltr' id='par_1_32' title="bbox 136 1747 1667 1818">
     <span class='ocr_line' id='line_1_32' title="bbox 136 1747 1667 1818; baseline -0.003 -14"><span class='ocrx_word' id='word_1_231' title='bbox 136 1751 309 1813; x_wconf 81' lang='grc' dir='ltr'>πιστὸς</span> <span class='ocrx_word' id='word_1_232' title='bbox 328 1750 491 1810; x_wconf 74' lang='grc' dir='ltr'>ὅντως</span> <span class='ocrx_word' id='word_1_233' title='bbox 516 1749 608 1801; x_wconf 82' lang='grc' dir='ltr'>τοῦ</span> <span class='ocrx_word' id='word_1_234' title='bbox 639 1749 809 1815; x_wconf 82' lang='grc' dir='ltr'>Λόγου</span> <span class='ocrx_word' id='word_1_235' title='bbox 847 1747 1113 1818; x_wconf 85' lang='grc' dir='ltr'>μαθητὴς,</span> <span class='ocrx_word' id='word_1_236' title='bbox 1146 1747 1176 1800; x_wconf 87' lang='lat'><strong>6</strong></span> <span class='ocrx_word' id='word_1_237' title='bbox 1197 1747 1667 1818; x_wconf 64' lang='lat' dir='ltr'><strong>sbvmpttbvupov</strong></span> 
     </span>
    </p>
   </div>
   <div class='ocr_carea' id='block_1_33' title="bbox 1778 1741 3327 1818">
    <p class='ocr_par' dir='ltr' id='par_1_33' title="bbox 1778 1741 3327 1817">
     <span class='ocr_line' id='line_1_33' title="bbox 1778 1741 3327 1817; baseline 0.005 -26"><span class='ocrx_word' id='word_1_238' title='bbox 1778 1747 2042 1795; x_wconf 80' lang='lat' dir='ltr'><strong>amatores</strong></span> <span class='ocrx_word' id='word_1_239' title='bbox 2070 1741 2366 1810; x_wconf 80' lang='lat' dir='ltr'><strong>excipere?</strong></span> <span class='ocrx_word' id='word_1_240' title='bbox 2394 1741 2705 1811; x_wconf 86' lang='lat' dir='ltr'><strong>Philippum</strong></span> <span class='ocrx_word' id='word_1_241' title='bbox 2754 1758 2969 1817; x_wconf 84' lang='lat' dir='ltr'><strong>nempe,</strong></span> <span class='ocrx_word' id='word_1_242' title='bbox 2995 1744 3228 1798; x_wconf 88' lang='lat' dir='ltr'><strong>electum</strong></span> <span class='ocrx_word' id='word_1_243' title='bbox 3257 1745 3327 1807; x_wconf 78' lang='lat' dir='ltr'><strong>il-</strong></span> 
     </span>
    </p>
   </div>
   <div class='ocr_carea' id='block_1_34' title="bbox 136 1830 1685 1911">
    <p class='ocr_par' dir='ltr' id='par_1_34' title="bbox 136 1838 1667 1911">
     <span class='ocr_line' id='line_1_34' title="bbox 136 1838 1667 1911; baseline -0.001 -17"><span class='ocrx_word' id='word_1_244' title='bbox 136 1844 222 1911; x_wconf 80' lang='grc' dir='ltr'><strong>τῆς</strong></span> <span class='ocrx_word' id='word_1_245' title='bbox 251 1842 538 1903; x_wconf 76' lang='grc' dir='ltr'>δωδεκάδος</span> <span class='ocrx_word' id='word_1_246' title='bbox 587 1840 743 1911; x_wconf 72' lang='grc' dir='ltr'>χορὸν</span> <span class='ocrx_word' id='word_1_247' title='bbox 774 1838 1144 1908; x_wconf 76' lang='grc' dir='ltr'>συμπληρῶνο</span> <span class='ocrx_word' id='word_1_248' title='bbox 1174 1839 1202 1891; x_wconf 93' lang='lat'><strong>6</strong></span> <span class='ocrx_word' id='word_1_249' title='bbox 1234 1839 1410 1908; x_wconf 83' lang='grc' dir='ltr'>τίμιος</span> <span class='ocrx_word' id='word_1_250' title='bbox 1440 1839 1603 1904; x_wconf 84' lang='grc' dir='ltr'>λίθος,</span> <span class='ocrx_word' id='word_1_251' title='bbox 1639 1841 1667 1893; x_wconf 97' lang='lat'><strong>6</strong></span> 
     </span>
    </p>
   </div>
   <div class='ocr_carea' id='block_1_35' title="bbox 1774 1830 3323 1911">
    <p class='ocr_par' dir='ltr' id='par_1_35' title="bbox 1774 1830 3323 1907">
     <span class='ocr_line' id='line_1_35' title="bbox 1774 1830 3323 1907; baseline 0.006 -24"><span class='ocrx_word' id='word_1_252' title='bbox 1774 1830 1901 1893; x_wconf 89' lang='lat' dir='ltr'><strong>lum,</strong></span> <span class='ocrx_word' id='word_1_253' title='bbox 1933 1831 2224 1900; x_wconf 86' lang='lat' dir='ltr'><strong>probatum</strong></span> <span class='ocrx_word' id='word_1_254' title='bbox 2260 1848 2323 1892; x_wconf 87' lang='lat' dir='ltr'><strong>ac</strong></span> <span class='ocrx_word' id='word_1_255' title='bbox 2377 1849 2505 1888; x_wconf 84' lang='lat' dir='ltr'><strong>vere</strong></span> <span class='ocrx_word' id='word_1_256' title='bbox 2536 1833 2749 1888; x_wconf 83' lang='lat' dir='ltr'><strong>ﬁdelem</strong></span> <span class='ocrx_word' id='word_1_257' title='bbox 2779 1833 2944 1889; x_wconf 82' lang='lat' dir='ltr'><strong>Verbi</strong></span> <span class='ocrx_word' id='word_1_258' title='bbox 2972 1837 3323 1907; x_wconf 88' lang='lat' dir='ltr'><strong>discipulum,</strong></span> 
     </span>
    </p>
   </div>
   <div class='ocr_carea' id='block_1_36' title="bbox 137 1922 1686 2003">
    <p class='ocr_par' dir='ltr' id='par_1_36' title="bbox 137 1922 1667 2003">
     <span class='ocr_line' id='line_1_36' title="bbox 137 1922 1667 2003; baseline 0.01 -24"><span class='ocrx_word' id='word_1_259' title='bbox 137 1931 416 1997; x_wconf 77' lang='grc' dir='ltr'>πάγκαλος,</span> <span class='ocrx_word' id='word_1_260' title='bbox 456 1932 484 1983; x_wconf 91' lang='lat'><strong>6</strong></span> <span class='ocrx_word' id='word_1_261' title='bbox 509 1931 837 1999; x_wconf 86' lang='grc' dir='ltr'>πανώραιος,</span> <span class='ocrx_word' id='word_1_262' title='bbox 867 1929 896 1980; x_wconf 91' lang='lat'><strong>6</strong></span> <span class='ocrx_word' id='word_1_263' title='bbox 941 1922 1186 2000; x_wconf 78' lang='grc' dir='ltr'>διαυγὴς,</span> <span class='ocrx_word' id='word_1_264' title='bbox 1217 1930 1244 1980; x_wconf 88' lang='grc' dir='ltr'>ὁ</span> <span class='ocrx_word' id='word_1_265' title='bbox 1270 1930 1605 1999; x_wconf 75' lang='grc' dir='ltr'><strong>χρυσοειδὴς,</strong></span> <span class='ocrx_word' id='word_1_266' title='bbox 1633 1932 1667 2003; x_wconf 75' lang='grc' dir='ltr'>ἢ</span> 
     </span>
    </p>
   </div>
   <div class='ocr_carea' id='block_1_37' title="bbox 1878 1922 3427 2003">
    <p class='ocr_par' dir='ltr' id='par_1_37' title="bbox 1878 1922 3427 1994">
     <span class='ocr_line' id='line_1_37' title="bbox 1878 1922 3427 1994; baseline 0.005 -18"><span class='ocrx_word' id='word_1_267' title='bbox 1878 1922 2128 1979; x_wconf 80' lang='lat' dir='ltr'><strong>issimutn</strong></span> <span class='ocrx_word' id='word_1_268' title='bbox 2152 1925 2301 1978; x_wconf 93' lang='lat' dir='ltr'><strong>illum</strong></span> <span class='ocrx_word' id='word_1_269' title='bbox 2332 1926 2695 1994; x_wconf 90' lang='lat' dir='ltr'><strong>complentem</strong></span> <span class='ocrx_word' id='word_1_270' title='bbox 2719 1926 3036 1983; x_wconf 87' lang='lat' dir='ltr'><strong>duodenum</strong></span> <span class='ocrx_word' id='word_1_271' title='bbox 3059 1928 3283 1982; x_wconf 90' lang='lat' dir='ltr'><strong>chorum</strong></span> <span class='ocrx_word' id='word_1_272' title='bbox 3307 1946 3321 1982; x_wconf 85' lang='lat'><strong>:</strong></span> <span class='ocrx_word' id='word_1_273' title='bbox 3423 1970 3427 1974; x_wconf 82' lang='lat'><strong>.</strong></span> 
     </span>
    </p>
   </div>
   <div class='ocr_carea' id='block_1_38' title="bbox 137 2014 1686 2092">
    <p class='ocr_par' dir='ltr' id='par_1_38' title="bbox 137 2016 1668 2092">
     <span class='ocr_line' id='line_1_38' title="bbox 137 2016 1668 2092; baseline -0.001 -19"><span class='ocrx_word' id='word_1_274' title='bbox 137 2022 452 2092; x_wconf 78' lang='grc' dir='ltr'>χριστοειδής</span> <span class='ocrx_word' id='word_1_275' title='bbox 475 2037 491 2053; x_wconf 81' lang='grc'><em>’</em></span> <span class='ocrx_word' id='word_1_276' title='bbox 532 2022 560 2074; x_wconf 90' lang='lat'><strong>6</strong></span> <span class='ocrx_word' id='word_1_277' title='bbox 598 2020 875 2091; x_wconf 78' lang='grc' dir='ltr'><strong>λαμπραῖς</strong></span> <span class='ocrx_word' id='word_1_278' title='bbox 907 2018 1087 2072; x_wconf 78' lang='grc' dir='ltr'>ἀκτῖσι</span> <span class='ocrx_word' id='word_1_279' title='bbox 1122 2021 1222 2088; x_wconf 80' lang='grc' dir='ltr'>τῆς</span> <span class='ocrx_word' id='word_1_280' title='bbox 1252 2016 1468 2090; x_wconf 82' lang='grc' dir='ltr'>χάριτος</span> <span class='ocrx_word' id='word_1_281' title='bbox 1498 2019 1668 2089; x_wconf 81' lang='grc' dir='ltr'>ὑπερ-</span> 
     </span>
    </p>
   </div>
   <div class='ocr_carea' id='block_1_39' title="bbox 1771 2014 3320 2092">
    <p class='ocr_par' dir='ltr' id='par_1_39' title="bbox 1771 2014 3320 2088">
     <span class='ocr_line' id='line_1_39' title="bbox 1771 2014 3320 2088; baseline 0.001 -17"><span class='ocrx_word' id='word_1_282' title='bbox 1771 2014 1998 2084; x_wconf 86' lang='lat' dir='ltr'><strong>lapidem</strong></span> <span class='ocrx_word' id='word_1_283' title='bbox 2021 2016 2338 2086; x_wconf 89' lang='lat' dir='ltr'><strong>pretiosum,</strong></span> <span class='ocrx_word' id='word_1_284' title='bbox 2361 2017 2841 2086; x_wconf 85' lang='lat' dir='ltr'><strong>elegantissimum,</strong></span> <span class='ocrx_word' id='word_1_285' title='bbox 2870 2019 3320 2088; x_wconf 87' lang='lat' dir='ltr'><strong>pulcherrimum,</strong></span> 
     </span>
    </p>
   </div>
   <div class='ocr_carea' id='block_1_40' title="bbox 138 2094 1687 2183">
    <p class='ocr_par' dir='ltr' id='par_1_40' title="bbox 138 2094 1666 2183">
     <span class='ocr_line' id='line_1_40' title="bbox 138 2094 1666 2183; baseline -0.001 -19"><span class='ocrx_word' id='word_1_286' title='bbox 138 2112 268 2179; x_wconf 74' lang='grc' dir='ltr'><strong>φυῶς</strong></span> <span class='ocrx_word' id='word_1_287' title='bbox 298 2112 688 2181; x_wconf 76' lang='grc' dir='ltr'>διηνθισμένος.</span> <span class='ocrx_word' id='word_1_288' title='bbox 733 2110 1017 2175; x_wconf 75' lang='grc' dir='ltr'>Φίλιππος,</span> <span class='ocrx_word' id='word_1_289' title='bbox 1043 2111 1071 2161; x_wconf 88' lang='lat'><strong>6</strong></span> <span class='ocrx_word' id='word_1_290' title='bbox 1102 2094 1252 2183; x_wconf 71' lang='grc' dir='ltr'>κάτω</span> <span class='ocrx_word' id='word_1_291' title='bbox 1287 2109 1385 2179; x_wconf 83' lang='grc' dir='ltr'>μὲν</span> <span class='ocrx_word' id='word_1_292' title='bbox 1415 2106 1666 2181; x_wconf 73' lang='grc' dir='ltr'>πατρίδα,</span> 
     </span>
    </p>
   </div>
   <div class='ocr_carea' id='block_1_41' title="bbox 1776 2094 3325 2183">
    <p class='ocr_par' dir='ltr' id='par_1_41' title="bbox 1776 2106 3325 2179">
     <span class='ocr_line' id='line_1_41' title="bbox 1776 2106 3325 2179; baseline 0.003 -19"><span class='ocrx_word' id='word_1_293' title='bbox 1776 2106 2118 2175; x_wconf 88' lang='lat' dir='ltr'><strong>pellucidum,</strong></span> <span class='ocrx_word' id='word_1_294' title='bbox 2140 2109 2321 2164; x_wconf 87' lang='lat' dir='ltr'><strong>aureis</strong></span> <span class='ocrx_word' id='word_1_295' title='bbox 2342 2111 2629 2165; x_wconf 91' lang='lat' dir='ltr'><strong>micantem</strong></span> <span class='ocrx_word' id='word_1_296' title='bbox 2652 2109 2976 2179; x_wconf 80' lang='lat' dir='ltr'><strong>fulgoribus,</strong></span> <span class='ocrx_word' id='word_1_297' title='bbox 2993 2126 3088 2165; x_wconf 91' lang='lat' dir='ltr'><strong>seu</strong></span> <span class='ocrx_word' id='word_1_298' title='bbox 3106 2114 3325 2167; x_wconf 83' lang='lat' dir='ltr'><strong>Christo</strong></span> 
     </span>
    </p>
   </div>
   <div class='ocr_carea' id='block_1_42' title="bbox 139 2198 1688 2273">
    <p class='ocr_par' dir='ltr' id='par_1_42' title="bbox 139 2198 1666 2273">
     <span class='ocr_line' id='line_1_42' title="bbox 139 2198 1666 2273; baseline 0 -20"><span class='ocrx_word' id='word_1_299' title='bbox 139 2203 222 2272; x_wconf 72' lang='grc' dir='ltr'><strong>τὴν</strong></span> <span class='ocrx_word' id='word_1_300' title='bbox 253 2202 518 2269; x_wconf 72' lang='grc' dir='ltr'><strong>Βηθσαῖδὰ</strong></span> <span class='ocrx_word' id='word_1_301' title='bbox 540 2240 558 2267; x_wconf 91' lang='grc'><strong>,</strong></span> <span class='ocrx_word' id='word_1_302' title='bbox 590 2200 742 2270; x_wconf 65' lang='grc' dir='ltr'><strong>¹πόλιν</strong></span> <span class='ocrx_word' id='word_1_303' title='bbox 798 2198 1044 2268; x_wconf 77' lang='grc' dir='ltr'>Ἀνδρέου</span> <span class='ocrx_word' id='word_1_304' title='bbox 1095 2200 1185 2252; x_wconf 79' lang='grc' dir='ltr'>καὶ</span> <span class='ocrx_word' id='word_1_305' title='bbox 1217 2199 1423 2273; x_wconf 69' lang='grc' dir='ltr'>Πέτρου</span> <span class='ocrx_word' id='word_1_306' title='bbox 1454 2198 1631 2269; x_wconf 86' lang='grc' dir='ltr'>λαχών</span> <span class='ocrx_word' id='word_1_307' title='bbox 1652 2216 1666 2232; x_wconf 87' lang='grc'><strong>·</strong></span> 
     </span>
    </p>
   </div>
   <div class='ocr_carea' id='block_1_43' title="bbox 1795 2198 3344 2273">
    <p class='ocr_par' dir='ltr' id='par_1_43' title="bbox 1800 2198 3344 2272">
     <span class='ocr_line' id='line_1_43' title="bbox 1800 2198 3344 2272; baseline 0.005 -22"><span class='ocrx_word' id='word_1_308' title='bbox 1800 2198 2033 2264; x_wconf 87' lang='lat' dir='ltr'><strong>imilem;</strong></span> <span class='ocrx_word' id='word_1_309' title='bbox 2059 2200 2361 2268; x_wconf 87' lang='lat' dir='ltr'><strong>splendidis</strong></span> <span class='ocrx_word' id='word_1_310' title='bbox 2387 2202 2576 2272; x_wconf 64' lang='lat' dir='ltr'><strong>gratim</strong></span> <span class='ocrx_word' id='word_1_311' title='bbox 2610 2202 2777 2257; x_wconf 87' lang='lat' dir='ltr'><strong>radiis</strong></span> <span class='ocrx_word' id='word_1_312' title='bbox 2809 2203 3205 2271; x_wconf 64' lang='lat' dir='ltr'><strong>praemagniiice</strong></span> <span class='ocrx_word' id='word_1_313' title='bbox 3237 2205 3344 2257; x_wconf 76' lang='lat' dir='ltr'><strong>in--</strong></span> 
     </span>
    </p>
   </div>
   <div class='ocr_carea' id='block_1_44' title="bbox 142 2278 1691 2366">
    <p class='ocr_par' dir='ltr' id='par_1_44' title="bbox 142 2278 1670 2366">
     <span class='ocr_line' id='line_1_44' title="bbox 142 2278 1670 2366; baseline -0.003 -18"><span class='ocrx_word' id='word_1_314' title='bbox 142 2295 241 2349; x_wconf 76' lang='grc' dir='ltr'>ἄνω</span> <span class='ocrx_word' id='word_1_315' title='bbox 281 2278 335 2347; x_wconf 65' lang='grc' dir='ltr'>δὲ</span> <span class='ocrx_word' id='word_1_316' title='bbox 380 2293 475 2366; x_wconf 81' lang='grc' dir='ltr'>τὴν</span> <span class='ocrx_word' id='word_1_317' title='bbox 536 2290 865 2364; x_wconf 77' lang='grc' dir='ltr'><strong>μητρόπολιν</strong></span> <span class='ocrx_word' id='word_1_318' title='bbox 917 2290 1096 2360; x_wconf 77' lang='grc' dir='ltr'>αὐχῶν</span> <span class='ocrx_word' id='word_1_319' title='bbox 1154 2290 1520 2364; x_wconf 81' lang='grc' dir='ltr'>Ἰερουσαλὴμ,</span> <span class='ocrx_word' id='word_1_320' title='bbox 1572 2292 1670 2364; x_wconf 84' lang='grc' dir='ltr'>τὴν</span> 
     </span>
    </p>
   </div>
   <div class='ocr_carea' id='block_1_45' title="bbox 1772 2278 3321 2366">
    <p class='ocr_par' dir='ltr' id='par_1_45' title="bbox 1772 2290 3321 2364">
     <span class='ocr_line' id='line_1_45' title="bbox 1772 2290 3321 2364; baseline 0.003 -20"><span class='ocrx_word' id='word_1_321' title='bbox 1772 2290 2112 2346; x_wconf 85' lang='lat' dir='ltr'><strong>terstinctum</strong></span> <span class='ocrx_word' id='word_1_322' title='bbox 2158 2301 2321 2363; x_wconf 85' lang='lat' dir='ltr'><strong>atque</strong></span> <span class='ocrx_word' id='word_1_323' title='bbox 2358 2293 2676 2358; x_wconf 82' lang='lat' dir='ltr'><strong>ﬂorentem;</strong></span> <span class='ocrx_word' id='word_1_324' title='bbox 2715 2294 3042 2363; x_wconf 85' lang='lat' dir='ltr'><strong>Philippum,</strong></span> <span class='ocrx_word' id='word_1_325' title='bbox 3085 2295 3321 2364; x_wconf 88' lang='lat' dir='ltr'><strong>inquam,</strong></span> 
     </span>
    </p>
   </div>
   <div class='ocr_carea' id='block_1_46' title="bbox 141 2382 1690 2461">
    <p class='ocr_par' dir='ltr' id='par_1_46' title="bbox 141 2384 1669 2461">
     <span class='ocr_line' id='line_1_46' title="bbox 141 2384 1669 2461; baseline 0.001 -24"><span class='ocrx_word' id='word_1_326' title='bbox 141 2385 377 2455; x_wconf 81' lang='grc' dir='ltr'>οὐρανίαν</span> <span class='ocrx_word' id='word_1_327' title='bbox 426 2386 521 2439; x_wconf 76' lang='grc' dir='ltr'><strong>καὶ</strong></span> <span class='ocrx_word' id='word_1_328' title='bbox 574 2385 788 2461; x_wconf 76' lang='grc' dir='ltr'>ζῶσαν,</span> <span class='ocrx_word' id='word_1_329' title='bbox 844 2385 939 2441; x_wconf 67' lang='grc' dir='ltr'>καὶ</span> <span class='ocrx_word' id='word_1_330' title='bbox 994 2384 1327 2440; x_wconf 79' lang='grc' dir='ltr'>ἀκατάλυτον</span> <span class='ocrx_word' id='word_1_331' title='bbox 1384 2385 1537 2439; x_wconf 84' lang='grc' dir='ltr'>πόλιν</span> <span class='ocrx_word' id='word_1_332' title='bbox 1577 2384 1669 2438; x_wconf 83' lang='grc' dir='ltr'>τοῦ</span> 
     </span>
    </p>
   </div>
   <div class='ocr_carea' id='block_1_47' title="bbox 1775 2382 3324 2461">
    <p class='ocr_par' dir='ltr' id='par_1_47' title="bbox 1775 2382 3324 2455">
     <span class='ocr_line' id='line_1_47' title="bbox 1775 2382 3324 2455; baseline 0.003 -19"><span class='ocrx_word' id='word_1_333' title='bbox 1775 2382 1825 2436; x_wconf 91' lang='lat' dir='ltr'><strong>in</strong></span> <span class='ocrx_word' id='word_1_334' title='bbox 1863 2384 2025 2438; x_wconf 85' lang='lat' dir='ltr'><strong>terris</strong></span> <span class='ocrx_word' id='word_1_335' title='bbox 2076 2385 2296 2455; x_wconf 88' lang='lat' dir='ltr'><strong>quidem</strong></span> <span class='ocrx_word' id='word_1_336' title='bbox 2342 2385 2631 2442; x_wconf 87' lang='lat' dir='ltr'><strong>Betbsaida</strong></span> <span class='ocrx_word' id='word_1_337' title='bbox 2678 2394 2898 2439; x_wconf 91' lang='lat' dir='ltr'><strong>nactum</strong></span> <span class='ocrx_word' id='word_1_338' title='bbox 2928 2386 3174 2455; x_wconf 87' lang='lat' dir='ltr'><strong>patriam,</strong></span> <span class='ocrx_word' id='word_1_339' title='bbox 3210 2386 3324 2441; x_wconf 79' lang='lat' dir='ltr'><strong>An-</strong></span> 
     </span>
    </p>
   </div>
   <div class='ocr_carea' id='block_1_48' title="bbox 144 2472 1693 2546">
    <p class='ocr_par' dir='ltr' id='par_1_48' title="bbox 144 2476 282 2532">
     <span class='ocr_line' id='line_1_48' title="bbox 144 2476 282 2532; baseline 0.036 -5"><span class='ocrx_word' id='word_1_340' title='bbox 144 2476 282 2532; x_wconf 79' lang='grc' dir='ltr'>Θεοῦ.</span> 
     </span>
    </p>
   </div>
   <div class='ocr_carea' id='block_1_49' title="bbox 1780 2472 3329 2546">
    <p class='ocr_par' dir='ltr' id='par_1_49' title="bbox 1780 2472 3329 2546">
     <span class='ocr_line' id='line_1_49' title="bbox 1780 2472 3329 2546; baseline 0.003 -17"><span class='ocrx_word' id='word_1_341' title='bbox 1780 2472 1913 2529; x_wconf 72' lang='lat' dir='ltr'><strong>drea:</strong></span> <span class='ocrx_word' id='word_1_342' title='bbox 1942 2483 1999 2529; x_wconf 88' lang='lat' dir='ltr'><strong>et</strong></span> <span class='ocrx_word' id='word_1_343' title='bbox 2041 2476 2188 2531; x_wconf 88' lang='lat' dir='ltr'><strong>Petri</strong></span> <span class='ocrx_word' id='word_1_344' title='bbox 2244 2476 2549 2542; x_wconf 88' lang='lat' dir='ltr'><strong>civitatem;</strong></span> <span class='ocrx_word' id='word_1_345' title='bbox 2579 2476 2673 2531; x_wconf 88' lang='lat' dir='ltr'><strong>sed</strong></span> <span class='ocrx_word' id='word_1_346' title='bbox 2706 2476 2797 2546; x_wconf 88' lang='lat' dir='ltr'><strong>qui</strong></span> <span class='ocrx_word' id='word_1_347' title='bbox 2829 2477 2884 2532; x_wconf 87' lang='lat' dir='ltr'><strong>in</strong></span> <span class='ocrx_word' id='word_1_348' title='bbox 2914 2476 3087 2538; x_wconf 72' lang='lat' dir='ltr'><strong>cmlis,</strong></span> <span class='ocrx_word' id='word_1_349' title='bbox 3111 2477 3329 2533; x_wconf 82' lang='lat' dir='ltr'><strong>Jerusa-</strong></span> 
     </span>
    </p>
   </div>
   <div class='ocr_carea' id='block_1_50' title="bbox 980 2554 3409 2637">
    <p class='ocr_par' dir='ltr' id='par_1_50' title="bbox 980 2554 3409 2637">
     <span class='ocr_line' id='line_1_50' title="bbox 980 2554 3409 2637; baseline 0.004 -23"><span class='ocrx_word' id='word_1_350' title='bbox 980 2554 981 2557; x_wconf 52' lang='grc'><em>“</em></span> <span class='ocrx_word' id='word_1_351' title='bbox 1769 2562 1873 2617; x_wconf 85' lang='lat' dir='ltr'><strong>lem</strong></span> <span class='ocrx_word' id='word_1_352' title='bbox 1907 2565 2113 2620; x_wconf 69' lang='lat' dir='ltr'><strong>anelesti</strong></span> <span class='ocrx_word' id='word_1_353' title='bbox 2161 2566 2390 2635; x_wconf 79' lang='lat' dir='ltr'><strong>vivaque</strong></span> <span class='ocrx_word' id='word_1_354' title='bbox 2419 2565 2730 2635; x_wconf 88' lang='lat' dir='ltr'><strong>metropoli,</strong></span> <span class='ocrx_word' id='word_1_355' title='bbox 2794 2566 3185 2637; x_wconf 89' lang='lat' dir='ltr'><strong>insolubilique</strong></span> <span class='ocrx_word' id='word_1_356' title='bbox 3230 2567 3327 2623; x_wconf 88' lang='lat' dir='ltr'><strong>Dei</strong></span> <span class='ocrx_word' id='word_1_357' title='bbox 3404 2572 3409 2579; x_wconf 83' lang='grc'><em>’</em></span> 
     </span>
    </p>
   </div>
   <div class='ocr_carea' id='block_1_51' title="bbox 682 2645 2717 2725">
    <p class='ocr_par' dir='ltr' id='par_1_51' title="bbox 682 2645 2717 2725">
     <span class='ocr_line' id='line_1_51' title="bbox 682 2645 2717 2725; baseline 0.001 -16"><span class='ocrx_word' id='word_1_358' title='bbox 682 2706 685 2709; x_wconf 37' lang='grc' dir='ltr'><strong>λ</strong></span> <span class='ocrx_word' id='word_1_359' title='bbox 830 2672 837 2681; x_wconf 92' lang='grc'><strong>·</strong></span> <span class='ocrx_word' id='word_1_360' title='bbox 1771 2645 1989 2711; x_wconf 83' lang='lat' dir='ltr'><strong>civitate</strong></span> <span class='ocrx_word' id='word_1_361' title='bbox 2013 2656 2298 2725; x_wconf 90' lang='lat' dir='ltr'><strong>glorietur.</strong></span> <span class='ocrx_word' id='word_1_362' title='bbox 2714 2652 2717 2659; x_wconf 78' lang='grc'><em>’</em></span> 
     </span>
    </p>
   </div>
   <div class='ocr_carea' id='block_1_52' title="bbox 203 2742 1752 2819">
    <p class='ocr_par' dir='ltr' id='par_1_52' title="bbox 203 2742 1671 2817">
     <span class='ocr_line' id='line_1_52' title="bbox 203 2742 1671 2817; baseline -0.001 -19"><span class='ocrx_word' id='word_1_363' title='bbox 203 2746 360 2809; x_wconf 82' lang='grc' dir='ltr'>οὗτος</span> <span class='ocrx_word' id='word_1_364' title='bbox 402 2745 492 2803; x_wconf 77' lang='grc' dir='ltr'>οὖν</span> <span class='ocrx_word' id='word_1_365' title='bbox 533 2748 563 2799; x_wconf 92' lang='lat'><strong>6</strong></span> <span class='ocrx_word' id='word_1_366' title='bbox 594 2745 1131 2816; x_wconf 85' lang='grc' dir='ltr'>τρισμακαριώτατος</span> <span class='ocrx_word' id='word_1_367' title='bbox 1159 2744 1318 2817; x_wconf 79' lang='grc' dir='ltr'>ἀνὴρ,</span> <span class='ocrx_word' id='word_1_368' title='bbox 1363 2742 1552 2813; x_wconf 81' lang='grc' dir='ltr'>ὥσπερ</span> <span class='ocrx_word' id='word_1_369' title='bbox 1578 2742 1671 2796; x_wconf 79' lang='grc' dir='ltr'><strong>τοῦ</strong></span> 
     </span>
    </p>
   </div>
   <div class='ocr_carea' id='block_1_53' title="bbox 1778 2742 3327 2819">
    <p class='ocr_par' dir='ltr' id='par_1_53' title="bbox 1847 2747 3327 2819">
     <span class='ocr_line' id='line_1_53' title="bbox 1847 2747 3327 2819; baseline 0.002 -17"><span class='ocrx_word' id='word_1_370' title='bbox 1847 2747 1948 2804; x_wconf 78' lang='lat' dir='ltr'><strong>llic</strong></span> <span class='ocrx_word' id='word_1_371' title='bbox 1982 2750 2165 2819; x_wconf 87' lang='lat' dir='ltr'><strong>itaque</strong></span> <span class='ocrx_word' id='word_1_372' title='bbox 2208 2751 2291 2805; x_wconf 78' lang='lat' dir='ltr'><strong>vir</strong></span> <span class='ocrx_word' id='word_1_373' title='bbox 2314 2758 2396 2805; x_wconf 93' lang='lat' dir='ltr'><strong>ter</strong></span> <span class='ocrx_word' id='word_1_374' title='bbox 2424 2750 2794 2812; x_wconf 86' lang='lat' dir='ltr'><strong>beatissimus,</strong></span> <span class='ocrx_word' id='word_1_375' title='bbox 2836 2750 2912 2804; x_wconf 89' lang='lat' dir='ltr'><strong>uti</strong></span> <span class='ocrx_word' id='word_1_376' title='bbox 2948 2748 3137 2804; x_wconf 90' lang='lat' dir='ltr'><strong>eadem</strong></span> <span class='ocrx_word' id='word_1_377' title='bbox 3178 2759 3327 2805; x_wconf 82' lang='lat' dir='ltr'><strong>satus</strong></span> 
     </span>
    </p>
   </div>
   <div class='ocr_carea' id='block_1_54' title="bbox 148 2828 1697 2915">
    <p class='ocr_par' dir='ltr' id='par_1_54' title="bbox 148 2828 1673 2915">
     <span class='ocr_line' id='line_1_54' title="bbox 148 2828 1673 2915; baseline 0 -28"><span class='ocrx_word' id='word_1_378' title='bbox 148 2833 289 2889; x_wconf 70' lang='grc' dir='ltr'>αὑτοῦ</span> <span class='ocrx_word' id='word_1_379' title='bbox 318 2835 503 2904; x_wconf 84' lang='grc' dir='ltr'><strong>γένους</strong></span> <span class='ocrx_word' id='word_1_380' title='bbox 534 2836 631 2889; x_wconf 70' lang='grc' dir='ltr'>καὶ</span> <span class='ocrx_word' id='word_1_381' title='bbox 665 2834 964 2905; x_wconf 81' lang='grc' dir='ltr'>τῆς-αὐτῆς</span> <span class='ocrx_word' id='word_1_382' title='bbox 1011 2834 1268 2915; x_wconf 85' lang='grc' dir='ltr'>πατρίδος</span> <span class='ocrx_word' id='word_1_383' title='bbox 1316 2828 1424 2887; x_wconf 84' lang='grc' dir='ltr'><strong>τῶν</strong></span> <span class='ocrx_word' id='word_1_384' title='bbox 1456 2832 1673 2904; x_wconf 79' lang='grc' dir='ltr'>ὑψηλῶν</span> 
     </span>
    </p>
   </div>
   <div class='ocr_carea' id='block_1_55' title="bbox 1780 2828 3329 2915">
    <p class='ocr_par' dir='ltr' id='par_1_55' title="bbox 1780 2840 3329 2911">
     <span class='ocr_line' id='line_1_55' title="bbox 1780 2840 3329 2911; baseline 0 -17"><span class='ocrx_word' id='word_1_385' title='bbox 1780 2840 2040 2911; x_wconf 86' lang='lat' dir='ltr'><strong>prosapia,</strong></span> <span class='ocrx_word' id='word_1_386' title='bbox 2084 2842 2381 2911; x_wconf 88' lang='lat' dir='ltr'><strong>eademque</strong></span> <span class='ocrx_word' id='word_1_387' title='bbox 2410 2852 2572 2897; x_wconf 91' lang='lat' dir='ltr'><strong>natus</strong></span> <span class='ocrx_word' id='word_1_388' title='bbox 2604 2842 2776 2911; x_wconf 90' lang='lat' dir='ltr'><strong>patria</strong></span> <span class='ocrx_word' id='word_1_389' title='bbox 2804 2857 2867 2896; x_wconf 89' lang='lat' dir='ltr'><strong>ac</strong></span> <span class='ocrx_word' id='word_1_390' title='bbox 2896 2841 3135 2911; x_wconf 60' lang='lat' dir='ltr'><strong>praecelsi</strong></span> <span class='ocrx_word' id='word_1_391' title='bbox 3167 2842 3329 2897; x_wconf 88' lang='lat' dir='ltr'><strong>disci-</strong></span> 
     </span>
    </p>
   </div>
   <div class='ocr_carea' id='block_1_56' title="bbox 148 2925 1697 3001">
    <p class='ocr_par' dir='ltr' id='par_1_56' title="bbox 148 2925 1673 2997">
     <span class='ocr_line' id='line_1_56' title="bbox 148 2925 1673 2997; baseline 0 -18"><span class='ocrx_word' id='word_1_392' title='bbox 148 2927 381 2997; x_wconf 80' lang='grc' dir='ltr'>ἐτύγχανε</span> <span class='ocrx_word' id='word_1_393' title='bbox 423 2927 702 2997; x_wconf 79' lang='grc' dir='ltr'>μαθητῶν,</span> <span class='ocrx_word' id='word_1_394' title='bbox 736 2927 874 2986; x_wconf 78' lang='grc' dir='ltr'>οὕτω</span> <span class='ocrx_word' id='word_1_395' title='bbox 905 2929 999 2980; x_wconf 75' lang='grc' dir='ltr'>καὶ</span> <span class='ocrx_word' id='word_1_396' title='bbox 1025 2925 1248 2996; x_wconf 83' lang='grc' dir='ltr'>γνώμης</span> <span class='ocrx_word' id='word_1_397' title='bbox 1276 2925 1352 2985; x_wconf 82' lang='grc' dir='ltr'>ὣν</span> <span class='ocrx_word' id='word_1_398' title='bbox 1374 2926 1476 2994; x_wconf 77' lang='grc' dir='ltr'><strong>τῆς</strong></span> <span class='ocrx_word' id='word_1_399' title='bbox 1505 2927 1673 2997; x_wconf 77' lang='grc' dir='ltr'>αὐτῆς</span> 
     </span>
    </p>
   </div>
   <div class='ocr_carea' id='block_1_57' title="bbox 1777 2925 3326 3001">
    <p class='ocr_par' dir='ltr' id='par_1_57' title="bbox 1777 2930 3326 3001">
     <span class='ocr_line' id='line_1_57' title="bbox 1777 2930 3326 3001; baseline -0.001 -17"><span class='ocrx_word' id='word_1_400' title='bbox 1777 2930 1906 3000; x_wconf 90' lang='lat' dir='ltr'><strong>puli,</strong></span> <span class='ocrx_word' id='word_1_401' title='bbox 1934 2931 2014 2985; x_wconf 89' lang='lat' dir='ltr'><strong>sic</strong></span> <span class='ocrx_word' id='word_1_402' title='bbox 2037 2931 2281 3001; x_wconf 84' lang='lat' dir='ltr'><strong>ejusdem</strong></span> <span class='ocrx_word' id='word_1_403' title='bbox 2311 2946 2526 3001; x_wconf 85' lang='lat' dir='ltr'><strong>quoque</strong></span> <span class='ocrx_word' id='word_1_404' title='bbox 2572 2931 2736 2985; x_wconf 88' lang='lat' dir='ltr'><strong>animi</strong></span> <span class='ocrx_word' id='word_1_405' title='bbox 2786 2944 2849 2985; x_wconf 89' lang='lat' dir='ltr'><strong>ac</strong></span> <span class='ocrx_word' id='word_1_406' title='bbox 2894 2930 3173 2985; x_wconf 65' lang='lat' dir='ltr'><strong>sententias</strong></span> <span class='ocrx_word' id='word_1_407' title='bbox 3204 2946 3326 2984; x_wconf 91' lang='lat' dir='ltr'><strong>cum</strong></span> 
     </span>
    </p>
   </div>
   <div class='ocr_carea' id='block_1_58' title="bbox 149 3010 1698 3100">
    <p class='ocr_par' dir='ltr' id='par_1_58' title="bbox 149 3010 1698 3100">
     <span class='ocr_line' id='line_1_58' title="bbox 149 3010 1698 3100; baseline -0.001 -31"><span class='ocrx_word' id='word_1_408' title='bbox 149 3017 228 3085; x_wconf 64' lang='grc' dir='ltr'><strong>ηαὶ</strong></span> <span class='ocrx_word' id='word_1_409' title='bbox 252 3018 496 3082; x_wconf 77' lang='grc' dir='ltr'>διανοίας,</span> <span class='ocrx_word' id='word_1_410' title='bbox 528 3010 785 3086; x_wconf 71' lang='grc' dir='ltr'>καὶπρὸς</span> <span class='ocrx_word' id='word_1_411' title='bbox 821 3017 910 3069; x_wconf 77' lang='grc' dir='ltr'>τὸν</span> <span class='ocrx_word' id='word_1_412' title='bbox 941 3016 1078 3100; x_wconf 68' lang='grc' dir='ltr'>Θεδν</span> <span class='ocrx_word' id='word_1_413' title='bbox 1101 3016 1158 3070; x_wconf 71' lang='grc' dir='ltr'>δὲ</span> <span class='ocrx_word' id='word_1_414' title='bbox 1193 3015 1547 3086; x_wconf 76' lang='grc' dir='ltr'>συνειδήσεως</span> <span class='ocrx_word' id='word_1_415' title='bbox 1576 3015 1669 3069; x_wconf 73' lang='grc' dir='ltr'><strong>καὶ</strong></span> <span class='ocrx_word' id='word_1_416' title='bbox 1694 3059 1698 3082; x_wconf 35' lang='grc' dir='ltr'><strong>γ</strong></span> 
     </span>
    </p>
   </div>
   <div class='ocr_carea' id='block_1_59' title="bbox 1778 3010 3327 3100">
    <p class='ocr_par' dir='ltr' id='par_1_59' title="bbox 1778 3019 3327 3099">
     <span class='ocr_line' id='line_1_59' title="bbox 1778 3019 3327 3099; baseline -0.001 -25"><span class='ocrx_word' id='word_1_417' title='bbox 1778 3029 1932 3084; x_wconf 77' lang='lat' dir='ltr'><strong>esset,</strong></span> <span class='ocrx_word' id='word_1_418' title='bbox 1962 3020 2052 3074; x_wconf 90' lang='lat' dir='ltr'><strong>ubi</strong></span> <span class='ocrx_word' id='word_1_419' title='bbox 2081 3028 2288 3099; x_wconf 87' lang='lat' dir='ltr'><strong>tantum</strong></span> <span class='ocrx_word' id='word_1_420' title='bbox 2314 3020 2851 3083; x_wconf 83' lang='lat' dir='ltr'><strong>Jesuminvenisset;</strong></span> <span class='ocrx_word' id='word_1_421' title='bbox 2880 3019 3009 3088; x_wconf 90' lang='lat' dir='ltr'><strong>quin</strong></span> <span class='ocrx_word' id='word_1_422' title='bbox 3035 3020 3211 3088; x_wconf 89' lang='lat' dir='ltr'><strong>potius</strong></span> <span class='ocrx_word' id='word_1_423' title='bbox 3234 3020 3327 3074; x_wconf 92' lang='lat' dir='ltr'><strong>illo</strong></span> 
     </span>
    </p>
   </div>
   <div class='ocr_carea' id='block_1_60' title="bbox 148 3100 1697 3187">
    <p class='ocr_par' dir='ltr' id='par_1_60' title="bbox 148 3100 1669 3187">
     <span class='ocr_line' id='line_1_60' title="bbox 148 3100 1669 3187; baseline -0.001 -26"><span class='ocrx_word' id='word_1_424' title='bbox 148 3108 381 3187; x_wconf 80' lang='grc' dir='ltr'>γνώσεως</span> <span class='ocrx_word' id='word_1_425' title='bbox 408 3110 509 3177; x_wconf 75' lang='grc' dir='ltr'><strong>τῆς</strong></span> <span class='ocrx_word' id='word_1_426' title='bbox 548 3107 735 3177; x_wconf 80' lang='grc' dir='ltr'>αὐτῆς,</span> <span class='ocrx_word' id='word_1_427' title='bbox 767 3107 841 3170; x_wconf 88' lang='grc' dir='ltr'>ὡς</span> <span class='ocrx_word' id='word_1_428' title='bbox 887 3107 1044 3176; x_wconf 88' lang='grc' dir='ltr'>μόνον</span> <span class='ocrx_word' id='word_1_429' title='bbox 1092 3100 1405 3180; x_wconf 71' lang='grc' dir='ltr'>αὺτδνεῦρε</span> <span class='ocrx_word' id='word_1_430' title='bbox 1428 3106 1519 3161; x_wconf 78' lang='grc' dir='ltr'>τὸν</span> <span class='ocrx_word' id='word_1_431' title='bbox 1568 3107 1669 3178; x_wconf 85' lang='grc' dir='ltr'><strong>’1η-</strong></span> 
     </span>
    </p>
   </div>
   <div class='ocr_carea' id='block_1_61' title="bbox 1778 3100 3327 3187">
    <p class='ocr_par' dir='ltr' id='par_1_61' title="bbox 1778 3108 3327 3181">
     <span class='ocr_line' id='line_1_61' title="bbox 1778 3108 3327 3181; baseline -0.001 -17"><span class='ocrx_word' id='word_1_432' title='bbox 1778 3110 2031 3165; x_wconf 87' lang='lat' dir='ltr'><strong>Dominus</strong></span> <span class='ocrx_word' id='word_1_433' title='bbox 2072 3111 2324 3176; x_wconf 86' lang='lat' dir='ltr'><strong>invento,</strong></span> <span class='ocrx_word' id='word_1_434' title='bbox 2368 3110 2594 3181; x_wconf 86' lang='lat' dir='ltr'><strong>Sequere</strong></span> <span class='ocrx_word' id='word_1_435' title='bbox 2638 3126 2716 3163; x_wconf 87' lang='lat' dir='ltr'><strong>me</strong></span> <span class='ocrx_word' id='word_1_436' title='bbox 2754 3109 3016 3174; x_wconf 83' lang='lat' dir='ltr'><strong>dixisset,</strong></span> <span class='ocrx_word' id='word_1_437' title='bbox 3065 3108 3132 3165; x_wconf 88' lang='lat' dir='ltr'><strong>ab</strong></span> <span class='ocrx_word' id='word_1_438' title='bbox 3178 3109 3327 3164; x_wconf 91' lang='lat' dir='ltr'><strong>omni</strong></span> 
     </span>
    </p>
   </div>
   <div class='ocr_carea' id='block_1_62' title="bbox 150 3194 1699 3272">
    <p class='ocr_par' dir='ltr' id='par_1_62' title="bbox 150 3194 1669 3269">
     <span class='ocr_line' id='line_1_62' title="bbox 150 3194 1669 3269; baseline 0.002 -19"><span class='ocrx_word' id='word_1_439' title='bbox 150 3194 256 3251; x_wconf 79' lang='grc' dir='ltr'>σοῦν</span> <span class='ocrx_word' id='word_1_440' title='bbox 278 3217 291 3230; x_wconf 92' lang='grc'><strong>·</strong></span> <span class='ocrx_word' id='word_1_441' title='bbox 327 3199 607 3268; x_wconf 69' lang='grc' dir='ltr'>μᾶλλονδὲ</span> <span class='ocrx_word' id='word_1_442' title='bbox 640 3199 827 3251; x_wconf 81' lang='grc' dir='ltr'>τοῦτον</span> <span class='ocrx_word' id='word_1_443' title='bbox 864 3198 893 3251; x_wconf 93' lang='lat'><strong>6</strong></span> <span class='ocrx_word' id='word_1_444' title='bbox 924 3197 1127 3268; x_wconf 78' lang='grc' dir='ltr'>Κύριος</span> <span class='ocrx_word' id='word_1_445' title='bbox 1155 3197 1349 3269; x_wconf 76' lang='grc' dir='ltr'>εὑρὼν,</span> <span class='ocrx_word' id='word_1_446' title='bbox 1393 3198 1669 3253; x_wconf 73' lang='grc' dir='ltr'>’Δκολού-</span> 
     </span>
    </p>
   </div>
   <div class='ocr_carea' id='block_1_63' title="bbox 1777 3194 3326 3272">
    <p class='ocr_par' dir='ltr' id='par_1_63' title="bbox 1777 3201 3326 3272">
     <span class='ocr_line' id='line_1_63' title="bbox 1777 3201 3326 3272; baseline -0.001 -15"><span class='ocrx_word' id='word_1_447' title='bbox 1777 3201 1947 3257; x_wconf 79' lang='lat' dir='ltr'><strong>statim</strong></span> <span class='ocrx_word' id='word_1_448' title='bbox 2000 3202 2268 3272; x_wconf 90' lang='lat' dir='ltr'><strong>corporali</strong></span> <span class='ocrx_word' id='word_1_449' title='bbox 2318 3203 2575 3272; x_wconf 88' lang='lat' dir='ltr'><strong>abreptus</strong></span> <span class='ocrx_word' id='word_1_450' title='bbox 2602 3201 3024 3265; x_wconf 89' lang='lat' dir='ltr'><strong>necessitudine,</strong></span> <span class='ocrx_word' id='word_1_451' title='bbox 3070 3201 3326 3271; x_wconf 90' lang='lat' dir='ltr'><strong>omnique</strong></span> 
     </span>
    </p>
   </div>
   <div class='ocr_carea' id='block_1_64' title="bbox 150 3287 1699 3369">
    <p class='ocr_par' dir='ltr' id='par_1_64' title="bbox 150 3288 1670 3363">
     <span class='ocr_line' id='line_1_64' title="bbox 150 3288 1670 3363; baseline -0.001 -18"><span class='ocrx_word' id='word_1_452' title='bbox 150 3297 220 3345; x_wconf 76' lang='grc' dir='ltr'><strong>θει</strong></span> <span class='ocrx_word' id='word_1_453' title='bbox 238 3310 350 3361; x_wconf 83' lang='grc' dir='ltr'>μοι,</span> <span class='ocrx_word' id='word_1_454' title='bbox 373 3292 665 3363; x_wconf 62' lang='grc' dir='ltr'>προσεῖπε,</span> <span class='ocrx_word' id='word_1_455' title='bbox 688 3289 878 3360; x_wconf 54' lang='grc' dir='ltr'>πάσης*</span> <span class='ocrx_word' id='word_1_456' title='bbox 912 3288 1113 3354; x_wconf 69' lang='grc' dir='ltr'>εὐθέως</span> <span class='ocrx_word' id='word_1_457' title='bbox 1146 3289 1406 3361; x_wconf 79' lang='grc' dir='ltr'>ῥήγνυται</span> <span class='ocrx_word' id='word_1_458' title='bbox 1434 3289 1670 3359; x_wconf 85' lang='grc' dir='ltr'>σχέσεως</span> 
     </span>
    </p>
   </div>
   <div class='ocr_carea' id='block_1_65' title="bbox 1816 3287 3365 3369">
    <p class='ocr_par' dir='ltr' id='par_1_65' title="bbox 1816 3287 3365 3369">
     <span class='ocr_line' id='line_1_65' title="bbox 1816 3287 3365 3369; baseline -0.003 -20"><span class='ocrx_word' id='word_1_459' title='bbox 1816 3306 1991 3365; x_wconf 68' lang='grc' dir='ltr'>ιρεηιο</span> <span class='ocrx_word' id='word_1_460' title='bbox 2028 3297 2237 3352; x_wconf 90' lang='lat' dir='ltr'><strong>solutus</strong></span> <span class='ocrx_word' id='word_1_461' title='bbox 2287 3287 2504 3351; x_wconf 86' lang='lat' dir='ltr'><strong>terrena</strong></span> <span class='ocrx_word' id='word_1_462' title='bbox 2540 3294 2843 3359; x_wconf 76' lang='lat' dir='ltr'><strong>aﬂectione,</strong></span> <span class='ocrx_word' id='word_1_463' title='bbox 2883 3295 3365 3369; x_wconf 40' lang='lat' dir='ltr'><strong>supramundana,</strong></span> 
     </span>
    </p>
   </div>
   <div class='ocr_carea' id='block_1_66' title="bbox 152 3374 1701 3461">
    <p class='ocr_par' dir='ltr' id='par_1_66' title="bbox 152 3380 1668 3461">
     <span class='ocr_line' id='line_1_66' title="bbox 152 3380 1668 3461; baseline -0.001 -26"><span class='ocrx_word' id='word_1_464' title='bbox 152 3384 436 3453; x_wconf 76' lang='grc' dir='ltr'><strong>σωματικῆς</strong></span> <span class='ocrx_word' id='word_1_465' title='bbox 452 3400 469 3417; x_wconf 79' lang='grc' dir='ltr'><strong>ο</strong></span> <span class='ocrx_word' id='word_1_466' title='bbox 504 3383 681 3452; x_wconf 81' lang='grc' dir='ltr'>πάσης</span> <span class='ocrx_word' id='word_1_467' title='bbox 702 3380 1055 3452; x_wconf 84' lang='grc' dir='ltr'>περικοσμίου</span> <span class='ocrx_word' id='word_1_468' title='bbox 1076 3380 1444 3450; x_wconf 83' lang='grc' dir='ltr'>προσπαθείας</span> <span class='ocrx_word' id='word_1_469' title='bbox 1460 3381 1668 3461; x_wconf 86' lang='grc' dir='ltr'>ἀθρόως</span> 
     </span>
    </p>
   </div>
   <div class='ocr_carea' id='block_1_67' title="bbox 1779 3374 3328 3461">
    <p class='ocr_par' dir='ltr' id='par_1_67' title="bbox 1779 3374 3328 3455">
     <span class='ocr_line' id='line_1_67' title="bbox 1779 3374 3328 3455; baseline 0.001 -16"><span class='ocrx_word' id='word_1_470' title='bbox 1779 3386 2065 3455; x_wconf 84' lang='lat' dir='ltr'><strong>cupiditate</strong></span> <span class='ocrx_word' id='word_1_471' title='bbox 2091 3374 2313 3442; x_wconf 51' lang='lat' dir='ltr'><strong>exarsit.</strong></span> <span class='ocrx_word' id='word_1_472' title='bbox 2343 3386 2533 3450; x_wconf 78' lang='lat' dir='ltr'><strong>Voluit,</strong></span> <span class='ocrx_word' id='word_1_473' title='bbox 2559 3386 2752 3455; x_wconf 84' lang='lat' dir='ltr'><strong>inquit.</strong></span> <span class='ocrx_word' id='word_1_474' title='bbox 2782 3385 2931 3439; x_wconf 72' lang='lat' dir='ltr'><strong>Jews</strong></span> <span class='ocrx_word' id='word_1_475' title='bbox 2952 3387 3160 3439; x_wconf 72' lang='lat' dir='ltr'><strong>exirein</strong></span> <span class='ocrx_word' id='word_1_476' title='bbox 3182 3387 3328 3443; x_wconf 81' lang='lat' dir='ltr'><strong>Gali-</strong></span> 
     </span>
    </p>
   </div>
   <div class='ocr_carea' id='block_1_68' title="bbox 151 3471 1700 3545">
    <p class='ocr_par' dir='ltr' id='par_1_68' title="bbox 151 3472 1667 3544">
     <span class='ocr_line' id='line_1_68' title="bbox 151 3472 1667 3544; baseline 0.003 -21"><span class='ocrx_word' id='word_1_477' title='bbox 151 3472 425 3537; x_wconf 75' lang='grc' dir='ltr'>ἁπολυθεὶς,</span> <span class='ocrx_word' id='word_1_478' title='bbox 461 3475 598 3543; x_wconf 70' lang='grc' dir='ltr'>πρὸς</span> <span class='ocrx_word' id='word_1_479' title='bbox 630 3472 994 3543; x_wconf 80' lang='grc' dir='ltr'>ὑπερκόσμιον</span> <span class='ocrx_word' id='word_1_480' title='bbox 1027 3472 1323 3542; x_wconf 74' lang='grc' dir='ltr'>ιπιθυμίαν</span> <span class='ocrx_word' id='word_1_481' title='bbox 1380 3473 1667 3544; x_wconf 69' lang='grc' dir='ltr'>ἀνεφλέγηζ</span> 
     </span>
    </p>
   </div>
   <div class='ocr_carea' id='block_1_69' title="bbox 1774 3471 3323 3545">
    <p class='ocr_par' dir='ltr' id='par_1_69' title="bbox 1774 3471 3323 3545">
     <span class='ocr_line' id='line_1_69' title="bbox 1774 3471 3323 3545; baseline 0.001 -17"><span class='ocrx_word' id='word_1_482' title='bbox 1774 3474 1946 3539; x_wconf 61' lang='lat' dir='ltr'><strong>liram,</strong></span> <span class='ocrx_word' id='word_1_483' title='bbox 1970 3485 2017 3529; x_wconf 82' lang='lat' dir='ltr'><strong>et</strong></span> <span class='ocrx_word' id='word_1_484' title='bbox 2034 3476 2231 3529; x_wconf 80' lang='lat' dir='ltr'><strong>invenit</strong></span> <span class='ocrx_word' id='word_1_485' title='bbox 2264 3475 2585 3545; x_wconf 72' lang='lat' dir='ltr'><strong>Philippum,</strong></span> <span class='ocrx_word' id='word_1_486' title='bbox 2605 3482 2652 3527; x_wconf 79' lang='lat' dir='ltr'><strong>et</strong></span> <span class='ocrx_word' id='word_1_487' title='bbox 2670 3475 2791 3527; x_wconf 80' lang='lat' dir='ltr'><strong>dicit</strong></span> <span class='ocrx_word' id='word_1_488' title='bbox 2811 3474 2878 3537; x_wconf 77' lang='lat' dir='ltr'><strong>ei,</strong></span> <span class='ocrx_word' id='word_1_489' title='bbox 2906 3471 3127 3543; x_wconf 82' lang='lat' dir='ltr'><strong>Sequere</strong></span> <span class='ocrx_word' id='word_1_490' title='bbox 3150 3490 3229 3528; x_wconf 85' lang='lat' dir='ltr'><strong>me</strong></span> <span class='ocrx_word' id='word_1_491' title='bbox 3258 3477 3323 3529; x_wconf 73' lang='lat'><strong>&quot;.</strong></span> 
     </span>
    </p>
   </div>
   <div class='ocr_carea' id='block_1_70' title="bbox 160 3563 1709 3636">
    <p class='ocr_par' dir='ltr' id='par_1_70' title="bbox 160 3563 1671 3636">
     <span class='ocr_line' id='line_1_70' title="bbox 160 3563 1671 3636; baseline 0 -18"><span class='ocrx_word' id='word_1_492' title='bbox 160 3564 431 3632; x_wconf 69' lang='grc' dir='ltr'>πθέλησε,</span> <span class='ocrx_word' id='word_1_493' title='bbox 459 3566 643 3636; x_wconf 73' lang='grc' dir='ltr'>φησὶν.</span> <span class='ocrx_word' id='word_1_494' title='bbox 674 3568 712 3629; x_wconf 73' lang='grc' dir='ltr'><em>ῤ</em></span> <span class='ocrx_word' id='word_1_495' title='bbox 754 3565 988 3633; x_wconf 84' lang='grc' dir='ltr'>Ἰησοῦς</span> <span class='ocrx_word' id='word_1_496' title='bbox 1010 3564 1281 3629; x_wconf 68' lang='grc' dir='ltr'>ἐξελθεῖν</span> <span class='ocrx_word' id='word_1_497' title='bbox 1307 3567 1393 3632; x_wconf 81' lang='grc' dir='ltr'>είς</span> <span class='ocrx_word' id='word_1_498' title='bbox 1425 3566 1537 3633; x_wconf 79' lang='grc' dir='ltr'><strong>τὴν</strong></span> <span class='ocrx_word' id='word_1_499' title='bbox 1557 3563 1671 3618; x_wconf 72' lang='grc' dir='ltr'><strong>Γὰ-</strong></span> 
     </span>
    </p>
   </div>
   <div class='ocr_carea' id='block_1_71' title="bbox 1779 3563 3328 3636">
    <p class='ocr_par' dir='ltr' id='par_1_71' title="bbox 1779 3564 3328 3636">
     <span class='ocr_line' id='line_1_71' title="bbox 1779 3564 3328 3636; baseline -0.001 -15"><span class='ocrx_word' id='word_1_500' title='bbox 1779 3566 1886 3624; x_wconf 70' lang='lat' dir='ltr'><strong>Non</strong></span> <span class='ocrx_word' id='word_1_501' title='bbox 1923 3566 2131 3636; x_wconf 84' lang='lat' dir='ltr'><strong>prolixa</strong></span> <span class='ocrx_word' id='word_1_502' title='bbox 2182 3564 2561 3621; x_wconf 81' lang='lat' dir='ltr'><strong>adhortatione</strong></span> <span class='ocrx_word' id='word_1_503' title='bbox 2584 3573 2644 3618; x_wconf 91' lang='lat' dir='ltr'><strong>ut</strong></span> <span class='ocrx_word' id='word_1_504' title='bbox 2669 3564 2715 3628; x_wconf 83' lang='lat' dir='ltr'><strong>is</strong></span> <span class='ocrx_word' id='word_1_505' title='bbox 2739 3564 2953 3618; x_wconf 84' lang='lat' dir='ltr'><strong>vocanti</strong></span> <span class='ocrx_word' id='word_1_506' title='bbox 2990 3564 3328 3633; x_wconf 86' lang='lat' dir='ltr'><strong>obtempera-</strong></span> 
     </span>
    </p>
   </div>
   <div class='ocr_carea' id='block_1_72' title="bbox 151 3653 1700 3730">
    <p class='ocr_par' dir='ltr' id='par_1_72' title="bbox 151 3653 1668 3730">
     <span class='ocr_line' id='line_1_72' title="bbox 151 3653 1668 3730; baseline 0.001 -23"><span class='ocrx_word' id='word_1_507' title='bbox 151 3656 397 3730; x_wconf 68' lang='grc' dir='ltr'>λιλαίοντ</span> <span class='ocrx_word' id='word_1_508' title='bbox 429 3657 525 3711; x_wconf 74' lang='grc' dir='ltr'>καὶ</span> <span class='ocrx_word' id='word_1_509' title='bbox 550 3657 813 3726; x_wconf 80' lang='grc' dir='ltr'><strong>εὑρίσκει</strong></span> <span class='ocrx_word' id='word_1_510' title='bbox 843 3658 1158 3720; x_wconf 74' lang='grc' dir='ltr'>Φίλιππον,</span> <span class='ocrx_word' id='word_1_511' title='bbox 1182 3656 1277 3729; x_wconf 68' lang='grc' dir='ltr'>καί</span> <span class='ocrx_word' id='word_1_512' title='bbox 1294 3657 1453 3725; x_wconf 70' lang='grc' dir='ltr'>λέγει</span> <span class='ocrx_word' id='word_1_513' title='bbox 1479 3653 1635 3721; x_wconf 83' lang='grc' dir='ltr'>αὐτῷ</span> <span class='ocrx_word' id='word_1_514' title='bbox 1654 3671 1668 3684; x_wconf 85' lang='grc'><strong>·</strong></span> 
     </span>
    </p>
   </div>
   <div class='ocr_carea' id='block_1_73' title="bbox 1777 3653 3326 3730">
    <p class='ocr_par' dir='ltr' id='par_1_73' title="bbox 1777 3655 3326 3727">
     <span class='ocr_line' id='line_1_73' title="bbox 1777 3655 3326 3727; baseline 0 -15"><span class='ocrx_word' id='word_1_515' title='bbox 1777 3668 1870 3723; x_wconf 91' lang='lat' dir='ltr'><strong>ret,</strong></span> <span class='ocrx_word' id='word_1_516' title='bbox 1900 3658 2132 3727; x_wconf 87' lang='lat' dir='ltr'><strong>indiguit</strong></span> <span class='ocrx_word' id='word_1_517' title='bbox 2165 3676 2179 3711; x_wconf 90' lang='lat'><strong>:</strong></span> <span class='ocrx_word' id='word_1_518' title='bbox 2208 3673 2315 3712; x_wconf 90' lang='lat' dir='ltr'><strong>non</strong></span> <span class='ocrx_word' id='word_1_519' title='bbox 2361 3673 2589 3714; x_wconf 82' lang='lat' dir='ltr'><strong>munera</strong></span> <span class='ocrx_word' id='word_1_520' title='bbox 2636 3657 2835 3713; x_wconf 88' lang='lat' dir='ltr'><strong>obtulit</strong></span> <span class='ocrx_word' id='word_1_521' title='bbox 2866 3674 2880 3708; x_wconf 91' lang='lat'><strong>:</strong></span> <span class='ocrx_word' id='word_1_522' title='bbox 2912 3670 3021 3709; x_wconf 93' lang='lat' dir='ltr'><strong>non</strong></span> <span class='ocrx_word' id='word_1_523' title='bbox 3055 3655 3326 3726; x_wconf 86' lang='lat' dir='ltr'><strong>pollicita—</strong></span> 
     </span>
    </p>
   </div>
   <div class='ocr_carea' id='block_1_74' title="bbox 161 3743 1710 3823">
    <p class='ocr_par' dir='ltr' id='par_1_74' title="bbox 161 3745 1666 3819">
     <span class='ocr_line' id='line_1_74' title="bbox 161 3745 1666 3819; baseline 0.001 -19"><span class='ocrx_word' id='word_1_524' title='bbox 161 3748 467 3803; x_wconf 73' lang='grc' dir='ltr'>’Δκολοϋθει</span> <span class='ocrx_word' id='word_1_525' title='bbox 493 3767 615 3819; x_wconf 83' lang='grc' dir='ltr'>μοι.</span> <span class='ocrx_word' id='word_1_526' title='bbox 651 3746 725 3803; x_wconf 79' lang='grc' dir='ltr'><strong>Οὐ</strong></span> <span class='ocrx_word' id='word_1_527' title='bbox 769 3748 993 3819; x_wconf 82' lang='grc' dir='ltr'>μακρῶν</span> <span class='ocrx_word' id='word_1_528' title='bbox 1015 3748 1201 3819; x_wconf 76' lang='grc' dir='ltr'>ἐδέησε</span> <span class='ocrx_word' id='word_1_529' title='bbox 1235 3748 1371 3819; x_wconf 82' lang='grc' dir='ltr'>πρὸς</span> <span class='ocrx_word' id='word_1_530' title='bbox 1412 3747 1508 3818; x_wconf 83' lang='grc' dir='ltr'>τὴν</span> <span class='ocrx_word' id='word_1_531' title='bbox 1537 3745 1666 3817; x_wconf 80' lang='grc' dir='ltr'><strong>κλῆ·</strong></span> 
     </span>
    </p>
   </div>
   <div class='ocr_carea' id='block_1_75' title="bbox 1777 3743 3326 3823">
    <p class='ocr_par' dir='ltr' id='par_1_75' title="bbox 1777 3743 3326 3823">
     <span class='ocr_line' id='line_1_75' title="bbox 1777 3743 3326 3823; baseline 0 -19"><span class='ocrx_word' id='word_1_532' title='bbox 1777 3754 1979 3805; x_wconf 88' lang='lat' dir='ltr'><strong>tionum</strong></span> <span class='ocrx_word' id='word_1_533' title='bbox 2011 3752 2331 3807; x_wconf 88' lang='lat' dir='ltr'><strong>memoriam</strong></span> <span class='ocrx_word' id='word_1_534' title='bbox 2373 3753 2579 3823; x_wconf 82' lang='lat' dir='ltr'><strong>injecit,</strong></span> <span class='ocrx_word' id='word_1_535' title='bbox 2612 3766 2725 3807; x_wconf 84' lang='lat' dir='ltr'><strong>non</strong></span> <span class='ocrx_word' id='word_1_536' title='bbox 2752 3743 3059 3805; x_wconf 77' lang='lat' dir='ltr'><strong>mercedem</strong></span> <span class='ocrx_word' id='word_1_537' title='bbox 3095 3764 3159 3804; x_wconf 88' lang='lat' dir='ltr'><strong>ac</strong></span> <span class='ocrx_word' id='word_1_538' title='bbox 3187 3765 3326 3820; x_wconf 72' lang='lat' dir='ltr'><strong>prae-</strong></span> 
     </span>
    </p>
   </div>
   <div class='ocr_carea' id='block_1_76' title="bbox 154 3836 1703 3915">
    <p class='ocr_par' dir='ltr' id='par_1_76' title="bbox 154 3840 1670 3915">
     <span class='ocr_line' id='line_1_76' title="bbox 154 3840 1670 3915; baseline 0.001 -24"><span class='ocrx_word' id='word_1_539' title='bbox 154 3858 220 3892; x_wconf 82' lang='grc' dir='ltr'>σιν</span> <span class='ocrx_word' id='word_1_540' title='bbox 239 3844 631 3912; x_wconf 70' lang='grc' dir='ltr'><strong>παραινέσεων*</strong></span> <span class='ocrx_word' id='word_1_541' title='bbox 655 3843 717 3895; x_wconf 79' lang='grc' dir='ltr'>οὐ</span> <span class='ocrx_word' id='word_1_542' title='bbox 745 3842 1023 3913; x_wconf 77' lang='grc' dir='ltr'>προέτεινε</span> <span class='ocrx_word' id='word_1_543' title='bbox 1044 3841 1251 3909; x_wconf 84' lang='grc' dir='ltr'>δωρεάς</span> <span class='ocrx_word' id='word_1_544' title='bbox 1269 3856 1284 3871; x_wconf 77' lang='grc'><strong><em>⁸</em></strong></span> <span class='ocrx_word' id='word_1_545' title='bbox 1317 3840 1413 3911; x_wconf 82' lang='grc' dir='ltr'>οὐχ</span> <span class='ocrx_word' id='word_1_546' title='bbox 1442 3840 1670 3915; x_wconf 36' lang='grc' dir='ltr'><strong>ὑπο-σχέ-</strong></span> 
     </span>
    </p>
   </div>
   <div class='ocr_carea' id='block_1_77' title="bbox 1792 3836 3341 3915">
    <p class='ocr_par' dir='ltr' id='par_1_77' title="bbox 1792 3836 3341 3913">
     <span class='ocr_line' id='line_1_77' title="bbox 1792 3836 3341 3913; baseline -0.001 -16"><span class='ocrx_word' id='word_1_547' title='bbox 1792 3836 1875 3898; x_wconf 82' lang='lat' dir='ltr'><strong>nia</strong></span> <span class='ocrx_word' id='word_1_548' title='bbox 1906 3843 1993 3897; x_wconf 89' lang='lat' dir='ltr'><strong>his</strong></span> <span class='ocrx_word' id='word_1_549' title='bbox 2013 3843 2105 3913; x_wconf 90' lang='lat' dir='ltr'><strong>qui</strong></span> <span class='ocrx_word' id='word_1_550' title='bbox 2139 3842 2720 3912; x_wconf 65' lang='lat' dir='ltr'><strong>sequerenturdedita,</strong></span> <span class='ocrx_word' id='word_1_551' title='bbox 2762 3840 2815 3895; x_wconf 92' lang='lat' dir='ltr'><strong>in</strong></span> <span class='ocrx_word' id='word_1_552' title='bbox 2837 3840 3078 3895; x_wconf 89' lang='lat' dir='ltr'><strong>medium</strong></span> <span class='ocrx_word' id='word_1_553' title='bbox 3120 3839 3341 3895; x_wconf 86' lang='lat' dir='ltr'><strong>attulit.-</strong></span> 
     </span>
    </p>
   </div>
   <div class='ocr_carea' id='block_1_78' title="bbox 155 3932 1704 4006">
    <p class='ocr_par' dir='ltr' id='par_1_78' title="bbox 155 3933 1669 4006">
     <span class='ocr_line' id='line_1_78' title="bbox 155 3933 1669 4006; baseline 0.002 -23"><span class='ocrx_word' id='word_1_554' title='bbox 155 3948 265 3986; x_wconf 81' lang='grc' dir='ltr'>σεων</span> <span class='ocrx_word' id='word_1_555' title='bbox 292 3936 503 4006; x_wconf 85' lang='grc' dir='ltr'>μνήμην</span> <span class='ocrx_word' id='word_1_556' title='bbox 557 3936 878 4005; x_wconf 66' lang='grc' dir='ltr'>ἐποιήσατο·</span> <span class='ocrx_word' id='word_1_557' title='bbox 929 3934 990 3987; x_wconf 82' lang='grc' dir='ltr'>οὐ</span> <span class='ocrx_word' id='word_1_558' title='bbox 1036 3934 1261 4004; x_wconf 80' lang='grc' dir='ltr'>μισθοὺς</span> <span class='ocrx_word' id='word_1_559' title='bbox 1302 3933 1403 4003; x_wconf 80' lang='grc' dir='ltr'><strong>τῆς</strong></span> <span class='ocrx_word' id='word_1_560' title='bbox 1443 3933 1669 3995; x_wconf 83' lang='grc' dir='ltr'>ἀκολου·-</span> 
     </span>
    </p>
   </div>
   <div class='ocr_carea' id='block_1_79' title="bbox 1774 3932 3323 4006">
    <p class='ocr_par' dir='ltr' id='par_1_79' title="bbox 1774 3932 3323 4005">
     <span class='ocr_line' id='line_1_79' title="bbox 1774 3932 3323 4005; baseline -0.005 -12"><span class='ocrx_word' id='word_1_561' title='bbox 1774 3936 1887 3993; x_wconf 91' lang='lat' dir='ltr'><strong>Uno</strong></span> <span class='ocrx_word' id='word_1_562' title='bbox 1920 3936 2178 3991; x_wconf 81' lang='lat' dir='ltr'><strong>duntaxat</strong></span> <span class='ocrx_word' id='word_1_563' title='bbox 2202 3936 2280 3990; x_wconf 90' lang='lat' dir='ltr'><strong>illi</strong></span> <span class='ocrx_word' id='word_1_564' title='bbox 2310 3935 2498 3996; x_wconf 84' lang='lat' dir='ltr'><strong>verbo,</strong></span> <span class='ocrx_word' id='word_1_565' title='bbox 2543 3933 2769 4005; x_wconf 83' lang='lat' dir='ltr'><strong>Sequere</strong></span> <span class='ocrx_word' id='word_1_566' title='bbox 2811 3948 2912 3998; x_wconf 84' lang='lat' dir='ltr'><strong>me,</strong></span> <span class='ocrx_word' id='word_1_567' title='bbox 2945 3932 3049 3988; x_wconf 86' lang='lat' dir='ltr'><strong>sibi</strong></span> <span class='ocrx_word' id='word_1_568' title='bbox 3078 3932 3323 4003; x_wconf 85' lang='lat' dir='ltr'><strong>discipu-</strong></span> 
     </span>
    </p>
   </div>
   <div class='ocr_carea' id='block_1_80' title="bbox 155 4013 1704 4097">
    <p class='ocr_par' dir='ltr' id='par_1_80' title="bbox 155 4013 1663 4097">
     <span class='ocr_line' id='line_1_80' title="bbox 155 4013 1663 4097; baseline -0.004 -15"><span class='ocrx_word' id='word_1_569' title='bbox 155 4024 330 4093; x_wconf 73' lang='grc' dir='ltr'>θήσεως</span> <span class='ocrx_word' id='word_1_570' title='bbox 356 4014 707 4096; x_wconf 78' lang='grc' dir='ltr'>προύϐάλετο.</span> <span class='ocrx_word' id='word_1_571' title='bbox 749 4025 862 4079; x_wconf 78' lang='grc' dir='ltr'>Ἑνὶ</span> <span class='ocrx_word' id='word_1_572' title='bbox 902 4026 1106 4097; x_wconf 77' lang='grc' dir='ltr'>ῥήματι</span> <span class='ocrx_word' id='word_1_573' title='bbox 1137 4026 1282 4096; x_wconf 82' lang='grc' dir='ltr'>μόνῳ</span> <span class='ocrx_word' id='word_1_574' title='bbox 1326 4024 1461 4096; x_wconf 77' lang='grc' dir='ltr'>πρὸς</span> <span class='ocrx_word' id='word_1_575' title='bbox 1497 4013 1663 4095; x_wconf 68' lang='grc' dir='ltr'>μαθη-</span> 
     </span>
    </p>
   </div>
   <div class='ocr_carea' id='block_1_81' title="bbox 1776 4013 3325 4097">
    <p class='ocr_par' dir='ltr' id='par_1_81' title="bbox 1776 4024 3325 4096">
     <span class='ocr_line' id='line_1_81' title="bbox 1776 4024 3325 4096; baseline -0.004 -14"><span class='ocrx_word' id='word_1_576' title='bbox 1776 4029 1879 4082; x_wconf 88' lang='lat' dir='ltr'><strong>lum</strong></span> <span class='ocrx_word' id='word_1_577' title='bbox 1910 4028 2116 4082; x_wconf 86' lang='lat' dir='ltr'><strong>addixit</strong></span> <span class='ocrx_word' id='word_1_578' title='bbox 2136 4046 2167 4093; x_wconf 59' lang='grc'>;,</span> <span class='ocrx_word' id='word_1_579' title='bbox 2194 4028 2454 4096; x_wconf 83' lang='lat' dir='ltr'><strong>brevique</strong></span> <span class='ocrx_word' id='word_1_580' title='bbox 2488 4027 2588 4080; x_wconf 90' lang='lat' dir='ltr'><strong>hac</strong></span> <span class='ocrx_word' id='word_1_581' title='bbox 2616 4024 2805 4079; x_wconf 87' lang='lat' dir='ltr'><strong>vocula</strong></span> <span class='ocrx_word' id='word_1_582' title='bbox 2829 4032 3110 4094; x_wconf 87' lang='lat' dir='ltr'><strong>parentum</strong></span> <span class='ocrx_word' id='word_1_583' title='bbox 3145 4024 3325 4078; x_wconf 85' lang='lat' dir='ltr'><strong>statim</strong></span> 
     </span>
    </p>
   </div>
   <div class='ocr_carea' id='block_1_82' title="bbox 155 4114 1704 4189">
    <p class='ocr_par' dir='ltr' id='par_1_82' title="bbox 155 4114 1671 4188">
     <span class='ocr_line' id='line_1_82' title="bbox 155 4114 1671 4188; baseline 0.007 -23"><span class='ocrx_word' id='word_1_584' title='bbox 155 4116 275 4169; x_wconf 83' lang='grc' dir='ltr'>τειαν</span> <span class='ocrx_word' id='word_1_585' title='bbox 298 4118 659 4180; x_wconf 67' lang='grc' dir='ltr'>ἐπεσπάσατο,</span> <span class='ocrx_word' id='word_1_586' title='bbox 709 4119 1047 4173; x_wconf 72' lang='grc' dir='ltr'>Ἀκολούθει</span> <span class='ocrx_word' id='word_1_587' title='bbox 1089 4134 1212 4186; x_wconf 82' lang='grc' dir='ltr'>μοι,</span> <span class='ocrx_word' id='word_1_588' title='bbox 1256 4115 1448 4188; x_wconf 80' lang='grc' dir='ltr'>καὶτῷ</span> <span class='ocrx_word' id='word_1_589' title='bbox 1481 4114 1671 4186; x_wconf 81' lang='grc' dir='ltr'>βραχεῖ</span> 
     </span>
    </p>
   </div>
   <div class='ocr_carea' id='block_1_83' title="bbox 1778 4114 3327 4189">
    <p class='ocr_par' dir='ltr' id='par_1_83' title="bbox 1778 4118 3327 4189">
     <span class='ocr_line' id='line_1_83' title="bbox 1778 4118 3327 4189; baseline -0.001 -15"><span class='ocrx_word' id='word_1_590' title='bbox 1778 4122 1968 4175; x_wconf 79' lang='lat' dir='ltr'><strong>amoris</strong></span> <span class='ocrx_word' id='word_1_591' title='bbox 2017 4122 2125 4174; x_wconf 88' lang='lat' dir='ltr'><strong>vim</strong></span> <span class='ocrx_word' id='word_1_592' title='bbox 2156 4121 2434 4175; x_wconf 81' lang='lat' dir='ltr'><strong>exstinxit.</strong></span> <span class='ocrx_word' id='word_1_593' title='bbox 2470 4119 2857 4189; x_wconf 83' lang='lat' dir='ltr'><strong>Cognatornm,</strong></span> <span class='ocrx_word' id='word_1_594' title='bbox 2887 4118 3209 4181; x_wconf 84' lang='lat' dir='ltr'><strong>amicorum,</strong></span> <span class='ocrx_word' id='word_1_595' title='bbox 3232 4132 3327 4172; x_wconf 87' lang='lat' dir='ltr'><strong>ne-</strong></span> 
     </span>
    </p>
   </div>
   <div class='ocr_carea' id='block_1_84' title="bbox 156 4192 1705 4281">
    <p class='ocr_par' dir='ltr' id='par_1_84' title="bbox 156 4196 1666 4281">
     <span class='ocr_line' id='line_1_84' title="bbox 156 4196 1666 4281; baseline 0.001 -26"><span class='ocrx_word' id='word_1_596' title='bbox 156 4205 296 4275; x_wconf 80' lang='grc' dir='ltr'>τούτῳ</span> <span class='ocrx_word' id='word_1_597' title='bbox 317 4210 517 4277; x_wconf 78' lang='grc' dir='ltr'>ῥήματι</span> <span class='ocrx_word' id='word_1_598' title='bbox 546 4196 742 4276; x_wconf 82' lang='grc' dir='ltr'>φίλτρα</span> <span class='ocrx_word' id='word_1_599' title='bbox 765 4207 962 4275; x_wconf 79' lang='grc' dir='ltr'>γονέων</span> <span class='ocrx_word' id='word_1_600' title='bbox 989 4206 1148 4269; x_wconf 82' lang='grc' dir='ltr'>εὐθὺς</span> <span class='ocrx_word' id='word_1_601' title='bbox 1173 4205 1336 4276; x_wconf 79' lang='grc' dir='ltr'><strong>ἐσ6η’</strong></span> <span class='ocrx_word' id='word_1_602' title='bbox 1370 4206 1666 4281; x_wconf 75' lang='grc' dir='ltr'>συγγενῶν,</span> 
     </span>
    </p>
   </div>
   <div class='ocr_carea' id='block_1_85' title="bbox 1777 4192 3326 4281">
    <p class='ocr_par' dir='ltr' id='par_1_85' title="bbox 1777 4192 3326 4279">
     <span class='ocr_line' id='line_1_85' title="bbox 1777 4192 3326 4279; baseline -0.004 -12"><span class='ocrx_word' id='word_1_603' title='bbox 1777 4192 2126 4267; x_wconf 83' lang='lat' dir='ltr'><strong>cessariorum</strong></span> <span class='ocrx_word' id='word_1_604' title='bbox 2142 4211 2345 4267; x_wconf 90' lang='lat' dir='ltr'><strong>oblitus</strong></span> <span class='ocrx_word' id='word_1_605' title='bbox 2362 4210 2662 4266; x_wconf 74' lang='lat' dir='ltr'><strong>aﬁ&#39;ectionis</strong></span> <span class='ocrx_word' id='word_1_606' title='bbox 2676 4218 2757 4265; x_wconf 86' lang='lat' dir='ltr'><strong>est</strong></span> <span class='ocrx_word' id='word_1_607' title='bbox 2789 4208 3037 4279; x_wconf 73' lang='lat' dir='ltr'><strong>:pmdia,</strong></span> <span class='ocrx_word' id='word_1_608' title='bbox 3061 4204 3326 4278; x_wconf 67' lang='lat' dir='ltr'><strong>pecu’niae,</strong></span> 
     </span>
    </p>
   </div>
   <div class='ocr_carea' id='block_1_86' title="bbox 157 4294 1706 4376">
    <p class='ocr_par' dir='ltr' id='par_1_86' title="bbox 157 4294 1706 4376">
     <span class='ocr_line' id='line_1_86' title="bbox 157 4294 1706 4376; baseline 0.002 -32"><span class='ocrx_word' id='word_1_609' title='bbox 157 4294 310 4359; x_wconf 78' lang='grc' dir='ltr'>φίλων.</span> <span class='ocrx_word' id='word_1_610' title='bbox 334 4298 545 4350; x_wconf 76' lang='grc' dir='ltr'>οῑκείων</span> <span class='ocrx_word' id='word_1_611' title='bbox 584 4296 873 4359; x_wconf 73' lang='grc' dir='ltr'>διαθέσεως</span> <span class='ocrx_word' id='word_1_612' title='bbox 905 4295 1194 4366; x_wconf 80' lang='grc' dir='ltr'>ὲπελήσθη,</span> <span class='ocrx_word' id='word_1_613' title='bbox 1233 4297 1326 4350; x_wconf 74' lang='grc' dir='ltr'>καὶ</span> <span class='ocrx_word' id='word_1_614' title='bbox 1358 4295 1543 4366; x_wconf 77' lang='grc' dir='ltr'>κτῆμα</span> <span class='ocrx_word' id='word_1_615' title='bbox 1577 4296 1668 4353; x_wconf 79' lang='grc' dir='ltr'>καὶ</span> <span class='ocrx_word' id='word_1_616' title='bbox 1700 4369 1706 4376; x_wconf 33' lang='grc' dir='ltr'><strong>Ι</strong></span> 
     </span>
    </p>
   </div>
   <div class='ocr_carea' id='block_1_87' title="bbox 1775 4294 3324 4376">
    <p class='ocr_par' dir='ltr' id='par_1_87' title="bbox 1775 4300 3324 4376">
     <span class='ocr_line' id='line_1_87' title="bbox 1775 4300 3324 4376; baseline -0.003 -17"><span class='ocrx_word' id='word_1_617' title='bbox 1775 4306 2050 4376; x_wconf 86' lang='lat' dir='ltr'><strong>omnisque</strong></span> <span class='ocrx_word' id='word_1_618' title='bbox 2068 4305 2191 4360; x_wconf 71' lang='lat' dir='ltr'><strong>vita:</strong></span> <span class='ocrx_word' id='word_1_619' title='bbox 2211 4315 2424 4375; x_wconf 88' lang='lat' dir='ltr'><strong>spretus</strong></span> <span class='ocrx_word' id='word_1_620' title='bbox 2449 4312 2770 4373; x_wconf 84' lang='lat' dir='ltr'><strong>apparatus;</strong></span> <span class='ocrx_word' id='word_1_621' title='bbox 2802 4300 3032 4355; x_wconf 86' lang='lat' dir='ltr'><strong>carnalis</strong></span> <span class='ocrx_word' id='word_1_622' title='bbox 3049 4303 3227 4355; x_wconf 83' lang='lat' dir='ltr'><strong>omnis</strong></span> <span class='ocrx_word' id='word_1_623' title='bbox 3254 4301 3324 4355; x_wconf 86' lang='lat' dir='ltr'><strong>li-</strong></span> 
     </span>
    </p>
   </div>
   <div class='ocr_carea' id='block_1_88' title="bbox 157 4369 1706 4466">
    <p class='ocr_par' dir='ltr' id='par_1_88' title="bbox 157 4369 1706 4459">
     <span class='ocr_line' id='line_1_88' title="bbox 157 4369 1706 4459; baseline -0.004 -13"><span class='ocrx_word' id='word_1_624' title='bbox 157 4390 327 4457; x_wconf 79' lang='grc' dir='ltr'>χρῆμα,</span> <span class='ocrx_word' id='word_1_625' title='bbox 381 4392 476 4443; x_wconf 73' lang='grc' dir='ltr'>καὶ</span> <span class='ocrx_word' id='word_1_626' title='bbox 516 4392 662 4443; x_wconf 81' lang='grc' dir='ltr'>πᾶσα</span> <span class='ocrx_word' id='word_1_627' title='bbox 710 4388 804 4442; x_wconf 82' lang='grc' dir='ltr'>τοῦ</span> <span class='ocrx_word' id='word_1_628' title='bbox 850 4389 964 4458; x_wconf 86' lang='grc' dir='ltr'>βίου</span> <span class='ocrx_word' id='word_1_629' title='bbox 1018 4389 1370 4459; x_wconf 79' lang='grc' dir='ltr'>παραφαῦλον</span> <span class='ocrx_word' id='word_1_630' title='bbox 1419 4369 1706 4457; x_wconf 69' lang='grc' dir='ltr'><strong>ἐλογίσθη1</strong></span> 
     </span>
    </p>
   </div>
   <div class='ocr_carea' id='block_1_89' title="bbox 1777 4369 3326 4466">
    <p class='ocr_par' dir='ltr' id='par_1_89' title="bbox 1777 4369 3326 4466">
     <span class='ocr_line' id='line_1_89' title="bbox 1777 4369 3326 4466; baseline -0.003 -18"><span class='ocrx_word' id='word_1_631' title='bbox 1777 4395 1902 4451; x_wconf 92' lang='lat' dir='ltr'><strong>bido</strong></span> <span class='ocrx_word' id='word_1_632' title='bbox 1928 4369 2189 4466; x_wconf 82' lang='lat' dir='ltr'><strong>elanguit,</strong></span> <span class='ocrx_word' id='word_1_633' title='bbox 2220 4369 2549 4465; x_wconf 70' lang='lat' dir='ltr'><strong>germenque</strong></span> <span class='ocrx_word' id='word_1_634' title='bbox 2577 4392 2727 4447; x_wconf 89' lang='lat' dir='ltr'><strong>aliud</strong></span> <span class='ocrx_word' id='word_1_635' title='bbox 2770 4392 3137 4455; x_wconf 62' lang='lat' dir='ltr'><strong>amicitiaa,.ac</strong></span> <span class='ocrx_word' id='word_1_636' title='bbox 3174 4405 3326 4447; x_wconf 86' lang='lat' dir='ltr'><strong>amor</strong></span> 
     </span>
    </p>
   </div>
   <div class='ocr_carea' id='block_1_90' title="bbox 158 4477 1707 4553">
    <p class='ocr_par' dir='ltr' id='par_1_90' title="bbox 158 4477 1676 4552">
     <span class='ocr_line' id='line_1_90' title="bbox 158 4477 1676 4552; baseline 0.003 -27"><span class='ocrx_word' id='word_1_637' title='bbox 158 4484 454 4550; x_wconf 71' lang='grc' dir='ltr'>κατασκευὴ,</span> <span class='ocrx_word' id='word_1_638' title='bbox 506 4481 602 4533; x_wconf 71' lang='grc' dir='ltr'>καὶ</span> <span class='ocrx_word' id='word_1_639' title='bbox 632 4480 868 4552; x_wconf 76' lang='grc' dir='ltr'>σαρκική</span> <span class='ocrx_word' id='word_1_640' title='bbox 900 4480 1046 4532; x_wconf 85' lang='grc' dir='ltr'>πᾶσα</span> <span class='ocrx_word' id='word_1_641' title='bbox 1086 4477 1472 4549; x_wconf 87' lang='grc' dir='ltr'>κατεμαράνθη</span> <span class='ocrx_word' id='word_1_642' title='bbox 1522 4494 1676 4549; x_wconf 83' lang='grc' dir='ltr'>στορ-</span> 
     </span>
    </p>
   </div>
   <div class='ocr_carea' id='block_1_91' title="bbox 1775 4477 3324 4553">
    <p class='ocr_par' dir='ltr' id='par_1_91' title="bbox 1775 4483 3324 4553">
     <span class='ocr_line' id='line_1_91' title="bbox 1775 4483 3324 4553; baseline 0.001 -15"><span class='ocrx_word' id='word_1_643' title='bbox 1775 4486 1932 4550; x_wconf 81' lang='lat' dir='ltr'><strong>alius,</strong></span> <span class='ocrx_word' id='word_1_644' title='bbox 1962 4486 2199 4541; x_wconf 58' lang='lat' dir='ltr'><strong>caelestis</strong></span> <span class='ocrx_word' id='word_1_645' title='bbox 2226 4485 2488 4551; x_wconf 79' lang='lat' dir='ltr'><strong>ille,nibii</strong></span> <span class='ocrx_word' id='word_1_646' title='bbox 2515 4493 2767 4539; x_wconf 87' lang='lat' dir='ltr'><strong>terrenus</strong></span> <span class='ocrx_word' id='word_1_647' title='bbox 2799 4498 2862 4539; x_wconf 91' lang='lat' dir='ltr'><strong>ac</strong></span> <span class='ocrx_word' id='word_1_648' title='bbox 2883 4483 3147 4553; x_wconf 84' lang='lat' dir='ltr'><strong>spiritalis</strong></span> <span class='ocrx_word' id='word_1_649' title='bbox 3178 4484 3324 4539; x_wconf 82' lang='lat' dir='ltr'><strong>intus</strong></span> 
     </span>
    </p>
   </div>
   <div class='ocr_carea' id='block_1_92' title="bbox 132 4566 1681 4647">
    <p class='ocr_par' dir='ltr' id='par_1_92' title="bbox 132 4566 1674 4647">
     <span class='ocr_line' id='line_1_92' title="bbox 132 4566 1674 4647; baseline 0.001 -27"><span class='ocrx_word' id='word_1_650' title='bbox 132 4644 135 4647; x_wconf 77' lang='lat'><em>_</em></span> <span class='ocrx_word' id='word_1_651' title='bbox 159 4568 210 4634; x_wconf 74' lang='grc' dir='ltr'>γή</span> <span class='ocrx_word' id='word_1_652' title='bbox 228 4584 239 4597; x_wconf 91' lang='grc'><strong>·</strong></span> <span class='ocrx_word' id='word_1_653' title='bbox 266 4568 387 4636; x_wconf 73' lang='grc' dir='ltr'>ἄλλη</span> <span class='ocrx_word' id='word_1_654' title='bbox 408 4569 468 4623; x_wconf 82' lang='grc' dir='ltr'>δὲ</span> <span class='ocrx_word' id='word_1_655' title='bbox 516 4569 718 4639; x_wconf 79' lang='grc' dir='ltr'>βλάστη</span> <span class='ocrx_word' id='word_1_656' title='bbox 747 4569 1029 4639; x_wconf 76' lang='grc' dir='ltr'>φιλότητος</span> <span class='ocrx_word' id='word_1_657' title='bbox 1063 4568 1157 4622; x_wconf 78' lang='grc' dir='ltr'><strong>καὶ</strong></span> <span class='ocrx_word' id='word_1_658' title='bbox 1180 4567 1318 4638; x_wconf 75' lang='grc' dir='ltr'>ἔρως</span> <span class='ocrx_word' id='word_1_659' title='bbox 1343 4567 1550 4623; x_wconf 73' lang='grc' dir='ltr'>ἔνδοθεν</span> <span class='ocrx_word' id='word_1_660' title='bbox 1580 4566 1674 4622; x_wconf 71' lang='grc' dir='ltr'><strong>ἁλ-</strong></span> 
     </span>
    </p>
   </div>
   <div class='ocr_carea' id='block_1_93' title="bbox 759 4566 2308 4647">
    <p class='ocr_par' dir='ltr' id='par_1_93' title="bbox 759 4566 2308 4639">
     <span class='ocr_line' id='line_1_93' title="bbox 759 4566 2308 4639; baseline 0.006 -20"><span class='ocrx_word' id='word_1_661' title='bbox 759 4569 1029 4639; x_wconf 82' lang='grc' dir='ltr'>ριλότητος</span> <span class='ocrx_word' id='word_1_662' title='bbox 1063 4568 1157 4622; x_wconf 78' lang='grc' dir='ltr'><strong>καὶ</strong></span> <span class='ocrx_word' id='word_1_663' title='bbox 1180 4567 1318 4638; x_wconf 73' lang='grc' dir='ltr'>ἔρως</span> <span class='ocrx_word' id='word_1_664' title='bbox 1343 4567 1550 4623; x_wconf 73' lang='grc' dir='ltr'>ἔνδοθεν</span> <span class='ocrx_word' id='word_1_665' title='bbox 1580 4566 1674 4622; x_wconf 75' lang='grc' dir='ltr'><strong>ᾶλ-</strong></span> <span class='ocrx_word' id='word_1_666' title='bbox 1771 4576 1956 4630; x_wconf 88' lang='lat' dir='ltr'><strong>animo</strong></span> <span class='ocrx_word' id='word_1_667' title='bbox 1982 4576 2249 4632; x_wconf 77' lang='lat' dir='ltr'><strong>reﬂoruit.</strong></span> <span class='ocrx_word' id='word_1_668' title='bbox 2306 4584 2308 4587; x_wconf 85' lang='lat'>&#39;</span> 
     </span>
    </p>
   </div>
   <div class='ocr_carea' id='block_1_94' title="bbox 158 4654 1529 4728">
    <p class='ocr_par' dir='ltr' id='par_1_94' title="bbox 158 4654 1529 4728">
     <span class='ocr_line' id='line_1_94' title="bbox 158 4654 1529 4728; baseline 0.001 -17"><span class='ocrx_word' id='word_1_669' title='bbox 158 4654 240 4718; x_wconf 81' lang='grc' dir='ltr'>λος.</span> <span class='ocrx_word' id='word_1_670' title='bbox 265 4660 522 4728; x_wconf 69' lang='grc' dir='ltr'>οὐράνιος,</span> <span class='ocrx_word' id='word_1_671' title='bbox 558 4659 715 4722; x_wconf 80' lang='grc' dir='ltr'>ἇῦλος</span> <span class='ocrx_word' id='word_1_672' title='bbox 740 4658 994 4713; x_wconf 82' lang='grc' dir='ltr'>ἀνέθαλλε</span> <span class='ocrx_word' id='word_1_673' title='bbox 1032 4659 1126 4713; x_wconf 71' lang='grc' dir='ltr'>καὶ</span> <span class='ocrx_word' id='word_1_674' title='bbox 1150 4659 1529 4728; x_wconf 82' lang='grc' dir='ltr'>πνευματικός.</span> 
     </span>
    </p>
   </div>
   <div class='ocr_carea' id='block_1_95' title="bbox 212 4746 1761 4820">
    <p class='ocr_par' dir='ltr' id='par_1_95' title="bbox 212 4749 1667 4820">
     <span class='ocr_line' id='line_1_95' title="bbox 212 4749 1667 4820; baseline 0.002 -20"><span class='ocrx_word' id='word_1_675' title='bbox 212 4749 370 4815; x_wconf 79' lang='grc' dir='ltr'>’Δπαξ</span> <span class='ocrx_word' id='word_1_676' title='bbox 399 4751 495 4803; x_wconf 78' lang='grc' dir='ltr'>τοῦ</span> <span class='ocrx_word' id='word_1_677' title='bbox 523 4751 695 4817; x_wconf 84' lang='grc' dir='ltr'>Λόγου</span> <span class='ocrx_word' id='word_1_678' title='bbox 731 4751 1031 4818; x_wconf 83' lang='grc' dir='ltr'>φωνοῦντος</span> <span class='ocrx_word' id='word_1_679' title='bbox 1062 4751 1291 4820; x_wconf 72' lang='grc' dir='ltr'>ἤκουσεν</span> <span class='ocrx_word' id='word_1_680' title='bbox 1332 4752 1361 4802; x_wconf 91' lang='lat'><strong>6</strong></span> <span class='ocrx_word' id='word_1_681' title='bbox 1385 4751 1667 4813; x_wconf 75' lang='grc' dir='ltr'>Φίλιππος,</span> 
     </span>
    </p>
   </div>
   <div class='ocr_carea' id='block_1_96' title="bbox 1774 4746 3323 4820">
    <p class='ocr_par' dir='ltr' id='par_1_96' title="bbox 1841 4746 3323 4817">
     <span class='ocr_line' id='line_1_96' title="bbox 1841 4746 3323 4817; baseline -0.003 -11"><span class='ocrx_word' id='word_1_682' title='bbox 1841 4750 2020 4806; x_wconf 82' lang='lat' dir='ltr'><strong>Semel</strong></span> <span class='ocrx_word' id='word_1_683' title='bbox 2062 4750 2227 4805; x_wconf 80' lang='lat' dir='ltr'><strong>Verbi</strong></span> <span class='ocrx_word' id='word_1_684' title='bbox 2270 4764 2456 4803; x_wconf 87' lang='lat' dir='ltr'><strong>vocem</strong></span> <span class='ocrx_word' id='word_1_685' title='bbox 2501 4748 2713 4803; x_wconf 86' lang='lat' dir='ltr'><strong>audivit</strong></span> <span class='ocrx_word' id='word_1_686' title='bbox 2746 4746 3047 4817; x_wconf 88' lang='lat' dir='ltr'><strong>Philippus,</strong></span> <span class='ocrx_word' id='word_1_687' title='bbox 3096 4746 3323 4817; x_wconf 78' lang='lat' dir='ltr'><strong>Sequere</strong></span> 
     </span>
    </p>
   </div>
   <div class='ocr_carea' id='block_1_97' title="bbox 169 4839 1718 4915">
    <p class='ocr_par' dir='ltr' id='par_1_97' title="bbox 169 4840 1663 4915">
     <span class='ocr_line' id='line_1_97' title="bbox 169 4840 1663 4915; baseline 0.003 -23"><span class='ocrx_word' id='word_1_688' title='bbox 169 4840 461 4899; x_wconf 71' lang='grc' dir='ltr'>Ἀκολούθει</span> <span class='ocrx_word' id='word_1_689' title='bbox 476 4862 598 4913; x_wconf 83' lang='grc' dir='ltr'>μοι,</span> <span class='ocrx_word' id='word_1_690' title='bbox 630 4846 723 4897; x_wconf 70' lang='grc' dir='ltr'><strong>καὶ</strong></span> <span class='ocrx_word' id='word_1_691' title='bbox 755 4845 844 4897; x_wconf 81' lang='grc' dir='ltr'>τὸν</span> <span class='ocrx_word' id='word_1_692' title='bbox 874 4844 1048 4915; x_wconf 81' lang='grc' dir='ltr'>ἀληθῆ</span> <span class='ocrx_word' id='word_1_693' title='bbox 1082 4845 1430 4914; x_wconf 79' lang='grc' dir='ltr'>καθηγεμόνα</span> <span class='ocrx_word' id='word_1_694' title='bbox 1461 4845 1535 4914; x_wconf 82' lang='grc' dir='ltr'><strong>τῷ</strong></span> <span class='ocrx_word' id='word_1_695' title='bbox 1578 4847 1663 4897; x_wconf 72' lang='grc' dir='ltr'>εν-</span> 
     </span>
    </p>
   </div>
   <div class='ocr_carea' id='block_1_98' title="bbox 1770 4839 3319 4915">
    <p class='ocr_par' dir='ltr' id='par_1_98' title="bbox 1770 4839 3319 4912">
     <span class='ocr_line' id='line_1_98' title="bbox 1770 4839 3319 4912; baseline -0.003 -17"><span class='ocrx_word' id='word_1_696' title='bbox 1770 4859 1860 4906; x_wconf 89' lang='lat' dir='ltr'><strong>me,</strong></span> <span class='ocrx_word' id='word_1_697' title='bbox 1878 4858 2113 4912; x_wconf 88' lang='lat' dir='ltr'><strong>veroque</strong></span> <span class='ocrx_word' id='word_1_698' title='bbox 2132 4850 2463 4911; x_wconf 67' lang='lat' dir='ltr'><strong>praeceptore</strong></span> <span class='ocrx_word' id='word_1_699' title='bbox 2486 4857 2551 4894; x_wconf 73' lang='lat' dir='ltr'><strong>ex</strong></span> <span class='ocrx_word' id='word_1_700' title='bbox 2567 4839 2810 4909; x_wconf 73' lang='lat' dir='ltr'><strong>iussione</strong></span> <span class='ocrx_word' id='word_1_701' title='bbox 2831 4840 3032 4909; x_wconf 88' lang='lat' dir='ltr'><strong>agnito,</strong></span> <span class='ocrx_word' id='word_1_702' title='bbox 3055 4855 3163 4892; x_wconf 91' lang='lat' dir='ltr'><strong>non</strong></span> <span class='ocrx_word' id='word_1_703' title='bbox 3182 4839 3319 4891; x_wconf 91' lang='lat' dir='ltr'><strong>ultra</strong></span> 
     </span>
    </p>
   </div>
   <div class='ocr_carea' id='block_1_99' title="bbox 160 4930 1709 5005">
    <p class='ocr_par' dir='ltr' id='par_1_99' title="bbox 160 4934 1663 5005">
     <span class='ocr_line' id='line_1_99' title="bbox 160 4934 1663 5005; baseline 0.002 -20"><span class='ocrx_word' id='word_1_704' title='bbox 160 4934 343 5001; x_wconf 70' lang='grc' dir='ltr'>ταλαατι</span> <span class='ocrx_word' id='word_1_705' title='bbox 370 4937 552 5002; x_wconf 77' lang='grc' dir='ltr'>γνοὺς,</span> <span class='ocrx_word' id='word_1_706' title='bbox 588 4936 684 4989; x_wconf 85' lang='grc' dir='ltr'>οὐκ</span> <span class='ocrx_word' id='word_1_707' title='bbox 712 4934 933 5005; x_wconf 72' lang='grc' dir='ltr'>ἐσλεψεν</span> <span class='ocrx_word' id='word_1_708' title='bbox 960 4938 1038 4997; x_wconf 78' lang='grc' dir='ltr'>είς</span> <span class='ocrx_word' id='word_1_709' title='bbox 1064 4935 1133 4987; x_wconf 73' lang='grc' dir='ltr'><strong>τὰ</strong></span> <span class='ocrx_word' id='word_1_710' title='bbox 1150 4934 1324 4988; x_wconf 78' lang='grc' dir='ltr'>ὀπίσω</span> <span class='ocrx_word' id='word_1_711' title='bbox 1342 4936 1543 4997; x_wconf 79' lang='grc' dir='ltr'>λοιπὸν,</span> <span class='ocrx_word' id='word_1_712' title='bbox 1566 4935 1663 4988; x_wconf 83' lang='grc' dir='ltr'>οὐκ</span> 
     </span>
    </p>
   </div>
   <div class='ocr_carea' id='block_1_100' title="bbox 1769 4930 3318 5005">
    <p class='ocr_par' dir='ltr' id='par_1_100' title="bbox 1769 4930 3318 5003">
     <span class='ocr_line' id='line_1_100' title="bbox 1769 4930 3318 5003; baseline -0.001 -18"><span class='ocrx_word' id='word_1_713' title='bbox 1769 4933 1967 5001; x_wconf 78' lang='lat' dir='ltr'><strong>aspexit</strong></span> <span class='ocrx_word' id='word_1_714' title='bbox 2008 4943 2175 4997; x_wconf 87' lang='lat' dir='ltr'><strong>retro,</strong></span> <span class='ocrx_word' id='word_1_715' title='bbox 2226 4947 2334 4986; x_wconf 87' lang='lat' dir='ltr'><strong>non</strong></span> <span class='ocrx_word' id='word_1_716' title='bbox 2386 4931 2553 4987; x_wconf 84' lang='lat' dir='ltr'><strong>animi</strong></span> <span class='ocrx_word' id='word_1_717' title='bbox 2602 4946 2802 5003; x_wconf 87' lang='lat' dir='ltr'><strong>anceps</strong></span> <span class='ocrx_word' id='word_1_718' title='bbox 2846 4930 2967 4993; x_wconf 82' lang='lat' dir='ltr'><strong>fuit,</strong></span> <span class='ocrx_word' id='word_1_719' title='bbox 3014 4945 3122 4984; x_wconf 91' lang='lat' dir='ltr'><strong>non</strong></span> <span class='ocrx_word' id='word_1_720' title='bbox 3162 4946 3318 4999; x_wconf 72' lang='lat' dir='ltr'><strong>sequi</strong></span> 
     </span>
    </p>
   </div>
   <div class='ocr_carea' id='block_1_101' title="bbox 148 5022 1697 5099">
    <p class='ocr_par' dir='ltr' id='par_1_101' title="bbox 148 5023 1685 5099">
     <span class='ocr_line' id='line_1_101' title="bbox 148 5023 1685 5099; baseline 0.005 -29"><span class='ocrx_word' id='word_1_721' title='bbox 148 5023 354 5089; x_wconf 69' lang='grc' dir='ltr'><strong>¹ἐξέπεισε</strong></span> <span class='ocrx_word' id='word_1_722' title='bbox 382 5028 484 5095; x_wconf 81' lang='grc' dir='ltr'>τὴν</span> <span class='ocrx_word' id='word_1_723' title='bbox 507 5026 703 5099; x_wconf 80' lang='grc' dir='ltr'>ψυχὴν,</span> <span class='ocrx_word' id='word_1_724' title='bbox 734 5028 832 5096; x_wconf 76' lang='grc' dir='ltr'>τήν</span> <span class='ocrx_word' id='word_1_725' title='bbox 877 5024 1230 5093; x_wconf 79' lang='grc' dir='ltr'>ἁκολούθησιν</span> <span class='ocrx_word' id='word_1_726' title='bbox 1255 5027 1353 5078; x_wconf 83' lang='grc' dir='ltr'>οὐκ</span> <span class='ocrx_word' id='word_1_727' title='bbox 1381 5025 1685 5094; x_wconf 30' lang='grc' dir='ltr'>ἐψεύσατο,-</span> 
     </span>
    </p>
   </div>
   <div class='ocr_carea' id='block_1_102' title="bbox 1768 5022 3317 5099">
    <p class='ocr_par' dir='ltr' id='par_1_102' title="bbox 1768 5022 3317 5092">
     <span class='ocr_line' id='line_1_102' title="bbox 1768 5022 3317 5092; baseline -0.003 -14"><span class='ocrx_word' id='word_1_728' title='bbox 1768 5026 1959 5091; x_wconf 86' lang='lat' dir='ltr'><strong>renuit,</strong></span> <span class='ocrx_word' id='word_1_729' title='bbox 1988 5041 2095 5080; x_wconf 90' lang='lat' dir='ltr'><strong>non</strong></span> <span class='ocrx_word' id='word_1_730' title='bbox 2126 5025 2267 5079; x_wconf 90' lang='lat' dir='ltr'><strong>sicut</strong></span> <span class='ocrx_word' id='word_1_731' title='bbox 2310 5024 2531 5079; x_wconf 64' lang='lat' dir='ltr'><strong>Elisaaus</strong></span> <span class='ocrx_word' id='word_1_732' title='bbox 2574 5032 2800 5079; x_wconf 84' lang='lat' dir='ltr'><strong>vocante</strong></span> <span class='ocrx_word' id='word_1_733' title='bbox 2843 5022 2957 5077; x_wconf 89' lang='lat' dir='ltr'><strong>Elia</strong></span> <span class='ocrx_word' id='word_1_734' title='bbox 3008 5023 3236 5092; x_wconf 83' lang='lat' dir='ltr'><strong>rogavit,</strong></span> <span class='ocrx_word' id='word_1_735' title='bbox 3261 5029 3317 5073; x_wconf 87' lang='lat' dir='ltr'><strong>ut</strong></span> 
     </span>
    </p>
   </div>
   <div class='ocr_carea' id='block_1_103' title="bbox 163 5112 1712 5186">
    <p class='ocr_par' dir='ltr' id='par_1_103' title="bbox 163 5112 1662 5186">
     <span class='ocr_line' id='line_1_103' title="bbox 163 5112 1662 5186; baseline 0.003 -23"><span class='ocrx_word' id='word_1_736' title='bbox 163 5112 239 5163; x_wconf 58' lang='grc' dir='ltr'><strong>τώδ’</strong></span> <span class='ocrx_word' id='word_1_737' title='bbox 264 5114 432 5186; x_wconf 78' lang='grc' dir='ltr'>ὥσπερ</span> <span class='ocrx_word' id='word_1_738' title='bbox 478 5115 741 5169; x_wconf 81' lang='grc' dir='ltr'><strong>Ἐλισσαιὲ</strong></span> <span class='ocrx_word' id='word_1_739' title='bbox 774 5116 909 5185; x_wconf 80' lang='grc' dir='ltr'>πρὸς</span> <span class='ocrx_word' id='word_1_740' title='bbox 943 5114 1122 5168; x_wconf 82' lang='grc' dir='ltr'><strong>Ἡλιοῦ</strong></span> <span class='ocrx_word' id='word_1_741' title='bbox 1152 5115 1499 5186; x_wconf 85' lang='grc' dir='ltr'>καλούμενος,</span> <span class='ocrx_word' id='word_1_742' title='bbox 1534 5118 1662 5186; x_wconf 86' lang='grc' dir='ltr'>πρό-</span> 
     </span>
    </p>
   </div>
   <div class='ocr_carea' id='block_1_104' title="bbox 1763 5112 3312 5186">
    <p class='ocr_par' dir='ltr' id='par_1_104' title="bbox 1763 5114 3312 5185">
     <span class='ocr_line' id='line_1_104' title="bbox 1763 5114 3312 5185; baseline -0.003 -16"><span class='ocrx_word' id='word_1_743' title='bbox 1763 5116 1910 5185; x_wconf 90' lang='lat' dir='ltr'><strong>prius</strong></span> <span class='ocrx_word' id='word_1_744' title='bbox 1943 5118 2139 5171; x_wconf 79' lang='lat' dir='ltr'><strong>ambos</strong></span> <span class='ocrx_word' id='word_1_745' title='bbox 2154 5124 2405 5185; x_wconf 88' lang='lat' dir='ltr'><strong>parentes</strong></span> <span class='ocrx_word' id='word_1_746' title='bbox 2424 5114 2863 5173; x_wconf 84' lang='lat' dir='ltr'><strong>osculariliceret</strong></span> <span class='ocrx_word' id='word_1_747' title='bbox 2878 5114 2921 5144; x_wconf 84' lang='grc'><strong>⁷⁸</strong></span> <span class='ocrx_word' id='word_1_748' title='bbox 2941 5130 2956 5178; x_wconf 90' lang='grc'><strong>;</strong></span> <span class='ocrx_word' id='word_1_749' title='bbox 2981 5128 3044 5167; x_wconf 87' lang='lat' dir='ltr'><strong>ac</strong></span> <span class='ocrx_word' id='word_1_750' title='bbox 3064 5126 3312 5167; x_wconf 88' lang='lat' dir='ltr'><strong>necessa-</strong></span> 
     </span>
    </p>
   </div>
   <div class='ocr_carea' id='block_1_105' title="bbox 164 5193 1713 5277">
    <p class='ocr_par' dir='ltr' id='par_1_105' title="bbox 164 5193 1659 5277">
     <span class='ocr_line' id='line_1_105' title="bbox 164 5193 1659 5277; baseline 0.003 -23"><span class='ocrx_word' id='word_1_751' title='bbox 164 5217 277 5269; x_wconf 75' lang='grc' dir='ltr'>τερον</span> <span class='ocrx_word' id='word_1_752' title='bbox 304 5208 381 5259; x_wconf 79' lang='grc' dir='ltr'>τὸν</span> <span class='ocrx_word' id='word_1_753' title='bbox 411 5207 627 5270; x_wconf 82' lang='grc' dir='ltr'>πατέρα</span> <span class='ocrx_word' id='word_1_754' title='bbox 675 5208 777 5271; x_wconf 48' lang='grc' dir='ltr'><strong>καὶ.⁵</strong></span> <span class='ocrx_word' id='word_1_755' title='bbox 797 5193 894 5276; x_wconf 79' lang='grc' dir='ltr'>τὴν</span> <span class='ocrx_word' id='word_1_756' title='bbox 929 5208 1136 5277; x_wconf 88' lang='grc' dir='ltr'>μητέρα</span> <span class='ocrx_word' id='word_1_757' title='bbox 1162 5207 1458 5277; x_wconf 73' lang='grc' dir='ltr'>παρεκάλει</span> <span class='ocrx_word' id='word_1_758' title='bbox 1492 5224 1659 5260; x_wconf 76' lang='grc' dir='ltr'>καταο</span> 
     </span>
    </p>
   </div>
   <div class='ocr_carea' id='block_1_106' title="bbox 1766 5193 3315 5277">
    <p class='ocr_par' dir='ltr' id='par_1_106' title="bbox 1766 5202 3315 5274">
     <span class='ocr_line' id='line_1_106' title="bbox 1766 5202 3315 5274; baseline -0.005 -15"><span class='ocrx_word' id='word_1_759' title='bbox 1766 5206 1857 5261; x_wconf 91' lang='lat' dir='ltr'><strong>riis</strong></span> <span class='ocrx_word' id='word_1_760' title='bbox 1886 5207 2002 5261; x_wconf 88' lang='lat' dir='ltr'><strong>vale</strong></span> <span class='ocrx_word' id='word_1_761' title='bbox 2027 5206 2193 5269; x_wconf 85' lang='lat' dir='ltr'><strong>dicto,</strong></span> <span class='ocrx_word' id='word_1_762' title='bbox 2218 5206 2296 5260; x_wconf 80' lang='lat' dir='ltr'><strong>sic</strong></span> <span class='ocrx_word' id='word_1_763' title='bbox 2331 5211 2670 5274; x_wconf 86' lang='lat' dir='ltr'><strong>sequeretur.</strong></span> <span class='ocrx_word' id='word_1_764' title='bbox 2694 5203 3087 5273; x_wconf 85' lang='lat' dir='ltr'><strong>Cognovitovis</strong></span> <span class='ocrx_word' id='word_1_765' title='bbox 3116 5202 3315 5253; x_wconf 89' lang='lat' dir='ltr'><strong>bonum</strong></span> 
     </span>
    </p>
   </div>
   <div class='ocr_carea' id='block_1_107' title="bbox 165 5288 1714 5368">
    <p class='ocr_par' dir='ltr' id='par_1_107' title="bbox 165 5288 1655 5366">
     <span class='ocr_line' id='line_1_107' title="bbox 165 5288 1655 5366; baseline 0.009 -29"><span class='ocrx_word' id='word_1_766' title='bbox 165 5288 312 5356; x_wconf 44' lang='grc' dir='ltr'>κηλεῖν,</span> <span class='ocrx_word' id='word_1_767' title='bbox 342 5298 426 5348; x_wconf 78' lang='grc' dir='ltr'><strong>καὶ</strong></span> <span class='ocrx_word' id='word_1_768' title='bbox 457 5298 572 5356; x_wconf 75' lang='grc' dir='ltr'>τοῖς</span> <span class='ocrx_word' id='word_1_769' title='bbox 604 5294 821 5359; x_wconf 80' lang='grc' dir='ltr'>οἰκείοις</span> <span class='ocrx_word' id='word_1_770' title='bbox 857 5296 1274 5366; x_wconf 79' lang='grc' dir='ltr'>συνταξάμενος,</span> <span class='ocrx_word' id='word_1_771' title='bbox 1310 5298 1482 5361; x_wconf 77' lang='grc' dir='ltr'>οὕτως</span> <span class='ocrx_word' id='word_1_772' title='bbox 1524 5299 1655 5351; x_wconf 67' lang='lat' dir='ltr'><strong>6x0-</strong></span> 
     </span>
    </p>
   </div>
   <div class='ocr_carea' id='block_1_108' title="bbox 1763 5288 3312 5368">
    <p class='ocr_par' dir='ltr' id='par_1_108' title="bbox 1763 5292 3312 5368">
     <span class='ocr_line' id='line_1_108' title="bbox 1763 5292 3312 5368; baseline -0.003 -19"><span class='ocrx_word' id='word_1_773' title='bbox 1763 5296 2038 5354; x_wconf 88' lang='lat' dir='ltr'><strong>Pastorem</strong></span> <span class='ocrx_word' id='word_1_774' title='bbox 2055 5300 2119 5363; x_wconf 88' lang='lat'><strong>&quot;,</strong></span> <span class='ocrx_word' id='word_1_775' title='bbox 2146 5300 2360 5368; x_wconf 90' lang='lat' dir='ltr'><strong>citoque</strong></span> <span class='ocrx_word' id='word_1_776' title='bbox 2386 5298 2649 5353; x_wconf 89' lang='lat' dir='ltr'><strong>liberatus</strong></span> <span class='ocrx_word' id='word_1_777' title='bbox 2663 5297 2731 5353; x_wconf 88' lang='lat' dir='ltr'><strong>ab</strong></span> <span class='ocrx_word' id='word_1_778' title='bbox 2752 5298 2963 5359; x_wconf 87' lang='lat' dir='ltr'><strong>alienis,</strong></span> <span class='ocrx_word' id='word_1_779' title='bbox 2986 5311 3079 5363; x_wconf 87' lang='lat' dir='ltr'><strong>per</strong></span> <span class='ocrx_word' id='word_1_780' title='bbox 3104 5308 3221 5346; x_wconf 82' lang='lat' dir='ltr'><strong>eum</strong></span> <span class='ocrx_word' id='word_1_781' title='bbox 3247 5292 3312 5345; x_wconf 89' lang='lat' dir='ltr'><strong>ad</strong></span> 
     </span>
    </p>
   </div>
   <div class='ocr_carea' id='block_1_109' title="bbox 166 5376 1715 5465">
    <p class='ocr_par' dir='ltr' id='par_1_109' title="bbox 166 5376 1656 5465">
     <span class='ocr_line' id='line_1_109' title="bbox 166 5376 1656 5465; baseline 0.009 -39"><span class='ocrx_word' id='word_1_782' title='bbox 166 5376 339 5459; x_wconf 68' lang='grc' dir='ltr'>λονθείν.</span> <span class='ocrx_word' id='word_1_783' title='bbox 370 5386 553 5453; x_wconf 82' lang='grc' dir='ltr'>Ἔγνω</span> <span class='ocrx_word' id='word_1_784' title='bbox 582 5384 671 5436; x_wconf 80' lang='grc' dir='ltr'>τὸν</span> <span class='ocrx_word' id='word_1_785' title='bbox 703 5385 863 5438; x_wconf 74' lang='grc' dir='ltr'>καλὸν</span> <span class='ocrx_word' id='word_1_786' title='bbox 892 5388 1120 5455; x_wconf 86' lang='grc' dir='ltr'>ποιμένα</span> <span class='ocrx_word' id='word_1_787' title='bbox 1156 5387 1214 5439; x_wconf 79' lang='grc' dir='ltr'>τὸ</span> <span class='ocrx_word' id='word_1_788' title='bbox 1252 5388 1538 5457; x_wconf 71' lang='grc' dir='ltr'>πρόϐατον,</span> <span class='ocrx_word' id='word_1_789' title='bbox 1565 5388 1656 5465; x_wconf 79' lang='grc' dir='ltr'>κἀὶ</span> 
     </span>
    </p>
   </div>
   <div class='ocr_carea' id='block_1_110' title="bbox 1761 5376 3310 5465">
    <p class='ocr_par' dir='ltr' id='par_1_110' title="bbox 1761 5385 3310 5461">
     <span class='ocr_line' id='line_1_110' title="bbox 1761 5385 3310 5461; baseline -0.005 -17"><span class='ocrx_word' id='word_1_790' title='bbox 1761 5404 2046 5459; x_wconf 83' lang='lat' dir='ltr'><strong>supernam</strong></span> <span class='ocrx_word' id='word_1_791' title='bbox 2069 5406 2131 5445; x_wconf 88' lang='lat' dir='ltr'><strong>ac</strong></span> <span class='ocrx_word' id='word_1_792' title='bbox 2152 5390 2427 5461; x_wconf 86' lang='lat' dir='ltr'><strong>mysticam</strong></span> <span class='ocrx_word' id='word_1_793' title='bbox 2450 5391 2679 5445; x_wconf 86' lang='lat' dir='ltr'><strong>festinus</strong></span> <span class='ocrx_word' id='word_1_794' title='bbox 2711 5388 3067 5445; x_wconf 82' lang='lat' dir='ltr'><strong>contendebat</strong></span> <span class='ocrx_word' id='word_1_795' title='bbox 3083 5385 3310 5438; x_wconf 90' lang='lat' dir='ltr'><strong>caulam.</strong></span> 
     </span>
    </p>
   </div>
   <div class='ocr_carea' id='block_1_111' title="bbox 167 5475 1716 5552">
    <p class='ocr_par' dir='ltr' id='par_1_111' title="bbox 167 5475 1655 5552">
     <span class='ocr_line' id='line_1_111' title="bbox 167 5475 1655 5552; baseline 0.006 -27"><span class='ocrx_word' id='word_1_796' title='bbox 167 5475 324 5548; x_wconf 64' lang='grc' dir='ltr'>σπονδῇ</span> <span class='ocrx_word' id='word_1_797' title='bbox 350 5481 449 5533; x_wconf 81' lang='grc' dir='ltr'><strong>τῶν</strong></span> <span class='ocrx_word' id='word_1_798' title='bbox 502 5478 799 5549; x_wconf 86' lang='grc' dir='ltr'>ἀλλοτρίων</span> <span class='ocrx_word' id='word_1_799' title='bbox 832 5481 1371 5552; x_wconf 85' lang='grc' dir='ltr'>ἀπαλλοτριούμενος,</span> <span class='ocrx_word' id='word_1_800' title='bbox 1400 5482 1466 5534; x_wconf 83' lang='grc' dir='ltr'><strong>δι’</strong></span> <span class='ocrx_word' id='word_1_801' title='bbox 1494 5483 1655 5535; x_wconf 79' lang='grc' dir='ltr'>αὑτοῦ</span> 
     </span>
    </p>
   </div>
   <div class='ocr_carea' id='block_1_112' title="bbox 1764 5475 3313 5552">
    <p class='ocr_par' dir='ltr' id='par_1_112' title="bbox 1764 5480 3313 5551">
     <span class='ocr_line' id='line_1_112' title="bbox 1764 5480 3313 5551; baseline -0.007 -12"><span class='ocrx_word' id='word_1_802' title='bbox 1764 5480 1879 5547; x_wconf 82' lang='lat' dir='ltr'><strong>Quo</strong></span> <span class='ocrx_word' id='word_1_803' title='bbox 1924 5481 2083 5537; x_wconf 88' lang='lat' dir='ltr'><strong>etiam</strong></span> <span class='ocrx_word' id='word_1_804' title='bbox 2148 5481 2371 5551; x_wconf 87' lang='lat' dir='ltr'><strong>posthac</strong></span> <span class='ocrx_word' id='word_1_805' title='bbox 2424 5488 2649 5540; x_wconf 85' lang='lat' dir='ltr'><strong>auctore</strong></span> <span class='ocrx_word' id='word_1_806' title='bbox 2700 5482 2928 5536; x_wconf 88' lang='lat' dir='ltr'><strong>salutem</strong></span> <span class='ocrx_word' id='word_1_807' title='bbox 2988 5483 3313 5531; x_wconf 78' lang='lat' dir='ltr'><strong>consecutus</strong></span> 
     </span>
    </p>
   </div>
   <div class='ocr_carea' id='block_1_113' title="bbox 225 5652 1721 5734">
    <p class='ocr_par' dir='ltr' id='par_1_113' title="bbox 225 5652 1721 5734">
     <span class='ocr_line' id='line_1_113' title="bbox 225 5652 1721 5734; baseline 0.003 -20"><span class='ocrx_word' id='word_1_808' title='bbox 225 5652 405 5715; x_wconf 70' lang='lat' dir='ltr'><strong>“Joan.</strong></span> <span class='ocrx_word' id='word_1_809' title='bbox 442 5663 585 5728; x_wconf 70' lang='lat'><strong>1,65.</strong></span> <span class='ocrx_word' id='word_1_810' title='bbox 648 5664 693 5695; x_wconf 83' lang='lat'>&quot;</span> <span class='ocrx_word' id='word_1_811' title='bbox 732 5661 798 5716; x_wconf 91' lang='lat' dir='ltr'><strong>lll</strong></span> <span class='ocrx_word' id='word_1_812' title='bbox 832 5663 961 5734; x_wconf 83' lang='lat' dir='ltr'><strong>Reg.</strong></span> <span class='ocrx_word' id='word_1_813' title='bbox 986 5682 1089 5732; x_wconf 75' lang='lat' dir='ltr'><strong>xu,</strong></span> <span class='ocrx_word' id='word_1_814' title='bbox 1131 5664 1219 5721; x_wconf 74' lang='lat'><strong>30.</strong></span> <span class='ocrx_word' id='word_1_815' title='bbox 1292 5664 1332 5696; x_wconf 76' lang='grc'><strong>⁷⁸</strong></span> <span class='ocrx_word' id='word_1_816' title='bbox 1365 5663 1517 5720; x_wconf 82' lang='lat' dir='ltr'><strong>Joan.</strong></span> <span class='ocrx_word' id='word_1_817' title='bbox 1553 5682 1607 5732; x_wconf 66' lang='grc' dir='ltr'>χ,</span> <span class='ocrx_word' id='word_1_818' title='bbox 1639 5666 1721 5723; x_wconf 73' lang='grc' dir='ltr'><strong>Η.</strong></span> 
     </span>
    </p>
   </div>
   <div class='ocr_carea' id='block_1_114' title="bbox 362 5747 1911 5839">
    <p class='ocr_par' dir='ltr' id='par_1_114' title="bbox 362 5756 966 5817">
     <span class='ocr_line' id='line_1_114' title="bbox 362 5756 966 5817; baseline 0.007 -4"><span class='ocrx_word' id='word_1_819' title='bbox 362 5756 622 5817; x_wconf 69' lang='grc' dir='ltr'>Ριτιιοι..</span> <span class='ocrx_word' id='word_1_820' title='bbox 672 5758 785 5817; x_wconf 73' lang='lat' dir='ltr'><strong>Gtt.</strong></span> <span class='ocrx_word' id='word_1_821' title='bbox 844 5756 966 5817; x_wconf 78' lang='lat' dir='ltr'><strong>CV.</strong></span> 
     </span>
    </p>
   </div>
   <div class='ocr_carea' id='block_1_115' title="bbox 1435 5747 2984 5839">
    <p class='ocr_par' dir='ltr' id='par_1_115' title="bbox 2953 5747 2984 5802">
     <span class='ocr_line' id='line_1_115' title="bbox 2953 5747 2984 5802; baseline 0 0"><span class='ocrx_word' id='word_1_822' title='bbox 2953 5747 2984 5802; x_wconf 81' lang='grc'>6</span> 
     </span>
    </p>
   </div>
  </div>
