3922 6314
531 405 533 407 .
631 355 723 420 171

1804 351 2091 416 NICETI’E
2125 352 2639 413 PAPHLAGONIS

3720 357 3814 421 172

625 468 966 538 sempiterna:
1018 466 1138 520 vitm
1183 478 1237 521 et
1309 482 1506 535 pascua
1586 467 1780 521 insedit
1831 449 1885 523 et
1937 467 2053 520 loca
2103 480 2159 519 se

2288 466 2419 537 πρὸς
2446 465 2543 535 τὴν
2573 465 2682 519 ἄνω
2711 465 2804 518 καὶ
2830 467 3092 538 μυστικὴν
3130 467 3382 535 ἠπείγετο
3410 467 3576 539 αὐλήν
3597 485 3613 500 ο
3644 470 3713 523 δι’
3758 462 3814 524 οὐ

625 561 844 632 desque.

674 742 796 798 Haec
819 743 1074 812 Philippi,
1103 758 1206 813 qua
1235 741 1557 811 discipulum
1588 742 1865 813 professus
1887 751 1985 801 est,
2013 755 2173 795 exor-

2277 557 2369 608 καὶ
2401 557 2589 619 σωθεὶς
2621 555 2756 625 μετὰ
2776 556 2964 618 ταῦτα,
2989 557 3094 610 τῶν
3132 557 3372 623 ἀειζώων
3407 559 3577 630 ἐπέϐη
3603 561 3705 614 καὶ
3734 579 3812 620 νο-

2279 645 2392 714 μῶν
2413 647 2505 698 καὶ
2533 645 2706 714 μονῶν

2343 735 2509 789 Τοῦτο
2537 736 2797 789 Φιλίππου
2851 737 3283 809 τῆςκμαθητείας
3331 740 3492 810 ἀρχή.
3539 741 3694 811 Αὕτη
3722 743 3815 812 τῆς

560 830 564 835 “
621 833 728 887 dia.
749 835 870 888 Haec
891 833 1351 887 vocationisillius
1402 848 1465 886 ac
1520 833 1802 888 electionis
1829 847 2010 886 causa.
2049 830 2164 885 Inde

2274 829 2436 882 αὐτοῦ
2482 830 2720 899 κλήσεως
2748 833 2840 884 καὶ
2885 832 3110 902 ἐκλογῆς
3158 834 3192 903 ἡ
3228 833 3499 898 ὑπόθεσις.
3540 835 3816 892 Ἐντεῦθεν

526 924 531 929 ’
626 923 723 975 toti
748 922 1037 976 crucifixus
1065 923 1287 985 mundo,
1314 922 1417 976 soli
1443 921 1685 975 conﬁxus
1700 921 1851 974 cruci
1875 927 1992 974 erat
2013 918 2172 973 Chri-

623 1020 706 1065 sto
726 1013 791 1065 ".
813 1012 1316 1080 Discipulorumque
1341 1012 1667 1080 primoribus
1699 1011 1775 1079 lac
1814 1010 1964 1064 chori
1986 1008 2174 1078 capiti-

623 1102 743 1164 bus,
771 1117 870 1155 ceu
895 1101 1007 1170 pari
1036 1102 1141 1156 illis
1162 1103 1366 1156 honore
1419 1087 1865 1165 succchturiatus,
1897 1101 1960 1155 ad
1999 1101 2171 1155 solum

622 1187 862 1258 Magistri
893 1199 1084 1241 nutum
1132 1203 1250 1241 sese
1284 1187 1629 1250 extendebat,
1677 1189 1795 1256 ejus
1847 1187 1962 1241 solo
1986 1202 2170 1240 amore

623 1280 927 1342 roboratus,
960 1288 1119 1347 atque
1148 1279 1213 1331 ad
1237 1279 1452 1332 virtutis
1479 1278 1731 1331 decorem
1771 1277 2054 1342 formatus,
2077 1293 2165 1331 re-

622 1371 820 1439 gnique
872 1369 1250 1439 mysteriorum
1300 1369 1497 1437 dignus
1533 1367 1751 1420 habitus
1789 1374 2028 1436 :quanta
2071 1367 2168 1420 de-

621 1475 769 1513 mum
802 1460 1034 1514 facultas
1063 1458 1236 1512 Verbo
1271 1465 1635 1511 sacro-sancte
1676 1456 1886 1511 doctori
1922 1457 2166 1522 vinctus,

619 1551 779 1620 eique
806 1551 1000 1605 similis
1019 1548 1265 1604 effectus.
1640 1567 1644 1572 σ

689 1641 800 1697 Nec
830 1641 944 1711 ipse
980 1640 1200 1710 quidem
1233 1653 1358 1694 eum
1411 1638 1461 1691 in
1496 1635 1715 1691 modum
1747 1636 1890 1690 bono
1917 1634 2165 1704 perfrue-

621 1730 815 1797 batur,
833 1730 1068 1800 idipsum
1093 1743 1219 1783 vero
1252 1727 1513 1798 proximis
1539 1726 1843 1781 occultabat
1879 1743 1891 1778 :
1923 1725 2015 1780 sed
2039 1740 2160 1782 cum

621 1823 764 1879 bono
786 1793 959 1877 vanimi
997 1793 1274 1892 proposito
1325 1835 1387 1875 ac
1415 1822 1694 1873 voluntate
1729 1819 1986 1889 praeclare
2030 1819 2170 1873 nite—
2195 1793 2242 1853 Β

620 1921 721 1978 ret,
755 1927 879 1968 cum
907 1912 1028 1966 aliis
1065 1925 1279 1988 quoque
1306 1905 1509 1964 bohum
1544 1909 1940 1974 communicat;
1977 1908 2166 1963 inven-

621 2015 782 2074 toque
804 2004 1040 2074 primum
1082 2001 1433 2065 Nathanaele,
1461 2001 1577 2071 ejus
1603 2000 1697 2069 qui
1715 2008 1977 2054 venturus
2003 2013 2167 2064 esset,

618 2096 909 2150 adventum
937 2093 1014 2147 illi
1035 2090 1322 2146 nuntiavit.
1358 2088 1480 2143 Non
1506 2090 1614 2155 iam
1636 2088 1879 2158 amplius,
1899 2089 2091 2159 inquit,
2114 2091 2169 2144 in

618 2205 706 2256 spe
724 2194 797 2239 est
818 2185 1028 2239 Israelis
1052 2182 1212 2237 salus.
1243 2179 1357 2235 Non
1377 2180 1601 2250 amplius
1623 2180 1759 2250 quod
1780 2180 2008 2233 nondum
2031 2196 2167 2249 prte-

617 2295 733 2331 sens
761 2279 994 2339 exsistat,
1027 2285 1278 2343 tanquam
1303 2276 1556 2342 futurum,
1579 2273 1785 2324 obscure
1811 2272 1974 2328 animi
2007 2271 2169 2324 ratio-

619 2370 764 2421 nibus
787 2374 1236 2436 reprtesentamns.
1267 2363 1422 2417 Adest
1443 2363 1688 2426 enim,,ac
1721 2377 1872 2430 quem
1898 2360 2022 2413 olim
2050 2378 2168 2415 ma-

616 2471 748 2530 gnus
797 2458 960 2513 Moses
1005 2466 1055 2509 et
1092 2456 1352 2526 prophetis
1391 2452 1573 2523 spiritu
1601 2451 1967 2520 praeciderunt,
2003 2459 2169 2505 extre-

619 2551 816 2618 misque
845 2546 1154 2616 temporibus
1195 2544 1382 2598 Israeli
1425 2541 1753 2595 Salvator-em
1809 2542 2166 2594 suscitandum

618 2640 989 2711 praedixerunt,
1015 2654 1128 2690 cum
1149 2636 1495 2689 invenerimus
1515 2632 1710 2704 (Iesum
1765 2632 1958 2693 scilicet
1993 2649 2025 2685 a
2055 2632 2166 2685 Na-

617 2732 816 2798 ται-θεὴ)
842 2730 1142 2792 eximiisque
1157 2727 1267 2799 ejus
1289 2724 1524 2795 operibus
1554 2723 1754 2776 inducti
1773 2721 2162 2785 crediderimus,

615 2837 732 2880 cum
763 2836 820 2872 eo
859 2799 1207 2870 lubentissime
1231 2814 1442 2877 morati,
1480 2815 1695 2881 ejusque
1720 2812 1800 2864 usi
1833 2809 2164 2864 contubernio

616 2928 795 2965 sumus
809 2909 874 2963 ⁷³.
898 2909 992 2963 His
1009 2910 1189 2976 itaque
1208 2906 1418 2976 penitus
1438 2901 2024 2970 sennonibuscaptum,
2043 2909 2164 2954 tan-

618 3018 776 3071 quam
798 2999 1226 3070 pulcherrimum
1252 3004 1502 3049 venatum
1525 3001 1685 3068 atque
1706 2991 1967 3061 opimum,
1988 2989 2161 3043 virum

615 3089 743 3143 Jesu
771 3084 1022 3150 adducit;
1057 3084 1266 3150 hocque
1300 3080 1534 3149 primum
1571 3077 1740 3131 animi
1771 3092 1900 3131 vere
1933 3073 2161 3144 impensi

617 3180 831 3250 pignus,
855 3191 918 3232 ac
940 3177 1161 3230 sincera:
1178 3173 1303 3225 ﬁdei
1319 3178 1525 3224 certum
1551 3175 1927 3238 argumentum
1946 3164 2161 3219 Christo
2191 3144 2233 3204 ο

562 3320 571 3329 .
616 3269 881 3333 exhibuit,
913 3280 1099 3321 verum
1137 3263 1283 3316 illum
1331 3261 1627 3315 lsraelitam
1673 3258 1907 3312 fructum
1935 3255 2133 3310 ferens.

682 3445 904 3503 Cunctis
932 3443 1096 3513 igitur
1115 3429 1370 3508 deinceps
1393 3437 1576 3508 gratiae,
1604 3435 1947 3492 sermonibus
1969 3449 2157 3490 aurem

618 3541 881 3609 praebens,
918 3535 1264 3600 omniumque
1285 3529 1399 3598 ipse
1426 3527 1600 3583 oculis
1632 3525 1960 3581 mirabilium
1986 3527 2165 3593 inspe-

617 3640 733 3684 ctor
752 3629 944 3690 iactus,
961 3638 1232 3680 sacrarum
1248 3620 1468 3691 quidem
1491 3617 1859 3674 doctrinarum
1875 3631 1997 3686 cpe,
2015 3615 2161 3669 omni

617 3720 761 3791 quod
791 3717 976 3788 dejicit
1023 3713 1382 3786 deprimitque
1428 3719 1591 3779 atque
1644 3707 1890 3781 infringit
1921 3707 2160 3761 animum

617 3811 966 3881 purgabatur,
998 3806 1281 3874 omnisque
1311 3801 1628 3872 ignorantia:
1654 3799 1881 3868 depulsa
1910 3798 2156 3868 caligine,

617 3899 811 3953 divinae
850 3896 1089 3950 scientia:
1116 3892 1473 3959 ctelestisque,
1501 3887 1775 3958 sapientiae
1825 3886 1946 3941 luce
1997 3885 2162 3955 proﬁ-

618 3991 786 4054 ciens,
818 3985 1101 4056 magniﬁce
1151 3981 1554 4046 illustrabatur;
1585 3980 1740 4034 novis
1767 3993 1894 4032 vero
1923 3992 1987 4032 ac
2009 3977 2161 4032 inau-

617 4081 743 4136 ditis
777 4077 1034 4148 operibus
1061 4075 1313 4130 roborata
1337 4072 1463 4134 ﬁde,
1485 4086 1548 4125 ac
1567 4071 1809 4140 quotidie
1837 4070 1893 4122 in
1914 4069 2158 4123 interiori

615 4179 903 4225 renovatus
948 4167 1167 4222 homine
1196 4174 1251 4220 et
1283 4162 1619 4217 confortatus
1670 4160 1725 4212 in
1779 4161 1956 4214 virum
1985 4159 2159 4229 perfe-

614 4272 781 4322 ctum,
820 4260 876 4313 in
906 4270 1212 4313 mensuram
1259 4252 1534 4308 crescebat
1589 4250 1761 4306 aetatis
1808 4249 2158 4319 plenitudinis

614 4349 814 4406 Christi
844 4341 915 4403 '9;

683 4440 917 4511 Hujusce
937 4436 1279 4508 perfectionis
1305 4443 1511 4489 certum
1539 4433 1816 4497 indicium,
1841 4441 2044 4487 sancta;
2067 4433 2152 4486 di-

613 4531 864 4586 lectionis
889 4526 1252 4588 conﬁrmatio,
1291 4540 1453 4594 quam
1483 4539 1706 4594 magnus
1745 4523 1837 4576 ille
1863 4523 2152 4590 Apostolus

613 4616 927 4695 perfectam,
961 4630 1196 4675 sanctam
1219 4618 1467 4688 Magistro
1490 4618 1776 4678 devorens,
1815 4631 1999 4683 parem
2029 4616 2153 4671 inde

577 4707 584 4712 ⁵
613 4732 852 4774 amorem
881 4715 1334 4783 consequebatur.
1383 4713 1657 4778 Quinimo,
1691 4712 1776 4763 illc
1818 4707 2033 4778 quidem
2064 4712 2154 4764 bo-

613 4824 808 4866 norum
863 4815 1070 4868 auctor,
1113 4820 1176 4859 ac
1229 4805 1320 4874 qui
1357 4813 1549 4858 natura
1594 4803 1810 4871 dilectio
1852 4801 1941 4866 sit,
1976 4804 2152 4856 omnis

514 4918 518 4920 '
613 4915 829 4969 semper
862 4896 1077 4951 virtutis
1106 4895 1438 4965 perfectione
1467 4893 1652 4963 pollet,
1693 4891 2002 4961 nullamque
2031 4895 2150 4962 ejus

613 5004 834 5062 prorsus
848 4995 941 5042 aut
956 4987 1363 5041 diminutionem
1385 4982 1619 5038 admittit
1637 4989 1727 5034 aut
1751 4982 2106 5036 intensionem
2134 5002 2148 5036 :

611 5092 666 5138 at
686 5081 779 5152 qui
807 5080 1207 5151 exercitationis
1235 5080 1405 5139 cultu,
1430 5076 1542 5130 sive
1576 5074 1874 5130 imitatione
1905 5076 1970 5129 ad
2005 5076 2148 5130 illam

538 5173 541 5175 ’
612 5173 917 5236 enituntur,
949 5186 1043 5240 pro
1069 5178 1216 5225 certa
1242 5167 1515 5237 profectus
1537 5179 1602 5218 ex
1631 5165 1890 5220 virtutum
1917 5166 2037 5219 luce
2064 5183 2149 5221 ra-

614 5267 782 5325 tione,
816 5261 976 5316 etiam
1007 5258 1352 5332 perfectionis
1381 5263 1655 5323 compotes
1685 5256 2021 5323 efﬁciuntur;
2054 5261 2146 5313 alii

613 5352 831 5420 quidem
881 5353 948 5408 ad
998 5353 1230 5405 filiorum
1283 5355 1443 5414 atque
1477 5345 1746 5401 hmredum
1790 5348 2148 5416 provehentes

613 5439 834 5493 classem
864 5457 928 5496 ac
950 5440 1296 5508 dignitatem;
1326 5435 1411 5487 alii
1437 5450 1586 5498 vero,
1615 5435 1874 5503 ﬁdelium,
1913 5439 2005 5508 qui
2029 5454 2147 5494 ser-

613 5530 699 5584 vis
749 5527 1099 5600 deputantur,
1129 5524 1504 5581 nanetscentes
1537 5530 1799 5582 ordinem.

679 5728 722 5761 ’τ
747 5729 917 5782 Galat.
960 5736 1018 5787 ll,
1051 5725 1132 5778 19.
1208 5726 1401 5782 “Joan
1443 5745 1501 5792 .l,
1536 5729 1621 5784 45.
1701 5729 1744 5761 ⁷⁸
1779 5728 1978 5798 Ephes.
2010 5744 2079 5790 ιν,
2097 5725 2190 5778 15.

2271 919 2375 988 ὅλῳ
2405 919 2796 989 σταυρούμενος
2836 921 2913 991 τῷ
2942 922 3146 992 κόσμῳ,
3205 923 3349 992 μόνῳ
3392 929 3818 997 συνεσταυροῦτο

2272 1010 2508 1080 Χριστῷ.
2537 1009 2643 1062 Καὶ
2661 1013 2772 1074 τοῖς
2789 1012 2894 1067 τῶν
2918 1013 3170 1084 μαθητῶν
3190 1015 3609 1085 κορυφαίοις,ὡς
3635 1019 3817 1087 ὁμότι-

2272 1117 2370 1168 μος
2398 1102 2836 1172 συντεταγμένος,
2863 1103 2996 1173 πρὸς
3028 1105 3190 1175 μόνην
3217 1105 3404 1159 ἑαυτὸν
3425 1107 3518 1160 τοῦ
3543 1109 3811 1163 Διδασκά-

2270 1191 2358 1244 λου
2384 1192 2648 1245 συνέτεινε
2668 1191 2766 1262 τὴν
2790 1195 2981 1263 ῥοπὴν,
3007 1196 3150 1265 μόνῳ
3181 1198 3368 1250 τούτου
3389 1196 3464 1267 τῷ
3493 1200 3644 1268 πόθῳ
3677 1204 3810 1268 ῥων-

2271 1283 2514 1353 νύμενος,
2536 1286 2629 1338 καὶ
2649 1285 2783 1354 πρὸς
2810 1286 2870 1338 τὸ
2895 1286 2991 1356 τῆς
3020 1287 3216 1358 ἀρετῆς
3245 1289 3434 1354 κάλλος
3459 1292 3813 1360 τυπούμενος.
3850 1345 3854 1350 _

2268 1379 2361 1426 καί
2397 1375 2503 1426 τῶν
2545 1375 2642 1445 τῆς
2693 1377 2962 1446 βασιλείας
3008 1379 3315 1449 μυστηρίων
3365 1381 3810 1451 καταειούμενος,

2268 1463 2360 1515 καὶ
2383 1463 2458 1532 τῷ
2482 1465 2822 1535 μυσταγωγῷ
2851 1464 3005 1536 Λόγῳ
3028 1466 3170 1522 κατὰ
3198 1467 3505 1539 τὸέιρικτὸν
3529 1471 3651 1524 ένού
3661 1488 3815 1543 μενος

2268 1552 2359 1603 καὶ⁵
2387 1550 2627 1622 ἑξομοιού
2636 1568 2815 1622 μενος.

2336 1642 2443 1706 καὶ
2467 1644 2567 1695 οὐκ
2593 1643 2753 1705 αὐτὸς
2801 1645 2900 1715 μὲν
2951 1643 3092 1698 οὕτω
3117 1648 3430 1719 κατετρύφα
3465 1651 3557 1704 τοῦ
3583 1650 3812 1720 ἀγαθοῦ,

2267 1731 2373 1786 ἀπὸ
2400 1733 2455 1786 δὲ
2486 1733 2593 1787 τῶν
2623 1733 2846 1806 πλησίον
2874 1737 3008 1792 αὐτὸ
3032 1739 3481 1812 παρεκαλύψατο·
3519 1746 3729 1812 ἀγαθὸς
3762 1747 3813 1800 δὲ

2273 1824 2464 1897 κομιδῇ
2490 1825 2588 1896 τὴν
2626 1826 2724 1896 τῆς
2746 1827 2923 1900 ψυχῆς
2949 1829 3200 1900 πρόθεσιν
3219 1829 3314 1899 ῶν,
3345 1834 3435 1887 καὶ
3460 1835 3595 1905 πρὸς
3625 1836 3813 1900 ἄλλους

2274 1917 2649 1970 κοινοποιεῑται
2683 1917 2744 1970 τὺ
2785 1916 2984 1986 ἀγαθόν
3005 1932 3021 1948 ⁶
3055 1919 3149 1974 καὶ
3192 1923 3402 1992 πρῶτον
3432 1924 3687 1996 εὑρηκὼς
3729 1927 3813 1979 τὸν

2273 1996 2583 2075 Ναθαναὴλ,
2628 2005 2725 2076 τὴν
2759 2009 3062 2077 παρουσίαν
3091 2012 3474 2082 εὐηγγελίσατο
3525 2015 3619 2068 τοῦ
3660 2017 3813 2087 ἔρχο-

2276 2095 2459 2164 am.
2505 2097 2731 2162 οὐκέτι,
2789 2100 2972 2169 φησιν,
3013 2106 3080 2155 ἐν
3118 2103 3356 2158 ἐλπίσιν
3392 2104 3472 2170 τῷ
3512 2106 3751 2175 Ἰσραὴλ
3777 2110 3812 2176 ἠ

2273 2189 2544 2256 σωτηρία.
2573 2189 2780 2244 Οὐκέτι
2829 2192 2895 2244 τὸ
2922 2194 3097 2262 μήπω
3138 2196 3350 2264 παρὸν,
3397 2199 3477 2262 ὡς
3526 2198 3816 2268 ἐσόμενον

2272 2279 2540 2347 ἀμυδρῶς
2587 2282 2710 2348 ταῖς
2762 2282 3022 2350 ἐννοίαις
3083 2287 3500 2358 φᾳνταζόμεθσ.
3558 2289 3812 2358 Πάροστι

2272 2368 2400 2437 γὰρ,
2429 2370 2544 2434 καὶ,
2583 2373 2688 2424 Ὀν
2729 2373 2911 2426 πάλαι
2942 2375 3158 2444 Μωσῆς
3189 2380 3221 2428 d
3244 2377 3430 2445 μόνας
3469 2376 3567 2432 καί
3594 2381 3650 2432 οι
3681 2393 3813 2445 προ-

2270 2458 2447 2527 φῆται
2476 2459 2556 2525 τῷ
2584 2463 2870 2530 πνεύματι
2887 2464 3261 2530 προείδοσαν,
3293 2467 3390 2519 καὶ
3421 2466 3513 2519 ἐπ’
3542 2467 3810 2535 ἐσχάτων

2270 2549 2510 2617 Σωτῆρα
2547 2550 2626 2615 τῷ
2654 2552 2894 2620 Ἰσραὴλ
2943 2555 3388 2622 ἀναστήσεσθαι
3426 2558 3810 2624 προείποσαν,

2268 2637 2479 2692 τοῦτον
2493 2644 2766 2708 εὑρόντες
2791 2644 2976 2712 ἡμεῖς,
3010 2645 3114 2697 τὸν
3140 2646 3255 2699 ἀπὸ
3274 2645 3523 2713 Ναζαρὲτ
3561 2647 3809 2714 Ἰησοῦν,

2270 2729 2475 2794 καὶτῷ
2516 2730 2633 2784 τῶν
2675 2732 2858 2801 ἔργων
2908 2735 3092 2790 αὐτοῦ
3133 2737 3596 2802 πεπιστευκότες
3621 2740 3809 2804 -ὑπερ-

2267 2821 2422 2889 ςρυεῐ,
2472 2821 2587 2890 τὴν
2626 2823 2753 2892 μετ’
2793 2825 2979 2879 αὐτοῦ
3026 2822 3406 2895 τρισάσμενοι
3447 2809 3808 2897 πεποιήμεθα

2268 2913 2645 2978 συνοίκησιν.
2675 2913 2895 2978 Τούτοις
2925 2918 3260 2986 κατακράτος
3306 2920 3418 2980 τοῖς
3444 2917 3622 2985 λόγοις
3654 2917 3807 2979 ἑλὼν,

2267 2999 2457 3074 ὥσπερ
2483 3002 2700 3074 θήραμα
2731 3003 3032 3068 κάλλιστον,
3069 3006 3333 3076 προσάγει
3377 3001 3454 3074 τῷ
3513 3007 3689 3077 Ἰησοῦ
3720 3010 3807 3060 τὸν

2268 3091 2466 3160 ἄνδραο
2493 3093 2586 3145 καὶ
2610 3092 2764 3147 τοῦτο
2811 3095 3022 3166 πρῶτον
3065 3098 3272 3159 εὐνοίας
3317 3098 3569 3167 ἐνέχυρον
3617 3097 3804 3168 ἀληθι-

2264 3184 2379 3249 νῆς,
2411 3183 2502 3234 καὶ
2529 3180 2810 3257 γνώρισμα
2854 3185 3088 3248 πίστεως
3123 3187 3442 3258 εἰλικρινοῦς
3469 3189 3710 3258 παρέσχε
3732 3186 3806 3256 τῷ

2262 3273 2498 3344 Χριστῷ,
2526 3274 2617 3326 τὸν
2654 3274 2899 3346 ἀληθινὸν
2922 3276 3129 3329 ἐκεῖνον
3168 3277 3503 3349 Ἶσραηλίτην
3527 3295 3800 3351 καρποφο-

2263 3381 2390 3434 ρων.

2331 3457 2498 3509 Πᾶσιν
2528 3456 2621 3511 οῦν
2669 3457 2899 3527 καθεξῆς
2935 3461 3046 3522 τοῖς
3093 3459 3272 3527 λόγοις
3312 3463 3411 3532 τῆς
3439 3461 3660 3532 χάριτος
3706 3464 3802 3517 ύπ-

2261 3545 2398 3618 έχων
2426 3548 2486 3601 τὸ
2516 3547 2605 3624 οῦς
2625 3564 2640 3579 ·
2679 3550 2950 3620 αὐτόπτης
2981 3551 3039 3605 δὲ
3067 3552 3160 3605 καὶ
3188 3553 3298 3608 τῶν
3331 3553 3647 3623 θαυμασίων
3674 3557 3802 3610 πάν-

2258 3656 2366 3692 των
2413 3640 2722 3706 καθεστὼς,
2789 3644 2909 3706 ταῖς
2952 3643 3121 3713 ίεραῖς
3180 3645 3279 3713 μὲν
3334 3645 3575 3716 διδαχαῖς
3605 3647 3801 3714 πάσης

2262 3732 2551 3802 μειωτίκῆς
2574 3731 2812 3800 ύφέσεως
2827 3733 3210 3805 ἀνεκαθαίρετο
3232 3751 3245 3765 ·
3264 3735 3356 3788 καὶ
3377 3739 3559 3808 πάσης
3582 3739 3801 3807 ἀγνοίας

2258 3823 2754 3892 ἀποσκευαζόμενος
2773 3824 2869 3895 τὴν
2891 3826 3078 3896 ἀχλὺν,
3105 3827 3241 3895 φωτὶ
3271 3826 3399 3898 θείῳ
3422 3830 3682 3896 γνώσεως
3709 3828 3798 3881 καὶ

2257 3913 2510 3985 οὐρανίας
2569 3915 2759 3982 σοφίας
2825 3907 3146 3987 προκόπτων
3212 3906 3609 3985 καταλάμπετο.
3679 3920 3798 3980 Τοῖς

2259 4003 2577 4073 παραδόξοις
2603 4003 2658 4056 δὲ
2686 4004 2794 4059 τῶν
2816 4005 2989 4077 ἔργων
3034 4006 3127 4076 τὴν
3173 4008 3356 4060 πίστιν
3385 4007 3794 4078 βεϐαιούμενος,

2256 4092 2519 4160 ὁσημέραι
2564 4091 2619 4144 δὲ
2653 4094 2747 4146 καὶ
2778 4093 2867 4147 τόν
2909 4093 3057 4157 ἐντὸς
3089 4095 3366 4164 ἄνθρωπον
3406 4097 3797 4165 ἀνακαινούμε·

2259 4199 2344 4245 νος
2376 4184 2463 4236 καὶ
2489 4184 2928 4254 κραταιούμενος,
2949 4188 3027 4248 εἰς
3063 4186 3230 4257 ἄνδρα
3252 4185 3471 4250 τέλειον,
3497 4190 3576 4251 εἰς
3603 4190 3796 4259 μέτρον

2257 4271 2466 4340 ἡλικίας
2502 4272 2595 4325 τοῦ
2625 4273 3159 4344 πληρώματοςιάνῄει
3190 4275 3443 4345 Χριστοῦ,

2325 4450 2534 4520 Ταύτης
2587 4451 2879 4520 τεκμήριον
2927 4451 3025 4519 τῆς
3058 4450 3411 4519 τελειότητος,
3443 4452 3600 4521 ήτῆς
3641 4450 3794 4519 ἁγίας

2254 4543 2578 4610 κραταίωσις
2606 4543 2843 4611 ἀγάπης,
2873 4543 2940 4611 ἢν
2967 4541 2995 4610 ό
3026 4542 3198 4610 μέγας
3236 4543 3440 4604 ἐκεῖνος
3481 4541 3793 4602 Ἀπόστολος

2249 4632 2471 4692 τελείαν,
2531 4631 2692 4698 ἁγίαν
2739 4629 3126 4700 ἀφιερούμενος
3182 4626 3259 4697 τῷ
3313 4627 3649 4699 Διδασκάλῳ,
3701 4627 3791 4697 τὴν

2251 4721 2371 4788 ίσην
2396 4720 2599 4773 ἐκεῖθεν
2631 4718 3025 4788 ἀντελάμϐανεν
3048 4732 3061 4744 ·
3116 4716 3315 4784 μᾶλλον
3361 4717 3437 4779 δὲ,
3464 4718 3492 4769 ό
3537 4717 3636 4785 μὲν
3666 4718 3792 4784 ἀγα⁹

2250 4812 2483 4881 Θοδότης,
2509 4812 2599 4865 καὶ
2629 4811 2812 4880 ἀγάπη
2844 4809 2980 4862 κατὰ
3009 4807 3165 4876 φύσιν
3187 4805 3283 4870 ὢν,
3305 4808 3390 4860 ἀεὶ
3420 4808 3476 4860 ὲν
3500 4808 3788 4879 τελειότητι

2249 4903 2426 4972 πάσης
2456 4904 2600 4955 ἐστὶν
2623 4903 2840 4972 ἀρετῆς,
2880 4900 2992 4952 οὐθ’
3017 4899 3206 4967 ὕφεσιν
3233 4900 3389 4963 ὅλως,
3417 4898 3528 4952 οὐτ’
3555 4899 3648 4952 οὖν
3677 4898 3788 4951 ἐπί-

2249 5009 2402 5045 τασιν
2428 4992 2813 5062 προσιέμενος·
2846 4991 2895 5043 oi
2927 4991 3060 5060 πρὸς
3080 4989 3241 5042 αὐτὸν
3272 4989 3328 5041 δὲ
3371 4988 3439 5041 δι’
3486 4978 3784 5058 ἀσκήσεως,

2249 5083 2368 5153 ἢτοι
2424 5083 2702 5152 μιμήσεως
2754 5080 3167 5149 ἀνατεινόμενοι,
3221 5079 3338 5131 κατ’
3369 5078 3655 5146 ἀναλογίαν
3697 5077 3790 5145 τῆς

2251 5175 2338 5226 διὰ
2387 5174 2493 5226 τῶν
2542 5171 2750 5238 ἀρετῶν
2802 5170 3107 5241 προκοπῆς,
3166 5169 3262 5223 καὶ
3312 5168 3412 5239 τῆς
3463 5170 3789 5238 τελειότητος

2250 5261 2726 5330 κατευοτοχοῦσιν·
2781 5264 2828 5314 οἱ
2881 5262 3009 5332 μὲν,
3041 5263 3116 5324 είς
3147 5261 3280 5314 υἱῶν
3307 5264 3399 5314 καὶ
3445 5243 3786 5332 κληρονόμων

2249 5352 2482 5412 ἀνιόντες
2519 5351 2699 5417 τάξιν·
2735 5356 2783 5406 οἱ
2821 5353 2896 5416 δὲ,
2949 5353 3027 5414 είς
3069 5347 3269 5408 δούλων
3311 5353 3677 5416 καταντῶντες
3702 5367 3781 5403 πιο

2250 5459 2404 5494 στων.
2759 5468 2763 5471 ’
