3922 6314
636 339 734 448 175

1816 386 2105 448 NICET/E
2143 387 2654 448 PAPHLAGONIS

3724 391 3823 454 176

623 498 716 565 qui
755 494 824 549 ad
852 506 1017 551 vitam
1048 505 1202 550 erant
1251 496 1508 561 ordinati,
1540 511 1678 551 verre
1711 495 1835 550 vitae
1876 511 1976 565 per
2017 495 2178 550 ﬁdem

2290 498 2367 548 τὸν
2424 497 2578 565 λόγον
2626 496 3104 567 εὐαγγελιζόμενος
3140 497 3238 568 τῆς
3292 498 3472 569 ζωῆςο
3517 498 3718 562 πάντας
3769 501 3824 551 δὲ

621 587 949 652 concilians;
1015 595 1309 656 captosque
1342 601 1531 641 omnes
1554 601 1583 640 a
1620 584 1859 652 diabolo,
1917 585 2171 639 innume-

633 680 817 748 risque
850 679 1125 734 erroribus
1157 695 1218 733 ac
1239 678 1648 745 seductionibus
1679 676 1919 746 perditos
1963 680 2176 746 sapien-

624 771 713 824 tiae
741 770 936 823 divinae
981 769 1319 822 sermonibus
1366 767 1830 836 hortamentisque
1877 767 2173 835 captivans,

622 875 685 913 ac
712 860 1132 928 regenerationis
1154 875 1292 928 aqua
1313 858 1633 922 emundans,
1659 856 1950 928 gratiaeque
1969 855 2175 926 Spiritu

621 950 928 1003 illuminans
971 959 1131 1019 atque
1162 965 1564 1013 eonsummans,
1598 949 1671 1002 ita
1700 948 1958 1003 nimirum
2006 947 2173 1010 Patri,

623 1042 716 1109 qui
746 1042 801 1094 in
825 1040 977 1095 caelis
1003 1050 1102 1104 est,
1133 1040 1273 1094 ﬁlios
1301 1041 1608 1110 adoptabat.
1648 1039 1888 1094 Cunctos
1917 1053 2047 1092 vero
2082 1038 2176 1106 qui

621 1131 783 1184 variis
810 1129 1150 1198 passionibus
1179 1145 1274 1183 seu
1325 1129 1530 1183 morbis
1563 1129 1907 1194 tenebantur,
1947 1137 2040 1183 aut
2077 1129 2178 1184 ob-

624 1222 760 1275 sessi
788 1237 820 1275 a
860 1221 1200 1276 daemonibus
1230 1230 1405 1284 erant,
1439 1229 1532 1274 aut
1563 1220 1757 1290 quovis
1798 1220 1904 1274 alio
1951 1220 2176 1275 sinistro

621 1327 750 1367 casu
768 1311 1184 1377 alﬁictabantur,
1207 1312 1457 1381 maleque
1479 1311 1772 1376 habebant,
1792 1311 1907 1366 solo
1928 1326 2178 1367 sermone

621 1418 683 1458 ac
712 1417 876 1457 saeue
901 1418 1092 1459 manus
1143 1411 1396 1458 contactu
1439 1401 1684 1457 sanabat.
1718 1403 1795 1456 Ac
1825 1401 2042 1471 quidem
2071 1402 2182 1471 8ρὶ-

623 1499 767 1552 ritali
811 1499 1039 1562 ratione,
1096 1498 1574 1568 inaspectabilium
1607 1499 1847 1576 hostium
1881 1500 2044 1555 facies
2077 1515 2180 1554 cae-

627 1585 784 1648 dens,
818 1599 913 1639 eos
940 1576 1218 1651 elidebat;
1249 1585 1314 1640 ad
1347 1601 1565 1641 sensum
1598 1595 1800 1653 autem,
1828 1602 1967 1657 quos
1986 1587 2063 1640 illi
2091 1602 2180 1641 se-

622 1672 886 1725 duxerant
897 1686 1145 1750 arguens,
1160 1671 1464 1742 increpans,
1479 1672 1770 1728 obsecrans
1784 1673 1852 1737 ",
1870 1673 2176 1744 magniﬁca,

622 1763 1003 1832 praedicatione
1067 1763 1546 1833 prodigiorumque
1621 1763 1907 1834 stupendis
1995 1764 2181 1834 operi-

2278 587 2402 649 τοὺς
2431 588 2508 648 εἰς
2538 587 2678 656 ζωὴν
2705 587 3084 657 τεταγμένους,
3107 590 3172 658 τῇ
3208 587 3432 658 ἀληθινῇ
3463 586 3551 642 διὰ
3594 589 3826 648 πίστεως

2280 679 2568 747 προσάγων
2601 679 2711 749 ζωῇ
2734 695 2747 708 ·
2783 679 2876 732 καὶ
2906 680 3107 742 πάντας
3141 681 3239 748 μὲν
3288 679 3700 750 ὲζωγρημένους
3722 682 3826 733 ὑπὸ

2279 767 2370 820 τοῦ
2402 768 2673 831 διαϐόλου,
2705 769 2796 820 καὶ
2833 769 3044 837 μυρίαις
3076 771 3311 832 ἀπάταις
3367 770 3460 822 καὶ
3489 770 3714 833 πλάναις
3738 771 3824 836 ἐξ·

2281 860 2637 924 απολωλότας,
2684 859 2858 927 λόγοις
2906 860 3090 927 σοφίας
3145 860 3276 912 Θεοῦ
3324 860 3416 914 καὶ
3448 860 3828 930 παραινέσεσιν

2281 950 2709 1019 αἰχμαλωτίζων,
2746 951 2836 1003 καὶ
2865 949 2941 1020 τῷ
2972 951 3070 1020 τῆς
3101 950 3515 1018 παλιγγενεσίας
3561 951 3710 1004 ὕδατι
3735 969 3829 1022 κια-

2283 1038 2502 1108 θαίρων,
2533 1039 2629 1091 καὶ
2679 1037 2755 1107 τῷ
2781 1039 2880 1106 τῆς
2913 1041 3130 1109 χάριτος
3172 1039 3437 1109 πνεύματι
3465 1040 3711 1115 φωτίζων
3740 1042 3828 1092 καὶ

2281 1127 2814 1198 τελετουργούμενος,
2841 1126 2980 1182 οὕτω
3008 1130 3071 1199 δὴ
3092 1129 3169 1198 τῷ
3195 1130 3252 1181 ἐν
3271 1131 3380 1192 τοῖς
3394 1130 3640 1194 οὐρανοῖς
3668 1129 3832 1180 υἱοθε-

2283 1223 2425 1272 τεῖτο
2457 1213 2651 1289 Πατρί.
2683 1220 2893 1283 Πάντας
2921 1220 2976 1272 δὲ
3001 1221 3125 1284 τοὺς
3154 1220 3258 1273 ὑπὸ
3301 1221 3557 1274 ποικίλων
3585 1221 3830 1284 ἐξεταζο-

2287 1311 2475 1379 μένους
2501 1310 2686 1363 παθῶν
2715 1311 2747 1382 ἢ
2791 1311 2960 1365 νόσων
2988 1310 3428 1382 πειραζομένους,
3477 1311 3510 1381 ἢ
3539 1311 3831 1381 δαιμονίων

2285 1405 2830 1475 παρενοχλουμένους,
2860 1405 2893 1476 ἢ
2927 1407 3032 1476 ὅτῳ
3085 1403 3178 1458 οὖν
3213 1403 3431 1474 πονηρῷ
3463 1404 3831 1474 κακουμένους

2285 1497 2667 1565 συναντήματι,
2694 1493 2836 1566 λόγῳ
2855 1495 2998 1566 μόνῳ
3025 1494 3118 1549 καλ⁵
3141 1493 3320 1566 χειρὸς
3345 1495 3492 1565 ἱερᾶς
3507 1493 3833 1564 ἐθεράπευεν

2285 1587 2488 1658 ἐπαφῇ.
2517 1586 2625 1638 Καὶ
2653 1584 2855 1656 νοητῶς
2889 1585 3005 1656 μὲν,
3041 1585 3149 1638 τῶν
3192 1585 3436 1654 ἀοράτων
3464 1585 3533 1636 τά
3571 1585 3833 1654 πρόσωπα

2288 1677 2531 1747 ῥαπίζων
2577 1676 2950 1748 κατέρρασσεν
2987 1675 3224 1747 ἐχθρῶν·
3275 1674 3543 1746 αἰσθητῶς
3581 1675 3638 1727 δέ
3661 1715 3676 1738 ,
3709 1676 3833 1737 τοὺς

2287 1769 2378 1822 ὐπ’
2409 1759 2655 1822 ’ἐκείνων
2718 1767 3135 1836 πλανωμένους,
3191 1765 3464 1835 ἐλέγχων,
3533 1765 3830 1824 νουθετῶν,

624 1855 745 1919 bus,
761 1853 826 1907 ad
850 1842 1178 1924 agnitionem
1200 1855 1440 1909 veritatis
1459 1855 1716 1924 paulatim
1746 1853 2046 1909 adducebat
2069 1855 2147 1887 θ’*
2171 1868 2183 1905 :

2291 1860 2641 1931 παρακαλῶν,
2690 1863 2757 1931 τῇ
2795 1859 3163 1930 μεγαληγορίᾳ
3218 1857 3311 1912 τοῦ
3343 1859 3697 1929 κηρύγματος
3744 1859 3834 1909 καὶ

622 1945 1040 2015 sacerdotesque
1099 1959 1163 2000 ac
1217 1947 1478 2016 praesules
1537 1946 1787 2001 ﬁdelibus
1863 1945 2183 2016 praeﬁciens,

623 2035 754 2104 quin
774 2042 832 2089 et
845 2050 942 2104 per
957 2034 1075 2090 loca
1087 2034 1318 2088 Domino
1339 2036 1524 2090 altaria
1540 2045 1844 2101 exstruens,
1866 2050 2188 2104 sacrumque

623 2137 938 2181 sanctorum
999 2126 1382 2198 mysteriorum
1451 2127 1618 2180 ritum
1680 2125 1921 2191 tradens,
1976 2140 2189 2180 necnon

623 2218 1011 2288 evangelicum,
1046 2216 1223 2287 quoad
1254 2218 1463 2283 liceret,
1512 2219 1593 2272 eis
1638 2218 1813 2288 legem
1832 2217 2187 2280 constituens,

625 2310 680 2363 in
702 2323 826 2383 eum
856 2307 1078 2368 modum
1101 2305 1334 2377 duplicis
1351 2316 1538 2385 auctor
1562 2307 1811 2363 beneﬁcii
1836 2308 2055 2378 (corpus
2078 2307 2183 2362 sci-

625 2396 751 2450 licet
800 2393 1132 2449 demerendo
1179 2402 1338 2465 atque
1388 2395 1650 2464 animum)
1711 2393 1794 2448 vir
1842 2393 2190 2449 beatissimus

625 2485 970 2541 credentibus
993 2493 1133 2538 erat.

694 2787 1159 2857 Quemadmodum
1221 2796 1402 2840 autem
1462 2788 1652 2856 ingens
1711 2799 1913 2856 sagena
1942 2801 1998 2840 tn
2042 2800 2190 2840 mare

629 2880 810 2940 missa.
850 2887 1053 2949 quanto
1083 2878 1315 2949 amplius
1337 2879 1491 2948 aquis
1515 2878 1855 2942 immoratur,
1889 2885 2040 2932 tanto
2072 2891 2192 2930 ma-

625 2970 795 3041 iorem
833 2970 1061 3038 piscium
1091 2970 1299 3040 copiam
1335 2969 1499 3024 trahit
1530 2969 1609 3034 ⁸³;
1635 2968 1715 3022 sic
1753 2966 1945 3036 utique
1967 2982 2194 3037 magnus

626 3062 906 3130 Philippus
924 3075 1094 3117 annos
1114 3049 1420 3130 complures
1444 3075 1566 3114 cum
1589 3058 1871 3129 gentilium
1891 3057 2075 3112 multis
2101 3072 2196 3126 po-

625 3153 768 3222 pulis
794 3160 1059 3214 versatus,
1091 3151 1248 3220 longe
1265 3149 1558 3205 confertam
1583 3148 2185 3203 multitudinemeorum
2212 3167 2256 3225 ε

628 3241 814 3306 trahit,
869 3241 963 3310 qui
1027 3240 1170 3294 illius
1217 3254 1380 3309 opera
1426 3253 1625 3292 nomen
1698 3237 1917 3292 Christo
1972 3237 2184 3291 darent.

629 3332 868 3388 Decebat
899 3341 1100 3394 autem,
1141 3338 1199 3385 ut
1258 3337 1510 3398 tanquam
1537 3327 1771 3397 Spiritus
1800 3341 2014 3396 sagena,
2067 3340 2192 3378 san-

628 3423 840 3480 ctorum
885 3423 1200 3493 angelorum
1230 3422 1500 3483 manibus,
1525 3420 1675 3474 velut
1719 3435 1786 3473 ex
1806 3418 1940 3471 mari
1964 3417 2019 3470 in
2041 3417 2193 3470 littus

631 3499 709 3589 (in
753 3519 1029 3572 celestem
1067 3516 1275 3570 scilicet
1319 3512 1630 3581 stationem)
1671 3511 1918 3573 eductus,
1963 3513 2010 3565 si
2061 3509 2191 3578 quid

575 3645 583 3656 ι
631 3609 909 3664 Dominica
945 3607 1222 3677 indignum
1251 3620 1436 3660 mensa
1458 3604 1535 3658 illi
1557 3617 1740 3658 eomes
1766 3610 1929 3666 esset,
1960 3601 2013 3654 id
2062 3615 2193 3654 vero

631 3701 937 3771 abjiceret;
996 3697 1257 3768 quidquid
1325 3704 1504 3750 autem
1553 3695 1756 3749 bonum
1801 3702 1857 3747 et
1903 3692 2192 3762 pulchrum

632 3809 696 3846 ac
731 3792 1036 3860 pretiosum
1083 3789 1248 3853 esset,
1299 3787 1634 3858 Regiglorlm
1670 3800 1793 3840 cum
1851 3783 2060 3837 honore
2110 3781 2191 3836 of-

633 3883 817 3938 ferret.

705 3976 771 4029 At
817 3975 1064 4042 quisnam
1121 3971 1363 4042 Apostoli
1417 3969 1762 4023 resolutionis
1811 3967 2046 4021 modus?
2098 3966 2193 4020 Est

635 4064 876 4134 Phrygia:
900 4063 1032 4116 urbs
1048 4077 1238 4129 magna
1260 4070 1421 4130 atque
1442 4060 1689 4123 illustris,
1720 4074 1882 4128 opum
1903 4057 2188 4111 abundan-

635 4156 708 4210 tia
735 4153 1026 4224 gloriazque
1057 4151 1270 4221 fastigio
1313 4152 1547 4220 superba
1577 4148 1923 4220 (Hierapolim
1948 4146 2189 4214 vocant),

635 4247 836 4302 civium
867 4245 1061 4300 robore
1083 4260 1147 4299 ac
1178 4244 1553 4308 multitudine,
1575 4243 1710 4316 nulli
1763 4241 1902 4294 forte
1930 4247 2059 4292 tunc
2079 4253 2191 4290 ma-

635 4351 862 4407 gnarum
889 4350 986 4404 per
1006 4333 1282 4389 Orientem
1317 4333 1698 4402 metropolewn
1731 4330 1932 4400 primas
1969 4327 2188 4382 cedens.

635 4423 717 4479 Ad
767 4424 908 4478 hanc
967 4438 1193 4494 magnus
1234 4423 1516 4492 Philippus
1587 4429 1709 4496 post
1753 4419 1939 4489 longos
1978 4417 2188 4470 viarum

2285 1955 2401 2016 ταῖς
2419 1953 2526 2007 τῶν
2573 1953 2816 2022 τεράτων
2849 1951 3266 2021 μεγαλουργίαις
3319 1949 3564 2014 ἐξιστῶν,
3596 1951 3675 2011 εἰς
3713 1948 3833 1999 ἐπί-

2285 2060 2483 2112 γνωσιν
2521 2038 2622 2114 ἦγε
2657 2043 2794 2096 κατὰ
2834 2043 3026 2113 μικρὸν
3067 2042 3167 2110 τῆς
3222 2041 3497 2112 ἀληθείας.
3549 2041 3735 2109 Ὶερεῖς
3782 2041 3833 2093 δὴ

2285 2135 2380 2186 καὶ
2413 2134 2668 2203 ίεράρχας
2709 2135 2822 2194 τοῖς
2861 2135 3066 2195 πιστοῖς
3108 2130 3402 2198 καθιστῶν,
3431 2132 3526 2184 καὶ
3549 2130 3835 2199 θυσιαστή⁸

2290 2243 2377 2295 ρια
2409 2225 2464 2278 δέ
2494 2226 2632 2278 κατὰ
2669 2226 2868 2287 τόπους
2915 2223 3102 2298 κυρίῳ
3151 2222 3714 2291 κατασκευαζόμενος,
3745 2224 3834 2273 καὶ

2285 2317 2382 2388 τὴν
2433 2319 2582 2390 ἱερὰν
2625 2319 2734 2370 τῶν
2763 2316 2932 2385 ἁγίων
2986 2315 3296 2386 μυστηρίων
3330 2313 3652 2384 παραδιδοὺς
3697 2314 3834 2365 τελε-

2289 2410 2541 2478 τουργίαν
2575 2408 2683 2478 (55)
2713 2424 2726 2438 ο
2759 2407 2963 2461 καὶτὸν
3007 2405 3356 2473 εὐαγγελικδν
3402 2406 3562 2474 νόμον
3585 2403 3660 2467 ὡς
3690 2404 3834 2472 θεμι·

2287 2499 2376 2552 τὸν
2411 2499 2592 2562 αὐτοῖς
2631 2499 3016 2568 διατιθέμενος,
3066 2496 3208 2549 οὕτω
3257 2495 3447 2565 διπλῆς
3475 2497 3647 2557 αῐτιος
3681 2496 3829 2564 εὐερ-

2288 2591 2492 2656 γεσίας,
2525 2589 2840 2660 σωματικῆς
2878 2605 2937 2640 τε
2971 2587 3062 2640 καὶ
3090 2587 3346 2657 ψυχικῆς,
3370 2587 3397 2638 ὀ
3423 2585 3832 2656 μακαριώτατος

2289 2686 2398 2746 τοῖς
2421 2682 2732 2736 πιστεύουσι
2768 2681 3082 2736 καθίστατο.

2360 2776 2568 2844 Ὠσπερ
2597 2774 2653 2825 δὲ
2684 2774 2891 2843 σαγήνη
2919 2773 3125 2842 μεγάλη
3157 2771 3451 2840 καθιεμένη
3480 2772 3545 2840 τῇ
3571 2769 3830 2836 θαλάσσῃ,

2288 2867 2397 2938 ὅσῳ
2449 2863 2609 2918 πλέον
2666 2864 2966 2934 ἐγχρονίζει
3019 2866 3130 2926 τοίς
3178 2861 3350 2929 ὕδασι,
3387 2861 3622 2931 τοσούτῳ
3670 2862 3834 2913 πλείω

2290 2958 2385 3013 καὶ
2415 2959 2510 3029 τὴν
2565 2957 2673 3012 ἀπὸ
2722 2957 2828 3009 τῶν
2891 2955 3084 3025 ἰχθύων
3141 2954 3423 3023 ἐφέλκεται
3484 2953 3830 3022 περιουσίαν·

2291 3049 2460 3113 οὕτως
2484 3051 2511 3103 ὁ
2543 3049 2714 3118 μέγας
2755 3045 3069 3109 ’Δπόστολος
3098 3047 3190 3098 ἐπὶ
3235 3045 3442 3115 χρόνοις
3477 3046 3684 3098 πλείοσι
3713 3043 3834 3096 πολ-

2290 3141 2398 3205 λοῖς
2432 3141 2639 3194 ἔθνεσιν
2675 3138 3110 3208 ἐμϐεϐλημένος,
3157 3137 3322 3188 πολὺν
3363 3137 3445 3189 ὃτι
3491 3134 3725 3205 μάλιστα
3773 3136 3834 3187 δι’

2289 3231 2451 3286 αὐτοῦ
2486 3230 2704 3300 Χριστῷ
2759 3229 3117 3282 πιστευόντων
3144 3227 3488 3279 ἐπεσπάσατο
3531 3243 3835 3295 περιουσια·

2291 3325 2446 3394 σμόν.
2481 3323 2628 3375 Ἔδει
2651 3322 2706 3374 δέ
2731 3319 2924 3374 τοῦτον
2971 3314 3058 3372 οἶα
3093 3320 3331 3388 σαγήνην
3376 3319 3502 3371 ὄντα
3540 3319 3632 3370 τοῦ
3675 3319 3835 3371 Uvas-

2292 3430 2478 3484 ματος,
2512 3411 2697 3481 χερσὶν
2749 3408 2992 3477 ἀγγέλων
3031 3407 3199 3475 ἁγίων
3231 3406 3416 3477 ὥσπερ
3452 3408 3516 3459 ἐκ
3571 3406 3833 3474 θαλάττης

2291 3507 2369 3566 είς
2418 3502 2680 3571 αἰγιαλὸν,
2731 3501 2822 3553 τὸν
2848 3499 3090 3570 οὐράνιον
3141 3498 3312 3569 χῶρον
3359 3496 3831 3565 ἀναὸιῦαξόμενον,

2290 3593 2637 3647 ἀποτίθεσθαι
2671 3592 2790 3660 μὲν,
2839 3591 2970 3642 εἴτι
3025 3589 3125 3658 τῆς
3180 3587 3518 3655 Δεσποτικῆς
3564 3588 3835 3657 τραπέζης

2291 3685 2506 3751 ἀνάξιον
2537 3681 2970 3753 ἐπηκολούθησεν
2991 3697 3005 3710 ο
3032 3681 3151 3734 ὅσον
3172 3679 3229 3733 δὲ
3253 3679 3412 3733 καλόν
3439 3696 3496 3730 τε
3522 3680 3612 3732 καὶ
3633 3680 3832 3747 τίμιον,

2294 3774 2430 3846 μετὰ
2455 3774 2618 3844 τιμῆς
2645 3773 2720 3843 τῷ
2745 3773 2844 3841 τῆς
2871 3773 3024 3842 δόξης
3059 3770 3457 3842 προσφέρεσθαι
3497 3768 3736 3822 Βασιλεῖ.

2371 3950 2533 4003 Ἀλλὰ
2561 3966 2645 4010 τις
2675 3963 2704 3999 ο
2751 3947 2848 4018 τῆς
2879 3946 3185 4008 ἀναλύσεως
3217 3946 3310 3999 τοῦ
3349 3946 3670 4000 ’Δποστόλου
3719 3945 3833 4016 τρό-

2292 4059 2432 4107 πος;
2471 4043 2627 4095 Ἔστι
2673 4040 2830 4102 ,πόλις
2881 4041 3019 4092 κατᾶ
3061 4038 3156 4107 τὴν
3187 4037 3421 4106 Φρυγίαν
3483 4036 3693 4106 μεγάλη
3747 4038 3834 4089 καὶ

2290 4130 2610 4202 περιφανὴς,
2645 4128 2872 4180 πλούτου
2900 4127 3179 4197 περιουσίᾳ
3213 4126 3306 4179 καὶ
3338 4125 3494 4196 δόξης
3529 4127 3834 4195 καυχήματι

2289 4221 2633 4291 γαυρουμένη
2687 4218 2862 4288 πολλῷ
2887 4233 2900 4246 ·
2970 4217 3266 4286 Ἰεράπολις
3319 4215 3487 4286 ὄνομα
3537 4219 3602 4285 τῇ
3664 4217 3831 4276 πόλει,

2294 4315 2472 4385 ίσχύος
2521 4313 2612 4366 καὶ
2665 4311 3108 4380 πολυανθρωπίας
3156 4298 3301 4360 τότε’
3317 4307 3568 4378 μάλιστα,
3614 4307 3834 4376 οὐδεμιᾷ

2291 4406 2452 4476 τυχὸν
2479 4404 2587 4458 τῶν
2621 4402 2762 4484 κατὰ
2808 4402 2906 4471 τὴν
2936 4397 3194 4468 ἀνατολὴν
3251 4397 3632 4469 μητροπόλεων
3665 4413 3831 4466 παρα-

633 4515 915 4577 circuitus,
975 4490 1093 4582 post
1138 4513 1316 4569 omnis
1351 4490 1568 4584 generis
1590 4490 1876 4583 i‘pericula,
1930 4506 2143 4562 labores
2176 4544 2183 4568 .

2294 4497 2544 4569 χωροῦσα
2575 4495 2644 4548 τά
2691 4493 2974 4564 πρεσϐεῖα.
3017 4492 3109 4554 Εἰς
3144 4491 3345 4561 ταύτην
3377 4492 3405 4542 6
3447 4490 3616 4559 μέγας
3643 4490 3830 4542 Φίλιπο

635 4620 939 4671 aerumnas,
993 4614 1117 4675 post
1173 4606 1324 4659 varia
1379 4602 1655 4674 Evangelii
1695 4616 1857 4657 causa
1910 4605 2180 4652 tormenta

2288 4609 2387 4657 πος
2427 4588 2562 4659 μετὰ
2588 4586 2686 4651 τὰς
2723 4586 2936 4672 μακρὰς
2959 4583 3258 4653 περιόδους,
3309 4583 3442 4654 μετὰ
3474 4583 3599 4646 τοὺς
3641 4598 3831 4638 παντο·

709 4837 755 4867 ⁸¹
794 4834 839 4888 ll
867 4834 1007 4890 Tim.
1052 4850 1124 4899 tv,
1147 4833 1201 4887 2.
1268 4833 1352 4865 θ’*
1388 4833 1407 4885 l
1437 4832 1575 4885 Tim.
1610 4847 1670 4894 ιι,
1700 4832 1754 4884 ι.
1830 4829 1876 4861 ⁸³
1900 4817 2087 4882 Hatth.
2128 4839 2244 4887 xm,
2285 4821 2374 4875 47.

637 5043 795 5106 alios,
820 5040 914 5110 qui
948 5039 1106 5092 nobis
1150 5037 1489 5110 Philippum_
1515 5031 1821 5110 apostolum
1861 5035 2183 5110 assererem.

635 5095 818 5166 Placet
841 5095 1049 5163 'Nicetae
1077 5095 1350 5173 castigata
1367 5095 1686 5173 moderatio,
1732 5097 1825 5164 qui
1879 5095 2187 5173 prohatiora

635 5162 810 5235 solum
832 5162 966 5246 style
987 5162 1298 5246 exornanda
1323 5166 1656 5246 susceperit,
1700 5162 1916 5246 sumque
1957 5162 2187 5246 maxime

744 5235 901 5301 lesize'
935 5259 1034 5295 usu
1083 5242 1376 5307 explorata.
1417 5239 1738 5307 Accuratam
1792 5235 2064 5307 historica:
2110 5235 2187 5288 rei

637 5305 970 5386 diligentiam
1001 5312 1058 5386 in
1088 5305 1246 5386 gente
1278 5309 1517 5386 Hispana
1550 5305 1664 5386 Aalii
1706 5305 2177 5386 desideraverunt,

639 5402 702 5439 ac
720 5374 773 5436 ﬁ.
807 5377 998 5448 primis
1023 5374 1242 5448 Godest.
1278 5374 1510 5448 Hensch.
1546 5375 1720 5448 tom._l
1743 5375 1904 5448 Febr.
1932 5374 2181 5448 Historiae

639 5445 972 5509 sanctorum,
1007 5446 1098 5500 ubi
1133 5447 1198 5500 de
1226 5447 1416 5514 primis
1443 5445 1623 5500 Jacobi
1659 5445 1957 5514 discipulis,
1981 5445 2180 5511 quibus

639 5530 754 5573 sata
783 5516 982 5570 ﬁdesin
1014 5514 1286 5583 Hispania,
1324 5517 1399 5570 illi
1429 5515 1811 5569 sermoincidit
1834 5533 1847 5568 :
1871 5529 2176 5583 quanquam

642 5602 743 5642 nec
772 5587 914 5655 quod
939 5587 1005 5641 de
1044 5581 1278 5655 Philippi
1311 5586 1462 5640 obitu
1486 5584 1694 5655 Olymp.
1724 5585 1826 5638 207
1868 5581 1927 5655 in
1959 5581 2178 5655 Eusebii

643 5652 900 5711 Chronico
929 5652 1386 5727 habetur,‘magni
1409 5652 1665 5724 ponderis
1708 5653 2038 5727 habentium
2087 5652 2175 5709 sit.

645 5735 739 5781 aut
765 5736 909 5798 certa
930 5728 1135 5798 epocha
1154 5721 1325 5798 illius
1353 5721 1635 5798 martyrii,
1662 5741 1782 5778 cum
1805 5725 1859 5776 in
1906 5721 2177 5798 plerisque

645 5793 1023 5870 manuscriptis
1051 5797 1410 5862 desideretur,
1444 5793 1505 5850 ut
1526 5797 1806 5853 etMirmus
1829 5793 2094 5867 omiserit,
2124 5796 2178 5839 et

2291 5026 2571 5079 Pontanus
2600 5022 2819 5075 diverso
2849 5018 3159 5072 charactere
3217 5014 3486 5070 edendum
3526 5013 3827 5082 putaverit;

2329 5094 2441 5147 ravi
2471 5101 2616 5147 certe
2648 5089 2872 5153 indicio,
2912 5085 3251 5141 subdititium
3287 5085 3417 5153 quid
3463 5099 3604 5153 esse,
3642 5101 3750 5137 non
3771 5083 3830 5135 ab

2319 5152 2527 5216 Eusebio
2552 5161 2832 5227 scriptum,
2859 5152 3024 5225 quem
3060 5155 3289 5224 Philippi
3307 5152 3566 5227 ;apostoli
3628 5169 3718 5207 res
3756 5153 3828 5203 vi—

2294 5233 2495 5285 dentur
2546 5223 2772 5295 prorsus
2827 5223 3048 5280 latuisse
3085 5241 3100 5295 ι
3133 5223 3264 5295 nec
3303 5223 3662 5295 Sophronius
3692 5231 3830 5295 extra

2294 5290 2609 5366 martyrium
2636 5301 2816 5350 crucis
2835 5294 3106 5364 Hierapoli
3129 5294 3183 5348 in
3211 5290 3439 5363 Phrygia
3462 5291 3666 5360 aliquid
3699 5290 3830 5361 quod

2286 5369 2510 5420 adderet
2541 5367 2749 5421 habuit.
3261 5416 3264 5420 .

2358 5437 2467 5503 (55)
2496 5436 2615 5502 Τὴν
2641 5437 2804 5503 ἱερὰν
2830 5433 2949 5486 τῶν
2973 5435 3155 5499 ἁγίων
3184 5430 3616 5497 τελετουργίαν.
3635 5431 3829 5494 hempe

2285 5515 2596 5558 sanctorum
2655 5506 3031 5562 mvsteriorum
3066 5512 3121 5556 et
3148 5503 3442 5554 universim
3479 5507 3827 5554 sacramento-

2285 5591 2405 5628 rum
2446 5576 2633 5641 ritum,
2667 5563 2768 5628 sub
2797 5588 3028 5641 quorum
3058 5571 3314 5641 symbolis
3344 5569 3546 5641 Christi
3602 5564 3826 5641 Ecclesia

2283 5643 2552 5698 adunatur
2580 5688 2592 5706 .
2622 5638 2855 5710 sumque
2912 5642 3060 5711 quod
3082 5638 3291 5711 V'attinet
3336 5638 3402 5690 ad
3459 5638 3827 5711 substantiam,

2284 5713 2481 5766 divinae
2513 5705 2885 5775 institutionis,
2914 5705 3095 5780 quoad
3128 5707 3343 5780 modum
3372 5720 3503 5760 vero
3524 5705 3824 5762 celebratio-
3888 5751 3889 5776 ι

2283 5783 2369 5837 nis
2399 5794 2452 5838 et
2473 5794 2720 5840 ornatum
2757 5775 3068 5850 quemdam,
3101 5775 3423 5846 apostolica.
