3922 6314
114 344 210 410 177

846 337 1144 414 ORATIO
1174 355 1279 416 IX.
1312 382 1380 392 -
1411 357 1492 416 ΙΝ
1534 357 1840 416 LAUDEM
1879 359 1935 417 S.
1971 325 2306 419 ⁸ΡΗΙΙΑΙΡΡΙ
2346 359 2594 420 APOST.

3197 356 3302 422 178

109 461 313 525 dumb;
343 462 637 530 κινδύνους,
670 465 795 530 τοὺς
840 467 1054 534 πόνους,
1097 470 1222 530 τοὺς
1267 469 1484 534 κόπους,
1523 470 1660 540 μετὰ

1768 470 2016 540 illatoque
2045 471 2202 539 mala,
2238 472 2294 526 in
2317 486 2381 527 ea
2413 486 2630 544 quoque
2667 470 2939 528 Christum
2956 471 3304 530 annuntiatu—

110 550 204 612 τὰς
237 553 483 618 ποικίλας
525 555 663 627 ὑπὲρ
715 556 807 611 τοῦ
867 557 1198 627 Εὑαγγελίου
1247 558 1509 629 βασάνους
1563 561 1658 613 καὶ

1768 577 1870 628 rus,
1909 562 2114 633 Spiritu
2152 564 2428 635 agebatur.

109 643 334 713 ολίψεις,
365 648 457 699 καὶ
478 648 556 712 είς
583 649 783 720 ταύτην
807 649 898 703 τὸν
928 639 1159 721 Χριστὸν
1204 651 1410 722 Ἰησοῦν
1433 653 1658 722 εὐαγγε-

110 730 386 803 λιούμενος
409 735 571 806 ἤγετο
602 737 679 806 τῷ
709 738 1006 808 Πνεύματι.

194 825 341 879 Ἰδὼν
379 827 434 881 δὲ
468 827 566 898 τὴν
603 829 776 890 πόλιν,
809 829 868 881 ού
906 831 1226 884 κατείδωλον
1276 832 1438 887 οὖσαν
1478 832 1655 904 μόνον,

114 917 316 982 ξοάνοις
346 935 403 972 τε
425 920 628 988 κωφοῖς
665 921 758 974 καὶ
787 920 1073 990 δαιμονίων
1125 922 1429 994 σεϐάσμασι
1462 941 1658 994 μεμια-

115 1009 314 1078 σμένην
336 1024 348 1036 ⁸
382 1008 514 1062 ἀλλὰ
542 1010 604 1079 δὴ
650 1010 740 1062 καὶ
792 1010 1014 1075 ίοὸόλοις
1057 999 1323 1082 ἑρπετοῖς,
1361 1015 1453 1068 καὶ
1478 1017 1655 1088 ἐχίδνῃ

111 1100 214 1152 τινί
243 1097 533 1169 τερατώδει
567 1100 679 1170 (56)
715 1101 808 1155 καὶ
838 1102 1083 1173 ἀπευκτῇ
1117 1103 1183 1172 (ὣ
1206 1104 1307 1174 τῆς
1344 1105 1451 1158 τῶν
1473 1106 1657 1162 κακῶν

114 1191 408 1260 ὑπερϐολῆς
433 1190 472 1262 ι)
496 1192 569 1256 ὡς
605 1192 721 1262 Θεῷ
763 1209 821 1246 τε
857 1194 1300 1265 προσ-ανέχουσαν
1327 1197 1422 1250 καὶ
1451 1197 1658 1263 Θυσίαις

114 1281 550 1353 ὲξιλασκομένην,
600 1282 744 1354 ζήλῳ
785 1283 884 1352 μὲν
918 1284 1042 1355 θείῳ
1072 1287 1524 1360 καταπίμπραται
1560 1291 1658 1362 τὴν

115 1375 320 1444 ψυχήν·
379 1378 703 1445 προσευχαῖς
747 1377 804 1428 δὲ
833 1365 1271 1442 συντονωτάταις,
1309 1383 1402 1434 καὶ
1455 1383 1658 1454 ῥήματι

119 1465 480 1536 παραγγελίας
525 1465 658 1519 Θεοῦ
719 1465 938 1534 ζῶντος,
988 1471 1082 1522 καὶ
1113 1472 1177 1540 τῇ
1230 1471 1511 1540 ἐπικλήσει
1563 1473 1657 1526 τοῦ

118 1559 370 1627 ὀνόματος
411 1557 582 1629 Ἰησοῦ
614 1558 870 1631 Χριστοῦ,
903 1561 1000 1630 τὴν
1052 1548 1397 1634 ὖλεθροτόκον
1451 1564 1658 1634 ἔχιδναν

119 1649 320 1718 ἐκείνην
377 1649 721 1714 ἀπεκτονὼς,
777 1652 940 1728 πᾶσιν
989 1653 1246 1717 ἐπιεικῶς
1287 1657 1315 1708 ὁ
1365 1655 1660 1727 Θαυμάσιος

120 1737 360 1808 παρῄνει,
389 1741 483 1793 καὶ
514 1740 892 1794 συνεϐούλευεν
923 1742 1002 1804 είς
1024 1743 1248 1814 οὐρανὸν
1281 1744 1653 1812 ἀνανεύοντας,

1827 825 2028 881 Videns
2090 827 2269 896 itaque
2300 826 2591 892 civitatem,
2649 826 2849 880 nedum
2892 825 3308 880 simulacrorum

1757 917 2129 985 superstitioni
2160 917 2570 982 deditissimam,
2603 913 2876 986 mutisque
2905 916 3096 971 statuis
3115 932 3176 971 ac
3205 917 3311 970 dae-

1757 1021 1978 1059 monum
2008 1008 2343 1061 caeremoniis
2374 1007 2652 1077 pollutam;
2681 1021 2867 1062 verum
2884 1007 3046 1061 etiam
3073 1021 3306 1060 venena-

1759 1097 1828 1151 tis
1854 1098 2215 1166 serpentibus,
2259 1113 2322 1153 ac
2359 1105 2685 1168 portentosa:
2727 1097 2942 1153 cuidam
2973 1097 3308 1166 infandaque

1760 1187 1960 1257 viperae
1982 1192 2034 1258 (ο
2058 1190 2320 1244 malorum
2342 1188 2824 1260 exsuperantiam!)
2849 1198 3102 1259 tanquam
3119 1189 3229 1241 Deo
3248 1202 3310 1241 ac

1756 1277 1976 1332 Numini
1998 1279 2192 1334 animis
2220 1279 2509 1342 addictam,
2545 1295 2704 1348 quam
2732 1277 2970 1334 dementi
3015 1293 3174 1332 sensu
3206 1277 3283 1330 ho

1757 1371 1876 1426 stiis
1907 1372 2220 1442 placandam
2243 1373 2578 1427 existimaret
2608 1388 2622 1436 ;
2659 1370 2843 1425 divina
2877 1371 3057 1425 animo
3086 1370 3307 1424 aemula-

1760 1462 1908 1517 tione
1937 1464 2248 1529 inardescit,
2263 1461 2783 1531 ferventissimisque
2811 1461 3086 1531 precibus,
3106 1460 3308 1527 Deique

1758 1556 1997 1609 viventis
2031 1556 2200 1610 verbo
2259 1565 2658 1625 praaceptoque,
2707 1567 2916 1608 necnon
2955 1551 3154 1606 Christi
3185 1550 3310 1620 Iesu

1763 1645 2015 1700 invocato
2031 1645 2268 1710 nomine,
2287 1652 2564 1714 perempta
2596 1641 2823 1696 exitiosa
2852 1641 3058 1711 vipera,
3090 1647 3314 1694 cunctos

1759 1735 1934 1803 palam
1953 1734 2037 1788 vir
2052 1733 2398 1789 admirandus
2417 1732 2754 1793 hortabatur,
2774 1739 3070 1799 auctorque
3087 1730 3314 1784 consilio

119 1828 199 1880 τὸν
227 1828 320 1880 τοῦ
361 1829 586 1899 ούρανοῦ
622 1829 896 1900 Δεσπότην
932 1831 1249 1899 ἐπιγνῶναι.
1286 1835 1412 1900 Ὃς,
1450 1832 1536 1887 ὢν
1563 1835 1654 1889 ἀεὶ

1768 1837 1892 1892 arat,
1912 1835 1972 1880 ut
1992 1826 2045 1880 in
2069 1825 2262 1881 cmlum
2280 1823 2622 1894 aspicientes,
2638 1820 2759 1876 caeli
2773 1820 3057 1875 Dominum
3068 1832 3317 1888 agnosce-

121 1916 254 1980 Θεὸς
278 1916 523 1982 τέλειος,
550 1917 829 1985 ἄναρχος,
853 1918 1181 1987 ἀσώματος,
1201 1921 1617 1988 ἀκατάληκτός
1638 1939 1651 1954 ·

118 2007 429 2072 ,ϐουληθείς
455 2006 521 2059 δὲ
548 2007 696 2075 μετὰ
742 2007 849 2060 τὸν
879 2009 1150 2078 ἀόρατον,
1187 2010 1410 2064 καὶτὸν
1441 2011 1654 2079 ὁρώμε-

123 2115 219 2149 νον
253 2097 465 2176 τοῦτον
497 2098 726 2166 κόσμον
766 2099 839 2152 δι’
900 2100 1263 2170 ἀγαϐότητος
1317 2101 1657 2170 ὑπερϐολὴν

122 2185 486 2255 παραγαγεῖν,
523 2187 782 2254 οὐρανὸν
820 2186 938 2256 μὲν
994 2188 1214 2252 ἔξωθεν
1267 2188 1524 2254 πάντων,
1566 2187 1658 2244 οἶά

125 2294 242 2329 τινα
309 2275 573 2344 σφαῖραν
616 2277 952 2345 ἀεικίνητον
1007 2279 1125 2332 τῶν
1177 2279 1332 2333 ὅλων
1377 2280 1660 2349 σωμάτων

124 2369 487 2438 περιεκτικὴν
513 2371 993 2425 κατεσκευάσατο
1011 2375 1025 2401 "
1051 2371 1166 2442 γῆν
1197 2372 1264 2424 δὲ
1295 2373 1661 2442 μεσαιτάτην

127 2461 232 2513 τῶν
261 2461 437 2526 ὅλων,
458 2459 660 2529 ῶσπερ
688 2479 742 2515 τι
768 2462 1017 2534 κέντρον
1052 2463 1157 2517 τοῦ
1200 2451 1422 2529 παντὸς
1448 2464 1517 2518 ἐν
1535 2465 1662 2518 ἀκι-

126 2551 272 2620 νήτῳ
307 2551 533 2620 ἱδρύσει
580 2551 679 2606 καὶ
719 2553 1030 2621 ίσορῤοπίᾳ
1082 2554 1517 2624 κατεστήσατο.
1552 2557 1659 2609 Καὶ

129 2643 186 2694 τὸ
216 2643 512 2696 ἀσύσσιον
531 2642 648 2711 μὲν
671 2641 766 2696 καί
800 2642 1171 2712 στοιχειῶδες
1201 2644 1354 2712 ὕδωρ
1385 2645 1516 2714 περὶ
1551 2645 1664 2713 τὴν

128 2733 265 2801 γῆν,
299 2734 411 2801 τὴν
439 2733 555 2804 γῆν
588 2734 655 2787 δὲ
685 2735 815 2803 περὶ
849 2735 913 2788 τὸ
938 2736 1092 2804 ὕδωρ
1129 2736 1408 2804 στερεῶν,
1443 2738 1516 2791 δι’
1552 2739 1662 2791 ἀλ-

130 2824 320 2890 λήλων
360 2824 530 2893 ἄμφω
569 2825 735 2878 ταυτὶ
775 2827 846 2879 τὰ
878 2826 1142 2896 στοιχεῖα
1171 2827 1541 2896 ἐστηρίεατο,
1579 2831 1664 2894 είς

128 2917 258 2983 μίαν
284 2917 415 2970 τινὰ
443 2915 697 2984 δύναμιν
723 2917 1020 2986 *ἄρρητοη
1045 2918 1160 2985 τὴν
1185 2919 1334 2971 κατὰ
1368 2919 1432 2972 τὸ
1452 2919 1662 2987 μεσαί-

135 3022 294 3058 τατον
322 3006 426 3059 τοῦ
468 3006 693 3071 παντὸς
730 3005 1006 3060 ἑστῶσαν
1063 3006 1377 3076 ὑπερφυῶς
1425 3009 1666 3077 ἐκκορυ-

135 3099 381 3166 φούμενα
403 3113 418 3128 °
450 3096 754 3166 ἑπομένως
785 3097 853 3151 δὲ
889 3099 1141 3164 τούτοις,
1187 3099 1292 3152 τὸν
1328 3101 1664 3153 πολύκενον

136 3189 489 3257 πανταχόθεν
550 3188 1005 3257 ὑπερχεόμενοςλ
1046 3189 1221 3258 ἀέρα¹,
1269 3189 1421 3257 ὑπὲρ
1481 3190 1664 3244 αὑτὸν

135 3275 285 3344 αὖθις
331 3279 605 3348 ἐχόμενα,
656 3279 723 3333 τὸ
773 3280 1029 3347 αἰθέριον
1071 3281 1247 3347 κῦτος
1278 3281 1663 3350 περιήγαγενο

137 3369 191 3432 ἐξ
233 3363 314 3422 ὧν
346 3369 508 3438 φυτὰ
548 3370 742 3423 πάντα
788 3371 887 3423 καὶ
943 3369 1071 3436 ζῶα,
1119 3372 1270 3425 κατὰ
1333 3373 1666 3441 ἰδιότροπον

138 3461 375 3514 ἕκαστον
397 3463 585 3530 φύσιν
617 3463 866 3530 ἐποίησε
904 3464 998 3517 καὶ
1018 3464 1278 3533 μορφήν.

196 3553 386 3606 Μόνον
433 3553 501 3623 δὲ
540 3554 648 3606 τὸν
690 3554 1033 3621 ἄνθρωπον,
1068 3554 1178 3623 τῆς
1228 3555 1378 3621 ἰδίας
1428 3556 1668 3624 πλάσας

138 3644 566 3710 μεγαλειότητος
577 3643 799 3708 εἰκόνα,
821 3642 926 3696 τοῦ
949 3643 1315 3710 παραδείσου
1343 3647 1668 3713 πεποίηκεν

141 3715 438 3800 οίκήτοραί
467 3731 539 3784 ὃν
572 3732 688 3798 τὴν
737 3732 1110 3801 Δεσποτικὴν
1159 3733 1416 3801 ἐντολὴν
1463 3736 1668 3804 ἠθετη-

143 3822 283 3884 κότα,
308 3821 406 3876 καὶ
433 3821 530 3875 διὰ
571 3822 746 3875 τοῦτο
778 3821 886 3892 τῆς
915 3823 1063 3891 πρὸς
1105 3823 1290 3878 αὐτὸν
1315 3825 1669 3893 οἰκειότητος

143 3910 512 3979 ὠλισθῃκότα.
553 3909 805 3977 θάνατος
845 3911 940 3966 καὶ
978 3913 1183 3984 φθορὰ,
1215 3914 1287 3967 τὰ
1311 3915 1535 3982 ὀψώνια
1560 3916 1669 3983 τῆς

147 4004 428 4071 ἁμαρτίας,
467 4002 770 4066 διεδέξατο
795 4018 810 4033 ·
841 4004 980 4058 ἀλλ’
1019 4005 1128 4058 οὐκ
1159 4007 1245 4068 είς
1272 4007 1442 4072 τέλος
1465 4009 1498 4062 ό
1528 4007 1668 4076 ἀγα-

147 4093 230 4158 θός
255 4095 534 4164 ὠργίσθη,
564 4095 704 4150 οὐδὲ
732 4096 799 4149 τὸ
840 4096 1059 4149 οὶκεῐον
1109 4098 1384 4165 παρεῖδεν
1427 4099 1513 4164 είς
1564 4099 1667 4152 τὸν

147 4183 302 4236 ultimi
359 4187 642 4254 πλάσμα·
703 4185 801 4239 διὰ
853 4187 1038 4256 νόμου
1085 4187 1152 4241 δὲ
1207 4188 1304 4241 καὶ
1355 4190 1668 4259 προφητῶν

150 4274 352 4340 πρῶτον
392 4277 580 4344 ἁγίων
625 4275 1084 4346 παιδαγωγήσας
1129 4278 1278 4346 πρὸς
1322 4280 1630 4334 εὐσέϐειαν
1651 4295 1664 4309 ’

150 4363 243 4416 νῦν
275 4365 338 4419 δὲ
365 4367 517 4420 κατὰ
567 4366 682 4436 τὴν
703 4367 823 4422 τῶν
865 4366 1091 4422 αἰώνων
1135 4369 1510 4437 συντέλειαν,
1560 4371 1668 4424 τὸν

1755 1927 1894 1972 rent.
1920 1916 1994 1981 Is,
2018 1916 2156 1971 Deus
2178 1931 2380 1985 semper
2396 1915 2666 1984 perfectus,
2695 1921 2939 1975 xternus,
2961 1913 3312 1980 incorporeus,

1755 1989 2346 2078 incomprehensitsmost
2371 2005 2519 2060 illum
2545 2004 3038 2068 invisibilem,etiam
3069 2001 3315 2054 mundum

1755 2103 1889 2156 hunc
1914 2099 2075 2153 oculis
2107 2098 2413 2168 subjectum
2455 2111 2562 2167 prce
2607 2096 2798 2149 eximia
2831 2095 3056 2150 bonitate
3097 2092 3316 2144 condere

1759 2207 1876 2245 cum
1911 2187 2199 2252 voluisset;
2254 2187 2476 2253 caelum,
2522 2187 2722 2250 aiebat,
2777 2186 2972 2240 cunctis
3020 2192 3312 2247 externum,

1763 2280 1907 2333 haud
1943 2295 2087 2332 secus
2129 2295 2191 2332 ac
2236 2275 2442 2349 globum
2493 2286 2736 2348 perpetuo
2788 2275 3023 2330 mobilem
3077 2275 3319 2327 universa

1759 2387 1978 2441 corpora
2018 2371 2379 2435 continentem,
2442 2370 2726 2440 fabricatus
2771 2375 2843 2422 est
2895 2385 2913 2422 :
2967 2378 3160 2420 terram
3197 2380 3316 2419 vero

1763 2464 1994 2515 omnium
2023 2461 2266 2526 mediam,
2306 2459 2446 2514 velut
2508 2475 2681 2512 rerum
2730 2459 2944 2529 hujusce
3005 2456 3318 2509 universita-

1763 2555 1826 2606 tis
1873 2561 2104 2606 centrum
2148 2552 2409 2622 quoddam
2456 2551 2706 2606 immobili
2765 2551 2902 2615 sede,
2954 2566 3014 2604 ac
3049 2551 3153 2602 suis
3173 2563 3317 2618 irque

1764 2643 2008 2698 libratam
2043 2644 2347 2714 ponderibus
2389 2642 2681 2698 collocavit.
2723 2641 2926 2714 Abgssi,
2959 2659 3020 2694 ac
3065 2657 3167 2712 qua
3217 2637 3319 2692 ele-

1763 2746 1992 2792 mentum
2015 2738 2263 2798 consistit,
2290 2751 2503 2805 aquam,
2553 2733 2690 2787 circa
2713 2742 2909 2787 terram
2933 2749 2951 2797 ;
2975 2738 3170 2785 terram
3199 2745 3320 2783 vero

1763 2828 1900 2880 circa
1939 2843 2130 2895 aquam
2158 2826 2409 2888 solidans,
2438 2812 2662 2877 alterum
2685 2822 2850 2876 altero
2876 2821 3185 2875 elementum
3207 2836 3320 2873 mu-

1767 2926 1958 2988 tuaque
1980 2920 2339 2984 communione
2363 2917 2594 2985 ﬁrmavit
2626 2930 2644 2966 :
2669 2932 2782 2984 quae
2815 2913 3048 2968 videlicet
3078 2899 3134 2965 in
3159 2928 3320 2965 unam

1767 3027 2018 3065 arcanam
2041 3011 2164 3076 vim,
2193 3012 2249 3063 in
2272 3009 2496 3062 universi
2531 3006 2818 3061 meditullio
2845 3005 3151 3059 mirabiliter
3199 3019 3323 3056 con-

1765 3101 2023 3154 sistentem
2041 3100 2306 3170 ﬁxamque
2339 3098 2676 3168 explicentur.
2709 3094 2932 3150 'Exinde
2982 3093 3321 3146 multicavum

1766 3192 2095 3262 his‘undique
2119 3190 2494 3261 superfundent;
2549 3204 2744 3249 aerem,
2769 3202 2922 3256 super
2937 3187 3105 3255 ipsum
3136 3200 3322 3237 rursus

1766 3284 2004 3335 continue
2030 3283 2306 3335 aztheream
2338 3278 2678 3333 circumduxit
2719 3277 2820 3330 late
2855 3276 3026 3344 fusam
3057 3277 3321 3348 capacita-

1768 3379 1870 3425 tem
1893 3389 1908 3426 :
1933 3388 1994 3426 ex
2027 3372 2209 3441 quibus
2233 3371 2446 3442 plantas
2483 3386 2658 3423 omnes
2682 3377 2729 3422 et
2753 3369 3046 3424 animantes
3070 3364 3318 3430 condidit,

1682 3476 1686 3481 ‘
1753 3465 1919 3534 juxta
1940 3464 2210 3534 prapriam
2239 3463 2486 3532 cujusque
2513 3459 2738 3513 indolem
2765 3476 2825 3512 ac
2849 3459 3091 3528 formam.

1835 3551 2017 3608 Solum
2047 3563 2221 3607 autem
2245 3555 2499 3606 hominem
2521 3569 2628 3606 sua:
2652 3553 2941 3624 majestatis
2974 3549 3316 3605 simulacrum

1767 3644 2021 3714 formans,
2051 3645 2286 3714 paradisi
2313 3645 2578 3698 constituit
2597 3646 2755 3697 civem
2784 3660 2987 3714 :-quem
3023 3639 3317 3712 ipsum'Do;

1770 3736 1943 3788 minici
1968 3743 2400 3806 transgressorem
2468 3735 2726 3802 mandati,
2764 3752 2977 3806 eamque
3013 3734 3072 3787 ob
3114 3751 3222 3787 rem
3257 3733 3318 3786 ab

1767 3826 1905 3880 illius
1931 3843 2135 3881 cassum
2170 3823 2558 3889 necessitudine,
2589 3843 2726 3880 mors
2753 3835 2798 3880 et
2821 3826 3080 3896 corruptio
3103 3822 3320 3894 (peccati

1767 3917 1959 3972 scilicet
1992 3917 2226 3988 obsonia)
2290 3926 2620 3987 exceperunt.
2671 3917 2826 3970 Haud
2849 3924 3025 3969 tamen
3059 3915 3320 3985 benignis?

1766 4011 1930 4063 simus
1955 4009 2043 4063 ille
2092 4012 2146 4063 in
2171 4009 2330 4075 ﬁnem
2367 4011 2534 4064 iratus
2559 4016 2664 4071 est,
2687 4016 2776 4059 aut
2807 4009 2859 4060 in
2889 4013 3190 4076 perpetuum
3226 4004 3319 4056 de-

1768 4102 1936 4169 spexit
1967 4099 2274 4169 ﬁgmentum
2300 4115 2453 4152 suum
2495 4115 2512 4152 :
2549 4098 2636 4152 sed
2691 4114 2806 4151 cum
2844 4098 2985 4166 prius
3018 4111 3107 4166 per
3160 4094 3318 4165 legem

1767 4197 2074 4258 sanctosque
2100 4191 2375 4259 prophetas
2415 4187 2482 4240 ad
2529 4188 2779 4257 pietatem
2803 4187 3108 4240 instituisset
3132 4201 3150 4251 ;
3177 4201 3316 4246 nunc

1770 4277 1978 4331 tandem
2019 4279 2073 4330 in
2114 4277 2554 4337 consummatione
2619 4273 2969 4340 scerulorum,
2995 4273 3321 4343 unigenitum

1769 4372 1986 4440 parique
2011 4387 2183 4426 secum
2226 4371 2405 4424 robore
2442 4381 2503 4423 ac
2549 4370 2777 4437 ejusdem
2823 4375 3026 4422 natura
3072 4368 3319 4429 Verbum,

150 4457 432 4527 μονογενῆ,
454 4458 562 4511 τὸν
584 4457 866 4527 ισοσθενῆ
893 4459 988 4513 καὶ
1010 4459 1242 4529 όμοφυᾶ
1264 4463 1474 4531 Λόγον,
1499 4463 1663 4532 ὑπερ-

1773 4461 1950 4516 divina
1994 4461 2223 4533 quadam
2251 4463 2539 4530 eximioque
2562 4461 2784 4526 ratione,
2809 4475 2872 4514 cx
2895 4458 3172 4514 venerabili
3194 4476 3318 4513 san-

154 4549 340 4615 ουσίως
398 4548 544 4618 ἡμῖν
574 4549 641 4603 ἐκ
679 4548 972 4619 παρθένου
1023 4549 1251 4620 σεμνῆς
1277 4592 1291 4616 ,
1343 4552 1438 4606 καὶ
1502 4552 1672 4623 ἁγίας

213 4700 307 4771 (56')
334 4703 442 4755 Kal.
485 4701 690 4769 ἐχίδνῃ
747 4700 862 4755 τινί
906 4701 1230 4771 τερατώδει.
1281 4703 1510 4758 Perinde
1562 4703 1673 4758 Me-

159 4773 304 4837 taphr.
340 4772 531 4826 Elevat
581 4782 760 4825 autem
820 4773 968 4825 card.
1028 4772 1222 4826 Baron.
1287 4773 1480 4826 horum
1511 4773 1670 4828 ﬁdem

160 4853 228 4911 an.
257 4841 334 4899 54.
370 4859 423 4895 n.
454 4840 508 4902 5,
540 4855 604 4911 eo
631 4841 772 4909 quod
798 4839 1088 4909 Hierapoli,
1139 4857 1246 4894 non
1281 4843 1541 4911 viperam,
1575 4843 1668 4896 sed

161 4909 267 4962 alios
309 4911 436 4964 deos
483 4909 764 4980 colerent,
798 4926 863 4963 ex
925 4911 1120 4980 Euseb.
1193 4911 1287 4964 lib.
1339 4909 1387 4963 ἰι
1437 4912 1508 4964 De
1539 4928 1673 4980 prae-

163 4989 316 5049 parat.
344 4981 550 5049 Evang.
579 4995 624 5033 c.
653 4981 705 5033 4.
746 4979 848 5034 Sed
887 4979 1016 5033 nihil
1051 4981 1124 5032 ibi
1163 4980 1431 5034 Eusebius
1463 4981 1514 5032 in
1539 4979 1671 5033 eam

165 5059 270 5118 rem.
299 5047 678 5102 Soluln’enim
704 5065 769 5103 eo
810 5049 950 5102 libro
1007 5058 1250 5102 veterum
1295 5049 1670 5118 theologorum

165 5115 274 5169 dicta
306 5119 489 5181 refert,
522 5119 721 5186 quibus
757 5118 1073 5172 idololatriae
1094 5119 1356 5187 originem
1379 5115 1623 5172 traducat
1654 5137 1665 5172 :

167 5198 249 5257 [Ion
281 5195 332 5257 ut
359 5188 570 5257 singula
602 5188 826 5241 numina
853 5189 1182 5256 singularum
1229 5187 1506 5243 civitatum
1543 5204 1660 5257 pro-

166 5250 291 5325 lerat.
321 5250 474 5310 Βεηέ
521 5257 666 5325 apud
722 5250 1110 5326 Nicephorum,
1133 5259 1248 5326 ejus
1283 5250 1667 5324 vulgator'hoc

171 5335 309 5386 ipsum
337 5327 535 5381 nostris
583 5327 916 5394 temporibus
941 5328 992 5378 in
1023 5326 1245 5378 Livonia
1289 5337 1343 5381 et
1382 5327 1669 5396 Samogitia

171 5402 403 5463 repertum
431 5397 618 5449 tradit.
643 5396 708 5448 At
730 5397 971 5463 nequein
1001 5396 1172 5449 Gallia
1202 5397 1396 5448 desunt
1421 5398 1521 5450 viri
1544 5398 1673 5450 sim-

171 5457 320 5539 Pliqes,
345 5466 541 5539 quibus
578 5457 888 5539 huiusmodi
922 5466 1119 5533 viperae
1137 5481 1203 5539 ac
1234 5477 1511 5539 serpentes
1542 5466 1667 5539 boni

170 5533 330 5603 ominis
351 5533 750 5592 existimentur.
784 5535 1088 5603 ubicunque
1119 5533 1334 5603 degant,
1359 5538 1466 5588 ruri
1494 5537 1577 5589 vel
1613 5537 1665 5588 in

171 5595 301 5674 domo
322 5605 675 5674 ;sinistraque
706 5604 885 5658 omnia
923 5595 1263 5673 portendere,
1289 5606 1329 5656 si
1362 5605 1664 5674 abigantur,

169 5667 240 5754 Vici
269 5673 412 5754 etiam
437 5667 738 5754 necentur;
763 5688 869 5754 quo
901 5667 953 5727 in
975 5689 1169 5754 genere
1226 5667 1494 5754 singular}:
1535 5676 1664 5754 quid

173 5733 230 5787 de
260 5737 520 5799 domestica
544 5733 734 5811 vipera
756 5733 859 5798 sibi
891 5733 1145 5800 accidisse
1210 5733 1389 5798 narrat
1436 5733 1662 5797 Leo'Al-

1776 4563 1960 4625 ctaque
1991 4554 2215 4624 Virgine,
2246 4552 2437 4607 nullius
2479 4553 2780 4622 contagione
2804 4552 2997 4621 peccati
3019 4550 3211 4620 factum
3231 4551 3319 4604 ho-

1775 4706 1866 4759 lat.
1909 4721 2032 4760 cum
2067 4697 2379 4759 adolescens
2416 4710 2578 4765 esset,
2619 4702 2715 4757 lib.
2749 4703 2823 4756 De
2852 4704 3138 4773 peregrinis
3180 4703 3307 4773 Crte-

1773 4792 1952 4829 corum
1982 4776 2326 4843 opinionibus,
2352 4774 2682 4826 vaticinante
2712 4773 2838 4826 inde
2892 4774 3218 4843 vetu|a~quae
3241 4772 3318 4843 illi

1775 4845 1905 4898 satis
1977 4841 2232 4913 prospera
2289 4858 2518 4897 evenere
2552 4882 2566 4904 ,
2639 4843 2929 4913 adventum
2961 4884 2974 4905 ,
3007 4841 3312 4913 profectio-

1774 4929 1920 4976 nem,
1942 4911 2073 4978 etc.,
2106 4911 2225 4982 quae
2261 4929 2367 4966 non
2394 4921 2614 4982 careant
2649 4911 3048 4981 superstitionis
3082 4912 3220 4964 labe.
3247 4913 3316 4963 De

1774 4982 2046 5052 Hierapoli
2072 4981 2138 5038 et,
2153 4992 2465 5050 serpentum
2493 4981 2638 5035 inea
2660 4981 2830 5052 ~cultu
2890 4990 3209 5052 argumento
3239 4989 3313 5032 est

1774 5050 2055 5122 antiquum
2087 5052 2320 5106 civitatis
2345 5067 2560 5122 nomen,
2607 5051 2750 5118 quod
2784 5051 2948 5122 tradit
2979 5050 3120 5122 apud
3147 5050 3310 5122 Melas

1767 5119 2038 5187 phrastem
2058 5122 2254 5190 Joseph
2292 5121 2521 5173 Humilis
2546 5122 2792 5173 Oratione
2813 5121 2872 5172 in]
2909 5119 3116 5190 laudem
3140 5119 3310 5169 sancti

1767 5189 2391 5257 Bartholomwifnempe
2424 5190 2771 5259 Ophioryma,
2825 5189 2976 5258 quasi
3002 5189 3164 5259 dicas,
3199 5202 3312 5259 ser-

1769 5261 1947 5329 pentis
1973 5278 2035 5315 ac
2065 5260 2255 5329 anguis
2295 5256 2535 5312 tutamen
2587 5256 2683 5329 seu
2731 5256 3078 5329 praesidium.
3119 5256 3312 5308 Confer

1771 5326 1952 5383 nostra
1983 5332 2095 5384 haec
2123 5326 2242 5382 eum
2273 5329 2430 5383 dictis
2459 5329 2523 5382 ad
2553 5326 2825 5398 Hippolyti
2856 5326 3172 5398 Synopsirn;
3215 5339 3313 5374 nec

1772 5409 1823 5452 te
1849 5402 2094 5472 censuris
2141 5398 2406 5472 ejusmodi
2431 5469 2442 5472 _
2467 5394 2639 5472 facile
2662 5394 2870 5472 abduci
2899 5394 3071 5472 sinas.
3105 5394 3313 5472 Durum

1774 5484 1902 5541 sane
1952 5470 2110 5541 unius
2150 5465 2312 5522 ductu
2365 5468 2554 5522 calami
2596 5468 2727 5541 _novi
2775 5465 3006 5518 hominis
3054 5465 3310 5541 expungi.

1774 5539 2035 5607 quidquid
2101 5553 2306 5590 summa
2359 5537 2714 5591 consensione
2753 5545 2849 5607 tot
2887 5542 3029 5585 retro
3079 5533 3313 5607 saeculis,

1775 5600 2014 5676 probatis
2058 5609 2192 5661 actis
2221 5623 2280 5660 ac
2339 5608 2651 5661 auctoribus
2706 5606 3080 5671 consignatum
3151 5600 3307 5655 ﬁdem

1777 5679 1979 5731 imbuit.
