3922 6314
637 298 734 365 179
1077 327 1126 343 κ-

1773 268 2058 359 ΝΙοΕνῘἝ
2096 290 2612 358 PAPHLAGONIS

3704 302 3816 366 180

629 411 842 475 minem,
862 409 1002 463 nobis
1049 410 1278 480 prwbuit.
1305 409 1354 463 Is
1378 407 1640 463 hominum
1660 411 1843 462 similis
1887 425 2143 478 apparens

2267 408 2685 476 ἀναμαρτήτως
2739 407 3239 476 ἁνθρωπιζόμενον
3292 407 3639 476 παρέσχετο.
3711 413 3817 475 1);-

627 498 859 550 veritatis
918 499 1231 552 sermonibus
1253 516 1314 551 ac
1340 503 1577 570 potentia:
1609 501 1863 570 operibus,
1889 499 2065 552 Patris
2087 503 2166 552 sui

627 589 772 640 nobis
807 587 1027 656 gloriam
1049 607 1110 641 ac
1135 591 1397 653 notitiam,
1430 591 1592 659 affusa
1631 590 1828 643 caelitus
1854 590 1964 642 luce
1992 591 2165 643 mani-

625 679 829 746 festaoit
854 696 873 741 ;
911 681 1206 749 quique-ab
1253 681 1394 733 omni
1437 680 1680 732 immunis
1729 681 1966 750 passione
2015 688 2164 743 esset,

591 820 601 836 ,
623 768 947 835 passionibus
968 770 1128 821 nostri
1144 785 1323 830 causa,
1345 785 1591 839 cruceque
1609 777 1655 820 et
1681 777 1844 820 morte
1867 770 2164 838 perfunctus

623 866 779 925 atque
805 858 858 909 in
884 857 990 910 illis
1017 867 1249 911 versatus
1285 856 1493 928 (quippe
1512 860 1661 911 homo
1682 875 1798 934 cum
1820 859 1976 927 esset).
1996 874 2166 910 resur-

622 950 753 1000 rexit
779 949 928 1002 tertia
948 949 1031 1001 die
1052 965 1112 1002 ac
1136 965 1192 1001 se
1208 950 1348 1001 nobis
1367 939 1696 1019 conspicuum
1738 949 1876 1015 fecit,
1923 950 2164 1013 nobisque

619 1037 943 1089 cernentibus
970 1037 1026 1088 in
1070 1034 1250 1090 caelum
1279 1049 1510 1106 receptus
1538 1047 1612 1091 est
1652 1039 1864 1107 (quippe
1891 1040 1981 1108 qui
2026 1038 2162 1091 Deus

618 1133 789 1194 esset).
820 1127 980 1193 Quem
1001 1136 1050 1181 et
1080 1145 1257 1183 rursus
1289 1140 1560 1187 venturum
1581 1148 1606 1183 e
1631 1131 1768 1185 cwlis
1789 1140 2158 1200 exspectamus,

615 1235 710 1286 pro
729 1234 786 1270 eo
818 1235 877 1272 ac
896 1218 1151 1287 pollicitus
1176 1229 1268 1284 est,
1301 1230 1354 1272 ut
1392 1224 1679 1274 humanum
1716 1237 1866 1292 omne
1889 1237 2050 1290 genus
2083 1238 2162 1273 ea:-

615 1307 844 1370 suscitet,
859 1305 1160 1378 ‘judicetque
1209 1326 1268 1363 ac
1291 1311 1472 1362 reddat
1495 1311 1766 1380 unicuique
1783 1327 1875 1380 pro
1896 1300 1952 1363 eo
1970 1326 2029 1363 ac
2050 1326 2161 1380 ges-

613 1400 698 1452 sit.
727 1399 898 1462 Ilunc,
946 1403 1242 1471 hortamur,
1282 1403 1559 1472 agnoscite.
1593 1402 1762 1466 Hunc,
1802 1401 2158 1465 obsecramus,

611 1490 868 1556 colite;et
895 1493 946 1545 in
978 1493 1182 1545 nomine
1210 1495 1318 1562 ejus
1365 1494 1630 1564 baptizati,
1676 1494 1738 1545 ab
1789 1493 1928 1545 omni
1971 1491 2160 1544 scelere

611 1580 919 1652 impuraque
949 1585 1087 1636 omni
1129 1586 1434 1638 cwremonia
1465 1585 1852 1650 emundamini;
1894 1582 2159 1652 omnisque

609 1674 792 1742 gratiae
821 1675 1092 1744 participes
1115 1675 1292 1743 cﬂ'ecti,
1323 1684 1478 1745 atque
1513 1675 1654 1728 illius
1689 1685 1945 1728 consortes
1962 1675 2156 1727 sancti—

615 1763 751 1826 tatis,
787 1765 904 1818 vita
931 1775 1136 1820 (sternte
1163 1783 1222 1819 ac
1240 1769 1381 1836 regni
1404 1767 1752 1822 [nereditatem
1764 1753 2152 1836 consequimini,

608 1850 663 1905 in
693 1850 893 1907 Christo
923 1853 1067 1908 Jesu.
1096 1856 1298 1909 Amen.-

675 2112 1057 2185 llujuscemodi
1105 2115 1189 2171 vir
1211 2115 1557 2173 beatissimus
1581 2115 1780 2172 divinis
1807 2116 2151 2186 praedicatio-

606 2208 769 2261 nibus
792 2207 1107 2273 admonens,
1138 2208 1433 2262 adhortans
1455 2209 1811 2278 privatimque
1847 2223 1912 2262 ac
1933 2209 2150 2278 publica

525 2307 528 2310 ί
606 2297 867 2350 concione
886 2296 1420 2364 doctrinamjustitiaa
1451 2297 1686 2373 tradens,
1716 2298 1928 2352 turbam
1957 2312 2153 2351 nume-

580 2401 667 2458 ‘ro
697 2385 1031 2454 superiorem
1095 2400 1371 2440 assensum
1413 2386 1762 2455 praebentem,
1798 2386 2011 2440 veritati
2053 2386 2148 2439 ad-

602 2474 796 2547 iunxit.
831 2475 1045 2544 ﬂosque
1073 2476 1206 2529 adeo
1236 2491 1332 2546 per
1381 2491 1573 2544 aquam
1616 2487 1670 2529 et
1691 2475 1950 2544 Spiritum
1998 2490 2149 2545 rege-

603 2583 820 2631 nerans,
850 2555 1031 2637 ac'qui
1066 2568 1120 2620 in
1146 2567 1252 2621 illis
1284 2568 1473 2638 majori
1524 2568 1791 2636 pollerent
1834 2566 2142 2636 prudentia,

602 2659 968 2735 maioremque
993 2667 1173 2712 essent
1213 2660 1441 2712 assecuti
1485 2659 1710 2728 gratiam
1738 2698 1753 2722 ,
1795 2657 1849 2710 in
1877 2657 2148 2715 antistites

601 2763 665 2803 ac
693 2747 1000 2816 sacerdotes
1026 2747 1345 2816 praeﬁciens,
1371 2748 1666 2804 Ecclesium
1688 2756 1926 2803 sanctam
1954 2748 2144 2802 imma-

529 2859 532 2861 ν
601 2839 835 2893 culatam
865 2838 1062 2892 excitat
1087 2837 1324 2892 Christo.

666 2929 736 2984 At
766 2945 873 2983 non
918 2929 1058 2990 tulit,
1097 2934 1154 2982 ut
1187 2930 1468 2984 veritatem
1495 2930 1572 2985 sic
1617 2941 2025 2999 prosperantem
2067 2930 2146 2985 vi-

599 3018 772 3082 deret,
805 3021 894 3088 qui
944 3019 1088 3074 illius
1116 3019 1458 3074 adversarius
1492 3031 1574 3075 est
1611 3039 1623 3073 :
1654 3021 1782 3089 quin
1816 3021 2146 3090 potentiores

598 3124 661 3162 ac
693 3109 957 3177 primores
995 3109 1229 3164 civitatis
1261 3109 1401 3164 illius
1454 3110 1750 3174 incessens,
1813 3111 2144 3186 ﬂammaque

599 3201 769 3253 instar
797 3201 1190 3254 aemulationem
1211 3201 1264 3254 in
1303 3203 1380 3254 eis
1395 3203 1747 3266 succendens,
1773 3205 2144 3271 apparitorum

600 3297 818 3357 repente
849 3305 1009 3342 manu
1034 3305 1158 3342 eum
1203 3287 1450 3358 corripit,
1487 3291 1748 3359 suavis-que
1809 3283 2142 3347 conscissum

600 3379 933 3442 verberibus,
952 3381 1071 3434 diro
1105 3396 1319 3434 carcere
1347 3381 1592 3435 includit.
1648 3382 1783 3435 Tum
1818 3382 2071 3439 funiculis
2112 3401 2142 3438 e

598 3471 862 3525 calcaneis
900 3473 1139 3525 vinctum
1175 3471 1231 3525 in
1267 3472 1482 3528 sublimi
1507 3487 1666 3527 verso
1727 3475 1781 3526 in
1819 3485 2016 3528 terram
2059 3491 2144 3529 ca-

597 3565 728 3632 pite,
762 3565 936 3620 virum
957 3567 1160 3636 justum
1189 3566 1547 3637 suspendunt.
1581 3566 1817 3636 Eratque
1843 3567 2027 3620 videre
2058 3581 2144 3618 ve-

597 3659 678 3713 lut
706 3674 897 3728 agnum
932 3659 1332 3720 immaculatum
1366 3660 1472 3713 alte
1499 3659 1552 3711 in
1583 3674 1707 3712 aere
1741 3658 2033 3713 sublatum.
2064 3659 2140 3712 Ac

596 3748 760 3818 pedes
787 3749 1002 3818 quidem
1031 3763 1266 3814 sursum,
1292 3750 1546 3805 deorsum
1599 3765 1729 3803 vero
1773 3749 2138 3802 venerandum

597 3816 757 3908 caput
802 3816 1052 3904 iiabebat,
1074 3855 1246 3910 eoque
1273 3840 1461 3892 habitu
1495 3840 1697 3894 mentis
1736 3839 1792 3892 in
1824 3840 2140 3894 caelumiter

595 3943 656 3983 ac
688 3929 1193 3999 contemplationem
1218 3931 1365 3985 velut
1392 3930 1770 3985 adumbrabat.

667 4101 818 4157 llaud
863 4112 1038 4158 tamen
1063 4119 1187 4158 eum
1213 4104 1474 4158 Dominus
1506 4103 1893 4159 consolationis
1939 4119 2135 4174 exper-

597 4203 702 4248 tem
745 4194 980 4264 reliquit.
1012 4195 1367 4264 Pr0pensiore
1412 4209 1644 4264 namque
1676 4195 1922 4254 ,mitioris
1953 4194 2137 4263 provi-

593 4284 787 4338 dentia:
830 4286 1079 4349 consilio,
1138 4286 1350 4339 divinus
1407 4301 1619 4354 quoque
1692 4267 2131 4348 Bartholomzeus,

2265 498 2333 548 ἐν
2368 495 2678 564 ὁμοιώματι
2717 497 3041 563 ἀνθρώπων
3069 498 3398 566 ἐπιφανεὶς,
3423 483 3627 566 λόγοις
3665 500 3816 566 ἁλη-

2265 585 2423 646 θείας
2451 584 2545 636 καὶ
2583 585 2773 653 ἔργοις
2797 584 3119 652 δυνάμεως,
3170 587 3284 652 τὴν
3311 587 3606 654 πατρικὴν
3625 589 3815 640 αὐτοῦ

2263 672 2449 737 δόξαν
2477 672 2574 724 καὶ
2598 672 2842 741 γνῶσιν,
2872 673 3208 740 ἐνέλαμψεν
3237 672 3408 739 ἡμῖν·
3439 672 3534 725 καὶ
3557 671 3817 724 πάθεσιν

2263 766 2296 816 ό
2319 761 2588 829 ἀπαθὴς,
2623 765 2720 816 καὶ
2752 761 2985 828 σταυρῷ
3015 763 3113 814 καὶ
3148 763 3379 827 θανάτῳ
3433 765 3815 830 προσωμιλη-

2261 852 2378 918 κὼς
2407 855 2557 920 ὑπὲρ
2582 853 2745 922 ἡμῶν
2799 854 3125 921 (ἅνθρωπος
3167 853 3273 921 γὰρ
3302 853 3421 922 ἦν),
3461 852 3685 917 ἀνέστη
3735 850 3814 918 τῇ

2261 944 2451 1012 ἡμέρᾳ
2479 943 2554 1011 τῇ
2601 947 2786 1012 τρίτῃ,
2826 944 2922 996 καὶ
2960 943 3321 1012 ἐνεφάνισεν
3382 943 3523 1013 ἡμῖν
3558 943 3809 996 ἑαυτόν·

2260 1035 2358 1087 καὶ
2379 1035 2734 1098 ,ϐλεπόντων
2764 1034 2945 1101 ἡμῶν,
2967 1035 3275 1104 ἀνελήφθη
3304 1037 3389 1098 εὶς
3421 1034 3523 1087 τὸν
3552 1033 3814 1101 οὐρανὸν

2262 1126 2425 1190 (Θεὸς
2458 1128 2566 1194 γὰρ
2597 1121 2714 1194 ἦν).
2765 1128 2873 1178 Ὃν
2909 1126 3008 1178 καὶ
3051 1123 3475 1194 προσδοκῶμεν
3513 1124 3687 1190 ἥξειν
3708 1119 3816 1177 αὖε

2267 1224 2378 1283 θις,
2418 1219 2497 1283 ὡς
2529 1214 2717 1280 εἶπεν,
2757 1218 2825 1272 ἐκ
2849 1217 2970 1276 ’τῶν
2996 1217 3282 1286 οὐρανῶν,
3318 1218 3424 1272 τοῦ
3465 1215 3814 1283 ἀναστῆσαι

2261 1310 2504 1376 σύμπαν
2551 1308 2617 1361 τὸ
2653 1308 2920 1375 πλάσμα,
2972 1308 3072 1360 καὶ
3121 1307 3310 1375 κρῖναι
3346 1307 3438 1360 καὶ
3479 1305 3812 1360 ἀποδοῦναι

2259 1399 2488 1462 ἑκάστῳ
2503 1399 2650 1452 κατὰ
2673 1394 2786 1464 τὴν
2801 1399 3017 1464 πρᾶξιν
3033 1399 3238 1452 αὑτοῦ.
3263 1398 3477 1452 Τοῦτον
3496 1398 3809 1466 ἐπέγνωτε,

2265 1488 2685 1556 παραινοῦμεν.
2719 1475 2931 1542 Τοῦτον
2950 1488 3295 1560 σεϐάσθητε,
3325 1481 3808 1554 παρακαλοῦμεν

2239 1578 2352 1631 ’καὶ
2380 1579 2447 1630 ὲν
2476 1578 2556 1642 τῷ
2591 1579 2832 1646 ὀνόματι
2859 1577 3070 1631 τούτου
3099 1577 3532 1646 βαπτιζόμενοι,
3568 1578 3810 1643 καθαρι-

2256 1667 2558 1732 σθήσεσθε
2582 1668 2697 1736 μὲν
2747 1668 2949 1735 πάσης
2977 1668 3225 1736 ἐναγοῦς
3263 1669 3358 1721 καί
3384 1665 3600 1736 μιαρᾶς
3639 1670 3809 1720 τελε-

2182 1731 2228 1790 B
2254 1759 2394 1826 τῆς·
2432 1731 2633 1826 πάσης
2679 1759 2748 1812 δὲ
2793 1731 3029 1828 χάριτος
3080 1731 3335 1827 μέτοχοι,
3382 1731 3500 1812 καί
3530 1731 3808 1810 κοινωνοὶ

2252 1850 2357 1916 τῆς
2401 1849 2586 1903 αὐτοῦ
2652 1854 2954 1920 γενόμενοι
2993 1852 3383 1919 ,ἁγιωσύνηᾳ
3437 1853 3805 1916 κληρονόμοι

2250 1942 2397 2009 ζωῆς
2448 1943 2688 1996 αἰωνίου
2744 1943 2839 1996 καὶ
2883 1943 3203 2010 ,ϐασιλείας
3257 1941 3803 2008 καταξιωθήσεσθε,

2249 2036 2317 2087 ἐν
2351 2035 2578 2102 Χριστῷ
2613 2035 2836 2102 Ἰησοῦ.
2876 2036 3078 2101 Ἀμήν.

2319 2125 2609 2200 Τοιαύταις
2635 2128 2662 2179 6
2703 2127 3115 2197 μακαριώτατος
3151 2125 3458 2198 θεῃγορίαις
3511 2123 3803 2184 νουθετῶν,

2247 2217 2547 2288 παραινῶν,
2588 2218 2692 2288 ἰδίᾳ
2711 2234 2772 2270 τε
2810 2217 2904 2271 καὶ
2927 2218 3160 2288 δημοσίᾳ
3187 2217 3276 2270 τὸν
3300 2216 3456 2285 λόγον
3481 2215 3806 2284 πρεσὸεύων

2245 2310 2343 2380 τῆς
2369 2308 2730 2379 δικαιοσύνης,
2783 2307 3182 2379 ἀναριθμήτους
3231 2308 3330 2378 μὲν
3378 2306 3578 2360 πείθων
3630 2323 3806 2376 προσ-

2247 2401 2408 2469 ήγετο
2434 2402 2500 2469 τῇ
2533 2398 2780 2468 ἀληθείᾳ·
2815 2398 2881 2450 δι’
2911 2397 3097 2460 ὓδατος
3120 2397 3175 2451 δὲ
3201 2398 3294 2451 καὶ
3327 2397 3644 2467 Πνεύματοςι
3672 2397 3802 2450 τού·

2244 2507 2368 2552 τους
2398 2489 2725 2558 ἀναγεννῶν,
2762 2490 2854 2541 καὶ
2884 2490 3006 2551 τοὺς
3039 2488 3429 2557 συνετωτέρους
3481 2488 3539 2538 ὲν
3589 2487 3800 2550 αὐτοῖς,

2247 2576 2340 2631 καὶ
2360 2578 2578 2647 χάριτος
2609 2574 2848 2646 μείζονος
2886 2574 3234 2643 ἠξιωμένους,
3262 2575 3341 2637 είς
3367 2573 3681 2643 ἀρχιερέας,
3721 2573 3801 2636 ὡς

2247 2667 2424 2736 θέμις,
2451 2667 2542 2719 καὶ
2573 2666 2749 2735 ἱερέας
2771 2663 3219 2734 προϐαλλόμενος,
3253 2663 3574 2733 Ἐκκλησίαν
3607 2663 3796 2731 ἀγίαν,

2246 2757 2476 2829 ἄμωμον
2497 2757 2685 2827 ἀνίστη
2722 2755 2962 2826 Χριστῷ.

2328 2930 2466 2984 Ἀλλ’
2494 2933 2593 2984 οὐκ
2617 2912 2813 3000 ἤνεγκε
2846 2928 3059 2998 βλεπων
3089 2927 3260 2990 οὕτως
3306 2927 3660 2997 εύοδουμένην
3696 2927 3798 2996 τὴν

2246 3021 2521 3091 ἀλήθειαν,
2554 3023 2581 3075 6
2626 3021 2826 3091 ταύτης
2875 3020 3092 3092 ἐχθρός·
3123 3021 3248 3082 τοὺς
3284 3020 3690 3082 δυνατωτάτους
3741 3021 3796 3074 δὲ

2227 3115 2338 3165 ,καὶ
2382 3113 2631 3184 πρώτους
2675 3113 2887 3182 ἐκείνης
2914 3116 3011 3182 τῆς
3069 3113 3272 3174 πόλεως
3317 3111 3534 3173 ὑποδὺς,
3566 3113 3657 3163 καὶ
3706 3113 3800 3165 τὸν

2244 3202 2402 3273 ζῆλον
2427 3205 2483 3256 ὲν
2517 3204 2701 3264 αὐτοῖς
2735 3202 3036 3269 ἀναφλέξας
3066 3202 3139 3264 ὠς
3163 3201 3294 3272 πῦρ,
3331 3201 3660 3270 συναρπάζει
3697 3210 3800 3271 μὲν

2243 3293 2405 3345 αὐτὸν
2443 3291 2671 3356 ἐξάπινα
2719 3291 2862 3361 χειρί⁷
2909 3293 3301 3360 στρατιωτικῇ’
3341 3291 3590 3358 μαστιγοῖ
3618 3289 3674 3341 δὲ
3707 3308 3800 3342 πι-

2241 3384 2408 3452 κρῶς,
2437 3382 2784 3451 καθείργνυσι
2817 3381 2872 3433 δὲ
2915 3381 3100 3442 δεινῶς
3120 3394 3135 3410 ⁸
3184 3381 3321 3449 μετά
3353 3379 3524 3434 ταῦτα
3554 3379 3610 3432 δὲ
3642 3397 3797 3449 σχοι·

2241 3477 2370 3536 νίοις
2407 3473 2705 3542 ἐξάψαντες
2752 3471 2892 3525 κατά
2946 3471 3051 3523 τῶν
3101 3471 3456 3542 ἀστραγάλων
3503 3469 3641 3540 (δη,
3698 3471 3798 3523 ἐπὶ

2243 3563 2511 3632 μετεώρου
2541 3564 2629 3615 τὸν
2655 3562 2859 3616 δίκαιον
2884 3561 3190 3632 ὲκκρεμῶσι
3227 3562 3365 3615 κατά
3393 3561 3649 3630 κεφαλῆς.
3679 3561 3797 3614 Καὶ

2238 3649 2305 3721 ἦν
2333 3653 2519 3706 τοῦτον
2565 3655 2695 3721 όρᾷν
2746 3650 2995 3722 καθάπερ
3048 3651 3274 3722 ἄμωμον
3323 3653 3524 3722 ἀρνίον,
3555 3651 3644 3704 διὰ
3695 3651 3795 3705 τοῦ

2238 3746 2394 3812 ἀέρος
2417 3742 2810 3814 ἀπῃωρημὲνον
2829 3759 2842 3773 ·
2882 3744 2973 3797 καὶ
3000 3743 3110 3796 ἀνω
3136 3743 3234 3811 μὲν
3267 3745 3390 3804 τοὺς
3421 3743 3604 3806 πόδας,
3637 3745 3797 3796 κάτω

2237 3835 2293 3887 δὲ
2328 3835 2422 3903 τὴν
2461 3834 2757 3902 σεδασμίαν
2796 3833 2986 3902 ἔχοντα
3030 3833 3271 3904 κεφαλήν
3294 3851 3310 3867 ο
3357 3834 3450 3885 καὶ
3482 3833 3558 3901 τῷ
3597 3834 3792 3904 τοιῷδε

2240 3927 2471 3993 σχήματι
2526 3924 2621 3993 τὴν
2663 3923 2874 3992 ίθυτενῆ
2912 3924 3045 3992 πρὸς
3069 3924 3139 3977 τὰ
3166 3925 3277 3980 ἀνω
3313 3923 3404 3977 τοῦ
3439 3922 3529 3976 νοῦ
3556 3924 3791 3994 πορείαν

2237 4016 2328 4067 καὶ
2367 4014 2595 4083 θεωρίαν
2630 4014 3027 4085 ὑπογράφοντα.

2317 4103 2454 4155 Ἀλλ’
2478 4105 2575 4156 οὑκ
2605 4106 2812 4173 ἀφῆκεν
2840 4106 3002 4158 αὑτὸν
3027 4109 3052 4158 6
3084 4107 3282 4176 Κύριος
3323 4106 3750 4175 ἀπαρηγόρητον
3772 4124 3788 4139 ο

2235 4195 2511 4266 οἰκονομίᾳ
2569 4195 2624 4248 δὲ
2673 4197 2940 4266 κρείττονι
2991 4199 3081 4248 καὶ
3138 4195 3531 4265 Βαρθολομαῖος
3575 4197 3604 4247 6
3642 4195 3790 4261 θεῖος

2235 4285 2529 4349 ἀπόστολος
2564 4286 2738 4355 τούτῳ
2774 4287 3196 4356 συνεσταύρωτο.
3241 4287 3450 4340 Ἐκεῖσε
3484 4285 3595 4357 γὰρ
3624 4287 3793 4341 αὑτὸν

591 4376 709 4444 pari
743 4374 1024 4428 damnatus
1075 4375 1318 4443 patibulo
1370 4377 1656 4447 pendebat.
1704 4376 1942 4447 Contigit
1988 4376 2133 4433 enim

2247 4378 2481 4446 ἐνδημεῖν
2505 4417 2520 4442 ,
2545 4379 2639 4430 καὶ
2660 4377 2848 4448 ὥσπερ
2870 4378 2960 4431 τοῦ
2994 4379 3319 4447 Εὑαγγελίου
3350 4379 3622 4440 κοινωνὸς,
3641 4378 3790 4432 οὕτω

592 4481 716 4522 eum
741 4477 866 4521 tunc
891 4467 964 4520 ibi
992 4466 1217 4530 versari,
1251 4484 1314 4522 ac
1343 4469 1484 4521 sicut
1505 4467 1920 4538 pnedicationis,
1955 4464 2034 4522 sic
2073 4478 2129 4521 et

593 4559 860 4628 passionis
883 4557 1088 4611 socium
1119 4557 1274 4611 cflici.
1305 4557 1491 4628 Neque
1521 4559 1572 4612 id
1601 4558 1783 4623 modo,
1813 4557 1906 4612 sed
1933 4566 1988 4612 et
2014 4557 2128 4627 ipsa

658 4735 673 4800 (
679 4734 767 4793 37)
780 4737 823 4786 Σ
829 4733 1066 4797 χοινίοις
1089 4730 1418 4798 ἐξάψαντες
1433 4733 1578 4786 κατὰ
1591 4733 1708 4786 τῶν
1723 4733 2129 4801 ἀστραγάλων.

593 4805 684 4859 Sic
732 4819 944 4869 quoque
989 4802 1249 4867 Metaphr.
1304 4817 1508 4856 necnon
1562 4805 1794 4867 Menzea,
1845 4804 1898 4856 in
1932 4802 2132 4870 quibus

592 4868 902 4940 expressius
931 4871 1166 4937 aliquid:
1215 4871 1327 4923 Ἐπὶ
1377 4875 1470 4938 τῆς
1493 4873 1748 4932 πλατείας
1790 4868 1988 4938 συρεὶς,
2015 4868 2132 4923 εἶτα

594 4944 718 5002 τοὺς
773 4940 1141 5006 ἀστραγάλους
1175 4941 1483 5009 τρυπηθεὶς,
1516 4944 1606 4993 ἐπὶ
1638 4941 1730 4992 τοῦ
1772 4940 1925 5003 ξύλου
1960 4942 2130 5009 ἀνηρ-

595 5012 728 5077 τήθη
759 5027 769 5036 ·
811 5010 905 5058 καὶ
949 5009 1124 5078 οὕτως,
1179 5007 1500 5078 εὐξάμενος,
1550 5012 1625 5078 τῷ
1656 5010 1769 5076 Θεῴ
1811 5010 1869 5061 τὸ
1918 5007 2131 5076 πνεῦμα

593 5075 857 5143 παρέθετο
890 5094 904 5106 ·
942 5075 1039 5148 Per
1072 5075 1558 5145 plateam'tractus,
1597 5075 1804 5147 tumque
1855 5075 2129 5148 perforatis

516 5148 519 5149 ⁷
592 5147 843 5217 calcaneis
860 5149 916 5199 in
949 5145 1084 5214 ligno
1119 5164 1385 5212 suspensus
1423 5161 1517 5210 est,
1545 5158 1590 5201 et
1618 5151 1689 5201 sic
1717 5145 1894 5217 passus
1915 5149 2133 5203 Domino

593 5215 808 5286 tradidit
844 5217 1118 5286 spiritum:
1146 5218 1341 5284 quibus
1389 5228 1644 5273 constans
1688 5215 1788 5278 est,
1825 5219 2130 5286 Philippum

590 5284 768 5356 capite
828 5285 1073 5356 deorsum
1130 5302 1306 5349 verso,
1357 5299 1411 5340 et
1441 5289 1658 5354 quidem
1695 5288 1813 5340 talis
1843 5289 1920 5340 sic
1954 5284 2133 5356 perio-

594 5354 950 5425 ratis,_stipiti
981 5372 1041 5407 ac
1063 5357 1209 5410 cruci
1261 5358 1533 5423 alligatum
1569 5357 1884 5424 pependisse
1919 5354 2128 5425 :quam

595 5421 729 5473 forte
757 5421 920 5487 ipsam
947 5439 1157 5477 crucem
1194 5421 1372 5478 velint
1391 5421 1649 5479 Romana!
1681 5428 1893 5490 tabulas,
1936 5421 1998 5479 et
2021 5429 2126 5480 Eu-

593 5491 798 5543 sebiani
819 5492 1062 5564 chronici
1086 5496 1458 5564 interpolator,
1493 5509 1556 5545 ex
1583 5513 1690 5563 quo
1731 5499 1844 5564 ipso
1873 5507 2123 5564 tanquam

595 5574 658 5610 ex
696 5574 820 5612 vero
863 5561 1094 5616 Eusebio
1140 5563 1469 5627 acceperint,
1499 5561 1613 5628 qui
1644 5561 1860 5620 easdem
1916 5561 2126 5620 tabulas

596 5640 877 5703 adserunt,
927 5637 1215 5703 novasque
1252 5644 1688 5703 composuerunt.
1725 5636 1955 5703 Lapides
1999 5634 2123 5687 addi

597 5693 748 5753 facile
772 5697 874 5754 fuit
904 5693 1266 5757 tumultuariae
1288 5697 1738 5766 illicrueitixioni,
1777 5693 1932 5773 plebe
1962 5708 2015 5761 in
2046 5703 2124 5755 fu-

2231 4466 2295 4538 δὴ
2317 4470 2409 4548 καὶ
2434 4469 2526 4523 τοῦ
2550 4469 2750 4532 πάθους
2780 4470 3120 4539 ὲγνωρίζετο.
3148 4471 3220 4523 Ού
3249 4469 3405 4539 μόνον
3427 4469 3504 4531 δὲ,
3529 4470 3662 4522 ἀλλά
3693 4471 3789 4523 καὶ

2233 4555 2371 4627 αὐτὴ
2407 4557 2639 4627 Μαριὰμ
2671 4559 2705 4628 ἡ
2748 4557 3011 4610 Φιλίππου
3045 4558 3242 4628 ἀδελφή
3285 4556 3426 4627 (58)·
3456 4559 3657 4628 ἀδελφὴ
3689 4561 3788 4629 τὴν

2233 4748 2408 4787 rorem
2448 4744 2565 4789 acta
2598 4734 2857 4789 adversus
2889 4734 3164 4802 Sanctum,
3187 4735 3358 4789 donec
3381 4742 3695 4790 terraamotu
3724 4754 3786 4792 ac

2233 4802 2411 4874 biatus
2446 4805 2684 4874 periculo
2724 4805 2823 4857 fuit
2877 4806 3154 4858 deterrita.
3199 4806 3380 4859 Mitior
3427 4804 3592 4874 fuerit
3650 4805 3784 4860 Baro

2235 4873 2504 4929 tholomiei
2538 4891 2669 4927 crux
2697 4884 2752 4927 et
2781 4874 2958 4927 Mariae
3012 4876 3215 4928 sororis
3236 4914 3249 4937 ,
3304 4874 3417 4928 sive
3469 4873 3784 4930 Mariamnz

2233 4943 2314 5009 (ut
2347 4944 2542 4998 Menaaa
2579 4943 2788 5008 vocant)
2840 4951 2897 4995 ut
2928 4944 3141 4996 licuerit
3201 4944 3397 5011 deponi
3439 4957 3502 4996 ac
3532 4945 3772 5011 supervi-

2232 5028 2378 5072 vere.
2409 5015 2658 5080 cumjam
2697 5014 2971 5080 Philippus
3000 5012 3140 5065 diem
3177 5013 3481 5066 clausisset.

2306 5084 2412 5148 (38)
2445 5081 2602 5144 Αὐτὴ
2632 5085 2879 5148 Μαριὰμ,
2912 5083 2948 5147 η
2983 5085 3275 5135 Φιλίππου
3307 5080 3556 5148 ἀδελφή.
3577 5081 3781 5137 Menasa

2237 5153 2592 5218 Μαριάμνην,
2630 5165 2737 5215 quo
2762 5156 2920 5204 etiam
2966 5152 3126 5204 modo
3155 5151 3414 5216 Metaphr.
3449 5151 3661 5216 fuitque
3703 5152 3772 5206 fa-

2235 5222 2345 5290 cile
2369 5221 2485 5290 ejus
2517 5218 2663 5290 vocis
2683 5220 2920 5272 ultimam
2951 5222 3207 5290 syllabam
3240 5221 3545 5287 antiquario
3575 5220 3779 5275 Mazar.

2234 5285 2502 5340 excidere.
2537 5285 2894 5342 Consentium
2926 5285 3039 5343 haec
3070 5300 3214 5343 tanta
3247 5290 3312 5343 de
3343 5285 3503 5342 Maria
3533 5305 3628 5341 seu
3664 5290 3773 5342 Ma-

2235 5359 2460 5427 riamna,
2492 5370 2674 5427 sorore
2712 5359 2963 5426 Philippi.
2998 5376 3103 5413 non
3160 5361 3333 5412 solum
3381 5358 3628 5427 spiritali.
3683 5357 3777 5412 sed

2230 5425 2389 5496 etiam
2420 5425 2653 5496 carnali,
2690 5427 2771 5481 his
2795 5425 2909 5495 qua:
2943 5429 3107 5482 refert
3137 5429 3332 5482 Paulus
3355 5425 3422 5482 de
3441 5428 3701 5496 apostolis
3722 5437 3774 5481 et

2228 5492 2666 5560 praedicatoribus
2696 5492 2950 5557 “ehi-mis,
2977 5492 3506 5551 circumducentibus
3531 5512 3775 5550 sororem

2229 5562 2526 5633 mulierem,
2580 5581 2727 5618 more
2775 5565 2946 5633 gentis
3000 5567 3028 5619 Ι
3069 5567 3187 5620 Cor.
3215 5584 3286 5630 ix,
3336 5568 3397 5629 5;
3427 5583 3532 5632 qua
3594 5576 3772 5620 tamen

2229 5631 2275 5682 is
2302 5630 2516 5686 .icentia
2546 5630 2940 5686 minime'usus
2961 5636 3050 5700 sit,
3091 5653 3156 5691 ne
3207 5650 3365 5700 quam
3413 5630 3771 5688 ollensionem

2229 5652 2275 5682 IS
2302 5652 2516 5686 .lCBllua
2546 5652 2764 5686 minimc
2811 5652 2940 5686 usus
2961 5652 3050 5700 διι,
3091 5653 3156 5691 De
3247 5652 3365 5688 nam
3413 5652 3771 5688 OHCIISIODCID

2228 5709 2452 5766 poneret
2508 5703 2796 5771 gentibus,
2839 5703 3038 5773 quibus
3082 5652 3411 5775 pecuiiarius
3465 5702 3772 5762 destinatus
