3922 6314
125 273 218 341 181
868 283 1144 347 ORATIO
1182 284 1369 344 lX.--
1396 286 1479 346 IN
1516 288 1824 352 LAUDEM
1861 293 1922 353 S.
1965 294 2296 356 PHILIPPI
2334 287 2580 363 APOST.
3200 309 3301 375 18!

124 387 302 456 φύσιν.
331 385 544 458 ’ἀδελφὴ
591 390 685 459 τὴν
710 391 922 444 πίστιν·
949 391 1040 444 τὸν
1089 390 1276 463 ζῆλον,
1315 396 1641 467 ὁμότροπος·

1759 399 1915 454 Maria
1987 402 2217 473 Philippi
2280 421 2472 474 soror,
2534 426 2727 482 nempe
2776 428 2931 468 soror
2987 421 3180 472 natura
3235 435 3298 477 ac

123 476 216 544 τὴν
271 476 516 548 ἀγάπην,
574 481 927 550 όμόγνωμοςο
982 484 1244 554 παρθένος
1298 489 1396 559 τὴν
1447 488 1642 560 ψυχὴν,

124 567 378 639 παρθένος
422 569 483 623 τὸ
527 572 719 650 σῶμα,
769 572 859 642 ὗλη
906 577 1216 646 τετρωμένη
1283 577 1377 648 τῆς
1432 581 1648 650 ἀγάπης

124 659 370 728 Χριστοῦ.
404 662 655 732 Μαριὰμ,
685 647 878 730 γνησία
908 665 1139 734 Χριστοῦ
1166 647 1497 738 θεραπαινὶς,
1525 647 1649 735 ἀξία

123 747 250 800 Θεοῦ
297 750 555 823 θυγάτηρ,
592 753 686 822 ὅλη
729 751 818 804 τοῦ
851 755 1109 823 παναγίου
1133 757 1442 828 Πνεύματος
1478 777 1650 830 μεμε-

126 837 386 907 στωμένη,
410 838 573 909 πιστὴ
606 839 698 895 τοῦ
721 841 1043 910 Εὐαγγελίου
1074 845 1362 916 μαθήτρια,
1391 847 1649 902 σπουδαία

124 927 222 979 τῶν
252 929 558 982 ἀποστόλων
614 929 872 998 διάκονος,
908 934 998 986 καὶ
1055 934 1358 1005 θερμοτὰτη
1393 937 1525 1006 πρὸς
1554 941 1649 1002 τὰς

138 1011 428 1090 Ἐλληνίδαῖς
461 1021 554 1074 τοῦ
588 1022 762 1094 Ἰησοῦ
793 1022 1221 1097 εὑαγγελίστρια.
1262 1028 1498 1083 Ἀνωθεν
1515 1031 1650 1102 αὕτη

126 1109 540 1179 προσεκαρτέρει
561 1111 637 1183 τῷ
662 1113 926 1184 Φιλίππῳ,
953 1113 1012 1179 ἐξ
1032 1111 1092 1170 οὗ
1111 1116 1203 1169 τὸν
1233 1117 1430 1187 κλῆρον
1462 1119 1651 1188 εἴληφε

125 1201 214 1268 τῆς
250 1199 547 1269 ἀποστολῆς
574 1219 587 1233 ·
626 1203 719 1256 καὶ
766 1205 985 1266 τοῦτον,
1036 1206 1110 1270 ὡς
1163 1206 1385 1276 ἀδελφὸν
1444 1210 1536 1278 μὲν
1597 1211 1655 1262 τὸ

129 1289 294 1359 σῶμα,
327 1289 534 1361 πατέρα
590 1294 644 1348 δὲ
678 1295 736 1348 τὸ
769 1295 982 1364 πνεῦμα
1012 1298 1248 1367 τιμῶσα,
1289 1300 1381 1352 καὶ
1412 1291 1486 1364 ὥς
1527 1301 1655 1368 δρα-

127 1382 334 1449 στήριος
360 1375 768 1457 ὑπηρετουμένη
801 1386 1120 1458 θεράπαινα,
1153 1390 1363 1461 πλήρης
1394 1391 1492 1459 τῆς
1522 1392 1656 1443 ἀπο-

130 1470 366 1543 στολικῆς
392 1476 484 1527 καὶ
525 1477 661 1546 αὐτὴ
697 1478 973 1548 δυνάμεως
1005 1476 1091 1552 ἦν.
1125 1482 1283 1534 Ὅθεν
1316 1483 1656 1550 εὐαγγελιζο-

131 1561 264 1632 μένῳ
282 1566 634 1633 συνεργοῦσα,
649 1569 935 1641 καθειργνυ
945 1584 1086 1642 μενῳ
1104 1590 1166 1625 συ
1175 1591 1432 1644 μπαρομα
1440 1573 1655 1642 ρτοῦσα,

133 1655 215 1707 καὶ
237 1656 357 1708 τότε
402 1656 465 1727 δὴ
525 1662 858 1732 κρεμαμένῳ
902 1665 1273 1734 συνανιωμένη
1303 1681 1362 1717 τε
1403 1667 1497 1718 καὶ
1539 1683 1661 1718 συν-

1744 491 1852 545 ﬂde
1897 507 2091 561 soror;
2129 496 2245 565 pari
2298 513 2508 553 morum
2567 505 2926 570 aemulatione,
2954 508 3301 566 consentiens

1745 582 2029 647 charitate,
2064 586 2214 657 virgo
2246 588 2446 654 animo,
2486 592 2636 661 virgo
2662 608 2902 663 corpore,
2934 604 3043 651 tota
3094 595 3295 653 Christi

1746 673 2027 733 vulnerata
2076 678 2340 734 charitate
2365 680 2430 732 ⁸⁵.
2461 682 2641 748 Maria,
2676 700 2800 739 vera
2847 684 3042 741 Christi
3082 688 3300 745 ancilla.

1749 764 1906 835 digna
1959 767 2051 820 Dei
2106 768 2233 834 filia,
2258 779 2367 825 tota
2427 773 2631 841 Spiritu
2680 785 2865 830 sancto
2913 779 3089 845 plena,
3123 777 3301 836 ﬁdelis

1747 853 2022 926 Evangelii
2081 859 2380 929 discipula,
2439 861 2627 916 sedula
2698 880 2972 934 gnavaque
3034 866 3303 934 apostolo-

1748 961 1869 999 rum
1926 947 2270 1013 administra,
2307 949 2615 1005 ﬁdelissima
2668 953 2732 1006 ad
2789 952 2996 1008 Graecas
3045 954 3300 1008 mulieres

1752 1035 1877 1091 Jesu
1909 1053 2086 1107 praeco
2113 1077 2125 1091 .
2159 1038 2282 1094 Haec
2334 1041 2461 1094 olim
2516 1041 2766 1112 Philippo
2807 1043 3042 1106 assidua,
3075 1059 3181 1112 quo
3214 1059 3300 1096 iex

1752 1133 1994 1194 tempore
2018 1130 2367 1197 apostolicum
2391 1147 2587 1186 munus
2644 1133 2840 1186 inierat
2870 1150 2883 1199 ;
2921 1149 3066 1198 eum,
3115 1144 3174 1185 ut
3195 1133 3299 1186 fra-

1755 1224 1890 1268 trem
1917 1216 2135 1284 quidem
2151 1235 2394 1288 corpore,
2414 1230 2472 1276 ut
2500 1238 2626 1276 vero
2649 1223 2862 1276 Patrem
2891 1223 3296 1292 spiritucolens.

1754 1314 1808 1358 et
1831 1316 1890 1361 ut
1915 1310 2105 1362 ancilla
2124 1310 2309 1364 sedulo
2333 1311 2566 1365 officiosa
2587 1313 2919 1376 ministrans,
2949 1313 3060 1382 ipsa
3084 1326 3299 1382 quoque
3338 1384 3344 1389 _

1758 1399 2047 1466 apostolica
2071 1401 2228 1468 plena
2273 1401 2475 1456 virtute
2506 1411 2643 1454 erat.
2686 1400 3045 1466 Quamobrem
3105 1403 3299 1472 praedi-

1758 1499 1968 1544 cantem
1995 1491 2271 1559 adjuvans,
2297 1492 2586 1560 clausoque
2620 1508 2832 1546 carcere
2855 1509 3034 1547 comes
3087 1494 3297 1556 effecta.

1760 1587 1892 1632 tunc
1914 1593 2128 1648 quoque
2159 1579 2410 1633 nimirum
2446 1597 2706 1649 suspenso
2730 1582 3044 1647 condolens,
3073 1583 3300 1652 diroque

1762 1668 1907 1723 illius
1938 1670 2180 1724 cruciatu
2203 1685 2467 1734 moerens,
2503 1672 2648 1726 omni
2671 1674 2832 1727 modo
2864 1673 3172 1729 beatissima
3221 1674 3300 1728 fe-

130 1746 446 1818 οδυνωμένη,
479 1751 656 1805 πάντα
695 1752 893 1823 τρόπον
923 1755 1257 1826 συνέπασχεν
1293 1759 1326 1826 ἡ
1379 1775 1657 1830 μακαριω-

1760 1759 1903 1814 mina
1929 1758 2128 1815 Christi
2157 1762 2304 1817 socia
2335 1762 2644 1832 passionum
2677 1771 2812 1818 erat.

129 1837 251 1908 τάτη
285 1839 522 1910 Χριστῷ.
1223 1870 1225 1873 -

189 1927 397 1982 Γίνεται
451 1929 508 1984 δὲ
557 1931 682 1987 τότε
724 1933 900 2005 θέαμα
945 1934 1111 2004 ξένον,
1158 1939 1357 2010 φρίκης
1392 1957 1450 1992 τε
1481 1939 1659 2010 πάσης

132 2019 213 2070 καὶ
243 2017 478 2088 ἀγωνίας
508 2022 691 2093 γέμον.
719 2024 928 2080 Σείεται
958 2028 1058 2098 μὲν
1095 2028 1351 2102 ἐξαίφνης
1389 2031 1422 2101 η
1456 2030 1527 2100 γῆ
1569 2033 1681 2085 καὶ-

132 2110 235 2174 δλος
259 2111 287 2164 ό
311 2113 468 2183 χορὸς
491 2115 692 2180 ἐκεῖνος
719 2116 1071 2190 ἑκτιναχθεὶς,
1130 2121 1212 2184 είς
1242 2120 1404 2191 βάθος
1460 2123 1655 2176 ὑπενό-

132 2218 253 2266 στει,
282 2204 340 2256 ὲν
363 2200 408 2271 ᾧ
437 2207 585 2260 πᾶσα
613 2209 810 2281 μικροῦ
838 2211 944 2265 δετν
965 2213 997 2282 ἡ
1022 2213 1177 2276 πόλις
1206 2215 1388 2287 εκείνη
1422 2232 1657 2287 συναγη-

130 2293 372 2364 γερμινη,
405 2296 624 2368 θέατρον
651 2301 881 2354 εποιεῐτο
911 2303 1035 2366 τοὺς
1058 2303 1362 2377 ἀνθρώτους
1413 2304 1507 2360 τοῦ
1556 2306 1659 2376 Ἴη-

132 2381 249 2436 σοῦ·
281 2389 691 2453 συγκατεσπᾶτο
717 2391 771 2444 δὲ
815 2392 891 2462 τῷ
941 2393 1122 2461 ἐδάφει
1147 2396 1254 2460 πᾶς
1294 2396 1510 2470 όϊλαδς,
1566 2399 1662 2452 καὶ

130 2475 302 2540 δεινῶς
327 2479 617 2534 ἀπολέσθαι
633 2483 1043 2548 κινδυνεύοντες,
1072 2488 1196 2551 τοὺς
1221 2489 1345 2558 περὶ
1365 2489 1455 2543 τὸν
1476 2489 1662 2543 Φίλιπ-

132 2565 220 2620 πον
246 2570 549 2641 ἑπεῦοῷντο
574 2589 587 2604 ο
619 2575 712 2626 καὶ
743 2575 910 2645 ταύτῃ
951 2591 1012 2644 γε
1037 2577 1134 2646 τῆς
1156 2577 1360 2649 πλάνης
1401 2579 1499 2648 μὲν
1524 2581 1657 2633 ἀπο-

135 2661 428 2729 στήσεσθαι,
459 2663 536 2732 τῷ
582 2665 680 2733 τῆς
710 2666 959 2734 ἀληθείας
983 2668 1041 2720 δὲ
1093 2668 1373 2723 πιστεῦσαι
1439 2672 1644 2724 καθυπ-

137 2751 393 2829 ισχνοῦντο
412 2754 548 2822 Θεῷ.
570 2756 703 2816 Τοὺς
718 2758 771 2810 δὲ
795 2759 1089 2829 ἱκετηρίαις
1112 2760 1208 2829 μὲν
1223 2761 1492 2815 ὲκτενέσιν
1508 2763 1660 2826 ἐξευ-

109 2841 427 2909 ’μιινίζεσθαι
448 2844 535 2898 τὸν
585 2846 736 2908 Θεὸν,
762 2849 968 2919 ἀθρόως
999 2850 1054 2902 δὲ
1083 2852 1172 2905 τὸν
1199 2853 1398 2922 Κύριον
1435 2871 1663 2923 προσευ-

138 2932 364 3000 χομλνοις
393 2936 573 2999 αὐτοῖς
622 2938 945 3006 ἐπιφανῆναι
975 2954 990 2967 ·
1023 2941 1116 2992 καὶ
1169 2942 1517 3011 στηριχθῆναι
1566 2943 1664 3013 μὲν

139 3027 318 3090 εὐθέως
345 3027 445 3098 τὴν
475 3028 577 3097 γῆν
599 3029 694 3097 τῆς
720 3031 809 3081 ἐπὶ
830 3030 890 3082 τὺ
916 3031 1178 3094 κάταντες
1231 3032 1626 3103 ὑποχωρήσεως
1644 3051 1662 3066 ⁸

136 3117 341 3186 δῠναμιν
365 3117 421 3169 δὲ
449 3117 598 3172 θείαν
647 3119 909 3189 κλίμακος
962 3120 1160 3192 τρόπον
1193 3125 1304 3187 τοῖς
1359 3123 1661 3194 ἀπολλυμέο

140 3223 234 3269 νοις
258 3206 705 3279 ὑποτεινομένην,
745 3210 879 3278 πρὸς
913 3211 1181 3282 σωτηρίαν
1237 3213 1662 3267 ὁδοποιεῖν..ᾼῦ-

140 3312 196 3366 τη
220 3297 421 3363 γίνεται
446 3299 679 3364 πίστεως
704 3301 815 3363 τοῖς
846 3301 1092 3365 ἀπίστοις
1131 3303 1374 3372 ἀφορμή.
1399 3302 1567 3355 Τοῦτο
1597 3303 1660 3373 δὴ

142 3387 193 3439 τδ
222 3387 514 3459 θαυμάσιον
569 3390 668 3460 τὴν
707 3391 859 3444 πόλιν
889 3391 1100 3462 ἐκείνην
1138 3392 1318 3460 ὀλίγου
1341 3393 1452 3445 δεῖν
1482 3395 1660 3446 πᾶσαν

141 3480 206 3549 τῷ
233 3478 320 3533 τοῦ
368 3480 624 3534 Φιλίππου
653 3485 893 3552 προσῆγε
923 3483 1058 3554 Θεῷ.
1093 3483 1365 3538 Ἐντεῦθεν
1393 3483 1538 3538 λύειν
1566 3484 1663 3554 μὲν

143 3573 248 3635 τοῦς
267 3573 496 3643 Χριστοῦ
523 3574 772 3644 δεσμίους
800 3576 849 3628 ot
886 3577 1246 3646 σεσωσμένοι,
1285 3576 1380 3630 καὶ
1434 3576 1529 3630 τοῦ
1573 3575 1661 3639 ξύ-

145 3661 221 3715 λου
244 3663 475 3717 καθετναι
498 3665 799 3735 προσῄεσαν
828 3668 1026 3738 σπουδῇ
1046 3684 1061 3698 ·
1097 3667 1374 3736 ἐπείχοντο
1423 3666 1503 3729 δὲ,
1565 3664 1662 3735 τὴν

147 3754 253 3820 περὶ
270 3752 442 3807 αὐτῶν
466 3756 756 3825 γενομένην
784 3757 984 3811 ἀνωθεν
1003 3756 1300 3830 ἐγνωκότες
1324 3757 1535 3828 βουλήν.

204 3842 266 3895 Σὺ
300 3841 542 3914 μὲνγὰρ,
563 3840 609 3898 ὣ
629 3833 1285 3917 τρισμακαριὼτατβίίτῶν
1331 3849 1662 3917 ἀποστόλων,

149 3930 369 4003 ἀνεθῆναι
399 3934 473 4006 μὴ
496 3916 922 4006 καταδεξάμενος
947 3916 1305 4008 τῶνδεσμῶν,
1355 3941 1664 4013 ἐπισκήψας

148 4022 195 4077 ἃ
223 4027 284 4096 τῇ
314 4044 372 4081 τε
395 4028 547 4082 πόλει
571 4028 649 4082 ζτά
681 4028 887 4094 δέοντα,
940 4031 1034 4085 καὶ
1078 4033 1189 4093 τοῖς
1235 4031 1481 4102 ἀδελφοῖς
1532 4036 1664 4090 πᾶσι

151 4117 455 4187 προσμένειν
478 4121 544 4190 τῇ
569 4120 746 4172 πίστει
771 4119 863 4173 τοῦ
901 4119 1097 4189 Ἰησοῦ,
1130 4121 1231 4174 καὶ
1256 4123 1377 4186 ταῖς
1426 4123 1665 4187 ἐντολαῖς

151 4209 638 4280 παριγγυησάμενος
661 4209 1062 4281 προσλιπαρεῖν
1089 4205 1227 4277 εῐτα,
1270 4211 1450 4283 δέησιν
1482 4214 1663 4285 ἱκετή-

155 4299 247 4365 ρίον
265 4317 320 4353 τε
353 4302 468 4370 ἀμα
514 4301 611 4355 καὶ
663 4301 1092 4374 εὐχαριστηριον,
1142 4303 1556 4376 ὲμφανιζομένῳ
1584 4323 1664 4360 σοι

1826 1937 2061 2009 Contigit
2119 1954 2248 1994 vero
2315 1955 2510 1994 novum
2592 1940 2859 2010 quoddam
2915 1941 3294 2010 spectaculum,

1760 2027 2088 2084 horrendum
2102 2045 2231 2086 sane
2258 2032 2703 2101 tremendumque
2730 2048 2791 2087 ac
2812 2033 3032 2088 terroris
3058 2035 3296 2102 plenum.

1760 2118 2091 2175 Terraemotu
2132 2119 2313 2175 subito
2374 2122 2525 2176 locus
2586 2123 2864 2191 quatitur,
2911 2131 3163 2192 totusque
3209 2124 3299 2178 ille

1759 2223 2050 2264 succussus
2073 2211 2272 2265 chorus
2293 2211 2400 2264 alta
2433 2212 2686 2282 voragine
2711 2212 3042 2275 subsidebat,
3071 2224 3178 2281 quo
3191 2219 3299 2267 tota

1760 2299 1874 2356 fere
1902 2301 2111 2366 civitas,
2144 2302 2270 2358 Jesu
2297 2303 2544 2358 homines
2577 2304 2786 2358 theatro
2809 2303 3144 2367 traductum,
3167 2317 3297 2359 con-
3356 2316 3360 2321 '

1760 2401 2028 2458 cesserat;
2078 2408 2403 2463 omnemque
2435 2395 2690 2463 populum
2743 2410 2880 2450 unus
2898 2409 3017 2448 cum
3050 2391 3162 2449 solo
3185 2394 3301 2447 hia.

1760 2489 1848 2536 tus
1874 2481 2216 2538 absorbebat.
2260 2483 2375 2538 1am
2420 2485 2601 2552 itaque
2633 2484 2779 2555 gravi
2838 2484 3025 2538 salutis
3072 2485 3300 2552 vitaeque

1759 2572 2004 2639 pulsante
2038 2573 2298 2642 periculo,
2331 2574 2635 2643 Philippum
2676 2590 2804 2630 cum
2837 2576 2999 2631 sociis
3045 2575 3300 2628 inclama-

1758 2661 1929 2728 bant;
1970 2672 2130 2732 atque
2155 2679 2220 2718 ea
2257 2679 2314 2718 se
2344 2665 2552 2718 ratione
2592 2665 2659 2719 ab
2697 2679 2879 2719 errore
2934 2651 3299 2730 abscessuros,

1757 2767 1995 2821 veroque
2018 2753 2124 2806 Deo
2145 2752 2468 2816 credituros,
2505 2754 2667 2807 etiam
2692 2762 2852 2822 atque
2882 2754 3042 2808 etiam
3074 2754 3299 2823 pollice-

1761 2843 1976 2896 bantur.
2007 2841 2077 2896 At
2114 2843 2396 2912 Philippus
2453 2844 2694 2912 sociique
2743 2844 3083 2900 ferventibus
3134 2846 3303 2901 Deum

1762 2934 2245 3003 supplicationibus
2274 2935 2488 3003 placare
2516 2950 2531 2999 ;
2579 2935 2861 2989 orantibus
2886 2936 3142 2990 Dominus
3172 2951 3302 2993 con-

1764 3011 1940 3079 festini
1971 3040 2248 3094 apparere,
2281 3039 2512 3094 moxque
2564 3035 2799 3090 terram,
2842 3041 2909 3080 ne
2969 3037 3302 3095 mergeretur

1763 3117 2018 3186 hiatuque
2041 3117 2363 3180 subsideret,
2414 3117 2742 3181 confulcire;
2771 3116 2822 3170 vi
2857 3117 3088 3185 denique
3121 3118 3300 3172 divina

1760 3206 1928 3261 instar
1959 3206 2111 3260 scalae
2132 3206 2485 3274 pereuntibus
2543 3207 2828 3271 submissa,
2868 3207 2942 3260 ita
2979 3208 3044 3260 ad
3071 3209 3297 3261 salutem

1760 3299 1989 3352 munire.
2050 3297 2173 3352 Haec
2219 3297 2513 3352 incredulis
2548 3297 2672 3351 fidei
2707 3298 2939 3352 occasio.
2986 3298 3298 3352 Miraculum

1761 3389 1880 3453 hoc,
1909 3404 2122 3443 omnem
2149 3388 2258 3442 fere
2289 3389 2434 3442 illam
2459 3388 2725 3442 civitatem
2778 3390 3021 3458 adiunxit
3069 3389 3299 3464 Philippi

1760 3479 1889 3532 Deo.
1921 3477 2057 3531 Hinc
2083 3470 2325 3547 periculo
2355 3477 2638 3545 redempti,
2671 3475 2872 3532 Christi
2918 3478 3126 3532 vinctos
3155 3480 3299 3531 solu-

1762 3577 1872 3621 tum
1897 3568 2149 3637 lignoque
2172 3566 2477 3636 depositum
2529 3567 2761 3636 prompti
2795 3560 3084 3632 accedere;
3134 3576 3186 3620 at
3211 3582 3303 3621 co-

1763 3659 2108 3736 bibebantur,
2151 3659 2244 3728 qui
2288 3674 2583 3728 supernum
2630 3659 2696 3714 de
2750 3659 2868 3723 illis,
2901 3661 3186 3714 consilium
3221 3659 3302 3714 in-

1764 3735 2090 3818 telligerent.
2808 3778 2819 3806 ι

1837 3841 1917 3895 Tu
1969 3841 2208 3910 quidem,
2263 3820 2629 3910 apostolorum
2674 3849 2758 3894 ter
2801 3840 3126 3904 beatissime,
3179 3855 3299 3896 cum

1763 3933 1899 3987 solvi
1936 3933 2169 3988 vinculis
2183 3922 2465 3997 noluisses,
2493 3947 2556 3986 ac
2581 3947 2702 4000 quae
2726 3930 2885 3985 officii
2919 3939 3073 3986 erant
3095 3932 3300 3986 civitati

1764 4026 2101 4092 mandasses,
2158 4027 2476 4096 cunctisque
2531 4024 2791 4079 fratribus
2843 4027 2904 4078 tit
2937 4024 2991 4078 in
3024 4023 3127 4078 fide
3173 4024 3300 4079 Jesu
3376 4089 3379 4091 ἓ

1766 4127 2178 4188 perseverarent
2231 4132 2297 4172 ac
2358 4116 2623 4171 mandatis
2673 4113 2877 4169 assidui
2933 4123 3134 4179 essent,
3169 4131 3301 4182 pra:-

1765 4209 2000 4279 cepisses
2033 4226 2047 4262 :
2079 4217 2300 4278 tumque
2324 4206 2668 4276 supplicantis
2692 4205 3092 4272 animijpariter
3141 4202 3300 4273 atque

1763 4300 1959 4371 gratias
1980 4299 2186 4369 agentis
2209 4299 2526 4359 orationem,
2571 4297 2680 4349 Deo
2711 4305 2828 4359 tuo,
2861 4294 2992 4363 Regi
3026 4304 3118 4348 tuo
3144 4294 3302 4350 Chri-

153 4391 321 4460 νοερῶς
347 4392 438 4444 καὶ
487 4391 865 4462 ὑπερκοσμίως
906 4393 982 4464 τῷ
1000 4393 1117 4463 Θεῷ
1160 4411 1254 4449 σου
1310 4397 1403 4448 καὶ
1459 4397 1659 4467 βασιλεῑ

1767 4400 1850 4445 sto
1881 4389 1974 4459 qui
1999 4397 2336 4458 apparuerat,
2371 4386 2565 4440 mentis
2616 4397 2797 4447 sensu,
2846 4400 2910 4464 ac
2939 4399 3097 4454 supra
3143 4399 3299 4451 quam

154 4495 228 4530 σου
254 4479 619 4551 προσλαλῆσας
643 4483 876 4553 Χριστῷ,
904 4486 982 4547 είς
1006 4487 1190 4555 χεῖρας
1213 4486 1358 4557 αὐτῷ
1385 4487 1481 4557 τὴν
1527 4505 1662 4542 παν-

153 4569 305 4625 ολόίαν
346 4573 544 4627 ἀπέδου
596 4573 768 4644 ψυχήν
789 4589 805 4606 ·
865 4575 957 4628 καὶ
995 4577 1052 4628 ὲν
1107 4579 1254 4648 φωνῇ
1301 4578 1664 4645 ἀγαλλιάσεως

157 4664 230 4716 καὶ
249 4665 694 4734 ὲξομολογήσεως,
726 4668 784 4719 ὲν
813 4667 927 4737 ἤχῳ
959 4668 1318 4737 ἑορταζόντων
1345 4670 1542 4741 νοερῶν
1567 4673 1660 4725 καὶ

159 4752 289 4808 θείων
317 4757 623 4826 Δυνάμεων,
663 4756 799 4825 πρὸς
830 4757 926 4818 τὰς
946 4759 1198 4828 οὐρανίας
1220 4760 1362 4829 αὐτῷ
1383 4762 1477 4814 καὶ
1494 4761 1657 4829 ὑπερ-

160 4851 428 4913 φεπάτας
461 4848 859 4918 συνανελήφθης
883 4853 1069 4918 μονάς.

216 5047 254 5078 ⁸⁸
273 5047 421 5104 Cant.
454 5064 516 5115 ιι,
539 5050 600 5105 6.
663 5049 710 5082 ⁸⁸
735 5050 872 5105 Psal.
895 5065 980 5102 xu
1032 5051 1084 5104 5.

163 5185 260 5250 erat
275 5179 602 5248 praedicator.
629 5177 853 5250 saniora
881 5179 1017 5243 haec,
1053 5196 1214 5250 quam
1254 5181 1338 5234 illa
1370 5177 1571 5240 Abdize,
1600 5179 1666 5234 de

165 5246 338 5327 duabus
369 5250 598 5319 apostoli
644 5249 874 5330 ﬁliabus,
903 5265 1036 5330 qua:
1056 5246 1199 5372 ipost
1247 5251 1550 5330 aiiquantos
1571 5263 1670 5328 an-

165 5328 245 5369 nos
266 5332 314 5371 In
341 5321 607 5372 tumulum
633 5328 801 5372 nati-Is
830 5329 884 5372 et
903 5335 1029 5372 ansa)
1054 5337 1069 5372 1
1093 5321 1212 5372 latm
1251 5329 1379 5372 smt.
1406 5334 1434 5371 a
1465 5318 1666 5371 dextris

165 5328 245 5369 nos
266 5315 314 5389 in
341 5315 607 5373 tumulum
633 5319 814 5389 patris
830 5329 884 5373 et
903 5315 1036 5389 ipsai
1054 5315 1212 5373 iilatm
1251 5315 1379 5382 sint,
1406 5334 1434 5371 a
1465 5318 1666 5371 dextris

167 5392 257 5438 eta
281 5387 499 5442 sinistris
537 5389 687 5440 illius
704 5388 889 5456 positas
923 5387 1278 5442 acmiraculis
1309 5389 1494 5449 clarai;
1531 5401 1664 5456 quas

112 5490 115 5492 -
168 5457 414 5525 ementitus
463 5455 719 5525 scriptor
741 5471 846 5510 non
885 5457 1117 5512 advertit
1163 5456 1385 5509 alterius
1432 5455 1661 5523 Philippi

171 5521 281 5577 tilias
301 5521 598 5596 exstitisse,
649 5525 702 5579 id
734 5535 816 5578 est
841 5525 1046 5596 diaconi
1073 5543 1088 5592 ;
1118 5542 1236 5596 quae
1264 5525 1401 5579 forte
1431 5521 1663 5596 Philippi

171 5541 281 5577 unas
301 5541 562 5580 exsuusse
584 5567 598 5589 ,
649 5541 702 5579 tu
734 5541 816 5578 εει
841 5541 1046 5580 alacom
1073 5543 1088 5592 ;
1118 5542 1236 5596 quae
1264 5541 1401 5579 torte
1432 5541 1663 5645 rnmppi

168 5595 360 5658 apostoli
401 5611 601 5660 amore,
637 5604 690 5649 et
713 5595 855 5662 quod
899 5595 1127 5650 celebris
1148 5596 1337 5658 civitas
1365 5604 1497 5657 erat,
1528 5609 1613 5645 mu
1641 5625 1663 5634 -

170 5664 398 5732 tosquein
424 5681 484 5722 ea
518 5664 804 5735 Philippus
848 5662 1057 5721 Christo
1094 5664 1435 5735 acquisierat,
1493 5664 1659 5718 Palae-

1768 4479 1962 4535 decore
1981 4480 2328 4546 honesteque,
2355 4476 2666 4546 prolocutus
2680 4489 2847 4536 esses,
2875 4475 2928 4528 in
2959 4475 3300 4528 manusillius

1768 4569 2128 4639 beatissimam
2181 4569 2412 4621 animam
2472 4563 2741 4618 tradidisti
2777 4581 2790 4617 :
2824 4564 2987 4633 inque
3041 4579 3170 4617 voce
3215 4578 3304 4616 ex-

1766 4661 2071 4717 sultationis
2107 4669 2162 4714 et
2201 4657 2554 4714 confessionis
2580 4656 2634 4709 in
2665 4669 2798 4710 sono
2857 4655 3116 4708 mentium
3167 4669 3304 4723 epu-

1764 4751 2034 4805 lantium"
2056 4749 2461 4814 divinarumque
2482 4745 2829 4807 Potestatum,
2853 4742 2906 4794 in
2932 4743 3177 4797 caelestes
3193 4743 3304 4797 eii-

1766 4843 2006 4911 miasque
2047 4855 2108 4894 ac
2131 4839 2359 4904 divinas,
2390 4837 2481 4891 illo
2502 4844 2746 4900 auctore,
2777 4841 3033 4903 receptus
3061 4850 3121 4890 es
3147 4851 3301 4889 man-

1765 4941 1960 4994 siones.

1767 5178 1906 5232 stina
1929 5192 1956 5230 a
1982 5178 2238 5231 Romanis
2269 5181 2491 5237 vastata,
2529 5172 2624 5228 illo
2647 5173 3174 5244 commigrarant,_ac
3197 5171 3299 5244 ho-

1767 5248 1915 5316 spitii
1959 5246 2135 5300 locum
2181 5245 2253 5298 ibi
2283 5244 2637 5316 delegeranta
2672 5242 2825 5316 Quod
2852 5242 3059 5316 'eliamu
3081 5242 3298 5316 Mariam

1764 5310 1859 5370 seu
1886 5316 2228 5369 Mariamnem
2248 5311 2343 5365 τοῦ
2384 5313 2555 5378 Ἰησοῦ
2586 5310 2985 5381 εὐαγελίστριαν
3009 5311 3138 5381 dicit
3161 5312 3296 5381 πρὸς

1762 5387 1859 5450 τὰς
1903 5385 2219 5451 Ἑλληνίδας,
2251 5383 2592 5451 ίαηηιιηιίαεεε
2624 5379 2800 5436 Iesum
2835 5379 3128 5433 mulieribus
3155 5379 3300 5451 Grca-

1759 5447 1852 5518 cis,
1869 5455 2016 5509 sexui
2039 5447 2626 5515 convenientissimum,
2653 5467 2751 5505 nec
2767 5451 3022 5519 privatam
3036 5447 3301 5519 excedens

1767 5525 2231 5594 doctrinam,_qua_
2257 5519 2391 5589 nihil
2415 5527 2559 5575 vetat
2578 5517 2848 5594 mulieres,
2887 5518 3047 5594 etiam
3073 5517 3300 5572 summis

1767 5593 2019 5665 apostolis
2042 5589 2327 5659 adiutrices
2343 5600 2460 5645 esse
2487 5590 2792 5661 evangelica
2817 5589 3111 5642 functione.

3883 5773 3893 5848 ί
