3922 6314
581 368 680 434 183

1720 334 2006 428 meam
2043 371 2560 449 PAPHLAGONIS

3663 360 3774 437 184

648 487 1070 542 Bartholomaaus
1099 495 1279 540 autem
1317 501 1346 540 e
1379 485 1622 555 patibulo
1642 485 1941 554 depositus,
1983 499 2119 538 una-

2295 487 2695 556 Βαρθολομαῖος
2718 488 2774 541 δε
2805 487 2896 540 τοῦ
2937 486 3091 552 ξύλου
3123 486 3483 558 καθαιρεθεὶς,
3515 489 3608 541 καὶ
3653 491 3777 559 ἅμα

577 591 681 646 que
725 577 1119 645 sapicntissima
1157 576 1338 640 Maria,
1401 592 1524 630 cum
1562 574 1937 629 Christiferum
1981 575 2114 630 illud

579 669 986 722 tabernaculum
1024 676 1334 724 reverenter
1366 668 1736 739 sepeliendum
1763 677 2119 723 curassentac

577 759 870 814 Ecclesiam
900 761 1326 824 conﬁrmassent,
1372 776 1575 830 eosque
1634 758 1723 829 qui
1767 760 2120 815 accessissent

577 851 1008 916 illuminassent;
1057 868 1118 905 ac
1145 852 1190 905 si
1238 851 1368 919 quid
1426 852 1694 920 reliquum
1738 849 1804 903 ad
1848 849 2120 919 Evangelii

577 939 910 994 functionem
931 942 1238 1006 videbatur,
1261 942 1646 1011 complessent,
1691 955 1843 995 suam
1891 940 2119 1009 quisque

495 1078 498 1082 .
577 1032 718 1085 viam
742 1047 1047 1101 perrexere.

646 1123 725 1177 Tu
753 1138 899 1189 vero,
923 1137 1130 1176 summe
1165 1123 1360 1194 inclyte
1398 1138 1460 1176 ac
1492 1122 1668 1177 divine
1703 1121 1796 1176 Dei
1824 1136 1980 1191 puer,
2013 1135 2108 1175 caa-

576 1213 740 1268 lestes
787 1214 1014 1268 festivus
1045 1229 1171 1268 axes
1201 1214 1527 1268 inscendens
1569 1212 1871 1280 chorosque
1906 1225 2073 1281 agens
2105 1251 2118 1276 ,

575 1317 639 1356 ac
665 1316 784 1354 cum
806 1301 1062 1370 magistro
1090 1310 1252 1370 atque
1276 1301 1504 1356 Domino
1526 1301 1580 1353 in
1593 1307 1854 1354 :eternum
1877 1314 2118 1363 versans,

575 1391 746 1460 gaude
770 1392 1027 1445 aelaetare
1069 1401 1320 1460 tanquam
1350 1391 1444 1445 Dei
1469 1390 1608 1444 filius
1634 1388 1943 1458 adoptione,
1966 1389 2124 1458 quip-

578 1498 642 1550 pe
670 1483 762 1552 qui
805 1484 909 1538 hoc
934 1490 1127 1538 nactus
1153 1484 1248 1546 sis,
1274 1491 1335 1536 ut
1366 1496 1488 1536 cum
1515 1496 1580 1534 eo
1618 1480 1708 1549 qui
1731 1489 1925 1535 natura
1955 1480 2125 1534 Filius

576 1581 677 1635 est,
712 1587 902 1641 regnes
928 1573 1208 1641 vivasque,
1245 1557 1382 1627 etin
1410 1569 1800 1639 sempiternum
1827 1569 2026 1626 laeteris
2059 1584 2124 1624 ac

577 1664 860 1730 pnesentia
891 1664 1107 1718 fruaris.

645 1755 849 1817 Gaude,
885 1756 1026 1825 quod
1062 1757 1271 1810 Patrem
1325 1754 1589 1809 luminum
1636 1754 1822 1808 videre
1851 1752 2070 1822 cupiisti
2107 1769 2122 1818 ;

576 1860 806 1914 eumque
834 1848 1102 1909 videns“,
1124 1856 1470 1915 prototypum
1503 1847 1556 1899 in
1597 1845 1752 1911 Filio,
1780 1860 1842 1900 ac
1867 1855 2121 1914 tanquam

577 1931 627 1982 in
658 1931 886 2000 imagine
915 1931 1129 1995 vidisti;
1165 1931 1417 1998 velutque
1439 1930 1494 1986 in
1531 1930 1701 1997 radio,
1729 1930 1896 1985 solem
1911 1931 1964 1984 in
1988 1931 2122 1986 Uni-

575 2022 774 2091 genito,
821 2022 1130 2077 Genitorem
1163 2022 1487 2092 intelligens,
1518 2038 1661 2076 verae
1718 2023 1910 2091 plenus
1948 2022 2120 2086 lucis,

574 2116 724 2182 quasi
754 2113 1057 2170 flliuslucis
1100 2124 1262 2185 atque
1285 2131 1412 2169 vere
1469 2113 1582 2184 ipse
1630 2115 1723 2168 lux
1779 2114 2046 2184 enituisti,

645 2293 850 2356 Gaude,
881 2291 1083 2346 Christi
1110 2308 1373 2362 equorum
1430 2291 1824 2347 ferventissime
1851 2305 1914 2345 ac
1941 2290 2124 2360 perni-

579 2387 814 2456 cissime,
839 2401 997 2454 quem
1039 2385 1128 2448 ille
1164 2378 1557 2448 conscendens,
1585 2400 1647 2438 ac
1678 2384 1732 2437 in
1790 2399 1938 2438 mare
1978 2383 2122 2453 quod

578 2487 756 2530 mente
789 2477 1126 2546 intelligitur,
1185 2475 1471 2538 inducens,
1519 2475 1768 2545 miraque.
1793 2476 2000 2529 ratione
2033 2491 2123 2529 re-

577 2581 727 2638 gens,
758 2566 952 2620 multas
979 2581 1145 2634 aquas
1178 2574 1265 2618 tua
1280 2580 1445 2633 opera
1483 2565 1737 2633 (absurda
1762 2565 1968 2620 scilicet
1992 2582 2123 2636 gen-

578 2658 712 2710 tium
737 2671 893 2710 sensa
909 2651 975 2709 ac
1001 2653 1245 2724 consilia)
1273 2655 1621 2708 conturbavit
1652 2655 1718 2707 ⁸⁷.
1801 2653 1804 2656 ⁴

646 2747 849 2809 Gaude.
887 2745 1031 2816 quod
1070 2747 1392 2815 Spiritalium
1419 2747 1514 2800 Dei
1535 2762 1798 2816 equorum
1831 2747 2123 2818 (angelica-

580 2855 700 2894 rum
751 2839 959 2893 scilicet
986 2836 1335 2908 potestatum)
1370 2838 1645 2892 volatilem
1695 2838 1932 2893 indolem
1963 2851 2124 2909 atque

578 2931 799 2997 agilem,
822 2946 1110 2999 acremque
1140 2945 1202 2984 ac
1218 2929 1451 2984 alacrem
1481 2931 1762 2983 aemulatus
1792 2938 1951 2998 atque
1980 2945 2128 2983 amo-

577 3037 637 3076 re
666 3029 1003 3089 prosecutus,
1029 3036 1128 3089 pro
1143 3018 1378 3074 nominis
1401 3019 1596 3074 merito
1619 3019 1828 3072 ratione
1849 3017 2128 3087 Philippus

575 3113 872 3182 appeltatus
898 3126 975 3174 es,
998 3111 1200 3179 Deique
1230 3125 1443 3173 currus,
1465 3118 1535 3163 ut
1567 3108 1842 3178 Scriptura
1866 3109 2126 3178 loquitur,

572 3204 758 3258 decem
789 3203 1029 3256 millibus
1058 3201 1338 3270 multiplex
1382 3200 1682 3266 effectus“;
1714 3201 1766 3253 in
1808 3215 1916 3268 quo
1963 3199 2130 3253 millia

571 3308 780 3358 eorum,
804 3294 896 3362 qui
918 3302 968 3347 te
985 3301 1202 3346 auctore
1223 3280 1573 3346 crediderunt
1590 3290 1860 3359 (Ecclesiae
1880 3289 2131 3359 scilicet),

575 3385 913 3439 abundantes
949 3385 1061 3438 Deo
1093 3383 1326 3449 Sabaoth
1359 3383 1582 3453 gloriam
1606 3382 1920 3436 coneinunt.

647 3472 804 3529 Salve
835 3474 929 3537 sis,
964 3483 1018 3526 et
1051 3473 1261 3542 exsulta
1301 3487 1364 3526 ac
1412 3473 1607 3526 choros
1675 3471 1876 3534 ducito,
1927 3472 2019 3540 qui
2074 3470 2128 3524 in

577 3566 758 3620 medio
787 3566 1191 3634 eorypbzeorum
1216 3579 1476 3619 consessu
1507 3549 1760 3617 thronum
1805 3563 1988 3633 gloriae
2014 3577 2130 3617 sor-

579 3659 711 3711 titus
729 3671 807 3720 es,
832 3672 894 3710 ac
917 3656 1107 3726 primis
1123 3655 1379 3725 apostolis
1401 3661 1824 3708 connumeratus
1849 3671 1862 3706 :
1893 3655 2126 3724 primum

577 3746 813 3816 denique
847 3747 990 3815 apud
1021 3760 1334 3815 supremum
1363 3744 1603 3798 omnium
1616 3743 1842 3814 Regem,
1867 3744 2128 3798 honorem

579 3845 810 3892 c0nse¢u
821 3847 925 3891 tus.

647 3927 802 3982 Salve
839 3922 1119 3997 gaudeque
1145 3963 1160 3987 ,
1194 3940 1255 3980 ac
1302 3924 1460 3978 nobis
1515 3939 1730 3993 quoque
1780 3923 1989 3977 afﬂictis
2035 3939 2165 3979 ex-.

580 4017 800 4072 sultatio
825 4026 880 4072 et
908 4017 1092 4071 laetitia
1131 4023 1186 4070 et
1218 4015 1470 4086 gaudium
1495 4023 1632 4067 esto.
1676 4014 1978 4082 Pauperum
2011 4028 2130 4066 mo-

579 4108 763 4163 lestias
790 4109 908 4161 leva
938 4126 952 4174 ;
982 4107 1237 4162 Ecclesiis
1261 4121 1446 4176 pacem
1465 4104 1710 4164 restitue,
1736 4118 1798 4158 ac
1826 4103 2131 4172 tranquillis

582 4198 826 4252 moribus
864 4198 1119 4266 pietatem
1148 4214 1162 4249 :
1187 4205 1537 4263 nostramque
1568 4193 1710 4245 hanc
1744 4193 2127 4264 exiguamlau-

583 4290 853 4345 dationem
875 4298 1150 4358 acceptam
1182 4288 1410 4350 habens,
1468 4279 1779 4340 beatissime
1830 4295 1886 4339 tu
1927 4285 2130 4354 Deique

583 4395 807 4432 munere
850 4379 1179 4442 felicissime,
1253 4377 1508 4446 quodex
1558 4369 1876 4430 Christianae
1912 4374 2130 4446 pietatis

2216 579 2282 646 τῆ
2318 579 2602 650 σοφωτάτῃ
2635 579 2886 648 Μαριὰμ,
2940 581 3002 633 τὸ
3031 579 3397 647 Χριστοφόρον
3459 579 3776 649 σεϐασμίως

2217 669 2601 738 κεκηδευκότες
2617 669 2830 736 σκῆνος,
2849 669 2938 722 καὶ
2953 669 3048 740 τὴν
3063 668 3382 737 Ἐκκλησίαν
3397 669 3777 737 στηρίξαντες,

2218 757 2456 820 καὶτοὺς
2488 759 2806 828 προσιόντας
2836 759 3166 824 φωτίσαντες
3193 799 3207 823 ,
3264 758 3357 810 καὶ
3397 758 3449 810 εῐ
3487 775 3538 810 τι
3585 759 3778 811 λεῖπον

2218 849 2313 917 τῆς
2349 847 2654 920 ἱερουργίας
2679 847 2772 901 τοῦ
2815 846 3141 916 Εὑαγγελίου
3188 847 3639 913 συντετελεκότες,
3674 849 3777 900 οὓ-

2220 956 2298 992 τω
2331 939 2462 1010 πρὸς
2483 941 2581 1010 τὴν
2611 939 2730 993 κατ’
2765 939 2959 1002 αὐτοὺς
2981 939 3221 1009 ἐχώρουν
3243 937 3386 994 ὁδόν.-

2291 1115 2362 1168 Σὺ
2392 1115 2448 1170 δέ
2476 1133 2585 1186 μοι,
2613 1117 2927 1187 παναοίδιμε
2956 1117 3049 1171 καὶ
3075 1118 3322 1172 θεσπέσιε
3351 1115 3444 1169 τοῦ
3462 1104 3616 1168 ’Θεοῦ
3647 1117 3776 1178 παῖ,

2221 1209 2318 1272 τὰς
2339 1209 2590 1278 οὐρανίας
2612 1210 2790 1273 ἑστίας
2807 1209 3252 1280 χοροδατῶν,-καὶ
3273 1209 3349 1278 τῷ
3368 1207 3673 1276 διδασκάλῳ
3697 1207 3777 1260 δι’

2221 1301 2412 1367 αίῷνος
2442 1300 2536 1354 καὶ
2575 1301 2761 1371 Κυρίῳ
2789 1302 2988 1368 συνὼν,
3053 1304 3227 1372 χαῖρε,
3281 1301 3374 1354 καὶ
3420 1298 3777 1368 κατατέρπου

2222 1393 2296 1454 ὡς
2338 1392 2449 1454 υίὸς
2475 1390 2605 1444 Θεοῦ
2639 1391 2802 1458 θέσει,
2832 1393 2912 1463 τῷ
2966 1394 3103 1447 κατὰ
3135 1394 3291 1461 φύσιν
3339 1392 3454 1462 Υίῷ
3504 1391 3780 1460 συμδασι-

2224 1480 2398 1534 λεύειν
2429 1480 2624 1551 λαχὼν,
2644 1482 2738 1535 καὶ
2764 1481 2939 1546 συζῶν
2964 1485 3056 1536 καὶ
3086 1482 3602 1553 συνευφραινόμενος
3642 1481 3781 1551 ἀλη-

2225 1589 2328 1627 κτα
2358 1573 2453 1626 καὶ
2480 1572 2800 1644 συνομιλῶν.

2294 1755 2484 1824 Χαῖρε,
2539 1754 2620 1808 ὅτι
2653 1754 2744 1808 τὸν
2774 1742 2992 1826 Πατέρα
3026 1753 3134 1809 τῶν
3181 1753 3373 1824 φώτων
3418 1754 3785 1825 ἐπεθύμησας

2223 1846 2480 1912 κατιδεῖν,
2513 1846 2604 1900 καὶ
2647 1845 2831 1900 τοῦτον
2866 1847 3026 1917 δρῶν,
3080 1847 3359 1917 ἐδιδάχθης
3411 1849 3469 1899 ἒν
3526 1847 3604 1919 τῷ
3661 1848 3786 1915 Υἱῷ

2223 1938 2316 1990 καὶ
2370 1939 2444 2001 ὠς
2491 1939 2549 1992 ὲν
2579 1938 2746 1992 εικόνι
2774 1939 2833 1992 τὸ
2865 1938 3198 2011 ἀρχέτυπονο
3246 1938 3340 1992 καὶ
3387 1937 3466 2002 ὡς
3489 1939 3548 1992 ὲν
3598 1941 3788 1994 ἀπαυ-

2222 2027 2594 2099 γάσματι,τδν
2620 2031 2796 2101 ἥλιον·
2837 2031 2894 2084 ὲν
2945 2030 3023 2101 τῷ
3076 2031 3394 2099 Μονογενεῖ,
3431 2017 3532 2086 ’τὸν
3575 2033 3783 2101 γεννή-

2222 2136 2355 2189 τορα
2382 2120 2680 2184 κατανοῶν,
2714 2121 2930 2191 πλήρης
2979 2119 3029 2175 εἷ
3068 2122 3244 2191 φωτὸς
3275 2121 3526 2193 ἀληθοῦς,
3553 2123 3628 2186 ὼς
3664 2124 3788 2184 υἱὸς

2233 2211 2418 2279 ρωτὸς,
2451 2213 2542 2265 καὶ
2569 2213 2812 2281 αὑτοφῶς
2843 2212 3118 2283 πεφηνὼς.
3440 2234 3443 2235 ⁷
3681 2217 3697 2232 ⁸

2293 2304 2484 2371 Χαῖρε,
2555 2303 2685 2357 ῖππε
2730 2304 2972 2374 Χριστοῦ
3016 2305 3315 2376 θερμότατε
3355 2305 3447 2358 καὶ
3482 2304 3786 2374 ταχύτατε,

2227 2394 2286 2446 ὃν
2313 2394 2510 2457 ’ἐπιϐὰς
2539 2396 2763 2458 ἐκεῖνος,
2790 2397 2883 2448 καὶ
2902 2398 2982 2458 ἐἰς
3006 2395 3103 2464 τὴν
3130 2396 3325 2466 νοητὴν
3351 2388 3630 2470 θάλασσαν,
3652 2397 3784 2449 ἑπι-

2229 2486 2418 2551 ϐιόῶν,
2448 2487 2544 2540 καὶ
2599 2487 2912 2556 θαυμασίως
2963 2487 3212 2558 ἡνιοχῶν,
3247 2487 3412 2541 ὕδατα
3464 2488 3634 2542 πολλὰ
3693 2489 3787 2541 διὰ

2228 2577 2341 2642 σοῦ,
2374 2578 2441 2629 τὰ
2470 2579 2642 2632 ἄτοπα
2665 2581 2909 2649 νοήματα
2945 2578 3301 2651 συνετάραξεν
3333 2580 3441 2631 τῶν
3470 2579 3662 2634 ἐθνῶν.

2298 2754 2491 2823 Χαιρε,
2526 2769 2606 2807 οτι
2644 2755 2749 2807 τῶν
2775 2755 2976 2826 νοητῶν
3007 2755 3098 2809 τοῦ
3126 2755 3259 2808 Θεοῦ
3288 2754 3501 2820 ἵππων,
3561 2756 3662 2809 εἴτ’
3690 2755 3788 2809 οὖν

2227 2845 2532 2912 ἁγγελικῶν
2562 2847 2840 2916 δυνάμεων
2890 2848 2984 2917 τὴν
3043 2848 3250 2918 πτηνὴν
3303 2846 3460 2912 φύσιν
3503 2847 3595 2899 καὶ
3644 2863 3788 2916 γορ-

2229 2935 2352 3004 γὴν,
2417 2937 2509 2989 καὶ
2564 2937 2882 3006 δραστήριον
2943 2937 3228 3007 ἐζηλωκὼς
3283 2941 3376 2993 καὶ
3440 2937 3788 3007 πεφιληκὼς,

2239 3023 2462 3085 εἰκότως
2518 3025 2778 3086 Φίλιππος
2821 3027 3281 3098 προσηγορεύθης,
3315 3028 3408 3080 καὶ
3459 3029 3606 3097 ἅρμα
3638 3027 3787 3079 Θεοῦ

2241 3114 2630 3183 μυριοπλάσιον
2661 3116 2992 3186 ἀνεδείχθης,
3048 3117 3187 3170 κατὰ
3229 3117 3325 3188 τὴν
3371 3118 3608 3187 Γραφὴν,
3637 3120 3702 3170 ὲν
3743 3111 3790 3183 ᾧ

2232 3201 2468 3275 χιλιάδες
2492 3206 2597 3258 τῶν
2621 3207 2708 3259 διὰ
2735 3207 2826 3260 σοῦ
2855 3208 3071 3277 Χριστῷ
3097 3207 3510 3269 πιστευσάντων,
3552 3209 3604 3260 αἱ
3655 3209 3787 3260 Ἐκ-

2235 3293 2450 3364 κλησίαι
2487 3294 2827 3366 εὐθηνοῦσαι,
2869 3298 3023 3364 δόξαν
3077 3297 3464 3368 άνακρούονται
3531 3297 3608 3366 τῷ
3659 3297 3790 3366 Θεῷ

2234 3386 2474 3439 Σαϐαὼθ.
2578 3437 2582 3444 ,
2671 3435 2681 3452 ,
2768 3431 2775 3441 .

2302 3475 2474 3546 Χαῖρὲ
2508 3493 2596 3545 μοι
2632 3477 2726 3530 καὶ
2756 3477 2950 3546 σκίρτα
2978 3479 3069 3531 καὶ
3125 3479 3336 3549 χόρευε,
3379 3478 3568 3547 θρόνου
3618 3479 3785 3547 δόξης

2232 3564 2290 3617 ὲν
2329 3564 2476 3632 μέσῳ
2512 3564 2617 3617 τῶν
2643 3565 2951 3633 κορυφαίων
2972 3564 3333 3636 εὐμοιρηκὼς,
3364 3568 3458 3618 καὶ
3479 3568 3604 3627 τοῖς
3627 3569 3788 3634 πρὼ-

2231 3671 2342 3717 τοις
2355 3655 2785 3725 τῶνδάποστπόλων
2809 3654 3028 3725 συνηριθ
3037 3674 3108 3725 μη
3118 3657 3295 3726 μένος,
3323 3658 3417 3710 καὶ
3432 3656 3530 3724 τῆς
3557 3657 3788 3727 πρώτης

2234 3745 2383 3826 παρὰ
2415 3746 2490 3829 τῷ
2520 3746 2858 3816 Παμδασιλεῖ
2889 3745 3292 3818 κατηξιωμένος
3312 3747 3497 3818 τιμῆς.

2277 3921 2494 3992 λΧαῖρε,
2547 3921 2680 3974 ἀλλὰ
2746 3924 2838 3974 καὶ
2902 3923 3033 3993 ἡμῖν
3081 3922 3408 3993 θλιϐομένοις
3462 3921 3786 3990 ἀγαλλίασις

2234 4013 2384 4080 γίνου
2413 4013 2503 4065 καὶ
2538 4013 2842 4082 εὐφροσύνη
2876 4013 2973 4066 καὶ
2996 4014 3154 4085 χαρά.
3189 4016 3310 4078 Τοῖς
3364 4014 3612 4084 πένησιν,
3653 4015 3785 4068 ὲπι-

2233 4101 2488 4170 κούφισον
2515 4103 2612 4167 τὰς
2634 4105 2944 4175 δυσχερείας
2963 4121 2978 4135 ·
2995 4094 3115 4170 ταῖς
3147 4104 3486 4175 Ἐκκλησίαις
3503 4107 3787 4159 ἀποκατά-

2235 4211 2430 4264 στησον
2457 4195 2554 4264 τὴν
2604 4198 2823 4266 εἰρήνην
2873 4197 2970 4251 xui.
3003 4197 3100 4268 τὴν
3143 4197 3432 4266 εὐνομίαν·
3488 4198 3580 4253 καὶ
3625 4198 3786 4266 ἡμῶν

2230 4286 2328 4357 τὴν
2350 4286 2534 4355 ὀλίγην
2561 4287 2765 4356 ταύτην
2791 4286 2995 4341 αῐνεσιν
3022 4288 3434 4356 ἀποδεξάμενος,
3468 4287 3784 4359 πλήρωσον,

2231 4365 2276 4426 ὧ
2307 4371 2578 4441 τρισόλόιε
2628 4374 2719 4424 καὶ
2747 4372 3163 4457 θεομακάριστε,
3213 4373 3323 4443 τὴν.
3361 4373 3498 4426 κατὰ
3544 4376 3784 4444 Χριστὸν

584 4467 884 4522 rationibus
910 4478 1012 4532 cst,
1051 4468 1383 4522 desiderium
1412 4464 1868 4534 imple,bonmque
1897 4467 2125 4519 etbene-

2241 4463 2524 4532 ἐπιθυμίαν
2548 4481 2561 4495 ·
2606 4465 2696 4517 καὶ
2726 4465 2862 4534 πρὸς
2886 4466 2946 4518 τὸ
2967 4466 3166 4534 ἀγαθὸν
3219 4467 3313 4518 καὶ
3363 4467 3652 4536 εὐάρεστον
3687 4471 3784 4542 καὶ

583 4554 816 4626 placenti
845 4563 1003 4622 atque
1037 4554 1283 4622 perfectae
1326 4557 1516 4617 aptans
1567 4549 1776 4604 Domini
1825 4551 2119 4612 voluntati,

585 4646 930 4702 inconfusum
954 4647 1060 4698 Deo
1093 4642 1286 4696 exhibe
1320 4657 1332 4691 :
1387 4639 1442 4691 in
1484 4638 1699 4694 Christo
1727 4643 1856 4696 Jesu
1898 4641 2126 4695 Domino

583 4745 792 4801 nostro,
819 4733 1084 4804 cuigloria
1105 4739 1160 4784 et
1182 4726 1469 4795 imperium
1493 4726 1548 4780 in
1574 4729 1763 4781 sascula
1787 4730 2124 4784 saeculorum.

584 4829 774 4884 Amen.

903 4958 980 5009 Eu“.
1017 4951 1282 5008 miraculis
1313 4951 1536 5022 Philippi
1571 4949 1808 5021 apostoli.

661 5070 1078 5125 Lucidissimum
1147 5067 1297 5121 sidus
1357 5067 1458 5121 hoc
1523 5079 1857 5133 magnusque
1917 5062 2130 5120 Domini

534 5174 537 5176 ’
593 5163 893 5234 apostolus,
921 5177 1040 5214 cum
1078 5162 1130 5214 in
1165 5160 1429 5214 Galilagam
1467 5161 1570 5213 iret
1599 5157 1928 5230 pnedicans,
1957 5157 2132 5214 adhuc

663 5345 707 5376 ⁸⁸
738 5345 890 5396 Joan.
921 5358 1028 5404 xw,
1053 5342 1104 5395 8.
1177 5345 1217 5376 ³⁷
1274 5346 1474 5403 Habac.
1527 5362 1606 5410 Ill,
1654 5345 1704 5399 8.
1782 5345 1826 5376 ⁸⁸
1855 5345 1993 5400 Psal.
2040 5363 2195 5407 van,

671 5495 777 5564 (59)
818 5497 1060 5552 Narratio
1111 5500 1238 5566 haec,
1275 5505 1352 5556 sic
1385 5503 1693 5554 Grmcorum
1745 5501 1958 5555 Menaeis
2006 5517 2131 5554 con-

598 5576 826 5640 secrata,
880 5569 1156 5640 maiimam
1201 5572 1382 5640 procul
1412 5570 1578 5621 dubio
1631 5572 1740 5623 veri
1775 5573 2004 5639 speciem
2039 5571 2132 5622 ha-

599 5637 710 5697 bet,
748 5637 1265 5693 conscntientissima
1313 5641 1432 5691 aliis
1493 5655 1607 5705 qua:
1632 5643 1685 5692 in
1721 5637 1839 5694 Act.
1875 5641 2130 5692 adversus

600 5705 871 5777 apostolos
893 5715 1032 5773 gesta
1062 5709 1304 5775 legimus,
1351 5708 1428 5756 ιρι
1481 5724 1596 5774 qum
1642 5713 1801 5761 etiam
1831 5725 1860 5760 a
1893 5707 2129 5777 probatis

595 5775 901 5828 auctoribus
941 5778 1275 5833 reierunlurr
1304 5776 1504 5829 Nomen
1536 5781 1622 5829 An
1645 5780 1781 5833 hclai
1829 5775 2131 5846 Obrepsisse

2231 4554 2431 4606 τέλειον
2462 4553 2671 4624 θέλημα
2703 4555 2796 4609 τοῦ
2844 4559 3110 4612 Δεσπότου
3162 4551 3518 4629 συμϐιϐάσας,
3548 4563 3779 4615 ἀκαται-

2236 4661 2460 4714 σχυντον
2494 4644 2842 4717 παράστησον
2865 4649 2940 4719 τῷ
2963 4650 3099 4720 Θεῷο
3131 4651 3189 4703 ὲν
3218 4651 3437 4722 Χριστῷ
3475 4652 3650 4721 Ἰησοῦ
3703 4657 3782 4721 τῷ

2234 4733 2423 4804 Κυρίῳ
2447 4734 2623 4805 ἡμῶν,
2656 4729 2699 4805 ᾧ
2729 4736 2903 4806 ήδόξα
2937 4739 3028 4792 καὶ
3057 4739 3115 4793 τδ
3145 4741 3338 4811 κράτος
3374 4743 3454 4804 εὶς
3487 4742 3615 4802 τοὺς
3643 4740 3782 4800 αἰῶ·-

2235 4842 2330 4885 νας
2361 4825 2465 4878 τῶν
2494 4825 2723 4880 αἰώνων.
2757 4828 2947 4900 Ἀμήν.

2385 4960 2486 5012 Ἐκ
2518 4958 2634 5012 τῶν
2663 4961 2969 5028 θαυμάτων
3000 4962 3103 5015 τοῦ
3135 4962 3479 5017 ἀποστόλου
3513 4961 3648 5031 (59).

2305 5063 2469 5132 Οὗτος
2510 5073 2537 5121 ὁ
2581 5073 2920 5136 φαεινότατος
2953 5076 3123 5146 ἀστὴρ
3166 5077 3256 5127 καὶ
3305 5075 3471 5142 μέίας
3511 5075 3603 5126 τοῦ
3665 5079 3776 5131 Κυ-

2240 5161 2353 5232 ρίου
2393 5162 2716 5226 ἀπόστολος,
2765 5166 2835 5228 ὠς
2885 5160 3184 5236 ἐπ”αὺτὴν
3235 5165 3316 5235 ᾔει
3349 5166 3444 5236 τῆν
3488 5167 3777 5222 Γαλιλαίαν

2235 5348 2315 5399 18.

2239 5499 2587 5576 typographo,
2613 5504 2734 5576 sive
2760 5505 2922 5557 etiam
2965 5505 3288 5574 antiquario,
3321 5523 3383 5575 ex
3411 5523 3518 5575 quo
3553 5509 3642 5562 ille
3676 5524 3771 5562 ex-

2274 5573 2450 5631 ressit,
2484 5573 2821 5626 manifestum
2873 5582 2990 5637 est;
3036 5573 3137 5630 nec
3179 5577 3322 5628 enim
3346 5573 3538 5627 ’tandiu
3572 5579 3772 5631 Arche-

2257 5653 2350 5712 aus
2407 5651 2674 5705 superstes
2720 5642 2838 5703 fuit,
2897 5650 2990 5712 aut
3020 5645 3157 5696 alius
3177 5646 3291 5712 ejus
3325 5645 3558 5697 nominis
3588 5647 3641 5699 in
3680 5648 3773 5701 Ju-

2234 5708 2453 5781 d_a:a,ea
2482 5718 2789 5781 tempestate
2820 5724 2912 5763 rex
2946 5711 3063 5773 fuit,
3100 5708 3313 5781 qui'jns
3360 5712 3484 5781 vitae
3524 5730 3586 5767 ac
3629 5717 3772 5770 necis

2233 5777 2336 5833 sibi
2366 5777 2682 5851 indulgeret,
2712 5780 2765 5833 in
2796 5794 2888 5833 eos
2915 5784 3004 5849 qui
3042 5777 3279 5834 Mosaicze
3311 5779 3438 5848 legis
3480 5783 3772 5841 violatores
