  <div class='ocr_page' id='page_1' title='image "/cluster/home/n/w/nwhite01/storage/ocr_20150623/105/pst.000005714155/111.png"; bbox 0 0 3922 6314; ppageno 0'>
   <div class='ocr_carea' id='block_1_1' title="bbox 522 195 621 260">
    <p class='ocr_par' dir='ltr' id='par_1_1' title="bbox 522 195 621 260">
     <span class='ocr_line' id='line_1_1' title="bbox 522 195 621 260; baseline 0 0"><span class='ocrx_word' id='word_1_1' title='bbox 522 195 621 260; x_wconf 71' lang='lat'><strong>187</strong></span> 
     </span>
    </p>
   </div>
   <div class='ocr_carea' id='block_1_2' title="bbox 1688 177 2527 244">
    <p class='ocr_par' dir='ltr' id='par_1_2' title="bbox 1688 177 2527 244">
     <span class='ocr_line' id='line_1_2' title="bbox 1688 177 2527 244; baseline -0.007 1"><span class='ocrx_word' id='word_1_2' title='bbox 1688 177 1975 244; x_wconf 72' lang='lat' dir='ltr'><strong>NlCET/E</strong></span> <span class='ocrx_word' id='word_1_3' title='bbox 2012 178 2527 240; x_wconf 82' lang='lat' dir='ltr'><strong>PAPHLAGONIS</strong></span> 
     </span>
    </p>
   </div>
   <div class='ocr_carea' id='block_1_3' title="bbox 3549 122 3705 240">
    <p class='ocr_par' dir='ltr' id='par_1_3' title="bbox 3549 122 3705 240">
     <span class='ocr_line' id='line_1_3' title="bbox 3549 122 3705 240; baseline -0.006 0"><span class='ocrx_word' id='word_1_4' title='bbox 3549 122 3705 240; x_wconf 22' lang='lat'>.188</span> 
     </span>
    </p>
   </div>
   <div class='ocr_carea' id='block_1_4' title="bbox 520 285 2070 370">
    <p class='ocr_par' dir='ltr' id='par_1_4' title="bbox 520 289 2064 370">
     <span class='ocr_line' id='line_1_4' title="bbox 520 289 2064 370; baseline -0.013 -8"><span class='ocrx_word' id='word_1_5' title='bbox 520 307 623 363; x_wconf 87' lang='lat' dir='ltr'><strong>sibi</strong></span> <span class='ocrx_word' id='word_1_6' title='bbox 650 302 897 359; x_wconf 83' lang='lat' dir='ltr'><strong>tribunal</strong></span> <span class='ocrx_word' id='word_1_7' title='bbox 916 299 1094 370; x_wconf 81' lang='lat' dir='ltr'><strong>parari</strong></span> <span class='ocrx_word' id='word_1_8' title='bbox 1122 296 1309 369; x_wconf 84' lang='lat' dir='ltr'><strong>jubet;</strong></span> <span class='ocrx_word' id='word_1_9' title='bbox 1342 294 1744 365; x_wconf 84' lang='lat' dir='ltr'><strong>mutatoriaque</strong></span> <span class='ocrx_word' id='word_1_10' title='bbox 1771 289 2064 364; x_wconf 84' lang='lat' dir='ltr'><strong>pontiﬁcali</strong></span> 
     </span>
    </p>
   </div>
   <div class='ocr_carea' id='block_1_5' title="bbox 2171 285 3708 370">
    <p class='ocr_par' dir='ltr' id='par_1_5' title="bbox 2171 285 3708 364">
     <span class='ocr_line' id='line_1_5' title="bbox 2171 285 3708 364; baseline -0.019 -9"><span class='ocrx_word' id='word_1_11' title='bbox 2171 288 2570 359; x_wconf 63' lang='grc' dir='ltr'><em>χαριζομένων,</em></span> <span class='ocrx_word' id='word_1_12' title='bbox 2621 286 2822 356; x_wconf 76' lang='grc' dir='ltr'><em>ὑψηλὸν</em></span> <span class='ocrx_word' id='word_1_13' title='bbox 2851 286 2994 357; x_wconf 85' lang='grc' dir='ltr'><strong>αὐτῷ</strong></span> <span class='ocrx_word' id='word_1_14' title='bbox 3021 285 3269 354; x_wconf 83' lang='grc' dir='ltr'><em>γενέσθαι</em></span> <span class='ocrx_word' id='word_1_15' title='bbox 3308 286 3455 358; x_wconf 76' lang='grc' dir='ltr'><em>βῆμα</em></span> <span class='ocrx_word' id='word_1_16' title='bbox 3493 303 3708 364; x_wconf 81' lang='grc' dir='ltr'><em>παρηγ-</em></span> 
     </span>
    </p>
   </div>
   <div class='ocr_carea' id='block_1_6' title="bbox 517 381 2062 463">
    <p class='ocr_par' dir='ltr' id='par_1_6' title="bbox 517 381 2062 463">
     <span class='ocr_line' id='line_1_6' title="bbox 517 381 2062 463; baseline -0.011 -12"><span class='ocrx_word' id='word_1_17' title='bbox 517 393 800 463; x_wconf 80' lang='lat' dir='ltr'><strong>chlamyde</strong></span> <span class='ocrx_word' id='word_1_18' title='bbox 823 398 1118 458; x_wconf 87' lang='lat' dir='ltr'><strong>assumpta,</strong></span> <span class='ocrx_word' id='word_1_19' title='bbox 1140 385 1392 457; x_wconf 84' lang='lat' dir='ltr'><strong>superbia</strong></span> <span class='ocrx_word' id='word_1_20' title='bbox 1415 394 1648 451; x_wconf 46' lang='lat' dir='ltr'><strong>tumens,</strong></span> <span class='ocrx_word' id='word_1_21' title='bbox 1665 383 1857 455; x_wconf 76' lang='lat' dir='ltr'><strong>iudicii</strong></span> <span class='ocrx_word' id='word_1_22' title='bbox 1881 381 2062 453; x_wconf 82' lang='lat' dir='ltr'><strong>sedem</strong></span> 
     </span>
    </p>
   </div>
   <div class='ocr_carea' id='block_1_7' title="bbox 517 471 2063 548">
    <p class='ocr_par' dir='ltr' id='par_1_7' title="bbox 517 471 2063 548">
     <span class='ocr_line' id='line_1_7' title="bbox 517 471 2063 548; baseline -0.01 -8"><span class='ocrx_word' id='word_1_23' title='bbox 517 481 859 545; x_wconf 70' lang='lat' dir='ltr'><strong>conscendit,</strong></span> <span class='ocrx_word' id='word_1_24' title='bbox 905 481 1115 534; x_wconf 88' lang='lat' dir='ltr'><strong>cunctis</strong></span> <span class='ocrx_word' id='word_1_25' title='bbox 1158 480 1274 548; x_wconf 85' lang='lat' dir='ltr'><strong>ejus</strong></span> <span class='ocrx_word' id='word_1_26' title='bbox 1321 474 1512 546; x_wconf 60' lang='lat' dir='ltr'><strong>patria:</strong></span> <span class='ocrx_word' id='word_1_27' title='bbox 1558 474 1825 539; x_wconf 88' lang='lat' dir='ltr'><strong>eruditis,</strong></span> <span class='ocrx_word' id='word_1_28' title='bbox 1867 487 1930 528; x_wconf 85' lang='lat' dir='ltr'><strong>ac</strong></span> <span class='ocrx_word' id='word_1_29' title='bbox 1969 471 2063 541; x_wconf 85' lang='lat' dir='ltr'><strong>qui</strong></span> 
     </span>
    </p>
   </div>
   <div class='ocr_carea' id='block_1_8' title="bbox 487 561 2064 635">
    <p class='ocr_par' dir='ltr' id='par_1_8' title="bbox 487 561 2064 635">
     <span class='ocr_line' id='line_1_8' title="bbox 487 561 2064 635; baseline -0.008 -5"><span class='ocrx_word' id='word_1_30' title='bbox 487 583 774 630; x_wconf 65' lang='lat' dir='ltr'><strong>‘venerant</strong></span> <span class='ocrx_word' id='word_1_31' title='bbox 806 589 927 627; x_wconf 83' lang='lat' dir='ltr'><strong>cum</strong></span> <span class='ocrx_word' id='word_1_32' title='bbox 965 588 1060 635; x_wconf 88' lang='lat' dir='ltr'><strong>eo,</strong></span> <span class='ocrx_word' id='word_1_33' title='bbox 1099 571 1286 625; x_wconf 78' lang='lat' dir='ltr'><strong>timore</strong></span> <span class='ocrx_word' id='word_1_34' title='bbox 1329 567 1650 623; x_wconf 80' lang='lat' dir='ltr'><strong>astantibus.</strong></span> <span class='ocrx_word' id='word_1_35' title='bbox 1683 567 1916 622; x_wconf 75' lang='lat' dir='ltr'><strong>Vocatus</strong></span> <span class='ocrx_word' id='word_1_36' title='bbox 1960 561 2064 618; x_wconf 85' lang='lat' dir='ltr'><strong>ita-</strong></span> 
     </span>
    </p>
   </div>
   <div class='ocr_carea' id='block_1_9' title="bbox 517 658 2056 736">
    <p class='ocr_par' dir='ltr' id='par_1_9' title="bbox 517 658 2056 736">
     <span class='ocr_line' id='line_1_9' title="bbox 517 658 2056 736; baseline -0.008 -16"><span class='ocrx_word' id='word_1_37' title='bbox 517 684 621 736; x_wconf 86' lang='lat' dir='ltr'><strong>que</strong></span> <span class='ocrx_word' id='word_1_38' title='bbox 653 666 946 736; x_wconf 81' lang='lat' dir='ltr'><strong>apostolus,</strong></span> <span class='ocrx_word' id='word_1_39' title='bbox 972 663 1182 718; x_wconf 88' lang='lat' dir='ltr'><strong>medius</strong></span> <span class='ocrx_word' id='word_1_40' title='bbox 1208 659 1378 725; x_wconf 82' lang='lat' dir='ltr'><strong>stetit,</strong></span> <span class='ocrx_word' id='word_1_41' title='bbox 1402 658 1646 728; x_wconf 75' lang='lat' dir='ltr'><strong>pontifici</strong></span> <span class='ocrx_word' id='word_1_42' title='bbox 1676 658 2056 727; x_wconf 80' lang='lat' dir='ltr'><strong>responsurus.</strong></span> 
     </span>
    </p>
   </div>
   <div class='ocr_carea' id='block_1_10' title="bbox 517 743 2066 825">
    <p class='ocr_par' dir='ltr' id='par_1_10' title="bbox 517 743 2066 825">
     <span class='ocr_line' id='line_1_10' title="bbox 517 743 2066 825; baseline -0.01 -13"><span class='ocrx_word' id='word_1_43' title='bbox 517 756 594 812; x_wconf 78' lang='lat' dir='ltr'><strong>Ad</strong></span> <span class='ocrx_word' id='word_1_44' title='bbox 621 770 785 825; x_wconf 88' lang='lat' dir='ltr'><strong>quem</strong></span> <span class='ocrx_word' id='word_1_45' title='bbox 825 755 1065 825; x_wconf 81' lang='lat' dir='ltr'><strong>pontifex</strong></span> <span class='ocrx_word' id='word_1_46' title='bbox 1100 756 1153 806; x_wconf 90' lang='lat' dir='ltr'><strong>in</strong></span> <span class='ocrx_word' id='word_1_47' title='bbox 1191 752 1305 816; x_wconf 64' lang='lat' dir='ltr'><strong>haec</strong></span> <span class='ocrx_word' id='word_1_48' title='bbox 1336 751 1499 804; x_wconf 85' lang='lat' dir='ltr'><strong>verba</strong></span> <span class='ocrx_word' id='word_1_49' title='bbox 1532 755 1919 820; x_wconf 82' lang='lat' dir='ltr'><strong>percontatur:</strong></span> <span class='ocrx_word' id='word_1_50' title='bbox 1949 743 2066 798; x_wconf 87' lang='lat' dir='ltr'><strong>Non</strong></span> 
     </span>
    </p>
   </div>
   <div class='ocr_carea' id='block_1_11' title="bbox 499 835 2065 908">
    <p class='ocr_par' dir='ltr' id='par_1_11' title="bbox 499 835 2065 908">
     <span class='ocr_line' id='line_1_11' title="bbox 499 835 2065 908; baseline -0.008 -8"><span class='ocrx_word' id='word_1_51' title='bbox 499 850 644 902; x_wconf 85' lang='lat' dir='ltr'><strong>.satis</strong></span> <span class='ocrx_word' id='word_1_52' title='bbox 691 849 887 908; x_wconf 73' lang='lat' dir='ltr'><strong>risum,</strong></span> <span class='ocrx_word' id='word_1_53' title='bbox 924 856 1226 899; x_wconf 86' lang='lat' dir='ltr'><strong>cunctorum</strong></span> <span class='ocrx_word' id='word_1_54' title='bbox 1275 838 1562 900; x_wconf 72' lang='lat' dir='ltr'><strong>miserrime</strong></span> <span class='ocrx_word' id='word_1_55' title='bbox 1608 842 1898 901; x_wconf 75' lang='lat' dir='ltr'><strong>hominum,</strong></span> <span class='ocrx_word' id='word_1_56' title='bbox 1931 835 2065 906; x_wconf 87' lang='lat' dir='ltr'><strong>quod</strong></span> 
     </span>
    </p>
   </div>
   <div class='ocr_carea' id='block_1_12' title="bbox 516 928 2065 1004">
    <p class='ocr_par' dir='ltr' id='par_1_12' title="bbox 516 928 2065 1004">
     <span class='ocr_line' id='line_1_12' title="bbox 516 928 2065 1004; baseline -0.009 -11"><span class='ocrx_word' id='word_1_57' title='bbox 516 938 713 994; x_wconf 68' lang='lat' dir='ltr'><strong>ludant</strong></span> <span class='ocrx_word' id='word_1_58' title='bbox 766 950 816 992; x_wconf 90' lang='lat' dir='ltr'><strong>et</strong></span> <span class='ocrx_word' id='word_1_59' title='bbox 873 937 1106 993; x_wconf 72' lang='lat' dir='ltr'><strong>Galilazw</strong></span> <span class='ocrx_word' id='word_1_60' title='bbox 1161 945 1208 989; x_wconf 89' lang='lat' dir='ltr'><strong>et</strong></span> <span class='ocrx_word' id='word_1_61' title='bbox 1261 933 1520 989; x_wconf 74' lang='lat' dir='ltr'><strong>Samaria:</strong></span> <span class='ocrx_word' id='word_1_62' title='bbox 1571 934 1825 1004; x_wconf 75' lang='lat' dir='ltr'><strong>pravitate</strong></span> <span class='ocrx_word' id='word_1_63' title='bbox 1882 928 2065 982; x_wconf 83' lang='lat' dir='ltr'><strong>mentis</strong></span> 
     </span>
    </p>
   </div>
   <div class='ocr_carea' id='block_1_13' title="bbox 519 1020 2063 1100">
    <p class='ocr_par' dir='ltr' id='par_1_13' title="bbox 519 1020 2063 1100">
     <span class='ocr_line' id='line_1_13' title="bbox 519 1020 2063 1100; baseline -0.008 -17"><span class='ocrx_word' id='word_1_64' title='bbox 519 1031 826 1100; x_wconf 73' lang='lat' dir='ltr'><strong>obrepseris,</strong></span> <span class='ocrx_word' id='word_1_65' title='bbox 877 1029 1314 1097; x_wconf 81' lang='lat' dir='ltr'><strong>simplicioresq-ue</strong></span> <span class='ocrx_word' id='word_1_66' title='bbox 1344 1028 1398 1080; x_wconf 85' lang='lat' dir='ltr'><strong>in</strong></span> <span class='ocrx_word' id='word_1_67' title='bbox 1430 1027 1502 1079; x_wconf 88' lang='lat' dir='ltr'><strong>eis</strong></span> <span class='ocrx_word' id='word_1_68' title='bbox 1535 1020 2063 1096; x_wconf 9' lang='lat' dir='ltr'><strong>errore’dementaris,</strong></span> 
     </span>
    </p>
   </div>
   <div class='ocr_carea' id='block_1_14' title="bbox 517 1104 2062 1188">
    <p class='ocr_par' dir='ltr' id='par_1_14' title="bbox 517 1104 2062 1188">
     <span class='ocr_line' id='line_1_14' title="bbox 517 1104 2062 1188; baseline -0.007 -14"><span class='ocrx_word' id='word_1_69' title='bbox 517 1122 606 1175; x_wconf 87' lang='lat' dir='ltr'><strong>sed</strong></span> <span class='ocrx_word' id='word_1_70' title='bbox 636 1129 686 1174; x_wconf 88' lang='lat' dir='ltr'><strong>et</strong></span> <span class='ocrx_word' id='word_1_71' title='bbox 712 1122 1030 1176; x_wconf 77' lang='lat' dir='ltr'><strong>Athenarum</strong></span> <span class='ocrx_word' id='word_1_72' title='bbox 1065 1120 1202 1173; x_wconf 83' lang='lat' dir='ltr'><strong>urbis</strong></span> <span class='ocrx_word' id='word_1_73' title='bbox 1235 1119 1491 1188; x_wconf 86' lang='lat' dir='ltr'><strong>sapientes</strong></span> <span class='ocrx_word' id='word_1_74' title='bbox 1525 1104 1728 1169; x_wconf 84' lang='lat' dir='ltr'><strong>tentare</strong></span> <span class='ocrx_word' id='word_1_75' title='bbox 1754 1111 1959 1169; x_wconf 85' lang='lat' dir='ltr'><strong>molitus</strong></span> <span class='ocrx_word' id='word_1_76' title='bbox 1990 1126 2062 1174; x_wconf 82' lang='lat' dir='ltr'><strong>es,</strong></span> 
     </span>
    </p>
   </div>
   <div class='ocr_carea' id='block_1_15' title="bbox 519 1199 2064 1284">
    <p class='ocr_par' dir='ltr' id='par_1_15' title="bbox 519 1199 2064 1284">
     <span class='ocr_line' id='line_1_15' title="bbox 519 1199 2064 1284; baseline -0.007 -21"><span class='ocrx_word' id='word_1_77' title='bbox 519 1211 822 1264; x_wconf 58' lang='lat' dir='ltr'><strong>existimans</strong></span> <span class='ocrx_word' id='word_1_78' title='bbox 856 1211 1104 1262; x_wconf 82' lang='lat' dir='ltr'><strong>nimirum</strong></span> <span class='ocrx_word' id='word_1_79' title='bbox 1137 1210 1272 1261; x_wconf 83' lang='lat' dir='ltr'><strong>viros</strong></span> <span class='ocrx_word' id='word_1_80' title='bbox 1306 1214 1447 1260; x_wconf 88' lang='lat' dir='ltr'><strong>catos</strong></span> <span class='ocrx_word' id='word_1_81' title='bbox 1480 1213 1634 1274; x_wconf 75' lang='lat' dir='ltr'><strong>atque</strong></span> <span class='ocrx_word' id='word_1_82' title='bbox 1667 1201 1955 1284; x_wconf 72' lang='lat' dir='ltr'><strong>prudentes</strong></span> <span class='ocrx_word' id='word_1_83' title='bbox 1976 1199 2064 1254; x_wconf 84' lang='lat' dir='ltr'><strong>abs</strong></span> 
     </span>
    </p>
   </div>
   <div class='ocr_carea' id='block_1_16' title="bbox 520 1293 2067 1370">
    <p class='ocr_par' dir='ltr' id='par_1_16' title="bbox 520 1293 2067 1370">
     <span class='ocr_line' id='line_1_16' title="bbox 520 1293 2067 1370; baseline -0.007 -15"><span class='ocrx_word' id='word_1_84' title='bbox 520 1311 568 1355; x_wconf 88' lang='lat' dir='ltr'><strong>te</strong></span> <span class='ocrx_word' id='word_1_85' title='bbox 591 1302 858 1355; x_wconf 79' lang='lat' dir='ltr'><strong>seductum</strong></span> <span class='ocrx_word' id='word_1_86' title='bbox 883 1303 971 1354; x_wconf 92' lang='lat' dir='ltr'><strong>iri.</strong></span> <span class='ocrx_word' id='word_1_87' title='bbox 1005 1303 1077 1354; x_wconf 84' lang='lat' dir='ltr'><strong>Ac</strong></span> <span class='ocrx_word' id='word_1_88' title='bbox 1108 1301 1310 1370; x_wconf 63' lang='lat' dir='ltr'><strong>quidem</strong></span> <span class='ocrx_word' id='word_1_89' title='bbox 1339 1306 1406 1362; x_wconf 90' lang='lat' dir='ltr'><strong>te,</strong></span> <span class='ocrx_word' id='word_1_90' title='bbox 1434 1296 1573 1370; x_wconf 82' lang='lat' dir='ltr'><strong>velut</strong></span> <span class='ocrx_word' id='word_1_91' title='bbox 1589 1297 1685 1368; x_wconf 57' lang='grc' dir='ltr'><strong><em>ῃιὶ</em></strong></span> <span class='ocrx_word' id='word_1_92' title='bbox 1714 1309 1886 1347; x_wconf 87' lang='lat' dir='ltr'><strong>errore</strong></span> <span class='ocrx_word' id='word_1_93' title='bbox 1914 1293 2067 1346; x_wconf 84' lang='lat' dir='ltr'><strong>sedu-</strong></span> 
     </span>
    </p>
   </div>
   <div class='ocr_carea' id='block_1_17' title="bbox 517 1367 2064 1460">
    <p class='ocr_par' dir='ltr' id='par_1_17' title="bbox 517 1367 2064 1460">
     <span class='ocr_line' id='line_1_17' title="bbox 517 1367 2064 1460; baseline -0.007 -16"><span class='ocrx_word' id='word_1_94' title='bbox 517 1380 630 1445; x_wconf 78' lang='lat' dir='ltr'><strong>ctus</strong></span> <span class='ocrx_word' id='word_1_95' title='bbox 669 1392 760 1456; x_wconf 90' lang='lat' dir='ltr'><strong>sis,</strong></span> <span class='ocrx_word' id='word_1_96' title='bbox 790 1391 857 1444; x_wconf 91' lang='lat' dir='ltr'><strong>ad</strong></span> <span class='ocrx_word' id='word_1_97' title='bbox 893 1406 1114 1460; x_wconf 71' lang='lat' dir='ltr'><strong>prazsens</strong></span> <span class='ocrx_word' id='word_1_98' title='bbox 1158 1391 1350 1446; x_wconf 69' lang='lat' dir='ltr'><strong>omisso~</strong></span> <span class='ocrx_word' id='word_1_99' title='bbox 1384 1367 1669 1457; x_wconf 57' lang='lat' dir='ltr'><strong>spretolirte,</strong></span> <span class='ocrx_word' id='word_1_100' title='bbox 1703 1383 1769 1436; x_wconf 89' lang='lat' dir='ltr'><strong>ad</strong></span> <span class='ocrx_word' id='word_1_101' title='bbox 1803 1384 1936 1436; x_wconf 84' lang='lat' dir='ltr'><strong>viros</strong></span> <span class='ocrx_word' id='word_1_102' title='bbox 1975 1399 2064 1434; x_wconf 90' lang='lat' dir='ltr'><strong>sa-</strong></span> 
     </span>
    </p>
   </div>
   <div class='ocr_carea' id='block_1_18' title="bbox 519 1477 2066 1551">
    <p class='ocr_par' dir='ltr' id='par_1_18' title="bbox 519 1477 2066 1551">
     <span class='ocr_line' id='line_1_18' title="bbox 519 1477 2066 1551; baseline -0.006 -17"><span class='ocrx_word' id='word_1_103' title='bbox 519 1484 735 1550; x_wconf 77' lang='lat' dir='ltr'><strong>pientes,</strong></span> <span class='ocrx_word' id='word_1_104' title='bbox 757 1497 870 1547; x_wconf 67' lang='lat' dir='ltr'><strong>qum</strong></span> <span class='ocrx_word' id='word_1_105' title='bbox 893 1490 994 1535; x_wconf 73' lang='lat' dir='ltr'><strong>tute</strong></span> <span class='ocrx_word' id='word_1_106' title='bbox 1017 1481 1433 1551; x_wconf 80' lang='lat' dir='ltr'><strong>opinionissunt,</strong></span> <span class='ocrx_word' id='word_1_107' title='bbox 1456 1477 1760 1539; x_wconf 83' lang='lat' dir='ltr'><strong>edisserens,</strong></span> <span class='ocrx_word' id='word_1_108' title='bbox 1779 1489 2066 1530; x_wconf 86' lang='lat' dir='ltr'><strong>sermonem</strong></span> 
     </span>
    </p>
   </div>
   <div class='ocr_carea' id='block_1_19' title="bbox 520 1573 733 1626">
    <p class='ocr_par' dir='ltr' id='par_1_19' title="bbox 520 1573 733 1626">
     <span class='ocr_line' id='line_1_19' title="bbox 520 1573 733 1626; baseline 0.005 -2"><span class='ocrx_word' id='word_1_109' title='bbox 520 1573 733 1626; x_wconf 81' lang='lat' dir='ltr'><strong>habebo.</strong></span> 
     </span>
    </p>
   </div>
   <div class='ocr_carea' id='block_1_20' title="bbox 588 1830 2070 1902">
    <p class='ocr_par' dir='ltr' id='par_1_20' title="bbox 588 1830 2070 1902">
     <span class='ocr_line' id='line_1_20' title="bbox 588 1830 2070 1902; baseline 0.001 -19"><span class='ocrx_word' id='word_1_110' title='bbox 588 1830 720 1899; x_wconf 83' lang='lat' dir='ltr'><strong>Ejus</strong></span> <span class='ocrx_word' id='word_1_111' title='bbox 779 1831 1054 1897; x_wconf 79' lang='lat' dir='ltr'><strong>magister,</strong></span> <span class='ocrx_word' id='word_1_112' title='bbox 1107 1830 1404 1894; x_wconf 82' lang='lat' dir='ltr'><strong>auditores,</strong></span> <span class='ocrx_word' id='word_1_113' title='bbox 1453 1846 1571 1884; x_wconf 86' lang='lat' dir='ltr'><strong>cum</strong></span> <span class='ocrx_word' id='word_1_114' title='bbox 1628 1830 1913 1885; x_wconf 67' lang='lat' dir='ltr'><strong>evertenda;</strong></span> <span class='ocrx_word' id='word_1_115' title='bbox 1969 1831 2070 1902; x_wconf 76' lang='lat' dir='ltr'><strong>legi</strong></span> 
     </span>
    </p>
   </div>
   <div class='ocr_carea' id='block_1_21' title="bbox 510 1913 2069 1991">
    <p class='ocr_par' dir='ltr' id='par_1_21' title="bbox 510 1913 2069 1991">
     <span class='ocr_line' id='line_1_21' title="bbox 510 1913 2069 1991; baseline 0.004 -21"><span class='ocrx_word' id='word_1_116' title='bbox 510 1913 757 1971; x_wconf 60' lang='lat' dir='ltr'><strong>Mosaicae</strong></span> <span class='ocrx_word' id='word_1_117' title='bbox 785 1919 931 1972; x_wconf 87' lang='lat' dir='ltr'><strong>daret</strong></span> <span class='ocrx_word' id='word_1_118' title='bbox 961 1936 1195 1989; x_wconf 83' lang='lat' dir='ltr'><strong>operam,</strong></span> <span class='ocrx_word' id='word_1_119' title='bbox 1213 1921 1367 1987; x_wconf 84' lang='lat' dir='ltr'><strong>justa</strong></span> <span class='ocrx_word' id='word_1_120' title='bbox 1400 1938 1432 1972; x_wconf 89' lang='lat' dir='ltr'><strong>a</strong></span> <span class='ocrx_word' id='word_1_121' title='bbox 1463 1923 1605 1975; x_wconf 87' lang='lat' dir='ltr'><strong>nobis</strong></span> <span class='ocrx_word' id='word_1_122' title='bbox 1641 1921 1747 1991; x_wconf 90' lang='lat' dir='ltr'><strong>lege</strong></span> <span class='ocrx_word' id='word_1_123' title='bbox 1781 1918 1837 1976; x_wconf 80' lang='lat' dir='ltr'><strong>ut</strong></span> <span class='ocrx_word' id='word_1_124' title='bbox 1867 1938 2069 1976; x_wconf 87' lang='lat' dir='ltr'><strong>crucem</strong></span> 
     </span>
    </p>
   </div>
   <div class='ocr_carea' id='block_1_22' title="bbox 520 2003 2070 2081">
    <p class='ocr_par' dir='ltr' id='par_1_22' title="bbox 520 2003 2070 2081">
     <span class='ocr_line' id='line_1_22' title="bbox 520 2003 2070 2081; baseline 0.003 -22"><span class='ocrx_word' id='word_1_125' title='bbox 520 2009 698 2076; x_wconf 70' lang='lat' dir='ltr'><strong>ferret,</strong></span> <span class='ocrx_word' id='word_1_126' title='bbox 722 2009 1003 2062; x_wconf 87' lang='lat' dir='ltr'><strong>damnatus</strong></span> <span class='ocrx_word' id='word_1_127' title='bbox 1034 2018 1106 2062; x_wconf 89' lang='lat' dir='ltr'><strong>est</strong></span> <span class='ocrx_word' id='word_1_128' title='bbox 1128 2049 1140 2062; x_wconf 94' lang='lat'><em>.</em></span> <span class='ocrx_word' id='word_1_129' title='bbox 1167 2003 1433 2079; x_wconf 79' lang='lat' dir='ltr'><strong>nudusque</strong></span> <span class='ocrx_word' id='word_1_130' title='bbox 1460 2009 1569 2063; x_wconf 92' lang='lat' dir='ltr'><strong>alto</strong></span> <span class='ocrx_word' id='word_1_131' title='bbox 1597 2011 1770 2080; x_wconf 78' lang='lat' dir='ltr'><strong>stipite</strong></span> <span class='ocrx_word' id='word_1_132' title='bbox 1792 2025 2070 2081; x_wconf 85' lang='lat' dir='ltr'><strong>suspensus</strong></span> 
     </span>
    </p>
   </div>
   <div class='ocr_carea' id='block_1_23' title="bbox 517 2098 2073 2171">
    <p class='ocr_par' dir='ltr' id='par_1_23' title="bbox 517 2098 2073 2171">
     <span class='ocr_line' id='line_1_23' title="bbox 517 2098 2073 2171; baseline 0.004 -22"><span class='ocrx_word' id='word_1_133' title='bbox 517 2098 813 2164; x_wconf 84' lang='lat' dir='ltr'><strong>derelictus,</strong></span> <span class='ocrx_word' id='word_1_134' title='bbox 837 2099 897 2152; x_wconf 89' lang='lat' dir='ltr'><strong>ob</strong></span> <span class='ocrx_word' id='word_1_135' title='bbox 926 2100 1027 2153; x_wconf 87' lang='lat' dir='ltr'><strong>diei</strong></span> <span class='ocrx_word' id='word_1_136' title='bbox 1056 2100 1419 2164; x_wconf 81' lang='lat' dir='ltr'><strong>celebritatem,</strong></span> <span class='ocrx_word' id='word_1_137' title='bbox 1441 2099 1637 2165; x_wconf 84' lang='lat' dir='ltr'><strong>Pilato,</strong></span> <span class='ocrx_word' id='word_1_138' title='bbox 1662 2100 1867 2170; x_wconf 75' lang='lat' dir='ltr'><strong>Iosephi</strong></span> <span class='ocrx_word' id='word_1_139' title='bbox 1891 2101 2073 2171; x_wconf 81' lang='lat' dir='ltr'><strong>cujus-</strong></span> 
     </span>
    </p>
   </div>
   <div class='ocr_carea' id='block_1_24' title="bbox 516 2186 2070 2259">
    <p class='ocr_par' dir='ltr' id='par_1_24' title="bbox 516 2186 2070 2259">
     <span class='ocr_line' id='line_1_24' title="bbox 516 2186 2070 2259; baseline 0.001 -20"><span class='ocrx_word' id='word_1_140' title='bbox 516 2189 644 2241; x_wconf 84' lang='lat' dir='ltr'><strong>dam</strong></span> <span class='ocrx_word' id='word_1_141' title='bbox 665 2189 762 2259; x_wconf 80' lang='lat' dir='ltr'><strong>viri</strong></span> <span class='ocrx_word' id='word_1_142' title='bbox 784 2189 954 2241; x_wconf 80' lang='lat' dir='ltr'><strong>diuitis</strong></span> <span class='ocrx_word' id='word_1_143' title='bbox 975 2190 1351 2258; x_wconf 79' lang='lat' dir='ltr'><strong>supplicatione</strong></span> <span class='ocrx_word' id='word_1_144' title='bbox 1373 2190 1604 2252; x_wconf 75' lang='lat' dir='ltr'><strong>inducto,</strong></span> <span class='ocrx_word' id='word_1_145' title='bbox 1624 2186 1907 2257; x_wconf 76' lang='lat' dir='ltr'><strong>sepultura:</strong></span> <span class='ocrx_word' id='word_1_146' title='bbox 1929 2188 2070 2240; x_wconf 82' lang='lat' dir='ltr'><strong>tradi</strong></span> 
     </span>
    </p>
   </div>
   <div class='ocr_carea' id='block_1_25' title="bbox 518 2269 2072 2344">
    <p class='ocr_par' dir='ltr' id='par_1_25' title="bbox 518 2269 2072 2344">
     <span class='ocr_line' id='line_1_25' title="bbox 518 2269 2072 2344; baseline 0.001 -18"><span class='ocrx_word' id='word_1_147' title='bbox 518 2277 798 2342; x_wconf 85' lang='lat' dir='ltr'><strong>permissus</strong></span> <span class='ocrx_word' id='word_1_148' title='bbox 830 2285 922 2329; x_wconf 85' lang='lat' dir='ltr'><strong>est.</strong></span> <span class='ocrx_word' id='word_1_149' title='bbox 952 2269 1313 2344; x_wconf 76' lang='lat' dir='ltr'><strong>Amiciticeque</strong></span> <span class='ocrx_word' id='word_1_150' title='bbox 1342 2275 1451 2344; x_wconf 89' lang='lat' dir='ltr'><strong>lege</strong></span> <span class='ocrx_word' id='word_1_151' title='bbox 1486 2293 1600 2328; x_wconf 89' lang='lat' dir='ltr'><strong>cum</strong></span> <span class='ocrx_word' id='word_1_152' title='bbox 1634 2283 1933 2329; x_wconf 74' lang='lat' dir='ltr'><strong>tenerentur</strong></span> <span class='ocrx_word' id='word_1_153' title='bbox 1961 2275 2072 2344; x_wconf 86' lang='lat' dir='ltr'><strong>ejus</strong></span> 
     </span>
    </p>
   </div>
   <div class='ocr_carea' id='block_1_26' title="bbox 517 2363 2071 2434">
    <p class='ocr_par' dir='ltr' id='par_1_26' title="bbox 517 2363 2071 2434">
     <span class='ocr_line' id='line_1_26' title="bbox 517 2363 2071 2434; baseline 0.003 -19"><span class='ocrx_word' id='word_1_154' title='bbox 517 2363 778 2434; x_wconf 77' lang='lat' dir='ltr'><strong>discipuli,</strong></span> <span class='ocrx_word' id='word_1_155' title='bbox 809 2365 1002 2419; x_wconf 84' lang='lat' dir='ltr'><strong>occulte</strong></span> <span class='ocrx_word' id='word_1_156' title='bbox 1030 2367 1337 2433; x_wconf 83' lang='lat' dir='ltr'><strong>intempesta</strong></span> <span class='ocrx_word' id='word_1_157' title='bbox 1363 2375 1507 2423; x_wconf 85' lang='lat' dir='ltr'><strong>nocte</strong></span> <span class='ocrx_word' id='word_1_158' title='bbox 1534 2383 1648 2418; x_wconf 85' lang='lat' dir='ltr'><strong>eum</strong></span> <span class='ocrx_word' id='word_1_159' title='bbox 1677 2366 1954 2434; x_wconf 79' lang='lat' dir='ltr'><strong>furantur;</strong></span> <span class='ocrx_word' id='word_1_160' title='bbox 1978 2368 2071 2419; x_wconf 87' lang='lat' dir='ltr'><strong>hoc</strong></span> 
     </span>
    </p>
   </div>
   <div class='ocr_carea' id='block_1_27' title="bbox 520 2445 2071 2525">
    <p class='ocr_par' dir='ltr' id='par_1_27' title="bbox 520 2445 2071 2525">
     <span class='ocr_line' id='line_1_27' title="bbox 520 2445 2071 2525; baseline 0.001 -19"><span class='ocrx_word' id='word_1_161' title='bbox 520 2470 698 2523; x_wconf 86' lang='lat' dir='ltr'><strong>nempe</strong></span> <span class='ocrx_word' id='word_1_162' title='bbox 717 2464 1001 2510; x_wconf 80' lang='lat' dir='ltr'><strong>commento</strong></span> <span class='ocrx_word' id='word_1_163' title='bbox 1024 2455 1203 2525; x_wconf 79' lang='lat' dir='ltr'><strong>vulgus</strong></span> <span class='ocrx_word' id='word_1_164' title='bbox 1227 2456 1464 2508; x_wconf 83' lang='lat' dir='ltr'><strong>seducere</strong></span> <span class='ocrx_word' id='word_1_165' title='bbox 1486 2464 1754 2524; x_wconf 87' lang='lat' dir='ltr'><strong>parantes.</strong></span> <span class='ocrx_word' id='word_1_166' title='bbox 1771 2445 2071 2525; x_wconf 76' lang='lat' dir='ltr'><strong>Sparsaque</strong></span> 
     </span>
    </p>
   </div>
   <div class='ocr_carea' id='block_1_28' title="bbox 521 2544 2069 2616">
    <p class='ocr_par' dir='ltr' id='par_1_28' title="bbox 521 2544 2069 2616">
     <span class='ocr_line' id='line_1_28' title="bbox 521 2544 2069 2616; baseline 0.001 -19"><span class='ocrx_word' id='word_1_167' title='bbox 521 2544 704 2614; x_wconf 75' lang='lat' dir='ltr'><strong>ubique</strong></span> <span class='ocrx_word' id='word_1_168' title='bbox 744 2547 909 2614; x_wconf 77' lang='lat' dir='ltr'><strong>fama,</strong></span> <span class='ocrx_word' id='word_1_169' title='bbox 939 2564 1056 2600; x_wconf 86' lang='lat' dir='ltr'><strong>eum</strong></span> <span class='ocrx_word' id='word_1_170' title='bbox 1099 2565 1130 2600; x_wconf 91' lang='lat' dir='ltr'><strong>a</strong></span> <span class='ocrx_word' id='word_1_171' title='bbox 1176 2548 1389 2601; x_wconf 86' lang='lat' dir='ltr'><strong>mortuis</strong></span> <span class='ocrx_word' id='word_1_172' title='bbox 1426 2549 1726 2611; x_wconf 63' lang='lat' dir='ltr'><strong>surrezisse,</strong></span> <span class='ocrx_word' id='word_1_173' title='bbox 1760 2547 2069 2616; x_wconf 77' lang='lat' dir='ltr'><strong>magistrum</strong></span> 
     </span>
    </p>
   </div>
   <div class='ocr_carea' id='block_1_29' title="bbox 518 2637 2070 2706">
    <p class='ocr_par' dir='ltr' id='par_1_29' title="bbox 518 2637 2070 2706">
     <span class='ocr_line' id='line_1_29' title="bbox 518 2637 2070 2706; baseline 0.002 -17"><span class='ocrx_word' id='word_1_174' title='bbox 518 2637 615 2689; x_wconf 89' lang='lat' dir='ltr'><strong>sibi</strong></span> <span class='ocrx_word' id='word_1_175' title='bbox 665 2644 817 2706; x_wconf 86' lang='lat' dir='ltr'><strong>atque</strong></span> <span class='ocrx_word' id='word_1_176' title='bbox 861 2638 1118 2691; x_wconf 84' lang='lat' dir='ltr'><strong>doctorem</strong></span> <span class='ocrx_word' id='word_1_177' title='bbox 1164 2639 1421 2690; x_wconf 86' lang='lat' dir='ltr'><strong>hominem</strong></span> <span class='ocrx_word' id='word_1_178' title='bbox 1469 2647 1736 2706; x_wconf 87' lang='lat' dir='ltr'><strong>arrogant.</strong></span> <span class='ocrx_word' id='word_1_179' title='bbox 1771 2638 1853 2692; x_wconf 80' lang='lat' dir='ltr'><strong>Ea;</strong></span> <span class='ocrx_word' id='word_1_180' title='bbox 1894 2655 2070 2692; x_wconf 88' lang='lat' dir='ltr'><strong>eorum</strong></span> 
     </span>
    </p>
   </div>
   <div class='ocr_carea' id='block_1_30' title="bbox 523 2713 2071 2797">
    <p class='ocr_par' dir='ltr' id='par_1_30' title="bbox 523 2713 2071 2797">
     <span class='ocr_line' id='line_1_30' title="bbox 523 2713 2071 2797; baseline 0.001 -17"><span class='ocrx_word' id='word_1_181' title='bbox 523 2727 738 2797; x_wconf 86' lang='lat' dir='ltr'><strong>collegio</strong></span> <span class='ocrx_word' id='word_1_182' title='bbox 762 2735 893 2780; x_wconf 79' lang='lat' dir='ltr'><strong>unus</strong></span> <span class='ocrx_word' id='word_1_183' title='bbox 917 2737 990 2781; x_wconf 84' lang='lat' dir='ltr'><strong>est</strong></span> <span class='ocrx_word' id='word_1_184' title='bbox 1010 2736 1058 2780; x_wconf 88' lang='lat' dir='ltr'><strong>et</strong></span> <span class='ocrx_word' id='word_1_185' title='bbox 1078 2727 1349 2797; x_wconf 80' lang='lat' dir='ltr'><strong>Philippus</strong></span> <span class='ocrx_word' id='word_1_186' title='bbox 1377 2729 1489 2790; x_wconf 84' lang='lat' dir='ltr'><strong>iste,</strong></span> <span class='ocrx_word' id='word_1_187' title='bbox 1510 2730 1655 2797; x_wconf 80' lang='lat' dir='ltr'><strong>cujus</strong></span> <span class='ocrx_word' id='word_1_188' title='bbox 1681 2745 1769 2780; x_wconf 76' lang='lat' dir='ltr'><strong>rex</strong></span> <span class='ocrx_word' id='word_1_189' title='bbox 1788 2713 2071 2782; x_wconf 79' lang='lat' dir='ltr'><strong>Archelaus</strong></span> 
     </span>
    </p>
   </div>
   <div class='ocr_carea' id='block_1_31' title="bbox 523 2817 2070 2888">
    <p class='ocr_par' dir='ltr' id='par_1_31' title="bbox 523 2817 2070 2888">
     <span class='ocr_line' id='line_1_31' title="bbox 523 2817 2070 2888; baseline 0.003 -20"><span class='ocrx_word' id='word_1_190' title='bbox 523 2818 784 2870; x_wconf 79' lang='lat' dir='ltr'><strong>desiderat</strong></span> <span class='ocrx_word' id='word_1_191' title='bbox 823 2825 1107 2886; x_wconf 85' lang='lat' dir='ltr'><strong>compotem</strong></span> <span class='ocrx_word' id='word_1_192' title='bbox 1147 2817 1296 2884; x_wconf 75' lang='lat' dir='ltr'><strong>ﬁeri,</strong></span> <span class='ocrx_word' id='word_1_193' title='bbox 1331 2817 1625 2882; x_wconf 75' lang='lat' dir='ltr'><strong>ulciscenda</strong></span> <span class='ocrx_word' id='word_1_194' title='bbox 1668 2818 1808 2887; x_wconf 80' lang='lat' dir='ltr'><strong>vulgi</strong></span> <span class='ocrx_word' id='word_1_195' title='bbox 1843 2819 2070 2888; x_wconf 84' lang='lat' dir='ltr'><strong>injuria,</strong></span> 
     </span>
    </p>
   </div>
   <div class='ocr_carea' id='block_1_32' title="bbox 2164 375 3709 449">
    <p class='ocr_par' dir='ltr' id='par_1_32' title="bbox 2164 375 3709 449">
     <span class='ocr_line' id='line_1_32' title="bbox 2164 375 3709 449; baseline 0.002 -19"><span class='ocrx_word' id='word_1_196' title='bbox 2164 381 2358 447; x_wconf 77' lang='grc' dir='ltr'><em>γυᾶτο·</em></span> <span class='ocrx_word' id='word_1_197' title='bbox 2387 376 2481 431; x_wconf 80' lang='grc' dir='ltr'><strong>καὶ</strong></span> <span class='ocrx_word' id='word_1_198' title='bbox 2516 375 2614 448; x_wconf 71' lang='grc' dir='ltr'><em>τὴν</em></span> <span class='ocrx_word' id='word_1_199' title='bbox 2642 376 2857 441; x_wconf 79' lang='grc' dir='ltr'><em>ἐξαλλον</em></span> <span class='ocrx_word' id='word_1_200' title='bbox 2889 378 2985 448; x_wconf 82' lang='grc' dir='ltr'><em>τῆς</em></span> <span class='ocrx_word' id='word_1_201' title='bbox 3035 378 3420 448; x_wconf 79' lang='grc' dir='ltr'><strong>ἀρχιερατικῆς</strong></span> <span class='ocrx_word' id='word_1_202' title='bbox 3466 379 3709 449; x_wconf 81' lang='grc' dir='ltr'><em>χλαμύδα</em></span> 
     </span>
    </p>
   </div>
   <div class='ocr_carea' id='block_1_33' title="bbox 2166 465 3710 538">
    <p class='ocr_par' dir='ltr' id='par_1_33' title="bbox 2166 465 3710 538">
     <span class='ocr_line' id='line_1_33' title="bbox 2166 465 3710 538; baseline 0.001 -17"><span class='ocrx_word' id='word_1_203' title='bbox 2166 465 2490 538; x_wconf 72' lang='grc' dir='ltr'><em>περιϐαλὼν,</em></span> <span class='ocrx_word' id='word_1_204' title='bbox 2521 467 2601 528; x_wconf 84' lang='grc' dir='ltr'><strong>είς</strong></span> <span class='ocrx_word' id='word_1_205' title='bbox 2638 467 2726 519; x_wconf 84' lang='grc' dir='ltr'><em>τὸν</em></span> <span class='ocrx_word' id='word_1_206' title='bbox 2758 467 3063 521; x_wconf 82' lang='grc' dir='ltr'><em>δικαστικὸν</em></span> <span class='ocrx_word' id='word_1_207' title='bbox 3095 467 3500 535; x_wconf 78' lang='grc' dir='ltr'><em>πεφυσιωμένος</em></span> <span class='ocrx_word' id='word_1_208' title='bbox 3533 470 3710 523; x_wconf 80' lang='grc' dir='ltr'><em>ἄνεισι</em></span> 
     </span>
    </p>
   </div>
   <div class='ocr_carea' id='block_1_34' title="bbox 2166 555 3714 628">
    <p class='ocr_par' dir='ltr' id='par_1_34' title="bbox 2166 555 3714 628">
     <span class='ocr_line' id='line_1_34' title="bbox 2166 555 3714 628; baseline 0.001 -18"><span class='ocrx_word' id='word_1_209' title='bbox 2166 557 2350 628; x_wconf 84' lang='grc' dir='ltr'><em>Θρόνον</em></span> <span class='ocrx_word' id='word_1_210' title='bbox 2368 597 2384 620; x_wconf 91' lang='grc'><strong>,</strong></span> <span class='ocrx_word' id='word_1_211' title='bbox 2430 555 2644 610; x_wconf 83' lang='grc' dir='ltr'><em>πάντων</em></span> <span class='ocrx_word' id='word_1_212' title='bbox 2682 555 2792 610; x_wconf 85' lang='grc' dir='ltr'><strong>τῶν</strong></span> <span class='ocrx_word' id='word_1_213' title='bbox 2820 557 3114 627; x_wconf 75' lang='grc' dir='ltr'><strong>ἐλλογίμων</strong></span> <span class='ocrx_word' id='word_1_214' title='bbox 3140 555 3240 625; x_wconf 85' lang='grc' dir='ltr'><em>τῆς</em></span> <span class='ocrx_word' id='word_1_215' title='bbox 3287 557 3540 625; x_wconf 78' lang='grc' dir='ltr'>πατρίδος</span> <span class='ocrx_word' id='word_1_216' title='bbox 3560 580 3595 622; x_wconf 67' lang='grc' dir='ltr'><em>,ι</em></span> <span class='ocrx_word' id='word_1_217' title='bbox 3620 559 3714 612; x_wconf 73' lang='grc' dir='ltr'><strong>καὶ</strong></span> 
     </span>
    </p>
   </div>
   <div class='ocr_carea' id='block_1_35' title="bbox 2164 647 3714 719">
    <p class='ocr_par' dir='ltr' id='par_1_35' title="bbox 2164 647 3714 719">
     <span class='ocr_line' id='line_1_35' title="bbox 2164 647 3714 719; baseline -0.001 -17"><span class='ocrx_word' id='word_1_218' title='bbox 2164 650 2272 703; x_wconf 85' lang='grc' dir='ltr'><strong>τῶν</strong></span> <span class='ocrx_word' id='word_1_219' title='bbox 2323 651 2418 704; x_wconf 77' lang='grc' dir='ltr'><em>σὺν</em></span> <span class='ocrx_word' id='word_1_220' title='bbox 2460 647 2605 718; x_wconf 84' lang='grc' dir='ltr'><strong>αὑτῷ</strong></span> <span class='ocrx_word' id='word_1_221' title='bbox 2659 650 3147 719; x_wconf 81' lang='grc' dir='ltr'><em>παραγενομένων,</em></span> <span class='ocrx_word' id='word_1_222' title='bbox 3199 648 3333 717; x_wconf 86' lang='grc' dir='ltr'><em>μετά</em></span> <span class='ocrx_word' id='word_1_223' title='bbox 3383 647 3531 710; x_wconf 85' lang='grc' dir='ltr'>δέους</span> <span class='ocrx_word' id='word_1_224' title='bbox 3572 666 3714 717; x_wconf 65' lang='grc' dir='ltr'><em>παρ.</em></span> 
     </span>
    </p>
   </div>
   <div class='ocr_carea' id='block_1_36' title="bbox 2166 721 3709 810">
    <p class='ocr_par' dir='ltr' id='par_1_36' title="bbox 2166 721 3709 810">
     <span class='ocr_line' id='line_1_36' title="bbox 2166 721 3709 810; baseline -0.003 -19"><span class='ocrx_word' id='word_1_225' title='bbox 2166 739 2490 810; x_wconf 80' lang='grc' dir='ltr'><em>εστηκότων.</em></span> <span class='ocrx_word' id='word_1_226' title='bbox 2523 721 2707 806; x_wconf 79' lang='grc' dir='ltr'><em>Ὅμως</em></span> <span class='ocrx_word' id='word_1_227' title='bbox 2739 735 3096 806; x_wconf 80' lang='grc' dir='ltr'><em>προσκληθεὶς</em></span> <span class='ocrx_word' id='word_1_228' title='bbox 3122 737 3151 789; x_wconf 83' lang='grc' dir='ltr'><em>ό</em></span> <span class='ocrx_word' id='word_1_229' title='bbox 3178 734 3487 800; x_wconf 79' lang='grc' dir='ltr'><strong>ἀπόστολος,</strong></span> <span class='ocrx_word' id='word_1_230' title='bbox 3523 734 3709 803; x_wconf 80' lang='grc' dir='ltr'><strong>μέσον,</strong></span> 
     </span>
    </p>
   </div>
   <div class='ocr_carea' id='block_1_37' title="bbox 2163 825 3711 900">
    <p class='ocr_par' dir='ltr' id='par_1_37' title="bbox 2163 825 3711 900">
     <span class='ocr_line' id='line_1_37' title="bbox 2163 825 3711 900; baseline -0.005 -16"><span class='ocrx_word' id='word_1_231' title='bbox 2163 829 2240 900; x_wconf 84' lang='grc' dir='ltr'><em>τῷ</em></span> <span class='ocrx_word' id='word_1_232' title='bbox 2276 830 2519 900; x_wconf 80' lang='grc' dir='ltr'><strong>ἀρχιερεῖ</strong></span> <span class='ocrx_word' id='word_1_233' title='bbox 2560 825 3022 897; x_wconf 78' lang='grc' dir='ltr'>ἀπολογησόμενος</span> <span class='ocrx_word' id='word_1_234' title='bbox 3070 827 3252 880; x_wconf 75' lang='grc' dir='ltr'><em>ἵστατο</em></span> <span class='ocrx_word' id='word_1_235' title='bbox 3273 843 3288 858; x_wconf 87' lang='grc'><strong>·</strong></span> <span class='ocrx_word' id='word_1_236' title='bbox 3322 826 3415 879; x_wconf 76' lang='grc' dir='ltr'><strong>καὶ</strong></span> <span class='ocrx_word' id='word_1_237' title='bbox 3447 825 3585 894; x_wconf 81' lang='grc' dir='ltr'><em>πρὸς</em></span> <span class='ocrx_word' id='word_1_238' title='bbox 3620 825 3711 878; x_wconf 84' lang='grc' dir='ltr'><em>τδν</em></span> 
     </span>
    </p>
   </div>
   <div class='ocr_carea' id='block_1_38' title="bbox 2165 915 3712 995">
    <p class='ocr_par' dir='ltr' id='par_1_38' title="bbox 2165 915 3712 995">
     <span class='ocr_line' id='line_1_38' title="bbox 2165 915 3712 995; baseline -0.005 -22"><span class='ocrx_word' id='word_1_239' title='bbox 2165 918 2452 995; x_wconf 75' lang='grc' dir='ltr'><em>ἀπόστολον</em></span> <span class='ocrx_word' id='word_1_240' title='bbox 2497 918 2525 969; x_wconf 89' lang='grc' dir='ltr'>ό</span> <span class='ocrx_word' id='word_1_241' title='bbox 2551 918 2835 989; x_wconf 80' lang='grc' dir='ltr'>ἀρχιερεὺς</span> <span class='ocrx_word' id='word_1_242' title='bbox 2876 915 3016 970; x_wconf 80' lang='grc' dir='ltr'><em>οὕτω</em></span> <span class='ocrx_word' id='word_1_243' title='bbox 3048 917 3368 984; x_wconf 75' lang='grc' dir='ltr'><em>προσήρετο·</em></span> <span class='ocrx_word' id='word_1_244' title='bbox 3410 918 3533 984; x_wconf 83' lang='grc' dir='ltr'><strong>Οὐχ</strong></span> <span class='ocrx_word' id='word_1_245' title='bbox 3583 916 3712 968; x_wconf 81' lang='grc' dir='ltr'><em>ικα-</em></span> 
     </span>
    </p>
   </div>
   <div class='ocr_carea' id='block_1_39' title="bbox 2164 1004 3710 1087">
    <p class='ocr_par' dir='ltr' id='par_1_39' title="bbox 2164 1004 3710 1087">
     <span class='ocr_line' id='line_1_39' title="bbox 2164 1004 3710 1087; baseline -0.003 -22"><span class='ocrx_word' id='word_1_246' title='bbox 2164 1011 2282 1077; x_wconf 82' lang='grc' dir='ltr'><strong>νῶς</strong></span> <span class='ocrx_word' id='word_1_247' title='bbox 2319 1010 2486 1087; x_wconf 33' lang='grc' dir='ltr'><em>,ἔχειν</em></span> <span class='ocrx_word' id='word_1_248' title='bbox 2512 1007 2713 1076; x_wconf 76' lang='grc' dir='ltr'><em>ἔδοξε,</em></span> <span class='ocrx_word' id='word_1_249' title='bbox 2755 1007 2823 1062; x_wconf 83' lang='grc' dir='ltr'><em>τὸ</em></span> <span class='ocrx_word' id='word_1_250' title='bbox 2854 1004 3158 1076; x_wconf 83' lang='grc' dir='ltr'><strong>μοχθηρῶς</strong></span> <span class='ocrx_word' id='word_1_251' title='bbox 3189 1007 3570 1062; x_wconf 84' lang='grc' dir='ltr'><em>ὐπεισελθεῖν</em></span> <span class='ocrx_word' id='word_1_252' title='bbox 3603 1022 3710 1072; x_wconf 88' lang='grc' dir='ltr'><strong>σε,</strong></span> 
     </span>
    </p>
   </div>
   <div class='ocr_carea' id='block_1_40' title="bbox 2165 1096 3711 1166">
    <p class='ocr_par' dir='ltr' id='par_1_40' title="bbox 2165 1096 3711 1166">
     <span class='ocr_line' id='line_1_40' title="bbox 2165 1096 3711 1166; baseline -0.005 -9"><span class='ocrx_word' id='word_1_253' title='bbox 2165 1101 2480 1157; x_wconf 67' lang='grc' dir='ltr'><em>ἀθλιώτατα</em></span> <span class='ocrx_word' id='word_1_254' title='bbox 2519 1098 2758 1154; x_wconf 82' lang='grc' dir='ltr'><em>πάντων</em></span> <span class='ocrx_word' id='word_1_255' title='bbox 2803 1096 3154 1166; x_wconf 83' lang='grc' dir='ltr'><em>ἀνθρώπων,</em></span> <span class='ocrx_word' id='word_1_256' title='bbox 3202 1097 3277 1165; x_wconf 75' lang='grc' dir='ltr'><strong>τῇ</strong></span> <span class='ocrx_word' id='word_1_257' title='bbox 3320 1098 3564 1166; x_wconf 79' lang='grc' dir='ltr'><strong>Ἰουδαίᾳ</strong></span> <span class='ocrx_word' id='word_1_258' title='bbox 3613 1099 3711 1152; x_wconf 76' lang='grc' dir='ltr'><strong>καί</strong></span> 
     </span>
    </p>
   </div>
   <div class='ocr_carea' id='block_1_41' title="bbox 2164 1174 3712 1259">
    <p class='ocr_par' dir='ltr' id='par_1_41' title="bbox 2164 1174 3712 1259">
     <span class='ocr_line' id='line_1_41' title="bbox 2164 1174 3712 1259; baseline -0.007 -12"><span class='ocrx_word' id='word_1_259' title='bbox 2164 1174 2457 1259; x_wconf 79' lang='grc' dir='ltr'><em>Γαλιλαίᾳ</em></span> <span class='ocrx_word' id='word_1_260' title='bbox 2513 1191 2610 1246; x_wconf 81' lang='grc' dir='ltr'><em>καὶ</em></span> <span class='ocrx_word' id='word_1_261' title='bbox 2658 1189 2981 1257; x_wconf 75' lang='grc' dir='ltr'><strong>Σαμαρείᾳ,</strong></span> <span class='ocrx_word' id='word_1_262' title='bbox 3034 1188 3127 1241; x_wconf 81' lang='grc' dir='ltr'><strong>καί</strong></span> <span class='ocrx_word' id='word_1_263' title='bbox 3172 1188 3310 1252; x_wconf 84' lang='grc' dir='ltr'><em>τοὺς</em></span> <span class='ocrx_word' id='word_1_264' title='bbox 3357 1189 3449 1240; x_wconf 82' lang='grc' dir='ltr'><strong>ἐπ’</strong></span> <span class='ocrx_word' id='word_1_265' title='bbox 3499 1188 3712 1255; x_wconf 84' lang='grc' dir='ltr'><em>αὐταῖς</em></span> 
     </span>
    </p>
   </div>
   <div class='ocr_carea' id='block_1_42' title="bbox 2166 1277 3712 1352">
    <p class='ocr_par' dir='ltr' id='par_1_42' title="bbox 2166 1277 3712 1352">
     <span class='ocr_line' id='line_1_42' title="bbox 2166 1277 3712 1352; baseline -0.004 -14"><span class='ocrx_word' id='word_1_266' title='bbox 2166 1281 2650 1352; x_wconf 70' lang='grc' dir='ltr'><em>ἀσφαλεστέρους</em></span> <span class='ocrx_word' id='word_1_267' title='bbox 2699 1278 3122 1346; x_wconf 72' lang='grc' dir='ltr'><em>ἀποπλεῖν-ἧσαι</em></span> <span class='ocrx_word' id='word_1_268' title='bbox 3145 1317 3160 1341; x_wconf 85' lang='grc'><strong>,</strong></span> <span class='ocrx_word' id='word_1_269' title='bbox 3213 1277 3371 1334; x_wconf 82' lang='grc' dir='ltr'><em>ἀλλὰ</em></span> <span class='ocrx_word' id='word_1_270' title='bbox 3418 1280 3515 1332; x_wconf 81' lang='grc' dir='ltr'><strong>καί</strong></span> <span class='ocrx_word' id='word_1_271' title='bbox 3567 1279 3712 1344; x_wconf 81' lang='grc' dir='ltr'><em>τοὺς</em></span> 
     </span>
    </p>
   </div>
   <div class='ocr_carea' id='block_1_43' title="bbox 2165 1369 3714 1443">
    <p class='ocr_par' dir='ltr' id='par_1_43' title="bbox 2165 1369 3714 1443">
     <span class='ocr_line' id='line_1_43' title="bbox 2165 1369 3714 1443; baseline -0.005 -14"><span class='ocrx_word' id='word_1_272' title='bbox 2165 1374 2393 1443; x_wconf 71' lang='grc' dir='ltr'><em>σοφοὺς</em></span> <span class='ocrx_word' id='word_1_273' title='bbox 2442 1370 2557 1426; x_wconf 86' lang='grc' dir='ltr'><strong>τῶν</strong></span> <span class='ocrx_word' id='word_1_274' title='bbox 2613 1369 2861 1437; x_wconf 79' lang='grc' dir='ltr'><strong>Ἀθηνῶν</strong></span> <span class='ocrx_word' id='word_1_275' title='bbox 2905 1370 3246 1437; x_wconf 74' lang='grc' dir='ltr'><em>ὐπενοήσω,</em></span> <span class='ocrx_word' id='word_1_276' title='bbox 3297 1369 3714 1438; x_wconf 78' lang='grc' dir='ltr'><em>μεμελετηκὼς</em></span> 
     </span>
    </p>
   </div>
   <div class='ocr_carea' id='block_1_44' title="bbox 2165 1460 3715 1534">
    <p class='ocr_par' dir='ltr' id='par_1_44' title="bbox 2165 1460 3715 1534">
     <span class='ocr_line' id='line_1_44' title="bbox 2165 1460 3715 1534; baseline -0.003 -15"><span class='ocrx_word' id='word_1_277' title='bbox 2165 1465 2279 1534; x_wconf 82' lang='grc' dir='ltr'><em>τὴν</em></span> <span class='ocrx_word' id='word_1_278' title='bbox 2317 1464 2581 1531; x_wconf 78' lang='grc' dir='ltr'><strong>ἀπάτην,</strong></span> <span class='ocrx_word' id='word_1_279' title='bbox 2634 1460 3133 1529; x_wconf 76' lang='grc' dir='ltr'><em>πεπυκνωμένους</em></span> <span class='ocrx_word' id='word_1_280' title='bbox 3174 1460 3394 1528; x_wconf 77' lang='grc' dir='ltr'><em>ἄνδρας</em></span> <span class='ocrx_word' id='word_1_281' title='bbox 3444 1463 3715 1530; x_wconf 72' lang='grc' dir='ltr'><em>οἰόμενος</em></span> 
     </span>
    </p>
   </div>
   <div class='ocr_carea' id='block_1_45' title="bbox 2165 1550 3716 1622">
    <p class='ocr_par' dir='ltr' id='par_1_45' title="bbox 2165 1550 3716 1622">
     <span class='ocr_line' id='line_1_45' title="bbox 2165 1550 3716 1622; baseline -0.004 -12"><span class='ocrx_word' id='word_1_282' title='bbox 2165 1553 2416 1622; x_wconf 84' lang='grc' dir='ltr'><em>ἀπατᾷν.</em></span> <span class='ocrx_word' id='word_1_283' title='bbox 2442 1554 2547 1609; x_wconf 80' lang='grc' dir='ltr'><em>Καὶ</em></span> <span class='ocrx_word' id='word_1_284' title='bbox 2584 1553 2664 1618; x_wconf 85' lang='grc' dir='ltr'><strong>ὡς</strong></span> <span class='ocrx_word' id='word_1_285' title='bbox 2691 1550 3092 1620; x_wconf 69' lang='grc' dir='ltr'><em>ἠπατημένον,</em></span> <span class='ocrx_word' id='word_1_286' title='bbox 3123 1550 3464 1620; x_wconf 69' lang='grc' dir='ltr'><em>καταφρονῶ</em></span> <span class='ocrx_word' id='word_1_287' title='bbox 3497 1566 3616 1606; x_wconf 92' lang='grc' dir='ltr'><strong>σου</strong></span> <span class='ocrx_word' id='word_1_288' title='bbox 3650 1552 3716 1606; x_wconf 87' lang='grc' dir='ltr'><em>τὸ</em></span> 
     </span>
    </p>
   </div>
   <div class='ocr_carea' id='block_1_46' title="bbox 2166 1641 3718 1714">
    <p class='ocr_par' dir='ltr' id='par_1_46' title="bbox 2166 1641 3718 1714">
     <span class='ocr_line' id='line_1_46' title="bbox 2166 1641 3718 1714; baseline -0.002 -14"><span class='ocrx_word' id='word_1_289' title='bbox 2166 1647 2386 1714; x_wconf 77' lang='grc' dir='ltr'><strong>παρόν⁹</strong></span> <span class='ocrx_word' id='word_1_290' title='bbox 2421 1644 2516 1698; x_wconf 79' lang='grc' dir='ltr'><strong>ἐπὶ</strong></span> <span class='ocrx_word' id='word_1_291' title='bbox 2555 1642 2621 1697; x_wconf 81' lang='grc' dir='ltr'><strong>δὲ</strong></span> <span class='ocrx_word' id='word_1_292' title='bbox 2658 1641 2797 1708; x_wconf 83' lang='grc' dir='ltr'><em>τοὺς</em></span> <span class='ocrx_word' id='word_1_293' title='bbox 2826 1642 3087 1711; x_wconf 74' lang='grc' dir='ltr'><em>σοφοὺς,</em></span> <span class='ocrx_word' id='word_1_294' title='bbox 3127 1642 3430 1698; x_wconf 81' lang='grc' dir='ltr'><strong>διδάσκων</strong></span> <span class='ocrx_word' id='word_1_295' title='bbox 3458 1644 3528 1698; x_wconf 83' lang='grc' dir='ltr'><em>τὰ</em></span> <span class='ocrx_word' id='word_1_296' title='bbox 3565 1644 3718 1697; x_wconf 79' lang='grc' dir='ltr'><em>κατὰ</em></span> 
     </span>
    </p>
   </div>
   <div class='ocr_carea' id='block_1_47' title="bbox 2166 1733 3703 1808">
    <p class='ocr_par' dir='ltr' id='par_1_47' title="bbox 2166 1733 3703 1808">
     <span class='ocr_line' id='line_1_47' title="bbox 2166 1733 3703 1808; baseline -0.007 -16"><span class='ocrx_word' id='word_1_297' title='bbox 2166 1738 2258 1803; x_wconf 87' lang='grc' dir='ltr'><strong>σὲ,</strong></span> <span class='ocrx_word' id='word_1_298' title='bbox 2287 1739 2391 1790; x_wconf 89' lang='grc' dir='ltr'><em>τὸν</em></span> <span class='ocrx_word' id='word_1_299' title='bbox 2416 1735 2600 1804; x_wconf 76' lang='grc' dir='ltr'><em>λόγον</em></span> <span class='ocrx_word' id='word_1_300' title='bbox 2625 1733 2970 1802; x_wconf 83' lang='grc' dir='ltr'><em>ποιήσομαι.</em></span> <span class='ocrx_word' id='word_1_301' title='bbox 3700 1805 3703 1808; x_wconf 81' lang='lat'><em>_</em></span> 
     </span>
    </p>
   </div>
   <div class='ocr_carea' id='block_1_48' title="bbox 2247 1819 3719 1892">
    <p class='ocr_par' dir='ltr' id='par_1_48' title="bbox 2247 1819 3719 1892">
     <span class='ocr_line' id='line_1_48' title="bbox 2247 1819 3719 1892; baseline -0.002 -11"><span class='ocrx_word' id='word_1_302' title='bbox 2247 1828 2307 1881; x_wconf 88' lang='lat'><strong>&#39;0</strong></span> <span class='ocrx_word' id='word_1_303' title='bbox 2335 1826 2545 1881; x_wconf 85' lang='grc' dir='ltr'><em>τούτου</em></span> <span class='ocrx_word' id='word_1_304' title='bbox 2595 1823 2959 1889; x_wconf 81' lang='grc' dir='ltr'><em>διδάσκαλος</em></span> <span class='ocrx_word' id='word_1_305' title='bbox 2983 1863 2996 1888; x_wconf 91' lang='grc'><strong>,</strong></span> <span class='ocrx_word' id='word_1_306' title='bbox 3030 1819 3076 1887; x_wconf 76' lang='grc' dir='ltr'><strong><em>ὦ</em></strong></span> <span class='ocrx_word' id='word_1_307' title='bbox 3113 1821 3361 1891; x_wconf 78' lang='grc' dir='ltr'><em>ἄνδρες,</em></span> <span class='ocrx_word' id='word_1_308' title='bbox 3389 1824 3488 1878; x_wconf 73' lang='grc' dir='ltr'><strong>ἐπὶ</strong></span> <span class='ocrx_word' id='word_1_309' title='bbox 3525 1841 3719 1892; x_wconf 54' lang='lat' dir='ltr'><strong>napo.</strong></span> 
     </span>
    </p>
   </div>
   <div class='ocr_carea' id='block_1_49' title="bbox 2166 1913 3720 1988">
    <p class='ocr_par' dir='ltr' id='par_1_49' title="bbox 2166 1913 3720 1988">
     <span class='ocr_line' id='line_1_49' title="bbox 2166 1913 3720 1988; baseline -0.002 -18"><span class='ocrx_word' id='word_1_310' title='bbox 2166 1916 2351 1988; x_wconf 79' lang='grc' dir='ltr'><em>τροπῇ</em></span> <span class='ocrx_word' id='word_1_311' title='bbox 2380 1915 2482 1970; x_wconf 88' lang='grc' dir='ltr'><em>τοῦ</em></span> <span class='ocrx_word' id='word_1_312' title='bbox 2507 1913 2825 1968; x_wconf 76' lang='grc' dir='ltr'><em>Μωσατκοῢ</em></span> <span class='ocrx_word' id='word_1_313' title='bbox 2854 1916 3039 1982; x_wconf 79' lang='grc' dir='ltr'><em>νόμου</em></span> <span class='ocrx_word' id='word_1_314' title='bbox 3063 1917 3399 1984; x_wconf 79' lang='grc' dir='ltr'><em>γενόμενος,</em></span> <span class='ocrx_word' id='word_1_315' title='bbox 3425 1915 3526 1983; x_wconf 73' lang='grc' dir='ltr'><strong>ὑφ’</strong></span> <span class='ocrx_word' id='word_1_316' title='bbox 3548 1914 3720 1984; x_wconf 82' lang='grc' dir='ltr'><em>ἡμῶν</em></span> 
     </span>
    </p>
   </div>
   <div class='ocr_carea' id='block_1_50' title="bbox 2165 2006 3718 2077">
    <p class='ocr_par' dir='ltr' id='par_1_50' title="bbox 2165 2006 3718 2077">
     <span class='ocr_line' id='line_1_50' title="bbox 2165 2006 3718 2077; baseline -0.005 -12"><span class='ocrx_word' id='word_1_317' title='bbox 2165 2007 2401 2077; x_wconf 78' lang='grc' dir='ltr'><strong>σταυρῷ</strong></span> <span class='ocrx_word' id='word_1_318' title='bbox 2438 2007 2711 2063; x_wconf 75' lang='grc' dir='ltr'><strong>τεθνάναι</strong></span> <span class='ocrx_word' id='word_1_319' title='bbox 2756 2007 2982 2076; x_wconf 78' lang='grc' dir='ltr'><em>εὐλόγῳ</em></span> <span class='ocrx_word' id='word_1_320' title='bbox 3014 2007 3171 2074; x_wconf 85' lang='grc' dir='ltr'><em>νόμῳ</em></span> <span class='ocrx_word' id='word_1_321' title='bbox 3216 2006 3525 2073; x_wconf 70' lang='grc' dir='ltr'><strong>κατεκρίθη</strong></span> <span class='ocrx_word' id='word_1_322' title='bbox 3553 2021 3567 2035; x_wconf 90' lang='grc'><strong>·</strong></span> <span class='ocrx_word' id='word_1_323' title='bbox 3619 2007 3718 2059; x_wconf 82' lang='grc' dir='ltr'><strong>καί</strong></span> 
     </span>
    </p>
   </div>
   <div class='ocr_carea' id='block_1_51' title="bbox 2165 2094 3716 2169">
    <p class='ocr_par' dir='ltr' id='par_1_51' title="bbox 2165 2094 3716 2169">
     <span class='ocr_line' id='line_1_51' title="bbox 2165 2094 3716 2169; baseline -0.005 -16"><span class='ocrx_word' id='word_1_324' title='bbox 2165 2098 2388 2169; x_wconf 72' lang='grc' dir='ltr'><em>γυμνὸς</em></span> <span class='ocrx_word' id='word_1_325' title='bbox 2436 2096 2516 2163; x_wconf 81' lang='grc' dir='ltr'><em>τῷ</em></span> <span class='ocrx_word' id='word_1_326' title='bbox 2569 2096 2732 2162; x_wconf 79' lang='grc' dir='ltr'><strong>ξύλῳ</strong></span> <span class='ocrx_word' id='word_1_327' title='bbox 2789 2094 3212 2163; x_wconf 71' lang='grc' dir='ltr'><em>ἀπηωρημένος</em></span> <span class='ocrx_word' id='word_1_328' title='bbox 3263 2095 3716 2163; x_wconf 73' lang='grc' dir='ltr'><em>καταλειφθεὶς,</em></span> 
     </span>
    </p>
   </div>
   <div class='ocr_carea' id='block_1_52' title="bbox 2167 2183 3717 2255">
    <p class='ocr_par' dir='ltr' id='par_1_52' title="bbox 2167 2183 3717 2255">
     <span class='ocr_line' id='line_1_52' title="bbox 2167 2183 3717 2255; baseline -0.003 -13"><span class='ocrx_word' id='word_1_329' title='bbox 2167 2188 2263 2242; x_wconf 78' lang='grc' dir='ltr'><strong>διὰ</strong></span> <span class='ocrx_word' id='word_1_330' title='bbox 2291 2186 2356 2241; x_wconf 86' lang='grc' dir='ltr'><em>τὸ</em></span> <span class='ocrx_word' id='word_1_331' title='bbox 2399 2185 2510 2254; x_wconf 77' lang='grc' dir='ltr'><strong>τῆς</strong></span> <span class='ocrx_word' id='word_1_332' title='bbox 2533 2185 2754 2255; x_wconf 71' lang='grc' dir='ltr'><em>ἡμέρας</em></span> <span class='ocrx_word' id='word_1_333' title='bbox 2785 2184 3100 2252; x_wconf 73' lang='grc' dir='ltr'><em>ἐπίσημον.</em></span> <span class='ocrx_word' id='word_1_334' title='bbox 3129 2183 3236 2237; x_wconf 82' lang='grc' dir='ltr'><em>τοῦ</em></span> <span class='ocrx_word' id='word_1_335' title='bbox 3259 2183 3542 2251; x_wconf 75' lang='grc' dir='ltr'><strong>Πιλάτου,</strong></span> <span class='ocrx_word' id='word_1_336' title='bbox 3596 2185 3717 2239; x_wconf 84' lang='grc' dir='ltr'><strong>Ἰω·</strong></span> 
     </span>
    </p>
   </div>
   <div class='ocr_carea' id='block_1_53' title="bbox 2167 2272 3718 2348">
    <p class='ocr_par' dir='ltr' id='par_1_53' title="bbox 2167 2272 3718 2348">
     <span class='ocr_line' id='line_1_53' title="bbox 2167 2272 3718 2348; baseline -0.026 -14"><span class='ocrx_word' id='word_1_337' title='bbox 2167 2277 2296 2348; x_wconf 79' lang='grc' dir='ltr'><em>σήςρ</em></span> <span class='ocrx_word' id='word_1_338' title='bbox 2353 2294 2515 2342; x_wconf 80' lang='grc' dir='ltr'><em>τινος</em></span> <span class='ocrx_word' id='word_1_339' title='bbox 2557 2274 2856 2330; x_wconf 76' lang='grc' dir='ltr'><strong>πλουσίου</strong></span> <span class='ocrx_word' id='word_1_340' title='bbox 2902 2272 3161 2340; x_wconf 82' lang='grc' dir='ltr'><em>ἱκετηρίᾳ</em></span> <span class='ocrx_word' id='word_1_341' title='bbox 3210 2272 3718 2344; x_wconf 56' lang='grc' dir='ltr'><strong>ἐπικαμφθέντος,</strong></span> 
     </span>
    </p>
   </div>
   <div class='ocr_carea' id='block_1_54' title="bbox 2166 2365 3718 2437">
    <p class='ocr_par' dir='ltr' id='par_1_54' title="bbox 2166 2365 3718 2437">
     <span class='ocr_line' id='line_1_54' title="bbox 2166 2365 3718 2437; baseline -0.003 -14"><span class='ocrx_word' id='word_1_342' title='bbox 2166 2367 2331 2437; x_wconf 65' lang='grc' dir='ltr'><em>τάφῳ</em></span> <span class='ocrx_word' id='word_1_343' title='bbox 2361 2366 2821 2436; x_wconf 79' lang='grc' dir='ltr'><em>συγκεχώρηται.</em></span> <span class='ocrx_word' id='word_1_344' title='bbox 2868 2365 2976 2419; x_wconf 76' lang='grc' dir='ltr'><strong>Καὶ</strong></span> <span class='ocrx_word' id='word_1_345' title='bbox 3001 2368 3159 2434; x_wconf 82' lang='grc' dir='ltr'><em>νόμῳ</em></span> <span class='ocrx_word' id='word_1_346' title='bbox 3185 2366 3387 2433; x_wconf 74' lang='grc' dir='ltr'><em>φιλίας</em></span> <span class='ocrx_word' id='word_1_347' title='bbox 3411 2367 3463 2419; x_wconf 86' lang='lat' dir='ltr'><strong>ol</strong></span> <span class='ocrx_word' id='word_1_348' title='bbox 3502 2366 3718 2418; x_wconf 84' lang='grc' dir='ltr'><em>τούτου</em></span> 
     </span>
    </p>
   </div>
   <div class='ocr_carea' id='block_1_55' title="bbox 2166 2454 3720 2528">
    <p class='ocr_par' dir='ltr' id='par_1_55' title="bbox 2166 2454 3720 2528">
     <span class='ocr_line' id='line_1_55' title="bbox 2166 2454 3720 2528; baseline -0.004 -16"><span class='ocrx_word' id='word_1_349' title='bbox 2166 2459 2546 2528; x_wconf 83' lang='grc' dir='ltr'><em>κρατούμενοι</em></span> <span class='ocrx_word' id='word_1_350' title='bbox 2561 2456 2834 2525; x_wconf 75' lang='grc' dir='ltr'><em>μαθηταὶ,</em></span> <span class='ocrx_word' id='word_1_351' title='bbox 2858 2457 3150 2522; x_wconf 73' lang='grc' dir='ltr'><strong>λαθραίως</strong></span> <span class='ocrx_word' id='word_1_352' title='bbox 3171 2455 3312 2522; x_wconf 74' lang='grc' dir='ltr'><em>ἀωρὶ</em></span> <span class='ocrx_word' id='word_1_353' title='bbox 3336 2454 3547 2509; x_wconf 84' lang='grc' dir='ltr'><em>τοῦτον</em></span> <span class='ocrx_word' id='word_1_354' title='bbox 3577 2455 3720 2508; x_wconf 81' lang='grc' dir='ltr'><em>ἀπο-</em></span> 
     </span>
    </p>
   </div>
   <div class='ocr_carea' id='block_1_56' title="bbox 2167 2543 3719 2612">
    <p class='ocr_par' dir='ltr' id='par_1_56' title="bbox 2167 2543 3719 2612">
     <span class='ocr_line' id='line_1_56' title="bbox 2167 2543 3719 2612; baseline -0.006 -8"><span class='ocrx_word' id='word_1_355' title='bbox 2167 2544 2488 2609; x_wconf 86' lang='grc' dir='ltr'><em>συλοῦσιν,</em></span> <span class='ocrx_word' id='word_1_356' title='bbox 2518 2549 2603 2612; x_wconf 84' lang='grc' dir='ltr'><strong>είς</strong></span> <span class='ocrx_word' id='word_1_357' title='bbox 2623 2543 2870 2598; x_wconf 78' lang='grc' dir='ltr'><em>πολλῶν</em></span> <span class='ocrx_word' id='word_1_358' title='bbox 2883 2544 3137 2611; x_wconf 79' lang='grc' dir='ltr'><em>ἀπάτην,</em></span> <span class='ocrx_word' id='word_1_359' title='bbox 3158 2543 3719 2612; x_wconf 81' lang='grc' dir='ltr'><em>ἐπιτεχνευσάμενοι</em></span> 
     </span>
    </p>
   </div>
   <div class='ocr_carea' id='block_1_57' title="bbox 2171 2633 3720 2702">
    <p class='ocr_par' dir='ltr' id='par_1_57' title="bbox 2171 2633 3720 2702">
     <span class='ocr_line' id='line_1_57' title="bbox 2171 2633 3720 2702; baseline -0.005 -10"><span class='ocrx_word' id='word_1_360' title='bbox 2171 2639 2374 2693; x_wconf 80' lang='grc' dir='ltr'><em>τοῦτο’</em></span> <span class='ocrx_word' id='word_1_361' title='bbox 2413 2636 2512 2691; x_wconf 79' lang='grc' dir='ltr'><strong>καί</strong></span> <span class='ocrx_word' id='word_1_362' title='bbox 2550 2634 2874 2702; x_wconf 82' lang='grc' dir='ltr'><em>πανταχοῦ</em></span> <span class='ocrx_word' id='word_1_363' title='bbox 2900 2634 3350 2702; x_wconf 83' lang='grc' dir='ltr'><em>ἐπισπείραντες</em></span> <span class='ocrx_word' id='word_1_364' title='bbox 3391 2633 3457 2686; x_wconf 80' lang='grc' dir='ltr'><strong>ἐκ</strong></span> <span class='ocrx_word' id='word_1_365' title='bbox 3492 2633 3720 2700; x_wconf 79' lang='grc' dir='ltr'><em>νεκρῶν</em></span> 
     </span>
    </p>
   </div>
   <div class='ocr_carea' id='block_1_58' title="bbox 2170 2725 3717 2799">
    <p class='ocr_par' dir='ltr' id='par_1_58' title="bbox 2170 2725 3717 2799">
     <span class='ocr_line' id='line_1_58' title="bbox 2170 2725 3717 2799; baseline -0.001 -16"><span class='ocrx_word' id='word_1_366' title='bbox 2170 2727 2509 2799; x_wconf 72' lang='grc' dir='ltr'><em>ἐγηγέρθαι,</em></span> <span class='ocrx_word' id='word_1_367' title='bbox 2554 2728 2658 2780; x_wconf 80' lang='grc' dir='ltr'><em>τὸν</em></span> <span class='ocrx_word' id='word_1_368' title='bbox 2695 2725 2922 2780; x_wconf 82' lang='grc' dir='ltr'><em>ἑαυτῶν</em></span> <span class='ocrx_word' id='word_1_369' title='bbox 2961 2725 3375 2795; x_wconf 76' lang='grc' dir='ltr'><em>ὲπιςρημίζουσι</em></span> <span class='ocrx_word' id='word_1_370' title='bbox 3427 2727 3717 2781; x_wconf 82' lang='grc' dir='ltr'><em>διδάσκα-</em></span> 
     </span>
    </p>
   </div>
   <div class='ocr_carea' id='block_1_59' title="bbox 2171 2811 3719 2885">
    <p class='ocr_par' dir='ltr' id='par_1_59' title="bbox 2171 2811 3719 2885">
     <span class='ocr_line' id='line_1_59' title="bbox 2171 2811 3719 2885; baseline -0.001 -12"><span class='ocrx_word' id='word_1_371' title='bbox 2171 2823 2304 2873; x_wconf 89' lang='grc' dir='ltr'><em>λον.</em></span> <span class='ocrx_word' id='word_1_372' title='bbox 2352 2818 2447 2881; x_wconf 79' lang='grc' dir='ltr'><strong>Ἐξ</strong></span> <span class='ocrx_word' id='word_1_373' title='bbox 2476 2816 2676 2870; x_wconf 83' lang='grc' dir='ltr'><em>αὐτῶν</em></span> <span class='ocrx_word' id='word_1_374' title='bbox 2705 2811 2790 2881; x_wconf 75' lang='grc' dir='ltr'><strong>εἷς</strong></span> <span class='ocrx_word' id='word_1_375' title='bbox 2820 2815 2950 2868; x_wconf 83' lang='grc' dir='ltr'><em>ἐστι</em></span> <span class='ocrx_word' id='word_1_376' title='bbox 2979 2815 3076 2869; x_wconf 76' lang='grc' dir='ltr'><strong>καὶ</strong></span> <span class='ocrx_word' id='word_1_377' title='bbox 3108 2819 3140 2870; x_wconf 86' lang='grc' dir='ltr'><em>ό</em></span> <span class='ocrx_word' id='word_1_378' title='bbox 3178 2817 3469 2884; x_wconf 83' lang='grc' dir='ltr'><em>Φίλιππος</em></span> <span class='ocrx_word' id='word_1_379' title='bbox 3502 2814 3719 2885; x_wconf 84' lang='grc' dir='ltr'><em>οὗτος,</em></span> 
     </span>
    </p>
   </div>
   <div class='ocr_carea' id='block_1_60' title="bbox 527 2905 2070 2982">
    <p class='ocr_par' dir='ltr' id='par_1_60' title="bbox 527 2908 2070 2982">
     <span class='ocr_line' id='line_1_60' title="bbox 527 2908 2070 2982; baseline 0.004 -23"><span class='ocrx_word' id='word_1_380' title='bbox 527 2908 671 2960; x_wconf 85' lang='lat' dir='ltr'><strong>mala</strong></span> <span class='ocrx_word' id='word_1_381' title='bbox 715 2924 831 2961; x_wconf 87' lang='lat' dir='ltr'><strong>eum</strong></span> <span class='ocrx_word' id='word_1_382' title='bbox 867 2919 1031 2961; x_wconf 88' lang='lat' dir='ltr'><strong>morte</strong></span> <span class='ocrx_word' id='word_1_383' title='bbox 1063 2911 1359 2977; x_wconf 81' lang='lat' dir='ltr'><strong>perditurus</strong></span> <span class='ocrx_word' id='word_1_384' title='bbox 1394 2926 1411 2965; x_wconf 89' lang='lat'><em>:</em></span> <span class='ocrx_word' id='word_1_385' title='bbox 1445 2911 1671 2981; x_wconf 71' lang='grc' dir='ltr'><em>φιττηεὶ</em></span> <span class='ocrx_word' id='word_1_386' title='bbox 1701 2909 1885 2978; x_wconf 84' lang='lat' dir='ltr'><strong>vultis,</strong></span> <span class='ocrx_word' id='word_1_387' title='bbox 1916 2927 2070 2982; x_wconf 89' lang='lat' dir='ltr'><strong>quam</strong></span> 
     </span>
    </p>
   </div>
   <div class='ocr_carea' id='block_1_61' title="bbox 2171 2905 3719 2982">
    <p class='ocr_par' dir='ltr' id='par_1_61' title="bbox 2175 2905 3719 2976">
     <span class='ocr_line' id='line_1_61' title="bbox 2175 2905 3719 2976; baseline -0.002 -11"><span class='ocrx_word' id='word_1_388' title='bbox 2175 2905 2245 2965; x_wconf 85' lang='grc' dir='ltr'><em>οὗ</em></span> <span class='ocrx_word' id='word_1_389' title='bbox 2296 2906 2648 2975; x_wconf 82' lang='grc' dir='ltr'><em>περικρατὴς</em></span> <span class='ocrx_word' id='word_1_390' title='bbox 2695 2909 2728 2960; x_wconf 80' lang='grc' dir='ltr'><em>ό</em></span> <span class='ocrx_word' id='word_1_391' title='bbox 2777 2906 3070 2972; x_wconf 79' lang='grc' dir='ltr'><em>βασιλεὺς</em></span> <span class='ocrx_word' id='word_1_392' title='bbox 3118 2907 3393 2976; x_wconf 67' lang='grc' dir='ltr'><em>ἐπιθυμεῖ</em></span> <span class='ocrx_word' id='word_1_393' title='bbox 3443 2910 3719 2976; x_wconf 78' lang='grc' dir='ltr'><em>γενέσθαι</em></span> 
     </span>
    </p>
   </div>
   <div class='ocr_carea' id='block_1_62' title="bbox 524 3000 1600 3072">
    <p class='ocr_par' dir='ltr' id='par_1_62' title="bbox 524 3000 1600 3072">
     <span class='ocr_line' id='line_1_62' title="bbox 524 3000 1600 3072; baseline 0.003 -21"><span class='ocrx_word' id='word_1_394' title='bbox 524 3000 623 3052; x_wconf 88' lang='lat' dir='ltr'><strong>cito</strong></span> <span class='ocrx_word' id='word_1_395' title='bbox 647 3001 872 3052; x_wconf 77' lang='lat' dir='ltr'><strong>vinctum</strong></span> <span class='ocrx_word' id='word_1_396' title='bbox 906 3000 1314 3072; x_wconf 82' lang='lat' dir='ltr'><strong>Hierosolymam</strong></span> <span class='ocrx_word' id='word_1_397' title='bbox 1346 3002 1600 3072; x_wconf 84' lang='lat' dir='ltr'><strong>abducite.</strong></span> 
     </span>
    </p>
   </div>
   <div class='ocr_carea' id='block_1_63' title="bbox 601 3262 2068 3333">
    <p class='ocr_par' dir='ltr' id='par_1_63' title="bbox 601 3262 2068 3333">
     <span class='ocr_line' id='line_1_63' title="bbox 601 3262 2068 3333; baseline -0.001 -13"><span class='ocrx_word' id='word_1_398' title='bbox 601 3265 676 3320; x_wconf 82' lang='lat' dir='ltr'><strong>Ac</strong></span> <span class='ocrx_word' id='word_1_399' title='bbox 702 3279 856 3330; x_wconf 82' lang='lat' dir='ltr'><strong>vero,</strong></span> <span class='ocrx_word' id='word_1_400' title='bbox 888 3272 1130 3319; x_wconf 87' lang='lat' dir='ltr'><strong>cessante</strong></span> <span class='ocrx_word' id='word_1_401' title='bbox 1161 3262 1307 3333; x_wconf 89' lang='lat' dir='ltr'><strong>loqui</strong></span> <span class='ocrx_word' id='word_1_402' title='bbox 1340 3263 1595 3333; x_wconf 72' lang='lat' dir='ltr'><strong>pontifice</strong></span> <span class='ocrx_word' id='word_1_403' title='bbox 1627 3271 1862 3320; x_wconf 84' lang='lat' dir='ltr'><strong>astantes</strong></span> <span class='ocrx_word' id='word_1_404' title='bbox 1891 3263 2068 3319; x_wconf 88' lang='lat' dir='ltr'><strong>inten-</strong></span> 
     </span>
    </p>
   </div>
   <div class='ocr_carea' id='block_1_64' title="bbox 530 3355 2068 3424">
    <p class='ocr_par' dir='ltr' id='par_1_64' title="bbox 530 3355 2068 3424">
     <span class='ocr_line' id='line_1_64' title="bbox 530 3355 2068 3424; baseline -0.003 -12"><span class='ocrx_word' id='word_1_405' title='bbox 530 3358 598 3412; x_wconf 89' lang='lat' dir='ltr'><strong>tis</strong></span> <span class='ocrx_word' id='word_1_406' title='bbox 630 3357 802 3412; x_wconf 86' lang='lat' dir='ltr'><strong>oculis</strong></span> <span class='ocrx_word' id='word_1_407' title='bbox 836 3357 891 3411; x_wconf 90' lang='lat' dir='ltr'><strong>in</strong></span> <span class='ocrx_word' id='word_1_408' title='bbox 922 3356 1232 3424; x_wconf 88' lang='lat' dir='ltr'><strong>Philippum</strong></span> <span class='ocrx_word' id='word_1_409' title='bbox 1270 3363 1454 3419; x_wconf 86' lang='lat' dir='ltr'><strong>erant,</strong></span> <span class='ocrx_word' id='word_1_410' title='bbox 1486 3355 1614 3424; x_wconf 85' lang='lat' dir='ltr'><strong>quid</strong></span> <span class='ocrx_word' id='word_1_411' title='bbox 1647 3355 1864 3409; x_wconf 83' lang='lat' dir='ltr'><strong>demum</strong></span> <span class='ocrx_word' id='word_1_412' title='bbox 1897 3355 1987 3409; x_wconf 89' lang='lat' dir='ltr'><strong>ille</strong></span> <span class='ocrx_word' id='word_1_413' title='bbox 2019 3355 2068 3410; x_wconf 91' lang='lat' dir='ltr'><strong>ei</strong></span> 
     </span>
    </p>
   </div>
   <div class='ocr_carea' id='block_1_65' title="bbox 531 3444 2067 3516">
    <p class='ocr_par' dir='ltr' id='par_1_65' title="bbox 531 3444 2067 3516">
     <span class='ocr_line' id='line_1_65' title="bbox 531 3444 2067 3516; baseline -0.002 -16"><span class='ocrx_word' id='word_1_414' title='bbox 531 3446 904 3516; x_wconf 88' lang='lat' dir='ltr'><strong>responderet.</strong></span> <span class='ocrx_word' id='word_1_415' title='bbox 925 3445 1136 3500; x_wconf 84' lang='lat' dir='ltr'><strong>Sensim</strong></span> <span class='ocrx_word' id='word_1_416' title='bbox 1164 3444 1345 3514; x_wconf 86' lang='lat' dir='ltr'><strong>itaque</strong></span> <span class='ocrx_word' id='word_1_417' title='bbox 1370 3445 1652 3514; x_wconf 88' lang='lat' dir='ltr'><strong>leniusque</strong></span> <span class='ocrx_word' id='word_1_418' title='bbox 1673 3444 1871 3513; x_wconf 87' lang='lat' dir='ltr'><strong>apertis</strong></span> <span class='ocrx_word' id='word_1_419' title='bbox 1891 3445 2067 3509; x_wconf 82' lang='lat' dir='ltr'><strong>labiis,</strong></span> 
     </span>
    </p>
   </div>
   <div class='ocr_carea' id='block_1_66' title="bbox 529 3535 2070 3606">
    <p class='ocr_par' dir='ltr' id='par_1_66' title="bbox 529 3535 2070 3606">
     <span class='ocr_line' id='line_1_66' title="bbox 529 3535 2070 3606; baseline -0.002 -15"><span class='ocrx_word' id='word_1_420' title='bbox 529 3538 809 3606; x_wconf 84' lang='lat' dir='ltr'><strong>Philippus</strong></span> <span class='ocrx_word' id='word_1_421' title='bbox 855 3537 929 3590; x_wconf 88' lang='lat' dir='ltr'><strong>ita</strong></span> <span class='ocrx_word' id='word_1_422' title='bbox 949 3535 1187 3605; x_wconf 80' lang='lat' dir='ltr'><strong>pontiﬁci</strong></span> <span class='ocrx_word' id='word_1_423' title='bbox 1235 3536 1352 3590; x_wconf 88' lang='lat' dir='ltr'><strong>infit</strong></span> <span class='ocrx_word' id='word_1_424' title='bbox 1387 3553 1400 3590; x_wconf 93' lang='lat'>:</span> <span class='ocrx_word' id='word_1_425' title='bbox 1434 3535 1534 3590; x_wconf 84' lang='lat' dir='ltr'><strong>Fili</strong></span> <span class='ocrx_word' id='word_1_426' title='bbox 1574 3537 1819 3601; x_wconf 81' lang='lat' dir='ltr'><strong>hominis,</strong></span> <span class='ocrx_word' id='word_1_427' title='bbox 1851 3545 1907 3589; x_wconf 83' lang='lat' dir='ltr'><strong>ut</strong></span> <span class='ocrx_word' id='word_1_428' title='bbox 1949 3536 2070 3606; x_wconf 86' lang='lat' dir='ltr'><strong>quid</strong></span> 
     </span>
    </p>
   </div>
   <div class='ocr_carea' id='block_1_67' title="bbox 529 3627 2071 3700">
    <p class='ocr_par' dir='ltr' id='par_1_67' title="bbox 529 3627 2071 3700">
     <span class='ocr_line' id='line_1_67' title="bbox 529 3627 2071 3700; baseline -0.002 -17"><span class='ocrx_word' id='word_1_429' title='bbox 529 3629 702 3699; x_wconf 84' lang='lat' dir='ltr'><strong>diligis</strong></span> <span class='ocrx_word' id='word_1_430' title='bbox 730 3631 1011 3696; x_wconf 72' lang='lat' dir='ltr'><strong>vanitatem</strong></span> <span class='ocrx_word' id='word_1_431' title='bbox 1035 3638 1085 3681; x_wconf 88' lang='lat' dir='ltr'><strong>et</strong></span> <span class='ocrx_word' id='word_1_432' title='bbox 1112 3628 1331 3698; x_wconf 84' lang='lat' dir='ltr'><strong>loqueris</strong></span> <span class='ocrx_word' id='word_1_433' title='bbox 1360 3627 1727 3700; x_wconf 82' lang='lat' dir='ltr'><strong>mendacium?</strong></span> <span class='ocrx_word' id='word_1_434' title='bbox 1754 3627 1818 3682; x_wconf 84' lang='lat' dir='ltr'><strong>Ut</strong></span> <span class='ocrx_word' id='word_1_435' title='bbox 1838 3627 1960 3697; x_wconf 87' lang='lat' dir='ltr'><strong>quid</strong></span> <span class='ocrx_word' id='word_1_436' title='bbox 1985 3645 2071 3680; x_wconf 84' lang='lat' dir='ltr'><strong>cor</strong></span> 
     </span>
    </p>
   </div>
   <div class='ocr_carea' id='block_1_68' title="bbox 532 3717 2070 3789">
    <p class='ocr_par' dir='ltr' id='par_1_68' title="bbox 532 3717 2070 3789">
     <span class='ocr_line' id='line_1_68' title="bbox 532 3717 2070 3789; baseline -0.003 -17"><span class='ocrx_word' id='word_1_437' title='bbox 532 3730 674 3773; x_wconf 84' lang='lat' dir='ltr'><strong>tuum</strong></span> <span class='ocrx_word' id='word_1_438' title='bbox 708 3735 896 3789; x_wconf 80' lang='lat' dir='ltr'><strong>gravas</strong></span> <span class='ocrx_word' id='word_1_439' title='bbox 927 3721 982 3771; x_wconf 88' lang='lat' dir='ltr'><strong>in</strong></span> <span class='ocrx_word' id='word_1_440' title='bbox 1011 3717 1284 3771; x_wconf 83' lang='lat' dir='ltr'><strong>vanitate?</strong></span> <span class='ocrx_word' id='word_1_441' title='bbox 1315 3718 1500 3771; x_wconf 86' lang='lat' dir='ltr'><strong>Nonne</strong></span> <span class='ocrx_word' id='word_1_442' title='bbox 1541 3726 1594 3770; x_wconf 80' lang='lat' dir='ltr'><strong>tu</strong></span> <span class='ocrx_word' id='word_1_443' title='bbox 1636 3733 1766 3770; x_wconf 87' lang='lat' dir='ltr'><strong>auro</strong></span> <span class='ocrx_word' id='word_1_444' title='bbox 1803 3717 2070 3770; x_wconf 85' lang='lat' dir='ltr'><strong>custodum</strong></span> 
     </span>
    </p>
   </div>
   <div class='ocr_carea' id='block_1_69' title="bbox 532 3808 2069 3879">
    <p class='ocr_par' dir='ltr' id='par_1_69' title="bbox 532 3808 2069 3879">
     <span class='ocr_line' id='line_1_69' title="bbox 532 3808 2069 3879; baseline -0.003 -15"><span class='ocrx_word' id='word_1_445' title='bbox 532 3826 714 3864; x_wconf 84' lang='lat' dir='ltr'><strong>manus</strong></span> <span class='ocrx_word' id='word_1_446' title='bbox 754 3808 1008 3879; x_wconf 86' lang='lat' dir='ltr'><strong>implesti,</strong></span> <span class='ocrx_word' id='word_1_447' title='bbox 1035 3820 1090 3862; x_wconf 86' lang='lat' dir='ltr'><strong>ut</strong></span> <span class='ocrx_word' id='word_1_448' title='bbox 1127 3810 1538 3870; x_wconf 87' lang='lat' dir='ltr'><strong>resurrectionis,</strong></span> <span class='ocrx_word' id='word_1_449' title='bbox 1572 3809 1737 3878; x_wconf 77' lang='lat' dir='ltr'><strong>a/ﬁcta</strong></span> <span class='ocrx_word' id='word_1_450' title='bbox 1777 3809 2069 3874; x_wconf 85' lang='lat' dir='ltr'><strong>calumnia,</strong></span> 
     </span>
    </p>
   </div>
   <div class='ocr_carea' id='block_1_70' title="bbox 529 3897 2073 3972">
    <p class='ocr_par' dir='ltr' id='par_1_70' title="bbox 529 3897 2073 3972">
     <span class='ocr_line' id='line_1_70' title="bbox 529 3897 2073 3972; baseline -0.004 -16"><span class='ocrx_word' id='word_1_451' title='bbox 529 3903 684 3972; x_wconf 74' lang='lat' dir='ltr'><strong>ﬁdem</strong></span> <span class='ocrx_word' id='word_1_452' title='bbox 725 3901 1241 3964; x_wconf 59' lang='lat' dir='ltr'><strong>abolerentiNescis</strong></span> <span class='ocrx_word' id='word_1_453' title='bbox 1285 3913 1398 3968; x_wconf 74' lang='lat' dir='ltr'><strong>qua:</strong></span> <span class='ocrx_word' id='word_1_454' title='bbox 1435 3897 1701 3966; x_wconf 87' lang='lat' dir='ltr'><strong>signacula</strong></span> <span class='ocrx_word' id='word_1_455' title='bbox 1746 3907 2073 3951; x_wconf 86' lang='lat' dir='ltr'><strong>monumento</strong></span> 
     </span>
    </p>
   </div>
   <div class='ocr_carea' id='block_1_71' title="bbox 533 3988 2073 4063">
    <p class='ocr_par' dir='ltr' id='par_1_71' title="bbox 533 3988 2073 4063">
     <span class='ocr_line' id='line_1_71' title="bbox 533 3988 2073 4063; baseline -0.003 -15"><span class='ocrx_word' id='word_1_456' title='bbox 533 3994 859 4063; x_wconf 84' lang='lat' dir='ltr'><strong>apposuisti?</strong></span> <span class='ocrx_word' id='word_1_457' title='bbox 899 3992 1020 4046; x_wconf 66' lang='lat' dir='ltr'><strong>Hm:</strong></span> <span class='ocrx_word' id='word_1_458' title='bbox 1068 3993 1315 4045; x_wconf 85' lang='lat' dir='ltr'><strong>nimirum</strong></span> <span class='ocrx_word' id='word_1_459' title='bbox 1365 3990 1421 4041; x_wconf 89' lang='lat' dir='ltr'><strong>in</strong></span> <span class='ocrx_word' id='word_1_460' title='bbox 1463 3989 1543 4041; x_wconf 87' lang='lat' dir='ltr'><strong>die</strong></span> <span class='ocrx_word' id='word_1_461' title='bbox 1581 3990 1674 4042; x_wconf 81' lang='lat' dir='ltr'><strong>ira:</strong></span> <span class='ocrx_word' id='word_1_462' title='bbox 1720 3997 1865 4043; x_wconf 88' lang='lat' dir='ltr'><strong>tuum</strong></span> <span class='ocrx_word' id='word_1_463' title='bbox 1908 3988 2073 4043; x_wconf 89' lang='lat' dir='ltr'><strong>scelus</strong></span> 
     </span>
    </p>
   </div>
   <div class='ocr_carea' id='block_1_72' title="bbox 533 4084 1138 4154">
    <p class='ocr_par' dir='ltr' id='par_1_72' title="bbox 533 4084 1138 4154">
     <span class='ocr_line' id='line_1_72' title="bbox 533 4084 1138 4154; baseline -0.005 -16"><span class='ocrx_word' id='word_1_464' title='bbox 533 4085 814 4154; x_wconf 78' lang='lat' dir='ltr'><strong>ignominia</strong></span> <span class='ocrx_word' id='word_1_465' title='bbox 850 4084 1138 4136; x_wconf 87' lang='lat' dir='ltr'><strong>traducent.</strong></span> 
     </span>
    </p>
   </div>
   <div class='ocr_carea' id='block_1_73' title="bbox 2187 2996 3720 3070">
    <p class='ocr_par' dir='ltr' id='par_1_73' title="bbox 2187 2996 3720 3070">
     <span class='ocr_line' id='line_1_73' title="bbox 2187 2996 3720 3070; baseline -0.003 -14"><span class='ocrx_word' id='word_1_466' title='bbox 2187 2999 2526 3070; x_wconf 77' lang='grc' dir='ltr'><em>Ἀρχέλαος,</em></span> <span class='ocrx_word' id='word_1_467' title='bbox 2593 3000 2680 3063; x_wconf 83' lang='grc' dir='ltr'><em>είς</em></span> <span class='ocrx_word' id='word_1_468' title='bbox 2731 2996 2976 3051; x_wconf 82' lang='grc' dir='ltr'><em>πολλῶν</em></span> <span class='ocrx_word' id='word_1_469' title='bbox 3036 2998 3348 3064; x_wconf 79' lang='grc' dir='ltr'><strong>ἐκδίκησιν</strong></span> <span class='ocrx_word' id='word_1_470' title='bbox 3401 2999 3720 3053; x_wconf 84' lang='grc' dir='ltr'><em>ἀπολέσων</em></span> 
     </span>
    </p>
   </div>
   <div class='ocr_carea' id='block_1_74' title="bbox 2167 3086 3717 3158">
    <p class='ocr_par' dir='ltr' id='par_1_74' title="bbox 2167 3086 3717 3158">
     <span class='ocr_line' id='line_1_74' title="bbox 2167 3086 3717 3158; baseline -0.004 -12"><span class='ocrx_word' id='word_1_471' title='bbox 2167 3093 2350 3146; x_wconf 81' lang='grc' dir='ltr'><em>αὐτόν</em></span> <span class='ocrx_word' id='word_1_472' title='bbox 2373 3109 2386 3121; x_wconf 88' lang='grc'><strong>·</strong></span> <span class='ocrx_word' id='word_1_473' title='bbox 2420 3090 2600 3156; x_wconf 84' lang='grc' dir='ltr'><em>ὅνπερ</em></span> <span class='ocrx_word' id='word_1_474' title='bbox 2630 3090 2680 3143; x_wconf 79' lang='grc' dir='ltr'><em>ει</em></span> <span class='ocrx_word' id='word_1_475' title='bbox 2706 3088 3028 3154; x_wconf 75' lang='grc' dir='ltr'><em>βούλεσθε,</em></span> <span class='ocrx_word' id='word_1_476' title='bbox 3059 3088 3205 3156; x_wconf 83' lang='grc' dir='ltr'><em>πρὸς</em></span> <span class='ocrx_word' id='word_1_477' title='bbox 3232 3086 3415 3141; x_wconf 82' lang='grc' dir='ltr'><em>αὐτόν</em></span> <span class='ocrx_word' id='word_1_478' title='bbox 3447 3088 3512 3144; x_wconf 82' lang='grc' dir='ltr'><em>τὸ</em></span> <span class='ocrx_word' id='word_1_479' title='bbox 3537 3088 3717 3158; x_wconf 81' lang='grc' dir='ltr'><em>τάχος</em></span> 
     </span>
    </p>
   </div>
   <div class='ocr_carea' id='block_1_75' title="bbox 2169 3178 3317 3249">
    <p class='ocr_par' dir='ltr' id='par_1_75' title="bbox 2169 3178 3317 3249">
     <span class='ocr_line' id='line_1_75' title="bbox 2169 3178 3317 3249; baseline -0.002 -14"><span class='ocrx_word' id='word_1_480' title='bbox 2169 3182 2417 3249; x_wconf 79' lang='grc' dir='ltr'><em>δέσμιον</em></span> <span class='ocrx_word' id='word_1_481' title='bbox 2442 3183 2527 3248; x_wconf 78' lang='grc' dir='ltr'><strong>εις</strong></span> <span class='ocrx_word' id='word_1_482' title='bbox 2568 3178 2962 3249; x_wconf 79' lang='grc' dir='ltr'><em>Ἰερουσαλὴμ</em></span> <span class='ocrx_word' id='word_1_483' title='bbox 2987 3178 3317 3249; x_wconf 75' lang='grc' dir='ltr'><em>ἀπαγάγετε</em></span> 
     </span>
    </p>
   </div>
   <div class='ocr_carea' id='block_1_76' title="bbox 2237 3268 3718 3342">
    <p class='ocr_par' dir='ltr' id='par_1_76' title="bbox 2237 3268 3718 3342">
     <span class='ocr_line' id='line_1_76' title="bbox 2237 3268 3718 3342; baseline -0.003 -16"><span class='ocrx_word' id='word_1_484' title='bbox 2237 3273 2345 3326; x_wconf 78' lang='grc' dir='ltr'><strong>Καὶ</strong></span> <span class='ocrx_word' id='word_1_485' title='bbox 2377 3271 2441 3342; x_wconf 81' lang='grc' dir='ltr'><strong>δὴ</strong></span> <span class='ocrx_word' id='word_1_486' title='bbox 2499 3272 2589 3325; x_wconf 76' lang='grc' dir='ltr'><em>τοῦ</em></span> <span class='ocrx_word' id='word_1_487' title='bbox 2620 3269 2917 3342; x_wconf 77' lang='grc' dir='ltr'><strong>ἀρχιερέως</strong></span> <span class='ocrx_word' id='word_1_488' title='bbox 2953 3269 3255 3333; x_wconf 85' lang='grc' dir='ltr'><em>παύσαντος</em></span> <span class='ocrx_word' id='word_1_489' title='bbox 3292 3268 3384 3324; x_wconf 80' lang='grc' dir='ltr'><em>τοῦ</em></span> <span class='ocrx_word' id='word_1_490' title='bbox 3435 3269 3595 3339; x_wconf 81' lang='grc' dir='ltr'>λόγου</span> <span class='ocrx_word' id='word_1_491' title='bbox 3618 3310 3632 3336; x_wconf 93' lang='grc'><strong>,</strong></span> <span class='ocrx_word' id='word_1_492' title='bbox 3670 3269 3718 3324; x_wconf 82' lang='grc' dir='ltr'><strong>οι</strong></span> 
     </span>
    </p>
   </div>
   <div class='ocr_carea' id='block_1_77' title="bbox 2166 3356 3714 3431">
    <p class='ocr_par' dir='ltr' id='par_1_77' title="bbox 2166 3356 3714 3431">
     <span class='ocr_line' id='line_1_77' title="bbox 2166 3356 3714 3431; baseline -0.001 -19"><span class='ocrx_word' id='word_1_493' title='bbox 2166 3361 2511 3431; x_wconf 78' lang='grc' dir='ltr'><em>παρεστῶτες</em></span> <span class='ocrx_word' id='word_1_494' title='bbox 2541 3357 2843 3430; x_wconf 75' lang='grc' dir='ltr'><em>ὲνητένιζον</em></span> <span class='ocrx_word' id='word_1_495' title='bbox 2874 3356 2950 3428; x_wconf 82' lang='grc' dir='ltr'><em>τῷ</em></span> <span class='ocrx_word' id='word_1_496' title='bbox 2986 3358 3252 3429; x_wconf 79' lang='grc' dir='ltr'><em>Φιλίππῳ,</em></span> <span class='ocrx_word' id='word_1_497' title='bbox 3279 3359 3331 3411; x_wconf 87' lang='grc' dir='ltr'><strong>τί</strong></span> <span class='ocrx_word' id='word_1_498' title='bbox 3371 3358 3507 3428; x_wconf 76' lang='grc' dir='ltr'>πρὸς</span> <span class='ocrx_word' id='word_1_499' title='bbox 3544 3358 3714 3413; x_wconf 79' lang='grc' dir='ltr'><em>αὑτὸν</em></span> 
     </span>
    </p>
   </div>
   <div class='ocr_carea' id='block_1_78' title="bbox 2173 3447 3713 3520">
    <p class='ocr_par' dir='ltr' id='par_1_78' title="bbox 2173 3447 3713 3520">
     <span class='ocr_line' id='line_1_78' title="bbox 2173 3447 3713 3520; baseline -0.001 -18"><span class='ocrx_word' id='word_1_500' title='bbox 2173 3449 2400 3520; x_wconf 77' lang='grc' dir='ltr'><em>ἀντερεῖ.</em></span> <span class='ocrx_word' id='word_1_501' title='bbox 2449 3449 2658 3519; x_wconf 83' lang='grc' dir='ltr'><em>Ἠρέμα</em></span> <span class='ocrx_word' id='word_1_502' title='bbox 2702 3448 2758 3501; x_wconf 81' lang='grc' dir='ltr'><strong>δέ</strong></span> <span class='ocrx_word' id='word_1_503' title='bbox 2804 3465 2920 3510; x_wconf 79' lang='grc' dir='ltr'><strong>πως</strong></span> <span class='ocrx_word' id='word_1_504' title='bbox 2948 3449 3057 3511; x_wconf 80' lang='grc' dir='ltr'><em>τοῖς</em></span> <span class='ocrx_word' id='word_1_505' title='bbox 3101 3448 3333 3518; x_wconf 83' lang='grc' dir='ltr'><em>χείλεσιν</em></span> <span class='ocrx_word' id='word_1_506' title='bbox 3360 3447 3654 3516; x_wconf 77' lang='grc' dir='ltr'><em>ὐπανοίξας</em></span> <span class='ocrx_word' id='word_1_507' title='bbox 3684 3449 3713 3502; x_wconf 86' lang='grc' dir='ltr'><em>ό</em></span> 
     </span>
    </p>
   </div>
   <div class='ocr_carea' id='block_1_79' title="bbox 2167 3537 3718 3608">
    <p class='ocr_par' dir='ltr' id='par_1_79' title="bbox 2167 3537 3718 3608">
     <span class='ocr_line' id='line_1_79' title="bbox 2167 3537 3718 3608; baseline 0.001 -18"><span class='ocrx_word' id='word_1_508' title='bbox 2167 3538 2427 3601; x_wconf 73' lang='grc' dir='ltr'><em>Φίλιππος</em></span> <span class='ocrx_word' id='word_1_509' title='bbox 2465 3537 2542 3608; x_wconf 84' lang='grc' dir='ltr'><em>τῷ</em></span> <span class='ocrx_word' id='word_1_510' title='bbox 2580 3539 2829 3608; x_wconf 78' lang='grc' dir='ltr'><strong>ἀρχιερεῖ</strong></span> <span class='ocrx_word' id='word_1_511' title='bbox 2866 3538 3062 3608; x_wconf 73' lang='grc' dir='ltr'><em>ἔφησεν</em></span> <span class='ocrx_word' id='word_1_512' title='bbox 3101 3538 3316 3591; x_wconf 77' lang='grc' dir='ltr'><em>οὑτωσί·</em></span> <span class='ocrx_word' id='word_1_513' title='bbox 3360 3538 3453 3592; x_wconf 76' lang='grc' dir='ltr'><strong>Υἱὲ</strong></span> <span class='ocrx_word' id='word_1_514' title='bbox 3497 3541 3718 3606; x_wconf 79' lang='grc' dir='ltr'><strong>ἀνθρώ⁴</strong></span> 
     </span>
    </p>
   </div>
   <div class='ocr_carea' id='block_1_80' title="bbox 2168 3626 3716 3697">
    <p class='ocr_par' dir='ltr' id='par_1_80' title="bbox 2168 3626 3716 3697">
     <span class='ocr_line' id='line_1_80' title="bbox 2168 3626 3716 3697; baseline -0.002 -15"><span class='ocrx_word' id='word_1_515' title='bbox 2168 3645 2317 3692; x_wconf 87' lang='grc' dir='ltr'><em>που,</em></span> <span class='ocrx_word' id='word_1_516' title='bbox 2358 3629 2460 3682; x_wconf 78' lang='grc' dir='ltr'><em>ἵνα</em></span> <span class='ocrx_word' id='word_1_517' title='bbox 2525 3627 2582 3681; x_wconf 86' lang='grc' dir='ltr'><strong><em>τί</em></strong></span> <span class='ocrx_word' id='word_1_518' title='bbox 2651 3626 2886 3696; x_wconf 78' lang='grc' dir='ltr'><strong>ἀγαπᾷς</strong></span> <span class='ocrx_word' id='word_1_519' title='bbox 2932 3630 3322 3697; x_wconf 82' lang='grc' dir='ltr'><em>ματαιότητα,</em></span> <span class='ocrx_word' id='word_1_520' title='bbox 3367 3628 3466 3682; x_wconf 78' lang='grc' dir='ltr'><strong>καί</strong></span> <span class='ocrx_word' id='word_1_521' title='bbox 3511 3628 3716 3693; x_wconf 81' lang='grc' dir='ltr'><em>λαλεῖς</em></span> 
     </span>
    </p>
   </div>
   <div class='ocr_carea' id='block_1_81' title="bbox 2168 3715 3711 3786">
    <p class='ocr_par' dir='ltr' id='par_1_81' title="bbox 2168 3715 3711 3786">
     <span class='ocr_line' id='line_1_81' title="bbox 2168 3715 3711 3786; baseline 0.001 -15"><span class='ocrx_word' id='word_1_522' title='bbox 2168 3717 2424 3786; x_wconf 76' lang='grc' dir='ltr'><em>ψεῦδος;</em></span> <span class='ocrx_word' id='word_1_523' title='bbox 2452 3717 2576 3771; x_wconf 84' lang='grc' dir='ltr'><strong>Ἵνα</strong></span> <span class='ocrx_word' id='word_1_524' title='bbox 2601 3717 2656 3770; x_wconf 83' lang='grc' dir='ltr'><strong>τί</strong></span> <span class='ocrx_word' id='word_1_525' title='bbox 2677 3715 2775 3770; x_wconf 80' lang='grc' dir='ltr'><strong>ἐπὶ</strong></span> <span class='ocrx_word' id='word_1_526' title='bbox 2799 3718 3025 3786; x_wconf 84' lang='grc' dir='ltr'><em>ματαίῳ</em></span> <span class='ocrx_word' id='word_1_527' title='bbox 3050 3717 3160 3786; x_wconf 82' lang='grc' dir='ltr'><em>τὴν</em></span> <span class='ocrx_word' id='word_1_528' title='bbox 3183 3717 3430 3785; x_wconf 78' lang='grc' dir='ltr'><em>καρδίαν</em></span> <span class='ocrx_word' id='word_1_529' title='bbox 3460 3733 3576 3772; x_wconf 88' lang='grc' dir='ltr'><strong>σου</strong></span> <span class='ocrx_word' id='word_1_530' title='bbox 3607 3719 3711 3782; x_wconf 74' lang='grc' dir='ltr'><strong>βα-</strong></span> 
     </span>
    </p>
   </div>
   <div class='ocr_carea' id='block_1_82' title="bbox 2162 3803 3718 3878">
    <p class='ocr_par' dir='ltr' id='par_1_82' title="bbox 2162 3803 3718 3878">
     <span class='ocr_line' id='line_1_82' title="bbox 2162 3803 3718 3878; baseline -0.001 -16"><span class='ocrx_word' id='word_1_531' title='bbox 2162 3809 2398 3878; x_wconf 84' lang='grc' dir='ltr'><em>ρύνεις;</em></span> <span class='ocrx_word' id='word_1_532' title='bbox 2435 3810 2516 3864; x_wconf 87' lang='grc' dir='ltr'><strong>Οὐ</strong></span> <span class='ocrx_word' id='word_1_533' title='bbox 2552 3803 2779 3877; x_wconf 71' lang='grc' dir='ltr'><em>χρυσοῖν</em></span> <span class='ocrx_word' id='word_1_534' title='bbox 2808 3807 2890 3862; x_wconf 84' lang='grc' dir='ltr'><em>σὺ</em></span> <span class='ocrx_word' id='word_1_535' title='bbox 2916 3807 3032 3863; x_wconf 80' lang='grc' dir='ltr'><strong>τῶν</strong></span> <span class='ocrx_word' id='word_1_536' title='bbox 3060 3808 3347 3876; x_wconf 70' lang='grc' dir='ltr'><em>φυλάκων</em></span> <span class='ocrx_word' id='word_1_537' title='bbox 3382 3809 3487 3876; x_wconf 84' lang='grc' dir='ltr'><strong>τὰς</strong></span> <span class='ocrx_word' id='word_1_538' title='bbox 3518 3810 3718 3878; x_wconf 83' lang='grc' dir='ltr'><em>χεῖρας</em></span> 
     </span>
    </p>
   </div>
   <div class='ocr_carea' id='block_1_83' title="bbox 2169 3895 3716 3968">
    <p class='ocr_par' dir='ltr' id='par_1_83' title="bbox 2169 3895 3716 3968">
     <span class='ocr_line' id='line_1_83' title="bbox 2169 3895 3716 3968; baseline -0.002 -15"><span class='ocrx_word' id='word_1_539' title='bbox 2169 3901 2440 3968; x_wconf 79' lang='grc' dir='ltr'><em>ἐπλησας</em></span> <span class='ocrx_word' id='word_1_540' title='bbox 2458 3937 2473 3965; x_wconf 89' lang='grc'><strong>,</strong></span> <span class='ocrx_word' id='word_1_541' title='bbox 2499 3900 2585 3964; x_wconf 77' lang='grc' dir='ltr'><strong>είς</strong></span> <span class='ocrx_word' id='word_1_542' title='bbox 2611 3898 2679 3951; x_wconf 87' lang='grc' dir='ltr'><em>τὸ</em></span> <span class='ocrx_word' id='word_1_543' title='bbox 2708 3896 3055 3952; x_wconf 78' lang='grc' dir='ltr'><em>πλάσασθαι</em></span> <span class='ocrx_word' id='word_1_544' title='bbox 3082 3895 3192 3964; x_wconf 81' lang='grc' dir='ltr'><strong>τῆς</strong></span> <span class='ocrx_word' id='word_1_545' title='bbox 3218 3897 3505 3966; x_wconf 76' lang='grc' dir='ltr'><em>ἐγέρσεως</em></span> <span class='ocrx_word' id='word_1_546' title='bbox 3531 3911 3716 3951; x_wconf 86' lang='grc' dir='ltr'><em>συκο-</em></span> 
     </span>
    </p>
   </div>
   <div class='ocr_carea' id='block_1_84' title="bbox 2170 3981 3716 4060">
    <p class='ocr_par' dir='ltr' id='par_1_84' title="bbox 2170 3981 3716 4060">
     <span class='ocr_line' id='line_1_84' title="bbox 2170 3981 3716 4060; baseline -0.004 -16"><span class='ocrx_word' id='word_1_547' title='bbox 2170 3992 2463 4060; x_wconf 75' lang='grc' dir='ltr'><em>φαντίαν;</em></span> <span class='ocrx_word' id='word_1_548' title='bbox 2495 3990 2606 4043; x_wconf 85' lang='grc' dir='ltr'><strong>οὐκ</strong></span> <span class='ocrx_word' id='word_1_549' title='bbox 2647 3982 2812 4054; x_wconf 77' lang='grc' dir='ltr'><em>οἶδας</em></span> <span class='ocrx_word' id='word_1_550' title='bbox 2839 3987 2910 4054; x_wconf 82' lang='grc' dir='ltr'><em>ἀς</em></span> <span class='ocrx_word' id='word_1_551' title='bbox 2947 3987 3237 4041; x_wconf 77' lang='grc' dir='ltr'><em>ἐναπέθου</em></span> <span class='ocrx_word' id='word_1_552' title='bbox 3273 3986 3603 4056; x_wconf 74' lang='grc' dir='ltr'><em>σφραγίδας</em></span> <span class='ocrx_word' id='word_1_553' title='bbox 3639 3981 3716 4050; x_wconf 77' lang='grc' dir='ltr'><em>τῷ</em></span> 
     </span>
    </p>
   </div>
   <div class='ocr_carea' id='block_1_85' title="bbox 2169 4073 3714 4150">
    <p class='ocr_par' dir='ltr' id='par_1_85' title="bbox 2169 4073 3714 4150">
     <span class='ocr_line' id='line_1_85' title="bbox 2169 4073 3714 4150; baseline -0.004 -15"><span class='ocrx_word' id='word_1_554' title='bbox 2169 4081 2469 4150; x_wconf 84' lang='grc' dir='ltr'><em>μνήματι;</em></span> <span class='ocrx_word' id='word_1_555' title='bbox 2498 4075 2675 4135; x_wconf 85' lang='grc' dir='ltr'><em>αὗταί</em></span> <span class='ocrx_word' id='word_1_556' title='bbox 2707 4092 2821 4132; x_wconf 91' lang='grc' dir='ltr'><strong>σου</strong></span> <span class='ocrx_word' id='word_1_557' title='bbox 2857 4078 2926 4131; x_wconf 83' lang='grc' dir='ltr'><em>ἐν</em></span> <span class='ocrx_word' id='word_1_558' title='bbox 2973 4074 3162 4147; x_wconf 77' lang='grc' dir='ltr'><em>ἡμέρᾳ</em></span> <span class='ocrx_word' id='word_1_559' title='bbox 3187 4075 3366 4145; x_wconf 77' lang='grc' dir='ltr'><strong>ὀργῆς</strong></span> <span class='ocrx_word' id='word_1_560' title='bbox 3403 4073 3714 4145; x_wconf 81' lang='grc' dir='ltr'><em>στηλιτεύ-</em></span> 
     </span>
    </p>
   </div>
   <div class='ocr_carea' id='block_1_86' title="bbox 2172 4157 2902 4239">
    <p class='ocr_par' dir='ltr' id='par_1_86' title="bbox 2172 4157 2902 4239">
     <span class='ocr_line' id='line_1_86' title="bbox 2172 4157 2902 4239; baseline -0.003 -13"><span class='ocrx_word' id='word_1_561' title='bbox 2172 4177 2352 4226; x_wconf 84' lang='grc' dir='ltr'><em>σουσι</em></span> <span class='ocrx_word' id='word_1_562' title='bbox 2381 4171 2447 4225; x_wconf 81' lang='grc' dir='ltr'><em>τὸ</em></span> <span class='ocrx_word' id='word_1_563' title='bbox 2479 4171 2772 4239; x_wconf 83' lang='grc' dir='ltr'><em>ἀνόμημα.</em></span> <span class='ocrx_word' id='word_1_564' title='bbox 2896 4157 2902 4163; x_wconf 58' lang='grc'><em>’</em></span> 
     </span>
    </p>
   </div>
   <div class='ocr_carea' id='block_1_87' title="bbox 607 4245 2070 4349">
    <p class='ocr_par' dir='ltr' id='par_1_87' title="bbox 607 4274 2069 4349">
     <span class='ocr_line' id='line_1_87' title="bbox 607 4274 2069 4349; baseline -0.002 -15"><span class='ocrx_word' id='word_1_565' title='bbox 607 4281 966 4349; x_wconf 75' lang='lat' dir='ltr'><strong>llispontii&#39;ex</strong></span> <span class='ocrx_word' id='word_1_566' title='bbox 991 4279 1248 4346; x_wconf 79' lang='lat' dir='ltr'><strong>majorem</strong></span> <span class='ocrx_word' id='word_1_567' title='bbox 1284 4274 1337 4328; x_wconf 83' lang='lat' dir='ltr'><strong>in</strong></span> <span class='ocrx_word' id='word_1_568' title='bbox 1367 4276 1582 4330; x_wconf 89' lang='lat' dir='ltr'><strong>modum</strong></span> <span class='ocrx_word' id='word_1_569' title='bbox 1622 4278 1888 4342; x_wconf 79' lang='lat' dir='ltr'><strong>turbatus,</strong></span> <span class='ocrx_word' id='word_1_570' title='bbox 1916 4277 2069 4331; x_wconf 79' lang='lat' dir='ltr'><strong>iuro-</strong></span> 
     </span>
    </p>
   </div>
   <div class='ocr_carea' id='block_1_88' title="bbox 2171 4245 3714 4349">
    <p class='ocr_par' dir='ltr' id='par_1_88' title="bbox 2242 4277 3714 4349">
     <span class='ocr_line' id='line_1_88' title="bbox 2242 4277 3714 4349; baseline -0.001 -17"><span class='ocrx_word' id='word_1_571' title='bbox 2242 4281 2423 4333; x_wconf 82' lang='grc' dir='ltr'><em>Ταΰτα</em></span> <span class='ocrx_word' id='word_1_572' title='bbox 2458 4281 2547 4331; x_wconf 82' lang='grc' dir='ltr'><em>τὸν</em></span> <span class='ocrx_word' id='word_1_573' title='bbox 2575 4277 2830 4348; x_wconf 82' lang='grc' dir='ltr'>ἀρχιερέα</span> <span class='ocrx_word' id='word_1_574' title='bbox 2857 4279 3103 4348; x_wconf 82' lang='grc' dir='ltr'><em>μεγάλως</em></span> <span class='ocrx_word' id='word_1_575' title='bbox 3134 4277 3425 4348; x_wconf 62' lang='grc' dir='ltr'><em>ἐτάραξαν</em></span> <span class='ocrx_word' id='word_1_576' title='bbox 3471 4277 3714 4349; x_wconf 86' lang='grc' dir='ltr'><em>Θυμικῶς</em></span> 
     </span>
    </p>
   </div>
   <div class='ocr_carea' id='block_1_89' title="bbox 538 4365 2074 4443">
    <p class='ocr_par' dir='ltr' id='par_1_89' title="bbox 538 4365 2074 4443">
     <span class='ocr_line' id='line_1_89' title="bbox 538 4365 2074 4443; baseline -0.001 -19"><span class='ocrx_word' id='word_1_577' title='bbox 538 4386 702 4443; x_wconf 86' lang='lat' dir='ltr'><strong>reque</strong></span> <span class='ocrx_word' id='word_1_578' title='bbox 728 4371 941 4424; x_wconf 87' lang='lat' dir='ltr'><strong>irruens</strong></span> <span class='ocrx_word' id='word_1_579' title='bbox 965 4377 1025 4420; x_wconf 89' lang='lat' dir='ltr'><strong>ut</strong></span> <span class='ocrx_word' id='word_1_580' title='bbox 1056 4365 1296 4434; x_wconf 84' lang='lat' dir='ltr'><strong>apostolo</strong></span> <span class='ocrx_word' id='word_1_581' title='bbox 1321 4381 1506 4420; x_wconf 85' lang='lat' dir='ltr'><strong>manus</strong></span> <span class='ocrx_word' id='word_1_582' title='bbox 1529 4367 1774 4429; x_wconf 90' lang='lat' dir='ltr'><strong>inferret,</strong></span> <span class='ocrx_word' id='word_1_583' title='bbox 1802 4383 1916 4422; x_wconf 85' lang='lat' dir='ltr'><strong>rem</strong></span> <span class='ocrx_word' id='word_1_584' title='bbox 1939 4384 2074 4437; x_wconf 76' lang='lat' dir='ltr'><strong>pra:-</strong></span> 
     </span>
    </p>
   </div>
   <div class='ocr_carea' id='block_1_90' title="bbox 535 4453 2073 4526">
    <p class='ocr_par' dir='ltr' id='par_1_90' title="bbox 535 4453 2073 4526">
     <span class='ocr_line' id='line_1_90' title="bbox 535 4453 2073 4526; baseline -0.002 -14"><span class='ocrx_word' id='word_1_585' title='bbox 535 4468 684 4513; x_wconf 88' lang='lat' dir='ltr'><strong>stare</strong></span> <span class='ocrx_word' id='word_1_586' title='bbox 720 4474 829 4511; x_wconf 92' lang='lat' dir='ltr'><strong>non</strong></span> <span class='ocrx_word' id='word_1_587' title='bbox 865 4457 1064 4526; x_wconf 89' lang='lat' dir='ltr'><strong>potuit.</strong></span> <span class='ocrx_word' id='word_1_588' title='bbox 1101 4453 1288 4507; x_wconf 88' lang='lat' dir='ltr'><strong>Statim</strong></span> <span class='ocrx_word' id='word_1_589' title='bbox 1323 4456 1465 4508; x_wconf 88' lang='lat' dir='ltr'><strong>enim</strong></span> <span class='ocrx_word' id='word_1_590' title='bbox 1496 4457 1612 4525; x_wconf 87' lang='lat' dir='ltr'><strong>ejus</strong></span> <span class='ocrx_word' id='word_1_591' title='bbox 1643 4457 1859 4525; x_wconf 66' lang='lat' dir='ltr'><strong>pupillae</strong></span> <span class='ocrx_word' id='word_1_592' title='bbox 1888 4457 2073 4511; x_wconf 85' lang='lat' dir='ltr'><strong>oculo-</strong></span> 
     </span>
    </p>
   </div>
   <div class='ocr_carea' id='block_1_91' title="bbox 534 4547 2073 4615">
    <p class='ocr_par' dir='ltr' id='par_1_91' title="bbox 534 4547 2073 4615">
     <span class='ocr_line' id='line_1_91' title="bbox 534 4547 2073 4615; baseline -0.001 -12"><span class='ocrx_word' id='word_1_593' title='bbox 534 4566 655 4610; x_wconf 84' lang='lat' dir='ltr'><strong>rum</strong></span> <span class='ocrx_word' id='word_1_594' title='bbox 698 4549 995 4602; x_wconf 69' lang='lat' dir='ltr'><strong>obscuratae</strong></span> <span class='ocrx_word' id='word_1_595' title='bbox 1037 4551 1189 4605; x_wconf 91' lang='lat' dir='ltr'><strong>sunt,</strong></span> <span class='ocrx_word' id='word_1_596' title='bbox 1227 4559 1289 4598; x_wconf 87' lang='lat' dir='ltr'><strong>ac</strong></span> <span class='ocrx_word' id='word_1_597' title='bbox 1329 4559 1524 4612; x_wconf 89' lang='lat' dir='ltr'><strong>corpus</strong></span> <span class='ocrx_word' id='word_1_598' title='bbox 1562 4547 1830 4615; x_wconf 89' lang='lat' dir='ltr'><strong>reliquum</strong></span> <span class='ocrx_word' id='word_1_599' title='bbox 1881 4547 2073 4601; x_wconf 88' lang='lat' dir='ltr'><strong>inutile</strong></span> 
     </span>
    </p>
   </div>
   <div class='ocr_carea' id='block_1_92' title="bbox 536 4635 2076 4710">
    <p class='ocr_par' dir='ltr' id='par_1_92' title="bbox 536 4635 2076 4710">
     <span class='ocr_line' id='line_1_92' title="bbox 536 4635 2076 4710; baseline -0.002 -15"><span class='ocrx_word' id='word_1_600' title='bbox 536 4641 826 4695; x_wconf 87' lang='lat' dir='ltr'><strong>redditum.</strong></span> <span class='ocrx_word' id='word_1_601' title='bbox 860 4638 984 4690; x_wconf 85' lang='lat' dir='ltr'><strong>Visa</strong></span> <span class='ocrx_word' id='word_1_602' title='bbox 1020 4651 1106 4689; x_wconf 91' lang='lat' dir='ltr'><strong>res</strong></span> <span class='ocrx_word' id='word_1_603' title='bbox 1133 4635 1457 4710; x_wconf 69' lang='lat' dir='ltr'><strong>praestigiae,</strong></span> <span class='ocrx_word' id='word_1_604' title='bbox 1488 4636 1572 4691; x_wconf 86' lang='lat' dir='ltr'><strong>his</strong></span> <span class='ocrx_word' id='word_1_605' title='bbox 1603 4638 1694 4706; x_wconf 90' lang='lat' dir='ltr'><strong>qui</strong></span> <span class='ocrx_word' id='word_1_606' title='bbox 1728 4638 1975 4693; x_wconf 86' lang='lat' dir='ltr'><strong>aderant.</strong></span> <span class='ocrx_word' id='word_1_607' title='bbox 2006 4639 2076 4694; x_wconf 85' lang='lat' dir='ltr'><strong>Ut</strong></span> 
     </span>
    </p>
   </div>
   <div class='ocr_carea' id='block_1_93' title="bbox 536 4728 2072 4805">
    <p class='ocr_par' dir='ltr' id='par_1_93' title="bbox 536 4728 2072 4805">
     <span class='ocr_line' id='line_1_93' title="bbox 536 4728 2072 4805; baseline -0.001 -17"><span class='ocrx_word' id='word_1_608' title='bbox 536 4743 713 4788; x_wconf 86' lang='lat' dir='ltr'><strong>tamen</strong></span> <span class='ocrx_word' id='word_1_609' title='bbox 762 4735 816 4787; x_wconf 91' lang='lat' dir='ltr'><strong>in</strong></span> <span class='ocrx_word' id='word_1_610' title='bbox 861 4730 1165 4800; x_wconf 86' lang='lat' dir='ltr'><strong>apostolum</strong></span> <span class='ocrx_word' id='word_1_611' title='bbox 1214 4728 1473 4798; x_wconf 89' lang='lat' dir='ltr'><strong>impetum</strong></span> <span class='ocrx_word' id='word_1_612' title='bbox 1523 4730 1796 4797; x_wconf 88' lang='lat' dir='ltr'><strong>fecerunt,</strong></span> <span class='ocrx_word' id='word_1_613' title='bbox 1828 4734 2072 4805; x_wconf 80' lang='lat' dir='ltr'><strong>ejusdem</strong></span> 
     </span>
    </p>
   </div>
   <div class='ocr_carea' id='block_1_94' title="bbox 421 4823 2075 4894">
    <p class='ocr_par' dir='ltr' id='par_1_94' title="bbox 421 4823 2075 4894">
     <span class='ocr_line' id='line_1_94' title="bbox 421 4823 2075 4894; baseline -0.001 -15"><span class='ocrx_word' id='word_1_614' title='bbox 421 4826 424 4829; x_wconf 83' lang='grc'><em>’</em></span> <span class='ocrx_word' id='word_1_615' title='bbox 537 4826 637 4894; x_wconf 90' lang='lat' dir='ltr'><strong>ipsi</strong></span> <span class='ocrx_word' id='word_1_616' title='bbox 689 4824 945 4880; x_wconf 70' lang='lat' dir='ltr'><strong>caicitatis</strong></span> <span class='ocrx_word' id='word_1_617' title='bbox 994 4823 1294 4891; x_wconf 89' lang='lat' dir='ltr'><strong>periculum</strong></span> <span class='ocrx_word' id='word_1_618' title='bbox 1348 4831 1711 4891; x_wconf 86' lang='lat' dir='ltr'><strong>sumpserunt.</strong></span> <span class='ocrx_word' id='word_1_619' title='bbox 1748 4824 1899 4889; x_wconf 87' lang='lat' dir='ltr'><strong>Quod</strong></span> <span class='ocrx_word' id='word_1_620' title='bbox 1946 4838 2075 4878; x_wconf 84' lang='lat' dir='ltr'><strong>vero</strong></span> 
     </span>
    </p>
   </div>
   <div class='ocr_carea' id='block_1_95' title="bbox 537 4912 2076 4985">
    <p class='ocr_par' dir='ltr' id='par_1_95' title="bbox 537 4912 2076 4985">
     <span class='ocr_line' id='line_1_95' title="bbox 537 4912 2076 4985; baseline -0.001 -15"><span class='ocrx_word' id='word_1_621' title='bbox 537 4917 810 4985; x_wconf 88' lang='lat' dir='ltr'><strong>apostolus</strong></span> <span class='ocrx_word' id='word_1_622' title='bbox 852 4929 958 4967; x_wconf 90' lang='lat' dir='ltr'><strong>non</strong></span> <span class='ocrx_word' id='word_1_623' title='bbox 998 4913 1230 4968; x_wconf 79' lang='lat' dir='ltr'><strong>nesciret</strong></span> <span class='ocrx_word' id='word_1_624' title='bbox 1275 4913 1489 4967; x_wconf 90' lang='lat' dir='ltr'><strong>illorum</strong></span> <span class='ocrx_word' id='word_1_625' title='bbox 1536 4912 1959 4970; x_wconf 85' lang='lat' dir='ltr'><strong>incredulitatem</strong></span> <span class='ocrx_word' id='word_1_626' title='bbox 2013 4931 2076 4969; x_wconf 90' lang='lat' dir='ltr'><strong>ac</strong></span> 
     </span>
    </p>
   </div>
   <div class='ocr_carea' id='block_1_96' title="bbox 539 5000 2074 5071">
    <p class='ocr_par' dir='ltr' id='par_1_96' title="bbox 539 5000 2074 5071">
     <span class='ocr_line' id='line_1_96' title="bbox 539 5000 2074 5071; baseline 0 -16"><span class='ocrx_word' id='word_1_627' title='bbox 539 5001 1077 5071; x_wconf 75' lang='lat' dir='ltr'><strong>.gnorantiam,quod</strong></span> <span class='ocrx_word' id='word_1_628' title='bbox 1094 5001 1174 5054; x_wconf 86' lang='lat' dir='ltr'><strong>vis</strong></span> <span class='ocrx_word' id='word_1_629' title='bbox 1189 5001 1492 5055; x_wconf 60' lang='lat' dir='ltr'><strong>daemonum</strong></span> <span class='ocrx_word' id='word_1_630' title='bbox 1515 5001 1568 5053; x_wconf 93' lang='lat' dir='ltr'><strong>in</strong></span> <span class='ocrx_word' id='word_1_631' title='bbox 1591 5000 1698 5055; x_wconf 89' lang='lat' dir='ltr'><strong>illis</strong></span> <span class='ocrx_word' id='word_1_632' title='bbox 1718 5003 2074 5071; x_wconf 69' lang='lat' dir='ltr'><strong>praepolleret,</strong></span> 
     </span>
    </p>
   </div>
   <div class='ocr_carea' id='block_1_97' title="bbox 528 5090 2075 5162">
    <p class='ocr_par' dir='ltr' id='par_1_97' title="bbox 528 5090 2075 5162">
     <span class='ocr_line' id='line_1_97' title="bbox 528 5090 2075 5162; baseline 0 -16"><span class='ocrx_word' id='word_1_633' title='bbox 528 5107 657 5146; x_wconf 66' lang='lat' dir='ltr'><strong>&quot;eam</strong></span> <span class='ocrx_word' id='word_1_634' title='bbox 691 5093 746 5149; x_wconf 89' lang='lat' dir='ltr'><strong>in</strong></span> <span class='ocrx_word' id='word_1_635' title='bbox 777 5105 890 5143; x_wconf 92' lang='lat' dir='ltr'><strong>rem</strong></span> <span class='ocrx_word' id='word_1_636' title='bbox 923 5090 1120 5160; x_wconf 78' lang='lat' dir='ltr'><strong>ingenti</strong></span> <span class='ocrx_word' id='word_1_637' title='bbox 1159 5093 1356 5162; x_wconf 77' lang='lat' dir='ltr'><strong>gemitu</strong></span> <span class='ocrx_word' id='word_1_638' title='bbox 1394 5109 1407 5145; x_wconf 89' lang='lat'>:</span> <span class='ocrx_word' id='word_1_639' title='bbox 1444 5092 1570 5157; x_wconf 88' lang='lat' dir='ltr'><strong>Tua,</strong></span> <span class='ocrx_word' id='word_1_640' title='bbox 1597 5091 1838 5151; x_wconf 85' lang='lat' dir='ltr'><strong>Domine,</strong></span> <span class='ocrx_word' id='word_1_641' title='bbox 1871 5093 2075 5156; x_wconf 87' lang='lat' dir='ltr'><strong>aiebat,</strong></span> 
     </span>
    </p>
   </div>
   <div class='ocr_carea' id='block_1_98' title="bbox 543 5181 2076 5250">
    <p class='ocr_par' dir='ltr' id='par_1_98' title="bbox 543 5181 2076 5250">
     <span class='ocr_line' id='line_1_98' title="bbox 543 5181 2076 5250; baseline -0.001 -14"><span class='ocrx_word' id='word_1_642' title='bbox 543 5181 861 5248; x_wconf 84' lang='lat' dir='ltr'><strong>benignitas,</strong></span> <span class='ocrx_word' id='word_1_643' title='bbox 902 5181 1014 5250; x_wconf 87' lang='lat' dir='ltr'><strong>ipsa</strong></span> <span class='ocrx_word' id='word_1_644' title='bbox 1060 5189 1106 5234; x_wconf 87' lang='lat' dir='ltr'><strong>te</strong></span> <span class='ocrx_word' id='word_1_645' title='bbox 1171 5192 1381 5248; x_wconf 69' lang='lat' dir='ltr'><strong>,soveat,</strong></span> <span class='ocrx_word' id='word_1_646' title='bbox 1428 5198 1705 5249; x_wconf 83' lang='lat' dir='ltr'><strong>eorumque</strong></span> <span class='ocrx_word' id='word_1_647' title='bbox 1750 5184 2076 5235; x_wconf 82' lang='lat' dir='ltr'><strong>contritiones</strong></span> 
     </span>
    </p>
   </div>
   <div class='ocr_carea' id='block_1_99' title="bbox 542 5269 2076 5343">
    <p class='ocr_par' dir='ltr' id='par_1_99' title="bbox 542 5269 2076 5343">
     <span class='ocr_line' id='line_1_99' title="bbox 542 5269 2076 5343; baseline 0.007 -27"><span class='ocrx_word' id='word_1_648' title='bbox 542 5287 696 5343; x_wconf 66' lang='lat' dir='ltr'><strong>sana,</strong></span> <span class='ocrx_word' id='word_1_649' title='bbox 725 5274 771 5318; x_wconf 89' lang='lat' dir='ltr'><strong>et</strong></span> <span class='ocrx_word' id='word_1_650' title='bbox 804 5275 857 5318; x_wconf 85' lang='lat' dir='ltr'><strong>ut</strong></span> <span class='ocrx_word' id='word_1_651' title='bbox 889 5276 936 5320; x_wconf 90' lang='lat' dir='ltr'><strong>te</strong></span> <span class='ocrx_word' id='word_1_652' title='bbox 969 5280 1245 5340; x_wconf 83' lang='lat' dir='ltr'><strong>agnoscant</strong></span> <span class='ocrx_word' id='word_1_653' title='bbox 1277 5274 1612 5341; x_wconf 86' lang='lat' dir='ltr'><strong>credantque,</strong></span> <span class='ocrx_word' id='word_1_654' title='bbox 1639 5269 1847 5324; x_wconf 82' lang='lat' dir='ltr'><strong>illorum</strong></span> <span class='ocrx_word' id='word_1_655' title='bbox 1880 5275 2076 5327; x_wconf 81' lang='lat' dir='ltr'><strong>animos</strong></span> 
     </span>
    </p>
   </div>
   <div class='ocr_carea' id='block_1_100' title="bbox 544 5363 784 5413">
    <p class='ocr_par' dir='ltr' id='par_1_100' title="bbox 544 5363 784 5413">
     <span class='ocr_line' id='line_1_100' title="bbox 544 5363 784 5413; baseline -0.025 0"><span class='ocrx_word' id='word_1_656' title='bbox 544 5363 784 5413; x_wconf 79' lang='lat' dir='ltr'><strong>immuta.</strong></span> 
     </span>
    </p>
   </div>
   <div class='ocr_carea' id='block_1_101' title="bbox 617 5447 2097 5520">
    <p class='ocr_par' dir='ltr' id='par_1_101' title="bbox 617 5447 2097 5520">
     <span class='ocr_line' id='line_1_101' title="bbox 617 5447 2097 5520; baseline 0.003 -20"><span class='ocrx_word' id='word_1_657' title='bbox 617 5448 657 5500; x_wconf 87' lang='grc' dir='ltr'>Ε</span> <span class='ocrx_word' id='word_1_658' title='bbox 713 5447 868 5499; x_wconf 89' lang='lat' dir='ltr'><strong>terris</strong></span> <span class='ocrx_word' id='word_1_659' title='bbox 919 5448 1095 5519; x_wconf 86' lang='lat' dir='ltr'><strong>itaque</strong></span> <span class='ocrx_word' id='word_1_660' title='bbox 1143 5453 1382 5520; x_wconf 86' lang='lat' dir='ltr'><strong>apostolo</strong></span> <span class='ocrx_word' id='word_1_661' title='bbox 1434 5448 1736 5503; x_wconf 85' lang='lat' dir='ltr'><strong>orationem</strong></span> <span class='ocrx_word' id='word_1_662' title='bbox 1785 5450 2097 5514; x_wconf 45' lang='lat' dir='ltr'><strong>fundente,</strong></span> 
     </span>
    </p>
   </div>
   <div class='ocr_carea' id='block_1_102' title="bbox 552 5536 2079 5610">
    <p class='ocr_par' dir='ltr' id='par_1_102' title="bbox 552 5536 2079 5610">
     <span class='ocr_line' id='line_1_102' title="bbox 552 5536 2079 5610; baseline 0.003 -20"><span class='ocrx_word' id='word_1_663' title='bbox 552 5536 756 5591; x_wconf 86' lang='lat' dir='ltr'><strong>indulta</strong></span> <span class='ocrx_word' id='word_1_664' title='bbox 785 5552 814 5594; x_wconf 88' lang='lat' dir='ltr'><strong>e</strong></span> <span class='ocrx_word' id='word_1_665' title='bbox 837 5539 1005 5607; x_wconf 66' lang='lat' dir='ltr'><strong>caelis,</strong></span> <span class='ocrx_word' id='word_1_666' title='bbox 1032 5542 1114 5596; x_wconf 82' lang='lat' dir='ltr'><strong>his</strong></span> <span class='ocrx_word' id='word_1_667' title='bbox 1135 5543 1226 5610; x_wconf 87' lang='lat' dir='ltr'><strong>qui</strong></span> <span class='ocrx_word' id='word_1_668' title='bbox 1253 5539 1493 5610; x_wconf 83' lang='lat' dir='ltr'><strong>percussi</strong></span> <span class='ocrx_word' id='word_1_669' title='bbox 1515 5539 1755 5606; x_wconf 74' lang='lat' dir='ltr'><strong>fuerant,</strong></span> <span class='ocrx_word' id='word_1_670' title='bbox 1787 5541 1988 5601; x_wconf 84' lang='lat' dir='ltr'><strong>sanitas</strong></span> <span class='ocrx_word' id='word_1_671' title='bbox 2018 5557 2079 5595; x_wconf 83' lang='lat' dir='ltr'><strong>ac</strong></span> 
     </span>
    </p>
   </div>
   <div class='ocr_carea' id='block_1_103' title="bbox 2171 4368 3714 4442">
    <p class='ocr_par' dir='ltr' id='par_1_103' title="bbox 2171 4368 3714 4442">
     <span class='ocr_line' id='line_1_103' title="bbox 2171 4368 3714 4442; baseline -0.003 -16"><span class='ocrx_word' id='word_1_672' title='bbox 2171 4374 2226 4426; x_wconf 82' lang='grc' dir='ltr'><strong>δὲ</strong></span> <span class='ocrx_word' id='word_1_673' title='bbox 2273 4371 2565 4442; x_wconf 84' lang='grc' dir='ltr'><em>διορμήσας</em></span> <span class='ocrx_word' id='word_1_674' title='bbox 2612 4369 3042 4440; x_wconf 79' lang='grc' dir='ltr'><em>διαχειρίσασθαι</em></span> <span class='ocrx_word' id='word_1_675' title='bbox 3092 4369 3180 4423; x_wconf 82' lang='grc' dir='ltr'><em>τὸν</em></span> <span class='ocrx_word' id='word_1_676' title='bbox 3229 4368 3558 4435; x_wconf 75' lang='grc' dir='ltr'><em>ἀπόστολον,</em></span> <span class='ocrx_word' id='word_1_677' title='bbox 3619 4371 3714 4422; x_wconf 66' lang='grc' dir='ltr'><strong>οὐκ</strong></span> 
     </span>
    </p>
   </div>
   <div class='ocr_carea' id='block_1_104' title="bbox 2171 4459 3714 4532">
    <p class='ocr_par' dir='ltr' id='par_1_104' title="bbox 2171 4459 3714 4532">
     <span class='ocr_line' id='line_1_104' title="bbox 2171 4459 3714 4532; baseline -0.001 -19"><span class='ocrx_word' id='word_1_678' title='bbox 2171 4462 2428 4532; x_wconf 73' lang='grc' dir='ltr'><em>ἠδυνήθη.</em></span> <span class='ocrx_word' id='word_1_679' title='bbox 2487 4459 2736 4529; x_wconf 82' lang='grc' dir='ltr'><em>Παρευθὺ</em></span> <span class='ocrx_word' id='word_1_680' title='bbox 2798 4460 2904 4530; x_wconf 82' lang='grc' dir='ltr'><strong>γὰρ</strong></span> <span class='ocrx_word' id='word_1_681' title='bbox 2952 4461 3007 4515; x_wconf 80' lang='grc' dir='ltr'><em>αἱ</em></span> <span class='ocrx_word' id='word_1_682' title='bbox 3063 4460 3219 4529; x_wconf 86' lang='grc' dir='ltr'>κόραι</span> <span class='ocrx_word' id='word_1_683' title='bbox 3265 4461 3371 4513; x_wconf 84' lang='grc' dir='ltr'><strong>τῶν</strong></span> <span class='ocrx_word' id='word_1_684' title='bbox 3423 4459 3714 4529; x_wconf 83' lang='grc' dir='ltr'><em>ὀφθαλμῶν</em></span> 
     </span>
    </p>
   </div>
   <div class='ocr_carea' id='block_1_105' title="bbox 2172 4549 3707 4623">
    <p class='ocr_par' dir='ltr' id='par_1_105' title="bbox 2172 4549 3707 4623">
     <span class='ocr_line' id='line_1_105' title="bbox 2172 4549 3707 4623; baseline -0.001 -18"><span class='ocrx_word' id='word_1_685' title='bbox 2172 4551 2333 4605; x_wconf 83' lang='grc' dir='ltr'><em>αὑτοῦ</em></span> <span class='ocrx_word' id='word_1_686' title='bbox 2380 4549 2893 4622; x_wconf 77' lang='grc' dir='ltr'><em>ἀτιημαυρώθησαν,</em></span> <span class='ocrx_word' id='word_1_687' title='bbox 2937 4554 3032 4605; x_wconf 76' lang='grc' dir='ltr'><strong>καὶ</strong></span> <span class='ocrx_word' id='word_1_688' title='bbox 3090 4553 3152 4606; x_wconf 76' lang='grc' dir='ltr'><em>τὸ</em></span> <span class='ocrx_word' id='word_1_689' title='bbox 3193 4552 3502 4623; x_wconf 86' lang='grc' dir='ltr'><em>περίλοιπον</em></span> <span class='ocrx_word' id='word_1_690' title='bbox 3550 4551 3707 4621; x_wconf 71' lang='grc' dir='ltr'><em>σῶμα</em></span> 
     </span>
    </p>
   </div>
   <div class='ocr_carea' id='block_1_106' title="bbox 2172 4641 3714 4714">
    <p class='ocr_par' dir='ltr' id='par_1_106' title="bbox 2172 4641 3714 4714">
     <span class='ocr_line' id='line_1_106' title="bbox 2172 4641 3714 4714; baseline -0.002 -17"><span class='ocrx_word' id='word_1_691' title='bbox 2172 4644 2437 4713; x_wconf 82' lang='grc' dir='ltr'><em>ἄχρηστον</em></span> <span class='ocrx_word' id='word_1_692' title='bbox 2480 4642 2739 4711; x_wconf 81' lang='grc' dir='ltr'><strong>ἐγεγόνει.</strong></span> <span class='ocrx_word' id='word_1_693' title='bbox 2795 4644 2926 4697; x_wconf 88' lang='grc' dir='ltr'>Τότε</span> <span class='ocrx_word' id='word_1_694' title='bbox 2974 4647 3085 4708; x_wconf 87' lang='grc' dir='ltr'>τοῖς</span> <span class='ocrx_word' id='word_1_695' title='bbox 3116 4641 3484 4714; x_wconf 81' lang='grc' dir='ltr'><em>παρατυχοῦσι</em></span> <span class='ocrx_word' id='word_1_696' title='bbox 3515 4643 3576 4696; x_wconf 87' lang='grc' dir='ltr'><em>τὺ</em></span> <span class='ocrx_word' id='word_1_697' title='bbox 3620 4658 3714 4710; x_wconf 83' lang='grc' dir='ltr'><strong>γε·</strong></span> 
     </span>
    </p>
   </div>
   <div class='ocr_carea' id='block_1_107' title="bbox 2173 4732 3712 4805">
    <p class='ocr_par' dir='ltr' id='par_1_107' title="bbox 2173 4732 3712 4805">
     <span class='ocr_line' id='line_1_107' title="bbox 2173 4732 3712 4805; baseline 0 -19"><span class='ocrx_word' id='word_1_698' title='bbox 2173 4733 2325 4802; x_wconf 62' lang='grc' dir='ltr'><strong>¹ῑνονὸς</strong></span> <span class='ocrx_word' id='word_1_699' title='bbox 2369 4734 2588 4804; x_wconf 81' lang='grc' dir='ltr'><em>γοητεία</em></span> <span class='ocrx_word' id='word_1_700' title='bbox 2631 4734 3014 4805; x_wconf 82' lang='grc' dir='ltr'><strong>προσεδοκᾶτο.</strong></span> <span class='ocrx_word' id='word_1_701' title='bbox 3053 4734 3245 4803; x_wconf 86' lang='grc' dir='ltr'><em>Ὀμως</em></span> <span class='ocrx_word' id='word_1_702' title='bbox 3276 4735 3416 4787; x_wconf 85' lang='grc' dir='ltr'><strong>κατά</strong></span> <span class='ocrx_word' id='word_1_703' title='bbox 3445 4732 3539 4786; x_wconf 81' lang='grc' dir='ltr'><em>τοῦ</em></span> <span class='ocrx_word' id='word_1_704' title='bbox 3583 4735 3712 4788; x_wconf 89' lang='grc' dir='ltr'><em>ἀπο-</em></span> 
     </span>
    </p>
   </div>
   <div class='ocr_carea' id='block_1_108' title="bbox 2175 4822 3712 4896">
    <p class='ocr_par' dir='ltr' id='par_1_108' title="bbox 2175 4822 3712 4896">
     <span class='ocr_line' id='line_1_108' title="bbox 2175 4822 3712 4896; baseline 0 -18"><span class='ocrx_word' id='word_1_705' title='bbox 2175 4824 2357 4878; x_wconf 82' lang='grc' dir='ltr'><em>στόλου</em></span> <span class='ocrx_word' id='word_1_706' title='bbox 2387 4822 2738 4896; x_wconf 83' lang='grc' dir='ltr'><em>όρμήσαντες,</em></span> <span class='ocrx_word' id='word_1_707' title='bbox 2772 4828 2864 4880; x_wconf 79' lang='grc' dir='ltr'><strong>καὶ</strong></span> <span class='ocrx_word' id='word_1_708' title='bbox 2898 4825 3048 4879; x_wconf 76' lang='grc' dir='ltr'><em>αὐτοὶ</em></span> <span class='ocrx_word' id='word_1_709' title='bbox 3081 4826 3181 4896; x_wconf 83' lang='grc' dir='ltr'><strong>τῆς</strong></span> <span class='ocrx_word' id='word_1_710' title='bbox 3217 4826 3383 4896; x_wconf 75' lang='grc' dir='ltr'><em>αὐτῆς</em></span> <span class='ocrx_word' id='word_1_711' title='bbox 3416 4823 3712 4896; x_wconf 80' lang='grc' dir='ltr'><em>πηρώσεως</em></span> 
     </span>
    </p>
   </div>
   <div class='ocr_carea' id='block_1_109' title="bbox 2173 4911 3714 4983">
    <p class='ocr_par' dir='ltr' id='par_1_109' title="bbox 2173 4911 3714 4983">
     <span class='ocr_line' id='line_1_109' title="bbox 2173 4911 3714 4983; baseline 0.001 -18"><span class='ocrx_word' id='word_1_712' title='bbox 2173 4915 2361 4982; x_wconf 79' lang='grc' dir='ltr'><em>πεῖραν</em></span> <span class='ocrx_word' id='word_1_713' title='bbox 2386 4913 2592 4968; x_wconf 76' lang='grc' dir='ltr'><em>ἔλαϐον.</em></span> <span class='ocrx_word' id='word_1_714' title='bbox 2632 4913 2769 4965; x_wconf 84' lang='grc' dir='ltr'><em>Ἀλλ’</em></span> <span class='ocrx_word' id='word_1_715' title='bbox 2800 4913 2920 4967; x_wconf 79' lang='grc' dir='ltr'><em>ἐπεὶ</em></span> <span class='ocrx_word' id='word_1_716' title='bbox 2947 4915 3044 4967; x_wconf 80' lang='grc' dir='ltr'><strong>οὐκ</strong></span> <span class='ocrx_word' id='word_1_717' title='bbox 3065 4913 3310 4983; x_wconf 69' lang='grc' dir='ltr'><em>ἠγνοεῖτο</em></span> <span class='ocrx_word' id='word_1_718' title='bbox 3333 4911 3411 4982; x_wconf 84' lang='grc' dir='ltr'><em>τῷ</em></span> <span class='ocrx_word' id='word_1_719' title='bbox 3437 4913 3714 4981; x_wconf 84' lang='grc' dir='ltr'><em>ἀποστόλῳ</em></span> 
     </span>
    </p>
   </div>
   <div class='ocr_carea' id='block_1_110' title="bbox 2173 5002 3713 5075">
    <p class='ocr_par' dir='ltr' id='par_1_110' title="bbox 2173 5002 3713 5075">
     <span class='ocr_line' id='line_1_110' title="bbox 2173 5002 3713 5075; baseline -0.002 -19"><span class='ocrx_word' id='word_1_720' title='bbox 2173 5005 2208 5075; x_wconf 81' lang='grc' dir='ltr'>ἠ</span> <span class='ocrx_word' id='word_1_721' title='bbox 2238 5005 2463 5062; x_wconf 78' lang='grc' dir='ltr'><em>ἀπιστία</em></span> <span class='ocrx_word' id='word_1_722' title='bbox 2516 5004 2607 5055; x_wconf 73' lang='grc' dir='ltr'><strong>καὶ</strong></span> <span class='ocrx_word' id='word_1_723' title='bbox 2650 5003 2927 5073; x_wconf 79' lang='grc' dir='ltr'><em>ήάγνοια,</em></span> <span class='ocrx_word' id='word_1_724' title='bbox 2973 5005 3053 5057; x_wconf 81' lang='grc' dir='ltr'><strong>ὅτι</strong></span> <span class='ocrx_word' id='word_1_725' title='bbox 3098 5003 3413 5073; x_wconf 67' lang='grc' dir='ltr'><em>ἐπικράτεια</em></span> <span class='ocrx_word' id='word_1_726' title='bbox 3450 5002 3713 5074; x_wconf 83' lang='grc' dir='ltr'><em>δαιμόνων</em></span> 
     </span>
    </p>
   </div>
   <div class='ocr_carea' id='block_1_111' title="bbox 2174 5087 3711 5161">
    <p class='ocr_par' dir='ltr' id='par_1_111' title="bbox 2174 5087 3711 5161">
     <span class='ocr_line' id='line_1_111' title="bbox 2174 5087 3711 5161; baseline 0 -19"><span class='ocrx_word' id='word_1_727' title='bbox 2174 5091 2347 5143; x_wconf 75' lang='grc' dir='ltr'><em>ἔνεστι</em></span> <span class='ocrx_word' id='word_1_728' title='bbox 2380 5090 2583 5151; x_wconf 83' lang='grc' dir='ltr'><em>τούτοις</em></span> <span class='ocrx_word' id='word_1_729' title='bbox 2603 5128 2616 5154; x_wconf 92' lang='grc'><strong>,</strong></span> <span class='ocrx_word' id='word_1_730' title='bbox 2650 5091 2740 5143; x_wconf 69' lang='grc' dir='ltr'><strong>ἐπὶ</strong></span> <span class='ocrx_word' id='word_1_731' title='bbox 2771 5093 2943 5161; x_wconf 85' lang='grc' dir='ltr'><em>τούτῳ</em></span> <span class='ocrx_word' id='word_1_732' title='bbox 2968 5089 3206 5158; x_wconf 77' lang='grc' dir='ltr'><strong>οἰμώξας</strong></span> <span class='ocrx_word' id='word_1_733' title='bbox 3239 5089 3400 5159; x_wconf 83' lang='grc' dir='ltr'><em>μέγα,</em></span> <span class='ocrx_word' id='word_1_734' title='bbox 3429 5087 3711 5154; x_wconf 81' lang='grc' dir='ltr'><em>Δυσωπή-</em></span> 
     </span>
    </p>
   </div>
   <div class='ocr_carea' id='block_1_112' title="bbox 2175 5176 3710 5250">
    <p class='ocr_par' dir='ltr' id='par_1_112' title="bbox 2175 5176 3710 5250">
     <span class='ocr_line' id='line_1_112' title="bbox 2175 5176 3710 5250; baseline -0.005 -15"><span class='ocrx_word' id='word_1_735' title='bbox 2175 5185 2305 5248; x_wconf 86' lang='grc' dir='ltr'><em>θητι</em></span> <span class='ocrx_word' id='word_1_736' title='bbox 2335 5177 2450 5231; x_wconf 82' lang='grc' dir='ltr'><strong>ὑπὸ</strong></span> <span class='ocrx_word' id='word_1_737' title='bbox 2486 5177 2595 5246; x_wconf 81' lang='grc' dir='ltr'><strong>τῆς</strong></span> <span class='ocrx_word' id='word_1_738' title='bbox 2620 5179 2737 5248; x_wconf 84' lang='grc' dir='ltr'><strong>σῆς</strong></span> <span class='ocrx_word' id='word_1_739' title='bbox 2766 5181 3146 5250; x_wconf 60' lang='grc' dir='ltr'><em>ἀῃπαθότητος,</em></span> <span class='ocrx_word' id='word_1_740' title='bbox 3183 5180 3376 5249; x_wconf 83' lang='grc' dir='ltr'><em>Κύριε,</em></span> <span class='ocrx_word' id='word_1_741' title='bbox 3409 5179 3583 5248; x_wconf 75' lang='grc' dir='ltr'><em>ἔλεγε,</em></span> <span class='ocrx_word' id='word_1_742' title='bbox 3619 5176 3710 5231; x_wconf 80' lang='grc' dir='ltr'><strong>καί</strong></span> 
     </span>
    </p>
   </div>
   <div class='ocr_carea' id='block_1_113' title="bbox 2174 5258 3710 5339">
    <p class='ocr_par' dir='ltr' id='par_1_113' title="bbox 2174 5258 3710 5339">
     <span class='ocr_line' id='line_1_113' title="bbox 2174 5258 3710 5339; baseline -0.001 -16"><span class='ocrx_word' id='word_1_743' title='bbox 2174 5267 2510 5339; x_wconf 67' lang='grc' dir='ltr'><em>ἀμφοτέρων</em></span> <span class='ocrx_word' id='word_1_744' title='bbox 2538 5258 2701 5324; x_wconf 78' lang='grc' dir='ltr'><em>ἴασαι</em></span> <span class='ocrx_word' id='word_1_745' title='bbox 2739 5273 2810 5324; x_wconf 82' lang='grc' dir='ltr'><em>τὰ</em></span> <span class='ocrx_word' id='word_1_746' title='bbox 2833 5272 3259 5339; x_wconf 72' lang='grc' dir='ltr'><em>συντρίμματα,</em></span> <span class='ocrx_word' id='word_1_747' title='bbox 3294 5272 3389 5326; x_wconf 76' lang='grc' dir='ltr'><strong>καί</strong></span> <span class='ocrx_word' id='word_1_748' title='bbox 3419 5270 3567 5338; x_wconf 69' lang='grc' dir='ltr'><em>πρὸς</em></span> <span class='ocrx_word' id='word_1_749' title='bbox 3604 5266 3710 5332; x_wconf 78' lang='grc' dir='ltr'><em>τὴν</em></span> 
     </span>
    </p>
   </div>
   <div class='ocr_carea' id='block_1_114' title="bbox 2174 5357 3337 5428">
    <p class='ocr_par' dir='ltr' id='par_1_114' title="bbox 2174 5357 3337 5428">
     <span class='ocr_line' id='line_1_114' title="bbox 2174 5357 3337 5428; baseline 0.002 -15"><span class='ocrx_word' id='word_1_750' title='bbox 2174 5361 2296 5426; x_wconf 83' lang='grc' dir='ltr'><em>σὴν</em></span> <span class='ocrx_word' id='word_1_751' title='bbox 2325 5357 2643 5425; x_wconf 70' lang='grc' dir='ltr'><em>ἐπίγνωσιν</em></span> <span class='ocrx_word' id='word_1_752' title='bbox 2671 5360 2888 5423; x_wconf 82' lang='grc' dir='ltr'><em>αὐτοὺς</em></span> <span class='ocrx_word' id='word_1_753' title='bbox 2909 5362 3337 5428; x_wconf 75' lang='grc' dir='ltr'><em>μεταποίησον.</em></span> 
     </span>
    </p>
   </div>
   <div class='ocr_carea' id='block_1_115' title="bbox 2244 5446 3705 5522">
    <p class='ocr_par' dir='ltr' id='par_1_115' title="bbox 2244 5446 3705 5522">
     <span class='ocr_line' id='line_1_115' title="bbox 2244 5446 3705 5522; baseline 0.001 -25"><span class='ocrx_word' id='word_1_754' title='bbox 2244 5446 2494 5498; x_wconf 81' lang='grc' dir='ltr'><em>Κάτωθεν</em></span> <span class='ocrx_word' id='word_1_755' title='bbox 2543 5449 2632 5503; x_wconf 73' lang='grc' dir='ltr'><em>οὖν</em></span> <span class='ocrx_word' id='word_1_756' title='bbox 2680 5450 2771 5502; x_wconf 82' lang='grc' dir='ltr'><strong>τοῦ</strong></span> <span class='ocrx_word' id='word_1_757' title='bbox 2818 5449 3112 5503; x_wconf 83' lang='grc' dir='ltr'><em>ἀποστόλου</em></span> <span class='ocrx_word' id='word_1_758' title='bbox 3160 5453 3257 5522; x_wconf 82' lang='grc' dir='ltr'><em>τὴν</em></span> <span class='ocrx_word' id='word_1_759' title='bbox 3300 5451 3464 5520; x_wconf 80' lang='grc' dir='ltr'><em>εὐχὴν</em></span> <span class='ocrx_word' id='word_1_760' title='bbox 3498 5446 3705 5502; x_wconf 83' lang='grc' dir='ltr'><em>ποιοῦν-</em></span> 
     </span>
    </p>
   </div>
   <div class='ocr_carea' id='block_1_116' title="bbox 2173 5535 3701 5612">
    <p class='ocr_par' dir='ltr' id='par_1_116' title="bbox 2173 5535 3701 5612">
     <span class='ocr_line' id='line_1_116' title="bbox 2173 5535 3701 5612; baseline 0.005 -24"><span class='ocrx_word' id='word_1_761' title='bbox 2173 5553 2284 5602; x_wconf 80' lang='grc' dir='ltr'><em>τος,</em></span> <span class='ocrx_word' id='word_1_762' title='bbox 2317 5535 2598 5608; x_wconf 76' lang='grc' dir='ltr'><em>οὐρανόθεν</em></span> <span class='ocrx_word' id='word_1_763' title='bbox 2642 5545 2673 5612; x_wconf 84' lang='grc' dir='ltr'>ἠ</span> <span class='ocrx_word' id='word_1_764' title='bbox 2711 5539 2871 5611; x_wconf 80' lang='grc' dir='ltr'><em>ρῶσις</em></span> <span class='ocrx_word' id='word_1_765' title='bbox 2911 5542 3022 5605; x_wconf 79' lang='grc' dir='ltr'><em>τοῖς</em></span> <span class='ocrx_word' id='word_1_766' title='bbox 3071 5541 3354 5612; x_wconf 81' lang='grc' dir='ltr'><em>πληγεῖσιν</em></span> <span class='ocrx_word' id='word_1_767' title='bbox 3389 5541 3701 5612; x_wconf 71' lang='grc' dir='ltr'><strong>ἐχαρίζετο·</strong></span> 
     </span>
    </p>
   </div>
  </div>
