3922 6314
486 355 583 427 191

1660 361 1947 422 ΝΙΟΕἝΕ
1984 357 2502 422 PAPHLAGONIS

3578 359 3688 423 192

482 471 879 540 vit.Validaque
908 477 1223 539 tempestate
1249 470 1447 540 iactata
1472 469 1614 532 navi,
1633 470 1811 523 lucida
1845 469 2024 523 statim

2155 467 2367 530 Αζωτον
2389 464 2541 516 ἔπλει
2574 465 2697 533 νηὸς
2720 464 2910 528 ἐπιϐάς
2936 481 2949 494 ·
2984 466 3075 519 καὶ
3111 467 3342 537 σφοδρᾶς
3367 467 3682 535 καταιγίδος

483 565 662 619 crucis
707 563 871 632 ﬁgura
920 562 986 615 ab
1039 563 1154 630 ipso
1203 564 1415 632 navigio
1459 563 1644 616 all‘usis
1693 562 2031 633 fulgoribus,

489 653 662 707 noctis
706 652 982 722 caliginem
1032 652 1304 705 lustravit.
1340 652 1578 719 Navique
1620 651 2029 715 exscendentes,

481 744 548 796 ab
591 743 812 796 Azotide
854 743 1084 810 quodam
1135 743 1190 795 in
1238 742 1659 794 mediterraneas
1703 740 1849 793 illius
1892 741 2034 795 aedes

483 835 750 887 deductus
774 835 1067 902 apostolus,
1094 834 1180 887 die
1207 834 1314 902 jam
1346 835 1398 885 in
1425 848 1700 901 vesperam
1729 833 2033 893 desinente.

486 940 676 992 preces
705 902 1057 992 prod‘ucebat.
1097 923 1337 992 llospitis
1363 917 1540 991 itaque
1566 921 1671 975 ﬁlia
1699 939 1865 992 prope
1891 922 2038 976 fene-

487 1024 653 1067 stram
689 1030 716 1068 e
753 1015 935 1068 vicino
974 1025 1152 1080 stans,
1185 1017 1327 1070 oculi
1362 1018 1548 1070 dolore
1580 1014 2032 1070 diseruciabatur.

487 1103 576 1157 Sic
604 1115 781 1158 tamen
816 1108 1047 1175 apostoli
1074 1107 1255 1160 verbis
1283 1108 1552 1161 lenocinio
1575 1108 1805 1176 quodam
1838 1109 2039 1162 mulce-

487 1196 666 1260 batur,
700 1207 761 1250 ut
804 1199 910 1250 vim
964 1200 1129 1267 ipsam
1185 1199 1388 1253 doloris
1429 1200 1858 1254 oblivisceretur.
1892 1199 2029 1253 Tum

489 1287 577 1339 illa
611 1287 676 1340 ad
708 1297 913 1355 patrem
941 1289 1226 1353 accedens,
1249 1291 1390 1343 oculi
1421 1291 1678 1357 probrum
1708 1305 1827 1343 cum
1854 1289 2040 1344 dolore

490 1378 841 1446 conjunctum
879 1381 1282 1447 expostulabat,
1318 1389 1376 1434 ut
1409 1383 1567 1450 cujus
1600 1383 1739 1435 serio
1768 1397 1897 1434 cura
1930 1397 2037 1434 non

485 1478 754 1535 ageretur.
788 1469 864 1522 Ad
896 1487 1056 1538 quam
1092 1481 1242 1538 pater
1274 1489 1286 1524 :
1321 1471 1426 1524 Pro
1455 1481 1502 1523 te
1534 1472 1773 1540 forsitan,
1800 1471 1935 1538 filia,
1962 1472 2040 1524 vel

487 1559 674 1627 ipsam,
698 1559 890 1627 inquit,
915 1559 1072 1612 libens
1099 1563 1332 1612 animum
1356 1577 1682 1630 exponerem,
1703 1563 1747 1612 si
1770 1563 1880 1631 quis
1909 1561 2041 1614 oculi

490 1652 564 1702 tui
585 1651 818 1714 dedecus,
843 1651 1106 1721 labemque
1129 1660 1292 1719 posset
1318 1651 1539 1718 auferre.
1560 1651 1656 1706 Cui
1683 1651 1788 1704 ﬁlia
1813 1653 2040 1721 gratiose

490 1739 736 1793 arridens
779 1757 791 1792 :
833 1739 948 1803 Est,
983 1748 1150 1807 pater,
1181 1744 1328 1791 modo
1359 1740 1502 1804 velis,
1531 1742 1617 1809 qui
1650 1751 1696 1793 et
1729 1741 1957 1793 dolorem
1994 1748 2040 1793 et

2135 555 2559 625 κλυδωνιςούσης
2603 556 2698 625 τὴν
2743 557 2891 622 ναῦν,
2928 560 3246 628 φωτοφανὴς
3281 557 3477 612 αὐτίκα
3519 575 3690 612 atau-

2137 649 2229 718 ροῦ
2258 649 2428 710 τύπος
2453 649 2542 701 ὑπ’
2573 647 2711 719 [ἀπ’]
2744 650 2910 720 αὐτῆς
2951 651 3050 719 τῆς
3091 651 3309 714 ὁλκάδος
3346 651 3445 720 τῆς
3488 651 3690 715 νυκτὸς

2135 739 2194 791 τὸ
2247 737 2480 805 ζοφῶδες
2515 738 2792 808 ἐπέλαμψε
2820 755 2834 770 ⁶
2877 741 2968 794 καὶ
2995 741 3292 804 ἀποϐάντες
3324 741 3415 796 τοῦ
3457 742 3642 795 πλοίου
3666 782 3690 806 ,

2137 831 2225 881 ὑπ’
2264 829 2546 892 Ἀζωτίδος
2572 829 2710 893 τινὸς
2734 832 2790 883 ἐν
2813 832 3083 900 μεσογαίῳ
3109 834 3366 901 οἰκήματι
3391 831 3696 902 καταχθεὶς

2135 920 2164 971 6
2196 921 2506 982 ἀπόστολος,
2537 923 2635 991 τῆς
2667 922 2876 993 ἡμέρας
2916 923 3014 992 ’ήδη
3047 922 3182 992 πρὸς
3221 922 3454 992 ἑσπέραν
3496 923 3694 992 διαλη-

2137 1011 2371 1082 γούσης,
2404 1012 2501 1079 τὴν
2531 1011 2693 1081 εὐχὴν
2738 1013 3040 1082 παρέτεινε.
3099 1014 3171 1065 Τὸ
3213 1014 3342 1081 γοῦν
3397 1014 3698 1084 θυγάτριον

2138 1103 2229 1154 τοῦ
2256 1102 2526 1171 ξενοδόχου
2553 1103 2609 1155 ἐν
2635 1103 2748 1172 χρῷ
2775 1104 2871 1173 τῆς
2895 1104 3156 1172 σύνεγγυς
3182 1104 3393 1174 θυρίδος
3427 1103 3700 1161 καθιστά-

2143 1209 2299 1262 μενον
2325 1233 2338 1257 ,
2369 1191 2603 1246 ὠδυνᾶτο
2632 1194 2721 1246 τὸν
2751 1194 3044 1264 ὀφθαλμόν.
3087 1194 3238 1250 Οὕτω
3271 1195 3326 1248 δὲ
3361 1199 3469 1259 τοῖς
3503 1197 3699 1264 λόγοις

2139 1282 2230 1335 τοῦ
2267 1283 2559 1335 ἀποστόλου
2595 1281 2843 1352 ἡδύνετο,
2879 1284 2952 1346 ὡς
2986 1285 3078 1338 καὶ
3109 1285 3170 1336 τὸ
3207 1285 3305 1352 τῆς
3333 1285 3522 1356 ὀδύνης
3562 1289 3697 1340 ἐπι-

2141 1373 2413 1427 λαθέσθαι.
2466 1369 2596 1426 Εἶτα
2635 1375 3003 1445 προσελθοῦσα
3030 1377 3108 1447 τῷ
3152 1375 3334 1448 οἰκείῳ
3367 1379 3549 1448 πατρὶ,
3589 1379 3694 1431 τοῦ

2141 1465 2413 1534 ὀφθαλμοῦ
2439 1467 2534 1533 τὴν
2561 1466 2817 1535 αἰσχύνην
2841 1467 2935 1520 σὺν
2963 1470 3028 1536 τῇ
3052 1467 3229 1539 ὀδύνῃ,
3258 1465 3329 1532 ὠς
3356 1469 3700 1540 ἀμεληθεῖσα

2142 1556 2542 1623 προσενεκάλει,
2585 1556 2641 1607 Ὀ
2671 1557 2724 1608 δὲ
2759 1557 2892 1626 πρὸς
2921 1558 3087 1628 αὐτὴν
3109 1599 3123 1624 ,
3166 1559 3342 1628 ’Υπὲρ
3376 1560 3488 1615 σοῦ
3513 1560 3697 1631 τάχα,

2141 1645 2369 1709 τέκνον,
2403 1645 2526 1714 ἔφη,
2553 1647 2857 1723 προθύμως
2883 1648 2957 1700 ἂν
2992 1649 3089 1700 καὶ
3117 1647 3228 1715 τὴν
3261 1650 3471 1717 ψυχὴν
3493 1651 3702 1718 προϊέ-

2137 1754 2288 1805 μην,
2320 1740 2369 1790 εὶ
2398 1737 2501 1790 τοῦ
2527 1738 2640 1790 σοῦ
2673 1739 2980 1806 ὀφθαλμοῦ
3008 1740 3074 1792 τὸ
3111 1732 3384 1806 δυσειδὲς
3430 1741 3705 1806 saerata

492 1830 655 1905 labes»
680 1847 866 1882 curare
897 1833 1071 1910 possit.
1101 1831 1318 1902 Ubinam
1345 1848 1483 1891 vero,
1503 1832 1597 1894 ait,
1617 1832 1771 1899 ﬁlia?
1799 1833 1860 1886 In
1889 1833 2046 1884 medi-

2154 1845 2233 1893 τις
2281 1827 2732 1894 διορθώσασθαι.
2793 1831 2903 1882 Kal
2954 1831 2988 1900 ἡ
3037 1832 3165 1893 παῖς
3212 1830 3698 1900 χαριεντιζομένη,

493 1922 748 1978 tet-nucis
793 1921 1018 1985 uadibus,
1051 1923 1330 1989 respondit
1371 1923 1487 1986 illa,
1531 1939 1682 1992 quem
1720 1925 1828 1976 lteri
1869 1940 1982 1976 sero
2019 1941 2044 1976 θ

491 2001 696 2071 nac‘tiio
747 2013 884 2066 domi
923 2016 1211 2081 suscepisti.
1276 2015 1500 2083 Moxque
1548 2016 1850 2083 apostolum
1893 2016 2072 2086 jubet-

491 2102 763 2154 accersiri.
789 2101 1101 2170 lnsertaque
1130 2103 1221 2170 qui
1244 2103 1540 2157 accersitus
1568 2112 1704 2168 erat,
1733 2104 1876 2163 dulci
1902 2103 2046 2156 veri-

495 2192 621 2243 tatis
647 2191 912 2255 doctrina,
937 2208 1185 2246 sermone
1213 2192 1466 2246 delinitos
1495 2209 1616 2246 cum
1641 2194 1787 2246 omni
1813 2193 2037 2257 familia,

495 2282 762 2349 baptismo
792 2283 1026 2335 intinxit.
1052 2282 1293 2350 Cumque
1313 2284 1485 2351 puella
1514 2300 1580 2337 ex
1612 2293 1763 2352 patre
1782 2285 1922 2337 oculi
1943 2300 2040 2338 cu-

494 2373 757 2425 rationem
781 2373 1109 2442 exquireret,
1142 2374 1215 2425 ait
1249 2373 1815 2441 apostolus:Sanandi
1852 2393 2036 2429 munus

496 2463 585 2514 tibi
609 2463 1170 2532 tribuam,'cunctisque
1197 2467 1283 2532 qui
1309 2465 1633 2533 baptismatis
1664 2467 1852 2518 donum
1876 2483 2044 2518 susce-

493 2555 678 2623 perint.
703 2553 854 2607 Mane
876 2557 1047 2624 itaque
1068 2571 1300 2623 surgens,
1325 2571 1352 2607 ο
1378 2555 1573 2624 puella,
1597 2558 1831 2609 invocato
1854 2555 2044 2610 Christi

491 2647 718 2705 nomine,
752 2643 1012 2696 laboranti
1055 2644 1200 2697 oculo
1241 2662 1453 2697 manum
1495 2648 1717 2716 impone,
1750 2649 2044 2718 integerque

492 2751 554 2787 ac
579 2751 759 2800 sanus,
788 2738 874 2805 qui
904 2736 1051 2788 lcesus
1086 2744 1180 2800 est,
1207 2721 1382 2788 oculus
1413 2738 1607 2790 evadet.
1637 2738 1788 2802 Quod
1819 2754 1940 2792 cum
1973 2740 2043 2793 ita

490 2826 731 2884 fecisset.
753 2838 812 2881 ut
835 2811 1085 2898 magister
1107 2829 1479 2889 admonuerat,
1498 2829 1868 2898 aegritudinem
1894 2845 2044 2883 suam

491 2918 721 2972 curavit.
744 2919 861 2982 Quo
887 2935 951 2972 ex
981 2927 1221 2986 tempore
1245 2920 1457 2987 sapiens
1482 2918 1778 2981 Charitina,
1801 2919 2045 2990 adjutore

492 3017 646 3078 patre
691 3025 788 3062 suo
828 3009 1100 3072 Nicolide,
1135 3011 1436 3078 apostolum
1475 3017 1661 3064 secuta
1700 3019 1781 3063 est
1819 3025 1939 3063 cum
1979 3025 2044 3063 eo

492 3097 720 3154 laudans
747 3116 806 3153 ac
835 3100 1161 3155 benedicens
1192 3101 1380 3154 Deum.

2144 1919 2375 1979 Ἔστιν,
2407 1917 2610 1985 πάτερ,
2637 1919 2686 1970 ει
2707 1917 2918 2000 ,ϐοιέλει
2938 1959 2953 1984 ,
3000 1921 3033 1972 ὁ
3068 1919 3176 1988 τῆς
3213 1921 3432 1987 ὀδύνης
3465 1921 3556 1973 καὶ
3583 1920 3707 1973 τοῦ

2141 2009 2365 2073 πάθους
2411 2007 2793 2074 θεραπευτής.
2829 2010 2936 2062 Καὶ
2969 2010 3086 2064 ποῦ
3126 2010 3368 2073 τέκνον,
3417 2011 3554 2080 ἐφη;
3598 2011 3713 2064 Ἐν

2143 2100 2221 2164 τῷ
2254 2101 2550 2168 μεσογαίῳ
2587 2100 2873 2168 οἰκήματι,
2910 2102 2942 2170 ἡ
2989 2103 3114 2165 παῖς
3151 2102 3464 2170 ἀντεπάγει,
3511 2101 3580 2154 ὃν
3622 2103 3703 2153 ἐκ

2145 2193 2250 2246 τοῦ
2279 2191 2493 2245 πλοίου
2536 2191 2609 2260 τῇ
2640 2192 2779 2260 χθὲς
2806 2192 3125 2259 ὀψιαθέντα
3154 2193 3546 2257 καθυπεδέξω,
3583 2194 3708 2247 Καὶ
3771 2223 3776 2228 ·

2145 2282 2385 2350 παρευθὺ
2420 2282 2509 2333 τὸν
2546 2281 2837 2334 ἀπόστολον
2876 2283 3279 2353 προσκληθῆναι
3325 2283 3546 2337 κελεύει.
3585 2285 3710 2337 Καὶ

2143 2374 2351 2435 τούτοις
2381 2374 2470 2424 τὸν
2500 2373 2628 2440 ἡδὺν
2668 2374 2766 2439 τῆς
2799 2373 3052 2442 ἀληθείας
3098 2376 3126 2426 6
3163 2373 3519 2444 προσκληθεὶς
3551 2375 3708 2426 ἐνει-

2151 2465 2379 2536 ράμενος
2411 2464 2604 2531 λόγον,,
2636 2465 2850 2516 πανοικὶ
2890 2464 3223 2529 καταθέλξας
3269 2465 3545 2519 ἐσάπτισε.
3581 2464 3708 2533 τῆς

2148 2557 2202 2608 δὲ
2252 2556 2453 2626 κόρης,
2503 2554 2595 2607 τοῦ
2649 2554 2925 2624 ὀφθαλμοῦ
2979 2555 3362 2625 ἐπιζητοῦντος
3413 2555 3512 2625 τὴν
3552 2555 3711 2607 iactv

2148 2647 2241 2700 τοῦ
2273 2647 2476 2716 πατρὸς
2504 2647 2692 2715 αὐτῆς,
2728 2646 2830 2716 ἔφη
2875 2649 2900 2698 6
2931 2646 3221 2710 ἀπόστολος
3247 2663 3259 2672 '
3299 2647 3394 2700 Σοὶ
3431 2646 3544 2714 τὴν
3566 2647 3710 2699 ἐπι-

2151 2738 2386 2805 στήμην
2436 2736 2543 2803 τῆς
2591 2739 2794 2807 ὑγείας
2852 2737 3165 2805 χαρίσομαι
3211 2738 3308 2790 καὶ
3367 2735 3514 2791 πᾶσι
3570 2736 3713 2802 τοῖς

2152 2828 2658 2897 προσδεξαμένοις
2710 2828 2775 2882 τὸ
2820 2829 3084 2897 χάρισμα
3118 2828 3223 2882 τοῦ
3259 2822 3707 2898 βαπτίσματος-

2150 2921 2374 2988 Πρωτας
2421 2919 2769 2981 ἀναστᾶσα,
2813 2914 2859 2973 ὦ
2901 2921 3078 2987 κόρη,
3128 2918 3205 2986 τῷ
3250 2920 3544 2988 πάσχοντι
3595 2921 3714 2988 όφ-

2151 3010 2351 3078 θαζλμῷ
2401 3010 2507 3062 τὸν
2536 3010 2790 3078 Χριστὸν
2819 3010 3170 3078 ὀνομάσασα
3216 3011 3322 3076 τὴν
3372 3011 3536 3080 χεῷα
3565 3011 3712 3065 ἐπί-

2151 3101 2269 3162 θες,
2304 3099 2400 3152 καὶ
2432 3098 2627 3165 ἄρτιος
2671 3101 2704 3151 ὁ
2736 3097 3150 3167 ,ϐεϐλημμένος
3193 3101 3492 3168 ὀφθαλμὸς
3521 3101 3708 3169 γενή-

493 3207 681 3245 σεται.
706 3190 886 3253 Οὕτως
913 3193 944 3260 ἡ
979 3191 1245 3261 μαθήτρια
1277 3193 1545 3259 ποιήσασα
1571 3189 1643 3252 ὼς
1672 3190 1699 3241 ὁ
1727 3189 2037 3251 διδάσκαλος
2069 3187 2325 3252 ὑπέθετο,
2374 3186 2433 3238 τὺ
2474 3188 2666 3238 οίκείον
2725 3186 3054 3256 ἐθεράπευσε
3103 3187 3290 3250 πάθος.
3343 3183 3450 3240 Kal
3513 3189 3713 3244 ἔκτοτε

493 3287 526 3354 ὴ
566 3285 700 3355 σοφὴ
739 3286 1019 3353 Χαριτίνα,
1063 3284 1344 3354 συνεργείᾳ
1378 3282 1469 3336 τοῦ
1510 3285 1711 3354 πατρὶς
1781 3285 1946 3350 αὐτῆς
1990 3282 2348 3346 Νικολείδους,
2407 3281 2602 3342 ὀπαδὸς
2630 3280 2722 3334 τοῦ
2780 3281 3075 3335 ἀποστόλου
3144 3283 3377 3350 ἐγένετο,
3410 3282 3718 3350 δοξάζουσα.

497 3379 593 3433 σὺν
623 3378 768 3446 αὐτῷ
794 3379 886 3431 καὶ
915 3377 1207 3443 εὐλογοῦσα
1239 3377 1326 3430 τὸν
1355 3379 1502 3432 Θεόν.

564 3471 799 3526 Veniens
837 3479 1016 3522 autem
1052 3471 1331 3538 apostolus
1365 3471 1648 3539 Philippus
1690 3470 2049 3539 Hierapolim,

2223 3470 2332 3538 Τὴν
2367 3469 2422 3521 δὲ
2472 3470 2768 3540 Ἰεράπολιν
2795 3468 3113 3523 καταλαϐὼν
3141 3471 3168 3523 6
3197 3469 3484 3532 ἀπόστολος
3517 3469 3720 3522 Φίλιπ-

497 3560 752 3614 monebat
791 3561 881 3628 qui
926 3569 1081 3614 erant
1120 3562 1363 3624 comites,
1391 3576 1460 3614 ne
1503 3561 1891 3614 tentationibus
1930 3561 2050 3614 ani-'-

500 3665 645 3702 mum
687 3649 1100 3717 desponderent.
1132 3650 1278 3702 lnter
1320 3665 1439 3718 quae
1477 3649 1741 3719 indigenae
1782 3657 1841 3702 ut
1879 3649 2055 3718 impo-

500 3749 698 3794 storem
747 3739 870 3793 dolo
921 3756 1118 3794 necare
1165 3741 1450 3802 volebant,
1497 3756 1565 3794 ne
1620 3740 1824 3793 scilicet
1867 3756 2055 3794 eorum

501 3844 720 3890 uxores,
751 3829 896 3882 velut
935 3831 1095 3883 etiam
1139 3830 1367 3882 aliorum
1409 3831 1726 3891 multorum,
1753 3829 2055 3884 seduceret.

504 3919 729 3984 Quidam
770 3935 898 3973 vero
941 3920 1129 3985 lleros,
1166 3922 1395 3990 ingenua
1439 3937 1549 3990 prae
1588 3922 1812 3990 reliquis
1848 3922 2058 3976 civibus

507 4009 748 4070 fortuna,
776 4012 1077 4079 apostolum
1105 4027 1171 4065 ne
1197 4012 1527 4080 lapidaretur
1552 4011 1770 4066 liberari
1799 4013 2054 4075 studens,

510 4106 563 4156 in
604 4105 716 4155 haec
758 4103 869 4158 fere
906 4105 1069 4158 verba
1122 4106 1331 4159 sodales
1368 4105 1738 4174 probabilibus
1781 4121 2059 4174 aggressus

512 4201 614 4247 est.
646 4193 748 4246 Viri
792 4195 942 4258 cives,
967 4212 1135 4248 meum
1180 4195 1447 4248 consilium
1490 4197 1696 4249 noscite.
1729 4195 1873 4248 Nihil
1917 4196 2058 4249 nobis

511 4287 762 4356 injustum
792 4305 908 4340 cum
945 4288 1212 4357 peregrino
1247 4290 1342 4341 isto
1377 4290 1578 4342 homine
1615 4305 1632 4342 :
1670 4288 1785 4352 sed,
1811 4290 1856 4341 si
1892 4287 2058 4351 lubet,

514 4377 655 4431 illius
682 4378 1033 4431 examinemus
1065 4379 1370 4441 doctrinam,
1400 4395 1523 4431 num
1553 4379 1620 4431 ad
1652 4380 1813 4431 animi
1837 4379 2060 4432 salutem

519 4469 715 4538 aliquid
760 4472 1010 4538 conferat.
1053 4472 1186 4525 Cum
1233 4487 1390 4525 nemo
1440 4472 1599 4526 Heroi
1652 4474 1880 4541 (quippe
1931 4489 2059 4528 vero

519 4558 742 4624 illustri)
774 4561 1142 4614 contradicere
1169 4577 1330 4615 ausus
1358 4573 1518 4625 esset,
1550 4563 1758 4630 primus
1792 4564 1903 4630 ipse
1934 4580 2063 4633 apo-

520 4651 642 4703 stoli
702 4651 867 4720 pedes
921 4654 1263 4721 complexus,
1315 4666 1558 4707 sanctum
1615 4653 1837 4720 rogabat
1891 4666 1949 4708 ut
2006 4657 2057 4709 in

520 4741 737 4793 domum
787 4759 935 4796 suam
979 4744 1290 4799 diverteret.
1333 4743 1592 4813 ingressis
1643 4743 1776 4806 illis,
1816 4746 2060 4801 Marcella

523 4831 711 4885 llerois
746 4845 877 4886 uxor
915 4835 1180 4903 indignari
1220 4837 1477 4889 adversus
1513 4833 1713 4896 virum,
1740 4835 2060 4906 divortiique

522 4921 759 4976 libellum
792 4925 1003 4987 ollerre,
1027 4938 1075 4979 et
1103 4937 1160 4980 ut
1186 4928 1282 4979 dos
1311 4927 1375 4978 ad
1412 4926 1580 4992 ipsam
1611 4937 1930 4991 revertatur,
1956 4930 2057 4982 nisi

525 5011 568 5062 is
614 5011 915 5082 Philippum
963 5017 1121 5070 domo
1165 5016 1371 5085 ejiciat,
1415 5016 1557 5069 serio
1601 5033 1812 5088 rogare.
1854 5019 2058 5074 Videns

527 5185 745 5259 acutum
794 5201 1020 5251 venerit,
1054 5188 1381 5240 Charitinam
1432 5203 1553 5241 eum
1604 5201 1756 5259 patre
1787 5203 1838 5245 et
1859 5193 2058 5246 familia

526 5255 734 5329 Christo
775 5260 1120 5311 lucraturus?
1147 5259 1449 5329 _St‘qll0llllft
1476 5255 1639 5313 etiam
1673 5263 1737 5314 de
1767 5263 2056 5329 Hierapoli,

529 5323 661 5376 forte
711 5337 960 5398 qspectcnt
1009 5329 1070 5380 ad
1121 5327 1440 5392 llicrapt‘ilim
1505 5329 1690 5398 Syriaa,
1740 5323 2062 5383 itinere-dc—

527 5408 662 5470 cem_
693 5396 901 5470 dierum
958 5412 993 5470 a‘
1051 5398 1332 5470 Dmnasco,
1405 5396 1592 5450 urbem
1660 5403 1898 5466 archiep.
1963 5403 2062 5453 sub

531 5464 829 5538 patriarcha
873 5467 1263 5538 rAntiot-heno,
1307 5464 1463 5538 [inani
1512 5484 1571 5519 ex
1625 5464 1909 5538 prazcipuis
1967 5470 2065 5521 im-

529 5534 662 5607 perii
724 5536 958 5607 Turcici,
994 5534 1084 5607 ubi
1139 5535 1312 5607 tantis,
1354 5537 1458 5588 illis
1508 5541 1745 5604 patratis,
1791 5534 1844 5592 in
1894 5540 2062 5607 Pliry—

529 5602 668 5668 giarn
695 5612 748 5652 et
778 5604 1091 5670 Lycaoniam
1138 5606 1343 5676 venerit
1367 5647 1380 5667 ,
1442 5602 1614 5660 lli—llic
1652 5611 1880 5673 dicitur;
1917 5602 2067 5676 post-

536 5685 683 5746 remo
722 5685 1122 5724 consummatus
1174 5672 1437 5746 llierapoli
1498 5679 1752 5746 Phrygia),
1800 5672 2065 5746 qum-Om-

538 5738 685 5789 nium
740 5751 949 5806 recepta
985 5742 1246 5796 sententia
1297 5738 1396 5798 εει.
1448 5738 1874 5815 Ιίινοάᾑιοιιῑυὶη
1921 5765 2065 5804 asse-

2157 3578 2274 3624 πος,
2308 3561 2546 3614 ἐδίδασκε
2579 3561 2701 3623 τοὺς
2733 3561 3120 3630 συνεπομένους
3154 3560 3298 3632 αὐτῷ
3331 3561 3405 3630 μὴ
3449 3559 3718 3613 ἐκκακείν

2156 3653 2266 3714 τοῖς
2314 3655 2654 3721 πειρασμοῖς.
2704 3653 2810 3706 Kal
2841 3653 2931 3704 ἐπὶ
2982 3650 3153 3719 τούτῳ
3200 3653 3246 3703 oi
3279 3651 3528 3722 ἐγχώριοι
3557 3651 3720 3705 δολο-

2157 3741 2387 3811 φονῆσαι
2426 3743 2608 3796 τοῦτον
2654 3741 2930 3794 ἐδούλοντο
2953 3741 3028 3804 ώς
3078 3741 3386 3806 ἀπατεῶνα,
3436 3741 3718 3812 προφάσει

2161 3833 2234 3904 μὴ
2265 3835 2356 3886 καὶ
2382 3832 2478 3895 τὰς
2508 3833 2686 3886 αὐτῶν
2716 3836 2977 3902 γυναῖκας
3007 3833 3370 3905 ἀπατηθῆναι,
3402 3833 3582 3904 ὥσπερ
3615 3836 3724 3887 καὶ

2157 3926 2328 3980 ἀλλων
2363 3924 2592 3978 πολλῶν.
2637 3924 2823 3995 Ἥρως
2856 3925 2912 3978 δέ
2940 3942 3046 3989 τις,
3082 3923 3188 3978 τῶν
3226 3925 3453 3978 πολιτῶν
3481 3925 3574 3994 τὴν
3609 3925 3723 3978 τύ-

2158 4034 2258 4087 χην
2287 4015 2720 4085 αίδεσιμώτερος,
2753 4015 2942 4084 ἐξᾶραι
2982 4016 3149 4069 θέλων
3181 4015 3271 4068 τοῦ
3326 4014 3580 4084 λιθασμοῦ
3616 4017 3724 4069 τὸν

2158 4108 2448 4160 ἀπόστολον
2475 4147 2488 4171 ,
2521 4107 2655 4176 πρὸς
2684 4106 2808 4169 τοὺς
2843 4107 2937 4158 σὺν
2978 4106 3123 4175 αὐτῷ
3153 4106 3671 4176 πιθανολογούμενος
3696 4148 3719 4169 ,

2158 4197 2298 4251 οὕτω
2321 4214 2438 4260 πως
2462 4196 2583 4267 ἔφη’
2626 4197 2863 4265 Ἄνδρες
2893 4186 3148 4262 πολῒτάι,
3177 4198 3241 4250 τὸ
3267 4197 3366 4252 ὑπ’
3396 4198 3537 4267 ἐμοῦ
3553 4197 3724 4260 βου-

2158 4290 2487 4358 λευόμενον
2535 4288 2770 4357 μάθετε.
2809 4288 3012 4354 Μηδὲν
3061 4289 3204 4358 ἡμῖν
3236 4289 3442 4343 ἄδικον
3483 4289 3579 4342 καί
3632 4289 3728 4355 τῷ

2161 4380 2310 4445 ξένῳ
2347 4379 2518 4447 ἀνδρί
2541 4393 2554 4407 ⁸
2589 4380 2725 4434 ἀλλ’
2763 4381 2812 4434 εὶ
2849 4380 3026 4446 δοκεῖ,
3062 4380 3174 4447 τὴν
3214 4381 3397 4434 αὑτοῦ
3424 4381 3725 4434 διδασκα-

2160 4474 2299 4526 λίαν
2341 4471 2785 4540 δοκιμάσωμεν,
2819 4473 2938 4542 εἴγε
2975 4477 3059 4539 είς
3095 4473 3364 4540 ψυχικὴν
3407 4477 3728 4541 περιποίη-

2161 4581 2263 4617 σιν
2308 4564 2494 4616 ἔσται.
2536 4566 2645 4617 Kal
2695 4565 2769 4628 ὡς
2814 4567 3068 4636 ἐπισήμῳ
3109 4566 3185 4634 τῷ
3226 4566 3401 4634 Ἥρωῖ
3437 4567 3729 4621 ἀντειπεῖν

2160 4653 2256 4705 οῦκ
2303 4653 2622 4722 ἐτόλμησαν,
2658 4655 2750 4708 καὶ
2802 4655 2961 4718 αὐτὸς
3009 4657 3220 4726 πρῶτος
3253 4658 3359 4708 τῶν
3398 4657 3568 4708 ποδῶν
3616 4658 3724 4710 τοῦ

2163 4746 2456 4796 ἀποστόλου
2488 4746 2817 4816 δραξάμενος
2840 4789 2852 4811 ,
2891 4748 3152 4801 ἐδυσώπει
3200 4749 3288 4800 τὸν
3319 4747 3467 4815 ἆῩιον
3507 4750 3582 4809 είς
3614 4749 3727 4818 τὴν

2164 4836 2335 4890 οίκίαν
2380 4837 2542 4890 αὑτοῦ
2587 4839 2905 4894 καταλῦσαι.
2949 4840 3055 4892 Kal
3082 4840 3399 4908 ἀμφοτέρων
3445 4841 3725 4908 ἀφικομέ-

2164 4945 2286 4994 νων,
2313 4931 2601 5000 Μάρκελλα
2625 4934 2654 4998 ὴ
2681 4930 2773 4983 τοῦ
2797 4932 3010 5001 ’Ἥρωος
3032 4931 3242 5001 γαμετὴ
3270 4931 3545 5000 ἐδυσφόρει
3572 4934 3728 4988 κατὰ

2163 5019 2254 5072 τοῦ
2292 5022 2562 5087 συνεύνου,
2594 5021 2745 5076 λύσιν
2795 5023 2888 5076 τοῦ
2939 5024 3270 5076 συνοικεσίου
3313 5023 3542 5091 ζητοῦσα
3574 5023 3723 5095 (42),

2167 5195 2258 5262 qui
2283 5197 2427 5258 licet,
2467 5197 2518 5247 in
2545 5213 2600 5251 re
2619 5198 2695 5252 sic
2713 5200 2952 5267 antiqua,
2983 5198 3237 5267 nulloque
3267 5208 3525 5267 przeterea
3559 5211 3728 5257 certo

2170 5276 2302 5318 teste
2338 5267 2714 5331 comprobata:
2768 5285 3072 5335 quanquam
3125 5270 3267 5322 favet
3316 5271 3444 5323 illud
3485 5271 3549 5322 de
3583 5272 3726 5325 Phi-

2169 5336 2314 5400 lippo
2370 5335 2617 5405 diacono,
2660 5339 2750 5405 qui
2800 5340 2875 5389 sic
2909 5338 3174 5405 haptizato
3237 5340 3286 5391 in
3320 5341 3400 5394 via
3457 5343 3726 5396 eunucho

2169 5404 2429 5478 (landrmis
2455 5407 2648 5474 regina:
2670 5404 3002 5474 Aithiopum,
3038 5409 3165 5460 dum
3211 5411 3412 5465 rediret
3458 5411 3722 5478 Azotum,

2172 5489 2202 5525 :1
2254 5473 2454 5539 Spiritu
2509 5473 2707 5548 raptus,
2745 5473 3006 5548 est,iAct.
3052 5493 3167 5539 vm,
3226 5481 3323 5541 :27;
3362 5481 3504 5545 quod
3553 5473 3730 5548 argu;

2174 5554 2355 5594 mento
2387 5553 2487 5606 est,
2508 5545 2671 5597 fuisse
2699 5547 2808 5597 loca
2857 5547 2984 5599 satis
3042 5550 3233 5606 vicina,
3271 5563 3386 5613 qua:
3417 5551 3494 5601 sic
3529 5545 3726 5602 coliti-

2173 5627 2277 5686 nue
2312 5613 2588 5686 Philippus
2642 5615 2914 5682 apostolus
2964 5618 3199 5684 potuerit
3235 5618 3414 5669 divina
3451 5620 3731 5686 praedica-

2175 5682 2320 5733 tione
2344 5681 2590 5735 lustrare.

2245 5751 2352 5819 (4'2)
2401 5754 2590 5806 Λύσιν
2647 5753 2746 5806 τοῦ
2786 5755 3165 5809 συνοικεσίου
3199 5752 3471 5818 ζητοῦσα.
3526 5757 3728 5822 Quan—
