3922 6314
190 385 306 448 193

956 383 1231 444 ORATIO
1268 385 1371 444 IX.
1399 410 1465 420 -
1500 387 1578 446 ΙΝ
1619 388 1928 450 LAUDEM
1961 391 2021 450 S.
2062 385 2395 449 PHILIPPI
2433 387 2682 450 APOST.

3300 387 3400 455 194

183 505 290 556 καὶ
329 501 424 569 τὴν
471 498 827 570 ἀντιστροφὴν
857 497 955 566 τῆς
989 497 1228 567 προικὸς,
1264 501 1311 550 εἰ
1348 499 1422 569 μὴ
1451 499 1547 569 τῆς
1576 500 1750 563 οἰκίας

1856 503 2033 574 itaque
2078 503 2354 573 apostolus
2394 501 2522 556 inde
2584 504 2765 557 animo
2805 501 3056 568 anxium,
3089 512 3150 558 ut
3195 503 3251 558 in
3296 505 3401 561 ﬁde

182 591 301 655 ἔξω
330 590 510 660 βάλλει
542 589 630 641 τὸν
662 589 941 641 Φίλιππον.
981 589 1130 640 Ἐπεὶ
1155 587 1212 640 δὲ
1241 588 1527 656 ἐναγώνιον
1552 592 1578 642 6
1611 589 1744 644 ἀπό-

184 681 383 744 στολος
427 682 516 735 τὸν
565 681 754 749 Ἥρωα
805 681 1071 750 ἑωράκει,
1130 680 1289 733 αὑτὸν
1341 681 1748 752 παρεθάρρυνεν

182 774 474 842 ἐπιμένειν
503 776 568 843 τῇ
605 773 802 825 πίστει.
836 771 1002 834 Αὐτὸς
1029 773 1084 824 δὲ
1114 774 1428 840 γονυκλίνας
1453 774 1546 826 καὶ
1579 791 1749 843 προσ-

185 864 508 933 ευξάμενος,
555 862 651 934 τὴν
699 863 804 933 πρὸ
835 862 1027 932 μικροῦ
1074 863 1523 933 χαλεπαίνουσαν,
1584 865 1750 919 ἱκέτιν

184 954 285 1008 τοῦ
319 956 517 1027 ταύτης
551 956 740 1027 ἀνδρὸς
781 953 1209 1025 παρεσκεύασεν,
1257 953 1331 1011 Ὦ
1367 957 1506 1026 ἆνερ
1534 959 1752 1027 γλυκύ-

185 1063 355 1112 τατε,
383 1047 636 1115 λέγουσα,
679 1046 862 1101 πόθεν
892 1050 924 1100 d
949 1049 1285 1115 θαυμαστὸς
1321 1044 1496 1113 οὗτος
1519 1050 1750 1119 ἐγένετο

185 1139 542 1208 ἀνθρακοςῖ
592 1141 688 1204 Ὠς
726 1137 877 1206 ἡδὺς
909 1141 941 1192 ό
966 1139 1177 1192 τούτου
1207 1141 1387 1208 λόγος
1435 1142 1531 1193 καὶ
1566 1141 1605 1208 ἡ
1634 1133 1751 1194 τῶνζ

183 1228 351 1299 ἠθῶν
382 1230 747 1295 κατάστασις
764 1229 785 1282 .'
804 1229 1077 1299 Μεγάλου
1097 1231 1263 1292 Θεοῦ,
1289 1231 1319 1283 6
1347 1230 1533 1300 Ἥρως
1560 1231 1749 1302 ἔφησε,

187 1320 599 1388 καταγγελεὺς
642 1317 836 1385 οὗτος,
865 1315 912 1373 ὧ
942 1321 1133 1389 γύναι,
1172 1321 1268 1374 καὶ
1306 1322 1542 1374 αίωνίου
1567 1322 1746 1385 βασι-

185 1409 367 1474 λείας
418 1408 785 1477 προξενητής
807 1425 822 1440 ⁸
859 1407 956 1462 καὶ
991 1409 1044 1461 εὶ
1084 1407 1278 1472 δοκεῖ,
1313 1409 1747 1477 ἀνενδοιάστως

189 1499 620 1568 προσέλθωμεν
654 1497 731 1563 τῷ
760 1499 972 1554 τούτου
1014 1499 1132 1565 Θεῷ
1155 1517 1170 1532 ·
1201 1501 1294 1553 καὶ
1319 1500 1481 1569 ἄμφω
1509 1519 1750 1572 προσπε-

1845 602 2098 650 constans
2138 601 2517 663 perseveraret
2555 593 2842 648 excitabat.
2874 594 3009 648 Tum
3057 596 3171 663 ipse
3209 593 3399 664 positis

1843 685 2071 754 genibus
2128 699 2318 748 orans,
2367 701 2485 739 eam
2539 701 2657 754 qum
2703 677 2875 754 'paulo
2931 695 3055 738 ante
3108 677 3394 755 indignans

1844 775 2212 845 obstrepebat,
2237 775 2356 829 viro
2386 773 2690 844 supplicem
2726 775 2871 830 fecit.
2911 775 2953 830 Ο
2981 778 3060 830 vir
3087 776 3398 844 dulcissime,

1844 867 2053 932 aiebat,
2081 867 2216 920 unde
2255 869 2391 920 venit
2421 865 2675 920 mirabilis
2709 868 2786 919 hic
2813 868 3000 920 homo?
3029 867 3198 931 Quam
3229 872 3400 922 suavis

1845 958 1990 1013 illius
2016 976 2184 1013 sermo
2208 976 2509 1029 morumque
2535 961 2829 1013 constitutio
2849 961 2866 1012 .'
2890 959 3066 1029 Magni
3091 959 3202 1024 Dei,
3224 959 3405 1014 aiebat

1850 1049 2058 1113 Heros,
2100 1064 2129 1101 ο
2173 1047 2383 1110 mulier,
2430 1049 2641 1101 nuntius
2690 1056 2762 1100 est
2814 1063 2872 1100 ac
2919 1062 3116 1115 prices,
3159 1049 3404 1116 regnique

1851 1140 2067 1210 scelestis
2115 1141 2340 1210 parandi
2385 1150 2582 1193 auctor.
2619 1141 2720 1206 Ac,
2754 1142 2797 1194 si
2843 1140 2990 1201 libet,
3023 1142 3155 1193 citra
3201 1153 3404 1192 omnem

1851 1230 2222 1285 dubitationem
2251 1231 2553 1284 accedamus
2582 1230 2723 1283 illius
2758 1230 2895 1295 Deo;
2931 1230 3194 1299 amboque
3225 1230 3404 1298 proci-

1852 1322 2042 1377 dentes
2076 1323 2340 1392 apostolo,
2373 1322 2836 1392 regenerationem
2875 1338 2994 1390 quae
3035 1336 3102 1375 ex
3145 1337 3283 1390 aqua
3322 1329 3405 1374 est

1852 1422 1908 1468 et
1951 1412 2180 1483 Spiritu,
2210 1413 2487 1483 accipiunt
2525 1428 2647 1466 cum
2691 1421 2802 1467 tota
2839 1412 3020 1466 domo.
3055 1412 3171 1478 Quo
3204 1416 3405 1466 factum

1853 1513 1955 1569 est,
1979 1516 2041 1559 ut
2064 1513 2120 1559 et
2144 1504 2310 1558 vicini
2339 1504 2494 1557 multi
2525 1503 2592 1557 ad
2620 1503 2907 1558 Dominum
2933 1502 3243 1556 transirent.

189 1562 383 1658 σόντες
411 1562 708 1664 ἀποστόλῳ,
740 1594 956 1648 πανοικὶ
981 1562 1310 1667 λαμδάνουσι
1470 1596 1527 1663 ἐξ
1552 1562 1741 1662 libato;
1778 1598 1869 1653 καὶ
1915 1562 2229 1669 Ιίνεύματος
2277 1597 2651 1669 ἀναγέννησιν.
2701 1597 2796 1649 Ἐκ
2853 1595 2908 1648 δὲ
2970 1595 3175 1659 τούτου,
3224 1562 3408 1647 πολλοὶ
3495 1587 3498 1590 ’

185 1685 290 1756 τῆς
324 1684 650 1754 περιοικίδας
684 1686 816 1756 πρὸς
847 1682 1046 1758 Κύριον
1074 1687 1460 1758 μετετάξαντο.

274 1775 419 1828 Ἀλλ’
463 1777 491 1828 6
522 1762 851 1845 τῆξκακῑας
897 1757 1212 1846 ὲιρευρετὴς,
1240 1777 1314 1840 ὡς
1345 1776 1534 1830 ἑαυτὸν
1565 1778 1739 1847 ἡττώ-

1907 1757 2108 1835 Verum
2141 1778 2361 1833 malitia:
2389 1786 2599 1841 auctor,
2639 1784 2700 1830 ut
2728 1791 2784 1831 se
2811 1775 2957 1830 vinci
2984 1775 3143 1840 vidit,
3170 1791 3406 1847 suosque

191 1884 361 1938 μενον
390 1863 516 1930 εἶδε,
545 1867 640 1919 καὶ
673 1870 795 1929 τοὺς
822 1868 1011 1920 ἑαυτοῦ
1040 1867 1141 1920 ὑπὸ
1165 1868 1257 1920 τοῦ
1288 1869 1584 1921 ἀποστόλου
1621 1869 1753 1933 ἐζω-

187 1957 545 2028 γρημένους,
603 1957 956 2035 πυρπολῆσαι
996 1955 1092 2028 τὴν
1151 1958 1325 2011 οἰκίαν
1379 1959 1471 2012 τοῦ
1540 1958 1752 2028 Ἥρωος

188 2052 406 2120 ἤγειρε.
439 2047 550 2100 Καὶ
576 2048 736 2114 γνοὺς
767 2047 845 2117 τῷ
889 2047 1156 2118 πνεύματι
1187 2051 1214 2102 6
1241 2048 1555 2114 ἀπόστολος,
1593 2051 1752 2120 ἀτρό-

192 2153 314 2206 μως
365 2135 530 2202 ἔξεισι
559 2135 695 2205 πρὸς
724 2135 920 2198 αὐτούς
942 2152 956 2166 ⁶
987 2135 1044 2189 6v
1085 2137 1374 2207 ἀνημέρως
1412 2139 1754 2208 ὲπικαυχῶν-

191 2244 308 2291 τες,
343 2229 422 2290 εἰς
445 2226 505 2278 τὸ
528 2227 835 2302 δικαστικὸν
861 2225 1236 2298 βουλευτήριον
1261 2228 1483 2298 ἧγαγον.
1529 2228 1751 2299 Ἐμὸρι-

191 2317 304 2379 θῶς
351 2316 408 2369 δὲ
456 2316 534 2386 τῷ
593 2315 874 2386 ἀποστόλῳ
917 2316 1282 2387 -Ἂρὶσταρχος
1321 2318 1349 2369 6
1391 2317 1617 2395 ἔξαρχος
1655 2317 1751 2370 τοῦ

193 2408 578 2478 βουλευτηρίου
634 2407 904 2479 προσχὼν,
952 2405 1093 2461 Οἶδά
1117 2424 1191 2462 σε
1213 2408 1340 2474 ταῖς
1357 2411 1630 2479 μαγείαις
1658 2410 1756 2463 ἐν·

193 2501 623 2569 αὸρυνόμενον,
654 2499 806 2567 ἔλεγε
830 2515 844 2529 ·
875 2499 1011 2553 ἀλλ’
1035 2501 1085 2553 ει
1110 2499 1194 2569 μὴ
1218 2501 1584 2570 ἀποθέμενος
1614 2503 1782 2556 ταῦ-ο

196 2605 304 2656 τας
339 2589 455 2657 ἄσῃ
477 2628 494 2654 ,
542 2587 812 2658 λιθασμῷ
840 2587 1042 2656 πικρῷ
1075 2603 1148 2642 σε
1190 2590 1488 2646 ἀπολέσω.
1527 2591 1601 2645 Τὰ
1647 2592 1755 2660 γὰρ

198 2681 332 2751 περὶ
368 2681 474 2736 τοῦ
500 2668 945 2748 σταυρωθέντος
977 2680 1122 2734 Θεοῦ
1151 2693 1268 2734 σου
1315 2682 1601 2750 εὐκαίρως
1626 2683 1753 2736 ἐπι·

201 2772 556 2841 ζητήσομεν,
588 2771 765 2839 λέγει.’
788 2773 881 2825 καὶ
909 2772 1008 2841 τῆς
1035 2773 1399 2842 ἀποστολικῆς
1426 2773 1755 2844 δραξάμενος

203 2861 418 2931 κόμης,
465 2860 621 2915 ὠθῶν
666 2862 827 2915 αὑτὸν
863 2863 1352 2933 προσεπηλάκιζεν.
1405 2863 1754 2936 Ἀριστάρχου

201 2951 260 3004 δὲ
290 2952 354 3006 τὸ
388 2953 618 3006 ἄτακτον
647 2953 1161 3023 ἐπιτεχνευσάμενος
1195 2953 1538 3024 σωφρονῆσαι
1583 2955 1612 3006 6
1650 2971 1754 3025 μα-

205 3044 398 3111 κάριος
429 3043 712 3106 ⁴Φίλιππος,
741 3044 878 3107 loco;
909 3044 1002 3096 καὶ
1038 3044 1125 3097 διὰ
1155 3044 1280 3107 τοὺς
1313 3047 1754 3118 παρατυγχάνον-

1851 1869 2159 1940 apostolicis
2193 1856 2379 1938 captos
2411 1870 2654 1924 cassibus
2690 1867 2960 1937 cognovit,
2990 1875 3050 1920 ut
3087 1867 3278 1922 Herois
3306 1868 3405 1921 do-

1850 1945 2000 2014 mum
2037 1959 2392 2014 incenderent
2419 1959 2692 2013 excitavit.
2727 1958 2864 2012 Tum
2901 1957 3177 2027 apostolus
3212 1958 3406 2026 spiritu

1852 2066 1966 2105 rem
1997 2050 2324 2121 intelligens,
2351 2050 2417 2104 ad
2447 2065 2542 2105 eos
2565 2050 2868 2119 intrepidus
2894 2050 2956 2104 iit
2987 2066 3001 2102 :
3029 2065 3188 2119 quem
3218 2049 3409 2103 imma-

1851 2139 1998 2194 niter
2026 2139 2355 2203 insultando,
2388 2139 2455 2194 ad
2489 2139 2695 2194 curiam
2734 2139 3081 2208 tribunalque
3111 2137 3405 2192 duxerunt.

1852 2229 2164 2298 Aspereque
2194 2242 2257 2282 ac
2287 2229 2572 2282 minaciter
2601 2227 2846 2296 apostolo
2900 2226 3244 2281 Aristarchus
3272 2241 3409 2294 prae—

1851 2319 2025 2374 fectus
2054 2321 2221 2373 curiae
2253 2335 2458 2388 praeses
2489 2337 2502 2372 :
2535 2319 2666 2373 Novi
2698 2329 2763 2383 te,
2792 2319 2992 2381 aiebat,
3019 2320 3205 2388 magia:
3239 2320 3408 2370 virtu-

1852 2410 1985 2463 tibus
2015 2409 2261 2480 gloriari;
2291 2418 2366 2474 at,
2397 2411 2494 2463 nisi
2524 2427 2611 2464 eas
2638 2410 2907 2480 abjeceris,
2943 2410 3126 2463 acerbo
3160 2419 3208 2462 te
3243 2410 3408 2463 imbre

1855 2500 2087 2568 lapidum
2125 2500 2360 2570 perdam.
2401 2498 2528 2563 Qua:
2569 2502 2703 2552 enim
2744 2499 2814 2552 ad
2849 2498 3015 2552 Deum
3059 2507 3206 2551 tuum
3240 2499 3408 2551 cruci-

1851 2588 2018 2656 ﬁxum
2069 2599 2330 2660 spectant,
2374 2597 2663 2659 opportune
2715 2590 3155 2654 examinabimus,
3200 2589 3407 2658 inquit,

1854 2695 2112 2750 comaque
2129 2680 2525 2750 apprehensum
2556 2681 2854 2749 apostolum
2881 2721 2896 2744 ,
2913 2676 3135 2735 trudens
3163 2681 3414 2751 suggilla-

1854 2769 1968 2824 bat.
1997 2769 2233 2825 Studens
2269 2779 2447 2824 autem
2475 2771 2560 2823 vir
2588 2769 2779 2824 beatus
2831 2769 3131 2824 Aristarchi
3167 2769 3408 2824 insolen-

1856 2862 1986 2917 tiam
2012 2862 2292 2932 castigare,
2319 2861 2459 2916 forte
2488 2877 2616 2916 vero
2643 2861 2806 2916 etiam
2833 2852 3170 2930 propterieos
3194 2861 3286 2930 qui
3316 2861 3413 2915 ad-

1855 2963 2032 3018 erant,
2064 2965 2125 3008 ut
2156 2953 2524 3023 intelligerent
2553 2952 2790 3022 potentis
2819 2953 2914 3006 Dei
2941 2967 3066 3008 eum
3096 2952 3410 3006 ministrum

1857 3055 2002 3104 esse,
2033 3040 2246 3095 cunctis
2288 3041 2634 3099 audientibus
2679 3041 2734 3094 in
2779 3041 2926 3096 hunc
2967 3041 3187 3096 modum
3222 3056 3412 3098 vocem

203 3150 324 3195 τας,
350 3134 438 3185 (va.
457 3134 657 3200 γνῷςιν
682 3134 764 3187 ὅτι
782 3134 1004 3187 δυνατοῦ
1029 3135 1161 3187 Θεοῦ
1189 3136 1334 3189 ἐστιν
1358 3137 1464 3205 ὐπη
1475 3137 1652 3207 ρέτης,
1679 3138 1755 3200 εἰς

1856 3131 2069 3186 extulit.
2096 3131 2197 3196 Qui
2221 3134 2449 3185 omnium
2475 3141 2707 3186 nostrum
2732 3132 3003 3202 sigillatim
3030 3134 3188 3187 corda
3213 3134 3412 3202 forma-

209 3226 450 3296 ὲπήκοον
479 3224 696 3278 πάντων
722 3225 863 3279 οὕτω
881 3243 998 3290 πως
1018 3226 1375 3297 ἐξεφώνησεν,
1405 3228 1468 3280 Ὃ
1491 3229 1598 3293 τὰς
1621 3247 1759 3298 καρ-

210 3314 343 3381 δίας
379 3315 546 3384 ἡμῶν
581 3315 822 3380 πλάσας
851 3318 1207 3386 καταμόνας,
1241 3318 1464 3384 καὶτὰς
1493 3320 1761 3386 κινήσεις

209 3405 414 3460 αὐτῶν
435 3407 580 3474 πρὸς
616 3409 974 3462 όπωσανοῦν
1004 3412 1380 3478 τρεπόμενος,
1410 3410 1516 3461 τὸν
1543 3410 1610 3463 ἐκ
1651 3409 1760 3476 τῆς

210 3495 361 3564 ἐμῆς
419 3496 660 3563 καρδίας
704 3497 784 3562 ὠς
832 3497 1013 3566 ὀργῆς
1055 3489 1348 3567 ἀμέτοχον
1393 3498 1762 3568 ἀναγόμενον

210 3593 397 3660 λόγον
421 3589 567 3658 ἔργῳ
603 3589 946 3658 πλήρωσον,
972 3589 1164 3656 Κύριε,
1195 3591 1290 3642 καὶ
1326 3588 1591 3658 γενέσθω
1613 3589 1760 3644 πᾶσι

210 3667 649 3749 σωφρονισμόξ.
698 3681 769 3734 Ἠ
811 3681 1166 3749 προταθεῐσα
1202 3682 1332 3750 χείρ
1389 3681 1486 3736 ἐπὶ
1523 3681 1636 3749 τὴν
1663 3684 1760 3736 κό-

211 3788 358 3839 μην,
411 3767 484 3839 ἧς
520 3771 777 3839 ἡγίασας
821 3771 1118 3839 κεφαλῆς,
1153 3773 1472 3840 παρεθήτω.
1533 3772 1761 3842 Ἐπ-ηκο-

211 3861 392 3914 λούθει
431 3861 485 3914 δὲ
532 3861 609 3930 τῷ
654 3860 797 3932 λόγῳ
853 3864 888 3932 ὴ
936 3861 1027 3915 τοῦ
1066 3863 1296 3915 ἀτάκτου
1330 3863 1622 3935 διαστροφὴ
1654 3866 1759 3918 τῶν

217 3949 417 4016 μελῶν.
446 3949 693 4018 Παρευθὺ
721 3951 824 4019 γὰρ
854 3951 887 4018 ἡ
918 3949 1105 4003 τούτου
1133 3950 1480 4022 ἀπεξηράνθη
1513 3953 1634 4023 χεὶρ
1667 3953 1758 4005 καὶ

214 4041 241 4090 6
272 4040 414 4109 πρὸς
441 4039 606 4110 αὐτὴν
625 4039 898 4110 ὀφθαλμὸς
928 4041 1298 4109 ἀπετύφλωτο,
1325 4044 1417 4096 καὶ
1446 4046 1565 4095 κατ’
1595 4044 1760 4112 ἄμφω

214 4127 510 4196 κεκώφωτο
554 4131 666 4191 τοῖς
691 4128 812 4183 ὠσί.
846 4130 1012 4182 Τοῦτο
1038 4131 1161 4192 τοὺς
1193 4130 1633 4204 συνειλεγμένους
1675 4133 1760 4198 ὲξ-

215 4219 431 4288 έστησε,
462 4219 554 4271 καὶ
584 4205 724 4288 μετὰ
758 4220 910 4282 δέους
941 4221 1179 4273 ἱκέτευον
1206 4221 1388 4274 δοῦναι
1430 4221 1758 4291 συγγνώμην

212 4307 288 4377 τῷ
314 4307 787 4378 πλημμελήσαντι.
828 4309 938 4362 Καὶ
965 4311 993 4362 6
1037 4309 1329 4371 ἀπόστολος
1372 4310 1505 4379 πρὸς
1538 4310 1753 4371 αὐτούς·

1857 3224 1944 3287 sti,
1958 3238 2239 3294 eorumque
2259 3225 2314 3276 in
2336 3225 2535 3292 quosvis
2558 3225 2712 3276 vertis
2733 3233 2920 3283 motus.
2934 3237 2997 3275 ex
3018 3238 3130 3275 meo
3149 3238 3408 3292 erumpenv

1860 3326 1959 3370 tem
1990 3317 2141 3370 corde
2172 3329 2480 3381 sermonem,
2511 3316 2696 3385 quippe
2717 3317 2827 3368 ira!
2853 3321 3135 3384 expertem,
3167 3311 3410 3378 Domine,

1859 3427 2010 3480 apere
2031 3410 2278 3481 adimple,
2295 3411 2460 3480 sitque
2481 3409 2714 3463 omnibus
2732 3410 2896 3478 justas
2920 3407 3131 3460 ultionis
3157 3404 3413 3475 exemplo.

1860 3500 1988 3566 Quae
2009 3503 2064 3555 in
2085 3518 2287 3555 comam
2311 3501 2422 3570 ejus
2442 3501 2647 3572 capitis,
2665 3500 2802 3570 quod
2824 3497 3182 3580 sanctiﬁcasti,
3202 3499 3410 3579 eiutensa

1861 3611 2047 3648 manus
2087 3602 2194 3658 est,
2227 3593 2843 3657 dissolvatur.“Dixerat,
2876 3591 3089 3659 virique
3127 3589 3410 3644 insolentis

1860 3686 2231 3740 membrorum
2277 3685 2530 3739 distortio
2571 3693 2810 3738 actutum
2856 3682 3023 3736 verba
3071 3688 3255 3736 secuta
3302 3689 3428 3734 est..

1860 3773 2055 3829 Statim
2094 3777 2239 3830 enim
2275 3775 2393 3844 ejus
2429 3788 2619 3828 manus
2647 3771 2895 3838 exaruit;
2924 3771 3161 3841 positum
3193 3769 3258 3824 ad
3287 3785 3408 3846 eam

1861 3865 2080 3918 oculum
2110 3864 2564 3927 invasircaacitas,
2591 3879 2858 3931 auresque
2894 3862 3064 3916 ambae
3101 3860 3406 3915 obsurdue-

1862 3963 2010 4010 runt.
2041 3955 2116 4009 Ea
2146 3970 2260 4019 res,
2289 3970 2385 4010 eos
2414 3955 2506 4025 qui
2537 3954 2842 4024 congregati
2869 3961 3027 4007 erant
3055 3952 3110 4005 in
3135 3958 3408 4021 stuporem

1859 4045 1990 4114 egit,
2019 4052 2275 4113 metuque
2311 4045 2374 4099 ac
2407 4053 2641 4098 tremore
2676 4043 2858 4098 delicti
2895 4056 2988 4096 reo
3019 4041 3231 4096 veniam
3268 4056 3408 4110 pra:-

1861 4134 1992 4188 stari
2039 4135 2435 4204 supplicabant.
2466 4135 2546 4189 Ad
2592 4149 2728 4203 quos
2777 4133 3066 4201 Apostolus
3112 4148 3125 4184 :
3175 4130 3408 4185 Distorta

1861 4211 2112 4286 membra,
2140 4227 2372 4277 humana
2402 4241 2494 4294 ope
2525 4240 2626 4276 non
2655 4223 2828 4276 valent
2859 4222 3118 4290 reparari.
3149 4219 3248 4284 Qui
3275 4221 3408 4273 enim

1863 4317 2104 4368 restituat
2129 4322 2282 4384 atque
2306 4317 2580 4378 instauret,
2605 4329 2735 4365 unus
2765 4321 2857 4374 est,
2887 4313 2975 4381 qui
3005 4329 3038 4364 a
3070 4311 3322 4380 principio
3347 4323 3408 4364 es

215 4404 281 4453 Al
311 4400 435 4452 τῶν
456 4399 655 4468 μελῶν
680 4400 1026 4470 διαστροφαὶ
1064 4402 1438 4468 ἀνθρωπίνης
1475 4402 1755 4468 βοηθείας

1863 4404 2067 4469 pulvere
2100 4405 2358 4457 hominem
2397 4406 2469 4456 sic
2505 4402 2746 4455 membris
2784 4402 3092 4454 instructum
3128 4400 3409 4469 fabricatus
3491 4442 3496 4448 .

215 4490 644 4556 ἐπαποροῦσιν.
692 4491 753 4543 '0
778 4491 886 4559 γὰρ
943 4492 1164 4544 τούτων
1214 4489 1526 4558 διορθωτὴς
1569 4485 1653 4554 εἷς
1699 4490 1758 4542 ἑ-

215 4599 372 4645 στιν,
406 4583 438 4634 ὁ
461 4582 528 4635 ἐκ
559 4582 698 4651 χοὸς
713 4583 1008 4652 κατάρχας
1032 4582 1383 4651 διαρθρώσας
1410 4585 1514 4635 τὸν
1546 4581 1763 4648 ἅνθρω-

219 4688 350 4728 πον.
397 4673 491 4737 Ὠς
522 4675 573 4726 εί
601 4673 687 4742 μὴ
724 4674 1110 4741 προσέλθητε,
1145 4674 1242 4728 καὶ
1269 4674 1450 4739 αὐτὸς
1476 4677 1507 4724 ό
1538 4672 1759 4736 παθὼν,

219 4765 283 4816 οὐ
307 4762 546 4825 τεύξετε
572 4764 680 4833 τῆς
713 4764 942 4832 ἰάσεως.

283 4855 398 4908 Καὶ
431 4855 567 4924 πρὸς
586 4856 776 4927 τούτῳ,
814 4843 1043 4919 τεθνεώς
1098 4874 1182 4919 τις
1239 4853 1577 4924 ἐξεκομίζετο
1627 4854 1763 4925 πρὸς

219 4947 392 5017 ταφήν
419 4959 433 4974 ⁸
461 4947 551 4999 καὶ
587 4949 942 5019 κατασχόντες
959 4949 1055 5019 τὴν
1085 4948 1271 5017 κλίνην
1293 4947 1343 4999 οἱ
1382 4945 1759 5015 συμπαρόντες

223 5119 377 5172 quam
431 5104 660 5172 apostoli
717 5102 1004 5158 consilium
1047 5109 1182 5166 erat,
1233 5115 1301 5154 ne
1330 5110 1590 5172 susceptas
1634 5101 1759 5156 ﬁdei

225 5171 375 5226 causa
425 5171 624 5227 uxores
654 5189 684 5225 a
725 5174 858 5226 viris
907 5172 1269 5234 discederent,
1323 5171 1408 5224 vel
1453 5171 1616 5224 etiam
1649 5172 1757 5224 viri

227 5257 415 5297 uxores
474 5243 866 5310 relinquerent,
920 5241 939 5294 l
993 5239 1116 5293 Cor.
1157 5255 1253 5302 vn,
1307 5240 1392 5303 12,
1427 5237 1634 5310 theris
1667 5257 1758 5310 ego

228 5311 347 5380 dico,
372 5328 477 5365 non
503 5308 757 5364 Dominus
784 5328 800 5362 :
823 5309 878 5365 Si
906 5311 1019 5380 quis
1054 5310 1217 5380 frater
1258 5325 1472 5361 uxorem
1498 5308 1648 5380 habet
1675 5308 1757 5362 in-

230 5377 441 5444 ﬁdelem,
474 5391 609 5442 etc.,
632 5380 813 5447 plures
846 5376 1022 5433 tamen
1048 5376 1205 5431 Simul
1235 5387 1481 5445 suscepta
1507 5376 1633 5442 fide,
1664 5394 1756 5431 ca-

233 5448 414 5505 stitatis
464 5449 804 5519 propositum
853 5448 1333 5519 amplectebantur,
1386 5447 1590 5519 quibus
1619 5463 1756 5500 non-

234 5515 493 5598 hunquam
518 5588 531 5598 _
556 5515 787 5586 apostoli
829 5515 1137 5598 annuebant
1158 5533 1171 5567 :
1190 5515 1544 5598 “quandoque
1582 5519 1754 5598 etiam

234 5584 325 5652 ipsi
354 5584 616 5649 inﬁdeles,
667 5594 918 5653 suscepto
975 5585 1099 5639 ﬁdei
1138 5584 1282 5648 odio,
1344 5586 1634 5638 divortium
1672 5585 1754 5640 fa-

237 5655 458 5720 ciebant,
485 5666 547 5711 ut
569 5656 658 5710 hic
699 5655 944 5708 Marcella
972 5664 1208 5708 tentasse
1251 5653 1593 5717 describitur,
1648 5655 1755 5709 nisi

241 5723 316 5775 vir
331 5727 632 5803 apostolica
649 5723 1071 5803 vestigia‘domo
1129 5725 1367 5803 ejiceret.
1404 5722 1757 5803 Proindeﬁve-

251 5791 346 5847 teri
370 5785 618 5864 poterant
649 5785 1015 5864 Hierapolim,
1065 5808 1133 5850 ne
1149 5785 1376 5848 illorum
1408 5801 1600 5849 Uxores
1629 5795 1754 5849 Plii-

1861 4503 1953 4548 est.
1982 4495 2326 4558 Quamobrem
2356 4494 2455 4546 nisi
2482 4492 2817 4554 accesseritis,
2845 4491 2990 4560 isque
3012 4491 3123 4559 ipse
3145 4488 3231 4558 qui
3263 4486 3410 4540 laba—

1857 4595 1963 4652 rat,
1989 4588 2270 4639 sanitatem
2297 4601 2400 4639 non
2428 4583 2814 4653 consequimini.

1948 4854 2178 4916 Interea,
2224 4849 2461 4906 defuncti
2508 4848 2788 4919 cujusdam
2837 4846 3002 4902 funus
3046 4845 3400 4909 efferebatur;

1860 4914 2210 5016 tenente‘sque
2255 4944 2512 4997 feretrum
2555 4914 2648 5011 qui
2687 4940 2900 4995 sodales
2942 4937 3253 4991 Aristarcho
3304 4936 3401 4990 ad-
3559 4914 3561 4916 6

1866 5099 2061 5180 lippus.
2095 5091 2761 5180 seducere&.add99?,992
2795 5087 3398 5180 eﬂfiﬂeazjl‘ilfj'l"

1865 5157 2098 5222 divortia
2131 5164 2475 5235 ﬁerentLSic
2509 5162 2766 5235 nimirum
2808 5161 2954 5214 venit
2998 5160 3255 5235 Dominus
3282 5157 3396 5224 gla-

1865 5239 2012 5291 dium
2069 5237 2297 5296 mittere,
2332 5232 2514 5287 Matth.
2577 5247 2628 5288 x.
2661 5231 2747 5294 55,
2779 5245 2876 5283 nec
2921 5238 3002 5282 est
3049 5228 3139 5280 illo
3181 5227 3395 5296 dignus,

1865 5308 1957 5369 qui
2013 5307 2097 5359 vel
2144 5294 2384 5375 uxorem,
2440 5299 2744 5375 vel‘alium
2777 5312 3097 5375 quemquam
3151 5294 3397 5375 plus‘illl‘o

1871 5361 2044 5438 amat;
2071 5374 2212 5442 quod
2242 5361 2427 5440 utique
2455 5370 2603 5445 facit,
2638 5370 2757 5445 qui.
2783 5361 3048 5445 consentit
3106 5378 3228 5416 cum
3276 5361 3399 5445 inﬁ-

1864 5446 1970 5498 deli
1995 5433 2306 5498 cohabitare
2335 5433 2457 5494 cum
2502 5433 2698 5513 iniuria
2725 5435 3031 5513 ξείνοισι-ξε,
3082 5448 3200 5513 quae
3229 5433 3396 5513 plane

1864 5517 1917 5568 in
1942 5513 2167 5583 proclivi
2190 5518 2446 5583 cst,cum
2477 5508 2920 5583 altercoujugum
2955 5508 3127 5583 errori
3158 5508 3393 5570 pristino

1861 5600 1921 5637 ac
1942 5572 2313 5650 superstitioni
2345 5588 2524 5632 manet
2563 5572 3073 5650 addictior._Mo_duli
3104 5585 3189 5650 _a_c
3215 5585 3395 5650 canon

1861 5640 2055 5722 praeter
2081 5651 2444 5719 apostolorum
2493 5661 2823 5722 communes.
2847 5640 3032 5722 laudes
3063 5648 3121 5694 et
3147 5641 3392 5722 labores,

1861 5708 1923 5776 ac
1945 5708 2175 5790 Philippi
2205 5733 2445 5790 crucem,
2471 5718 2618 5789 quod
2637 5713 2871 5771 historia:
2894 5711 3071 5766 lucem
3107 5709 3272 5766 ullam
3309 5708 3394 5762 af-

1863 5792 2018 5854 ferat,
2052 5788 2188 5843 nibil
2222 5788 2441 5843 habent.
