3922 6314
110 348 204 412 201

770 335 1046 394 tflltATIt')
1087 335 1236 391 Χ.-
1278 329 1353 388 ΙΝ
1394 327 1673 387 LAUliE‘l

1790 373 1799 381 .
1848 321 2404 380 BARTIIt‘DIDNIPrII
2443 319 2699 378 APOST.

3232 321 3340 383 Ξ)θέ

112 473 250 529 μενοι
283 451 540 520 κεφαλὴν,
593 445 826 515 μετρὲως
864 445 926 497 ἂν
963 443 1154 504 οὕτως,
1191 436 1366 508 οἶμαι,
1407 455 1659 506 παραμυ-

1786 433 2018 486 abimur.
2068 431 2223 484 Nulla
2270 431 2415 482 enim
2463 429 2600 481 adeo
2653 445 2709 480 re
2759 427 2978 480 divinus
3030 427 3339 481 divinnrmn

109 528 402 615 θησαίμεθα
440 541 529 594 τὸν
561 538 744 590 πόθον.
786 536 973 587 Οὖδενὶ
1005 535 1112 601 γὰρ
1138 533 1280 583 οὓτω
1310 532 1337 580 ὁ
1372 531 1515 591 θεῖος
1554 528 1661 579 τῶν

111 643 257 694 θείων
287 638 439 704 ἔρως,
470 633 544 694 ὡς
567 631 775 698 ἐπαίνῳ
807 626 914 679 τῶν
941 623 1368 692 ἐπιθυμημένων
1423 624 1517 674 καὶ
1562 639 1663 672 πα-

119 730 415 800 ρακαλεῖται
445 724 536 775 καὶ
568 739 642 772 πα
654 719 999 789 ραμυθεῖται.

173 818 333 886 Δεῦρο
363 816 424 884 δὴ
446 810 559 877 οὖν,
598 806 641 863 ὧ
674 808 1083 876 σεϐασμιώτατε
1112 805 1204 857 καὶ
1269 803 1619 873 λαμπρότατε
1646 818 1660 831 ο

117 910 264 979 ἂῦρό
289 926 394 978 μοι.
429 906 636 975 πάρεσο
681 902 972 968 πνεύματι,
1029 898 1104 959 ὡς
1153 895 1369 963 πνεῦμα
1417 893 1665 962 καθαρώ-

117 1020 264 1056 τατον
321 999 415 1052 καὶ
476 994 890 1060 παναγέστατον
937 989 1033 1052 ὣν,
1067 988 1160 1039 καὶ
1215 987 1310 1038 τοῦ
1367 986 1520 1050 ἁγίου
1574 983 1667 1035 καὶ

120 1088 393 1160 θεαρχικοῦ
444 1085 759 1153 Πνεύματος
797 1084 1040 1148 γέννημα
1074 1078 1169 1130 καὶ
1216 1076 1490 1145 ὁμοίωμα.
1525 1075 1664 1142 Ἔμ-

120 1197 333 1232 πνευσον
360 1175 502 1238 νοῦν,
542 1175 850 1242 ἓμπνευσον
901 1169 1057 1235 λόγον
1085 1186 1097 1199 ·
1132 1167 1276 1231 νοῦν,
1336 1165 1666 1234 θεωρητικὸν

120 1277 205 1341 τῆς
229 1271 320 1338 σῆς
349 1265 738 1335 ἀγιοπρεπείας
761 1263 853 1313 καὶ
887 1259 1139 1329 θεότητος
1170 1274 1181 1285 ·
1215 1257 1391 1323 λόγον,
1412 1255 1511 1323 τῆς
1533 1255 1667 1322 ὑμε-

120 1366 268 1431 τέρας
311 1356 700 1425 ἐκφαντορικὸν
751 1352 1212 1420 θαυμασιότητος,
1267 1348 1334 1399 ἵν’
1379 1347 1666 1414 ἀμφότερα

119 1457 200 1506 καὶ
219 1452 332 1514 νοῦς
360 1453 451 1504 καὶ
478 1451 635 1516 λόγος
666 1448 800 1516 ἡμῖν
839 1445 1132 1512 ἁγιάζηται
1186 1440 1280 1494 καὶ
1335 1437 1667 1508 λαμπρύνησ·

121 1561 220 1606 ται,
250 1542 313 1594 τὰ
341 1541 404 1592 σά
435 1538 716 1605 θαυμάσια.
761 1537 853 1587 καὶ
890 1530 1291 1599 διανοουμένοις
1323 1529 1416 1581 καὶ
1445 1530 1666 1595 διηγου·

126 1633 287 1698 μένοις
321 1629 485 1679 ’ἐπεὶ
540 1627 631 1678 καὶ
700 1625 761 1676 τὸ
816 1625 906 1675 ἐπί
964 1622 1183 1690 μνήμης
1224 1618 1403 1688 -μόνον
1455 1617 1664 1679 λαϐεῖν,

124 1720 370 1788 ἀγιασμός
391 1735 448 1770 τε
471 1717 566 1770 καὶ
582 1713 880 1784 φωτισμὸς,
905 1713 1001 1780 οὐχ
1029 1706 1188 1782 ἦττον
1221 1711 1356 1780 ἡμῖν
1407 1711 1521 1771 τοῖς
1571 1707 1668 1776 μό-

1768 539 1942 585 amor,
1971 537 2033 574 ac
2061 536 2250 575 eorum
2279 519 2436 572 laude
2464 519 2556 586 qui
2589 518 2760 570 amori
2789 519 2988 571 habent
3015 536 3081 581 ll',
3107 519 3344 571 lenimen

1769 623 1934 682 atque
1972 613 2213 666 solamen
2245 610 2603 664 nanciscitur.

1841 790 2045 843 AdeSto
2090 789 2276 858 igitur,
2321 801 2353 838 ο
2392 784 2862 838 venerabilissime
2906 800 2966 837 ac
3011 785 3347 849 clarissime;

1773 881 1981 943 adesto,
2041 891 2240 949 praesto
2293 879 2368 931 sis
2413 877 2630 944 spiritu.
2676 883 2735 928 ut
2783 876 2874 944 qui
2920 862 3246 944 purissimus
3291 892 3353 929 ac

1774 971 2152 1028 sanctissimus
2193 970 2418 1038 spiritus
2445 970 2538 1030 sis,
2571 970 2854 1036 sanctique
2885 982 2947 1020 ac
2984 968 3153 1020 divini
3183 967 3352 1036 Spiri-

1775 1074 1864 1118 tus
1904 1063 2122 1116 soboles
2151 1077 2214 1114 ac
2241 1060 2620 1114 simulacrum.
2666 1058 2858 1126 Aspira
2900 1073 3139 1121 sensum,
3174 1059 3352 1126 aspira

1774 1154 2120 1206 orationem:
2172 1165 2393 1205 sensum
2445 1149 2756 1216 mentisque
2808 1148 3246 1217 intelligentimn,
3287 1149 3353 1202 ad

1775 1243 2083 1298 sanctitatis
2109 1259 2172 1296 ac
2202 1242 2424 1296 deitatis
2454 1250 2557 1294 ture
2589 1239 3063 1307 contemplandam
3108 1240 3355 1308 magniﬁ-

1775 1337 2044 1400 centiam;
2099 1337 2436 1395 orationem,
2480 1332 2545 1384 ad
2585 1331 2896 1384 mirabilem
2947 1331 3057 1383 oris
3106 1347 3356 1384 sermone

1774 1423 2173 1492 explanandam
2235 1431 2472 1475 vestram
2531 1420 2936 1490 przcstantiam;
2993 1435 3101 1487 quo
3149 1421 3356 1474 scilicet

1777 1525 2077 1584 utrumque
2127 1516 2343 1586 (sensus
2377 1514 2584 1582 pariter
2630 1520 2792 1579 atque
2833 1527 3007 1576 mens,
3036 1519 3112 1582 get
3159 1513 3354 1580 oratiu)

1775 1608 2144 1678 cogitantibus
2191 1605 2354 1659 nobis
2397 1620 2459 1657 ac
2509 1602 2866 1671 loquentibus
2920 1611 3012 1656 tua
3061 1602 3353 1666 mirabilia,

1776 1700 2150 1754 sanctiﬁeetur
2183 1715 2246 1752 ac
2280 1697 2661 1766 splendescat:
2715 1696 2916 1764 quippe
2951 1710 3073 1748 cum
3114 1694 3197 1748 vel
3243 1695 3357 1764 ipsa

126 1832 192 1881 νῳ
246 1809 751 1877 κατοπτριζομένοις
791 1805 872 1873 τῷ
929 1804 1221 1881 πνεύματι,
1285 1801 1318 1870 ἢ
1377 1802 1488 1861 τοῖς
1541 1799 1668 1867 πρὶν

1783 1790 2038 1844 duntaxat
2068 1789 2251 1843 animo
2291 1795 2570 1856 assumpta
2609 1786 2685 1840 tui
2724 1785 3005 1881 memoria,
3053 1785 3358 1838 sanctiﬁca-

134 1877 256 1971 μέτά
307 1901 410 1954 τοῦ
456 1899 604 1971 ἱεροῦ
660 1897 894 1967 σκήνους
949 1877 1149 1968 ὁρῶσιν
1199 1891 1672 1962 ἀναστρεφόμενον

123 1978 349 2067 iam.

185 2255 288 2308 Καὶ
313 2252 416 2323 γὰρ
449 2251 703 2321 νηπιόθεν
736 2249 853 2311 ὅλος
883 2248 1258 2318 ἀφιερωμένος
1291 2246 1370 2317 τῷ
1400 2244 1542 2314 Θεῷ,
1577 2245 1674 2297 καὶ

129 2347 345 2414 σχήματι
393 2343 678 2403 εὐλαὸείας
729 2342 823 2393 καὶ
880 2342 1165 2409 πράγματι
1198 2337 1532 2420 ⁸θεοσεὸείας
1581 2336 1676 2388 καὶ

129 2431 210 2483 τοῦ
251 2430 407 2498 νόμου
457 2431 655 2500 μελέτῃ
686 2429 780 2482 καὶ
819 2428 927 2481 τῶν
970 2427 1200 2480 ἐντολῶν
1248 2427 1484 2495 φυλακῇ,
1538 2425 1674 2495 πρὸς

127 2522 215 2590 τὴν
243 2521 574 2590 τελειοτέραν
607 2517 1269 2589 προπαρασκευαζόμενος
1305 2515 1637 2583 θεογνωσίαν
1659 2528 1674 2544 ⁶

129 2607 254 2665 οἶδεν
289 2613 392 2683 γὰρ
423 2612 629 2682 Κύριος
680 2611 787 2664 ἀπὸ
842 2610 1075 2679 γαστρὸς
1133 2608 1377 2676 ἀγιάζειν
1429 2610 1556 2670 τοὺς
1597 2609 1676 2660 οί-

131 2704 310 2766 κείους,
339 2706 429 2757 καὶ
474 2706 591 2773 ἆμα
642 2706 706 2772 τῇ
756 2702 945 2771 πρώτῃ
995 2701 1319 2752 συνεισιέναι
1356 2699 1549 2752 πλάσει
1585 2699 1677 2751 καὶ

131 2795 354 2864 ἀοράτως
401 2793 719 2863 ἐφέπεσθαι,
756 2793 848 2845 καὶ
894 2793 1032 2863 πρὸς
1086 2791 1279 2845 ἑαυτὸν
1330 2789 1677 2843 κατευθύνειν

134 2889 216 2937 καὶ
251 2887 520 2958 ποδηγεῖν,
552 2885 741 2954 ἐπειδὴ
793 2885 820 2937 ὁ
860 2885 959 2962 τῆς
1005 2884 1240 2945 πίστεως
1291 2881 1533 2952 ἀρχηγὸς
1586 2881 1679 2934 καὶ

132 2975 396 3046 τελιιωτὴς
447 2974 703 3044 ἐπεφάνη
746 2974 982 3044 Χριστὸς
1005 3013 1022 3038 ,
1061 2973 1154 3025 καὶ
1196 2972 1376 3025 πᾶσαν
1431 2969 1530 3041 μὲν
1578 2971 1679 3039 τὴν

146 3065 377 3118 Ἰουδαίαν
408 3067 501 3120 καὶ
525 3061 815 3118 Γαλιλαίαν
836 3066 1121 3132 ἐπεφοίτα,
1156 3063 1257 3132 τὴν
1289 3063 1398 3115 τῶν
1424 3061 1678 3136 ὀὐρανῶν

138 3139 976 3232 βασιλειανννεὺαγγελιζόμενος·
1030 3157 1124 3208 καὶ
1183 3144 1511 3224 θαυμασίοις
1571 3154 1670 3224 μέν

136 3247 312 3314 λόγοις,
344 3247 821 3318 θαυμασωτέροις
856 3245 911 3299 δὲ
934 3245 1138 3318 ἔργοις,
1162 3246 1262 3313 τὴν
1290 3239 1399 3297 τῶν
1430 3245 1674 3313 Εὐαγγε-

137 3335 247 3389 litin
288 3330 545 3407 ἀλήθειαν
572 3336 955 3406 πιστούμενος,
982 3336 1051 3388 τὰ
1080 3333 1394 3388 ἀπολωλότα
1426 3336 1675 3406 πρόϐατα

138 3431 253 3500 πρὸς
277 3433 461 3484 ἑαυτὸν
490 3430 790 3499 ἐπισυνῆγε
843 3429 939 3482 τοῦ
979 3428 1227 3498 Ἰσραήλ·
1282 3429 1404 3480 τότε
1444 3427 1529 3497 δὴ,
1553 3431 1674 3482 τότε

139 3521 220 3570 καὶ
246 3522 328 3572 τδν
371 3519 624 3591 ἀληθινὸν
663 3521 852 3573 τοῦτον
894 3518 1230 3588 ἰσραηλίτην
1252 3517 1508 3571 ἐκάλεσεν
1532 3520 1675 3590 Βαρ-

140 3609 410 3680 θολομαῖονι

201 3701 257 3754 Τί
283 3699 370 3756 οὖν
423 3698 613 3767 οὗτοςς
648 3698 775 3773 τΑρ’
807 3703 1119 3773 ἀπηνήνατο
1149 3703 1238 3755 τὸν
1270 3703 1609 3774 κεκληκότα;
1641 3703 1672 3772 ἦ

141 3793 357 3846 πιστεύει
410 3795 528 3862 μὲν,
560 3795 657 3864 οὐχ
707 3794 897 3846 ἕπεται
953 3793 1043 3860 δέ;
1083 3795 1116 3862 ἢ
1161 3793 1352 3846 ἕπεται
1395 3795 1516 3861 μὲν,
1547 3794 1675 3864 ἄχρι

142 3885 306 3953 καιροῦ
335 3886 425 3952 δέ;
461 3887 494 3958 ἢ
551 3887 712 3955 μέχρι
753 3885 850 3954 μὲν
880 3885 1085 3947 τέλους,
1117 3884 1190 3948 ὡς
1218 3877 1296 3946 εἷς
1327 3885 1383 3936 δὲ
1417 3884 1507 3937 τοῦ
1535 3887 1673 3955 πλή-

142 3975 244 4039 θους
273 3977 356 4028 καὶ
385 3978 492 4029 τῶν
519 3977 757 4040 πιστῶν;
794 3978 826 4044 ἢ
858 3978 968 4038 τοῖς
1021 3975 1286 4043 μαθηταῖς
1323 3976 1420 4043 μὲν
1455 3992 1676 4046 συνηριο

144 4066 326 4135 θμεῖτο,
356 4071 451 4136 τῆς
477 4070 736 4138 δευτέρας
762 4069 819 4120 δὲ
848 4069 1056 4132 τάξεως
1093 4067 1242 4137 παρὰ
1263 4067 1340 4137 τῷ
1370 4068 1675 4139 διδασκάλῳ

144 4159 482 4225 καθεστῶσιν;
535 4159 820 4228 Οὐδαμῶς.
855 4158 1020 4228 Ὁμοῦ
1078 4159 1131 4212 δὲ
1163 4160 1254 4210 τὸν
1308 4158 1543 4228 ποιμένα
1584 4161 1674 4214 τὸν

145 4249 281 4301 καλὸν
309 4245 459 4314 εἶδεν,
491 4252 589 4304 καὶ
617 4245 771 4313 οὗτος
796 4250 955 4302 αὑτὸν
1008 4251 1149 4302 κατὰ
1177 4249 1238 4302 τὸ
1274 4249 1432 4318 βάθος
1460 4251 1674 4317 ἐπέγνω

145 4341 369 4407 διανοίας,
415 4343 735 4413 ἐπεγνώσθη
775 4359 835 4394 τε
881 4341 1012 4412 παρ’
1051 4340 1240 4403 αὑτοῦ,
1272 4341 1346 4402 ὡς
1396 4342 1497 4411 τῆς
1535 4344 1674 4395 ἀνω-

1777 1880 1982 1933 tionem
2017 1887 2240 1948 prmstet
2279 1891 2342 1930 ac
2389 1875 2871 1938 illuminationcm,
2917 1859 3030 1928 tlnn
3071 1874 3229 1928 nobis
3263 1875 3352 1943 qui

1775 1969 1893 2023 solo
1944 1969 2139 2038 spiritu
2185 1969 2339 2022 velut.
2378 1969 2433 2020 in
2465 1967 2688 2035 speculo
2741 1968 3077 2021 relucentem
3125 1968 3354 2020 formam

1769 2055 2127 2123 contuemur,
2159 2069 2273 2113 tum
2304 2059 2370 2112 iis
2393 2059 2485 2127 qui
2509 2059 2638 2111 olim
2665 2074 2788 2112 cum
2817 2067 3004 2112 sancto
3029 2059 3356 2129 corpusculo

1775 2160 2086 2205 versantem
2119 2150 2176 2203 in
2206 2159 2354 2204 terra
2383 2149 2664 2203 viderunt.

1843 2243 1886 2297 Δ
1920 2257 2094 2312 puero
2114 2257 2353 2319 namque
2391 2250 2538 2294 totus
2567 2242 2678 2295 Deo
2709 2251 3083 2305 consecratus,
3110 2241 3356 2310 pietatis-

1776 2349 1884 2403 que
1917 2333 2092 2386 l'orma
2142 2347 2207 2388 ac
2255 2331 2458 2394 indole;
2508 2339 2565 2384 et
2614 2347 2743 2384 vera
2800 2332 3065 2401 religione
3109 2342 3164 2386 et
3224 2332 3357 2402 leg-is

1776 2425 2137 2480 meditatione
2169 2435 2227 2479 et
2270 2423 2656 2478 mandatorum
2689 2425 3057 2489 observantia,
3106 2425 3177 2479 ad
3227 2442 3357 2496 per-

1778 2516 2062 2570 fectiorem
2109 2516 2204 2570 Dei
2254 2515 2542 2569 scientiam
2600 2515 2872 2584 ﬁdemque
2905 2516 3188 2572 institutus
3233 2533 3358 2572 cum

1776 2612 1922 2658 esset
1953 2603 2128 2674 (novit
2155 2605 2301 2658 enim
2332 2604 2597 2658 Dominus
2624 2621 2690 2659 ex
2717 2613 2878 2659 utero
2911 2607 3004 2675 qui
3045 2606 3129 2660 sui
3160 2607 3271 2660 sint
3296 2623 3361 2662 ac

1778 2693 2101 2758 necessarii,
2151 2704 2429 2748 exutero
2479 2693 2847 2760 sanctiﬁcare,
2903 2705 3064 2764 atque
3104 2712 3133 2749 ιι
3185 2696 3359 2766 prima

1779 2787 1962 2842 statim
2008 2786 2337 2841 formatione
2371 2786 2478 2840 illis
2516 2786 2689 2850 illabi,
2737 2802 2906 2856 seque
2956 2788 3038 2842 eis
3082 2789 3360 2860 inaspecta

1779 2877 1990 2932 ratione
2021 2879 2279 2932 comitem
2315 2890 2600 2946 prmstare,
2641 2887 2806 2946 atque
2843 2877 2910 2932 ad
2950 2881 3190 2947 seipsum
3223 2881 3360 2938 diri-

1777 2983 1905 3038 gere
1929 2977 1985 3022 et
2013 2967 2260 3038 ducere),
2304 2967 2448 3038 quod
2483 2967 2608 3022 ﬁdei
2640 2977 2833 3022 auctor
2865 2977 2923 3023 et
2952 2981 3363 3046 consumrqator

1777 3059 2029 3115 Christus
2060 3068 2388 3130 apparuerat
2403 3061 2474 3124 9°,
2505 3075 2835 3128 omnemque
2863 3061 3104 3116 Iudaeam
3139 3073 3196 3118 et
3218 3064 3363 3119 Gali-

1781 3151 1957 3214 laeam,
2006 3146 2434 3219 evangelizando
2477 3161 2706 3216 regnum
2731 3147 2992 3201 calorum
3017 3152 3353 3221 peragrabat,

1781 3241 2232 3310 admirandisque
2261 3238 2612 3294 sermonibus
2646 3238 3019 3308 majoremque
3045 3241 3363 3299 admiratio-

1781 3348 1906 3386 nem
1926 3331 2535 3401 facientibuSOperibus
2558 3328 2850 3401 Evangelio
2889 3330 3051 3384 ﬁdem
3087 3341 3360 3398 astruens,

1781 3440 2042 3494 ovesquaa
2055 3425 2560 3504 perierantlsraelis
2575 3423 2640 3477 ad
2658 3424 3094 3494 secongregabat
3107 3425 3174 3457 ⁸⁸⁸
3194 3443 3209 3492 ;
3233 3433 3362 3482 tunc

1756 3518 1961 3585 plane,
1997 3525 2126 3570 tunc
2155 3531 2375 3585 quoque
2402 3531 2595 3570 verum
2627 3515 2775 3570 hunc
2805 3515 3105 3570 lsraclitam
3132 3517 3353 3574 Bartbo-

1781 3604 2034 3659 lommum
2066 3605 2282 3659 vocavit
2303 3606 2368 3657 ⁹¹.

1851 3715 1994 3782 Quid
2043 3716 2208 3787 igitur
2258 3716 2396 3770 ille?
2440 3715 2580 3770 Num
2627 3725 2914 3770 vocantem
2970 3718 3226 3788 respuit?
3269 3730 3363 3776 aut

1782 3807 1959 3864 credit
2003 3807 2248 3877 quidem,
2283 3823 2392 3862 non
2431 3818 2612 3862 tamen
2657 3809 2952 3878 sequitur?
2979 3819 3072 3863 aut
3113 3813 3362 3883 sequitur

1781 3897 2024 3967 quidem,
2070 3911 2260 3951 verum
2309 3897 2376 3950 ad
2425 3906 2676 3967 tempus;
2715 3907 2809 3951 aut
2853 3900 2906 3952 in
2956 3898 3116 3954 ﬁnem
3165 3918 3359 3972 usque,

1780 3986 1933 4039 velut
1966 3994 2146 4039 tamen
2177 4001 2321 4040 unus
2364 4001 2394 4040 e
2436 3987 2600 4056 vulgo
2641 4002 2704 4040 ac
2750 3986 2910 4040 turba
2952 3987 3234 4044 ﬁdelium?
3268 4003 3362 4048 aut

1781 4079 1988 4132 relatus
2025 4077 2245 4147 quidem
2275 4086 2360 4132 est
2399 4077 2452 4131 in
2497 4076 2892 4146 discipulorum
2919 4079 3129 4145 album,
3165 4097 3358 4138 verum

1781 4166 2000 4222 illorum
2070 4154 2165 4238 qui
2224 4165 2451 4223 secundi
2505 4168 2715 4222 ordinis
2768 4180 2942 4223 erant
2989 4173 3134 4242 apud
3192 4176 3361 4242 magi-

1780 4261 2084 4313 strum’“?
2132 4260 2522 4330 Nequaquam;
2557 4261 2687 4329 quin
2735 4261 2897 4335 simul
2943 4273 3108 4334 atque
3155 4264 3359 4322 bonum

1779 4361 2054 4419 pastorem
2085 4351 2242 4416 vidit,
2271 4352 2458 4420 sicque
2487 4366 2613 4405 eum
2655 4354 2763 4406 alta
2808 4363 2989 4409 mente
3025 4359 3282 4427 cognovit
3304 4370 3360 4415 et

145 4431 264 4484 τάτω
311 4433 400 4485 καὶ
453 4431 676 4499 πρώτης
714 4431 941 4501 ἐκλογῆς
991 4429 1381 4500 κατηξιῶσθαι,
1420 4432 1514 4484 καὶ
1562 4436 1673 4494 τοῖς

1783 4443 1849 4497 ab
1879 4459 1945 4497 eo
1978 4443 2196 4513 agnitus
2217 4451 2322 4506 est,
2350 4453 2411 4496 ut
2443 4458 2713 4512 suprema:
2743 4443 3043 4518 primaque
3072 4437 3361 4506 electionis

146 4527 429 4595 κορυφαίοις
454 4528 564 4578 τῶν
591 4527 902 4580 ἀποστόλων
949 4527 1323 4596 συντετάχθαι,
1352 4528 1447 4580 καὶ
1477 4528 1574 4595 τὴν
1606 4527 1679 4577 ἱε-

151 4614 227 4680 ρὰν
262 4618 347 4670 καὶ
391 4618 581 4687 τιμίαν
634 4618 928 4670 δωδεκάδα
977 4618 1365 4688 συμπληροῦν·
1426 4618 1676 4670 ἐντεῦθεν

147 4705 248 4773 ὸλην
273 4709 682 4779 ἀπανηνάμενος
713 4709 810 4778 τὴν
841 4710 1030 4779 κτῆσιν
1053 4709 1162 4760 τῶν
1190 4710 1282 4760 ἐπὶ
1330 4710 1451 4778 γῆς,
1479 4709 1678 4778 πατρί-

147 4795 214 4858 δι,
239 4802 419 4864 γονεῖς,
454 4802 759 4866 συγγενεῖς,
792 4801 1001 4869 φίλους,
1025 4801 1132 4852 πᾶν
1154 4801 1182 4851 ὅ
1203 4817 1252 4852 τι
1279 4801 1440 4853 καλὸν
1467 4798 1676 4869 ἀνθρώ-

153 4906 248 4952 ποις
273 4895 360 4944 καὶ
386 4892 854 4962 περισπούδαστον
879 4911 890 4922 ·
924 4893 1004 4944 ἐτι
1031 4893 1088 4945 δέ
1121 4892 1213 4945 καὶ
1240 4893 1340 4962 τὴν
1369 4892 1531 4944 αὐτοῦ
1570 4893 1674 4960 ψυ-

151 4983 272 5048 mw
300 4984 602 5053 θαυμάσιος
634 4985 1016 5055 ἁπηρνημένος
1039 5001 1051 5012 ·
1095 4987 1272 5037 πᾶσαν
1299 4983 1394 5036 τοῦ
1421 4983 1669 5052 σώματος

151 5072 424 5143 ἐπιθυμίαν,
467 5077 560 5127 καὶ
605 5077 784 5128 πᾶσαν
836 5076 1055 5145 θέλησιν
1110 5077 1204 5144 τῆς
1265 5075 1397 5138 ἰδίας
1451 5076 1675 5144 καρδίας

152 5163 474 5236 ὰπερῤξψατο,
512 5166 600 5219 ἵνα
642 5168 741 5235 τῆς
782 5167 952 5236 Ἰησοῦ
977 5165 1180 5234 φιλίας,
1209 5168 1300 5219 καὶ
1324 5167 1666 5237 τελειοτέρας

151 5253 361 5320 γνώσεως
389 5261 448 5310 ἐν
487 5259 746 5328 μετουσίᾳ
780 5262 1042 5328 καταστῇ.
1538 5316 1546 5324 κ
1663 5264 1675 5270 ’

216 5437 468 5493 Ἐντεῦθεν
513 5441 663 5494 κατὰ
700 5441 899 5494 σκοπὸν
952 5443 1162 5496 διώκων
1190 5443 1670 5513 κα“ι.καταλαμ6ά-

148 5547 251 5594 νων,
276 5529 360 5584 ὅτε
396 5532 672 5602 πλεύματι
720 5531 826 5594 ζῶν
882 5533 1216 5602 ἀκραιφνῶς,
1248 5535 1339 5584 καὶ
1400 5536 1669 5602 πνεύματι

233 5704 445 5760 "lli-br.
477 5724 578 5770 xu,
608 5707 664 5760 Ξ.
742 5709 1017 5777 9"‘Matth.
1050 5728 1135 5775 xv,
1169 5712 1257 5764 ‘24.
1321 5711 1535 5764 “‘Joan.
1567 5727 1602 5772 l,
1643 5713 1726 5764 47.

437 5802 705 5860 l’n‘uOL.
746 5803 856 5859 Gn.
896 5804 1017 5863 CV.

1782 4534 1981 4603 dignus
2023 4535 2346 4601 haberetur,
2381 4550 2445 4589 ac
2475 4535 2620 4589 inter
2659 4528 3032 4604 apostolorum
3085 4541 3360 4612 principes

1783 4637 2190 4690 accenseretur,
2229 4641 2555 4696 sacrumque
2577 4642 2640 4680 ac
2665 4629 3034 4684 venerabilem
3068 4631 3356 4688 duodecim

1782 4718 2012 4770 chorum
2061 4718 2384 4787 compleret;
2434 4716 2630 4769 exinde
2691 4718 2839 4771 omni
2902 4727 3118 4776 terrena
3178 4735 3357 4793 spreta

1780 4809 2108 4867 subslantia,
2159 4808 2353 4877 patria,
2404 4807 2754 4875 parentibus,
2805 4811 3073 4878 cognatis,
3129 4815 3354 4878 amicis;

1781 4898 2046 4966 quidquid
2093 4899 2404 4951 hominibus
2459 4897 2748 4966 pulchrum
2798 4899 3019 4954 videtur
3052 4919 3116 4958 ac
3160 4905 3356 4960 studiis

1781 4989 2264 5056 prosequendum;
2312 4986 2375 5038 ad
2415 4988 2531 5040 hate
2575 5003 2705 5040 vero
2753 4989 2916 5042 etiam
2958 4990 3221 5062 abnegata
3273 4997 3355 5048 vir

1783 5079 2139 5132 admirandus
2164 5079 2341 5131 anima
2370 5094 2490 5142 sua,
2523 5093 2739 5132 omnem
2769 5081 3014 5148 corporis
3047 5083 3347 5146 libidinem,

1783 5187 2113 5240 omnemque
2179 5172 2360 5224 cordis
2425 5171 2632 5239 proprii
2686 5172 3024 5228 voluntatem
3084 5177 3346 5244 projecit,

1786 5274 1847 5316 ut
1873 5264 2001 5317 .lcsu
2030 5263 2303 5325 amicitiaz,
2327 5277 2389 5314 ac
2426 5261 2669 5315 scientia:
2700 5262 3048 5331 perfectioris
3078 5266 3348 5336 particeps

1783 5355 1940 5408 ﬁeret
1958 5356 2024 5422 "g.

1850 5447 1980 5499 Inde
2002 5447 2155 5514 juxta
2185 5442 2515 5496 destinatum
2545 5460 2876 5513 persequens
2902 5459 2964 5497 ac
2991 5446 3347 5513 comprehen-

1778 5535 1934 5596 dens,
1986 5535 2132 5586 velut
2177 5533 2270 5600 qui
2314 5531 2528 5587 sincere
2559 5534 2752 5602 spiritu
2783 5533 3008 5597 viveret,
3038 5535 3231 5602 Spiritu
3263 5538 3346 5592 in.

3139 5610 3161 5647 ε

1807 5715 1868 5744 ⁹¹⁶
1895 5715 2048 5768 Joan.
2086 5732 2138 5780 κ,
2183 5716 2267 5769 ll.
2346 5720 2388 5749 ⁹²
2419 5719 2650 5787 Philipp.
2687 5735 2765 5782 in,
2803 5717 2884 5769 Μο

2940 5806 2976 5865 '1
