3922 6314
550 301 663 364 son

1720 287 2014 347 ΝΙΟΕΤίΕ
2053 282 2576 346 PAPIILAGONIS

562 411 784 462 cederet
811 413 868 456 ct
894 401 1218 458 ambularet,
1252 395 1345 450 Dei
1382 393 1603 462 quidem
1634 392 1845 447 amicus
1885 408 1948 446 ac
1983 394 2130 446 illius

2237 393 2426 460 λοιχῶν
2472 393 2564 444 καὶ
2611 388 2946 459 περιπατῶν,
2999 387 3149 455 φίλος
3188 388 3285 456 μὲν
3326 386 3456 440 Θεοῦ
3509 357 3603 439 καὶ
3629 384 3773 441 θέσει

561 494 874 560 adoptione,
917 485 1101 556 gratiae
1141 496 1272 534 vero
1304 482 1450 533 dono
1485 477 1761 554 Unigeniti
1799 477 1967 531 frater
1995 493 2124 531 con-

564 579 829 632 stituitur.
865 573 968 638 Qui
997 578 1178 625 autem
1222 565 1442 621 Christo
1475 579 1583 616 non
1609 564 1946 620 domesticus
1986 565 2128 617 foret

563 674 620 719 ct
640 661 1052 717 contubernalis
1077 672 1141 711 ac
1163 653 1566 715 commensalis,
1597 651 1807 720 vimque
1829 666 1893 704 ac
1915 652 2127 704 institu-

566 753 732 807 tionis
774 748 1000 802 socius?
1046 747 1334 801 fandorum
1375 741 1616 796 omnium
1664 755 1728 795 ac
1769 738 2127 797 nefandorum

566 837 970 906 mysteriorum.
1021 832 1374 898 omniumque
1424 830 1516 883 Dei
1561 843 1790 896 operum
1825 843 1889 882 ac
1921 844 2128 884 sermo-

565 941 731 988 num,
784 939 904 992 qua:
952 922 1093 975 Patri
1146 921 1417 973 luminum
1452 917 1659 987 placuit
1707 925 1770 972 ιιι
1797 917 2128 972 mortalibus

563 1014 816 1081 aperiret,
846 1010 1121 1064 conscius.
1772 1051 1778 1056 .
1809 1074 1811 1076 η

635 1100 829 1153 Beatos
865 1099 1030 1168 igitur
1060 1095 1295 1164 praedico
1333 1105 1456 1148 tuos
1496 1095 1706 1157 oculos,
1743 1111 1776 1149 ο
1806 1095 1970 1149 Verbi
2013 1096 2126 1165 ipse

564 1187 632 1241 iis
678 1194 951 1254 spectator
1003 1193 1060 1237 et
1096 1192 1267 1253 mysta
1314 1182 1608 1252 divineque
1649 1185 1933 1254 discipule,
1978 1185 2126 1254 quod

565 1275 828 1330 inacccssi
911 1274 1125 1327 decoris
1213 1273 1625 1341 supercoalestis
1703 1274 2127 1344 pulchritudinis

564 1363 798 1434 speciosi
815 1361 987 1415 forma
1009 1377 1119 1430 prae
1144 1361 1270 1415 ﬁliis
1296 1361 1578 1416 hominum
1595 1363 1661 1423 ",
1682 1371 1904 1432 aspectu
1921 1365 2126 1433 potitus

563 1470 643 1510 es.
694 1452 885 1505 Beatas
936 1451 1174 1520 praedico
1221 1465 1405 1515 aures,
1452 1451 1599 1520 quod
1631 1451 1729 1505 Dei
1764 1453 1878 1507 oris
1900 1453 2126 1508 vocibus

564 1560 629 1600 ac
655 1544 856 1599 Christi
897 1543 1126 1613 mystico
1159 1541 1348 1597 auditu
1378 1542 1730 1613 alloquioque
1763 1543 2018 1615 impletus
2040 1560 2120 1600 es.

564 1632 986 1689 Circumfundor
1011 1633 1206 1701 spiritu
1230 1631 1564 1686 beatissimis
1590 1633 1699 1686 tuis
1727 1633 1888 1689 labiis
1907 1635 2120 1703 orique;

2227 483 2358 547 υίὸς,
2387 481 2610 547 ἀδελφὸς
2641 481 2698 533 δὲ
2726 483 2792 550 τῇ
2822 482 3002 550 χάριτι
3046 480 3392 548 καθειστήκει
3411 476 3507 530 τοῦ
3536 478 3770 545 Μονογε-

2227 569 2381 631 νοῦς’
2419 571 2513 620 καὶ
2560 566 2676 630 πῶς
2715 568 2815 619 οὐκ
2872 568 2940 620 ἂν
2995 565 3299 634 ὁμοδίαιτος
3329 564 3539 634 ὑπῆρχε
3562 564 3775 633 Χριστῷ

2226 659 2320 711 καὶ
2352 659 2640 727 όμόροφος,
2674 655 2944 719 σύσσιτος,
2983 655 3284 724 συνόμιλος,
3311 655 3409 722 τῆς
3461 654 3630 721 αὐτῆς
3660 651 3775 707 ὁδοῦ

2226 748 2322 801 καί⁵
2365 748 2584 814 ἀγωγῆς
2611 746 2710 814 τῆς
2747 746 2946 814 αὐτῆςο
2979 744 3234 805 κοινωνὸς
3285 745 3506 796 πάντων
3570 743 3775 813 ρητέων

2227 837 2321 889 καὶ
2351 837 2674 908 άπορῤήτων
2729 835 3077 904 μυστηρίων·
3123 834 3376 896 κοινωνὸς
3422 835 3598 903 ἔργων
3640 832 3770 886 Θεοῦ

2226 927 2319 978 καὶ
2335 925 2527 994 λόγων,
2555 919 2627 978 ὧν
2661 925 2948 992 εὐδόκησεν
2975 925 3205 991 ἐπιφᾶναι
3236 925 3345 986 τοῖς
3379 924 3587 993 βροτοῖς
3615 925 3645 976 ό
3675 923 3777 975 τῶν

2227 1000 2418 1086 φῶτων
2443 1016 2632 1086 Πατήρ
2658 1031 2673 1078 ;

2201 1166 2205 1173 ,
2295 1106 2486 1159 Τοίνυν
2528 1103 2816 1173 μακαρίζω
2842 1119 2937 1155 σου
2963 1103 3061 1171 τὴν
3097 1103 3306 1170 ὅρασιν,
3337 1095 3382 1155 ὦ
3408 1099 3653 1154 αὐτόπτα
3689 1098 3780 1151 τοῦ

2224 1197 2395 1263 Λόγου
2418 1194 2509 1246 καὶ
2531 1193 2728 1261 μύστα,
2747 1195 2839 1245 καὶ
2858 1193 3082 1263 θεηγόρε
3103 1192 3438 1261 μαθητά,“ὃτι
3459 1191 3551 1243 τοῦ
3574 1191 3780 1260 ἀπροσ-

2229 1283 2337 1336 ίτου
2368 1282 2596 1346 κάλλους
2629 1282 2726 1351 τῆς
2767 1283 3163 1350 ὑπερουρανίας
3182 1280 3430 1347 ἀγλαΐας,
3457 1273 3552 1331 τοῦ
3583 1277 3779 1347 ὡραίου

2225 1358 2409 1427 κάλλει
2431 1375 2580 1444 παρὰ
2601 1374 2722 1429 τοὺς
2745 1374 2890 1432 υἱοὺς
2911 1371 3020 1424 τῶν
3036 1371 3365 1447 ανθρώπων,
3388 1371 3479 1440 τῆς
3499 1369 3627 1432 θέας
3647 1384 3777 1420 κατ-

2223 1466 2550 1536 ετρὺφησας.
2585 1462 2887 1533 Μακαρίζω
2942 1478 3038 1513 σου
3103 1461 3198 1530 τὴν
3251 1461 3438 1528 ἀκοὴν,
3486 1459 3568 1511 δτι
3595 1456 3783 1526 φωνῶν

2226 1557 2491 1625 στόματος
2523 1553 2679 1612 Θεοῦ,
2703 1553 2795 1604 καὶ
2826 1550 3090 1620 μυστικῆς
3117 1550 3429 1619 ἀκροάσεως
3458 1550 3551 1600 καλ⁵
3573 1547 3782 1617 ὁμιλίας

2224 1647 2440 1716 ἁμέσως
2469 1643 2808 1712 ὲνεπλήσθης
2873 1641 3129 1711 Χριστοῦ.
3190 1637 3638 1707 Περιπτύσσομαί
3685 1653 3776 1691 σου

565 1721 785 1777 osculor
821 1728 878 1774 et
916 1735 1080 1790 genas
1125 1729 1180 1775 et
1223 1721 1490 1791 linguam,
1537 1721 1689 1775 velut
1728 1723 2130 1782 divinissimum

2244 1737 2320 1807 τῷ
2373 1735 2640 1805 πνεύματι
2695 1733 2762 1786 τά
2810 1730 3196 1800 μακαριώτατα
3241 1730 3393 1798 χείλη
3449 1729 3545 1782 καὶ
3583 1727 3782 1797 στόμαυ

566 1813 721 1868 illum
776 1812 920 1866 haud
952 1827 1075 1865 raro
1125 1812 1391 1876 osculata,
1437 1826 1500 1869 ac
1539 1827 1662 1882 quae
1711 1811 1858 1868 illius
1917 1813 2132 1882 impleri

566 1907 858 1964 dulcedine
901 1906 1184 1975 imbuique
1225 1906 1514 1962 sanctitate
1542 1913 1883 1984 meruerunt.
1907 1906 2133 1960 Beatum

565 1998 804 2069 praedico
856 2007 1011 2052 tuum
1067 2007 1286 2066 gustum
1349 1997 1718 2067 olfactumque
1775 2006 1834 2052 et
1887 2005 2132 2064 tactum;

567 2092 806 2160 priorem
829 2088 1074 2158 quidem,
1116 2086 1263 2156 quod
1292 2088 1538 2158 ejusdem
1571 2101 1635 2142 ac
1662 2086 1903 2142 Verbum
1934 2102 2134 2142 mensae

566 2179 842 2250 particeps
884 2177 1054 2231 fueris
1093 2177 1426 2246 eosdemque
1465 2177 1606 2232 sales
1651 2177 1992 2246 perceperis;
2032 2192 2135 2231 nec

566 2266 676 2320 diei
709 2272 892 2335 potest
917 2263 1135 2331 qu0ties
1180 2262 1371 2316 eodem
1404 2277 1529 2316 cum
1572 2264 1860 2316 Servatore
1889 2263 2134 2317 sensibili

566 2357 775 2428 pariter
823 2370 888 2409 ac
917 2353 1146 2423 spiritali
1195 2361 1468 2407 saturatus
1512 2352 1676 2420 epulo
1723 2351 1818 2405 sis.
1865 2351 2149 2416 Alterum,—

567 2446 717 2519 quod
770 2443 1115 2501 intemeratis
1168 2443 1494 2512 unguentis;
1545 2457 1608 2495 ac
1641 2441 1878 2516 ‘spiritali
1930 2442 2132 2497 summi

569 2537 817 2593 omnium
878 2534 1044 2603 Regis
1091 2533 1335 2586 scientia:
1387 2532 1683 2602 fragrantia
1739 2533 1996 2602 impletus
2037 2533 2131 2586 sis.

569 2626 796 2682 Tactum
839 2622 1097 2691 denique,
1145 2621 1292 2690 quod
1347 2623 1545 2690 saepius
1593 2621 2132 2676 intemeratissimum

570 2729 770 2784 corpus
815 2714 1137 2768 intemerate
1184 2711 1632 2776 contrectaveris,
1683 2711 2135 2780 tremendumque

572 2803 870 2861 Cherubim
896 2817 962 2857 ac
986 2801 1271 2872 Seraphin]
1306 2802 1472 2855 etiam
1498 2811 1661 2871 atque
1684 2802 1847 2857 etiam
1869 2817 2136 2856 veneran-

572 2896 726 2958 dum,
779 2891 889 2948 tuis
932 2893 1048 2961 ipse
1085 2890 1338 2944 manibus
1385 2891 1722 2955 ministrans,
1773 2899 1834 2946 ut
1883 2907 1982 2961 par
2026 2901 2130 2956 est,

573 2983 796 3053 prepior
843 2982 1017 3034 factus
1076 2979 1525 3049 apprehenderis,
1568 2981 1885 3050 cunctisque
1917 2981 2134 3050 penitus

574 3073 858 3137 sensibus,
912 3086 1135 3126 accessu
1190 3069 1260 3123 ad
1317 3085 1442 3124 eum
1501 3070 1595 3138 qui
1652 3085 1870 3126 omnem
1920 3073 2136 3127 excedit

577 3179 832 3229 sensum,
896 3176 1072 3231 eoque
1131 3161 1456 3216 familiarius
1514 3169 1710 3229 utens,
1767 3163 2138 3217 sanctificatus

575 3258 674 3312 sis.
1233 3296 1238 3300 .

643 3344 837 3400 Adhuc
863 3350 1046 3396 autem
1087 3340 1256 3410 magis
1288 3340 1512 3394 aemulor
1536 3353 1598 3395 ac
1629 3339 1850 3394 beatum
1876 3337 2134 3408 praedico,

577 3434 724 3504 quod
775 3441 959 3485 mente
1006 3443 1117 3482 non
1165 3427 1492 3492 concideris,
1522 3441 1625 3481 nec
1656 3427 1712 3480 in
1747 3424 2138 3496 ten_tationibus

577 3527 761 3581 animo
786 3523 998 3578 diuisus
1028 3521 1103 3575 sis
1131 3527 1226 3574 aut
1255 3519 1586 3590 cogitatione
1630 3519 1975 3573 vacillaveris
1998 3535 2013 3583 ;
2041 3515 2137 3571 sed

579 3619 839 3672 immotus
866 3628 992 3668 cum
1032 3611 1292 3679 magistro
1334 3624 1544 3674 manes,
1590 3609 1816 3679 parique
1841 3607 2138 3678 opprobrio

578 3705 887 3772 subjiceris,
922 3711 1086 3772 atque
1127 3701 1487 3755 condemnato
1515 3700 1698 3754 socius
1732 3697 2139 3753 condemnatio-

578 3799 664 3852 n'rs
705 3793 956 3850 exsistis:
998 3790 1226 3861 patienti
1279 3789 1629 3858 compateris,
1678 3789 1838 3858 eique
1880 3787 2140 3843 condoles

577 3893 672 3964 qui
700 3892 756 3944 in
779 3889 970 3943 dolore
994 3886 1123 3956 agit.
1157 3884 1371 3939 Etenim
1405 3898 1529 3938 cum
1555 3883 1814 3936 cruciﬁxo
1831 3896 1968 3952 pene
1986 3881 2135 3936 cruci

579 3991 761 4038 mente
793 3976 1088 4034 cruciﬁxus
1123 3990 1202 4040 es,
1229 3984 1432 4028 etcum
1475 3973 1741 4026 moriente
1776 3981 2042 4034 mortuus,
2083 3978 2140 4024 et

579 4085 704 4127 cum
761 4066 975 4137 sepulto
1019 4064 1185 4118 animi
1243 4063 1523 4116 voluntate
1587 4062 1878 4130 sepultus:
1933 4075 2043 4128 quo
2084 4069 2140 4114 et

579 4162 780 4216 factum
831 4166 944 4218 est.
993 4163 1143 4209 utet
1186 4169 1310 4208 cum
1370 4160 1686 4221 resurgente
1733 4166 2040 4224 resurgeres
2084 4160 2140 4204 ει

579 4247 1058 4306 conviviﬁeareris.
1106 4247 1282 4314 Atque
1333 4245 1450 4314 ejus
1501 4253 1680 4298 tecum
1733 4251 2136 4306 testamentum,

2161 3031 2208 3093 C

2234 1824 2546 1896 ἀσπάζομαι
2597 1825 2692 1878 καί⁹
2745 1824 2842 1885 τὰς
2876 1823 3128 1888 σιαγόνας
3151 1821 3244 1872 καὶ
3277 1819 3374 1888 τὴν
3407 1817 3680 1886 γλῶσσαν,
3709 1816 3780 1878 ὡς

2234 1919 2322 1970 τὸν
2357 1913 2790 1985 θεαρχικώτατον
2823 1911 3105 1973 πλεονάκις
3157 1909 3539 1976 άσπασάμενα,
3575 1906 3670 1960 καὶ
3693 1909 3784 1974 τῆς

2234 2007 2440 2060 ἐκείνου
2473 2004 2832 2073 τερπνότητος
2876 2001 3324 2070 ἐμπεπλησμένα,
3355 1999 3452 2052 καὶ
3491 1998 3594 2067 τῆς
3638 1995 3784 2064 ἁγιό-

2232 2112 2391 2164 τητος
2413 2093 2710 2162 ἠξιωμένα.
2749 2089 3050 2160 Μακαρίζω
3079 2106 3171 2159 σου
3208 2091 3307 2158 τὴν
3343 2088 3528 2156 γεῦσιν
3577 2088 3672 2139 καὶ
3693 2087 3785 2158 τὴν

2232 2182 2497 2250 δσφρησιν
2524 2180 2620 2232 καὶ
2647 2179 2943 2249 τὴνεάφήν·
2972 2179 3061 2230 τὸν
3102 2176 3223 2246 μὲν,
3270 2176 3350 2229 ὅτι
3404 2177 3685 2246 τραπέζης
3715 2175 3787 2244 τῷ

2233 2271 2388 2339 Λόγῳ
2413 2266 2816 2337 κεκοινώνηκας
2834 2269 2934 2337 τῆς
2955 2266 3145 2334 αὐτῆς.
3179 2267 3274 2320 καὶ
3302 2266 3444 2318 ἁλῶν
3464 2265 3571 2316 τῶν
3591 2265 3784 2318 αὐτῶνθ

2237 2359 2502 2427 αἰσθητῆς
2537 2372 2598 2409 τε
2620 2356 2714 2409 καὶ
2733 2355 2928 2425 νοητῆς
2951 2354 3310 2425 ἑστιατορίας,
3352 2354 3451 2407 οὐκ
3478 2355 3626 2409 ἐστιν
3659 2353 3785 2408 δσά·

2237 2465 2325 2507 κις
2353 2449 2546 2510 εἰπεῖν,
2594 2447 2694 2513 τῆς
2718 2443 2888 2512 αὐτῆς
2924 2443 3252 2514 ἑνεφορήθης
3299 2443 3376 2513 τῷ
3407 2443 3622 2512 Σωτῆρι
3644 2457 3659 2471 ·
3695 2441 3787 2512 τὴν

2232 2533 2309 2597 δὲ,
2348 2533 2428 2586 δτι
2456 2532 2564 2586 τῶν
2600 2531 2881 2601 ἁχράνσέων
2937 2531 3123 2600 μύρων
3177 2531 3397 2600 καὶτῆς
3456 2531 3653 2599 νοητῆς
3700 2530 3787 2584 εὐ-

2234 2623 2392 2686 ωδίας
2406 2624 2506 2691 τῆς
2527 2622 2772 2690 γνώσεως
2783 2621 2876 2675 τοῦ
2893 2621 3278 2691 Παμσασιλιίως
3298 2621 3786 2691 ὐπερενεπλήσθης·

2238 2713 2333 2783 τὴν
2357 2713 2500 2782 ἁφὴν
2528 2713 2608 2778 δὲ,
2635 2713 2717 2765 ὅτι
2747 2711 3031 2774 πλεονάκις
3078 2713 3172 2763 τοῦ
3199 2711 3574 2780 παναχράντου
3608 2710 3788 2780 σώμαο

2233 2822 2324 2867 τος
2352 2805 2634 2874 άχράντως
2652 2803 2777 2873 ἥψω
2797 2820 2808 2830 ·
2834 2803 2930 2856 καὶ
2965 2802 3025 2854 τὸ
3051 2803 3278 2872 φρικτὸν
3322 2802 3422 2872 μὲν
3452 2806 3563 2864 τοῖς
3587 2804 3786 2872 Χερου-

2235 2893 2383 2962 ϐεὶμ,
2404 2892 2679 2961 αἰδέσιμον
2706 2892 2764 2944 δὲ
2796 2891 3003 2961 σφόδρα
3033 2895 3141 2953 τοῖς
3171 2891 3444 2960 Σεραφὶμ,
3471 2893 3593 2952 ταῖς
3627 2891 3784 2952 ἰδίαις

2235 2985 2421 3054 χερσὶν
2466 2983 2733 3054 ὑπηρετού
2745 2999 2921 3052 μενος,
2954 2982 3093 3034 κατὰ
3119 2983 3181 3033 τὸ
3212 2982 3390 3049 μίκὸς.
3426 2979 3660 3049 ὲγγίζων
3696 2982 3788 3032 ἐπα

2238 3074 2429 3128 ελάδου
2453 3089 2468 3104 ο
2502 3074 2595 3125 καὶ
2634 3068 2762 3134 ὅλας
2812 3073 2879 3124 δι’
2911 3071 3032 3124 ὅλου
3081 3071 3178 3133 τὰς
3215 3069 3514 3140 αἰσθήσεις,
3543 3069 3625 3138 τῷ
3651 3067 3786 3137 ὑπὲρ

2238 3165 2417 3216 πᾶσαν
2453 3162 2703 3231 αἴσθησιν
2751 3160 3021 3226 πελάζων,
3061 3161 3156 3214 καὶ
3183 3158 3394 3229 σώματι
3419 3174 3786 3227 συναναστρε-

2237 3256 2491 3324 φόμενος,
2520 3253 2916 3322 καθηγιάσθης.

2311 3345 2430 3396 Ἔτι
2477 3343 2532 3396 δὲ
2582 3342 2780 3412 μᾶλλον
2806 3342 2953 3410 ζηλῶ
2997 3343 3092 3397 καὶ
3136 3341 3420 3412 μακαρίζω
3451 3358 3534 3404 σε,
3566 3341 3651 3394 ὅτι
3696 3339 3790 3392 οὑκ

2236 3435 2488 3496 ὢκλασας
2525 3435 2614 3488 τὸν
2657 3434 2782 3487 νοῦν
2801 3475 2817 3499 ,
2856 3435 2920 3486 οὑ
2949 3436 3047 3503 τὴν
3081 3434 3259 3504 ψυχὴν
3286 3432 3562 3502 διεκρίθης
3593 3431 3654 3482 ὲν
3678 3432 3786 3491 τοῖς

2239 3531 2582 3600 πειρασμοῖς,
2611 3527 2732 3582 οὐδὲ
2760 3527 2880 3597 τῆν’
2900 3527 3139 3580 διάνοιαν
3167 3525 3450 3586 ἐδίστασας
3467 3540 3483 3554 °
3508 3523 3626 3577 ἀλλ’
3651 3523 3784 3576 ἀπε-

2239 3622 2522 3690 ρίτρεπτος
2551 3620 2688 3688 μετὰ
2716 3616 2809 3672 τοῦ
2841 3617 3162 3670 διδασκάλου
3187 3616 3386 3686 μένεις,
3428 3615 3524 3667 καὶ
3557 3616 3650 3665 τὸν
3681 3611 3788 3663 ίσον

2235 3711 2538 3780 ὀνειδισμὸν
2567 3708 2815 3778 ὑφέξεις⁸
2852 3707 2947 3762 καὶ
2982 3706 3428 3777 κατακρινομένῳ
3489 3706 3588 3772 τῆς
3631 3717 3790 3757 κατα-

2236 3803 2468 3870 κρίσεως
2511 3801 2811 3861 κοινωνεϊς’
2855 3799 2950 3850 καὶ
3015 3798 3274 3864 πάσχοντι
3322 3794 3659 3866 συμπαθεῖς·
3701 3791 3791 3846 καὶ

2235 3892 2582 3960 ἀλγυνομένῳ
2639 3889 2937 3956 συναλγεῑς.
2969 3889 3078 3942 Καὶ
3100 3888 3206 3957 γὰρ
3233 3886 3621 3956 σταυρουμινῳ
3666 3881 3789 3953 τρό·

2240 4002 2338 4038 πον
2389 3983 2510 4034 τινὰ
2567 3983 2634 4050 τῇ
2677 3979 2884 4050 διανοίᾳ
2917 3977 3391 4047 συνεσταύρωσαι·
3450 3975 3543 4029 καὶ
3579 3973 3786 4027 θανόντι

2240 4073 2651 4132 συναπέθανεςο
2707 4069 2803 4122 καί
2843 4085 2907 4138 γε
2962 4067 3215 4138 προθέσει
3265 4063 3790 4136 ψυχῆςσυνετάφης

2242 4165 2600 4233 θαπτομένῳ·
2647 4161 2770 4216 ὅθεν
2803 4161 2900 4214 καὶ
2942 4159 3287 4229 ἀνισταμένῳ
3334 4155 3662 4222 συνανέστης
3701 4150 3790 4204 καὶ

2240 4256 2555 4323 συνέζησας.
2599 4253 2767 4323 Καλή
2811 4251 3042 4320 διαθήκη
3074 4249 3263 4302 τούτου
3324 4247 3460 4316 μετὰ
3511 4245 3628 4306 σοῦ,
3667 4257 3789 4294 συν-

581 4340 1025 4400 contubernalem
1051 4351 1174 4390 eum
1204 4334 1546 4405 principibus
1572 4335 1626 4387 in
1657 4348 1822 4403 regno
1851 4334 2133 4397 caelorum;

2242 4342 2416 4394 ἐστιον
2467 4339 2604 4408 μετὰ
2639 4339 2748 4392 τῶν
2797 4337 3107 4408 κορυφαίων
3153 4339 3232 4400 εἰς
3262 4337 3358 4404 τὴν
3385 4333 3494 4386 τῶν
3555 4328 3791 4402 οὐρανῶν

581 4436 676 4491 sed
705 4444 763 4490 et
799 4434 956 4502 plane
985 4429 1103 4499 pari
1145 4428 1225 4481 eis
1282 4425 1404 4480 solii
1439 4424 1702 4494 dignitate
1743 4422 2031 4478 sublimem
2081 4423 2137 4476 in

583 4524 1042 4597 regenerationem
1071 4518 1188 4574 fore
1215 4517 1619 4571 assumendum.

650 4613 1119 4684 Quemadmodum
1161 4611 1324 4679 igitur
1362 4607 1487 4662 Jesu
1534 4616 1643 4660 tum
1687 4607 1976 4676 passionis,
2023 4617 2135 4660 tum

583 4703 1024 4767 resurrectionis,
1073 4709 1188 4754 tum
1236 4698 1354 4765 ejus
1405 4698 1460 4749 in
1506 4696 1700 4750 caelum
1750 4697 1976 4764 recepti,
2032 4711 2139 4748 una

582 4815 706 4854 cum
738 4793 927 4865 primis
957 4794 1070 4860 ipse
1100 4788 1272 4842 oculis
1317 4795 1585 4854 spectator
1638 4787 1926 4856 sociusque
1965 4788 2138 4851 fuisti,

586 4895 666 4948 sic
715 4903 933 4959 quoque
975 4899 1099 4937 cum
1147 4882 1226 4935 eis
1269 4880 1384 4949 pari
1430 4894 1652 4933 munere
1703 4880 1851 4932 vitali
1903 4880 2138 4948 Spiritus

587 4987 730 5037 dono
800 4976 1125 5044 adimpletus
1184 4987 1265 5024 es.
1322 4969 1531 5038 Etenim
1595 4982 1717 5023 cum
1767 4969 1917 5037 prius
1960 4969 2138 5023 Verbo

587 5068 801 5129 Domini
837 5066 986 5119 velut
1030 5059 1271 5130 spiritale
1306 5059 1500 5113 cadum
1549 5074 1611 5112 ac
1644 5059 1846 5112 mundo
1885 5060 2137 5127 superius

459 5144 465 5150 l
540 5178 541 5181 ‘
591 5167 834 5217 ﬁrmatus
867 5170 1020 5210 esses
1045 5153 1117 5215 θὴς
1152 5166 1320 5218 eaque
1351 5150 1526 5204 victus
1558 5152 1767 5206 ratione
1783 5166 1902 5220 quae
1923 5159 2137 5204 sanctos

590 5254 778 5304 deceat
806 5255 1082 5314 purgatus,
1114 5252 1271 5308 atque
1302 5241 1459 5293 claris
1497 5242 1678 5292 animo
1710 5242 2140 5310 reprzesentatio-

593 5344 754 5395 nibus
788 5336 982 5391 eximie
1017 5334 1340 5393 illustratus,
1369 5329 1841 5399 diviniorihusque
1869 5342 2048 5386 meme
2077 5333 2140 5386 i1-

594 5427 1006 5486 lustrationibus
1023 5420 1618 5493 supersubstantialiter
1636 5421 1937 5489 deiﬁcatus,
1960 5427 2140 5480 velut-

595 5535 698 5590 que
745 5514 986 5570 sublimis
1022 5513 1239 5580 quidam
1280 5511 1506 5561 thronus
1543 5506 1725 5573 gloriae
1753 5527 1813 5566 ac
1843 5516 2144 5570 sanctitatis

668 5632 711 5662 ⁸³
739 5631 870 5685 Psal.
911 5645 1048 5693 ms,
1091 5629 1138 5680 5,
1218 5625 1260 5654 ³⁵
1294 5620 1430 5674 Psal.
1471 5633 1637 5687 χχχιι,
1678 5624 1731 5678 6,

2245 4429 2519 4498 βασιλείαν
2543 4446 2556 4460 ο
2595 4430 2684 4483 ναὶ
2713 4429 2777 4497 δὴ
2798 4429 2899 4495 ’καὶ
2935 4427 3299 4494 συγκάθεδρον
3327 4425 3442 4493 ἅμα
3479 4422 3709 4486 τούτοις,
3737 4419 3790 4472 ιν

2241 4525 2305 4589 τῇ
2335 4521 2719 4590 παλιγγενεσία
2746 4518 3279 4591 προσληφθήσεσθαι.

2315 4614 2524 4683 Ὥσπερ
2569 4609 2662 4666 οὖν
2699 4611 2793 4665 τοῦ
2833 4629 2892 4664 τε
2933 4611 3138 4672 πάθους
3169 4607 3343 4678 Ἰησοῦ
3395 4605 3487 4658 καὶ
3517 4603 3618 4673 τῆς
3668 4603 3792 4655 άνα-

2248 4705 2486 4766 στάσεως
2515 4705 2609 4756 καὶ
2637 4702 2980 4773 ἀναλήψεως,
3015 4702 3130 4771 ἃμα
3183 4702 3296 4762 τοῖς
3345 4695 3584 4767 πρώτοις
3643 4690 3792 4746 αὑτό·

2246 4811 2385 4864 πτης
2413 4795 2603 4862 ἐγένου
2653 4796 2748 4848 καὶ
2770 4793 3042 4859 κοινωνὸς,
3086 4791 3228 4844 οὕτω
3254 4790 3369 4861 μετ’
3397 4787 3577 4843 αὐτῶν
3601 4785 3790 4855 ὁμοίως

2245 4888 2336 4938 καὶ
2377 4885 2476 4954 τῆς
2524 4886 2834 4956 ζωαρχικῆς
2879 4884 2973 4936 τοῦ
3026 4882 3383 4953 Παρακλήτου
3443 4876 3792 4946 πεπλήρωσαι

2241 4979 2466 5048 δωρεᾶς.
2493 4979 2601 5031 Καὶ
2629 4963 2737 5047 γὰρ
2772 4976 2851 5047 τῷ
2877 4978 3034 5045 Λόγῳ
3074 4975 3279 5042 Κυρίου
3327 4972 3586 5041 πρότερον
3613 4963 3698 5019 οἶα
3733 4963 3791 5031 δὴ

2244 5070 2424 5138 νοερὸς
2458 5071 2548 5119 καὶ
2574 5068 2940 5137 ὑπερκόσμιος
2971 5063 3288 5134 στερεωθεὶς
3327 5061 3570 5132 οὐρανὸς,
3603 5058 3694 5110 καὶ
3735 5053 3790 5105 τὸ

2245 5159 2400 5223 σῶμα
2422 5157 2601 5223 διαίτῃ
2633 5157 2963 5226 ἀγιοπρεπεῖ
3026 5154 3344 5225 καθαρθεὶς,
3372 5153 3465 5206 καὶ
3495 5150 3592 5220 τὴν
3623 5147 3788 5217 ψυχὴν

2244 5249 2507 5314 καθαραῖς
2545 5249 2842 5314 ἐμφάσεσιν
2895 5247 3182 5316 ὑπερφυῶς
3231 5242 3540 5312 φωτισθεὶς,
3569 5239 3664 5292 καὶ
3704 5235 3786 5288 τὸν

2246 5339 2364 5390 νοῦν
2401 5337 2693 5406 θειοτέραις
2716 5341 3007 5408 ὲλλάμψεσι
3055 5338 3390 5408 ὑπερουσίως
3421 5331 3640 5390 θεωθείς
3660 5345 3673 5357 '
3701 5325 3784 5386 καί

2247 5425 2330 5481 οἷά
2360 5445 2478 5479 τινα
2525 5428 2707 5495 θρόνον
2742 5432 2896 5498 δόξης
2935 5430 3239 5498 ὑπερφερῆ,
3274 5426 3366 5480 καὶ
3396 5423 3676 5490 ἁγιότητος
3701 5432 3788 5470 κα·-

2245 5518 2512 5571 τάπαυσιν
2539 5521 2628 5575 τὸν
2659 5523 2806 5582 ἐντὸς
2839 5519 3120 5589 ἄνθρωπον
3145 5512 3628 5575 κατασκευασθεὶς,
3661 5505 3790 5561 οὕτω

3667 277 3770 342 2m
3868 289 3869 292 γ
