3922 6314
564 309 664 369 207

1741 296 2028 355 NICET‘E
2069 295 2592 357 PAPHLAGONIS

3661 291 3760 351 208

567 421 723 471 tidem
755 411 1133 484 permm'ebat?
1161 411 1240 466 Ad
1269 410 1474 466 Arabes
1497 410 1638 462 enim
1670 424 1805 476 quos
1837 408 2103 460 Eudasmo-

2227 408 2414 475 μένους
2446 404 2739 467 ὲδυσώπεις
2778 404 2980 474 Ἀραψι
3012 404 3118 473 γὰρ
3142 404 3254 466 τοῖς
3285 401 3630 471 καλουμένοις
3669 407 3755 456 Εὖ-

565 524 659 561 nas
681 513 872 560 vocant
897 503 970 572 (id
995 511 1079 556 est
1123 502 1328 568 felices)
1349 502 1430 552 vir
1451 499 1796 552 beatissimus
1817 495 2110 565 profectus;

569 612 668 650 nec
691 595 742 648 id
774 594 958 656 modo,
987 579 1174 646 verum
1203 592 1364 644 etiam
1405 589 1549 643 Indis
1577 597 1763 657 postea
1791 596 1846 641 et
1875 588 2114 641 orienta-

560 688 705 739 libus
731 684 1078 750 [Ethiopibus
1119 681 1213 734 Dei
1253 694 1432 733 sermo
1470 679 1761 746 lumenque
1787 677 2027 730 scientiae
2051 691 2116 729 ac

564 776 688 828 vitae
714 784 931 828 aeterna:
971 771 1216 825 doctrina
1246 769 1694 835 informatioque,
1735 766 1962 828 missus,
1998 766 2113 833 ipsa

560 878 902 934 quorumque
933 862 1114 928 lingua
1140 858 1422 927 magniﬁce
1446 857 1722 912 Christum
1749 856 2110 918 annuntiavit,

561 966 887 1020 omnemque
939 950 1198 1003 adversus
1218 939 1496 1000 'homines
1543 945 1820 1015 depellens
1861 945 2110 998 infestam

561 1044 866 1097 da-monum
888 1041 994 1094 vim
1023 1055 1086 1093 ac
1106 1039 1515 1108 grassationem,
1541 1046 1703 1106 atque
1727 1053 1942 1091 omnem
1966 1051 2112 1090 mor-

559 1135 710 1196 bum,
735 1145 1058 1199 omnemque
1080 1131 1392 1198 languorem
1419 1129 1471 1181 in
1491 1128 1617 1183 Jesu
1650 1129 1870 1182 nomine
1890 1113 2107 1190 curans;

557 1239 660 1278 nec
690 1238 890 1292 paucos
919 1228 1163 1274 mortuos
1184 1219 1425 1289 ejusdem
1451 1218 1686 1272 nominis
1708 1218 1968 1287 potentia,
1998 1216 2108 1270 vita

554 1316 763 1368 donans
786 1353 800 1376 ,
846 1313 1165 1365 innumeros
1194 1310 1438 1379 quotidie
1470 1310 1757 1365 credentes
1795 1308 1919 1363 ﬁdei
1956 1307 2108 1361 rudi-

555 1412 732 1458 menta
763 1401 987 1455 eductos
1019 1398 1237 1452 Christo
1261 1398 1589 1468 adjungebat
1612 1416 1623 1450 :
1651 1395 2105 1467 regenerationis-
2132 1464 2135 1466 _

558 1511 663 1563 que
703 1495 916 1546 lavacro
949 1491 1279 1553 emundans,
1329 1505 1392 1543 ac
1429 1489 1622 1543 deifico
1670 1488 1874 1558 Spiritu
1913 1503 2104 1563 eorum

547 1586 835 1652 detergens
855 1582 1038 1646 corda,
1063 1597 1201 1651 quos
1218 1582 1274 1634 in
1304 1582 1411 1634 illis
1434 1581 1708 1650 digniores
1737 1581 2104 1649 majoremque

544 1677 770 1746 gratiam
801 1683 1122 1728 consecutos
1154 1681 1400 1736 noverat,
1438 1673 1492 1725 in
1517 1672 1802 1741 episcopos
1832 1679 1887 1724 et
1921 1686 2103 1724 sacer-

2221 498 2467 566 δαίμοσιν
2491 499 2520 548 6
2550 495 2960 566 μακαριώτατος
3011 493 3419 563 ἐπιδεδημηκώς
3442 512 3456 526 ο
3498 494 3558 547 οὐ
3609 495 3762 564 μόνον

2219 588 2296 650 δὲ,
2327 588 2459 640 ἀλλὰ
2483 588 2710 648 καὶτοῖς
2748 586 2923 646 Ἰνδοῖς
2973 585 3108 652 μετά
3134 583 3324 647 ταῦτα,
3362 585 3455 636 καὶ
3483 586 3588 646 τοῖς
3614 583 3762 652 ἑῴοις

2220 676 2481 743 Αἰθίοψιν,
2533 674 2686 742 λόγος
2727 673 2881 737 Θεοῦ,
2933 675 3026 726 καὶ
3066 673 3178 740 φῶς
3215 673 3467 740 γνώσεως
3499 673 3591 724 καὶ
3619 672 3761 740 ζωῆς

2219 767 2432 820 αἰωνίου
2488 766 2800 820 διδασκαλία
2855 765 2950 818 καὶ
3000 763 3344 826 ύποτύπωοις
3409 763 3756 825 ἀποσταλεὶς,

2217 862 2335 920 ταῖς
2377 859 2554 910 αὐτῶν
2603 857 2900 917 διαλέκτοις
2947 853 3338 924 μεγαλοφώνως
3380 852 3762 920 εὐηγγελίσατο

2215 952 2306 1004 τὸν
2336 950 2585 1019 Χριστόν.
2622 948 2730 1001 Καὶ
2755 949 2934 1000 πᾶσαν
2985 947 3082 1015 μὲν
3129 945 3401 1014 δαιμόνιον
3446 944 3757 997 ἀποδιώκων

2216 1044 2335 1096 κατ’
2361 1041 2660 1108 ἀνθρώπων
2691 1039 2954 1106 ἐπιφοράν
2981 1052 2994 1066 ⁶
3040 1039 3217 1089 πᾶσαν
3254 1037 3309 1099 ἀὲ
3339 1037 3512 1099 νόσον,
3538 1037 3630 1088 καὶ
3664 1039 3762 1088 πᾶ-

2217 1151 2314 1186 σαν
2349 1130 2618 1202 μαλακίαν
2648 1132 2704 1182 έν
2735 1130 2955 1198 ὀνόματι
2976 1127 3290 1195 θεραπεύων
3307 1127 3400 1180 τοῦ
3430 1127 3599 1196 Ἰησοῦ
3627 1144 3641 1158 ·
3673 1127 3762 1178 καὶ

2214 1225 2425 1291 νεκροῖς
2453 1221 2508 1273 δὲ
2543 1223 2641 1274 οὐκ
2669 1221 2868 1288 ὀλίγοις
2899 1222 2966 1288 τῇ
2997 1220 3134 1288 αὐτῇ
3167 1219 3260 1270 τοῦ
3303 1217 3562 1286 ὀνόματος
3605 1219 3760 1270 δυνά-

2217 1329 2305 1381 μει
2347 1311 2708 1382 χαρισάμενος
2762 1307 2859 1377 τὴν
2891 1307 3055 1376 ζωὴν,
3090 1306 3315 1376 μυρίους
3365 1307 3521 1367 ὅσους
3556 1307 3759 1374 ἡμέραν

2212 1402 2332 1454 καθ’
2354 1402 2564 1470 ἡμέραν
2594 1397 2944 1459 πιστεύοντας
2966 1397 3217 1467 κατηχῶν
3247 1395 3486 1464 προσῆγε
3514 1394 3757 1470 χριστῷ.

2211 1491 2303 1554 οὓς
2330 1469 2407 1560 τῷ
2437 1469 2534 1560 τῆς
2567 1489 2979 1556 παλιγγενεσίας
3010 1486 3388 1555 ἀνακαθαίρων
3415 1484 3643 1552 λουτρῷ,
3673 1469 3762 1536 καὶ

2210 1582 2286 1653 τῷ
2315 1581 2591 1650 Πνεύματι
2609 1580 2811 1632 τούτων
2835 1577 2931 1641 τὰς
2963 1577 3188 1648 καρδίας
3213 1576 3545 1645 ἀποσμήχων
3578 1575 3761 1644 θεουρ⁴

2210 1670 2368 1740 γικῷ,
2404 1671 2530 1731 τοὺς
2563 1670 2889 1739 ἀξιωτέρους
2937 1671 2996 1721 ὲν
3045 1668 3226 1728 αὐτοῖς
3284 1667 3378 1718 καὶ
3427 1663 3760 1734 τελειοτέρας

546 1768 733 1829 dotes,
769 1764 916 1822 omni
961 1763 1377 1834 presequendus
1411 1763 1768 1816 admiratione
1821 1777 2100 1816 sacrorum

2211 1762 2424 1832 χάριτος
2450 1759 2804 1830 ἠξιωμένους,
2836 1761 2915 1821 είς
2947 1758 3237 1829 ἀρχιερέας
3266 1774 3326 1810 τε
3355 1757 3450 1810 καὶ
3488 1756 3688 1827 ἱερέας,
3733 1757 3759 1806 6

544 1858 773 1910 antistes
801 1855 1182 1919 consecrabat;
1218 1853 1533 1922 cunctisque
1556 1853 1723 1922 sacris
1743 1853 1939 1906 ritibus
1963 1854 2098 1922 legi—

546 1948 754 2015 busque
776 1959 1170 2016 perornans,ac
1188 1920 1862 2014 Scripturarum'doetrina
1891 1929 2097 2014 mysteL

547 2038 863 2104 riorumque
918 2033 1247 2098 traditione,
1300 2041 1561 2100 quantum
1613 2031 1932 2099 capiebant,
1993 2031 2102 2085 illis

546 2125 841 2193 proposita,
865 2123 1239 2177 immaculatas
1263 2120 1479 2175 Christo
1503 2120 1769 2174 Ecclesias
1792 2135 1889 2189 per
1903 2120 2101 2188 oppida

544 2225 599 2267 et
627 2216 874 2269 civitates
903 2213 1094 2268 obiens
1120 2212 1464 2279 lustransque
1491 2209 1783 2266 excitabat.

615 2387 958 2457 Ejuseemodi
1003 2387 1382 2441 Bartholomzei
1435 2388 1697 2456 prteclare
1745 2395 1923 2457 gesta;
1981 2388 2103 2444 talis

560 2476 737 2546 magni
781 2477 1038 2531 Ecclesia
1081 2477 1346 2546 praeconis
1384 2477 1737 2546 prastantia:
1775 2477 1937 2547 inque
1975 2493 2101 2532 eum

548 2569 770 2622 modum
820 2583 992 2630 annos
1041 2569 1196 2637 longe
1258 2569 1439 2636 plures
1491 2567 1634 2637 apud
1684 2567 2102 2622 immanissimas

547 2669 794 2714 versatus
816 2672 1022 2729 gentes,
1056 2659 1257 2713 nedum
1284 2659 1419 2713 nihil
1449 2658 1565 2728 ipse
1595 2659 1808 2716 illarum
1832 2660 2104 2714 contraxit

547 2751 780 2806 feritatis
800 2792 812 2814 ,
858 2750 952 2804 sed
982 2766 1079 2802 sua
1107 2750 1226 2802 illas
1263 2750 1601 2803 humanitate
1631 2749 1958 2818 impartivit;
2000 2765 2103 2805 nec

546 2843 770 2896 omnino
799 2841 1102 2910 ignorantia
1125 2849 1218 2895 aut
1242 2841 1500 2908 nequitia:
1523 2841 1744 2894 illorum
1769 2841 1852 2895 vel
1878 2841 2102 2895 minima

545 2931 667 2983 labe
696 2945 846 2983 suam
875 2930 988 2998 ipse
1014 2930 1178 2982 vitam
1200 2945 1262 2982 ae
1292 2929 1636 2998 disciplinam
1663 2929 2102 3000 aspersit;quin-

548 3021 655 3073 imo
699 3019 1020 3074 excellentia
1081 3019 1684 3088 bonitatisdivinaaque
1733 3019 2053 3074 imitationis
2083 3059 2098 3085 ,

549 3112 766 3165 illorum
797 3111 1091 3180 impietatis
1120 3126 1182 3164 ac
1214 3111 1547 3164 morositatis
1576 3120 1781 3180 partem
1810 3111 2100 3180 plurimam

554 3198 838 3266 dissolvit;
865 3203 1012 3256 velut
1037 3202 1114 3254 sol
1138 3201 1400 3256 emissise
1425 3201 1563 3255 caelo
1591 3202 1644 3254 in
1671 3215 1886 3256 caenum
1915 3201 2100 3267 radiis,

479 3339 486 3343 _
547 3309 612 3346 ac
639 3294 733 3361 qui
760 3308 866 3346 non
901 3293 1015 3360 ipse
1045 3291 1344 3355 sordescat,
1390 3291 1485 3346 sed
1518 3292 1688 3360 magis
1733 3292 1960 3344 fetorem
1988 3291 2102 3345 dis~

547 3385 743 3446 solvat,
773 3374 1094 3450 aboleatque
1120 3396 1181 3434 ac
1210 3381 1435 3434 minuat.

616 3585 752 3650 Quia
795 3598 923 3637 vero
966 3597 1127 3636 cursu
1178 3583 1432 3651 praeclare
1481 3597 1855 3638 consummato
1893 3601 1956 3639 ac
1999 3585 2104 3640 fide

552 3685 764 3732 servata
788 3677 854 3737 ⁸⁷,
879 3676 1227 3742 (ιυαῐιιοεζιιεο
1243 3687 1501 3727 numerus
1517 3675 1713 3742 capiat,
1731 3673 1795 3727 ad
1814 3676 2102 3730 Dominum

547 3774 910 3826 converterat,
944 3764 1236 3832 multisque
1277 3765 1470 3818 salutis
1512 3765 1598 3818 via
1630 3765 1945 3830 exstiterat;
1993 3769 2100 3837 jam

550 3871 767 3926 quoque
800 3857 961 3908 finem
991 3855 1150 3923 digne
1191 3855 1470 3907 laboribus
1513 3847 1931 3924 respondentem
1973 3872 2106 3910 nan-

549 3950 675 4002 cisci
709 3947 991 4015 cupiebat;
1035 3945 1217 4014 pingui
1258 3946 1511 3998 nimirum
1548 3956 1826 4001 senectute
1879 3963 2102 4015 corpore

558 4040 814 4093 fatiscens
834 4037 925 4101 "‘,
944 4046 1105 4103 atque
1121 4035 1186 4088 ad
1209 4033 1486 4089 Christum
1504 4037 1787 4105 emigrare,
1802 4037 2005 4105 Deique
2021 4055 2104 4091 re-

550 4128 674 4196 quie
703 4127 806 4179 frui
834 4125 1123 4179 insatiabili
1143 4125 1417 4179 desiderio
1448 4126 1722 4180 sitiens”.
1758 4126 1942 4195 Neque
1977 4141 2103 4180 vero

551 4216 807 4272 Dominus
843 4216 974 4285 justi
1027 4216 1358 4269 desiderium
1408 4215 1549 4268 istud
1593 4218 1956 4284 contempsit:
2006 4231 2103 4271 nec

547 4306 824 4360 exaudivit
848 4307 1086 4375 quidem,
1119 4307 1299 4359 minus
1327 4315 1504 4358 tamen
1529 4321 1687 4374 quam
1716 4322 1814 4373 pro
1855 4319 2100 4360 votorum

2206 1853 2651 1922 θαυμασιώτατος
2684 1851 3048 1921 ίεροτελεστὴς
3101 1848 3467 1916 ὲτελετούργει
3491 1865 3506 1878 ·
3538 1849 3634 1901 καὶ
3664 1847 3761 1900 πάι

2205 1962 2326 2007 σαις
2359 1943 2734 2013 θεσμοθεσίαις
2771 1924 3130 2010 κατακοσμῶν
3181 1942 3372 2010 ἱεραῐς,
3405 1940 3498 1992 καὶ
3527 1938 3640 1990 τῶν
3673 1938 3758 1990 λο-

2203 2037 2335 2102 γίων
2364 2034 2460 2104 τὴν
2490 2033 2685 2102 μύησιν
2712 2032 2803 2085 καὶ
2830 2032 2936 2086 τῶν
2972 2031 3286 2101 μυστηρίων
3311 2031 3410 2100 τὴν
3445 2029 3759 2099 παράδοσιν,

2203 2125 2384 2189 καθὼς
2408 2126 2667 2196 ἐχώρουν,
2701 2123 3133 2194 παρατιθέμενος
3183 2121 3385 2186 αὐτοῖς,
3435 2120 3757 2190 Ἐκκλησίας

2202 2217 2463 2285 ἀμώμους
2490 2216 2627 2270 κατά
2657 2214 2836 2285 χώρας
2861 2215 2955 2268 καὶ
2981 2213 3162 2277 πόλεις
3204 2213 3540 2282 διερχόμενος
3571 2211 3758 2279 ἀνίστη

2204 2303 2442 2373 Χριστῷ.

2273 2394 2507 2446 Τοιαῦτα
2572 2393 2666 2446 τοῦ
2736 2391 3137 2461 Βαρθολομαίου
3191 2391 3261 2444 τά
3321 2389 3754 2459 κατορθώματαο

2202 2482 2421 2536 τοιαῦτα
2465 2481 2556 2534 τοῦ
2613 2482 2847 2552 μεγάλου
2889 2482 3017 2550 τῆς·
3045 2479 3370 2548 Ἐκκλησίας
3399 2481 3642 2549 κήρυκος
3691 2479 3754 2532 τά

2204 2576 2648 2645 προτερήματαο,
2676 2577 2770 2627 καὶ
2820 2572 2991 2634 οὕτως
3032 2574 3089 2624 έν
3139 2571 3352 2642 χρόνοις
3401 2571 3615 2624 πλείοσι
3655 2573 3760 2631 τοῖς

2202 2665 2591 2734 ἀπηνεστάτοις
2636 2664 3014 2732 ὲπιχωριάξων
3048 2662 3297 2723 ἔθνεσιν,
3348 2660 3448 2714 οὐκ
3497 2660 3660 2723 αὐτός
3708 2677 3756 2712 τι

2205 2759 2432 2826 μετέσχε
2483 2757 2580 2824 τῆς
2632 2755 2811 2808 αὐτῶν
2861 2753 3176 2824 θηριωδίας,
3232 2751 3369 2805 ἀλλά
3410 2751 3511 2820 τῆς
3551 2751 3756 2813 οίκείας

2206 2847 2469 2915 μετέδωκε
2533 2845 2973 2914 φιλανθρωπίας·
3031 2843 3150 2896 οὐδὲ
3196 2843 3294 2911 τῆς
3341 2842 3562 2909 ἀγνοίας
3629 2842 3758 2903 ὅλως

2201 2939 2235 3007 ἢ
2262 2939 2360 3002 τῆς
2388 2935 2581 2997 κακίας
2597 2935 2817 2988 ἐκείνων
2845 2934 2949 2987 κᾶν
2978 2933 3069 2986 τὸν
3113 2931 3450 3002 βραχύτατον
3473 2931 3663 2984 σπίλον
3695 2933 3758 3000 τῇ

2205 3027 2321 3080 κατ’
2347 3028 2508 3079 αὐτὸν
2535 3025 2778 3094 πολιτείᾳ
2807 3023 3204 3095 προσετρίψατο
3223 3039 3238 3054 ·
3280 3023 3477 3094 μᾶλλον
3513 3024 3614 3092 μὲν
3642 3021 3753 3082 οὖν,

2205 3117 2472 3187 ὑπερϐολῇ
2500 3106 2865 3186 χρηστότητος
2885 3115 3372 3184 καὶζθεομιμήσίας
3399 3114 3460 3167 τὸ
3511 3113 3755 3166 πλεῖστον

2203 3209 2298 3278 τῆς
2324 3208 2575 3268 ἀσεϐείας
2601 3207 2820 3259 ἐκείνων
2849 3206 2944 3260 καὶ
2963 3205 3279 3274 σκαιότητος
3307 3205 3565 3266 διέλυσεν,
3579 3203 3758 3271 ὥσπερ

2201 3299 2350 3366 ήλιος
2404 3298 2542 3350 κατὰ
2578 3297 2838 3365 βορϐόρου
2875 3297 2975 3358 τὰς
3013 3297 3233 3366 ἀκτῖνας
3259 3294 3462 3347 ἀνωθεν
3502 3294 3638 3356 ἱείς·
3671 3294 3758 3345 καὶ

2202 3390 2304 3440 οὑκ
2347 3388 2506 3450 αὐτὸς
2552 3387 2960 3458 ρυπαινόμενος,
3021 3387 3270 3453 έκτήκων
3322 3385 3378 3437 δὲ
3436 3384 3634 3454 μᾶλλον
3664 3382 3755 3453 τὴν

2203 3480 2484 3544 δυσωδίαν,
2539 3479 2633 3532 καὶ
2658 3478 2932 3546 ἀφανίζων
2966 3476 3059 3529 καὶ
3090 3477 3278 3547 μειῶν.

2285 3590 2435 3641 Ἐπεὶ
2467 3588 2522 3640 δὲ
2545 3589 2635 3640 τὸν
2667 3588 2863 3658 δρόμον
2888 3588 3084 3657 ἄριστα
3104 3586 3399 3651 τετελεκὼς
3431 3588 3523 3640 καὶ
3549 3587 3646 3658 τήν
3674 3586 3758 3640 πί-

2205 3699 2319 3734 στιν
2347 3680 2681 3750 τετηρηκὼς,
2715 3679 3120 3750 ἀναριθμήτους
3163 3679 3259 3747 μὲν
3305 3679 3632 3750 ἐπέστρεψεν
3671 3678 3756 3730 ἐπὶ

2203 3768 2290 3818 τὸν
2351 3767 2584 3837 Κύριον,
2625 3766 2835 3828 πολλοῖς
2887 3767 2943 3818 δὲ
3008 3767 3278 3835 σωτηρίας
3337 3769 3554 3834 γέγονεν
3607 3767 3753 3831 όδδς,

2205 3857 2466 3925 ἐπεθύμει
2496 3858 2704 3923 λοιπὸν
2734 3857 2825 3910 καὶ
2855 3856 2915 3908 τὸ
2959 3857 3109 3920 τέλος
3159 3859 3307 3923 ἀξιον
3353 3857 3752 3927 ἀπενέγκασθαι

2203 3948 2308 3999 τῶν
2342 3949 2540 4010 πόνων,
2589 3948 2689 4016 ἤδη
2738 3949 2894 4016 γήρει
2937 3947 3078 3999 πίονι
3108 3947 3168 3999 τὸ
3203 3947 3359 4012 σῶμα
3409 3947 3752 4016 πεπονηκὼς,

2203 4039 2295 4091 καὶ
2332 4039 2428 4107 τῆς
2465 4038 2600 4107 πρὸς
2629 4039 2718 4090 τὸν
2766 4038 2998 4108 Χριστὸν
3025 4037 3353 4102 ἀναλύσεως,
3388 4039 3480 4091 καὶ
3531 4039 3629 4108 τῆς
3663 4038 3750 4090 τοῦ

2203 4126 2335 4178 Θεοῦ
2373 4107 2793 4186 καταπαύσεως,-
2824 4126 3159 4196 ἁπληρώτως
3182 4128 3483 4196 ἐφιέμενος.
3517 4107 3626 4181 και
3661 4127 3754 4179 οὐκ

2202 4218 2468 4286 ἠμέλησεν
2500 4220 2527 4269 6
2573 4218 2774 4287 Κύριος
2808 4219 2902 4287 τῆς
2932 4219 3223 4287 ἐπιθυμίας
3249 4217 3341 4270 τοῦ
3378 4218 3618 4271 δικαίουο
3649 4214 3750 4270 οὐδ’

2205 4309 2487 4375 εἰσήκουσε
2547 4309 2664 4376 μὲν,
2702 4309 2916 4360 ἔλαττον
2944 4310 2997 4361 δὲ
3042 4310 3073 4379 ἢ
3112 4310 3250 4362 κατά
3280 4311 3377 4378 τὴν
3417 4309 3578 4363 αὑτοῦ
3617 4327 3751 4375 παρ-

548 4403 693 4456 illius
737 4403 946 4455 ratione
1001 4401 1235 4454 tribuit:
1274 4402 1367 4454 sed
1421 4402 1558 4454 sicut.
1616 4401 1669 4454 in
1725 4402 1977 4455 omnibus
2032 4417 2097 4454 ex

2211 4399 2392 4466 έσχετο
2436 4402 2738 4469 προσευχήν
2762 4417 2774 4430 ο
2807 4401 2994 4470 ὥσπερ
3023 4401 3080 4452 δὲ
3118 4400 3188 4451 τὰ
3218 4402 3393 4452 πάντα
3412 4401 3751 4471 Χριστοειδὴς

545 4493 746 4546 Christi
782 4493 1115 4559 compositus
1162 4491 1463 4544 rationibus
1488 4490 1572 4541 vir
1608 4492 1716 4543 Deo
1756 4492 2100 4544 beatissimus

547 4601 668 4635 eum
711 4593 872 4643 esset,
923 4583 999 4634 sic
1048 4582 1245 4635 Christi
1291 4567 1596 4649 pietate-ac
1649 4582 1888 4635 moribus
1933 4583 2096 4633 vitam

548 4674 878 4732 instituerat,
913 4683 967 4724 ut
996 4671 1247 4724 Christus
1280 4671 1416 4722 alter
1449 4680 1592 4722 recte
1623 4671 2008 4722 contuentibus
2042 4679 2098 4723 et

545 4775 763 4818 essetet
788 4765 1075 4828 disciplina
1100 4763 1244 4814 omni
1277 4764 1574 4829 prtel'erret,
1596 4763 1665 4814 ita
1696 4762 1852 4814 finem
1880 4776 2097 4829 quoque

544 4856 808 4925 ejusmodi
842 4854 1098 4921 subsequi
1135 4869 1353 4905 necesse
1383 4861 1526 4914 erat,
1557 4855 1646 4920 qui
1682 4854 1776 4906 toti
1812 4854 1931 4906 vite
1968 4868 2098 4905 con-

549 4956 789 5014 grueret.

618 5038 871 5100 Quantam
893 5049 1019 5087 vero
1035 5033 1514 5087 consummationis
1536 5048 1719 5096 causa,
1739 5047 1802 5085 ac
1820 5033 2101 5085 videamus

548 5144 708 5196 quam
744 5127 832 5178 illa
864 5125 1112 5191 religiosa
1141 5139 1312 5191 exque
1356 5123 1656 5178 Christiana
1712 5124 1931 5192 pietate.
1964 5123 2100 5176 Con-

550 5220 664 5287 tigit
715 5232 924 5270 sacrum
965 5214 1320 5281 'l‘lheologum,
1357 5215 1407 5267 in
1437 5217 1666 5283 quadam
1712 5214 1844 5265 urbe
1881 5214 2099 5282 majoris

548 5311 814 5363 Armenia:
858 5306 1259 5373 (UrbaIIOpolim
1292 5311 1505 5370 vocant)
1538 5305 1761 5355 versari.
1797 5306 1853 5356 ln
1885 5317 1946 5355 ea
1988 5322 2098 5358 ina-

549 5396 758 5460 gniticis
787 5395 1088 5462 divinisque
1126 5410 1188 5447 ex
1231 5411 1379 5448 more
1418 5392 1896 5460 praedicationibus
1927 5395 2095 5448 Deum

549 5487 862 5549 celebrans;
891 5485 1122 5553 deosque
1149 5501 1335 5538 omnes
1364 5501 1423 5534 ac
1461 5497 1646 5534 omnes
1690 5484 1961 5539 dmmones
2005 5489 2098 5540 de-

614 5657 654 5682 “
689 5655 728 5706 ll
759 5655 966 5720 Timn',
995 5659 1041 5709 7.
1104 5663 1168 5690 ⁸³⁷·
1205 5659 1341 5713 l‘sal.
1389 5671 1536 5719 uxv,
1573 5659 1657 5720 1:3",
1695 5658 1828 5712 Gen.
1871 5678 1956 5727 xv,
1989 5662 2070 5714 15.

2203 4491 2230 4539 6
2263 4492 2814 4560 θεομακαριστότατος
2848 4493 2983 4562 ἀνὴρ
3017 4493 3111 4554 ὢν,
3143 4492 3566 4560 Χριστοπρεπῶς
3591 4491 3752 4552 οὕτως

2205 4579 2445 4632 ἐϐίωσεν.
2479 4581 2552 4641 ώς
2581 4581 2737 4633 ἄλλον
2772 4585 2974 4634 ἐκεῖνον
3005 4585 3117 4644 τοῖς
3146 4583 3320 4651 ὀρθῶς
3371 4582 3537 4651 ὁρῶσι
3565 4581 3659 4634 καὶ
3680 4577 3750 4632 εἷο

2205 4691 2290 4726 ναι
2322 4673 2414 4724 καὶ
2445 4674 2842 4748 πολιτεύεσθαι,
2879 4675 3049 4735 οὕτως
3079 4673 3184 4727 ἔδει
3206 4650 3298 4727 καὶ
3321 4675 3471 4737 τέλος
3499 4673 3750 4740 ἀνάλογον

2202 4767 2307 4834 ὅλῳ
2342 4766 2419 4836 τῷ
2447 4765 2544 4835 βίῳ
2573 4766 3068 4836 παρακολουθῆσαι.

2270 5039 2365 5100 Τίς
2394 5039 2487 5091 οὖν
2536 5041 2566 5106 ὴ
2616 5038 2939 5100 τελειώσεως
2978 5039 3230 5108 ἀφορμήο
3292 5039 3384 5091 καὶ
3421 5038 3647 5108 εἰδῶμεν
3679 5037 3748 5100 ὡς

2203 5129 2622 5198 Χριστοπρεπής
2644 5145 2657 5157 ο
2692 5129 2838 5180 πόλει
2870 5130 2974 5198 γάρ
3001 5146 3105 5179 τινι
3145 5129 3242 5197 τῆς
3275 5129 3514 5197 μεγάλης
3557 5129 3745 5196 ’Δρμε-

2204 5222 2318 5281 νίας
2349 5222 2376 5270 6
2399 5218 2537 5285 ίερὺς
2567 5219 2805 5270 ἐπετέλει
2837 5219 3092 5283 Θεολόγος
3122 5218 3386 5287 ἐνδημῶν.
3417 5219 3746 5287 Οὐρϐανόπο-

2203 5312 2281 5362 λιν
2305 5309 2358 5360 δὲ
2391 5307 2587 5374 ταύτην
2617 5305 2786 5360 εἶναι’
2819 5311 2873 5360 ἐν
2979 5309 3365 5376 μεγαληγόρως
3395 5309 3427 5376 ἢ
3459 5307 3744 5378 θεηγὸρως,

2200 5402 2272 5460 ὡς
2308 5398 2423 5458 ἔθος
2451 5398 2616 5466 αὐτῷ,
2652 5399 2912 5464 θεολογῶν
2958 5399 3046 5447 τὸν
3089 5399 3222 5450 Θεόν
3245 5414 3258 5426 ·
3293 5398 3386 5450 καὶ
3419 5397 3619 5457 πάντας
3656 5395 3744 5461 μὲν

2201 5487 2376 5547 θεοὺς,
2429 5487 2627 5549 πάντας
2678 5489 2731 5540 δὲ
2780 5485 3035 5552 δαίμονας
3091 5486 3415 5551 ὲξουδενῶν,
3485 5485 3638 5552 μόνον
3691 5481 3742 5532 δὲ

2158 5658 2199 5688 9“
2230 5657 2365 5710 Phil.
2396 5675 2428 5721 ι,
2461 5659 2549 5711 ‘25.
