3922 6314
586 395 684 460 2H

1752 407 2039 470 NlCET/E
2080 406 2596 468 PAPIILAGONIS

3622 473 3624 477 _
3680 401 3798 464 212

584 510 710 557 etus
734 511 897 572 atque
922 514 1250 573 compactus,
1274 507 1352 561 sic
1379 521 1410 561 e
1439 523 1665 576 corpore
1696 511 1933 578 perfecte
1960 513 2120 566 evolai

2237 510 2584 580 συνδεόμενος
2618 509 2706 560 καὶ
2745 505 3143 575 συναρμολογού
3153 524 3331 576 μενος,
3355 505 3430 576 τῷ
3452 505 3638 560 τοῦτον
3658 511 3797 562 ἁνα-

577 602 635 646 ct
673 593 737 646 ad
780 594 948 648 Deum
1000 610 1122 648 cum
1167 597 1408 651 claritate
1453 600 1766 669 commigrat
1813 619 1825 655 :
1870 613 2032 671 atque
2077 616 2120 656 ui

2234 600 2624 668 λαμϐανομένῳ
2653 597 2784 666 πρὸς
2811 597 2902 648 τὸν
2953 597 3178 666 οὐρανὸν
3221 598 3328 649 ἀπὸ
3355 598 3476 664 γῆς,
3508 597 3648 649 οὕτω
3694 615 3794 650 τε·

579 697 708 737 verc
743 685 889 740 iilius
921 686 986 740 ad
1024 687 1237 742 Patrem
1281 691 1417 744 cmlo
1459 691 1742 745 celsiorem
1783 693 2120 748 inenarrabili

2232 692 2365 753 λέως
2395 691 2690 758 ἁφίπταται
2725 686 2822 756 μὲν
2845 685 2938 739 τοῦ
2987 687 3257 755 σώματος,
3289 688 3513 755 ἑνδημεῖ
3555 688 3609 739 δὲ
3648 689 3798 758 μετὰ

576 776 938 831 exsultatione
958 778 1246 844 deductus,
1272 781 2131 852 haereditatemlincontaminatam

574 873 738 934 atque
792 867 1117 937 longaevam,
1159 871 1659 942 divinissimamque
1699 875 2129 944 iucunditatem,

570 963 736 1023 atque
778 971 1092 1025 supremum
1135 974 1197 1012 ac
1234 961 1469 1027 primum
1512 978 1634 1016 cum
1670 963 1833 1017 Petro
1868 972 1923 1018 et
1964 964 2131 1018 Paulo

570 1045 714 1112 apud
765 1061 1036 1102 summum
1088 1051 1334 1105 omnium
1380 1053 1581 1122 Regem
1629 1053 1892 1107 honorem
1938 1069 2131 1108 conse-

570 1135 782 1203 quitur.

640 1333 848 1390 ldcirco
885 1338 1061 1392 saluto
1096 1347 1169 1402 te,
1195 1339 1572 1395 charissimam
1607 1342 1718 1395 Deo
1751 1357 1814 1394 ac
1845 1341 2126 1395 sanctissx-

568 1436 718 1476 mum
761 1435 944 1494 caput.
981 1427 1170 1492 Salve,
1203 1429 1341 1498 lapis
1375 1430 1677 1498 pretiosus,
1710 1446 1849 1484 unus
1883 1446 1947 1484 ex
1988 1430 2126 1483 duo-

567 1512 779 1578 decim,
809 1517 1038 1570 'summo
1084 1520 1326 1588 angulari
1377 1519 1571 1589 dignus
1617 1519 1827 1588 lapide;
1875 1521 2117 1588 pretioso

564 1603 765 1673 dignus
809 1608 1129 1676 margarito,
1160 1609 1308 1664 velut
1347 1609 1420 1662 illi
1465 1610 1773 1664 immediate
1814 1610 2121 1674 colmrens,

562 1693 726 1762 eique
763 1705 978 1764 aptatus
1014 1705 1176 1766 atque
1211 1708 1531 1764 contextus,
1561 1708 1616 1754 et
1649 1689 2039 1763 coaedificatus,
2070 1699 2125 1753 in

564 1783 935 1839 habitaculum
962 1787 1056 1841 Dei
1089 1788 1144 1841 in
1175 1788 1402 1858 Spiritu.

632 1979 810 2048 Salve,
829 1986 983 2039 stella
1009 1985 1342 2042 lucidissima
1371 2004 1436 2043 ac
1465 1990 1798 2059 spectabilis,
1819 1987 2124 2058 pulcherri-

563 2088 760 2143 maque
794 2091 858 2130 ac
889 2077 997 2132 late
1028 2080 1348 2147 conspicua,
1377 2081 1469 2147 qui
1515 2081 1766 2134 undecim
1805 2088 2119 2142 consertus.

571 2154 852 2236 instarque
871 2169 1040 2224 stellae
1060 2173 1126 2234 ",
1166 2171 1334 2239 plexae
1371 2171 1447 2225 illi
1481 2187 1696 2226 corona:
1717 2173 1898 2241 gloriae
1916 2171 2122 2227 inditus

573 2270 637 2310 ac
669 2259 948 2326 appositus
979 2275 1068 2325 es,
1093 2276 1256 2328 quam
1290 2261 1526 2316 caelestis
1558 2277 1818 2331 sponsus,
1842 2270 1903 2315 ut
1936 2277 2120 2316 sacra-

570 2345 839 2401 tissimum
875 2348 1038 2404 habet
1069 2352 1376 2421 eloquium,
1406 2352 1608 2422 aptavit
1638 2353 1801 2421 capiti
1833 2368 2065 2421 sponsae.

2230 782 2383 851 δόξης
2421 781 2553 851 πρὸς
2608 779 2699 831 τὸν
2747 777 2911 830 Θεόν·
2947 779 3039 831 καί
3082 777 3154 839 ὡς
3208 778 3422 848 ἀληθῶς
3471 779 3661 832 τέκνον
3710 781 3800 849 τῷ

2232 870 2604 942 ὑπερουρανίῳ
2623 869 2794 936 Πατρὶ
2810 866 3160 937 ἀνεκλαλήτῳ
3191 869 3606 937 προσεληλυθὼς
3625 871 3797 937 ἀγαλο

2229 962 2470 1030 λιὰματι,
2510 959 2608 1026 τῆς
2660 958 2922 1030 ἀμιᾴντου
2973 958 3333 1027 κληρονομίας
3371 959 3462 1011 καὶ
3507 959 3796 1028 μακραίω-

2227 1067 2314 1111 νος
2335 1091 2348 1110 ,
2382 1048 2480 1114 τῆς
2535 1045 2946 1114 θεοτελεστάτης
2971 1045 3350 1116 τερπνότητος,
3379 1047 3472 1099 καὶ
3512 1046 3611 1113 τῆς
3641 1049 3792 1099 ἀνωο

2147 1158 2157 1167 '
2226 1142 2369 1193 τάτω
2397 1141 2488 1192 καὶ
2521 1138 2741 1206 πρώτης
2765 1136 2901 1206 μετὰ
2934 1137 3137 1205 Πέτρου
3176 1138 3268 1190 καὶ
3296 1137 3504 1190 Παύλου
3533 1138 3684 1206 παρὰ
3709 1137 3796 1205 τῷ

2227 1227 2565 1295 Παμῦασιλεῖ
2603 1224 2951 1288 καταξιοῦται
2977 1226 3161 1293 τιμῆς.

2295 1341 2690 1412 Προσαγορεύω
2747 1356 2804 1391 σε
2851 1337 3155 1408 τοιγαροῦν,
3184 1337 3283 1408 τὴν
3323 1337 3662 1408 τιμιωτάτην
3710 1337 3796 1405 τῷ

2224 1429 2340 1498 Θεῷ
2386 1429 2478 1482 καὶ
2516 1427 2930 1494 παναγεστάτην
2976 1427 3238 1496 κεφαλήν.
3282 1427 3473 1495 Χαῖρε,
3505 1429 3534 1479 6
3578 1425 3728 1488 λίθος
3761 1426 3797 1478 6

2223 1521 2420 1591 τίμιος,
2459 1522 2487 1574 6
2508 1518 2588 1582 είς
2612 1520 2719 1573 τῶν
2747 1520 2971 1584 δώδεκα,
3011 1521 3040 1572 ό
3063 1519 3210 1582 ἄξιος
3237 1517 3331 1570 τοῦ
3357 1517 3791 1587 ἀκρογωνιαίου,

2223 1612 2368 1676 ἄξιος
2395 1610 2488 1664 τοῦ
2546 1611 2837 1679 πολυτίμου
2887 1607 3255 1679 μαργαρίτου,
3309 1607 3385 1670 ὡς
3435 1608 3583 1676 αὖτῷ
3616 1623 3797 1678 προσ·

2223 1701 2361 1770 εχῶς
2386 1701 2626 1768 ὴγγικὼς
2664 1701 2757 1752 καὶ
2785 1696 3102 1768 συναραρὼς
3133 1698 3226 1750 καὶ
3256 1697 3666 1766 συνυφασμένος
3692 1695 3795 1750 καὶ

2225 1789 2754 1858 συνῳκοδομημένας,
2808 1789 2889 1852 είς
2925 1787 3341 1857 κατοικητήριον
3389 1786 3483 1839 τοῦ
3533 1787 3672 1839 Θεοῦ
3724 1788 3792 1839 ἐν

2152 1851 2196 1907 Β
2225 1851 2521 1949 Πνειῧματι.

2290 1994 2481 2062 Χαῖρε,
2514 1990 2687 2060 ἀστὴρ
2718 1989 3162 2059 φωτοφανέστατε
3197 1988 3290 2040 καὶ
3317 1987 3596 2057 περίοπτε,
3633 2003 3790 2058 περι-

2221 2083 2544 2136 καλλέστατε
2585 2082 2680 2134 κα.)⁸
2729 2079 3088 2149 περίὸλεπτε·
3122 2080 3150 2130 6
3178 2080 3290 2139 τοῖς
3339 2075 3530 2128 ἕνδεκα
3575 2091 3788 2144 συνηρ-

2221 2175 2508 2247 μοσμένος,
2553 2174 2649 2228 καὶ
2680 2175 2759 2234 είς
2797 2173 2891 2224 τὸν
2919 2171 3178 2238 στέφανον
3230 2169 3322 2222 τὸν
3372 2167 3646 2220 πλακέντα
3682 2166 3790 2233 τῆς

2217 2267 2374 2337 δόξης
2415 2261 3038 2334 συγκαταστεριζόμενος
3064 2261 3159 2314 καὶ
3185 2258 3627 2328 συνταττόμενος,
3662 2256 3724 2308 ὃν
3754 2255 3788 2306 6

2217 2358 2463 2428 οὐράνιος
2487 2354 2740 2425 νυμφίος.
2784 2353 2925 2405 κατὰ
2952 2352 3014 2403 τὸ
3048 2348 3453 2419 μυστικώτατον
3480 2345 3683 2421 λόγιον,
3714 2349 3790 2416 τῇ

2114 2507 2128 2524 ⁸
2217 2445 2317 2513 τῆς
2346 2441 2559 2513 νύμφης
2585 2441 2864 2511 ἐφήρμοσε
2892 2437 3120 2506 κεφαλῇ.

628 2542 827 2609 Salve,
876 2546 1202 2616 Angelorum
1255 2550 1606 2618 iucunditas,
1655 2551 2117 2622 Archangelorum

560 2648 720 2699 cura,
752 2636 1154 2706 Principatuum
1183 2639 1366 2693 odoris
1415 2639 1738 2710 fragrantia;
1785 2657 1848 2696 ac
1897 2643 2116 2710 quidem

562 2726 903 2804 PotestatUm
951 2730 1239 2798 splendor,
1277 2731 1720 2785 Dominationum
1763 2748 1896 2786 vero
1945 2750 2118 2802 augu-

560 2824 704 2870 stum
755 2819 923 2873 decus
976 2837 991 2872 :
1040 2821 1132 2889 qui
1178 2821 1414 2874 Thronis
1459 2821 1776 2885 consideas;
1821 2821 2116 2876 Cherubim

560 2903 794 2970 sodalis,
821 2922 884 2959 ac
914 2906 1198 2976 Seraphim
1230 2907 1637 2962 contubernalis
1662 2910 1909 2963 exsistas.

631 3013 815 3082 Salve,
831 3017 1198 3085 apostolorum
1224 3018 1417 3087 gloria,
1442 3027 1741 3089 martyrum
1770 3018 2114 3082 illuminatio,

565 3115 986 3176 sanctorumque
1025 3109 1266 3161 munium
1302 3107 1657 3163 sanctiﬁcatio
1691 3116 1746 3163 et
1772 3109 2114 3178 jucunditas;

2292 2557 2483 2623 Χαῖρε,
2523 2551 2628 2605 τῶν
2669 2549 2936 2618 Ἀγγέλων
2971 2549 3005 2616 ἡ
3047 2546 3301 2617 Θυμηδία,
3328 2543 3438 2598 τῶν
3473 2543 3789 2613 ’Δρχαγγὲ-

2216 2647 2323 2699 λων
2372 2648 2403 2713 ἡ
2459 2643 2740 2712 θεραπεία,
2791 2640 2898 2692 τῶν
2937 2638 3143 2707 Ἀρχῶν
3190 2636 3482 2706 ἡεύωδία·
3529 2633 3624 2687 καὶ
3673 2633 3788 2684 τῶν

2228 2734 2514 2802 Ἐξουσιῶν
2541 2733 2640 2801 μὲν
2671 2733 2704 2800 ἠ
2729 2729 3047 2798 λαμπρότης
3074 2768 3088 2792 ,
3115 2728 3221 2779 τῶν
3263 2725 3613 2796 Κυριοτήτων
3656 2723 3712 2777 δὲ
3749 2725 3787 2791 ἡ

2217 2824 2540 2894 κοσμιότης·
2586 2825 2612 2875 6
2639 2823 2746 2874 τῶν
2775 2821 2990 2890 Θρόνων
3023 2819 3306 2887 σύνθρονος
3329 2857 3344 2881 ,
3390 2818 3487 2868 καὶ
3534 2813 3643 2868 τῶν
3674 2815 3789 2866 Χε-

2222 2915 2446 2985 ρουϐεὶμ
2484 2911 2788 2980 συνόμιλος,
2812 2910 2904 2962 καὶ
2925 2909 3227 2978 ὁμοδίαιτος
3255 2908 3361 2959 τῶν
3392 2904 3696 2975 Σεραφείμ.

2288 3026 2478 3094 Χαῖρε,
2497 3021 2956 3102 τῶνἈποστόλων
2986 3023 3012 3073 6
3045 3018 3455 3088 καλλωπισμός·
3485 3016 3593 3068 τῶν
3623 3016 3780 3084 Μαρ-

2217 3115 2395 3183 τύρων
2424 3117 2451 3167 ό
2483 3113 2774 3183 ιρωτισμδς,
2813 3113 2907 3163 καὶ
2931 3111 3143 3163 πάντων
3168 3107 3363 3177 ’Λγίων
3398 3106 3662 3174 ἁγιασμὸς
3689 3107 3787 3157 καὶ

561 3212 651 3252 res
697 3187 826 3252 Deo'
857 3197 1050 3271 digna,
1092 3214 1401 3268 nomenque
1451 3215 1675 3268 prorsus
1721 3199 2115 3263 desiderabile;

2232 3175 2556 3271 ίιγλαῖσμόςο
2614 3175 2673 3255 τό
2729 3201 2968 3268 ἀξιόθεον
3013 3175 3276 3268 πρᾶγμα,
3335 3197 3394 3249 τὺ
3427 3196 3786 3264 ἀξιοπόθητον

561 3285 723 3354 digne
746 3285 1042 3355 divineque
1069 3301 1168 3355 pro
1200 3287 1436 3341 nominis
1461 3287 1669 3343 ratione
1696 3286 2120 3341 Bartholomzeus

560 3384 934 3444 nuncupatus;
983 3391 1110 3430 vere
1138 3375 1280 3443 ﬁlius
1307 3377 1623 3446 suspendens
1653 3392 1819 3445 aquas
1844 3393 1863 3429 :
1890 3374 1945 3430 id
1974 3375 2120 3430 enim

566 3479 764 3518 nomen
787 3472 973 3530 sonat,
995 3464 1042 3520 si
1072 3465 1196 3534 quis
1221 3464 1633 3534 interpretetur.
1965 3463 1973 3470 ’

636 3576 793 3631 Salve
821 3593 883 3631 ac
912 3577 1106 3643 gaude,
1132 3577 1276 3646 quod
1309 3586 1365 3632 et
1395 3577 1507 3646 ipse
1536 3579 1630 3633 Dei
1659 3578 1960 3633 imitatione
1982 3579 2124 3632 sicut

563 3667 658 3722 Dei
677 3668 844 3722 Filius
861 3668 1026 3721 verbo
1040 3683 1209 3736 aquas
1237 3669 1499 3722 sublimes
1526 3684 1653 3723 aere
1682 3669 2125 3733 librat"',levat-

565 3775 672 3827 que
705 3775 736 3813 e
772 3768 946 3824 terra,
974 3761 1175 3828 quibus
1207 3761 1370 3814 etiam
1406 3762 1557 3830 juxta
1599 3761 1965 3829 Scripturam,
1999 3761 2124 3829 tegit

567 3849 833 3902 rwnacuta
853 3850 1000 3918 ejus‘
1032 3867 1048 3903 :
1076 3850 1153 3904 sic
1168 3866 1382 3920 quoque
1403 3861 1479 3912 tu,
1504 3867 1674 3919 aquas
1698 3850 1896 3904 multas
1925 3851 2126 3920 (humi-

567 3940 646 3991 les
678 3939 886 3992 scilicet
918 3941 1129 3995 animos
1167 3932 1275 3995 tua.
1300 3957 1463 4009 opera
1503 3941 1842 3995 credentium
1884 3941 2123 4001 Christo)

567 4027 950 4096 praedicatione
987 4039 1078 4082 tua
1125 4029 1395 4094 sustollis;
1439 4031 1908 4099 spiritalioresque
1947 4047 1976 4084 a
2013 4041 2125 4084 ter-

569 4134 704 4173 reno
736 4119 955 4187 penitus
985 4135 1149 4174 sensu
1180 4121 1538 4189 suspendens,
1568 4138 1630 4176 ac
1661 4122 1716 4174 in
1748 4124 1916 4176 Deum
1951 4122 2128 4190 perfe-

569 4210 711 4263 ct—ius
739 4211 986 4277 elevans,
1015 4212 1069 4264 in
1107 4212 1218 4265 illis
1251 4213 1345 4280 qui
1377 4212 1600 4266 secundi
1636 4211 1846 4266 ordinis
1875 4221 2028 4273 sunt,
2063 4229 2125 4267 ac

567 4303 973 4357 cmuaculorum
1015 4305 1282 4361 rationem
1330 4304 1561 4365 habent,
1629 4304 1841 4360 animos
1881 4303 2123 4358 ﬁdelium

568 4393 727 4464 tegis.

637 4591 796 4645 Salve
839 4591 932 4655 sis,
958 4592 1136 4654 beate,
1163 4591 1360 4660 inclyte
1401 4600 1462 4645 ac
1501 4590 1707 4654 divine,
1738 4591 1826 4659 qui
1868 4608 2120 4662 magnum

569 4693 626 4737 et
646 4699 892 4752 parvum,
913 4685 1140 4737 multum
1172 4697 1225 4736 et
1252 4700 1482 4752 paucum
1515 4684 1747 4738 salutare
1775 4685 2122 4755 Evangelium

569 4773 877 4842 praedicasti
925 4790 988 4827 ac
1032 4774 1265 4826 docuisti
1317 4790 1331 4826 :
1380 4789 1630 4843 magnum
1678 4775 1929 4843 quidem,
1975 4776 2121 4844 quod

571 4881 788 4919 omnem
828 4866 1026 4919 mentis
1063 4866 1270 4918 ratione
1306 4865 1508 4918 utentis
1541 4873 1700 4933 atque
1738 4865 1933 4920 indolis
1970 4881 2120 4919 com-

573 4958 993 5027 prehensionem
1019 4957 1269 5022 excedat;
1300 4950 1521 5025 parvum
1550 4971 1696 5020 vero,
1719 4957 1788 5008 ob
1819 4956 2123 5009 inclinatio-

575 5065 701 5103 nem
733 5057 894 5114 atque
925 5048 990 5101 ad
1027 5047 1326 5116 terrigenas
1356 5047 1768 5108 demissionem,
1799 5062 1860 5097 ac
1893 5060 2012 5097 eum
2044 5047 2125 5099 eis

576 5139 1022 5200 similitudinem,
1055 5140 1170 5207 ejus
1209 5139 1299 5207 qui
1339 5139 1489 5193 cmlis
1529 5140 1725 5192 celsior
1763 5136 1991 5188 exsistit.
2029 5136 2123 5189 Vel

575 5244 828 5298 magnum
859 5229 1103 5296 quidem,
1139 5228 1208 5280 ob
1236 5228 1457 5282 Deitatis
1489 5230 1852 5295 majestatcm;
1897 5239 2122 5290 parvum

578 5330 777 5383 autem,
810 5321 878 5372 ob
921 5327 1211 5372 extremam
1253 5319 1503 5373 humana:
1545 5328 1750 5367 natura:
1779 5314 2073 5369 exilitatem
2110 5336 2120 5368 :

579 5429 808 5481 quorum
839 5427 979 5464 nova
1010 5412 1184 5466 mistio
1211 5421 1264 5466 et
1295 5408 1576 5466 concretio
1596 5447 1609 5468 ,
1642 5405 1916 5474 Evangelii
1962 5419 2125 5476 caput

581 5516 897 5569 summaun
917 5509 1018 5555 est.
1040 5502 1111 5556 Ac
1133 5505 1358 5555 multum
1383 5495 1624 5565 quidem,
1649 5496 1789 5562 quod
1817 5498 2039 5550 multam
2068 5500 2118 5550 in

584 5606 641 5645 se
670 5607 731 5644 ac
759 5591 1068 5646 immensam
1099 5588 1462 5659 intelligentia:
1493 5600 1554 5637 ac
1582 5585 1855 5654 sapientire
1880 5589 2116 5642 abditam

657 5767 701 5796 ”
724 5766 996 5834 Apuani,
1025 5768 1070 5818 ι.
1150 5768 1209 5796 νο·
1233 5761 1332 5812 Job
1384 5776 1525 5829 xxvi,
1552 5765 1602 5818 8.
1663 5766 1676 5796 ¹
1711 5765 1852 5819 Psal.
1879 5780 1991 5829 cui,
2015 5765 2062 5815 5.

2219 3295 2425 3363 ὄνομα·
2457 3296 2485 3345 6
2533 3293 2836 3362 ἀξιὼνυμος
2886 3291 2982 3343 καὶ
3030 3287 3303 3355 Θεώνυμος
3347 3287 3787 3355 Βαρθολομαῖοςσ

2237 3387 2297 3438 ’Θ
2321 3384 2553 3452 ἀληθῶς
2572 3385 2758 3438 ὕδατα
2789 3381 3084 3451 κρεμάσας
3109 3380 3266 3446 υιόςο
3291 3376 3446 3431 τοῦτο
3473 3377 3581 3447 γὰρ
3609 3379 3642 3446 ὴ
3682 3392 3783 3444 ση-

2225 3477 2396 3546 μασία
2426 3477 2520 3530 τοῦ
2549 3477 2828 3544 ὀνόματος.

2293 3589 2485 3655 Χαῖρε,
2513 3588 2594 3639 ὃτι
2631 3586 2979 3655 Θεομιμήτως
3006 3584 3097 3636 καὶ
3123 3581 3302 3644 αὐτὸς,
3340 3579 3589 3647 καθάπερ
3616 3580 3644 3630 6
3684 3577 3784 3629 τοῦ

2222 3677 2355 3731 Θεοῦ
2392 3678 2538 3739 Υἱὸς,
2589 3677 2730 3744 λόγῳ
2758 3678 2825 3727 τὰ
2857 3675 3020 3727 ὕδατα
3068 3673 3278 3738 διαέρια
3315 3669 3626 3740 μετεωρίζει
3683 3667 3780 3721 καὶ

2225 3767 2463 3833 κουφίζει
2494 3767 2590 3833 τῆς
2619 3765 2740 3832 γῆς,
2769 3760 2856 3829 οἷς
2882 3763 2980 3816 καί
3016 3762 3088 3814 τὰ
3129 3758 3367 3828 ὑπερῷα
3393 3759 3597 3818 αὑτοῦ,
3632 3758 3779 3810 κατὰ

2224 3860 2320 3927 τὴν
2350 3858 2519 3927 ἱερὰν,
2543 3853 2826 3922 στετάζὲι,
2855 3854 3094 3923 Γραφήν’
3122 3852 3264 3904 οὓτω
3292 3851 3387 3902 καὶ
3417 3849 3578 3909 αὐτὸς
3613 3847 3780 3900 ὕδατα

2224 3949 2412 4011 πολλὰ,
2437 3948 2538 4008 τὰς
2566 3947 2865 4014 χαμερπεῖς
2893 3943 3126 4011 διανοίας
3166 3941 3274 3992 τῶν
3321 3941 3408 3992 διὰ
3441 3938 3532 3990 σοῦ
3562 3937 3783 4007 Χριστῷ

2225 4038 2604 4100 πιστευόντων,
2634 4035 2711 4102 τῷ
2759 4033 3072 4101 Εὑαγγελίῳ
3118 4049 3211 4084 σου
3245 4029 3590 4100 μετεωρίζεις
3617 4044 3630 4056 ⁶
3687 4031 3778 4081 καὶ

2223 4131 2316 4183 τοῦ
2345 4130 2526 4197 γηϊνου
2549 4127 2889 4195 φρονήματος
2909 4125 3032 4184 τοὺς
3051 4121 3585 4190 πνευματικωτέρους
3615 4135 3776 4172 παντ-

2225 4222 2392 4273 άπασι
2444 4217 2743 4287 κρεμάσας,
2780 4214 2874 4267 καὶ
2919 4213 3241 4281 τελεώτερον
3289 4212 3496 4280 ἐπάρας
3525 4211 3659 4278 πρὸς
3689 4211 3779 4260 τὸν

2225 4311 2377 4371 Θεὸν,
2416 4311 2473 4360 ὲν
2522 4305 2702 4368 αὐτοῖς
2746 4306 2843 4368 τὰς
2883 4305 3140 4374 δευτέρας
3191 4301 3395 4368 τάξεως
3449 4299 3644 4363 οὔσας,
3685 4300 3776 4352 καὶ

2226 4399 2486 4469 ὑπερῴων
2514 4397 2670 4466 λόγον
2702 4395 3023 4464 ἐπεχούσας,
3078 4393 3186 4446 τῶν
3235 4390 3438 4443 πιστῶν
3492 4389 3778 4453 σκεπάζεις

2154 4489 2198 4542 ι)
2225 4489 2422 4557 ψυχάς.

2297 4600 2488 4667 Χαῖρε,
2525 4596 2727 4666 μάκαρ,
2759 4594 2969 4662 ἀοίδιμε
2997 4594 3090 4646 καὶ
3115 4592 3363 4644 θεσπέσιε
3388 4606 3404 4622 ⁸
3435 4593 3462 4644 6
3501 4591 3641 4658 μέγα
3686 4593 3773 4644 καὶ

2227 4690 2438 4756 μικρὸν,
2499 4688 2632 4740 πολὺ
2689 4685 2779 4738 καὶ
2809 4685 2987 4752 ὀλίγον
3037 4685 3097 4736 τὸ
3138 4684 3400 4752 σωτήριον
3450 4682 3776 4750 θεολογήσας

2221 4781 2566 4848 Εὑαγγέλιον.
2602 4780 2756 4843 Μέγα
2790 4779 2905 4846 μὲν,
2961 4776 3037 4841 τῷ
3085 4777 3264 4843 πάσης
3294 4774 3514 4840 λογικῆς
3540 4774 3774 4838 διανοίας

2223 4873 2316 4925 καὶ
2363 4872 2576 4941 φύσεως
2605 4866 3135 4938 ὑπεραναόεὸηκέναι
3179 4865 3276 4933 τὴν
3309 4849 3642 4933 κατάληψινο
3683 4883 3773 4933 μι-

2223 4964 2352 5033 κρδν
2387 4964 2461 5020 δὲ,
2502 4963 2583 5014 διὰ
2630 4962 2723 5027 τὴν
2769 4956 3168 5024 συγκατάϐασιν
3215 4955 3308 5007 καὶ
3339 4957 3437 5021 τὴν
3491 4956 3624 5024 πρὸς
3651 4956 3773 5016 τοὺς

2225 5059 2472 5124 γηγενεῖς
2501 5050 2594 5103 τοῦ
2622 5049 3008 5119 ὑπερθυρανίου
3031 5047 3390 5115 ταπεινότητα
3420 5046 3509 5098 καὶ
3529 5045 3774 5115 ὁμοιότη-

2224 5163 2309 5196 τα.
2352 5145 2441 5201 Ἥ,
2482 5141 2619 5206 μέγα
2663 5141 2775 5207 μὲν,
2807 5138 2894 5193 διὰ
2931 5138 2990 5189 τὸ
3016 5139 3113 5204 τῆς
3142 5135 3390 5204 Θεότητος
3432 5134 3768 5204 μεγαλοπρε-

2225 5236 2357 5293 πές·
2396 5229 2582 5297 μικρὸν
2628 5229 2704 5290 δὲ,
2736 5229 2819 5280 διὰ
2853 5229 2913 5279 τὸ
2946 5227 3313 5296 μικροπρεπὲς
3363 5228 3461 5295 τῆς
3506 5223 3774 5292 ἀνθρωπί-

2223 5343 2316 5389 νης
2349 5321 2600 5386 ἐσχατιᾶς
2623 5360 2634 5380 ,
2669 5315 2742 5371 ὧν
2784 5323 2813 5387 ἡ
2845 5319 3003 5386 καινὴ
3047 5319 3190 5385 μίξις
3217 5319 3308 5368 καὶ
3337 5319 3550 5383 κρᾶσις,
3581 5314 3642 5366 τὸ
3680 5332 3770 5366 κε-

2225 5413 2443 5478 φάλαιον
2468 5410 2559 5462 τοῦ
2597 5411 2923 5476 Εὑαγγελίου
2959 5409 3283 5476 χρηματίζει
3305 5425 3318 5438 ο
3350 5407 3442 5459 καὶ
3469 5406 3600 5459 πολὺ
3654 5406 3767 5474 μὲν,

2222 5502 2297 5565 τῷ
2328 5500 2488 5552 πολὺν
2519 5502 2575 5553 ἐν
2601 5499 2775 5567 ἐαυτῷ
2825 5499 2914 5548 κειί
2955 5498 3266 5566 ἀμέτρητον
3316 5497 3458 5562 ἔχειν
3509 5495 3770 5557 συνέσεως

2226 5590 2315 5641 καὶ
2348 5591 2532 5657 σοφίας
2562 5592 2617 5641 ὲν
2663 5587 2987 5654 ἀπορρήτοις
3040 5586 3196 5654 βυθόν
3221 5603 3233 5616 ’
3271 5584 3447 5650 ὀλίγον
3489 5583 3546 5635 δὲ
3592 5583 3770 5648 πάλιν,
