3922 6314
592 335 699 397 215

1778 333 2070 393 NICETIE
2116 333 2586 395 PAPIILAGONI
2597 338 2635 396 S

3713 341 3826 403 ’⁸2Ιῦ

593 451 697 505 stia
727 446 1118 503 liberabantur.
1154 443 1418 501 Videntes
1449 443 1629 514 itaque
1661 443 1863 498 diaboli
1893 442 2151 505 ministri,

2263 443 2462 497 παθῶν.
2487 446 2668 498 Ταῦτα
2694 441 2784 500 οὖν
2827 448 3109 517 βλέποντες
3128 451 3176 503 οί
3215 451 3306 504 τοῦ
3337 452 3580 506 διαδόλου
3608 453 3828 522 ὑπορρ-

595 542 781 596 furore
805 538 858 591 in
892 552 1086 592 urnam
1125 537 1274 590 illam
1315 535 1783 601 incendebantur;
1813 550 1878 591 ac
1909 535 2156 606 quando-

593 647 699 701 que
728 630 1123 683 deliberatione
1152 628 1356 699 habita,
1383 643 1574 681 urnam
1601 627 1654 679 in
1685 641 1790 694 qua
1828 635 1946 680 erat
1979 627 2155 681 sancti

592 723 823 792 apostoli
851 737 1051 791 corpus
1069 764 1082 785 ,
1108 737 1234 775 cum
1268 729 1501 789 quatuor
1525 719 1646 774 aliis
1671 728 1980 794 sanctorum
2009 735 2154 772 mar-

597 824 774 884 tyrum
805 815 980 872 urnis.
1039 814 1092 867 in
1129 827 1277 866 mare
1325 812 1691 881 projeeerunt.
1742 810 1798 864 ld
1842 825 1970 864 vero
1996 825 2154 864 omne

596 905 862 973 contigit,
929 914 990 957 nt
1047 906 1343 956 et'_tantus
1396 901 1559 954 maris
1602 908 1833 964 tractus,
1893 908 2154 968 quantum

595 997 802 1048 emensi
838 1005 985 1055 sunt,
1024 1011 1122 1062 per
1146 993 1268 1046 illos
1303 991 1769 1054 sanctiﬁcaretur,
1815 1006 1880 1044 ac
1910 993 2028 1045 loca
2058 1006 2156 1059 per

593 1100 714 1152 quae
751 1085 869 1137 illos
897 1084 1086 1136 divisit
1115 1084 1298 1136 divina
1338 1084 1531 1151 gratia,
1573 1081 2049 1136 benedicerentur.

664 1171 882 1238 Magnos
907 1172 1052 1224 enim
1083 1172 1240 1224 Ponti
1275 1172 1429 1224 sinus
1460 1169 1824 1239 subnavigans
1857 1171 2154 1238 apostolus,

594 1261 825 1328 altisque
879 1261 1217 1328 Hellesponti
1270 1251 1542 1329 superatis
1594 1259 1876 1329 angustiis,
1931 1258 2155 1330 [Egeum

593 1365 741 1404 mare
790 1358 845 1404 et
886 1351 1224 1404 Adriaticum
1282 1351 1458 1418 petiit,
1505 1349 1802 1417 relictaque
1842 1365 1872 1402 a
1922 1351 2158 1405 sinistris

593 1440 789 1492 illustri
823 1456 885 1493 ac
929 1441 1161 1493 maxima
1211 1440 1412 1494 Siciliae
1453 1440 1647 1501 insula,
1675 1455 1780 1492 una
1803 1440 2031 1492 comites
2061 1441 2157 1492 ha-

592 1529 729 1583 bens
779 1532 870 1598 qui
914 1531 968 1583 in
1012 1533 1135 1584 aliis
1183 1531 1336 1584 urnis
1388 1531 1640 1599 praeclara
1697 1529 1926 1582 victoria
1971 1530 2156 1600 inclyti

593 1630 859 1688 martyres
890 1630 1067 1682 erant,
1106 1621 1464 1693 Pappianum,
1489 1619 1807 1682 Lucianum,
1837 1618 2157 1687 Gregorium

591 1719 647 1764 et
699 1712 976 1772 Acacium,
1032 1711 1098 1764 ad
1147 1711 1400 1771 insulam,
1451 1724 1612 1777 quam
1665 1708 1910 1776 Liparam
1941 1719 2154 1773 vocant,

592 1805 851 1873 appulsus
880 1812 982 1858 est.
1015 1805 1186 1869 Quam
1217 1802 1483 1855 mirabilia
1517 1817 1679 1870 Opera
1714 1812 1826 1863 tua,
1852 1802 2081 1854 Domine
2101 1802 2150 1854 ’ί

594 1894 915 1961 Ecquaenam
949 1895 1124 1948 oratio
1152 1893 1439 1947 laudandis
1465 1893 1571 1945 illis
1613 1891 1879 1945 sutliciat?
1921 1893 1999 1945 Ac
2037 1892 2155 1960 qui-

592 1981 715 2033 dem
742 1982 986 2049 praeclari
1010 1982 1249 2035 victores
1274 1991 1556 2049 martyres,
1578 1986 1732 2032 velut
1751 1995 1875 2048 rege
1897 1979 2154 2047 quodam,

593 2072 686 2124 ubi
715 2087 839 2124 eum
899 2073 1286 2138 conquiescere
1322 2072 1629 2133 voluerant,
1668 2085 1862 2138 magno
1897 2070 2156 2124 derelicto

592 2162 856 2228 apostolo,
882 2162 1065 2214 statim
1100 2162 1306 2215 reversi
1339 2171 1485 2223 sunt,
1520 2176 1626 2230 quo
1661 2160 1781 2214 loco
1804 2159 2000 2214 divina:
2033 2175 2159 2228 pro-

589 2251 846 2306 videntia:
876 2253 1052 2305 visum
1082 2261 1221 2315 erat,
1253 2253 1484 2321 singulis
1509 2252 1616 2306 illis
1639 2252 1937 2320 hospi-tium
1968 2252 2155 2305 sedes-

593 2357 699 2409 que
726 2342 1002 2395 aseribere
1040 2360 1053 2395 :
1085 2342 1397 2411 Pappianus
1426 2343 1647 2407 quidem
1688 2341 1743 2394 in
1786 2343 1976 2396 urbem
2022 2342 2157 2396 Sici-

592 2435 677 2487 liae
699 2434 958 2503 Amyllam
981 2450 994 2497 ;
1021 2433 1292 2487 Lucianus
1321 2449 1470 2495 vero,
1494 2422 1800 2498 Mesanam;
1840 2433 2154 2502 Gregorius,

591 2526 910 2579 Columnam
981 2524 1247 2579 Calabria:
1313 2525 1540 2590 urbem;
1629 2525 1853 2578 Acatius
1888 2524 2155 2579 'Asealum

591 2616 865 2670 civitatem
903 2615 982 2669 sic
1015 2615 1236 2670 dictam.

653 2805 801 2858 ’I‘unt
832 2806 1111 2872 apostolus
1132 2794 1422 2858 adventum
1446 2821 1602 2861 suum
1632 2807 1897 2876 Agathoni
1918 2808 2156 2863 intimat.

593 2895 897 2961 Statimque
917 2895 1205 2963 cpiscopus
1225 2906 1433 2949 matura
1463 2897 1761 2966 diligentia,
1786 2899 1879 2950 ubi
1903 2914 2157 2965 magnum

593 2984 1038 3051 ltorrendmnque
1091 2985 1395 3053 prodigium
1451 2987 1607 3047 vidit,
1642 2997 1862 3053 stupore
1915 2989 2155 3055 plenus:

2255 535 2362 602 γοὶ,
2387 538 2664 604 ἐμαίνοντο
2688 539 2823 592 κατὰ
2852 541 2949 607 τῆς
2976 541 3239 610 λάρνακος
3279 543 3492 610 ἐκείνης
3510 559 3524 575 ο
3568 544 3661 595 καὶ
3692 559 3828 594 σκεο

2252 626 2484 694 φάμενοί
2512 645 2661 688 ποτε,
2689 630 2996 699 ἀπέρριψαν
3021 631 3242 701 ταύτην,
3276 634 3599 702 συνέχουσαν
3631 635 3733 685 καὶ
3768 633 3828 684 τὸ

2257 717 2408 782 ἆγιον
2458 718 2616 786 σῶμα
2644 718 2736 771 τοῦ
2767 721 3058 771 ἀποστόλου
3082 724 3137 773 ἐν
3169 725 3232 791 τῇ
3275 723 3536 793 θαλάσσῃ,
3570 724 3666 776 σὺν
3698 725 3827 775 ἑτέ-

2258 824 2378 875 ραις
2405 808 2659 877 λάρναξιν
2710 810 2880 876 ἀγίων
2935 812 3222 881 μαρτύρων
3255 814 3532 882 τέσσαρσι.
3561 813 3739 865 Τοῦτο
3770 814 3826 864 δὲ

2255 897 2373 948 ὅλον
2397 897 2641 966 γέγονεν,
2661 900 2746 950 ἵνα
2775 901 2868 952 καὶ
2897 904 2928 971 ἠ
2957 903 3186 971 τοσαύτη
3215 903 3457 956 θάλασσα
3485 905 3551 970 ἢν
3577 903 3825 969 διῆλθον,

2257 989 2490 1058 ἀγιασθῇ
2524 991 2590 1042 δι’
2618 990 2794 1042 αὐτῶν
2815 1008 2827 1021 °
2861 994 2953 1046 καὶ
2983 994 3032 1046 οἱ
3062 994 3215 1046 τόποι
3245 993 3366 1047 καθ’
3391 993 3482 1056 οὒς
3512 996 3544 1062 ἡ
3577 994 3695 1045 θεία
3721 996 3829 1062 χά-

2260 1103 2342 1157 ρις
2373 1087 2570 1149 αὐτοὺς
2597 1088 2919 1156 διεμέρισεν,
2949 1089 3297 1159 εύλογηθῶσι.

2328 1174 2466 1236 Τοὺς
2505 1175 2611 1242 γὰρ
2669 1176 2929 1244 μεγάλους
2956 1176 3047 1228 τοῦ
3076 1177 3276 1229 Πόντου
3328 1176 3670 1238 ύποπλεύσας
3697 1176 3830 1228 κόλ-

2258 1280 2391 1341 πους
2424 1264 2453 1315 6
2500 1265 2811 1329 ἀπόστολος,
2868 1266 2962 1318 καὶ
3003 1267 3068 1318 τὰ
3099 1265 3257 1318 στενά
3292 1265 3385 1318 τοῦ
3425 1266 3826 1335 Ἑλλησπόντου

2257 1353 2626 1424 παραδραμὼν
2648 1354 2805 1424 βάθη,
2833 1355 2894 1410 τὸ
2923 1357 3142 1424 Αίγαίόν
3163 1374 3220 1409 τε
3249 1358 3343 1410 καὶ
3370 1358 3432 1410 τὸ
3463 1357 3555 1410 τοῦ
3601 1359 3828 1428 Ἀδρίου

2257 1443 2518 1519 κατέλαϐε
2556 1445 2785 1513 πέλαγος
2807 1462 2822 1478 ο
2872 1447 2965 1499 καὶ
3008 1446 3103 1521 τὴν
3136 1447 3240 1503 τῶν
3283 1443 3514 1499 Σικελῶν
3544 1448 3827 1516 περιφανῆ

2257 1551 2316 1586 τε
2360 1533 2455 1588 καὶ
2511 1536 2770 1605 μεγίστην
2823 1535 2881 1587 ἐν
2928 1535 3225 1603 εὐωνύμοις
3278 1535 3588 1588 καταλιπὼν
3633 1537 3824 1606 νῆσον,

2259 1624 2396 1694 ἔχων
2435 1626 2826 1693 συνεπομένους
2887 1624 3034 1694 αὐτῷ
3090 1626 3184 1677 καὶ
3211 1626 3334 1687 τοὺς
3363 1626 3419 1677 ἐν
3442 1628 3559 1689 ταῖς
3604 1626 3830 1696 ἑτέραις

2258 1716 2480 1786 λάρναξι
2504 1715 2842 1779 καλλινίκους
2871 1717 3171 1785 μάρτυρας,
3220 1716 3555 1779 Παππιανὸν,
3586 1718 3829 1769 Λουκια-

2257 1809 2345 1859 νδν
2365 1845 2380 1871 ,
2425 1806 2720 1876 Γρηγόριον
2743 1808 2834 1857 καὶ
2875 1805 3143 1872 ’Δκάκιον,
3176 1807 3322 1875 νήσῳ
3346 1809 3411 1875 τῇ
3437 1806 3579 1858 οὕτω
3621 1806 3828 1860 καλου-

2260 1898 2392 1968 μένῃ
2421 1897 2660 1966 Λιπάρᾳ,
2717 1896 3128 1966 προσωρμίσθη.
3173 1897 3258 1957 Ὦς
3286 1896 3561 1965 θαυμάσια
3587 1897 3658 1949 τὰ
3684 1898 3829 1967 ἔργα

2258 2004 2371 2050 σου,
2401 1985 2603 2053 Κύριεῑ
2632 1988 2726 2038 καὶ
2754 1985 2835 2047 τίς
2871 1985 3024 2052 λόγος
3057 1984 3336 2056 ἐξαρκέσει
3363 1987 3496 2057 πρὸς
3525 1987 3694 2056 ὕμνον
3713 1987 3829 2042 τῶν

2257 2078 2571 2147 θαυμασίων
2627 2094 2755 2142 σου;
2796 2078 2902 2128 Καὶ
2936 2079 2985 2129 oi
3035 2078 3131 2145 μὲν
3165 2077 3460 2130 καλλίνικοι
3518 2080 3823 2148 μάρτυρες,

2255 2162 2343 2219 οἶά
2368 2185 2488 2220 τινα
2515 2166 2735 2235 βασιλέα
2764 2169 2820 2218 ἐν
2861 2160 2904 2232 ᾧ
2935 2166 2998 2219 ἂν
3041 2167 3359 2237 ᾐρετίσαντο
3393 2169 3826 2222 ἀναπαύσασθαι

2255 2257 2345 2307 τὸν
2370 2256 2542 2325 μέγαν
2582 2255 2965 2319 καταλιπόντες
3015 2257 3328 2318 ἀπόστολον,
3371 2259 3566 2310 αὐτίκα
3610 2259 3826 2312 ἀνθυπ-

2257 2348 2570 2415 ενόστησαν,
2600 2346 2724 2401 ἔνθα
2751 2347 2815 2398 ἂν
2839 2345 3065 2400 ἕκαστον
3092 2347 3258 2417 ἠθεία
3277 2348 3701 2417 κατασκηνῶσαι
3732 2351 3828 2402 εύ-

2255 2436 2448 2506 δόκησε
2495 2438 2754 2507 πρόνοια’
2786 2437 3105 2490 Παππιανὸν
3135 2439 3245 2506 (46)
3285 2423 3490 2508 μὲνέίς
3538 2440 3826 2508 Ἀμυλλαν

2258 2529 2410 2582 πόλιν
2439 2528 2719 2589 Σικελίας⁶
2751 2527 3044 2582 Λουκιανὺν
3094 2529 3150 2580 δέ
3207 2531 3265 2581 ἐν
3315 2531 3538 2599 Μεσήνῃ
3560 2547 3576 2559 ·
3607 2532 3826 2602 Γρηγό-

2259 2636 2371 2688 ριον
2405 2620 2461 2670 ἐν
2502 2619 2760 2689 Κολύμνῃ
2783 2618 2933 2670 πόλει
2963 2619 3298 2688 Καλαόρίας,
3331 2619 3423 2672 καὶ
3463 2620 3717 2682 ’ᾼκάκιον
3743 2625 3824 2685 είς

2269 2708 2562 2770 Ἀσκάλους
2593 2709 2748 2762 πόλιν
2776 2706 2917 2761 οὕτω
2948 2709 3306 2780 καλουμένην.

2327 2796 2750 2864 Τότε-’Δγάθωνι
2778 2797 2856 2867 τῷ
2883 2796 3008 2865 θείῳ
3029 2796 3216 2850 ἐαυτὸν
3250 2799 3585 2866 καταμηνύει
3625 2801 3655 2852 6
3688 2801 3825 2852 ἁπό-

2261 2888 2460 2950 στολος.
2484 2888 2596 2939 Καὶ
2624 2886 2898 2955 παρευθὺς
2919 2887 2946 2937 6
2976 2887 3269 2948 ἐπίσκοπος
3301 2876 3560 2953 σπεύσας,
3592 2888 3654 2941 τὸ
3679 2891 3825 2958 μέγα

2260 2980 2354 3032 καὶ
2381 2977 2645 3047 φρικῶδες
2675 2977 2750 3038 ὼς
2771 2971 2878 3028 εἶδε
2903 2978 3202 3046 τεράστιον,
3239 2978 3479 3046 θάμϐους
3522 2980 3819 3048 πλησθεὶς,

596 3076 761 3137 Unde,
793 3076 987 3143 inquit,
1017 3076 1127 3139 tibi,
1160 3075 1375 3144 Liparo,
1409 3084 1584 3128 tantus
1625 3079 1704 3129 hic
1731 3080 2010 3146 ingensque
2039 3064 2154 3130 the-

2263 3073 2446 3125 Πόθεν
2483 3079 2582 3121 σοι
2613 3063 2806 3130 οὗτος,
2841 3065 2885 3118 ὦ
2922 3066 3173 3133 Λιπάρα,
3207 3068 3604 3136 ἀπεφθέγγετο,
3643 3074 3676 3124 ὀ
3711 3085 3823 3124 πο-

590 3181 778 3218 saurus
805 3166 1008 3217 advenit
1038 3166 1060 3218 ?
1084 3166 1249 3218 Plane
1273 3169 1458 3219 eximie
1488 3167 1826 3236 magniﬁcam
1854 3185 1903 3220 es
1924 3177 1972 3220 et
1996 3168 2156 3221 clari-

590 3254 770 3322 ﬁcata.
810 3254 1002 3308 Choros
1050 3272 1163 3324 age,
1218 3257 1320 3309 sali
1351 3266 1501 3325 atque
1539 3259 1759 3309 exsulta.
1808 3256 2020 3327 Suscipe
2053 3261 2155 3312 tuis

591 3347 852 3404 manibus,
883 3353 930 3399 et
965 3346 1033 3396 ad
1059 3362 1175 3397 eum
1201 3347 1372 3399 clama
1402 3365 1416 3399 :
1451 3347 1640 3400 Fauste
1677 3349 1880 3411 venisti,
1925 3349 2156 3417 apostole

591 3435 820 3488 Domini.
851 3436 973 3488 llzee
997 3435 1211 3502 aliaque
1248 3452 1351 3488 non
1389 3451 1557 3503 pauca
1593 3436 1908 3505 prolocutus
1939 3439 2153 3505 episco-

593 3539 711 3591 pus.
740 3523 1039 3590 laudesque
1084 3526 1316 3591 apostoli
1365 3537 1528 3594 atque
1583 3527 1777 3581 insulre
1811 3537 2153 3596 prosecutus,

594 3615 812 3670 dicendi
843 3613 1003 3667 finem
1036 3615 1184 3669 feeit.

664 3787 927 3858 Quodque
963 3788 1282 3856 deponenda
1327 3805 1464 3843 urna
1501 3790 1621 3844 loco
1665 3769 1895 3853 illustri,
1915 3806 2023 3859 quo
2053 3791 2157 3845 sei-

594 3879 720 3932 licet
741 3878 858 3932 loco
889 3877 1131 3930 divinum
1156 3878 1445 3931 delubrum
1489 3879 1554 3931 ad
1588 3879 1815 3948 gloriam
1840 3880 2157 3934 celebratis-

594 3967 715 4021 simi
747 3968 975 4036 apostoli
1004 3968 1357 4022 excitandum
1390 3978 1540 4030 erat;
1587 3967 1928 4020 trahentibus
1951 3968 2153 4032 multis,

594 4058 733 4111 nihil
791 4057 880 4110 illa
931 4058 1356 4125 obsequebatur,
1394 4057 1567 4111 donec
1599 4057 1926 4110 revelatione
1973 4056 2156 4109 divina

594 4149 787 4202 beatus
813 4150 1024 4217 Agatho
1058 4149 1294 4203 adducto
1321 4149 1614 4202 vitularum
1646 4149 1794 4217 jugo,
1820 4163 1882 4202 ac
1902 4148 2158 4204 funiculis

596 4239 848 4307 alligatis.
889 4239 1125 4307 ingentis
1174 4241 1336 4292 molis
1365 4254 1545 4292 aream
1595 4238 1760 4302 illam,
1803 4240 2159 4293 inhabitantis

594 4330 838 4397 potentia
872 4328 1027 4383 facile
1062 4329 1262 4395 traxit,
1311 4344 1421 4398 quo
1459 4328 1689 4398 aposroli
1723 4329 1974 4383 voluntas
2009 4331 2158 4384 dele-

595 4428 766 4489 gerat.

666 4594 862 4663 Ingens
915 4609 1079 4662 porro
1110 4595 1430 4649 miraculum
1465 4597 1741 4650 miraculis
1783 4611 1964 4651 comes
1993 4610 2149 4649 secu-

597 4693 732 4743 tum,
761 4699 825 4736 ac
854 4684 940 4736 eui
966 4684 1146 4736 forsan
1184 4685 1366 4752 plures
1392 4699 1576 4739 eerum
1625 4688 1824 4754 quibus
1866 4687 2042 4755 ignota
2066 4687 2151 4739 di-

597 4775 719 4827 vina
744 4774 987 4842 prodigia
1023 4783 1169 4838 sunt,
1203 4775 1359 4828 fidem
1387 4775 1752 4846 abnegabunt.
1785 4777 2002 4846 Exiguae
2034 4791 2152 4829 mo-

620 4901 685 4983 ,"
710 4930 877 4983 Eccli.
910 4945 968 4988 It,
1003 4929 1050 4982 4.

664 5063 1170 5128 (ιϐὶηαππιανόν.
1214 5060 1530 5114 Anastasius
1572 5057 1622 5128 in
1661 5057 1870 5128 Studita
1900 5057 2160 5124 Papinum

547 5151 549 5153 ·
599 5125 785 5195 νοοίης
831 5132 970 5199 apud
1026 5147 1184 5200 quem
1237 5130 1400 5200 etiam
1457 5125 1932 5200 nominaurbinm
1984 5128 2162 5200 minus

600 5194 879 5269 corrupta-
909 5194 1079 5252 sunt':
1121 5200 1188 5252 de
1232 5197 1433 5265 quibus
1491 5194 1723 5246 videnda
1778 5204 1980 5248 nostra.
2023 5194 2156 5248 Bibl.

601 5271 708 5324 PP.
741 5268 1027 5324 concionat.

672 5328 782 5403 (477
810 5339 1166 5403 Ποιφκάνος.
1195 5336 1386 5403 Anast.
1406 5331 1456 5381 in
1483 5328 1720 5392 Sludita,
1755 5331 2045 5403 Vulcanus;
2080 5335 2158 5387 fa-

601 5401 719 5475 vetq
731 5401 792 5461 ue
804 5401 976 5460 allatae
994 5409 1103 5476 jam
1115 5401 1515 5476 inibit-(injecta
1527 5415 1615 5476 rae,
1635 5414 1782 5476 perm
1792 5401 2097 5476 litationis‘li
2109 5412 2156 5454 t—

603 5469 834 5529 tera'rum
892 5492 955 5527 ex
994 5469 1127 5527 'soni
1184 5471 1462 5527 allinitate,
1520 5469 1608 5520 ubi
1647 5470 1733 5521 sic
1788 5470 2146 5524 crassioribus

600 5546 824 5598 auribus
864 5544 1034 5596 Graeci
1061 5542 1289 5594 audiunt
1316 5539 1368 5588 in
1393 5537 1705 5590 nominibus
1744 5541 2000 5606 propriis.
2047 5541 2147 5592 Mi-

599 5615 844 5665 raculum
886 5627 1015 5663 vere
1037 5607 1385 5677 stupendum,
1407 5605 1572 5677 cujus
1604 5617 1779 5677 tamen
1804 5608 2000 5677 Ioseph
2041 5623 2144 5660 non

600 5681 868 5740 meminit,
889 5681 979 5744 qui
1015 5675 1264 5732 videatur
1285 5675 1498 5729 Studita
1523 5676 1816 5744 antiquior,
1844 5686 1898 5730 et
1930 5675 2142 5746 quijam

2259 3161 2371 3225 λὺς
2392 3157 2781 3226 προσεγένετο
2814 3157 3114 3221 πλοῦτος;
3155 3159 3369 3223 Ὄντως
3411 3159 3823 3229 egemus-anc

2259 3249 2748 3318 ὑπερϐαλλόντως
2780 3247 2878 3300 καί
2905 3247 3256 3312 ὲδοξάσθης.
3287 3250 3613 3314 Χόρευσον,
3651 3251 3824 3316 σκίρθ

2261 3357 2468 3407 τησον.
2541 3339 2850 3402 Ὑπόδεξαι
2894 3338 3102 3406 χερσὶν
3156 3338 3395 3403 οἰκείαις
3434 3339 3533 3391 καὶ
3578 3339 3824 3404 βόησον

2261 3433 2410 3500 πρὸς
2439 3431 2642 3497 αὑτὸν,
2684 3429 2891 3494 Καλῶς
2920 3429 3348 3498 παραγέγονας,
3394 3432 3427 3482 ὁ
3455 3428 3562 3482 τοῦ
3596 3432 3821 3498 Κυρίου

2260 3523 2622 3586 ἀπόστολος.
2652 3518 2833 3572 Ταῦτα
2866 3520 2956 3571 καὶ
2974 3518 3132 3586 ἔτερα
3153 3519 3253 3570 οὑκ
3283 3517 3436 3585 ὀλίγα
3469 3520 3496 3570 6
3522 3519 3821 3580 ἐπίσκοπος

2262 3612 2451 3676 εἰπὼν,
2485 3612 2578 3663 καὶ
2626 3609 2974 3677 ἐγκωμιάσας
3001 3609 3091 3660 τόν
3127 3625 3188 3661 τε
3243 3608 3534 3662 ἀπόστολον
3568 3612 3662 3692 καὶ
3715 3611 3820 3680 τὴν

2262 3705 2441 3770 νῆσον,
2465 3701 2768 3755 κατέπαυσε
2797 3701 2884 3751 τὸν
2916 3699 3090 3765 λόγον.

2345 3792 2496 3845 Ἐπεὶ
2529 3791 2586 3844 δὲ
2613 3791 2717 3844 ἔδει
2744 3789 3205 3858 ἀποκαταστῆναι
3233 3789 3330 3858 τήν
3367 3789 3611 3860 λάρνακα
3646 3790 3738 3842 καὶ
3765 3792 3822 3842 ἐν

2262 3883 2408 3950 τόπῳ
2435 3881 2708 3949 ἐπισήμῳ,
2741 3879 2798 3930 ἐν
2850 3874 2894 3945 ᾧ
2925 3879 3019 3930 καὶ
3058 3878 3194 3940 θεῖος
3253 3880 3416 3948 σηκὸς
3471 3879 3693 3948 ἔμελλεν
3725 3882 3822 3931 ἀν-

2262 3971 2565 4038 εγείρεσθαι
2599 3970 2674 4032 είς
2695 3969 2848 4031 δόξαν
2882 3969 2973 4020 τοῦ
3004 3972 3354 4038 πανευφήμου
3393 3970 3712 4030 ἀποστόλου,
3745 3971 3822 4034 ὡς

2266 4061 2363 4129 μὲν
2389 4060 2634 4119 ἐλκοντες
2666 4057 2868 4118 πολλοὶ,
2903 4049 3141 4126 ὑπήκουε
3173 4058 3226 4109 δὲ
3247 4058 3513 4126 οὐδαμῶς,
3557 4059 3660 4121 ἕως
3683 4061 3820 4112 ἀπο-

2263 4148 2487 4215 καλύψει
2544 4147 2665 4216 θείᾳ.
2711 4148 2739 4197 6
2769 4147 3029 4215 μακάριος
3074 4148 3314 4212 Ἀγάθων
3357 4148 3546 4214 ζεῦγος
3597 4149 3820 4216 ἀγαγὼν

2263 4240 2566 4308 δαμάλεων,
2614 4238 2707 4290 καὶ
2755 4236 2968 4298 λεπτοῖς
3019 4232 3291 4305 ἀποδήσας
3354 4238 3656 4302 καλωδίοις,
3716 4242 3819 4308 τὴν

2252 4329 2591 4397 ’παμμεγέθη
2649 4327 2861 4395 ἐκείνην
2915 4327 3178 4397 λάρνακα,
3243 4332 3306 4399 τῇ
3338 4330 3430 4382 τοῦ
3485 4331 3818 4396 ἐνοικοῦντος

2186 4403 2234 4458 Ῑ)
2264 4420 2503 4486 δυνάμει,
2531 4417 2763 4479 εὐκόλως
2783 4413 2900 4487 ἦξε,
2925 4419 3054 4469 ὅπου
3075 4418 3133 4469 τὸ
3156 4417 3244 4469 τοῦ
3281 4419 3576 4471 ἀποστόλου
3608 4419 3817 4490 ὑπῆρξε

2255 4506 2482 4560 θέλημα.

2324 4524 2342 4555 Α
2431 4524 2482 4560 α.

2324 4524 2521 4666 ἑιέύμά
2551 4598 2674 4650 τιδὲ
2702 4599 2936 4668 θαύμασι
2966 4580 3242 4650 συνείπετο
3271 4599 3541 4666 μέγιστον,
3575 4599 3665 4651 καὶ
3688 4601 3816 4650 πολ-

2237 4687 2365 4748 .λοίς
2396 4686 2521 4748 ἴσως
2543 4687 2650 4738 τῶν
2674 4687 2930 4757 ἀμυήτων
2953 4689 3058 4738 τῶν
3081 4688 3234 4740 θείων
3259 4688 3658 4757 τερατουργιῶν
3685 4688 3815 4740 ἄπι-

2261 4791 2400 4845 στον.
2445 4776 2695 4845 Νησίδιον
2749 4776 2854 4844 γὰρ
2884 4778 3186 4846 Βουρκάνος
3239 4777 3348 4846 (47)
3388 4777 3807 4847 ὀνομαζόμενον,

2262 5076 2455 5115 nomen
2479 5062 2712 5131 baberet
2744 5062 3122 5131 Metaplirastis
3150 5071 3327 5117 aetate.
3363 5063 3519 5117 Certe
3537 5063 3806 5131 ejusmodi

2260 5140 2361 5202 est,
2401 5130 2486 5202 cui
2528 5146 2634 5182 non
2667 5131 2822 5184 facile
2859 5130 3108 5201 arrogent
3140 5133 3298 5185 fidem
3342 5133 3541 5184 nedum
3571 5130 3807 5202 ἀμύητοι

2261 5199 2366 5249 τῶν
2398 5198 2553 5248 θείων
2583 5198 3008 5266 τερατουργιῶνξ
3039 5211 3097 5253 ιιι
3129 5211 3319 5254 auctor
3347 5202 3554 5255 scribit.
3581 5201 3675 5254 sed
3709 5198 3808 5258 nec

2261 5269 2351 5334 qui
2384 5266 2619 5336 divinam
2658 5269 2707 5320 in
2739 5270 2993 5336 prodigiis
3016 5271 3267 5323 virtutem
3312 5280 3496 5324 sancte
3536 5285 3803 5324 veneran—

2264 5335 2574 5406 tur_._Pntest
2605 5336 2719 5389 hzec
2741 5335 2942 5404 bisque
2986 5341 3184 5403 majora
3234 5340 3321 5392 illa
3378 5347 3651 5406 prmstare,
3709 5342 3801 5394 sed

2261 5403 2415 5479 facile
2446 5404 2604 5456 etiam
2635 5417 2717 5458 est
2770 5407 2821 5457 in
2857 5408 3121 5523 ejusmodi
3166 5409 3309 5476 vulgi
3359 5403 3639 5475 obrepere.
3683 5409 3803 5463 Vul-

2261 5484 2423 5522 canue
2460 5473 2722 5523 eiusmodi
2757 5475 2872 5523 insu
2900 5490 2963 5523 te.
2991 5475 3042 5523 in
3064 5477 3265 5523 auibus
3290 5492 3411 5523 nars
3442 5491 3629 5523 magna
3687 5478 3800 5523 sn-l-

2259 5470 2423 5544 cani-.8
2460 5473 2722 5538 ejusmodi
2757 5470 2963 5534 insulae,
2991 5475 3042 5544 in
3064 5470 3411 5544 quibus'pars
3442 5470 3630 5544 magna
3675 5478 3800 5544 su-l-

2254 5538 2395 5606 phur
2424 5551 2506 5593 est
2536 5551 2590 5594 et
2647 5544 2868 5594 materia
2900 5538 3316 5602 combustibilis,
3355 5538 3554 5606 magno
3600 5543 3800 5600 habent

2252 5617 2628 5674 symptomata,
2649 5627 2712 5663 ex
2737 5611 2853 5676 ipsa
2895 5627 3074 5664 rerum
3107 5621 3296 5665 natura
3325 5618 3380 5662 et
3405 5611 3612 5676 absque
3640 5612 3802 5665 mira.

2252 5676 2375 5731 culo
2403 5694 2412 5727 :
2439 5677 2490 5731 in
2516 5682 2712 5747 quibus
2745 5693 2850 5732 non
2878 5679 3169 5748 injucunda
3189 5680 3353 5739 lectu,
3388 5693 3504 5745 qum
3527 5695 3699 5748 nuper
3740 5682 3798 5736 in
