3922 6314
147 364 238 422 ΞΠ

900 324 1174 424 onmno
1209 366 1312 425 x1.
1338 393 1401 403 -—
1429 367 1511 425 IN
1551 346 1856 427 LAUDEM
1894 369 1950 428 s.
1991 352 2347 428 MATTIIEI
2391 365 2636 425 APOST.

3235 361 3344 425 ἳὶὸ

144 478 228 528 καὶ
256 472 429 542 πηγὴν
480 472 598 542 ἕχον
643 474 829 536 νυκτὸς
861 477 952 527 καὶ
980 476 1190 545 ἡμέρας
1244 477 1677 544 ἀναὸράζουσαν,

1796 481 1849 533 iis
1882 481 2057 534 insula
2113 489 2220 542 est,
2255 479 2551 532 Vulcanum
2580 483 2791 539 vocant,
2826 476 2891 528 in
2922 491 3033 544 qua
3057 474 3180 529 lous
3211 475 3348 543 ignis

142 565 210 627 ὡς
233 565 388 632 μόνον
402 565 495 634 τὴν
515 564 608 617 τοῦ
633 564 922 616 ἀποστόλου
944 567 1244 634 παρουσίαν
1260 566 1474 636 ᾔσθετο,
1495 569 1677 638 ἐπειδὴ

144 658 204 723 τῇ
235 654 478 723 ὲγγύτητι
508 655 607 725 τὴν
643 654 893 723 Λιπάραν
918 655 1275 719 κατέϐλαπτε,
1305 657 1425 726 θείᾳ
1455 658 1680 726 δυνάμει

146 747 332 808 εὐθέως
366 746 651 813 ἀποσυρὲν,
685 746 820 797 ἑπτὰ
852 746 1091 809 σταδίους
1131 734 1344 816 μακρὰν
1369 747 1555 817 ᾤχετο,
1584 749 1677 802 τοῦ

149 835 490 905 παρασυρμοῦ
523 835 708 906 ὥσπερ
748 836 1011 905 ποταμίου
1065 836 1329 904 ῥεύματος
1369 839 1528 908 μέχρι
1581 841 1678 907 τῆς

150 929 367 995 σήμερον
411 925 471 977 τὸ
522 925 1220 994 θαῦμαάνακηρύττοντος.
1276 928 1340 978 ’Ὠ
1363 929 1678 997 παραδόξων

150 1014 477 1083 θαυμασίωνι
531 1013 575 1066 ὢ
630 1013 1069 1082 ὑπερϐαλλόντων
1122 1015 1675 1084 τερατουργημάτωνί

150 1105 241 1157 ποῦ
267 1104 480 1157 τοιαῦτα
508 1105 565 1156 ὲν
599 1105 748 1174 πάσῃ
768 1107 831 1174 τῇ
856 1105 944 1171 ὑφ’
964 1105 1112 1173 ἥλιον
1132 1105 1446 1171 διέγνωσται
1466 1124 1479 1171 ;
1501 1091 1678 1157 Ἐπει-

150 1195 205 1262 δὴ
223 1194 274 1246 δὲ
301 1195 549 1262 ἀνήγειρε
595 1193 690 1244 καὶ
737 1192 1036 1261 περικαλλῆ
1066 1192 1190 1245 ναδν
1217 1195 1245 1244 ὁ
1283 1193 1575 1254 ἐπίσκοπος
1604 1192 1681 1260 τῷ

152 1282 426 1350 ἀποστόλῳ,
454 1284 567 1333 κκαὶ
601 1284 658 1333 ὲν
687 1281 835 1350 αὺτῷ
884 1281 956 1344 ὼς
987 1279 1275 1350 πολύτιμον
1324 1280 1591 1351 θησαυρὸν
1621 1283 1682 1333 τὸ

156 1372 399 1439 μακάριον
448 1372 623 1424 ἐκεῖνο
679 1372 772 1423 καὶ
819 1370 1112 1438 σεϐάσμιον
1159 1371 1413 1423 κατέθετο
1433 1371 1682 1438 λείψανον

155 1464 311 1532 σῦντῇ
332 1462 572 1530 λάρνακι,
591 1463 674 1524 τίς
698 1461 916 1514 δύναται
939 1461 1173 1525 ἐξειπεῖν
1194 1461 1260 1513 τά
1282 1463 1458 1514 ὲκείσε
1489 1460 1686 1529 ὁσημέ-

132 1571 232 1620 .ρσι
261 1553 507 1622 γινόμενα
546 1553 834 1622 θαύματα;

225 1642 376 1695 Ἐτῶν
407 1638 500 1696 οὖν
527 1643 788 1695 πλείστων
829 1644 1310 1712 παραδραμόντων,
1348 1643 1404 1694 ἔν
1435 1643 1682 1711 ἐσχάτοις

153 1734 357 1800 καιροῖς,
390 1733 445 1783 ὲν
476 1733 591 1792 ταῖς
613 1731 840 1800 ἡμέραις
871 1731 1126 1804 Θεοφίλου
1155 1732 1246 1784 τοῦ
1272 1731 1527 1800 βασιλέως
1546 1732 1677 1799 (48),

129 1819 234 1872 ’τοῦ
265 1820 509 1889 φρουρίου
535 1823 592 1871 ὲν
614 1813 658 1886 ᾧ
683 1820 834 1886 ἅγιος
867 1820 1155 1882 ἀπόστολος
1198 1821 1477 1873 κατέκειτο
1510 1821 1596 1873 διὰ
1625 1821 1685 1872 τὺ
1713 1809 1757 1866 Β

154 1910 490 1980 πληθυνθῆναι
520 1909 615 1972 τὰς
645 1910 872 1978 ἀνομίας
900 1911 1054 1979 ἡμῶν
1080 1912 1183 1963 ὑπὸ
1218 1911 1324 1963 τῶν
1370 1911 1682 1980 ’Λγαρηνῶν

157 2000 542 2068 συλληφθέντος,
574 2000 666 2051 καὶ
693 2001 868 2070 πάσης
891 2002 988 2068 τῆς
1019 2001 1182 2070 νήσου
1220 2001 1468 2068 Λιπάρας
1498 2002 1683 2071 ἀοική-

157 2108 238 2143 του
264 2091 622 2160 διαμεινὰσης,
657 2092 684 2142 ὁ
712 2091 810 2158 τῆς
852 2091 1058 2154 πόλεως
1107 2091 1357 2144 Βενένδου
1398 2093 1576 2161 ἄρχων
1619 2092 1685 2145 τὰ

157 2182 458 2234 ἀποστολικά
485 2181 736 2250 θαύματα
765 2180 1076 2250 ἀναμαθὼν,
1123 2181 1300 2234 πίστει
1328 2181 1518 2252 ζεούσῃ
1553 2183 1684 2251 πρὸς

153 2271 234 2321 τὸν
247 2270 384 2338 ἀγιον
410 2271 668 2340 κινηθεὶς,
688 2271 749 2322 ὲκ
770 2271 868 2338 τῆς
899 2270 1236 2339 Ἀμαλφινῶν
1262 2272 1464 2334 πόλεως
1492 2271 1687 2341 ἄνδρας

154 2360 289 2422 τινὰς
331 2362 686 2430 ναυσιπόρους
747 2361 1278 2430 προσκαλεσάμενος,
1337 2363 1428 2414 καὶ
1479 2362 1686 2424 τούτοις

156 2453 388 2518 χρήματα
442 2445 620 2504 ίκανά
652 2450 831 2503 δοῦναι
895 2451 1401 2519 ἐπαγγειλάμενος,
1458 2452 1686 2521 ἠξίωσεν

158 2542 407 2604 ἀπελθεῖν,
442 2542 536 2594 καὶ
566 2541 657 2594 τὸν
679 2540 966 2605 πολύτιμον
989 2528 1190 2594 ἐκεῖνον
1217 2542 1350 2611 πρὸς
1380 2542 1538 2595 αὐτὸν
1559 2545 1688 2596 ἀνα-

153 2630 355 2700 κομίσαι
388 2631 673 2700 θησαυρόν.
714 2632 778 2684 ⁸0
807 2634 899 2684 καλ⁵
921 2631 1154 2699 ἐγένετο.

233 2721 284 2775 ιο
309 2721 431 2788 γοῦν
472 2723 656 2792 ῥηθεὶς
689 2722 869 2790 ἄρχων
891 2725 954 2775 ὲκ
976 2722 1167 2776 πολλοῦ
1199 2724 1560 2795 διαστήματος
1591 2728 1689 2794 τῆῖ

155 2811 407 2880 θαλάσσης
433 2811 532 2873 ὢν,
561 2811 652 2864 τόν
678 2830 737 2864 τε
764 2812 855 2864 τοῦ
903 2814 1063 2866 τόπου
1097 2817 1392 2893 ἐπίσκοπον
1443 2818 1533 2868 καὶ
1565 2816 1693 2869 πολ·
1740 2846 1743 2848 -

155 2901 264 2964 λοὺς
290 2903 473 2965 ἄλλους
503 2901 597 2955 τοῦ
629 2919 688 2954 τε
734 2902 933 2973 κλήρου
989 2905 1084 2956 καὶ
1125 2908 1219 2958 τοῦ
1263 2906 1510 2958 πλείστου
1562 2905 1689 2958 λαοῦ

157 2997 488 3064 σνγκινήσας,
539 2994 674 3062 πρὸς
697 2993 934 3064 ὑπαντὴν
968 2995 1189 3064 ἐξῆλθεν
1217 2996 1311 3049 τοῦ
1361 2997 1652 3050 ἀποστόλου
1672 3014 1687 3028 ο

1787 569 2057 626 ebulliens
2086 575 2244 622 nocte
2276 567 2491 634 dieque.
2527 565 2673 628 Haec,
2706 565 2796 618 ubi
2829 565 3093 619 duntaxat
3117 564 3349 632 apostoli

1787 659 1956 713 sensit
1977 657 2457 724 adventum.quod
2489 655 2769 709 vicinitate
2821 655 3068 723 Liparam
3111 654 3379 708 oblaeder

1787 750 1901 813 bat,
1928 749 2112 802 divina
2145 748 2389 817 potentia
2421 747 2604 822 statim
2631 753 2887 805 retracta.
2929 754 3134 814 septem
3159 746 3350 812 procul

1787 841 1976 895 stadiis
2000 841 2255 902 recessit;
2281 838 2425 907 quod
2451 837 2770 892 miraculum
2797 845 3000 890 tractus
3027 837 3177 890 velut
3197 851 3349 890 rece-

1786 933 1966 986 dentis
1997 930 2148 984 ﬂuvii
2182 931 2235 984 in
2264 930 2416 1005 hunc
2437 944 2610 997 usque
2641 925 2783 982 diem
2833 928 3092 996 przedicat
3124 943 3187 982 ac
3217 943 3348 995 pro-

1787 1024 1886 1078 dit.
1925 1022 2235 1077 Oinaudita
2280 1021 2656 1089 stupendaque
2697 1021 2995 1073 miracula!
3052 1035 3085 1071 o
3131 1019 3348 1073 modum

1789 1129 2004 1167 omnem
2037 1111 2357 1167 excedentia
2387 1111 2666 1180 prodigial
2701 1111 2801 1166 Ubi
2842 1111 2967 1162 talia
3001 1111 3053 1163 in
3097 1111 3351 1163 universa

1787 1221 1907 1273 qua:
1931 1204 2032 1257 sub
2058 1204 2171 1257 sole
2200 1211 2283 1255 est
2301 1202 2555 1270 cognita?
2579 1203 2872 1269 Postquam
2895 1214 3025 1252 vero
3046 1201 3210 1253 etiam
3239 1199 3354 1265 epi—

1788 1306 1987 1360 scopus
2021 1292 2326 1360 elegantem
2397 1288 2570 1341 aedem
2606 1288 2851 1356 apostolo
2884 1287 3238 1350 excitaverat,
3266 1295 3350 1339 at-

1787 1398 1892 1451 que
1920 1382 1974 1434 in
1998 1381 2086 1440 illa
2110 1380 2266 1448 quasi
2290 1379 2592 1447 pretiosum
2619 1379 2954 1440 thesaurum,
2977 1378 3192 1430 beatum
3221 1375 3350 1429 illud
3417 1363 3421 1368 ’

1788 1486 1851 1524 ac
1885 1468 2198 1522 venerabile
2231 1468 2440 1536 pignus
2496 1481 2622 1519 cum
2665 1482 2798 1518 urna
2852 1465 3198 1534 deposuerat,
3229 1465 3353 1534 quis

1786 1559 1991 1613 referre
2021 1556 2194 1626 possit
2221 1564 2421 1623 quanta
2460 1555 2534 1608 ibi
2560 1554 2804 1622 quotidie
2833 1553 3025 1607 tierent
3059 1555 3354 1607 miracula?
3452 1591 3458 1597 -

1857 1649 2040 1717 Longa
2097 1647 2278 1715 itaque
2314 1661 2578 1698 annorum
2613 1645 2838 1699 decursa
2885 1644 3048 1708 serie,
3092 1643 3353 1697 extremis

1790 1740 2147 1808 temporibus,
2182 1738 2236 1790 in
2267 1736 2462 1790 diebus
2484 1735 2773 1802 Theophili
2802 1733 3172 1802 imperatoris,
3195 1739 3354 1800 capto

1786 1832 1852 1884 ab
1878 1828 2160 1898 Agarenis,
2210 1827 2280 1880 ob
2334 1827 2491 1894 plura
2527 1833 2712 1878 nostra
2743 1825 2971 1881 scelera.
3018 1823 3072 1875 in
3102 1837 3212 1890 quo
3231 1837 3356 1874 san-

1785 1928 1907 1972 ctus
1951 1913 2490 1986 apostol'usjacebat,
2522 1913 2799 1982 prtesidio,
2849 1913 3108 1980 omnique
3153 1911 3348 1977 Lipara

1786 2009 1962 2063 insula
1991 2013 2244 2060 manente
2267 2006 2527 2069 desolata,
2564 2004 2957 2056 Beneventanaa
2987 2002 3140 2055 urbis
3194 2015 3351 2068 regu-

1785 2106 1893 2159 lus,
1918 2095 2148 2165 apostoli
2181 2093 2453 2161 perceptis
2483 2091 2781 2154 miraculis,
2811 2089 3043 2143 ferventi
3066 2104 3194 2155 erga
3223 2103 3350 2140 san-

1786 2196 1932 2242 ctum
1967 2185 2070 2239 ﬁde
2090 2184 2378 2245 excitatus,
2402 2173 2796 2249 Amalphitanze
2841 2180 2994 2232 urbis
3043 2177 3224 2232 nautis
3251 2176 3351 2229 ali—

1786 2287 1920 2347 quot
1940 2277 2271 2350 convocatis,
2303 2291 2366 2330 ac
2395 2283 2626 2343 quantas
2657 2289 2754 2341 par
2778 2283 2897 2326 erat
2928 2272 3187 2341 pecunias
3218 2269 3348 2321 dare

1786 2369 2081 2437 pollicitus,
2107 2367 2188 2421 ire
2209 2366 2390 2436 jussit,
2420 2380 2484 2419 ac
2512 2365 2811 2434 pretiosum
2843 2363 2994 2416 illum
3036 2362 3348 2414 thesaurum

1789 2458 1855 2512 ad
1886 2473 1943 2512 se
1973 2456 2209 2513 deferre.
2245 2455 2399 2520 Quod
2429 2463 2486 2509 et
2518 2454 2768 2523 contigit.

1858 2727 2029 2792 Quem
2079 2724 2320 2780 dicebam
2375 2723 2557 2790 itaque
2613 2735 2677 2776 re
2721 2720 2830 2775 tlus
2883 2720 3044 2788 longo
3097 2717 3351 2787 procula

1790 2817 1925 2871 mari
1964 2815 2269 2876 intervallo,
2307 2813 2594 2881 accitoque
2624 2810 2733 2865 loci
2770 2810 3028 2880 episcopo
3058 2808 3350 2876 multisque
3447 2819 3450 2822 ‘

1791 2906 1931 2968 aliis,
1960 2913 2074 2957 tum
2106 2919 2173 2958 ex
2196 2903 2342 2957 clero
2372 2910 2487 2954 tum
2520 2917 2587 2956 ex
2618 2900 2762 2969 vulgi
2790 2900 2946 2968 plebe
2975 2899 3029 2952 in
3063 2914 3348 2952 occursum

1791 2994 2023 3064 apostoli
2062 2993 2267 3056 exivit;
2294 2993 2701 3060 adductumque
2736 2990 3104 3044 Beneventum
3135 3002 3352 3042 sacrum

155 3078 210 3136 οὗ
234 3085 320 3136 καὶ
349 3085 406 3136 τὺ
431 3085 586 3150 ἀγιον
614 3082 865 3151 λείψανον
901 3085 958 3137 ἐν
986 3087 1051 3154 τῇ
1095 3085 1245 3138 πόλει
1273 3086 1523 3138 Βενένδου
1555 3088 1689 3154 ἀγα-

1796 3087 2006 3153 pignus,
2027 3085 2082 3137 in
2107 3082 2400 3138 venerabili
2445 3082 2559 3135 ade
2603 3080 2857 3149 deposuit
2884 3098 2896 3131 :
2954 3079 3048 3132 ubi
3079 3079 3240 3131 etiam
3264 3092 3354 3145 op.

155 3174 274 3240 γὼν,
307 3177 363 3228 ὲν
391 3174 666 3243 σεῦασμίῳ
697 3174 843 3244 τόπῳ
873 3175 1148 3231 κατέθετο.
1211 3177 1376 3229 Ἔνθα
1403 3179 1494 3231 καὶ
1525 3178 1691 3240 ίάσεις

156 3265 452 3317 ἐπιτελῶν-ὁ
485 3266 656 3332 μέγας
695 3264 1006 3329 ἀπόστολος,
1040 3267 1172 3319 πᾶσι
1218 3269 1328 3329 τοῖς
1352 3267 1528 3319 ἐκεῖσε
1562 3266 1698 3320 ἐδεί-

157 3370 322 3418 κνυτο,
345 3355 420 3418 είς
444 3354 600 3421 δόξαν
623 3355 716 3406 τοῦ
741 3354 1083 3423 ὑπεραγάθου
1106 3355 1238 3409 Θεοῦ
1265 3356 1437 3425 ἡμῶν.

745 3490 958 3542 ΛΟΓΟΣ
995 3491 1094 3543 lA'.

160 3603 252 3668 Εἰς
297 3597 400 3656 τὸν·
439 3603 607 3668 ἅγιον
639 3604 733 3654 καί
768 3605 1152 3671 πανεύςοημον
1199 3605 1542 3657 ἀπόστολον
1592 3603 1690 3654 καί

444 3673 875 3740 εὐαγγελιστὴν
902 3672 1198 3726 Ματθαῖον
1228 3672 1356 3741 (49).

219 3782 486 3835 Ματθαίου
516 3781 574 3833 δὲ
609 3782 826 3849 μνήμης
874 3781 925 3832 τί
967 3781 1031 3833 ἂν
1065 3782 1269 3847 γένοιτο
1306 3763 1688 3850 χαριέστερον;

160 3871 228 3925 Δι’
254 3873 330 3925 ὅτι
358 3871 417 3924 οὗ
447 3872 601 3940 ψιλὸν
621 3872 762 3940 ἡμῖν
791 3869 881 3922 τὸν
926 3870 1240 3936 ἀπόστολον,
1289 3872 1426 3923 κατὰ
1453 3871 1576 3933 τοὺς
1599 3871 1691 3924 ἀλ-

163 4047 425 4101 Relatione
453 4045 644 4098 insulze
688 4049 886 4096 sanctae
916 4041 1084 4095 lrenaa
1115 4053 1280 4109 prope
1333 4039 1547 4094 Cretam
1595 4039 1693 4092 ha-

164 4117 347 4170 bentur
375 4115 597 4180 scripta.
954 4151 961 4157 .

226 4184 329 4251 (48)
375 4184 468 4234 Ἐν
488 4177 617 4242 ταῖς
650 4181 892 4246 ἡμέραις
929 4178 1227 4251 ΘεοφίλουΔ
1243 4177 1346 4229 τοῦ
1371 4177 1690 4251 βασιλέως.

166 4246 434 4320 Appendix
481 4251 835 4320 Anastasiana
884 4247 1109 4320 perinde
1142 4246 1329 4320 refert,
1380 4247 1480 4298 etsi
1516 4247 1694 4298 Theo-

163 4315 283 4390 phili
328 4336 435 4390 non
488 4317 768 4390 meminit;
801 4318 1084 4390 pauloque
1107 4315 1276 4390 aliter
1308 4330 1437 4390 rem_
1469 4325 1650 4390 narrat
1677 4331 1690 4377 ;

1791 3176 2004 3246 pidanis
2059 3173 2314 3228 omnibus
2362 3173 2677 3228 sanctitates
2726 3179 2992 3239 'prazstans
3022 3167 3353 3222 clarescebat

1792 3281 2020 3336 magnus
2051 3265 2351 3333 apostolus,
2390 3263 2446 3316 in
2497 3263 2592 3315 Dei
2627 3262 2799 3317 nostri
2833 3260 3079 3330 gloriam,
3108 3257 3202 3328 qui
3231 3271 3351 3311 om-

1793 3372 1916 3412 nem
1943 3356 2073 3410 boni
2096 3355 2361 3409 rationem
2388 3354 2623 3422 excedit.

2374 3485 2631 3540 ORATIO
2677 3486 2770 3540 XI.

1795 3600 2052 3655 Laudatio
2071 3599 2240 3654 sancti
2269 3597 2757 3668 celebratissimique
2779 3597 3002 3668 apostoli
3022 3604 3069 3651 et
3092 3594 3350 3665 evangeli-

2376 3675 2470 3721 sta?
2506 3667 2757 3721 Maltluci.

1866 3779 2098 3834 Matthmi
2136 3779 2396 3833 memoria
2421 3779 2680 3846 quidnam
2725 3766 2889 3831 fuerit
2934 3776 3176 3846 gratius?
3202 3777 3349 3844 quod

1794 3870 2003 3925 scilicet
2024 3885 2132 3925 non
2152 3869 2357 3938 nudum
2385 3869 2543 3923 nobis
2572 3870 2897 3938 apostolum.
2925 3870 3065 3922 sicut
3089 3867 3345 3936 reliquos,

1796 4039 1927 4093 mihi
1962 4039 2012 4092 in
2042 4054 2234 4092 manus
2259 4055 2364 4091 non
2395 4055 2619 4098 venere:
2661 4049 2715 4092 et
2738 4040 2873 4093 forte
2918 4040 3221 4108 potuissent
3273 4051 3348 4095 la-

1793 4109 2200 4177 boremlevare,
2226 4109 2562 4177 gratiamque
2595 4109 2640 4161 is
2670 4109 2783 4174 ipse
2815 4110 3049 4173 fecisset,
3081 4111 3122 4162 si
3147 4125 3212 4163 ex
3243 4111 3349 4167 illis

1791 4176 1993 4244 aliquid
2048 4176 2246 4229 saltem
2286 4177 2575 4230 delibasset
2608 4196 2620 4230 :
2651 4179 2754 4230 nisi
2797 4187 2924 4230 sunt
2953 4178 3038 4230 illa
3077 4178 3190 4244 ipsa
3226 4195 3347 4246 quae

1795 4246 1971 4299 all‘ert.
1996 4245 2098 4316 Ait
2126 4257 2305 4316 autem
2335 4246 2629 4316 se__legissc
2665 4247 2717 4298 in
2749 4246 2931 4298 libello
2970 4245 3253 4316 Hippolyti
3274 4249 3349 4302 De

1791 4315 2057 4366 duodecim
2079 4313 2350 4380 apostolis,
2383 4314 2687 4366 Mattha’um
2719 4317 2980 4366 uictimam
3007 4313 3200 4381 factum
3239 4320 3344 4369 vir-

164 4380 345 4455 nempe
368 4387 562 4441 factam
588 4380 976 4438 revelationem
997 4380 1213 4455 cuidam
1231 4384 1493 4455 monacho
1509 4382 1693 4455 Graaeo
1794 4384 2029 4455 ginitatis
2061 4398 2082 4455 :_
2102 4382 2366 4455 alludente
2388 4385 2633 4455 nimirum
2664 4393 2874 4455 auctore
2901 4385 2969 4455 od
2991 4380 3260 4455 historiam
3281 4386 3349 4437 de

550 4471 669 4525 ossa
711 4454 986 4525 colligeret
1050 4453 1200 4525 signo
1252 4451 1420 4525 divini
1473 4453 1692 4525 luminis
1727 4430 3260 4525 ι)-ἒαὶιξῖά⁷1ιέὴέᾰέὶὲὶᾷὖὶὲῥέῆἕῖἇιῖέεῗὲξῖἱιλῆθέᾎῖῧὲ

164 4520 358 4596 agnita;
399 4539 519 4592 qua:
545 4524 657 4596 ipsa
685 4525 801 4591 ejus
830 4520 906 4596 rei
939 4520 1100 4583 fama,
1134 4521 1248 4596 sive
1274 4521 1436 4596 etiam
1461 4521 1698 4596 miracu_-_

165 4589 323 4649 lorum
364 4589 481 4662 quae
519 4589 647 4645 olim
695 4589 1114 4662 percrebuerant
1157 4589 1209 4662 i_n
1249 4589 1418 4642 sancti
1469 4590 1695 4657 apostoli

165 4657 395 4725 tumulo;
433 4664 484 4715 in
520 4657 903 4720 causa—fuerit,
943 4668 1002 4711 ut
1041 4657 1113 4709 ita
1164 4657 1575 4710 Beneventanus
1612 4673 1698 4710 re-

165 4735 306 4801 gulus
336 4748 428 4785 seu
459 4731 825 4801 magistratus,
851 4744 962 4801 per_
979 4725 1275 4801 conductos
1295 4726 1699 4801 Amalphitanos

167 4794 340 4856 nautas
383 4794 598 4854 sacrum
654 4794 866 4867 pignus
902 4794 1361 4867 sibi_‘rapiendum
1399 4796 1693 4862 putaverit,

169 4871 265 4937 ipso
310 4869 537 4923 forsitan
583 4863 1079 4937 Graeéojmonacho
1139 4871 1433 4922 annuente,
1489 4873 1546 4937 et
1570 4879 1691 4915 cum

167 4931 312 4992 a'suis
340 4937 541 4991 Grecis
594 4936 730 4988 nihil
778 4935 887 5001 jam
920 4934 1039 5000 opis
1085 4940 1442 5001 exspectaret.
1496 4931 1694 5001 Sicque

166 5010 248 5060 alia
272 5009 431 5060 aliam
477 5006 630 5073 juvet
688 4999 1092 5073 narratio,an
1135 4999 1428 5073 quidquam
1479 4999 1693 5073 ofﬁciat.

222 5078 326 5145 (ιθ)
355 5069 591 5128 Μαιῶπί
628 5087 734 5145 res,
780 5081 974 5145 pneter
1000 5069 1350 5139 Evangelium
1385 5070 1450 5145 ab
1471 5084 1536 5121 eo
1557 5071 1694 5121 scri-

171 5138 318 5207 ptum,
349 5145 597 5196 obscura:
626 5138 913 5193 admodum
949 5138 1275 5207 remansere,
1313 5138 1476 5207 nullis
1525 5147 1697 5207 icertze

174 5205 268 5265 ﬁdei
300 5212 621 5265 auctoribus
666 5209 1026 5276 consignatae;
1064 5205 1244 5276 Abdia
1277 5206 1573 5274 Babylonio
1600 5206 1695 5276 iia-

172 5280 337 5334 lmloso
366 5291 593 5334 auctore
618 5276 728 5329 fere
760 5275 1003 5344 proditae,
1035 5289 1192 5340 quem
1235 5275 1409 5341 ipsum
1440 5275 1696 5328 exscribit

173 5350 464 5410 l‘erionius;
517 5345 771 5414 quodque
803 5344 948 5396 nulla
1003 5344 1161 5414 all‘ert
1211 5351 1453 5399 veterum
1503 5358 1696 5395 monu-

172 5428 348 5479 menta,
378 5411 583 5469 nullam
615 5411 702 5467 eis
735 5414 992 5481 majorem
1029 5411 1280 5481 conferre
1315 5414 1691 5465 auctoritatem

169 5496 351 5538 certum
374 5493 476 5539 est.
513 5485 642 5548 Quae
669 5480 938 5534 novissime
981 5495 1042 5530 ea:
1083 5480 1307 5546 antiquis
1329 5482 1690 5548 _mor_tumentis

169 5563 207 5604 et
240 5546 552 5606 sanctorum'
589 5551 810 5603 Patrum
838 5549 1041 5614 scriptis
1084 5547 1287 5613 collegit
1321 5546 1382 5598 Π.
1431 5546 1493 5599 D.
1525 5548 1690 5601 Marc.

169 5623 402 5673 Antonius
450 5621 708 5675 Columna
759 5617 1163 5684 archiepiscopus
1215 5614 1598 5677 Sulcrnitanus,
1643 5625 1690 5667 et

170 5707 278 5743 sane
299 5691 498 5746 quidem
519 5691 738 5748 erudite,
771 5693 831 5738 ut
855 5694 1040 5738 auctor
1054 5695 1135 5739 est
1158 5684 1418 5736 Baronius
1434 5685 1501 5737 .in
1525 5686 1688 5749 notis,

1799 4537 1858 4572 eo
1881 4521 1984 4571 Deo
2013 4521 2214 4572 dicatas
2236 4521 2436 4586 Nempe
2459 4521 2654 4586 legitur
2680 4520 2734 4574 in
2759 4522 2905 4576 Actis
2934 4520 3039 4574 illis
3053 4523 3310 4576 Abdianis
3330 4537 3376 4575 εδ

1799 4604 2066 4669 nusquam
2103 4588 2233 4669 alibi
2265 4607 2275 4640 :
2313 4589 2444 4669 mihi
2481 4588 3346 4669 editusullippolyti“indiculus

1799 4657 1933 4727 nihil
1958 4657 2117 4710 habet
2143 4657 2438 4724 ejusmodi;
2476 4666 2530 4709 at
2557 4673 2655 4710 nec
2675 4657 2906 4710 Matlluei
2935 4657 2986 4710 in
3013 4657 3342 4727 Ethiopiam

1799 4726 2010 4796 itineris
2048 4735 2141 4778 aut
2171 4727 2588 4796 praedicationis,
2630 4742 2749 4796 quae
2769 4727 2994 4793 proinde
3024 4726 3344 4796 videri’pos-

1799 4796 1907 4848 sint
1941 4795 1991 4846 in
2027 4795 2310 4861 Hippolyto
2361 4794 2662 4848 subdititiaQ
2723 4796 3102 4863 Metaphrastis
3126 4794 3344 4852 nomine

1797 4864 2011 4928 vulgata
2039 4863 2168 4916 Acta
2218 4879 2248 4915 a
2301 4864 2593 4930 Lipomano
2650 4872 2703 4915 et
2757 4864 2919 4917 Surio
2947 4867 3169 4924 omissa.
3222 4882 3345 4919 cum

1796 4931 2628 5002 probatioravideantugquam
2675 4932 2764 4985 illa
2795 4935 2962 4986 altera
3021 4936 3097 4989 illi
3142 4950 3342 5002 reprae—

1798 5010 2025 5062 sentata,
2073 5000 2356 5068 eidemque
2406 5001 2705 5068 Lipomano
2738 5004 2975 5055 secundo
3026 5004 3145 5056 loco
3176 5000 3337 5062 edita,

1797 5078 1945 5122 extra
1975 5070 2248 5121 Parthiam
2288 5085 2393 5122 non
2429 5071 2646 5121 trahunt
2678 5069 3008 5133 Matthznum,
3038 5081 3094 5125 et
3147 5072 3334 5123 lliera-

1796 5139 1960 5206 polim
1991 5137 2175 5206 Syriae,
2207 5139 2382 5204 inqua
2412 5138 2728 5206 martyrium
2759 5138 2967 5193 fecerit.
2995 5142 3070 5193 Ac
3108 5141 3171 5192 de
3199 5139 3337 5204 Iphi-

1797 5208 1973 5270 genia,
2006 5215 2209 5258 certum
2241 5214 2342 5265 est,
2377 5213 2573 5272 praeter
2609 5222 2774 5259 novas
2821 5211 3085 5261 Romanas
3128 5207 3336 5258 tabulas

1796 5275 2025 5328 Baronio
2056 5275 2283 5338 aliisque
2305 5284 2512 5336 auctas,
2551 5275 2719 5328 Clem.
2772 5278 2881 5329 Vlll
2908 5291 3117 5329 summo
3159 5274 3335 5342 ponti-

1798 5343 1914 5404 fice,
1942 5345 2112 5394 nullas
2143 5343 2275 5393 alias
2299 5344 2415 5410 ejus
2442 5359 2634 5396 nomen
2675 5344 2896 5406 habere,
2942 5362 3008 5396 ne
3041 5341 3168 5411 ipsis
3215 5341 3337 5410 qui-

1794 5411 1916 5481 dem
1951 5411 2215 5481 Romanas
2243 5413 2403 5481 paulo
2431 5412 2770 5481 superiores;
2806 5413 2858 5465 in
2883 5414 3077 5481 quibus
3107 5413 3206 5463 hoc
3232 5425 3337 5481 so-

1795 5480 1905 5532 lum
1937 5481 1999 5532 de
2029 5479 2276 5532 Matthmo
2307 5498 2318 5530 :
2357 5480 2545 5531 Natale
2584 5484 2750 5534 sancti
2778 5479 3004 5534 litati/lari
3043 5479 3259 5544 apostoli
3285 5487 3334 5530 et

1794 5548 2139 5616 evangelistw,
2165 5549 2252 5614 qui
2274 5549 2413 5618 apud
2432 5548 2752 5618 ίΕιΙιὶορίαηι
2804 5551 3107 5617 prmlirans,
3137 5557 3336 5618 marty-

1792 5619 2228 5684 riumpassuscst.
2264 5617 2428 5679 Hujus
2460 5617 2798 5684 Evangelia»:
2824 5619 3070 5671 Ilcln'airo
3099 5617 3336 5671 sermone

1795 5688 2169 5752 conscriptum,
2217 5684 2418 5738 Christo
2485 5691 2776 5750 retu-laute,
2828 5696 3054 5753 tempore
3112 5687 3333 5741 Zenonis
