3922 6314
657 376 764 440 293
1850 382 2134 440 NICETzE
2171 381 2690 439 PAPIILAGONIS
2973 417 2975 420 -
3790 375 3874 434 ‘33:

661 484 933 554 Evangelii
960 486 1409 553 conscriptionctn
1437 487 1676 540 animum
1708 467 1903 561 adjecit
1927 504 1940 550 ;
1973 486 2205 553 primus-

2315 481 2393 547 έος
2421 485 2692 546 Ματθαῖος
2727 483 2819 535 ἐπὶ
2845 484 2940 552 τὴν
2969 483 3115 551 ίερὰν
3142 480 3232 535 τοῦ
3257 482 3580 548 Εὑαγγελίου
3617 474 3739 548 ἧκε
3771 499 3876 544 συξ-

659 588 763 642 que
785 575 991 627 Novum
1020 575 1174 628 nobis
1196 575 1600 628 Testamentum
1624 575 1918 628 enarravit.
1969 576 2045 628 Ac
2066 574 2205 626 sicut

661 661 747 715 ille
774 663 901 714 olim
934 663 1104 716 Moses
1158 664 1382 731 primam
1418 663 1603 715 mundi
1625 662 1921 732 originem,
1961 677 2021 716 ac
2054 663 2206 715 dein—

657 765 785 818 ceps
813 752 1054 804 omnium
1104 753 1195 804 Dei
1244 767 1467 820 operum
1499 751 1957 820 magniﬁcentiora
2004 735 2207 818 scripto

655 841 1034 908 consignavit:
1073 840 1149 894 sic
1182 841 1440 893 nimirum
1490 849 1544 894 et
1565 842 1686 902 iste,
1718 839 1918 893 Christi
1965 840 2056 893 Dei
2082 848 2203 892 ortu

655 929 949 993 recensito,
969 930 1112 984 illius
1127 929 1322 982 exinde
1352 931 1734 983 miraculorum
1760 944 1972 982 omnem
1997 931 2206 998 magni-

654 1021 910 1080 centiam,
965 1021 1164 1072 divinis
1220 1021 1427 1089 scripto
1485 1018 1963 1087 praedicationibus
2018 1019 2201 1072 tradit.

655 1109 936 1162 lllattluens
990 1110 1222 1181 scilicet.
1257 1111 1428 1163 fidelis
1481 1125 1544 1163 ac
1595 1110 1834 1177 prudens
1864 1109 2207 1176 dispensator

654 1197 848 1258 Patris,
874 1199 1088 1266 sapiens
1106 1212 1434 1267 magnusque
1465 1197 1628 1250 Verbi
1658 1197 2013 1265 evangelista;
2042 1198 2205 1251 Para—

654 1285 780 1336 cleti
807 1285 1042 1354 denique
1071 1284 1387 1354 Splendidus
1410 1284 1728 1354 praedicator
1750 1299 1813 1339 ac
1831 1285 2008 1338 scriba
2029 1287 2204 1340 velox.

723 1458 1026 1521 Matthreus,
1078 1458 1232 1526 cujus
1285 1458 1330 1511 si
1360 1473 1558 1513 nomen
1609 1459 2001 1527 interpreteris,
2045 1463 2211 1516 dona-

657 1558 739 1599 tus
774 1547 907 1614 (49’)
939 1547 1141 1599 dicitur
1165 1564 1176 1599 :
1207 1563 1236 1600 e
1264 1547 1465 1599 mundo
1487 1547 1704 1615 quidem
1731 1549 1878 1601 velut
1905 1552 2208 1618 pulcherri-

654 1653 738 1689 ma
771 1637 1057 1702 gdelibatio,
1122 1636 1354 1689 donatus
1411 1636 1628 1690 Christo
1670 1653 1734 1690 ac
1768 1637 1952 1693 divino
2003 1640 2206 1708 Spiritu

652 1725 867 1794 genitus
907 1726 1190 1792 Verbaque
1222 1725 1466 1779 veritatis
1499 1726 1791 1794 perfectus,
1826 1728 1893 1780 ab
1938 1729 2058 1802 ipso
2086 1746 2206 1784 rur-

651 1792 746 1869 sus
767 1815 822 1868 in
845 1816 1019 1868 lucem
1048 1824 1102 1869 et
1133 1816 1358 1870 salutem
1383 1792 1622 1886 gentium
1653 1817 1886 1888 donatus
1918 1792 2207 1888 estusque
2237 1792 2282 1848 Β

651 1907 718 1959 ad
767 1914 1066 1960 extremum
1129 1916 1285 1961 terra
1329 1909 1365 1950 ⁸-
1421 1909 1521 1962 llic
1554 1925 1653 1964 nos
1678 1910 1840 1963 hodie
1878 1925 2201 1970 convocans.

650 2010 910 2062 suamque
931 1996 1099 2064 ipsius
1123 1999 1437 2051 memoriam
1457 1993 1901 2067 splendidissima;
1917 2001 2205 2054 celebrita-

651 2085 722 2140 tis
736 2096 1110 2155 argumentum
1132 2082 1598 2156 prmstausJaatam
1617 2091 1846 2142 maxime
1865 2105 1928 2142 ac
1944 2090 2206 2142 admiran-

652 2176 775 2228 dam
801 2177 1180 2230 desiderabilis
1211 2178 1442 2231 convivii
1468 2179 1925 2248 compotationem
1977 2179 2201 2244 indixit;

651 2266 876 2320 solidam
907 2267 1126 2335 quidem
1178 2283 1240 2322 ac
1270 2269 1562 2336 perfectam
1605 2284 1802 2330 escam,
1840 2270 2204 2337 conscriptum

653 2354 720 2408 ab
750 2371 815 2409 eo
848 2355 1204 2425 Evangelium
1240 2372 1537 2425 apponens,
1574 2359 1866 2427 gratiaeque
1900 2375 2206 2414 sermonem

651 2462 720 2499 ex
733 2446 848 2514 ejus
863 2461 956 2500 ore
975 2447 1356 2515 procedentem
1373 2449 1393 2479 "
1417 2450 2004 2502 velutsacratissimum
2025 2464 2207 2518 quem-

653 2535 777 2588 dam
803 2547 1065 2589 craterem
1089 2537 1344 2603 miscens,
1380 2538 1694 2606 Christique
1727 2549 1971 2594 amantes
1998 2540 2206 2594 animos

653 2639 841 2680 omnes
867 2625 1167 2679 laatiiicans.

724 2714 831 2768 Sed
862 2714 1142 2782 videamus
1169 2717 1315 2784 quali
1336 2731 1401 2769 ex
1430 2715 1560 2779 vita,
1592 2731 1654 2769 ac
1682 2716 1912 2770 instituti
1946 2719 2098 2785 prius
2117 2733 2208 2786 ge-

652 2820 784 2860 nere
813 2806 896 2858 vir
921 2806 1131 2869 beatus,
1167 2806 1234 2859 ad
1270 2822 1429 2873 quem
1453 2807 1691 2860 evaserit
1715 2806 1873 2860 linem
1901 2823 1913 2858 ε
1940 2808 2207 2862 excellen-

658 2905 873 2962 temque
904 2895 1259 2948 mutationem
1317 2910 1636 2964 summeque
1677 2896 1972 2950 inauditam
2003 2897 2057 2950 in
2088 2912 2203 2952 me-

653 2986 760 3038 lius
793 2985 1298 3040 transmutationem
1325 2984 1675 3058 admirantes,
1712 2985 2014 3040 mirabilem
2038 2988 2205 3042 Deum

655 3075 710 3128 in
738 3075 968 3146 justitia,
999 3076 1299 3199 mifrabilem
1321 3075 1375 3128 in
1398 3074 1639 3128 bonitate
1674 3077 2095 3144 magniﬁcemus.
2158 3134 2161 3137 ,

725 3249 1054 3304 Publicanus
1082 3248 1233 3318 prius
1263 3247 1384 3311 fuit,
1433 3248 1636 3302 Christi
1667 3259 1854 3318 postea
1880 3249 2205 3321 discipulus;

657 3354 720 3393 ac
746 3340 1099 3408 pecuniarum
1133 3340 1507 3401 ratiocinator,
1534 3340 1816 3408 Evangelii
1851 3342 2121 3411 interpres
2155 3353 2210 3397 et

658 3437 961 3482 enarrator.
1005 3429 1330 3482 Pnblicanus
1359 3444 1554 3497 nempe
1597 3430 1902 3484 institutum
1930 3433 2073 3500 quod
2105 3434 2210 3501 piis

659 3518 890 3572 maxime
912 3518 1334 3582 abhorrendum,
1364 3519 1734 3588 religiosaeque
1751 3523 1950 3575 mentis
1976 3523 2210 3577 homini-

661 3606 763 3659 bus
791 3606 1232 3659 scelestissimum
1271 3606 1554 3660 habeatur.
1580 3607 1719 3672 Quid
1744 3610 1888 3662 enim
1921 3611 2211 3665 violentius

660 3706 754 3748 aut
777 3697 945 3765 magis
971 3697 1328 3765 tyrannicum,
1361 3713 1521 3765 quam
1555 3699 1812 3765 pecunias
1852 3700 2088 3754 conﬂare
2115 3715 2209 3754 ea-

665 3773 898 3853 rumque.
925 3796 1228 3839 exactorem
1260 3789 1412 3840 esse?
1439 3787 1578 3856 Quid
1610 3805 1738 3842 vero
1775 3790 1895 3843 vita:
1922 3805 1986 3844 ex
2035 3792 2213 3845 Evan—

661 3879 784 3948 gelii
821 3878 1124 3932 rationibus
1182 3879 1442 3931 institutae
1493 3878 1661 3947 magis
1692 3879 1998 3944 adversum,
2051 3897 2211 3949 quam

663 3970 967 4038 opprimere
1020 3969 1228 4031 viduas,
1287 3984 1693 4036 pauperumque
1751 3971 1958 4025 animas
2016 3970 2213 4041 injuste

667 4062 875 4112 trahere
897 4068 1056 4126 atque
1086 4074 1298 4122 vexare,
1323 4058 1435 4111 sive
1465 4058 1627 4110 etiam
1655 4059 1817 4128 juste,
1851 4069 1910 4112 ut
1940 4062 2215 4114 existima-

665 4152 794 4202 tur?
820 4150 1084 4216 Utrinque
1123 4149 1267 4200 enim
1317 4157 1522 4201 attenta
1559 4158 1761 4202 naturze
1787 4151 2040 4218 mquitate
2087 4167 2215 4205 vere

664 4241 814 4292 locus
837 4239 1046 4307 injurim
1070 4246 1172 4297 cst,
1210 4238 1420 4292 tametsi
1457 4239 1539 4290 lex
1570 4239 1827 4302 humana,
1860 4241 2064 4294 sancita
2086 4243 2215 4295 olim

667 4329 963 4397 tyrannide,
995 4328 1259 4381 actionem
1289 4328 1559 4380 innoxiam
1584 4328 1770 4382 dictet.
1790 4329 1909 4382 Non
1938 4332 2080 4384 enim
2103 4333 2217 4385 113:6

664 4421 747 4472 ivx
784 4418 878 4471 Dei
913 4429 1014 4483 est,
1042 4435 1145 4472 non
1187 4428 1412 4481 naturae,
1445 4428 1504 4473 ut
1530 4435 1723 4488 nempe
1754 4420 1845 4474 alii
1873 4424 2209 4492 tyrannidem
2240 4447 2291 4507 D

664 4517 971 4568 exerceant,
1033 4508 1123 4559 alii
1179 4508 1459 4576 tyrannide
1509 4518 1858 4575 premantur;
1907 4520 2066 4580 atque
2124 4515 2213 4566 alii

664 4596 879 4662 quidem
902 4597 1161 4649 adversus
1201 4597 1517 4651 humiliores
1551 4601 1902 4666 supercilium
1931 4604 2117 4656 tollant
2154 4619 2217 4658 ac

663 4683 980 4745 etierautur,
1013 4684 1103 4736 alii
1137 4685 1513 4751 inancipentur
1539 4695 1699 4753 atque
1751 4690 2008 4742 arumnis
2050 4692 2217 4745 conli-

665 4771 881 4823 ciantur
907 4789 920 4824 :
949 4774 1038 4825 alii
1073 4773 1357 4826 lasciviant
1387 4788 1450 4826 ac
1477 4775 1687 4831 deliciis
1719 4778 1982 4833 adversus
2016 4797 2216 4849 panpe-

669 4877 752 4914 res
781 4864 1058 4916 temulenti
1087 4864 1349 4927 dii'lluant,
1375 4874 1738 4936 prastextoque
1769 4869 1984 4936 publico
2007 4871 2212 4935 debito,

668 4968 970 5020 supremam
1012 4954 1306 5010 tolerandae
1342 4957 1462 5008 vine
1514 4958 1778 5012 rationem
1817 4959 2094 5024 auferant;
2123 4963 2214 5015 alii

667 5050 957 5106 graventur
979 5057 1039 5094 ac
1067 5044 1362 5107 credantur,
1391 5045 1562 5098 donec
1604 5048 1952 5101 novissimum
1999 5048 2216 5103 obolum

671 5129 931 5194 reddant;
957 5147 984 5183 a
1008 5133 1208 5199 quibus
1235 5133 1376 5188 sicut
1403 5137 1848 5204 spiraculum,sic
1875 5147 1928 5192 et
1957 5140 2216 5194 tributum

671 5227 883 5272 austere
915 5220 1180 5287 exigatur.
1220 5223 1334 5278 Non
1384 5226 1462 5278 sic
1495 5227 1637 5280 Deus
1666 5227 1732 5280 ab
1765 5227 1937 5289 initio,
1986 5245 2092 5284 non
2145 5231 2221 5284 sic

674 5308 1001 5373 hominibus,
1051 5325 1172 5363 cum
1224 5315 1396 5380 primo
1447 5316 1650 5368 conditi
1679 5325 1826 5380 sunt,
1878 5318 1992 5386 lege
2022 5321 2216 5373 sanxit.

675 5398 779 5450 Sed
810 5399 948 5450 sicut
977 5401 1351 5456 universorum
1387 5421 1526 5457 unus
1545 5415 1627 5459 est
1651 5407 1821 5470 lictor,
1851 5408 1928 5460 sic
1949 5418 1999 5462 et
2030 5419 2219 5463 natum

749 5549 768 5577 ⁶
804 5548 900 5600 lsa.
933 5564 1068 5614 xux,
1095 5552 1147 5606 6.
1217 5555 1233 5584 ⁷
1260 5552 1387 5604 Luc.
1421 5567 1489 5614 iv,
1515 5553 1598 5608 2‘2.

756 5684 879 5750 (ΗΥ)
908 5697 1003 5744 ’πυ
1029 5689 1240 5756 finiat";
1276 5688 1463 5739 ιὶτηιιωη
1492 5707 1516 5740 3
1543 5693 1732 5742 rudici‘.

2305 575 2540 643 γραφὴν,
2581 574 2788 642 πρῶτος
2819 575 2948 640 ἡμῖν
2985 573 3078 639 τὴν
3099 569 3301 638 Καινὴν
3325 570 3602 636 Διαθήκην
3659 570 3893 652 εἰσηγῇ

2308 677 2434 712 σατο
2455 679 2466 691 ·
2504 663 2595 712 καὶ
2616 661 2799 726 ὥσπερ
2824 659 3024 724 Μωσῆς
3049 659 3252 718 ἐκεῖνος
3283 656 3342 707 τὺ
3379 655 3638 717 παλαιὸν,
3674 653 3893 732 amen-3

2279 752 2401 823 ,τὴν
2434 749 2839 817 κοσμογένειαν.
2881 749 2972 799 καὶ
3021 748 3146 814 ἑξῆς
3194 747 3301 798 τῶν
3330 747 3464 798 ὅλων
3517 746 3718 813 ἔργων
3750 732 3893 804 ΘεοῗῘ

2305 842 2370 893 τὰ
2403 840 2947 909 μεγαλοπρεπέστερα
2999 836 3380 908 λογογραφῶν·
3409 847 3414 849 ’
3442 835 3586 887 οὕτω
3657 835 3731 902 δὴ
3797 845 3872 886 καὶ

2306 928 2455 994 οὗτος
2485 932 2581 997 τὴν
2613 930 2821 996 γένεσιν
2847 926 3107 992 θεολογῶν
3127 924 3220 977 τοῦ
3250 925 3504 994 Χριστοῦ,
3534 926 3641 977 καὶ
3664 925 3875 975 «dum»;

2307 1020 2432 1089 ἑξῆς
2468 1005 2573 1069 τῶν
2629 1016 2790 1068 αὑτοῦ
2837 1015 3122 1083 θαυμάτων
3150 1014 3248 1082 τὴν
3297 1013 3734 1080 μεγαλωσύνην,
3773 1017 3893 1068 ταίςῖ

2308 1109 2598 1178 ἐγγράφοις
2631 1105 3089 1175 θεορρημοσύναις
3124 1103 3447 1174 παραδιδούς
3468 1119 3481 1132 ·
3519 1104 3893 1162 Ματθαϊος,ὁι

2309 1200 2493 1259 πιστὸς
2516 1198 2608 1249 καὶ
2648 1198 2906 1265 φρόνιμος
2935 1194 3212 1261 οἰκονόμος
3252 1193 3345 1245 τοῦ
3386 1192 3628 1261 Πατρὸς,
3657 1193 3690 1243 ὁ
3729 1194 3893 1268 σοφὸςΤ

2305 1288 2399 1341 τοῦ
2429 1288 2598 1355 Λόγου
2623 1289 2715 1340 καὶ
2743 1289 2913 1355 μέγας
2965 1285 3351 1353 εὐαγγελιστής
3371 1301 3384 1314 ⁸
3493 1283 3771 1352 λαμπρὸς
3798 1269 3893 1333 toil

2310 1381 2667 1449 Παρακλήτου
2695 1378 2868 1447 κήρυξ
2897 1377 2989 1428 καὶ
3020 1376 3320 1445 ὀξυγράφος
3342 1373 3746 1443 γραμματεύς.

2378 1469 2670 1530 Ματθαῖος,
2702 1470 2729 1519 ὀ
2779 1465 3177 1533 δεδωρημένος
3203 1465 3646 1534 ἑρμηνευόμενος
3677 1479 3694 1494 ·
3740 1465 3798 1524 ὃς
3826 1466 3872 1514 ἐκ

2307 1557 2398 1611 τοῦ
2433 1558 2637 1624 κόσμου
2676 1554 2772 1624 μὲν
2802 1548 2891 1606 οἷά
2936 1570 3014 1615 τις
3064 1554 3280 1621 ἀπαρχὴ
3334 1551 3591 1618 καλλίστη
3645 1551 3875 1620 δεδώρη-

2307 1661 2396 1695 ται
2443 1640 2695 1712 Χριστῷ,
2745 1639 3036 1708 ιΠνεύματι
3079 1640 3136 1692 δὲ
3197 1640 3323 1708 θείῳ
3377 1640 3671 1708 γεννηθεὶς
3708 1681 3725 1703 ,
3788 1647 3866 1692 καὶ

2310 1733 2463 1800 Λόγῳ
2539 1729 2789 1798 ἀληθείας
2853 1728 3249 1799 καταρτισθεὶς.
3313 1728 3464 1791 αὖθις
3495 1731 3610 1790 τοῖς
3671 1730 3870 1781 ἔθνεσιν

2312 1826 2388 1885 εἰς
2420 1848 2434 1868 -.
2463 1822 2574 1888 φῶς
2631 1823 2759 1890 παρ’
2828 1821 2990 1872 αὑτοῦ
3072 1820 3164 1873 καὶ
3223 1820 3490 1888 σωτηρίαν
3532 1820 3648 1881 ἕως
3721 1821 3868 1886 ἐσχά-

2310 1931 2400 1967 του
2430 1913 2722 1980 δεδώρηται
2748 1911 2845 1978 τῆς
2875 1911 3000 1978 γῆς.
3033 1904 3196 1972 Οὗτος
3222 1911 3367 1978 ἡμᾶς
3399 1911 3647 1978 σήμερον
3680 1926 3873 1972 συγκα-

2310 2002 2437 2066 λῶν,
2471 2001 2563 2054 καὶ
2594 2001 2998 2071 λαμπροτάτης
3023 1998 3214 2066 ἑορτῆς
3239 1998 3521 2060 ὑπόθεσιν,
3556 1995 3666 2065 τὴν
3718 1994 3868 2048 αὑτοῦ

2311 2092 2525 2158 παναγῆ
2564 2079 2780 2160 μνῆμην
2842 2088 3177 2156 ποιούμενος,
3231 2087 3459 2154 φαιδρὰν
3493 2088 3574 2140 ὅτι
3643 2087 3893 2154 μάλιστα

2311 2181 2402 2233 καὶ
2422 2181 2724 2248 Θαυμασίαν
2749 2179 2989 2231 ὑπέτεινε
3014 2178 3323 2246 φιλοτησίαν
3347 2195 3361 2207 ·
3387 2177 3616 2251 στερεὰν
3654 2177 3759 2247 μὲν
3788 2177 3864 2226 καί
3892 2217 3893 2250 1

2309 2270 2517 2323 τελείαν
2543 2270 2764 2338 τροφὴν,
2784 2269 2845 2321 τὸ
2874 2270 2991 2322 κατ’
3015 2269 3174 2321 αὑτὸν
3204 2268 3536 2335 Εὐαγγέλιον
3567 2266 3865 2337 προτιθείς·

2308 2359 2398 2412 τὸν
2419 2359 2573 2425 λόγον
2589 2358 2642 2409 δὲ
2669 2358 2765 2424 τῆς
2794 2357 3032 2426 χάριτος,
3064 2356 3153 2409 τὸν
3185 2355 3270 2408 διὰ
3293 2351 3394 2409 ’ποῦ’
3409 2357 3689 2422 στόματος
3715 2353 3864 2407 αὑτοῦ
3892 2405 3893 2410 η

2312 2449 2693 2516 πορευόμενον,
2725 2440 2809 2499 οἷά
2839 2463 2957 2498 τινα
2979 2447 3223 2514 κρατῆρα
3250 2445 3664 2513 μυστικώτατον
3687 2446 3864 2512 ἐγκιρο

2310 2537 2434 2600 νῶν,
2464 2539 2554 2590 καὶ
2593 2537 2771 2596 πάσας
2801 2536 3024 2605 καρδίας
3058 2535 3359 2604 εὐφραίνων
3394 2532 3806 2602 Χριστοφιλεῖς.

2392 2713 2532 2765 Ἀλλ’
2564 2714 2758 2783 ἴδωμεν
2795 2714 2905 2766 οἴου
2938 2714 3072 2782 βίου,
3095 2713 3187 2766 καὶ⁸
3215 2712 3333 2775 οἵας
3355 2713 3617 2782 πρότερον
3647 2713 3678 2764 ὁ
3700 2710 3865 2780 μακά-

2314 2825 2426 2876 ριος
2464 2806 2736 2868 πολιτείας
2790 2804 3118 2875 τετυχηκὼς,
3155 2805 3233 2865 είς
3275 2797 3384 2857 οἷον
3414 2804 3663 2872 καταντᾷ
3689 2801 3893 2860 τέλοςν

2311 2900 2493 2953 καὶτὸ
2546 2899 2646 2967 τῆς
2699 2899 2997 2968 μεταϐολῆς
3037 2895 3400 2967 ὑπερϐάλλον,
3453 2895 3548 2947 καὶ
3582 2895 3649 2946 τὸ
3694 2910 3865 2948 καινο-

2311 2992 2682 3060 πρεπέστατον
2712 2989 2811 3058 τῆς
2865 2990 2955 3042 ἐπὶ
3001 2987 3062 3040 τὸ
3112 2989 3356 3057 κρεῖττον
3394 2983 3893 3050 ἑκτεθαυμακότες“

2310 3080 2658 3141 ἀλλοιώσεως.
2688 3080 2777 3134 τὸν
2799 3078 3104 3146 θαυμαστὸν
3125 3079 3179 3130 ὲν
3203 3075 3532 3146 δικαιοσύνῃ,
3556 3075 3863 3143 θαυμαστὸν

2308 3175 2365 3224 ἐν
2386 3171 2710 3241 χρηστότητι
2744 3168 3127 3238 μεγαλύνωμεν
3155 3166 3305 3218 Θεόν.

2376 3261 2623 3330 Τελώνης
2642 3257 2708 3331 ἦν
2741 3260 3021 3331 πρότερον,
3042 3261 3069 3311 ὁ
3092 3257 3326 3327 Χριστοῦ
3351 3257 3596 3327 μαθητὴς
3621 3255 3858 3322 ὕστερον·

2309 3352 2404 3405 καὶ
2437 3352 2731 3422 χρημάτων
2752 3349 3020 3418 λογιστὴς,
3041 3352 3068 3401 ὁ
3093 3347 3185 3400 τοῦ
3208 3347 3536 3414 Εὑαγγελίου
3557 3346 3857 3415 ὑφηγητής.

2309 3439 2574 3508 Τελώνης,
2605 3439 2663 3490 τὸ
2685 3440 3081 3490 ἀπευκτότατον
3127 3438 3237 3496 τοῖς
3267 3434 3534 3497 εὐσεϐέσι,
3572 3435 3635 3485 τὸ
3690 3435 3855 3500 ἀμαρ-

2308 3529 2670 3597 τητικὼτατον
2701 3530 2810 3589 τοῖς
2840 3527 3116 3581 εὐλαϐἐσιν
3148 3525 3480 3594 ἐπιτήδευμα
3502 3522 3780 3593 νομισθὲν.
3805 3519 3859 3570 Τί

2310 3619 2415 3688 γὰρ
2443 3620 2534 3670 τοῦ
2570 3619 2822 3688 χρήματα
2857 3617 3112 3686 πράττειν
3137 3617 3430 3687 βιαιότερον
3463 3616 3494 3684 ἢ
3529 3609 3857 3684 τυραννικῶς

2309 3725 2498 3775 τερον;
2529 3708 2579 3759 τί
2608 3709 2663 3761 δὲ
2695 3709 2830 3777 πρὸς
2858 3708 2955 3776 τὴν
2981 3708 3120 3760 κατὰ
3147 3708 3205 3758 τὸ
3255 3705 3580 3784 Εὐαγγὶέλιον
3611 3700 3856 3756 ἐναντιώ-

2314 3815 2466 3866 τερον
2491 3797 2655 3865 ζωὴν,
2680 3797 2771 3849 τοῦ
2801 3798 2980 3866 χηρῶν
3013 3797 3320 3866 κατάρχειν,
3382 3797 3474 3846 καὶ
3535 3793 3725 3862 σύρειν
3775 3789 3854 3840 καὶ

2313 3884 2510 3936 θλίϐειν
2546 3885 2787 3952 πενήτων
2813 3886 2988 3952 ψυχὰς
3011 3883 3228 3946 ἀδίκως,
3267 3884 3362 3936 εἴτ’
3392 3878 3484 3936 οὖν
3509 3882 3758 3942 δικαίως,
3795 3876 3856 3935 ὡς

2311 3977 2343 4044 ἡ
2373 3976 2672 4043 ὑπόληψιςς
2720 3975 3020 4043 Ἐκατέρως
3047 3975 3153 4043 γὰρ
3173 3954 3305 4039 ξέστι
3328 3973 3465 4027 κατὰ
3496 3973 3557 4025 τὸ
3587 3972 3752 4039 φύσει
3791 3969 3853 4018 δί-

2313 4079 2464 4113 καιον
2494 4059 2704 4129 άληθῶς
2727 4061 2950 4124 ἀδικεῖν,
2988 4063 3034 4114 εί
3058 4063 3150 4113 καὶ
3175 4061 3333 4129 νόμος
3387 4058 3692 4126 ἀνθρώπων
3731 4056 3855 4109 ἄνω-

2315 4150 2403 4202 θεν
2463 4149 2984 4220 ἐπισφραγιζόμενος
3015 4151 3109 4221 τὴν
3159 4150 3463 4217 τυραννίδα,
3498 4150 3558 4201 τὸ
3584 4147 3853 4201 ἀνεύθυνον

2314 4241 2410 4308 τῆς
2455 4240 2702 4309 πράξεως
2756 4239 3100 4307 ὑπαγορεύει.
3143 4240 3214 4290 Οὐ
3254 4239 3358 4306 γὰρ
3388 4236 3484 4288 τοῦ
3537 4236 3675 4288 Θεοῦ
3716 4230 3855 4284 τοῦτο

2315 4330 2492 4397 νόμος,
2558 4329 2615 4380 οὐ
2653 4327 2900 4396 φύσεως,.
2916 4330 3042 4387 τοὺς
3090 4329 3184 4395 μὲν
3212 4326 3506 4394 τυραννεῖν,
3537 4325 3671 4383 ’τοὺς
3695 4322 3747 4373 δὲ
3779 4334 3852 4369 τυ-

2321 4418 2652 4487 ραννεῖσθαι·
2691 4419 2783 4470 καὶ
2811 4419 2936 4481 τοὺς
2969 4419 3064 4485 μὲν
3097 4413 3527 4483 κατωφρυῶσθαι
3551 4413 3662 4465 τῶν
3687 4424 3853 4461 ταπει-

2316 4509 2546 4575 νοτέρων
2575 4508 2669 4560 καὶ
2704 4508 3116 4578 ὐπεραίρεσθαι,
3157 4508 3278 4568 τοὺς
3313 4506 3366 4557 δὲ
3414 4498 3848 4557 καταδουλοῦσθαι

2313 4597 2407 4650 καὶ
2443 4597 2896 4668 κατατρίϐεσθαι·
2951 4596 3043 4647 καὶ
3087 4597 3211 4656 τοὺς
3280 4596 3375 4662 μὲν
3423 4592 3744 4664 ὑπερμαζᾷν
3774 4586 3850 4638 καὶ

2315 4687 2530 4757 μεθύειν
2555 4688 3012 4756 κατατρυφῶντας
3042 4685 3148 4738 τῶν
3175 4683 3464 4754 πτωχικῶν
3489 4684 3583 4734 καὶ
3609 4677 3849 4751 δημοσίας

2314 4778 2583 4846 πρόφασιν
2608 4778 2846 4847 ὀφειλῆς,
2872 4777 2969 4851 τὴν
2994 4776 3227 4844 ἐσχάτην
3250 4774 3568 4839 ἀποστερεῖν
3605 4771 3704 4838 τῆς
3724 4764 3848 4827 ζωῆς

2321 4870 2572 4937 ἀφορμήν
2598 4883 2610 4896 '
2655 4870 2779 4930 τοὺς
2824 4868 2880 4919 δὲ
2917 4863 3402 4933 κατακάμπτεσθαι
3453 4861 3545 4914 καὶ
3581 4851 3846 4930 μαστιγοῦ-

2323 4961 2464 5024 σθαι,
2505 4962 2692 5028 μέχρις
2731 4960 2796 5011 ἂν
2843 4961 2933 5009 καὶ
2964 4958 3077 5009 τὸν’
3101 4956 3323 5024 ἔσχατον
3373 4954 3618 5006 ἀποδοῖεν
3649 4945 3840 5001 ὀϐολόν·

2323 5050 2503 5118 ὥσπερ
2530 5049 2623 5115 τὴν
2663 5050 2948 5118 ἀναπνοὴν,
2975 5048 3122 5099 οὕτω⁵
3142 5046 3234 5096 καὶ
3265 5046 3360 5110 τὴν
3386 5043 3477 5095 τοῦ
3517 5041 3704 5100 τέλους
3734 5032 3844 5086 ἀπό-

2321 5142 2461 5191 δοσιν
2510 5139 2994 5204 εἰσπραττομένους
3015 5153 3028 5165 ·
3085 5136 3180 5203 οὐχ
3207 5133 3347 5186 οὕτω
3380 5133 3508 5193 Θεὸς
3557 5131 3651 5180 ἀπ’
3674 5122 3839 5195 ἀρχῆςς

2321 5231 2414 5293 οὐχ
2441 5225 2608 5287 οὕτως
2647 5227 2950 5294 ἀνθρώποις
2995 5225 3198 5276 ἄνωθεν
3237 5223 3654 5291 ὲνομοΟέτησεν’
3683 5216 3843 5274 ὥσπερ

2321 5316 2374 5365 δὲ
2407 5314 2643 5385 πλάστης
2699 5317 2948 5369 ἁπάντων
2985 5310 3083 5378 εἷς,
3132 5315 3271 5367 οὕτω
3313 5312 3404 5363 καὶ
3436 5311 3592 5380 φύσις
3627 5307 3737 5378 μίαν
3766 5315 3838 5352 καί

2323 5408 2442 5473 ὅρος
2478 5406 2570 5459 καὶ
2603 5409 2758 5476 νόμος
2808 5408 2948 5475 ζωῆς
2977 5408 3177 5460 ἅπασιν
3211 5409 3237 5458 ὀ
3283 5403 3439 5464 αὑτός
3462 5418 3473 5429 ⁸
3500 5395 3766 5466 ἐλευθερία
3794 5404 3840 5437 τε
