3922 6314
51 327 155 391 295

791 328 1064 387 ORATIO
1101 327 1291 385 XL—
1445 320 1758 381 LAUDEM
1797 322 1853 378 S.
1899 319 2259 380 MATTILEI
2302 322 2551 382 APOST.

3176 327 3284 391 2‘26

55 443 221 494 πᾶσιν
263 440 488 509 ὁμοίως.
516 440 610 492 καὶ
660 440 985 502 κατάστασις
1019 440 1110 491 καὶ¹
1154 436 1396 489 πολιτεία
1427 437 1459 502 ἡ
1484 422 1618 501 αὕτη

1724 441 1825 494 est,
1861 431 2108 499 ratioque
2143 447 2206 484 ac
2239 433 2363 486 vitm
2388 433 2472 485 lex
2500 433 2692 487 eadem
2713 435 3007 499 omnibus;
3045 449 3288 494 cunctis-

53 530 392 584 διατέτακται
422 531 517 598 τὴν
549 529 743 598 ἀρχήν.

129 706 249 772 Ἀφ’
278 696 340 757 οὗ
366 703 422 756 δὲ
447 703 701 772 λογισμὸς
715 703 1011 774 ἀγέρωχος,
1043 703 1262 755 καὶτῶν
1291 702 1429 774 ὑπὲρ
1459 701 1617 770 φύσιν

59 794 332 860 ἀλόγιστος
373 791 658 861 ἐπιθυμία,
715 792 809 844 καὶ
831 791 1008 858 ὄφεως
1041 793 1138 860 μὲν
1159 790 1441 852 ἐπίόουλος
1482 806 1618 858 συμ-

61 887 240 957 ϐουλὴ,
273 888 490 957 ἐντολῆς
521 886 579 939 δέ
617 887 779 952 ἁγίας
796 886 1063 954 ,ἀθέτησις
1100 887 1196 938 ’καὶ
1234 886 1488 956 παρακοὴ
1518 886 1617 955 τῆς

60 975 264 1044 φύσεως
317 975 752 1042 καταδραμόντα,
807 966 1053 1042 διέστησε
1104 975 1201 1042 μὲν
1262 975 1356 1026 καὶ
1401 974 1616 1041 μακρὰν

61 1062 192 1120 ὦσεν
207 1063 364 1126 Θεοῦ,
389 1063 470 1132 τῷ
500 1063 755 1132 βασκάνῳ
791 1063 846 1116 δέ
881 1064 1238 1134 προσεγγίσαι
1278 1062 1617 1132 παρεσκεύα-

62 1176 166 1219 σεν,
196 1156 443 1209 ἐντεῦθεν
463 1156 524 1207 τὸ
552 1155 810 1222 συγγενὲς
834 1154 926 1207 καὶ
949 1155 1216 1222 ὁμόφυλον
1240 1155 1320 1216 είς
1345 1151 1617 1221 ἀλλοτριό-

63 1265 187 1318 τητα
213 1246 439 1315 γνώμης
476 1249 568 1298 καὶ
597 1245 710 1316 βίου
734 1244 1100 1314 κατεμερίσθη
1124 1244 1320 1313 τομήν.
1338 1243 1615 1296 Ἐντεῦθεν

71 1341 115 1390 τὸ
143 1336 479 1401 δυναστεῦον,
500 1336 595 1388 καὶ
623 1337 684 1388 τὸ
705 1335 1158 1405 δυναστευόμενον
1184 1350 1197 1365 ·
1222 1335 1282 1387 τὸ
1297 1335 1612 1405 τυραννοῦν,

67 1430 148 1482 καὶ
203 1429 262 1480 τδ
294 1409 722 1498 τυραννούμενον
744 1444 758 1457 ο
790 1427 882 1478 καὶ
908 1425 967 1478 τὸ
999 1425 1096 1496 μὲν
1115 1427 1366 1478 ἀπαιτεῖν
1393 1425 1611 1496 φόρους,

68 1522 118 1572 τὸ
137 1521 178 1572 δ’
203 1519 570 1572 ἀπαιτεῖσθαι·
603 1519 697 1570 καὶ
725 1517 784 1569 τὸ
827 1518 922 1586 μὲν
947 1515 1251 1586 ύπερῆρθαι
1284 1516 1502 1586 θράσει,
1523 1516 1614 1570 xat

68 1612 162 1661 τῶν
194 1609 470 1678 ὁμοτίμων
512 1608 586 1670 ὡς
643 1606 843 1660 δούλων
897 1605 1413 1669 κατεξανίστασθαι,
1453 1606 1512 1658 τὸ
1559 1606 1613 1658 δὲ

70 1703 458 1771 καταπτήσσειν
487 1699 584 1770 τὴν
612 1697 920 1769 τυραννίδα,
957 1699 1050 1752 καὶ
1069 1697 1144 1760 ὡς
1169 1697 1535 1768 ἀπαραίτητον
1552 1699 1613 1749 τὸ

70 1793 268 1858 ἐτήσιον
299 1790 470 1853 τέλος,
502 1788 597 1841 καὶ
624 1789 718 1859 τὴν
739 1787 981 1841 δουλείαν
1003 1788 1340 1841 ἅποτιννύειν
1359 1787 1433 1849 ὡς
1464 1787 1612 1856 ὀφει-

75 1901 174 1953 Αην.
641 1901 646 1904 ’

131 2057 342 2128 Ταύτης
363 2057 451 2110 ἀεὶ
479 2058 787 2128 πράκτορες
823 2060 922 2124 τῆς
951 2059 1128 2125 κακῆς
1167 2059 1537 2127 ἐπιτιμήσεως
1567 2060 1615 2112 οἱ

76 2146 382 2216 θερμότεροι
419 2145 516 2215 μὲν
541 2147 640 2215 τὴν
673 2146 835 2214 φύσιν
883 2149 978 2199 καὶ
1008 2145 1250 2215 ὀξύτεροι
1272 2162 1285 2177 ·
1320 2145 1613 2210 τουτέστιν,

80 2237 301 2288 συνιέναι
319 2236 411 2288 καὶ
431 2237 746 2304 λογίσασθαι
770 2237 869 2308 τὴν
887 2237 1254 2308 δασμοφορίαν
1276 2237 1613 2290 ἱκανώτατοι·

78 2327 534 2397 ἀσυμπαθέστεροι
558 2328 614 2380 δὲ
645 2329 882 2392 πάντων,
914 2330 1005 2382 καὶ
1031 2329 1129 2400 τὴν
1164 2328 1388 2398 γνώμην
1415 2329 1616 2380 ἐπίπαν

84 2418 415 2488 ίτσμιίηεροι,
449 2418 589 2470 ὥστε
619 2419 806 2488 μηδενὶ
860 2419 966 2471 τῶν
993 2419 1310 2487 ὀφειλόντων
1366 2436 1620 2487 παραχω-

84 2512 178 2575 ρεῖν
208 2509 350 2578 ἐχειν
407 2511 593 2580 μηδέν.
652 2509 866 2578 Ταύτης
889 2509 1193 2573 ’Ματθαῖος
1228 2510 1495 2580 ἐπήϐολος
1521 2511 1619 2580 τῆς

81 2599 334 2662 πολιτείας
392 2601 656 2670 πρότερον
698 2596 788 2671 ἦν.
844 2600 1044 2653 Τούτου
1103 2601 1242 2671 βίου,
1278 2602 1372 2654 ἅτε
1405 2599 1618 2668 φύσεως

82 2691 308 2761 ἀγχινοίᾳ
331 2691 426 2744 καὶ
441 2693 560 2754 νοὸς
575 2692 856 2762 ἐντρεχείᾳ
884 2691 1328 2761 κατευμεγεθῶν,
1351 2693 1450 2761 τὴν
1479 2690 1621 2761 πρώ-

80 2799 166 2853 την
191 2785 248 2838 ἐν
274 2782 535 2846 τελώναις
554 2783 738 2851 ἐπεῖχε
764 2782 934 2847 τάξιν.

150 2960 358 3030 Ἐπειδὴ
405 2960 585 3012 τοίνυν
632 2960 698 3013 δι’
738 2960 900 3013 αὐτοῦ
924 2960 1186 3029 παράγων
1239 2958 1266 3009 ὁ
1300 2959 1520 3029 Κύριος,
1545 2959 1622 3027 τῷ

86 3052 167 3120 τῆς
196 3052 416 3122 καρδίας
447 3051 1012 3121 βάθειπροσέϐλεψεν,
1047 3053 1140 3105 καὶ
1189 3051 1492 3120 κεκρύφθαι
1522 3050 1621 3119 μὲν

89 3147 136 3195 ἐν
164 3143 302 3212 αὑτῷ
330 3143 426 3210 τῆς
456 3142 654 3212 ἀρετῆς
681 3125 973 3209 Θησαυρὸν,
1004 3140 1201 3205 ἔξωθεν
1232 3140 1289 3193 δὲ
1318 3139 1458 3192 κατὰ
1485 3139 1623 3206 σύμ-

91 3236 225 3287 ϐασιν
271 3237 336 3304 τῇ
391 3233 625 3305 πονηρίᾳ
676 3233 996 3301 διοχλεῖσθαι
1026 3236 1093 3302 τῇ
1144 3235 1412 3302 κοσμικῇ·
1443 3232 1536 3286 καὶ
1562 3233 1623 3285 τὸ

94 3326 192 3389 μὲν,
219 3324 458 3376 ἑκούσιον
488 3320 629 3375 εἶναι
674 3325 766 3376 καὶ
816 3323 1054 3391 ἔμφυτον
1083 3323 1283 3391 ἀγαθόν
1303 3340 1317 3353 ·
1355 3322 1415 3373 τὸ
1442 3321 1498 3374 δὲ
1530 3322 1624 3373 τύο

95 3433 175 3483 χης
206 3417 461 3484 ἐπήρειαν
492 3415 710 3484 μᾶλλον,
741 3414 774 3485 ἢ
824 3414 1047 3483 γνώμης
1076 3415 1424 3483 έκουσιότητα
1459 3431 1624 3465 κατα-

99 3506 342 3575 νενόηκεν,
369 3507 524 3559 καλεῖ
556 3507 652 3575 μὲν
684 3504 867 3570 αὑτὸν,
891 3504 1260 3573 ἐντελλόμενος
1291 3503 1620 3556 ἀκολουθεῖν·

98 3594 195 3648 λὸὲ
244 3597 513 3659 ἀναστὰς,
573 3595 732 3658 εὐθὺς
789 3594 1207 3663 ἐπηκολούθησε.
1266 3595 1338 3646 Οὐ
1399 3595 1622 3664 μακρῶν

97 3683 252 3751 ἐδέησε
278 3684 450 3750 λόγων
497 3681 574 3752 τῷ
619 3681 828 3751 Κυρίῳ,
883 3682 944 3734 οὐ
979 3681 1169 3749 χρόνου
1202 3679 1412 3748 τριϐῆς,
1443 3680 1502 3731 ού
1536 3696 1621 3731 τε·

97 3773 329 3842 λειοτέρας
360 3773 676 3835 συνουσίαςρ
706 3774 821 3826 ἀλλ’
865 3772 987 3825 οὔτε
1014 3773 1288 3837 θεολογίας
1313 3771 1526 3840 συχνῆς,
1560 3772 1618 3823 οὐ

101 3865 394 3932 συμσουλίας
425 3864 676 3934 πιθανῆς,
730 3863 852 3916 οῦτε
881 3863 938 3916 δὲ
969 3863 1258 3932 θαυμάτων
1288 3862 1619 3927 ἐπιδείξεως,

99 3951 212 4004 ὥστε
236 3954 320 4004 τὴν
356 3953 720 4022 ἀρχιτελώνην
751 3953 848 4021 τῆς
882 3954 1000 4005 κατ’
1053 3955 1214 4008 αὐτὸν
1266 3951 1619 4020 ἁφαρπάσθαι

103 4043 284 4112 σχολῆς,
319 4043 528 4114 παριὼν
553 4043 628 4107 δὲ,
658 4043 750 4096 καὶ
783 4046 881 4114 μιᾷ
916 4045 1052 4116 μόνῃ
1102 4046 1354 4107 καλέσας,
1384 4044 1622 4096 ἐπεσπά-

104 4149 206 4184 σατο
254 4139 434 4205 φωνῇ·
485 4136 822 4190 Ἀκολούθει
851 4153 971 4204 μοι.
1019 4137 1077 4188 '0
1109 4138 1164 4189 δὲ
1205 4137 1303 4189 οὐκ
1355 4137 1629 4205 ἀπήρεισε

107 4223 212 4289 πρὸς
252 4224 318 4277 τὰ
365 4226 620 4294 χρήματα
671 4229 759 4278 τδν
791 4227 1078 4298 λογισμόνζ
1119 4227 1178 4278 ού
1235 4227 1330 4296 τὴν
1366 4228 1474 4279 ἀπὸ
1527 4227 1619 4278 τοῦ

107 4313 295 4379 κέρδους
320 4318 599 4386 ἐνενόησεν
653 4317 843 4386 ἡδονήν
867 4335 880 4348 ο
915 4320 973 4370 οὐ
1029 4320 1162 4388 πρὸς
1192 4319 1287 4389 τὴν
1321 4319 1476 4384 δόξαν
1512 4319 1619 4370 τῶν

1721 535 1827 590 quc
1857 521 2211 590 similiterque
2231 523 2477 586 libertas,
2511 534 2683 579 status
2707 536 2762 579 et
2786 528 2908 580 vita:
2936 529 3074 582 ratio
3097 531 3286 586 eadem

1722 614 1956 682 primum
1987 617 2281 669 constituta
2323 613 2443 669 fuit.

1735 691 1740 696 ’
1791 704 1869 758 Ex
1895 719 2005 773 quo
2055 715 2236 759 autem
2289 706 2520 776 superba
2561 707 2718 770 ratio,
2772 723 3063 775 rerumque
3093 717 3286 764 natura

1721 791 2069 864 superiorum
2103 795 2407 865 inconsulta
2442 798 2746 866 cupiditas;
2770 814 2832 854 ac
2854 797 3139 869 serpentis
3163 803 3286 870 qui-

1720 886 1844 938 dem
1881 886 2203 940 insidiosum
2229 887 2544 952 consilium,
2572 889 2852 957 sanctique
2873 891 3112 944 mandati
3133 907 3287 960 spre-

1720 975 1819 1038 tio,
1868 983 1923 1028 et
1975 975 2344 1030 inobcdientia
2398 987 2608 1031 natura:
2669 978 2999 1047 ingruentia,
3057 981 3283 1034 divisam

1718 1062 1863 1119 illam
1883 1068 2074 1132 procul
2095 1083 2124 1120 a
2141 1069 2256 1150 D30
2280 1068 2630 1137 depulerunt,
2660 1081 2824 1139 atque
2863 1071 3049 1124 invido
3068 1072 3284 1142 adiungi

1717 1159 2131 1227 praestiterunt;
2158 1158 2283 1211 inde
2314 1161 2424 1226 jam
2457 1160 2669 1229 cognati
2700 1176 2761 1214 ac
2795 1161 3037 1227 tribules,
3072 1164 3124 1228 in
3153 1163 3286 1217 alii-.-

1717 1263 1814 1302 nas
1847 1247 2002 1302 scissi
2056 1248 2362 1312 voluntates
2392 1257 2520 1302 sunt
2553 1264 2616 1302 ac
2648 1250 2771 1303 vitzc
2819 1251 3018 1305 studia.
3050 1253 3178 1306 Inde
3210 1255 3287 1307 fa-

1716 1348 1864 1392 ctum
1887 1347 1948 1392 ut
1993 1339 2084 1393 alii
2127 1340 2497 1403 dominentur,
2565 1340 2654 1394 alii
2715 1341 2958 1395 dominio
2993 1344 3286 1412 subjician-

1718 1435 1836 1490 tur;
1886 1427 1978 1481 alii
2045 1428 2332 1498 tyrannide
2394 1437 2603 1498 regant,
2655 1431 2744 1482 alii
2788 1442 3086 1499 regantur:
3125 1440 3286 1502 atque

1715 1519 1804 1571 alii
1861 1519 2080 1587 quidem
2132 1520 2335 1574 tributa
2389 1521 2625 1590 exigant,
2682 1521 2750 1574 ab
2786 1521 2904 1574 aliis
2968 1530 3147 1578 autem
3172 1525 3290 1576 exi-

1715 1619 1939 1679 gantur:
1992 1611 2082 1665 alii
2159 1611 2382 1665 audacia
2436 1613 2735 1666 cﬂ‘erantur
2783 1619 2838 1666 et
2884 1612 3149 1666 adversus
3193 1630 3289 1667 eos

1714 1700 1805 1769 qui
1865 1701 1977 1770 pari
2030 1701 2238 1756 honore
2280 1712 2408 1756 sunt
2462 1705 2618 1772 quasi
2671 1703 2935 1757 adversus
2983 1718 3174 1756 servos
3205 1705 3288 1757 in-
3379 1737 3382 1740 η

1719 1799 1966 1859 surgant;
1997 1791 2089 1844 alii
2116 1791 2418 1861 tyrannidis
2451 1801 2598 1845 metu
2639 1800 2889 1860 paveant,
2929 1807 2992 1845 ac
3029 1800 3286 1860 tanquam
3376 1841 3379 1846 .

1720 1882 2122 1951 indeprecabile
2152 1923 2165 1946 ,
2203 1884 2467 1936 tributum
2524 1897 2762 1935 annuum
2787 1883 3001 1936 solvant
3030 1884 3285 1953 velutque

1720 1974 1987 2037 debitum,
2025 1975 2341 2028 servitutem
2375 1975 2632 2042 pendant.

1722 2087 1724 2091 -
1790 2064 1962 2133 Ilujus
1989 2079 2204 2131 semper
2229 2065 2382 2117 malae
2407 2066 2682 2119 auctionis
2721 2081 3029 2135 censusque
3058 2075 3287 2134 quaesto-

1722 2169 1830 2215 res,
1859 2152 1952 2223 qui
1977 2153 2260 2207 ealentiori
2296 2168 2359 2206 ac
2383 2154 2578 2208 acriori
2609 2155 2827 2223 ingenio
2855 2165 2981 2209 sunt
3007 2173 3020 2220 ;
3057 2157 3160 2209 hoc
3180 2163 3283 2216 est,

1721 2243 2094 2298 callentissimi
2131 2244 2466 2298 tributorum
2505 2244 2942 2309 ratiocinatores,
2976 2246 3140 2314 inque
3172 2231 3284 2300 rem

1722 2335 1954 2388 maxime
1987 2334 2191 2388 idonei.
2220 2333 2282 2387 Hi
2315 2349 2446 2388 vero
2470 2336 2713 2389 omnium
2739 2335 3200 2398 iuclementiores.
3231 2345 3290 2392 et

1722 2426 1815 2495 qui
1845 2426 1990 2488 nulla
2021 2427 2370 2480 miseratione
2392 2435 2750 2491 moveantur;
2780 2427 2982 2495 ubique
3008 2427 3287 2496 procacio-

1722 2532 1810 2570 res
1841 2515 2143 2584 majorique
2161 2516 2532 2585 improbitate,
2562 2527 2619 2570 ut
2650 2518 2783 2570 nihil
2807 2518 3101 2587 quidquam
3136 2516 3293 2570 debi-

1725 2614 1873 2661 tores
1903 2607 2102 2660 habere
2125 2606 2324 2660 sinant.
2354 2607 2533 2676 Hujus
2563 2607 2846 2661 Matthams
2877 2608 3029 2676 prius
3065 2622 3288 2676 compos

1725 2695 2024 2766 disciplima
2052 2703 2191 2749 erat.
2217 2697 2391 2766 Hujus
2415 2696 2680 2761 instituti,
2711 2707 2967 2764 tanquam
2989 2697 3179 2750 solerti
3205 2696 3290 2748 vir

1725 2785 1943 2856 ingenio
1966 2785 2274 2853 mentisque
2306 2780 2545 2854 agilitate
2573 2787 2918 2853 praepollens,
2945 2785 3086 2838 inter
3108 2770 3290 2854 publi-

1726 2888 1894 2928 canos
1923 2874 2227 2941 principem
2258 2874 2437 2926 locum
2477 2871 2778 2928 obtinebat.

1793 2963 1948 3029 Quod
1991 2964 2157 3033 igitur
2201 2979 2297 3033 per
2335 2980 2460 3019 eum
2507 2965 2779 3019 transiens
2819 2965 3102 3026 Dominus,
3141 2963 3289 3016 illius

1647 3084 1690 3142 α
1727 3055 1894 3107 animi
1937 3054 2046 3107 imo
2090 3055 2337 3123 inspecto
2381 3057 2532 3119 sinu,
2565 3056 2824 3108 latentem
2871 3054 2924 3106 in
2963 3069 3029 3107 eo
3067 3053 3288 3107 virtutis

1732 3146 2047 3200 thesaurum
2096 3145 2563 3212 deprehenderat,
2609 3147 2713 3199 etsi
2769 3153 2880 3197 tum
2931 3145 3175 3198 exterius
3222 3161 3288 3198 ex

1727 3235 1994 3290 accidenti
2014 3277 2028 3300 ,
2056 3236 2238 3290 saeculi
2271 3237 2509 3304 pravitas
2540 3252 2602 3288 ac
2631 3237 2872 3303 nequitia
2906 3235 3241 3288 obtundebat
3271 3253 3283 3286 :

1727 3334 1891 3394 atque
1937 3327 2167 3380 alterum
2215 3326 2462 3394 quidem,
2506 3326 2707 3378 bonum
2755 3341 2874 3378 esse
2925 3335 3286 3394 spontaneum

1729 3424 1888 3482 atque
1913 3403 2191 3479 innatum;
2225 3414 2453 3467 alterum
2481 3427 2634 3475 vero,
2668 3412 2898 3466 fortuna:
2928 3412 3111 3480 potius
3141 3412 3285 3481 inju-

1727 3505 1882 3566 riam,
1907 3518 2068 3572 quam
2093 3512 2408 3571 spontaneae
2433 3503 2632 3556 mentis
2656 3503 2980 3555 sententiam
3009 3501 3287 3554 intellexe-

1727 3603 1832 3658 rat,
1856 3610 1980 3648 eum
2006 3603 2163 3648 vocat
2194 3610 2256 3648 ac
2281 3595 2436 3662 jubet
2466 3596 2619 3668 sequi
2651 3612 2664 3646 :
2697 3596 2788 3662 qui
2817 3608 3066 3662 surgens,
3100 3593 3283 3645 statim

1727 3694 1947 3738 secutus
1981 3693 2084 3737 est.
2117 3685 2234 3737 Non
2279 3685 2456 3753 longis
2494 3685 2723 3738 Domino
2766 3699 2902 3752 opus
2941 3683 3285 3736 sermonibus

1725 3776 1850 3840 fuit,
1874 3791 1982 3829 non
2013 3776 2278 3843 temporis
2306 3790 2477 3839 mora,
2501 3789 2610 3827 non
2637 3775 2827 3843 majori
2858 3774 3279 3836 consuetudine;

1724 3874 1779 3919 at
1805 3880 1980 3934 neque
2009 3865 2201 3920 crebra
2231 3864 2540 3919 divinorum
2573 3866 2840 3927 doctrina,
2866 3879 2974 3917 non
3006 3863 3279 3931 probabili

1724 3955 1954 4010 consilio
1980 3961 2036 4009 et
2061 3956 2331 4020 suasione,
2360 3971 2466 4009 non
2497 3956 2886 4008 miraculorum
2919 3954 3277 4012 exhibitione.

1725 4056 1786 4102 ut
1811 4046 2109 4116 principem
2145 4047 2560 4115 publicanorum
2588 4063 2617 4099 a
2650 4060 2746 4099 suo
2779 4046 2869 4098 illo
2900 4045 3082 4098 studio
3125 4044 3282 4096 insti-

1726 4146 1950 4206 tutoque
1977 4137 2280 4207 abriperet;
2311 4138 2404 4192 sed
2437 4140 2731 4200 transiens,
2765 4153 2980 4206 unaque
3019 4137 3280 4189 duntaxat

1726 4228 2116 4280 communitum
2155 4243 2288 4280 voce
2337 4243 2461 4281 eum
2515 4229 2676 4281 traxit
2715 4244 2729 4279 :
2775 4226 2999 4296 Sequere
3042 4243 3141 4278 me.
3186 4228 3279 4280 ille

1726 4333 1914 4386 porro,
1949 4319 2330 4386 nonperuniis
2363 4319 2593 4371 attendit
2622 4321 2896 4379 animum;
2927 4333 3033 4370 non
3067 4332 3187 4385 quae
3211 4332 3277 4370 ex

111 4403 498 4473 συγκαθημένων
550 4406 700 4475 αύτῷ
733 4407 1076 4477 διατραπεὶς,
1129 4409 1228 4478 τὴν
1275 4410 1465 4477 κλῆσιν
1513 4411 1618 4463 ἀπ-

1725 4409 1875 4461 lucro
1913 4417 2014 4470 est,
2053 4408 2380 4475 voluptatem
2422 4409 2680 4476 cogitavit
2718 4425 2732 4459 :
2775 4421 2882 4459 non
2921 4421 3110 4458 eorum
3154 4406 3273 4472 opi-

112 4494 340 4547 εσείσατο·
377 4496 512 4563 ὁμοῦ
548 4496 604 4548 δὲ
631 4501 696 4566 τῇ
749 4501 896 4567 φωνῇ
930 4499 1023 4550 τοῦ
1064 4499 1444 4570 πεφωνηκότος
1467 4515 1620 4566 γεγο-

114 4583 192 4647 νὼς
216 4586 340 4650 ὅλος,
376 4588 472 4639 καὶ
520 4587 704 4656 ὥσπερ
748 4588 1030 4658 ἀστραπῆς
1075 4590 1245 4659 ἀθρόᾳ
1284 4590 1620 4658 λαμπρότητι

113 4673 185 4741 τὴν
228 4678 441 4746 καρδίαν
489 4678 924 4746 καταλαμφθείςο
959 4679 1050 4731 καὶ
1085 4678 1191 4730 τῶν
1236 4680 1292 4731 ἐν
1337 4680 1489 4748 χερσὶ
1524 4679 1622 4746 μὲν

120 4767 358 4832 χρημάτων
388 4768 485 4819 καὶ¹
513 4770 848 4838 πραγμάτων
885 4768 1046 4831 εὐθὺς
1077 4769 1468 4836 ἀλλοτριωθεὶς,
1522 4770 1622 4837 τῆς

120 4852 230 4918 θείας
255 4857 303 4910 δέ
352 4860 596 4928 κλήσεως
627 4859 691 4928 (ὦ
719 4861 816 4929 τῆς
847 4861 1076 4923 πίστεως
1095 4862 1134 4929 l)
1161 4861 1430 4930 ἡττηθεὶς,
1456 4877 1621 4912 κατα-

119 4944 252 4999 λείπει
281 4951 370 5018 μέν
390 4953 520 5013 τοὺς
551 4954 986 5022 συμπράκτορας,
1017 4954 1328 5006 καταλείπει
1359 4954 1413 5006 δὲ
1441 4953 1500 5005 τὸ
1538 4971 1623 5004 τεο

121 5035 280 5102 λὼνιον,
307 5043 397 5094 καὶ
428 5043 609 5094 πᾶσαν
640 5041 734 5111 τὴν
784 5045 841 5095 ἐν
871 5043 1016 5110 αὐτῷ
1047 5045 1420 5113 πραττομένην
1452 5044 1622 5112 ἀπορ-

123 5126 311 5190 ρίπτεται
334 5133 653 5204 φορολογίαν
673 5149 687 5162 ·
726 5135 923 5203 χρυσοῦ
953 5135 1011 5186 δὲ
1034 5136 1230 5197 παντὸς
1263 5138 1351 5187 καὶ
1380 5135 1620 5204 ἀργύρου

121 5212 193 5262 τὴν
232 5219 499 5290 πολύτιμον
563 5221 877 5274 ἀντωνεῖται
928 5224 1268 5294 μαργαρίτην
1301 5241 1313 5255 ι
1362 5225 1455 5275 καὶ
1515 5224 1620 5274 τῶν

126 5301 284 5365 γηΐνων
299 5309 384 5376 τὴν
412 5309 671 5379 ἁρπαγὴν
694 5311 866 5379 ἀφεὶς,
884 5314 977 5382 τὴν
1000 5313 1246 5381 οὐράνιον
1273 5314 1453 5383 τρέχει
1474 5315 1556 5366 δια
1568 5332 1622 5383 ρ-

124 5389 275 5442 πᾶσων
298 5395 560 5462 βασιλείαν
583 5415 597 5428 ο
638 5398 836 5466 μᾶλλον
871 5401 954 5464 δέ,
972 5401 1170 5471 χρυσοῦ
1206 5403 1304 5470 μὲν
1335 5405 1425 5455 καὶ
1448 5404 1620 5472 ἀργύ-

125 5493 202 5541 FW
230 5487 390 5548 παντὸς
416 5489 858 5558 τιμαλφεστέραν
885 5491 1018 5558 έχων
1058 5493 1252 5562 ψυχὴν,
1283 5489 1369 5545 οἷα
1395 5493 1449 5546 δὲ
1475 5494 1620 5547 λίθον

124 5566 274 5632 τίμιον
293 5577 364 5627 καὶ
387 5577 707 5646 ἀξιέραστον
757 5578 874 5647 Θεῷ
900 5583 1166 5650 προϊσχων
1199 5583 1288 5633 τὸν
1313 5582 1454 5645 νοῦν,
1507 5584 1620 5637 ἀλί-

127 5671 282 5710 σκεται
309 5666 450 5736 τούτῳ
480 5670 574 5722 καὶ
622 5669 866 5721 ποθεῑται
914 5671 1001 5722 κα)⁵
1049 5673 1287 5741 ζητεῖται
1318 5690 1331 5703 ο
1368 5675 1459 5724 καὶ
1487 5675 1618 5743 πρὸς

1724 4500 1870 4553 nioni
1911 4500 2004 4568 qui
2046 4502 2161 4568 pari
2203 4501 2449 4554 instituto
2495 4499 2558 4552 ad
2600 4500 2798 4553 telonei
2840 4500 2986 4550 lucra
3027 4496 3275 4550 conside-

1723 4590 2104 4659 bant,'pudore
2127 4606 2408 4659 repressus
2425 4591 2762 4644 vocationem
2781 4590 3013 4657 respuit;
3041 4589 3131 4641 sed
3153 4603 3275 4641 mox

1725 4692 1854 4730 voce
1882 4678 2088 4736 audita,
2121 4688 2264 4731 totus
2289 4679 2498 4731 vocanti
2529 4678 3052 4746 devotus,vclutque
3082 4694 3274 4744 repen-

1723 4770 1834 4821 tina
1864 4767 2093 4837 fulguris
2123 4769 2500 4821 coruscationc
2539 4769 2720 4821 animo
2761 4770 3076 4822 illustratus.
3108 4778 3270 4834 atque

1723 4876 1750 4912 a
1780 4860 2027 4927 pecuniis
2075 4861 2345 4928 rebusque
2376 4876 2510 4928 quas
2540 4861 2788 4914 manibus
2812 4860 3062 4913 versabat
3092 4860 3272 4910 alieno

1722 4950 1901 5004 statim
1930 4949 2106 5003 factus
2136 4952 2317 5003 animo
2337 4991 2350 5014 ,
2378 4966 2440 5003 ac
2469 4951 2767 5003 vocationis
2793 4955 2844 5018 (0
2875 4949 3086 5014 ﬁdem!)
3117 4951 3168 5000 in
3205 4965 3270 5000 eo

1722 5038 1968 5101 victoria,
2001 5039 2176 5090 socios
2208 5037 2426 5105 quidem
2460 5049 2755 5105 qumstores
2788 5036 3068 5104 relinquit,
3109 5039 3268 5099 relin-

1721 5129 1839 5197 quit
1855 5144 1983 5182 vero
2005 5130 2327 5198 portorium,
2346 5130 2677 5196 collectaque
2700 5129 2752 5179 in
2774 5142 2840 5180 eo
2863 5129 3063 5181 tributa
3089 5126 3261 5178 omnia

1722 5221 1936 5290 projicit
1979 5236 1991 5272 :
2036 5235 2277 5287 auroque
2317 5221 2462 5272 omni
2506 5228 2666 5286 atque
2711 5228 2932 5286 argento
2972 5217 3285 5285 pretiosum"

1723 5311 2069 5379 margaritum
2132 5320 2428 5362 commutat
2498 5328 2508 5360 :
2578 5309 2848 5377 missaque
2925 5317 3259 5358 terrenorum

1721 5402 1907 5470 rapina
1937 5403 2195 5454 caelorum
2227 5416 2448 5470 regnum
2491 5411 2702 5468 raptum
2749 5399 2938 5454 currit.
2983 5396 3257 5459 Quin-imo,

1719 5511 1839 5548 cum
1880 5496 2055 5547 anima
2094 5510 2230 5547 auro
2271 5494 2416 5547 omni
2444 5502 2499 5547 et
2527 5504 2749 5563 argento
2777 5488 3094 5560 pretiosiore
3126 5501 3262 5554 pra!—

1719 5586 1864 5638 ditus
1890 5595 2051 5640 esset.
2077 5584 2202 5635 dum
2234 5584 2378 5635 velut
2409 5583 2637 5652 lapidem
2675 5582 2967 5651 pretiosum
2993 5575 3259 5641 digneque

1719 5665 2021 5736 amabilem,
2050 5676 2157 5728 Deo
2185 5674 2432 5728 obtendit
2457 5675 2714 5737 animum,
2741 5675 2852 5742 ejus
2878 5670 2963 5721 ille
2989 5666 3260 5721 illecebris
