3922 6314
580 330 684 393 227

1730 323 2020 386 meam
2051 276 2575 387 .PAPHLAGONIS

3651 310 3654 314 ’
3676 314 3793 380 ω

583 439 821 507 capitur,
858 444 916 490 et
956 436 1129 490 amori
1173 434 1407 490 habetur
1443 442 1607 503 atque
1643 431 1933 502 quaeritur;
1976 439 2033 485 et
2069 415 2146 486 ad.

2246 433 2304 486 τὰ
2348 427 2603 501 ἄφθαρτα
2653 431 2895 500 βασίλεια
2939 434 3032 486 καὶ
3064 430 3453 502 μακαριώτατα
3479 427 3690 499 κληθείς
3723 442 3792 479 τε

580 528 954 597 incorruptam
988 527 1469 595 beatissimamque
1489 533 1714 579 vocatus
1740 535 1902 594 atque
1928 524 2137 578 electus

578 618 788 678 aulam,
810 616 876 670 ad
907 626 1211 671 extremum
1240 623 1684 684 assumptusest.

650 675 788 762 Eum
829 707 886 760 in
927 706 1148 760 modum
1189 675 1782 760 mutatis-mirabiliter
1809 703 1940 778 Levi
1970 704 2138 757 mori-
2179 675 2182 678 ⁸

581 799 714 859 bus,
746 798 800 851 in
844 797 1152 851 Matthawm
1192 797 1357 850 etiam
1397 811 1596 850 nomen
1640 795 1996 849 commutavit
2028 811 2042 847 :
2076 810 2138 848 ac

579 889 725 942 sicut
772 896 932 939 antea
989 886 1260 954 publicani
1313 895 1466 948 arte,
1520 884 1762 953 portoria
1814 899 1844 937 e
1900 884 2139 938 subditis

581 976 833 1046 legendo,
860 976 936 1028 illi
962 976 1056 1045 qui
1081 976 1228 1044 genti
1258 976 1582 1044 imperabat,
1603 990 1798 1028 aurum
1829 976 2136 1049 quaesierat,

579 1063 659 1116 sic
700 1072 756 1117 et
799 1073 982 1131 postea
1019 1063 1208 1117 eadem
1251 1063 1526 1119 Christum
1567 1065 1670 1119 sibi
1711 1065 2013 1126 addixerat.
2043 1064 2138 1132 qui

581 1151 898 1206 invitantem
955 1152 1022 1205 ad
1069 1154 1316 1223 spiritale
1369 1170 1431 1208 ac
1483 1152 1771 1222 mysticum
1826 1167 2137 1206 sermonum

582 1237 891 1294 convivium
922 1252 1266 1309 sequeretur,
1298 1257 1596 1314 rursusque
1622 1241 1856 1294 domum
1900 1241 2016 1310 ipse
2057 1242 2166 1299 inc.

481 1321 489 1328 ’
579 1330 795 1391 vitaret,
825 1331 1217 1398 magniﬁceque
1246 1331 1541 1399 acciperet,
1567 1337 1733 1398 atque
1770 1330 1975 1398 duplici
2016 1331 2140 1386 cibo

579 1426 888 1480 recrearet;
937 1424 997 1468 ut
1034 1417 1254 1484 quidem
1294 1418 1593 1483 hominem,
1626 1418 1735 1472 illis
1763 1418 1994 1488 dapibus
2021 1433 2140 1487 quae

578 1522 645 1561 ex
670 1505 919 1574 corporis
944 1521 1044 1559 usu
1070 1505 1279 1573 forent;
1312 1517 1373 1560 ut
1396 1518 1576 1561 autem
1605 1508 1793 1572 Deum,
1820 1509 2140 1576 paenitentia

578 1597 873 1666 placando,
907 1583 1177 1666 ﬁdemque
1219 1597 1483 1652 charitate
1527 1597 1757 1667 aﬂlatam
1803 1597 2141 1667 (pulcherri-

580 1702 727 1741 mum
761 1688 970 1741 scilicet
996 1701 1208 1750 eorum,
1237 1699 1359 1756 quae
1397 1703 1426 1739 a
1471 1687 1630 1741 nobis
1665 1687 1757 1741 ille
1793 1686 1980 1756 exigit)
2009 1685 2142 1741 olle-

2236 524 2332 575 καὶ
2359 523 2618 589 ὲκλεγεὶς,
2645 521 2737 576 ἐπὶ
2754 522 2938 586 τέλους
2967 521 3260 591 ἀνελήφθη.

2303 697 2487 759 οὕτως
2505 696 2664 760 Λευῒς
2688 697 3002 766 θαυμασίως
3027 697 3118 748 τὸν
3141 696 3340 766 τρόπον
3374 693 3778 765 μεταποιηθεὶς,

2233 787 2313 847 είς
2338 785 2613 840 Ματθαῖον
2676 785 2770 836 καὶ
2805 783 2903 853 τὴν
2968 783 3335 854 προσηγορίαν
3387 781 3798 851 μετηλλάξατοσ

2233 877 2331 929 καὶ
2376 875 2564 945 ὥσπερ
2615 874 2912 942 ὲτελώνησε
2974 866 3230 942 πρότερον
3288 872 3377 925 τὸν
3431 869 3630 942 χρυσὸν
3653 911 3678 933 ,_
3711 868 3797 939 τῷ

2239 965 2444 1034 βασιλεῖ
2467 964 2560 1017 τοῦ
2582 963 2766 1025 ἔθνους
2787 963 2848 1016 τὸ
2871 963 3103 1032 ὑπήκοον
3126 961 3414 1030 φορολογού
3422 977 3600 1030 μενος,
3623 959 3797 1020 οὕτως

2235 1053 2811 1123 ἑτελώνησενῦστερον
2830 1053 2921 1104 τὸν
2951 1053 3201 1122 Χριστόνυ
3234 1052 3496 1119 ἑπόμενος
3535 1049 3635 1119 μὲν
3654 1049 3797 1119 πρὸς

2234 1143 2332 1213 τὴν
2351 1143 2721 1213 πνευματικὴν
2740 1144 3059 1197 πανδαισίαν
3081 1142 3188 1195 τῶν
3220 1141 3390 1209 λόγων
3419 1137 3670 1205 καλοῦντι
3697 1137 3803 1191 καὶ

2239 1220 2503 1306 μυστικήν
2523 1251 2536 1264 ’
2567 1234 2746 1286 καλῶν
2773 1234 2829 1286 δὲ
2860 1234 2955 1286 καὶ
3007 1233 3168 1294 αὐτὸς
3219 1232 3373 1293 αὖθις
3394 1230 3554 1284 αὑτὸν
3592 1231 3671 1292 εις
3688 1228 3799 1298 τὴν

2236 1323 2429 1386 οἰκίαν,
2481 1325 2576 1377 καὶ
2627 1323 2990 1393 φιλοφροσύνῃ
3051 1322 3412 1391 δεξιούμενος,
3453 1319 3805 1388 ἰδόσμασίτι

2241 1411 2558 1482 θεραπεύων
2611 1413 2803 1473 διττοίς
2835 1429 2849 1443 ·
2897 1413 2972 1475 ὡς
3018 1412 3302 1482 ἄνθρωπον
3355 1410 3485 1480 μὲν,
3525 1412 3641 1472 τοίς
3694 1407 3800 1461 τοῦ

2240 1503 2489 1570 σώματος
2520 1492 2869 1571 ἐπιτηδείοις·
2904 1503 2978 1563 ώς
2991 1503 3123 1556 Θεὸν
3149 1503 3228 1565 δὲ,
3264 1501 3571 1569 ίλεούμενος
3592 1503 3659 1570 τῇ
3692 1517 3802 1570 με·

2237 1593 2443 1662 τανοίᾳ,
2474 1593 2569 1646 καὶ
2601 1593 2780 1645 πίστιν
2805 1592 3094 1663 προσάγων
3123 1592 3516 1662 ἐνεργουμένην
3557 1591 3628 1644 δι’
3658 1592 3804 1657 ἀγά-

2240 1699 2370 1749 πης,
2400 1683 2462 1735 τὸ
2490 1681 2791 1746 κάλλιστον,
2808 1677 2884 1736 ὧν
2915 1684 3118 1744 ἐκεῖνος
3161 1669 3302 1735 αίτεί
3324 1683 3452 1758 παρ’
3479 1680 3654 1750 ημῶν.
3703 1680 3803 1731 Διὸ

585 1776 776 1843 rendo.
821 1765 1186 1842 Quamobrem
1233 1778 1408 1829 etiam.
1448 1777 1688 1845 proclive
1735 1776 1936 1830 telonei
1983 1777 2137 1844 quasi

2246 1776 2334 1827 καὶ
2357 1775 2664 1827 τελωνεῐται
2710 1774 3038 1843 προθύμως,
3094 1773 3282 1826 ἑαυτὸν
3333 1775 3444 1836 τοῖς
3487 1772 3742 1826 πεινῶσιν
3763 1772 3803 1823 ὁ

574 1865 696 1936 jure
719 1880 749 1918 a
774 1881 832 1919 se
861 1866 1000 1934 exigi
1031 1855 1190 1930 si'nit,
1220 1867 1313 1935 qui
1344 1882 1402 1920 se
1428 1867 1797 1920 esurientibus
1823 1865 2141 1935 magniﬁcus

577 1953 801 2022 largitor
830 1955 1121 2023 praeberet;
1157 1957 1404 2010 esuriens
1437 1955 1548 2024 ipse
1583 1955 1815 2019 esuriri,
1841 1964 1896 2010 et
1922 1971 2018 2011 eos
2046 1955 2138 2026 qui

578 2047 825 2113 accipere
843 2046 1085 2114 dapibus
1109 2046 1450 2110 viderentur,
1475 2061 1719 2114 pascens.

646 2133 783 2190 Cum
832 2137 996 2205 igitur
1037 2137 1122 2189 vir
1167 2136 1362 2192 beatus
1401 2151 1460 2189 se
1512 2143 1685 2189 totum
1729 2135 2006 2204 publicani
2047 2134 2138 2189 illa

577 2222 860 2278 iunctione
909 2226 1130 2294 vitaque
1181 2225 1521 2294 expedisset,
1568 2225 1635 2279 ad
1684 2225 1962 2280 Christum
2016 2233 2138 2294 apte

576 2314 991 2384 suscipiendum
1036 2325 1385 2385 comparatus
1416 2323 1527 2381 est;
1560 2331 1755 2385 nempe
1790 2316 2001 2384 abjecto
2037 2331 2138 2369 sae-

577 2404 691 2459 culi
734 2389 954 2475 spiritu,
986 2407 1191 2475 Deique
1229 2406 1438 2475 Spiritu
1482 2417 1782 2474 assumpto.
1817 2405 1946 2460 Inde
1990 2406 2139 2460 omni

578 2496 783 2550 mundo
815 2496 1172 2566 cruciﬁgitur,
1197 2512 1261 2552 ac
1289 2497 1505 2551 eunetis
1533 2499 1722 2552 mundi
1750 2497 2140 2567 cupiditatibus

577 2596 873 2641 evacuatur
904 2587 1106 2656 pariter
1133 2595 1190 2641 et
1216 2588 1578 2652 emundatur;
1617 2598 1781 2656 atque
1816 2603 1846 2643 a
1875 2586 2138 2642 vanitatis

579 2675 889 2729 rationibus
919 2676 1072 2728 velut
1103 2675 1330 2730 faecibus
1363 2691 1592 2745 prorsus
1623 2676 1984 2744 depurgatus,
2012 2674 2142 2748 soli—

583 2780 690 2834 que
713 2764 840 2819 Jesu
867 2764 1060 2820 vivens
1084 2774 1246 2835 atque
1275 2765 1422 2819 illius
1447 2767 1672 2835 vestigia
1698 2780 1972 2834 premens,
1995 2765 2143 2819 indo-

580 2856 650 2910 lis
682 2871 898 2910 omnem
928 2856 1201 2911 solertiam
1231 2871 1561 2926 omnemque
1591 2857 1757 2912 animi
1792 2856 2138 2926 sagacitatem

581 2959 646 2998 ac
688 2943 885 2998 mentis
923 2958 1190 3008 acumen,
1221 2944 1370 2998 illius
1413 2945 1739 2999 contuendaa
1777 2945 1996 2999 veritati
2040 2944 2141 3000 ad-

581 3034 720 3116 dixit
748 3051 761 3086 :
786 3028 1106 3102 cunctisque
1133 3035 1306 3103 ipsius
1335 3036 1508 3090 sacris
1533 3045 1696 3104 atque
1725 3023 1971 3104 mysticis
1999 3035 2140 3089 divi-
2167 3072 2211 3130 α

582 3113 669 3179 nis
702 3124 1182 3194 praedicationibus
1215 3126 1611 3195 intelligentem
1645 3127 1891 3180 auditum
1925 3142 1988 3180 ac
2021 3142 2141 3180 mo-

584 3217 822 3286 rigerum
863 3216 1159 3282 adhibens;
1207 3215 1649 3284 admirandisque
1688 3219 1902 3271 cunctis
1944 3216 2145 3271 Christi

584 3307 845 3374 operibus
887 3296 1187 3375 simplicem
1229 3307 1446 3360 oculum
1484 3314 1646 3375 atque
1677 3292 1920 3361 lucidum
1956 3306 2144 3360 admo-

584 3409 751 3458 vens;
801 3410 864 3449 ac
906 3406 1166 3464 praeterea
1212 3395 1529 3449 salutarium
1579 3396 1928 3465 passionum,
1957 3380 2146 3450 crucis

585 3484 799 3548 mortis,
823 3485 1137 3553 sepulturae,
1164 3485 1604 3549 resurrectionis,
1637 3485 1988 3554 omniumque
2007 3485 2148 3557 lreli-
2186 3480 2191 3485 ’

584 3590 818 3644 quorum
861 3576 978 3644 ipse
1019 3583 1294 3644 spectator
1329 3577 1619 3645 sociusque
1659 3577 1913 3640 eil'ectus,
1947 3576 2146 3631 miran‘

586 3668 716 3721 dum
761 3667 816 3720 in
861 3668 1081 3722 modum
1129 3668 1244 3735 ipse
1289 3667 1468 3736 seipso
1508 3670 1562 3735 (ο
1605 3667 1752 3720 omni
1792 3667 2146 3722 admiratione

516 3788 519 3790 -
589 3757 974 3825 prosequende
1016 3757 1486 3826 inaspectabilium
1525 3755 1866 3826 spectator!)
1907 3757 2143 3822 excedis,

587 3853 842 3915 totusque
892 3847 987 3901 Dei
1040 3862 1265 3902 excessu
1322 3847 1582 3916 rapientis
1629 3845 1905 3911 eiliceris,‘
1942 3847 2147 3916 Deique

534 3975 541 3982 .
589 3932 798 4002 Spiritu
855 3947 1122 3996 nascens,
1173 3933 1392 3987 divinus
1448 3928 1608 4003 plane
1665 3933 1890 4002 spiritus
1940 3935 2142 3988 evadis.

587 4022 949 4087 Quamobrem
980 4023 1142 4077 etiam
1176 4023 1485 4078 Paracletus
1515 4039 1546 4078 e
1572 4025 1711 4079 coelo
1741 4024 1966 4090 eﬂ'usus,
1992 4026 2146 4094 quasi

589 4105 714 4166 cum
748 4113 969 4182 propria
1003 4115 1155 4183 prole
1189 4115 1503 4169 consuescit
1537 4133 1550 4168 :
1588 4115 1812 4184 ipsaque
1844 4116 2147 4170 substantia

591 4203 813 4271 illapsus
853 4212 910 4257 et
946 4218 1206 4270 versans,
1244 4199 1555 4275 divinisque
1593 4192 2050 4261 illustrationibus
2085 4222 2150 4262 ac

593 4294 914 4348 muneribus
929 4282 1176 4364 Eeplens,
1196 4296 1466 4366 sapientia
1488 4297 1750 4366 adimplet
1769 4307 1825 4352 et
1849 4298 2144 4361 intellectu,

2241 1867 2618 1936 μεγαλόδωρος
2671 1865 2863 1927 διδοῦς’
2913 1865 3109 1918 πεινῶν
3129 1867 3188 1917 τὸ
3211 1863 3520 1927 πεινᾶσθαι,
3546 1862 3644 1937 καὶ.
3673 1861 3803 1934 τρι-

2240 1971 2354 2024 φων
2375 1957 2501 2034 τους
2528 1956 2712 2024 ἑστιᾷν
2740 1953 3075 2024 νομίζοντας.

2309 2137 2468 2190 Ὅλον
2483 2133 2577 2190 οὖν
2592 2133 2780 2190 ὲαυτδν
2797 2138 2826 2189 ό
2839 2136 3104 2205 μακάριος
3120 2133 3221 2204 τῆς
3235 2133 3528 2203 τελωνικῆς
3546 2131 3804 2200 πράξεως

2238 2228 2607 2297 ἀνακαθάρας,
2635 2230 2770 2294 πρὸς
2812 2226 3077 2296 ὑποδοχὴν
3090 2225 3328 2295 ,εὔθετον
3355 2223 3796 2277 κατεσκευάσατο

2237 2320 2330 2373 τοῦ
2358 2318 2588 2390 Χριστοῦ
2621 2334 2634 2347 ·
2667 2317 3070 2387 ἀποϐαλόμενος
3101 2316 3200 2383 μιν
3224 2316 3284 2368 τδ
3314 2314 3526 2382 πνεῦμα
3562 2313 3658 2367 τοῦ
3703 2315 3802 2366 κό-

2241 2426 2399 2477 σμου,
2422 2407 2856 2477 προσλαϐόμενος
2878 2406 2935 2459 δὲ
2959 2405 3021 2457 τὸ
3043 2404 3135 2458 τοῦ
3165 2403 3320 2457 Θεοῦ.
3336 2402 3612 2456 Ἐντεῦθεν
3635 2417 3798 2454 σταυ-

2242 2500 2425 2572 ροῦται
2445 2499 2541 2567 μὲν
2555 2498 2745 2567 κόσμῳ
2763 2497 2942 2559 παντὶ,
2962 2496 3055 2549 καὶ
3095 2493 3298 2555 πάσαις
3331 2496 3450 2556 ταῖς
3495 2495 3793 2561 κοσμικαῖς

2239 2588 2576 2658 ἐπιθυμίαις,
2608 2590 2699 2640 καὶ
2715 2585 3067 2651 ἀνακενοῦται
3085 2588 3175 2638 καὶ
3201 2584 3537 2654 καθαίρεταιο
3560 2586 3656 2639 καὶ
3689 2585 3802 2637 τῶν

2237 2676 2334 2743 τῆς
2355 2674 2708 2744 ματαιότητος
2729 2671 3074 2744 τεπαντάπασιν¹
3087 2672 3486 2736 ἀποδιυλίζεται
3501 2672 3801 2742 λογισμῶν·

2243 2764 2387 2833 μόνῳ
2431 2765 2486 2818 δὲ
2518 2763 2595 2832 τῷ
2632 2758 2806 2832 Ἰησοῦ
2857 2763 2987 2827 ζῶν,
3021 2763 3114 2815 καὶ
3141 2762 3312 2834 τούτῳ
3344 2763 3481 2818 κατ’..
3495 2763 3638 2833 ίχνος
3667 2765 3805 2818 ἀκυ-

2239 2842 2460 2911 λουθῶν,
2489 2850 2616 2920 ὃλην
2648 2850 2746 2920 μὲν
2771 2851 2868 2918 τὴν
2899 2850 2963 2902 ὲκ
3015 2849 3226 2917 φύσεως
3279 2850 3556 2920 ἀγχίνοιαν
3584 2852 3674 2904 καὶ
3700 2851 3806 2916 τῆς

2239 2943 2472 3003 διανοίας
2502 2942 2601 3009 τὴν
2644 2939 2950 3008 ὲντρέχειαν
2977 2939 3074 2992 καὶ
3115 2939 3211 3008 τὴν
3243 2939 3515 3004 ὸξυωπίαν
3553 2940 3648 2993 τοῦ
3683 2939 3803 3006 νοῦ,

2241 3034 2376 3103 πρὸς
2429 3034 2617 3102 ὅρασιν
2663 3033 2759 3102 τῆς
2809 3032 2929 3099 κατ’
2961 3031 3123 3084 αὐτὸν
3173 3030 3427 3099 ἀληθείας
3469 3032 3800 3102 ἀπησχόλειο

2244 3125 2441 3186 πάσαις
2468 3121 2526 3174 δὲ
2573 3124 2693 3186 ταῖς
2740 3124 2909 3191 ίεραῖς
2941 3106 3102 3176 αὐτοῦ
3130 3123 3429 3190 θεολογίαις
3476 3123 3570 3175 καὶ
3605 3139 3800 3192 μυστι-

2244 3193 2366 3274 καῖς
2413 3210 2632 3264 συνετὸν
2659 3211 3018 3281 παραϐάλλων
3041 3210 3132 3264 καὶ
3171 3211 3392 3281 εὐήκοον
3423 3207 3550 3274 οὖς’
3575 3213 3804 3274 καὶτοῖς

2245 3298 2562 3368 θαυμασίοις
2585 3299 2662 3352 δὲ
2706 3299 2816 3352 τῶν
2870 3299 3044 3368 ἔργων
3091 3300 3325 3368 Χριστοῦ
3378 3301 3542 3352 πᾶσιν
3563 3344 3574 3369 ⁸.
3597 3299 3803 3352 ἁπλοῦν

2243 3389 2514 3457 ὀφθαλμὸν
2540 3388 2840 3443 ἐπιϐάλλων
2869 3391 2962 3442 καὶ
2991 3391 3325 3460 φωτολαμπῆ
3347 3405 3360 3419 ·
3397 3390 3490 3443 καὶ
3518 3389 3652 3458 πρὸς
3673 3390 3802 3442 τού-

2243 3497 2355 3543 τοις
2386 3480 2493 3533 τῶν
2522 3465 2800 3550 σωτηρίων
2841 3480 3051 3544 παθῶν,
3103 3481 3195 3550 τοῦ
3231 3479 3485 3550 σταυροῦ,
3515 3479 3607 3534 τοῦ
3635 3479 3804 3534 θανά-

2204 3646 2207 3647 7
2244 3584 2358 3633 του,
2384 3567 2482 3634 τῆς
2514 3567 2708 3649 ταφῆς,
2733 3568 2830 3635 τῆς
2858 3568 3202 3628 ἀναστάσεως
3220 3606 3236 3631 ,
3268 3567 3362 3619 καὶ
3388 3565 3497 3620 τῶν
3520 3568 3802 3636 ἑπομένων

2245 3656 2430 3718 αὐτοῖς
2467 3655 2683 3711 πάντων
2714 3655 2984 3725 αὐτόπτης
3017 3655 3111 3710 καὶ
3139 3656 3388 3720 κοινωνὸς
3414 3657 3798 3728 γεγενημένος,

2244 3743 2649 3814 ὲξίστασαιμὲν
2691 3744 2883 3799 ἑαυτοῦ
2917 3745 3254 3815 θαυμασίως,
3289 3745 3356 3817 (ὥ
3389 3747 3802 3816 θαυμασιώτατε

2244 3833 2351 3886 τῶν
2389 3834 2715 3904 ἀθεωρήτων
2753 3835 3057 3904 θεωρητάι)
3106 3837 3226 3899 δλος
3277 3838 3332 3890 δὲ
3362 3837 3452 3890 τοῦ
3484 3838 3801 3904 ὲξιστῶντος

2244 3921 2369 3993 γίνῃ
2396 3922 2528 3976 Θεοῦ
2547 3939 2561 3954 ο
2590 3924 2682 3976 καὶ
2733 3925 2866 3976 Θεοῦ
2895 3924 3168 3994 Πνεύματι
3200 3926 3552 3998 γεννώμενος,
3582 3927 3800 3997 πνεῦμα

2247 4012 2386 4078 θεῖον
2428 4013 2666 4083 ἀτεχνῶς
2699 4014 2854 4086 γίνῃ’
2887 4007 2966 4078 οἷς
3004 4014 3067 4079 δὴ
3100 4016 3192 4068 καὶ
3233 4018 3262 4068 ὸ
3289 4017 3635 4086 Παράκλητος
3661 4019 3800 4072 ἀνω-

2247 4105 2336 4158 θεν
2366 4105 2627 4174 ὲκχεθεὶς,
2660 4105 2735 4166 ὡς
2768 4106 2952 4175 οἰκείῳ
2990 4108 3288 4176 γεννήματι
3316 4109 3656 4178 προσομιλεῖ·
3707 4110 3801 4162 καὶ

2247 4191 2366 4246 κατ’
2403 4195 2588 4247 οὐσίαν
2634 4194 3041 4265 ἐμφιλοχωρῶν,
3095 4197 3189 4248 καὶ
3231 4183 3341 4251 τῶν
3387 4197 3688 4270 θεαρχικῶν
3714 4200 3803 4253 ἑλ-

2246 4285 2502 4354 λάμψεων
2529 4285 2623 4337 καὶ
2654 4273 2869 4352 δωρεῶν
2901 4286 3207 4356 ἐμπιπλῶν,
3258 4289 3454 4359 πληροῖ
3481 4290 3580 4358 μὲν
3608 4291 3800 4358 σοφίας

593 4385 888 4454 impletque
939 4385 1262 4444 fortitudine
1311 4395 1370 4442 et
1415 4388 1680 4453 scientia;
1735 4388 1852 4457 pari
1909 4388 2143 4457 denique

2250 4375 2342 4428 καὶ
2372 4375 2634 4436 συνέσεως
2653 4415 2668 4440 ,
2722 4374 2918 4445 πληροῖ
2968 4375 3026 4428 δὲ
3080 4376 3279 4449 ἰσχύος
3308 4380 3399 4429 καὶ
3427 4379 3709 4445 γνώσεως⁶
3743 4383 3801 4433 ἑν

558 4494 562 4496 ·
593 4477 895 4548 εοτγρίιιείε
921 4477 1422 4547 antiquissimisque
1442 4493 1688 4542 munere,
1717 4481 1993 4549 signorum
2023 4495 2151 4548 pro-

595 4568 974 4638 digiorumque
998 4569 1298 4624 virtutibus
1321 4570 1621 4624 liberaliter
1646 4570 1888 4624 donavit.

665 4657 803 4723 Quid
863 4657 1059 4728 igitur?
1112 4658 1252 4712 Num
1288 4658 1573 4727 Spiritum
1627 4659 1847 4727 quidem
1901 4660 1956 4714 in
2010 4661 2149 4730 ignis

597 4747 778 4816 specie
812 4762 843 4801 e
882 4749 1020 4803 coelo
1058 4747 1479 4802 descendentem
1523 4749 1631 4816 pari
1672 4750 1892 4818 reliquis
1924 4754 2167 4805 munere‘

598 4838 865 4906 suscepit,
895 4853 1004 4890 non
1044 4838 1161 4906 pari
1188 4853 1326 4891 vero
1348 4847 1542 4892 conatu
1569 4839 1793 4907 gratiam
1827 4855 1945 4908 quae
1974 4835 2027 4893 in
2058 4841 2150 4895 illo

598 4935 710 4990 est,
758 4926 1013 4996 gentibus
1060 4927 1442 4981 annuntiavit?
1487 4935 1580 4979 aut
1628 4943 1657 4981 a
1702 4928 1846 4996 Petri
1893 4945 1955 4984 ac
1999 4931 2148 4984 Pauli

599 5017 782 5070 divina
815 5032 913 5084 pro
943 5018 1169 5085 apostoli
1201 5018 1441 5086 partibus
1469 5019 1764 5088 sapientia,
1797 5018 1850 5072 id
1890 5029 2006 5085 est,
2033 5037 2148 5075 ma-

547 5172 549 5175 τ
600 5103 996 5173 gniloquentia,
1021 5103 1250 5158 defecit?
1277 5105 1645 5175 Nequaquam.
1669 5107 1780 5161 Hlis
1801 5124 2033 5177 namque
2056 5126 2151 5179 per

582 5207 792 5257 omnes
816 5193 1063 5245 nationes
1088 5207 1151 5245 ac
1182 5202 1336 5246 terra:
1362 5209 1486 5247 oras
1511 5193 1965 5260 discurrentibus,
1992 5207 2152 5264 prout

602 5284 802 5351 cuique
843 5282 1136 5352 obtigerat,
1161 5291 1253 5337 aut
1279 5285 1591 5338 Paraclctus
1632 5285 2004 5349 discernebat,
2033 5305 2151 5341 ver—

604 5376 845 5442 bumque
872 5375 994 5428 vita:
1023 5375 1130 5428 oris
1163 5374 1280 5442 ipso
1310 5375 1519 5436 cilicio,
1553 5377 1638 5429 his
1676 5376 1730 5428 in
1769 5393 1904 5445 quos
1942 5379 2150 5431 incide-

606 5467 738 5518 bant
782 5465 1191 5531 enarrantibus;
1242 5467 1362 5526 hic,
1397 5467 1628 5519 ferventi
1668 5468 1760 5520 Dei
1811 5468 2151 5522 :emulatione

604 5569 926 5619 succensus,
969 5557 1164 5610 animis
1213 5556 1504 5624 gliscebat,
1539 5556 1990 5620 discruciahatur,
2014 5572 2151 5625 mgre

607 5645 937 5715 molesteque
966 5648 1220 5711 habebat,
1249 5645 1428 5698 cordis
1458 5651 1846 5719 parturiginem
1875 5651 2014 5702 ferre
2041 5663 2148 5702 non

2247 4465 2484 4535 σημείων
2514 4464 2570 4517 δὲ
2599 4465 2691 4517 καὶ
2740 4465 2982 4534 τεράτων
3008 4466 3318 4536 δυνάμεσιν,
3372 4471 3458 4522 ι’σα
3503 4471 3614 4534 τοῖς
3647 4487 3802 4543 κορυ-

2247 4557 2426 4624 φαίοις
2457 4557 2551 4609 καὶ
2589 4555 2975 4624 πρεσϐυτάτοις
3005 4558 3440 4628 ἐφιλοτιμήσατο.

2318 4648 2381 4700 Τί
2407 4647 2534 4713 οὒν;
2569 4649 2709 4718 ¹Ἀρα
2756 4647 2817 4700 τὺ
2855 4649 3078 4717 Πνεῦμα
3110 4649 3208 4720 μὲν
3252 4649 3311 4700 ὲν
3338 4651 3678 4719 είδειλπυρὸς
3714 4652 3801 4704 οὒ-

2249 4739 2468 4808 ρανόθεν
2512 4739 2830 4808 καθιέμενον
2880 4728 3076 4807 ὁμοίως
3130 4741 3240 4802 τοῖς
3276 4740 3454 4803 ἄλλοις
3489 4741 3798 4806 ὑπεδέξατο,

2247 4829 2345 4898 οὺχ
2393 4829 2590 4897 ὁμοίως
2650 4829 2707 4881 δὲ
2754 4827 2850 4899 τὴν
2887 4826 2987 4881 ’ἀπ’
3037 4828 3198 4881 αὑτοῦ
3227 4830 3387 4900 χάριν
3437 4833 3548 4893 τοῖς
3593 4831 3799 4885 ἔθνεσιν

2249 4919 2577 4990 ἀπήγγειλεν
2601 4937 2614 4986 ;
2665 4920 2697 4989 ἢ
2725 4921 2929 4990 Πέτρου
2959 4921 3051 4974 καὶ
3077 4921 3286 4974 Παύλου
3315 4925 3412 4988 τῆς
3441 4922 3798 4994 ἀποπολικῆς

2250 5012 2550 5079 θεοσοφίας,
2614 5011 2728 5076 ἦτοι
2784 5010 3211 5080 μεγαλοφωνίας,
3249 5011 3578 5082 ἀπελείφθης
3626 5014 3797 5066 Ούδαο

2253 5102 2385 5170 μῶς.
2423 5101 2530 5160 Καὶ
2561 5099 2686 5166 γὰρ,
2724 5101 2829 5151 τῶν
2884 5102 2984 5169 μὲν
3029 5101 3169 5152 κατά
3213 5101 3324 5153 πᾶν
3373 5101 3522 5165 ἔθνος
3551 5102 3644 5154 καὶ
3690 5107 3797 5157 πᾶν

2252 5200 2417 5268 κλίμα
2467 5196 2563 5263 τῆς
2593 5196 2695 5264 γῆς
2722 5197 3129 5267 διατρεχόντων,
3158 5198 3234 5260 ὡς
3270 5199 3456 5268 ἔλαχεν
3486 5200 3736 5266 ἕκαστος,
3764 5203 3792 5271 ἦ

2250 5291 2320 5351 ὡς
2349 5285 2617 5353 ἀφώριζεν
2662 5291 2691 5338 ό
2716 5288 3084 5355 Παράκλητος,
3112 5289 3204 5360 καὶ
3231 5289 3322 5341 τὸν
3353 5290 3450 5357 τῆς
3472 5291 3615 5360 ζωῆς
3643 5290 3795 5356 λόγον

2252 5383 2360 5438 τοῖς
2394 5380 2862 5447 παρατυγχάνουσι
2891 5378 2978 5430 διὰ
3010 5380 3269 5448 στόματος
3292 5376 3690 5450 ἐξηγουμένων,
3711 5379 3793 5434 οὗ·

2252 5468 2553 5536 cogita->101)
2582 5470 2715 5522 Θεοῦ
2775 5470 3212 5540 πυρπολούμενος
3260 5473 3568 5542 θερμότητι,
3624 5470 3790 5540 ἐσφά-

2252 5556 2371 5618 δαζε
2407 5557 2500 5625 μὲν
2534 5559 2624 5609 καὶ
2669 5557 3024 5624 κατετρύχετο
3058 5561 3150 5610 καὶ
3181 5559 3432 5627 ἤσχαλλε,
3481 5561 3578 5626 τὴν
3629 5561 3789 5614 ὠδῖνα

2253 5649 2347 5716 τῆς
2375 5648 2593 5716 καρδίας
2628 5648 2843 5716 ὑπέχειν
2873 5649 2967 5718 οὐχ
2991 5643 3099 5712 οἷός
3131 5666 3187 5701 τε
3221 5648 3293 5701 ὧν
3317 5664 3329 5677 ·
3363 5649 3452 5700 καὶ
3490 5651 3672 5704 πᾶσαν
3696 5646 3790 5720 τὴν
