3922 6314
89 299 190 368 229
289 353 296 359 .

789 291 1073 353 ORATIO
1108 289 1214 352 XI.
1245 313 1312 324 --
1340 287 1422 348 ΙΝ
1462 287 1772 352 LAUDEM
1811 288 1869 348 S.
1917 289 2274 350 MATTIIrEI
2312 293 2567 355 APOST.

3190 314 3296 379 mo

82 404 422 476 οἰκουμένην,
452 404 571 458 ὅσον
597 404 677 466 εἰς
707 405 812 474 ’τὴν
838 402 1003 457 αὑτοῦ
1043 402 1299 473 πρόθεσιν
1347 398 1501 473 ἧκον,
1542 400 1649 461 τοῦ,

1754 401 1954 466 valens;
1986 415 2050 456 ac
2078 403 2268 457 orbem
2300 404 2637 470 universum,
2665 407 2732 464 ad
2759 409 2879 480 ejus
2907 413 3073 468 animi
3101 434 3298 488 propo-

83 500 177 567 τῆς
201 496 423 566 χάριτος
442 497 601 564 λόγου
632 493 916 564 πληρῶσαι
941 491 1408 564 προθυμούμενος.

162 668 621 737 Ἀνακοπτόμενος
649 667 707 721 δὲ
750 667 850 735 τῆς
901 666 1052 736 ίερᾶς
1099 665 1394 735 ιπιθυμίας
1439 667 1642 736 φυσικῇ

73 760 171 824 ,σοῦ
201 760 361 827 ἀγίου
408 759 657 828 σώματος
702 757 993 827 ἀδυναμίᾳ,
1049 757 1150 810 οὐκ
1185 756 1544 810 ἀναπέπτωκε
1574 748 1642 824 τῇ

85 850 325 920 ῥᾳθυμίᾳ
347 866 362 880 ·
390 853 452 902 οὐ
486 848 737 921 ῥᾳστώνῃ
761 848 951 900 ἑαυτὸν
1002 847 1228 900 ἀπέδοτο
1268 848 1364 899 καὶ
1410 847 1589 915 τρυφῇ
1624 860 1638 876 ο

84 941 198 992 οὐδὲ
247 943 585 1011 σωματικαῖς
635 939 905 1007 ἀνεκλήθη
942 938 1171 1001 διαίταις
1213 937 1307 990 καὶ
1359 936 1640 988 ἀνέσεσιψ

83 1031 218 1083 ἀλλά
272 1029 528 1098 δευτέραν
559 1023 739 1098 ιῆλθεν
777 1025 916 1092 όδδν,
965 1026 1225 1095 ὲπίτομον
1260 1027 1354 1078 καὶ
1377 1023 1639 1094 άμοχθον,

88 1123 178 1174 καὶ
232 1119 432 1182 πάσαις
476 1117 782 1188 ἀνθρώπων
843 1114 1158 1187 σωτηριώδη
1217 1117 1451 1184 γενεαῖς.
1503 1115 1628 1168 Συν⁹

88 1209 305 1279 αγαγὼν
340 1209 530 1264 ἑαυτὸν
559 1210 633 1272 ὡς
648 1204 759 1261 οἷόν
777 1223 834 1260 τε
862 1203 950 1278 ἦν,
977 1207 1070 1262 καὶ
1089 1207 1188 1276 τὴν
1214 1205 1528 1276 θεανδρικὴν
1545 1202 1639 1256 τοῦ

86 1305 258 1369 Λόγου
291 1303 426 1371 πρὸς
448 1299 772 1371 ἀνθρώπους
817 1300 1136 1367 ἐπιφάνειαν
1186 1297 1283 1352 καὶ
1333 1298 1513 1349 πᾶσαν
1541 1297 1642 1366 τὴν

91 1392 342 1464 θεουργὸν
367 1391 680 1460 οἰκονομίαν
699 1391 786 1444 διά
808 1391 1028 1459 μνήμης
1057 1388 1260 1457 σαφοῦς
1280 1389 1640 1442 ἀνατυπωσά-

90 1498 242 1551 μενος
272 1483 338 1550 τῇ
363 1480 601 1550 διανοίᾳ,
630 1480 725 1532 καὶ
747 1474 860 1531 οἷον
889 1479 982 1530 ὑπ’
1013 1476 1134 1546 ὄψιν
1157 1477 1357 1540 λαϐὼν,
1380 1477 1640 1547 λογογρα-

88 1575 174 1640 φεί
191 1571 289 1641 τὴν
341 1569 623 1622 εὐσέϐειαν
641 1582 655 1597 ⁶
706 1568 827 1645 καὶ.
856 1566 998 1638 άπερ
1030 1567 1291 1637 ἀγράφως
1331 1568 1440 1629 τοῖς
1464 1566 1639 1618 ἔθνεσι

1743 490 1907 545 situm
1946 491 2093 560 quod
2132 492 2418 559 attinebat,
2450 496 2618 550 verbo
2655 499 2841 566 gratia:
2885 501 3113 570 implere
3151 515 3300 560 sata-

1743 598 1894 652 gens.

1811 673 2073 728 Obstante
2107 688 2240 728 vero
2279 689 2434 729 sacro
2469 676 2771 742 desiderio,
2800 679 2946 747 quod
2977 684 3304 749 corpusculo

1743 765 2098 821 imbecilliore
2149 775 2349 821 natura
2401 769 2661 836 praeditus
2714 780 2870 835 erat,
2917 788 3027 826 non
3086 774 3304 842 ignavia

1742 855 2003 921 concidit,
2021 872 2129 911 non
2157 873 2216 912 se
2246 859 2496 913 mollitici
2523 874 2585 913 ac
2609 860 2819 914 deliciis
2843 862 3085 916 deditum
3110 865 3304 928 voluit,

1741 961 1850 999 non
1880 947 2153 1016 corporali
2180 947 2452 1016 exquisito
2473 948 2620 1002 victu
2647 963 2710 1002 ac
2734 950 3052 1004 delicatiore
3077 953 3302 1019 rcsiliit;

1741 1036 1837 1091 sed
1864 1037 2092 1091 alteram
2117 1038 2240 1104 iniit
2256 1038 2424 1102 viam,
2446 1053 2674 1108 eamque
2698 1040 3183 1108 compendiariam,
3203 1058 3306 1096 nec
3367 1039 3370 1042 ’

1741 1125 2037 1196 quidquam
2068 1142 2362 1191 morosam,
2390 1128 2710 1197 cunctisque
2741 1129 3022 1184 hominum
3046 1133 3299 1186 aetatibus

1740 1217 2054 1272 salutarem.
2098 1217 2357 1282 Quinimo
2397 1218 2515 1287 ipse
2554 1219 2828 1287 seipsum,
2860 1221 3038 1289 quoad
3080 1222 3304 1286 licebat,

1740 1307 2028 1378 colligens,
2059 1309 2266 1379 Deique
2297 1311 2510 1364 virilem
2536 1311 2702 1364 Verbi
2749 1311 2816 1365 ad
2860 1313 3110 1366 homines
3142 1329 3308 1382 appa-

1741 1399 2019 1464 ritionem,
2045 1415 2374 1468 omnemque
2401 1400 2641 1454 divinam
2669 1402 3134 1470 dispensationem
3161 1404 3305 1456 clara

1749 1498 1931 1543 mente
1983 1491 2245 1543 memoria
2299 1490 2628 1562 ipformans,
2682 1506 2746 1544 ac
2795 1492 2943 1545 velut
2996 1494 3067 1546 oh
3120 1492 3309 1547 oculos

1741 1594 1977 1648 ponens,
2012 1579 2217 1647 scripto
2259 1580 2544 1649 consignat
2573 1582 2830 1648 pietatem
2867 1599 2880 1634 :
2911 1595 3139 1649 quaeque
3171 1580 3308 1634 adeo

87 1664 166 1715 διά
195 1659 443 1731 γλώσσης
464 1661 515 1712 οί
542 1657 690 1713 άλλοι
722 1658 1100 1725 παρεδίδοσαν,
1138 1656 1314 1710 ταῦτα
1360 1656 1638 1718 Ματθαῖος

1754 1669 1943 1737 reliqui
1985 1669 2238 1736 gentibus
2278 1669 2474 1737 linguae
2511 1684 2738 1724 munere
2765 1685 2873 1724 non
2909 1671 3111 1739 scripta
3145 1670 3309 1725 tradi-

87 1755 114 1805 ὸ
139 1752 309 1823 μέγας
342 1751 428 1805 διὰ
449 1750 833 1828 συγγραφικῆς
860 1748 1094 1819 θεωρίας
1138 1745 1635 1816 συγκεφαλαιούμε-

1754 1758 1957 1825 ierant,
1985 1760 2100 1813 haec
2141 1733 2385 1828 magnus‘
2403 1755 2691 1814 Matthaaus
2730 1760 2935 1828 scripta
2976 1733 3312 1815 commenta-

87 1861 191 1905 νος,
211 1843 333 1896 ὅλον
350 1841 445 1895 τοῦ
471 1841 648 1909 Λόγου
685 1839 747 1893 τδ
765 1825 1088 1909 μυστήριον
1131 1839 1301 1910 ἱεραῖς
1346 1838 1641 1905 άνατέταχε

87 1933 416 2004 θεηγορίαις.
987 1951 990 1954 ’

155 2037 396 2089 ’Δνωθεν
431 2018 545 2105 γὰρ
572 2035 672 2105 τῆς
706 2033 1056 2102 γενεαλογίας
1113 2031 1222 2086 ἀπὸ
1269 2031 1518 2102 Ἀϐραὰμ
1544 2033 1643 2102 τὴν

91 2127 257 2198 ἀρχὴν
317 2125 751 2195 καταϐαλόμενος
786 2163 802 2190 ,
892 2123 987 2177 καὶ
1055 2115 1290 2193 καθεξῆς
1321 2163 1336 2189 ,
1395 2122 1599 2193 προῖὼν
1625 2163 1642 2188 ,

88 2220 182 2286 τὴν
205 2218 351 2273 κατά
372 2217 550 2286 σάρκα
595 2217 850 2286 γέννησιν
891 2213 1309 2285 εὐαγγελίζεται
1360 2215 1452 2269 τσῦ
1507 2216 1645 2286 Χρι-

93 2308 212 2361 στοῦ
245 2323 262 2341 ο
313 2303 452 2374 εἶτα,
497 2308 598 2379 τὴν
667 2306 977 2372 ἀνάδειξιν,
1025 2306 1125 2376 τὴν
1168 2305 1422 2374 βάπτισιν
1479 2306 1643 2358 αὐτοῦ

93 2399 178 2450 καὶ
205 2398 300 2450 τὸν
324 2397 632 2468 πειρασμόν
654 2411 668 2426 °
721 2394 861 2458 εἶτα,
893 2395 999 2448 τῶν
1053 2395 1362 2448 ἀποστόλων
1416 2393 1516 2464 τὴν
1552 2396 1644 2446 ὲκ-

95 2486 273 2557 λογὴν,
327 2488 429 2549 τὰς
466 2485 615 2556 ἱεράς
687 2483 1096 2555 μυσταγωγίας,
1160 2485 1380 2557 ὅσαςηὶτε
1409 2484 1498 2536 διὰ
1536 2493 1643 2536 πα·-

94 2577 330 2647 ραϐολῶν
363 2615 380 2639 ,
430 2580 526 2631 καὶ
569 2577 698 2640 ὅσας
752 2579 782 2630 ό
827 2575 1030 2646 Κύριος
1079 2577 1138 2628 ὲν
1196 2577 1478 2647 παρρησίᾳ
1530 2577 1644 2638 τοῖς

94 2669 260 2738 όχλοις
299 2668 494 2738 ὡμίλει
527 2669 625 2721 καὶ
660 2669 772 2729 τοῖς
804 2667 1098 2738 μαθηταῖς·
1137 2662 1257 2720 εἶτα
1279 2706 1296 2729 ,
1349 2668 1445 2728 τὰς
1479 2667 1645 2736 ὑπερ-

97 2761 240 2827 φυεῖς
259 2759 727 2831 θαυματουργίας,
751 2758 846 2821 τὰς
861 2758 971 2811 τῶν
991 2757 1292 2810 νοσούντων
1319 2756 1637 2826 θεραπείας,

97 2850 196 2902 τῶν
219 2851 492 2920 δαιμόνων
519 2851 620 2913 τὰς
648 2849 963 2920 καθάρσεις,
1003 2848 1113 2902 τῶν
1143 2849 1496 2917 πολυτρόπως
1536 2865 1644 2898 πα-

101 2940 327 3009 σχόντων
351 2940 450 3003 τάς
483 2941 657 3003 ἰάσεις
678 2979 694 3005 ,
727 2939 824 3011 τὴν
849 2940 958 2992 τῶν
996 2940 1176 3010 ἀρτων
1217 2938 1526 3006 εὖλόγησιν,
1555 2937 1646 2988 τὸν

1750 1850 1898 1904 tione
1930 1865 2141 1903 summa
2167 1850 2456 1919 colligens,
2486 1860 2658 1904 totum
2684 1850 2847 1904 Verbi
2878 1850 3197 1921 mysterium
3227 1866 3312 1905 sa-

1743 1941 1853 2006 cris
1881 1941 2364 2010 praedicationibus
2392 1942 2647 2010 intexuit.

1815 2033 2043 2100 Sursum
2074 2045 2219 2100 enim
2250 2044 2318 2098 ab
2339 2043 2653 2098 Abr'ahamo
2677 2045 3090 2114 generationum
3114 2041 3311 2098 seriem

1744 2150 1934 2198 orsus,
1965 2151 2029 2188 ac
2056 2135 2318 2203 deinceps
2344 2133 2674 2202 procedens,
2700 2150 2821 2203 qua:
2855 2116 3159 2188 secundum
3190 2149 3312 2188 car-

1744 2241 1868 2280 nem
1919 2237 2035 2288 est,
2079 2224 2284 2278 Christi
2331 2220 2742 2294 generationem
2794 2225 3084 2276 annuntiat
3131 2240 3144 2275 :
3196 2232 3312 2276 tum

1744 2315 1863 2384 ejus
1906 2313 2310 2374 ostensionem,
2351 2310 2791 2379 baptismumque
2827 2317 2884 2363 et
2925 2309 3309 2372 tentationem;

1745 2405 1944 2460 deinde
1974 2403 2346 2472 apostolorum
2379 2403 2737 2463 electionem,
2769 2415 3060 2468 sacrasque
3095 2399 3315 2452 institu-

1744 2495 1951 2568 tiones,
1982 2508 2324 2561 quaecunque
2362 2490 2628 2544 Dominus
2665 2489 2719 2541 in
2758 2488 3058 2557 parabolis,
3085 2495 3140 2541 et
3168 2502 3316 2557 qua:-

1745 2597 1960 2651 cunquc
2002 2582 2176 2650 palam
2213 2578 2393 2632 turbis
2431 2592 2496 2631 ac
2528 2576 2816 2644 discipulis
2855 2576 3203 2644 loquebatur.
3232 2575 3314 2629 Ad
3399 2602 3402 2606 ~

1745 2675 1859 2728 hzec
1891 2672 2088 2728 eximia
2118 2670 2414 2734 miracula,
2443 2677 2664 2722 curatos
2690 2676 2952 2737 azgrotos,
2983 2681 3013 2718 a
3045 2664 3311 2719 dazmoni-

1713 2763 1848 2819 ‘bus
1885 2763 2195 2828 mundatos,
2228 2761 2395 2814 variis
2441 2759 2802 2830 languoribus
2841 2765 3078 2820 sanatos,
3113 2769 3314 2826 panum

1747 2855 2208 2917 benedictionem,
2235 2847 2664 2905 ambulationem
2707 2863 2871 2917 supra
2913 2862 3084 2910 mare,
3117 2847 3315 2901 immu-

1749 2947 2008 3000 tationem
2059 2944 2114 2996 in
2163 2951 2398 3008 monte;
2433 2955 2650 2994 omnem
2702 2939 2940 3006 denique
2988 2936 3318 3006 simpliciter

101 3033 154 3082 ὲν
185 3031 424 3102 θαλάσσῃ
446 3031 772 3100 περίπατον,
804 3021 904 3100 τὴν
923 3031 1013 3082 ἐπὶ
1037 3028 1132 3081 τοῦ
1162 3027 1317 3098 δρους
1342 3026 1643 3081 ἀλλοίωσιν.

1754 3034 2121 3105 prodigiorum
2146 3031 2470 3101 stupendum
2494 3029 2626 3092 vim,
2645 3041 2974 3095 omnemque
2999 3025 3129 3080 Jesu
3156 3025 3320 3078 actio-

101 3122 201 3175 Καὶ
238 3123 417 3175 πᾶσαν
451 3120 638 3184 ἁπλῶς
669 3121 1067 3191 τερατουργίαν
1105 3119 1388 3190 ὑπερφυᾶ,
1421 3117 1515 3169 καὶ
1553 3117 1648 3168 πᾶν·

105 3226 192 3262 σαν
220 3212 416 3282 πρᾶξιν
442 3210 537 3262 τοῦ
580 3210 770 3280 Ἰησοῦ,
811 3211 906 3263 καὶ
941 3211 1118 3262 πᾶσαν
1171 3209 1452 3278 ἐνέργειαν
1481 3204 1650 3268 ’ἀξιο-

105 3301 428 3371 λογωτάτην,
458 3299 593 3353 Θεοῦ
643 3301 869 3369 φωναῖς,
897 3303 927 3352 ὀ
958 3299 1052 3352 τοῦ
1084 3297 1399 3366 Πνεύματος
1432 3295 1649 3365 ἀριστος

112 3394 481 3462 μυστογράφος
513 3392 824 3460 ὑφηγεῖται.
857 3390 965 3442 Ναὶ
1007 3389 1074 3459 δὴ
1119 3390 1214 3441 καὶ
1236 3387 1309 3438 τὰ
1339 3387 1433 3454 τῆς
1467 3383 1651 3438 δευτέο

111 3498 198 3549 ρας
234 3479 404 3534 αὐτοῦ
436 3480 757 3550 παρουσίας,
786 3478 1051 3548 ὲξέφρασε
1084 3477 1384 3547 μυστήρια·
1413 3474 1548 3542 πρὸς
1571 3473 1648 3538 δὲ,

109 3573 194 3624 καὶ
222 3571 323 3640 τὴν
354 3571 448 3623 ἐπὶ
493 3567 587 3622 τοῦ
631 3569 818 3620 πώλου
849 3565 1156 3636 καθίζησιν,
1186 3566 1276 3618 καὶ
1308 3564 1416 3616 τῶν
1448 3558 1651 3614 παίδων

110 3660 468 3731 τὴνΰμνησιν,
503 3659 597 3712 καὶ
625 3659 734 3712 τῶν
773 3657 1040 3711 Ἰουδαίων
1078 3655 1528 3731 τὴνιβασκανίαψ
1561 3653 1653 3706 καὶ

109 3726 189 3801 τὸν
215 3726 430 3802 δεῖπνον
457 3747 548 3800 τδν
575 3747 856 3816 μυστικὸν,
891 3746 984 3798 καὶ
1008 3745 1106 3815 τὴν
1138 3726 1310 3796 Ἰούδα
1335 3741 1649 3813 προδοσίαν,

113 3839 196 3891 καὶ
208 3839 304 3910 τὴν
326 3838 770 3907 ὑποκεκριμένην
796 3835 891 3889 τοῦ
920 3835 1148 3888 Πιλάτου
1165 3834 1342 3902 κρίσιν
1361 3833 1454 3887 καὶ
1487 3833 1653 3887 κατὰ*

115 3918 425 3998 κρισινοτδν
469 3929 734 3997 κάλαμον,
756 3926 847 3978 τὸν
875 3925 1160 3993 στέφανον,
1191 3924 1282 3976 τὸν
1318 3921 1649 3994 ἐμπαιγμδν,

113 4020 193 4073 τὸν
221 4020 471 4092 σταυρὸν,
503 4023 605 4088 τὴν
652 4020 854 4088 ταφὴν,
888 4017 988 4086 τὴν
1019 4015 1315 4086 τριήμερον
1359 4014 1654 4067 ἀνάστασιν

116 4112 198 4164 καὶ
218 4111 530 4181 ἑμφάνισιν.
559 4109 668 4163 Καὶ
696 4109 875 4161 πᾶσαν
908 4108 1142 4169 συνόλως
1176 4107 1342 4174 φάναι
1366 4104 1458 4157 τοῦ
1480 4104 1652 4171 Λόγου

115 4201 202 4270 τὴν
238 4200 576 4270 οἰκονομίαν,
605 4199 634 4251 ό
663 4198 754 4252 τοῦ
797 4199 971 4267 Λόγου
1017 4199 1342 4265 λογιώτατος
1372 4200 1428 4249 ἐν
1470 4197 1652 4265 γραφῇ

118 4291 500 4361 διηγησάμενος
527 4289 901 4359 ὑπογραφεὺς,
951 4289 1130 4342 κοινὸν
1185 4284 1457 4358 προῦθηκε
1491 4287 1654 4338 πᾶσιν

1749 3141 1905 3184 nem.
1938 3140 2003 3177 ac
2045 3137 2262 3176 omnem
2303 3120 2561 3190 praecipui
2607 3117 2868 3172 momenti
2912 3115 3315 3184 operationem,

1751 3216 1849 3271 Dei
1876 3215 2126 3279 vocibus,
2158 3213 2398 3282 optimus
2437 3211 2819 3281 mysteriorum
2864 3207 3103 3276 Spiritus
3139 3205 3320 3260 scriba

1750 3315 1805 3360 et
1842 3307 2114 3373 interpres
2140 3300 2382 3369 exponit.
2413 3299 2553 3365 Quin
2583 3307 2639 3352 et
2664 3313 2749 3363 ea,
2773 3313 2896 3366 qua:
2921 3295 2990 3350 ad
3015 3296 3320 3350 secundum

1750 3396 2044 3449 adventum
2074 3398 2319 3461 spectant
2345 3389 2619 3460 mysteria,
2649 3395 2942 3442 exsecutus
2958 3395 3060 3440 est.
3091 3386 3171 3439 Ad
3201 3387 3318 3442 haec

1750 3488 1913 3542 etiam
1953 3485 2252 3539 sessionem
2295 3498 2460 3550 super
2497 3482 2738 3551 pullum,
2768 3488 2824 3533 et
2862 3493 3157 3547 puerorum
3202 3477 3320 3531 lau-

1751 3579 1897 3639 dem,
1923 3576 2346 3641 Judmorumque
2385 3571 2642 3625 invidiam
2684 3587 2699 3622 :
2741 3570 2869 3623 item
2894 3583 3104 3621 caenam
3134 3567 3320 3636 mysti—

1752 3680 1867 3720 cam
1893 3673 1949 3718 et
1969 3663 2122 3718 Judm
2147 3661 2532 3731 proditionem,
2554 3675 2617 3713 ac
2641 3657 2801 3713 Pilati
2827 3657 3142 3711 simulatum
3161 3655 3312 3725 judi—

1752 3756 1895 3809 cium
1936 3763 1992 3808 et
2030 3744 2541 3807 condemnationem
2589 3767 2603 3804 :
2651 3747 2997 3810 arundinem,
3038 3760 3316 3811 coronam,

1753 3845 2082 3907 illusionem,
2110 3857 2353 3905 crucem,
2384 3840 2746 3909 sepulturam,
2781 3839 3086 3893 triduanam
3135 3843 3319 3891 resur-

1753 3937 2050 3990 rectionem
2099 3943 2154 3988 et
2198 3933 2614 4002 apparitionem.
2666 3930 2894 3985 Omnem
2935 3930 3173 3998 denique
3199 3968 3214 3992 ,
3257 3935 3319 3982 ut

1753 4025 2051 4079 universim
2109 4024 2332 4092 loquar,
2379 4022 2544 4076 Verbi
2606 4019 3103 4088 dispensationem,
3153 4017 3317 4072 Verbi

1755 4113 2148 4168 disertissimus
2177 4111 2354 4166 scriba
2386 4111 2590 4177 scripto
2621 4122 2910 4172 enarrans,
2943 4105 3155 4160 cunctis
3187 4121 3318 4175 gen-

1755 4206 1901 4259 tibus
1930 4203 2146 4272 pietatis
2176 4200 2459 4270 proposuit
2489 4199 2728 4262 titulum,
2757 4196 2881 4250 ﬁdei
2915 4196 3129 4265 pignus,
3158 4196 3300 4249 dilc-

1755 4293 1951 4347 ctionis
1981 4291 2248 4354 fomitem,
2279 4288 2542 4342 bonitatis
2570 4287 2766 4346 divina;
2796 4301 2863 4341 ac
2889 4285 3191 4339 clementiae
3219 4285 3317 4338 de—

122 4380 312 4434 ίθνεσιν
363 4383 700 4452 πρόγραμμα
757 4380 1084 4443 θεοσεϐείας,
1114 4379 1372 4448 ἐχέγγυον
1403 4377 1649 4441 πίστεως,

1758 4383 2130 4445 clarationem,
2161 4379 2311 4450 regni
2344 4378 2805 4448 pradicationem,
2837 4375 3080 4446 mysterii
3114 4374 3316 4430 Christi

125 4470 323 4540 ἀγάπης
365 4471 698 4542 ὲμπύρευμα
728 4511 741 4535 ,
795 4471 891 4539 τῆς
942 4469 1038 4522 τοῦ
1075 4467 1207 4521 Θεοῦ
1249 4467 1656 4538 φιλανθρωπίας

126 4558 399 4624 ἀπόδειξιν,
423 4561 525 4629 τῆς
545 4557 821 4628 βασιλείας
841 4556 1193 4628 ἀνακήρυξιν,
1227 4557 1326 4627 τῆς
1350 4557 1658 4625 οίκονομίας

128 4646 431 4715 βεϐαίωσιν,
466 4649 723 4719 ἀληθείας
764 4648 1063 4719 στηριγμδν
1085 4687 1100 4712 ,
1136 4647 1322 4716 ψυχῶν
1361 4647 1656 4715 φωτισμὸν,

130 4739 281 4809 ἀρχὴν
329 4741 454 4808 ἦτοι
505 4739 687 4810 πηγὴν
746 4739 1017 4808 ἀγιασμοῦ
1052 4739 1145 4790 καὶ
1179 4737 1508 4807 ἀκραιφνοῦς
1554 4754 1661 4789 σω-

133 4830 294 4898 τηρίας
339 4829 622 4895 ὑπόθεσιν,
662 4830 724 4883 τὸ
771 4830 893 4882 κατ’
945 4830 1109 4882 αὑτὸν
1168 4828 1494 4897 Εὑαγγέλιον
1549 4828 1662 4890 τοῖς

136 4921 344 4989 πέρασιν
366 4919 704 4992 ἐκδεδωκώς.
1161 4904 1166 4910 ’

192 5010 362 5074 Οὕτως
389 5012 492 5080 οὐχ
522 5011 602 5062 ἑνὶ
629 5012 723 5081 μὲν
749 5011 889 5065 ἔθνει
917 5009 1192 5072 Ματθαῖος
1223 5010 1474 5078 ἐπιδημεῖ
1494 5025 1508 5039 ο
1555 5009 1663 5062 τῶν

140 5096 284 5151 ἀλλων
303 5100 357 5153 δὲ
401 5098 546 5154 κατά
581 5100 826 5171 σώματος
854 5101 1159 5168 ἀναγκαίαν
1190 5101 1537 5171 περιγραφὴν
1567 5102 1663 5152 καὶ

141 5187 410 5260 ἀδυναμίαν
438 5190 649 5258 φύσεως
678 5193 1026 5249 ἀπολείπεται
1047 5208 1060 5222 ·
1092 5191 1211 5244 οὐδὲ
1237 5193 1369 5243 πᾶσι
1399 5191 1495 5261 μὲν
1521 5189 1666 5242 ἔθνε-

142 5289 219 5324 σιν
239 5277 477 5347 ἐπιφοιτᾷ
496 5297 511 5309 ·
534 5279 734 5345 ὀλίγοις
773 5280 830 5332 δὲ
854 5281 960 5332 τῶν
998 5280 1297 5349 ἀνθρώπων
1325 5280 1548 5347 ὁμιλῶν,
1576 5280 1665 5331 τὸν

141 5365 230 5434 τῆς
253 5366 560 5437 θεογνωσίας
610 5368 904 5437 ἐπιλάμπει
944 5371 1148 5440 πυρσόν
1172 5386 1186 5401 ·
1220 5370 1338 5422 οὐδὲ
1386 5371 1520 5421 πᾶσι
1571 5369 1668 5438 μὲν

143 5452 320 5520 ὁμιλεῖ,
354 5459 526 5527 μόνοις
552 5459 612 5512 δὲ
644 5460 754 5520 τοῖς
800 5460 938 5512 κατὰ
963 5461 1060 5529 τὴν
1105 5460 1266 5513 αὐτοῦ
1311 5460 1556 5526 περιοῦσι
1580 5476 1668 5525 γε-

146 5545 262 5596 νεάν
285 5561 297 5575 ·
324 5549 354 5616 ἢ
381 5551 579 5612 πάσαις
613 5547 712 5617 μὲν
733 5549 925 5615 ἐφεξῆς
951 5552 1160 5616 γενεαῖς
1190 5549 1279 5600 τὸν
1314 5549 1537 5616 Ἰησοῦν,
1573 5549 1667 5600 καὶ

145 5633 236 5702 τὴν
262 5634 409 5690 αὑτοῦ
437 5637 710 5708 βασιλείαν
723 5637 816 5691 καὶ
833 5638 932 5705 τὴν
949 5639 1214 5707 σάρκωσιν
1243 5638 1663 5706 εὐαγγελίζεται·

1756 4470 2242 4535 conﬁrmationem,
2276 4469 2523 4522 veritatis
2559 4466 2958 4528 fulcimentum,
2997 4465 3307 4519 animorum

1758 4561 2238 4624 illuminationem,
2270 4556 2712 4612 sanctiﬁcationis
2735 4553 2997 4622 originem
3025 4554 3138 4608 sive
3183 4554 3310 4606 fon-

1758 4659 1868 4705 tem
1904 4666 2156 4719 veraaque
2191 4648 2379 4704 salutis
2411 4653 2808 4716 argumentum,
2836 4645 2931 4698 abs
2963 4658 3020 4699 se
3053 4647 3317 4713 scriptum

1758 4741 2110 4812 Evangelium
2134 4740 2284 4796 orbis
2312 4738 2512 4792 ﬁnibus
2536 4737 2726 4791 edens.

1833 5023 1925 5077 Sic
1955 5022 2236 5076 Mattbaeus
2262 5032 2368 5071 non
2399 5014 2465 5071 ad
2493 5031 2654 5070 unam
2684 5014 3050 5084 proficiscitur
3071 5022 3313 5083 gentem;

1765 5109 1991 5177 reliquis
2027 5116 2208 5161 autem
2245 5105 2477 5159 naturali
2513 5104 2754 5172 corporis
2788 5097 3312 5169 circumscripti'one,

1764 5213 1828 5252 ac
1852 5207 2057 5251 natum
2085 5199 2198 5265 ipsa
2228 5195 2593 5249 imbecillitate
2621 5193 2808 5247 deest:
2835 5209 3011 5261 neque
3035 5192 3097 5244 ad
3128 5205 3315 5242 omnes

1765 5288 1981 5356 quidem
2025 5303 2081 5341 se
2107 5287 2335 5349 confert,
2363 5300 2483 5338 cum
2508 5283 2693 5352 paucis
2725 5299 2853 5338 vero
2887 5282 3160 5335 hominum
3199 5295 3313 5332 ser-

1770 5393 1983 5432 monem
2018 5378 2270 5441 miscens,
2298 5377 2494 5429 divinae
2526 5375 2605 5429 eis
2639 5374 2963 5444 cognitionis
2996 5379 3157 5435 atque
3188 5369 3313 5422 ﬁdei

1767 5466 1935 5520 facem
1981 5467 2227 5520 accendit
2269 5485 2281 5518 :
2321 5482 2422 5520 nec
2463 5482 2587 5520 cum
2628 5465 2878 5518 omnibus
2918 5462 3156 5529 quidem,
3188 5475 3313 5514 cum

1769 5557 1836 5610 iis
1860 5573 1990 5611 vero
2015 5559 2272 5610 duntaxat
2293 5573 2432 5625 quos
2457 5558 2547 5611 illa
2574 5555 2889 5623 superstites
2916 5551 3117 5605 ferebat
3138 5559 3269 5604 artas
3295 5567 3311 5604 :

1769 5658 1860 5701 aut
1919 5648 2170 5702 omnibus
2231 5648 2450 5717 quidem
2512 5647 2767 5718 deinceps
2827 5642 3070 5699 mtatibus
3125 5642 3312 5699 Jesum
