3922 6314
459 323 559 387 931

1609 309 1896 371 NllIE'l'Ji'Z
1940 302 2466 365 i';\l'lll.!\t‘.t")'.\"i8

3583 295 3699 354 9.32

461 429 771 486 annuntiat.
802 429 1030 495 ejusque
1071 441 1295 495 regnum
1335 440 1395 478 ac
1433 425 1886 480 lnearnatiuncm,
1921 435 2024 472 non

2142 415 2224 481 »ύχ
2253 413 2449 477 ὁμοίως
2484 410 2539 460 δὲ
2593 407 2790 469 πάσαις
2838 409 2934 466 τὰς
2979 411 3071 476 τῆς
3099 407 3498 475 ἀληοογνωσίας
3522 407 3680 459 ἐπαυυ

462 519 720 582 similiter
774 529 953 570 tamen
1013 533 1155 594 vera:
1223 516 1467 572 scientia:
1521 516 1756 583 fulgores
1815 511 2026 564 eunetis

462 606 694 667 aﬂurndit
736 627 750 662 :
802 596 1224 677 quinimo'solls
1271 598 1441 660 instar
1488 606 1700 658 lucidos
1747 603 2025 669 Evangelii

463 699 644 753 radios
661 700 722 751 in
746 713 962 752 omnem
988 697 1147 750 simul
1175 705 1441 750 terrarUm
1467 696 1676 756 orbem,
1699 707 2027 758 omnemque

460 789 744 843 nationum
764 770 1001 857 linguam
1025 790 1302 850 cmittcns,
1322 797 1482 854 atque
1505 801 1721 838 onmem
1747 784 2027 836 hominum

464 891 697 935 mentem
741 880 1046 934 secundum
1087 888 1303 930 relatum
1349 876 1745 931 successionem
1790 875 1856 928 ad
1901 887 2029 942 pro-

463 954 642 1040 prium
687 963 987 1039 theologia},
1015 971 1198 1022 lumen
1241 969 1493 1032 illicicns,
1528 968 1643 1036 pari
1685 976 1909 1020 eimctos
1952 966 2032 1016 in-

461 1062 761 1129 delgentia,
790 1063 936 1128 largo
965 1046 1108 1113 velut
1138 1060 1307 1122 ferite,
1339 1059 1607 1112 beneficio
1647 1057 1887 1124 impartit
1917 1073 1929 1107 :
1965 1056 2030 1108 iis

461 1154 684 1222 quidem
720 1153 810 1220 qui
849 1154 1346 1220 simplicem-atque
1376 1150 1585 1204 ﬁdelem
1617 1150 1782 1203 animi
1810 1148 2029 1200 oculum

462 1245 780 1307 adhibeant,
809 1244 1042 1308 veraflux
1060 1252 1113 1294 et
1140 1243 1396 1295 salutaris
1422 1242 1720 1304 exsistens;
1756 1242 1823 1294 iis
1851 1248 2032 1292 autem

464 1334 558 1402 qui
605 1350 768 1402 prave
816 1350 915 1386 nec
957 1335 1007 1386 in
1053 1333 1154 1385 ﬁde
1199 1334 1250 1385 in
1293 1349 1418 1386 eum
1459 1333 1765 1395 intendant,
1799 1331 2034 1401 Spiritus

425 1484 430 1486 _
467 1425 676 1478 scilicet
700 1424 890 1493 judicii
925 1425 1248 1491 ardorisque
1268 1424 1307 1476 ⁸.
1804 1480 1809 1485 ,

538 1513 776 1580 Scriptio
825 1514 937 1564 haec
983 1513 1209 1582 Lycurgi
1269 1512 1414 1579 leges
1465 1519 1521 1564 et
1553 1510 1800 1564 'Solonis
1864 1526 2035 1579 nugas

465 1618 588 1656 esse
627 1604 888 1656 ostendit.
928 1604 1051 1657 "(ee
1115 1604 1357 1657 Platonis
1397 1620 1503 1657 non
1545 1619 1669 1657 vere
1711 1605 2040 1658 exsisteutes

466 1692 801 1760 respublicas
849 1693 1144 1761 longasque
1192 1693 1487 1746 verborum
1529 1692 1782 1761 ineptias,
1816 1693 2035 1747 silentio

465 1783 743 1835 damnavit
781 1798 794 1832 :
834 1789 1093 1849 tantoque
1128 1783 1274 1834 omni
1310 1783 1658 1836 Aristotelica
1697 1784 2030 1837 obscuritate

461 1887 523 1924 ac
559 1872 896 1941 argumentis
931 1888 1038 1924 non
1075 1873 1554 1935 concludentibus,
1586 1873 1847 1940 omnique
1889 1871 2033 1940 apud

460 1961 678 2015 Graecos
722 1962 1243 2015 facundissimorum
1289 1963 1677 2016 lucubratione
1723 1979 1785 2016 ac
1834 1963 2034 2030 scripto

463 2054 702 2106 divinior
749 2065 831 2107 est
878 2070 939 2107 ac
991 2055 1322 2122 sapientior,
1373 2063 1578 2122 quanto
1631 2055 1829 2108 cmlum
1888 2064 2035 2107 terra

464 2145 772 2208 sublimius,
807 2147 1019 2213 solque,
1053 2145 1384 2215 ejuscemodi
1434 2146 1678 2208 lucerna,
1707 2161 1828 2214 qua:
1877 2145 2034 2198 nobis

462 2237 805 2301 accenditur,
844 2237 1079 2291 lucidior
1122 2248 1206 2291 est
1247 2253 1309 2291 ac
1351 2237 1690 2306 Splendidior
1735 2259 1746 2292 :
1791 2237 1946 2306 quin,
1990 2235 2035 2289 si

461 2327 636 2392 lubet,
666 2335 871 2398 quanto
919 2330 1063 2382 Deus
1097 2329 1318 2382 homine
1353 2329 1614 2393 nobilior,
1643 2337 1805 2398 atque
1835 2328 2037 2382 veritas

465 2419 658 2472 umbra
687 2420 1016 2488 expressior.

535 2507 680 2561 Satis
715 2507 862 2561 enim
894 2506 1000 2560 fuit
1033 2508 1275 2560 omnium
1313 2508 1432 2562 loco
1468 2508 1818 2562 beatissimus
1852 2504 2034 2576 publi-

463 2617 633 2655 canus
679 2599 744 2652 ad
792 2599 940 2652 orbis
987 2608 1253 2652 terrarum
1300 2600 1687 2653 eruditionem.
1724 2599 1866 2653 Satis
1909 2599 2033 2660 fuit,

465 2673 533 2746 iis
560 2693 652 2759 qui
681 2693 884 2744 vellent
915 2689 1173 2758 pietatem
1203 2692 1404 2754 colere,
1433 2692 1782 2760 ad‘pietatcm
1815 2709 1826 2742 :
1856 2689 1923 2743 ad
1952 2705 2038 2743 sa-

464 2783 724 2850 pientiam
749 2791 803 2835 et
829 2782 1136 2844 scientiam,
1163 2781 1249 2834 his
1274 2781 1365 2849 qui
1398 2783 1681 2850 sapientia:
1705 2796 1768 2834 ac
1795 2780 2037 2835 scientia:

463 2869 734 2924 amatores
779 2880 964 2924 essent
1012 2889 1024 2922 :
1079 2885 1141 2924 ac
1189 2871 1409 2939 quidem
1458 2871 1660 2925 actioni
1707 2871 1929 2935 deditis,
1969 2870 2036 2924 ad

468 2961 817 3031 disciplinam
855 2962 1089 3029 vitisque
1125 2977 1370 3014 normam
1413 2979 1424 3013 :
1462 2962 1912 3031 contemplationi
1941 2978 2037 3015 au-

2127 505 2284 571 γάζετ
2312 504 2698 572 μαρμαρυγὰς·
2737 503 2884 570 ἡλίου
2917 503 2969 554 δὲ
3001 504 3194 569 τρόπον
3227 504 3321 565 τὰς
3354 501 3696 567 φωτοϐόλους

2127 599 2348 655 ἀκτῖνας
2370 594 2458 645 τοῦ
2496 593 2824 660 Εύαγγελίου
2853 593 2989 644 κατά
3014 596 3191 644 πᾶσαν
3221 594 3351 661 ὁμοῦ
3373 593 3469 662 τὴν
3505 595 3692 644 οἰκου-

2133 687 2319 754 μένην,
2352 685 2444 737 καὶ
2469 687 2645 736 πᾶσαν
2671 684 2836 735 ἐθνῶν
2863 684 3136 736 διάλεκτον
3163 685 3431 753 ἐπαφιείς*
3460 686 3555 736 καὶ
3585 686 3698 736 πᾶ-

2133 794 2228 829 σαν
2263 775 2562 843 ἀνθρώπων
2583 775 2816 827 διάνοιαν
2841 776 2978 827 κατὰ
3005 777 3195 842 γενεὰν
3220 777 3312 827 καὶ
3344 777 3536 842 γενεὰν
3560 776 3699 843 πρὸς

2131 871 2188 920 τὸ
2213 869 2409 920 οἰκεῖον
2439 869 2532 935 τῆς
2564 867 2837 932 θεολογίας
2861 868 3235 935 ἐπισπώμενος
3260 867 3394 935 φῶς,
3418 867 3698 936 ὁμοτίμως

2130 963 2239 1020 τοῖς
2298 961 2459 1012 πᾶσιν
2530 958 2806 1021 ἐπιϐλύζει
2859 958 2955 1026 τὴν
3014 960 3366 1024 εὐεργεσίανο
3424 961 3537 1020 τοῖς
3595 958 3697 1026 μὲν

2131 1053 2335 1108 ἁπλοῦν
2359 1051 2537 1104 αὐτῶν
2563 1052 2656 1104 καὶ
2681 1053 2868 1105 πιστὸν
2899 1051 2989 1104 τὸν
3025 1051 3296 1120 ὀφθαλμὸν
3338 1053 3433 1119 τῆς
3467 1049 3697 1118 καρδίας

2131 1146 2527 1207 ἐπιϐάλλουσιν,
2555 1144 2800 1213 ἀληθινὸν
2827 1145 2919 1196 καί
2952 1144 3218 1212 σωτήριον
3248 1143 3527 1210 γινόμενος
3554 1142 3692 1208 φῶς·

2132 1236 2490 1299 τοῖς.σκολιῶς
2520 1235 2574 1287 δὲ
2621 1236 2711 1288 καὶ
2746 1236 2844 1286 οὐκ
2871 1237 2925 1287 ἐν
2952 1235 3126 1285 πίστει
3160 1233 3293 1301 πρὸς
3327 1232 3491 1284 αὑτὸν
3515 1232 3696 1283 ἀτενί-

2135 1329 2304 1393 ζουσι,
2338 1327 2552 1395 πνεῦμα
2607 1326 2841 1396 κρίσεως
2873 1326 2968 1379 καὶ
2999 1323 3214 1391 πνεῦμα
3268 1321 3512 1383 καύσεως
3562 1319 3696 1373 καθ-

2137 1421 2254 1471 ιστά
2263 1436 2326 1486 με
2333 1435 2419 1480 νος
2428 1459 2440 1471 .

2205 1511 2376 1563 Τοῦτο
2414 1511 2538 1572 τοὺς
2569 1508 2885 1579 Λυκούργου
2917 1510 3112 1579 νόμους
3153 1509 3247 1562 καὶ
3288 1506 3522 1566 Σόλωνος
3563 1504 3693 1574 βατ-

2135 1603 2382 1670 τολογίαν
2431 1602 2728 1670 ἀπέφηνεν.
2782 1600 2951 1652 Τοῦτο
3011 1601 3293 1660 Πλάτωνος
3353 1598 3453 1659 τάς
3496 1598 3695 1649 ἀνυπο-

2139 1695 2367 1754 στάτους
2426 1691 2738 1758 πολιτείας,
2790 1691 2887 1744 καὶ
2937 1690 3034 1754 τὰς
3096 1688 3310 1758 μακρὰς
3339 1690 3697 1754 κατεσίγασεν

2134 1783 2446 1852 ἀδολεσχίας
2470 1800 2482 1813 ·
2513 1786 2605 1837 καὶ
2629 1785 2807 1854 πάσης
2836 1782 3275 1855 Ἀριστοτελικῆς
3303 1775 3572 1850 ἀσαφείας
3599 1781 3696 1832 καὶ

2130 1874 2606 1943 ἀπεραντολογίας,
2643 1875 2738 1928 καὶ
2780 1876 2959 1942 πάσης
2989 1873 3095 1926 τῶν
3131 1871 3261 1941 παρ’
3286 1872 3510 1940 Ἕλλησι
3547 1871 3698 1939 φιλο-

2133 1966 2450 2031 λογωτάτων
2477 1964 2793 2034 συγγραφῆς
2833 1964 2973 2015 κατά
3000 1965 3251 2016 τοσοῦτον
3288 1962 3612 2028 ἐνθεώτερόν
3633 1979 3694 2013 τε

2134 2059 2226 2108 καὶ
2255 2056 2702 2126 φιλοσοφώτερον,
2737 2057 2845 2123 ὅσῳ
2878 2059 2980 2126 γῆς
3043 2055 3396 2126 μὲνιούρανδς
3434 2056 3694 2124 ὑψηλότεο

2139 2165 2229 2218 ρος
2251 2187 2265 2211 ,
2299 2147 2451 2217 ἥλιος
2480 2147 2537 2198 δὲ
2588 2146 2680 2198 τοῦ
2725 2147 2853 2216 παρ’
2883 2148 3010 2216 ἡμῖν
3051 2147 3241 2216 λύχνου
3288 2146 3576 2215 φανότερος
3603 2145 3699 2196 καί

2134 2238 2632 2308 περιλαμπέστερος
2653 2253 2667 2267 ⁸
2700 2239 2750 2290 εί
2777 2237 2951 2305 βούλει
2973 2235 3049 2300 δὲ,
3086 2240 3179 2290 καὶ
3199 2239 3308 2307 ὅσῳ
3333 2236 3462 2298 Θεὸς
3484 2235 3700 2305 ἀνθρώ-

2135 2348 2235 2383 που
2265 2328 2607 2400 τιμιώτερος,
2645 2330 2735 2382 καὶ
2762 2329 2986 2400 ἀλήθεια
3011 2330 3368 2399 ἐκτυπὼτερα
3395 2329 3574 2392 σκιᾶς.
3623 2392 3631 2394 ὴ

2208 2510 2445 2580 Ἤρκεσε
2472 2508 2579 2580 γάρ
2601 2508 2720 2562 ἀντὶ
2750 2507 2966 2560 πάντων
2995 2509 3022 2561 ὁ
3044 2507 3585 2577 τρισμακαριώτατος
3607 2523 3702 2560 τε-

2134 2601 2308 2671 λώνης
2346 2605 2410 2672 τῇ
2454 2601 2747 2672 οἰκουμένῃ
2804 2600 2939 2670 πρὸς
2991 2600 3312 2652 παίδευσιν·
3346 2601 3545 2671 ῆρκεσε
3585 2601 3699 2661 τοῖς

2136 2691 2377 2745 εὐσεϐεῖν
2409 2688 2668 2755 ἐθέλουσι,
2714 2687 2850 2757 πρὸς
2877 2687 3154 2740 εὐσέϐειαν
3174 2705 3189 2720 ο
3222 2688 3355 2759 πρὸς
3388 2689 3580 2756 σοφίαν
3603 2688 3702 2742 καὶ

2135 2784 2354 2853 γνῶσιν,
2387 2784 2498 2844 τοῖς
2521 2780 2772 2849 γνώσεως
2802 2781 2898 2834 καὶ
2931 2781 3120 2848 σοφίας
3145 2783 3400 2850 ἐρασταῖς
3425 2796 3438 2809 ³
3469 2781 3562 2832 καὶ
3586 2782 3703 2841 τοῖς

2135 2875 2454 2946 πρακτικοῖς
2488 2873 2606 2942 μὲν,
2644 2872 2778 2947 πρὸς
2805 2871 3156 2942 νομοθεσίαν·
3200 2873 3311 2932 τοῖς
3347 2869 3700 2940 θεωρητικοῖς

2137 2965 2194 3017 δὲ
2229 2964 2321 3016 καὶ
2347 2963 2448 3030 τῆς
2479 2962 2589 3014 ἀνω
2616 2961 2748 3015 Θεοῦ
2773 2961 3155 3031 λαμπρότητος
3202 2961 3528 3028 ἐφιεμένοις,
3561 2960 3701 3027 πρὸς

465 3064 574 3106 tem
619 3052 967 3106 studentibus
1009 3068 1072 3105 ac
1112 3068 1360 3122 superna:
1400 3052 1496 3107 Dei
1536 3053 1801 3107 claritatis
1837 3053 2031 3117 avidis,

2142 3054 2409 3120 θεολογίαν
2432 3053 2525 3106 καὶ
2552 3054 2844 3122 ἀναγωγὴν
2867 3053 3109 3122 ἀπλανῆο
3143 3054 3253 3114 τοῖς
3290 3052 3454 3103 πᾶσιν
3489 3050 3702 3104 ἔθνεσιν

465 3146 532 3200 ad
572 3146 895 3215 theologiam
937 3146 1253 3214 errorisque
1295 3145 1475 3199 omnis
1515 3155 1795 3213 expertem
1831 3145 2032 3200 mentis

381 3293 388 3298 ,
464 3237 532 3290 ad
564 3238 803 3291 caelestia
823 3227 1278 3290 'subductioneni.
1310 3236 1455 3291 Satis
1484 3236 1586 3289 fuit
1616 3239 1830 3292 eunetis
1859 3237 2033 3307 genti—

466 3327 570 3382 bus
603 3329 916 3381 szcorum
953 3328 1100 3381 illius
1135 3328 1479 3396 loquacitatis
1512 3331 1652 3388 vice,
1685 3327 2035 3397 compendia-

467 3419 547 3472 ria
584 3418 863 3487 Evangelii
903 3417 1152 3471 doctrina
1193 3418 1259 3471 ad
1300 3434 1590 3488 supernam
1633 3418 2032 3488 philosophiam

468 3509 883 3578 doctrinamque
912 3519 964 3563 et
998 3511 1474 3564 illuminationem.

539 3604 677 3658 [line
703 3603 960 3671 neglectae
988 3602 1297 3666 academize,
1325 3602 1632 3657 Stoicorum
1675 3611 1727 3657 et
1762 3603 2035 3671 Peripate-

471 3695 703 3749 ticorum
733 3691 931 3744 scholae
964 3708 978 3742 :
1010 3692 1268 3760 neglecta:
1308 3706 1436 3744 vero
1464 3691 1688 3744 Athenae
1718 3701 1772 3744 et
1804 3690 2034 3753 Thebae,

469 3799 659 3838 eorum
697 3781 974 3834 domicilia
1013 3790 1068 3834 et
1105 3782 1264 3836 sedes
1300 3783 1393 3851 qui
1431 3782 1757 3835 videbantur
1792 3781 2034 3851 philoso-

471 3874 653 3942 phiam
721 3872 898 3938 colere
970 3889 982 3923 :
1055 3872 1457 3941 ridiculumque
1523 3874 1916 3942 supercilium,
1973 3887 2036 3926 ac

471 3961 786 4031 despuenda
821 3961 963 4014 inani
996 3960 1136 4014 fastu
1169 3962 1494 4015 tumentium
1527 3963 1789 4032 jactantia
1826 3971 2033 4031 Spreta;

471 4055 625 4123 cujus
644 4054 805 4106 etiam
831 4053 1025 4106 merito
1049 4068 1076 4105 a
1097 4069 1222 4106 vera
1245 4054 1510 4122 sapientia
1531 4053 2038 4116 excidentes,disci-

471 4144 586 4212 puli
606 4143 971 4210 doctoresque
1000 4144 1294 4211 impiorum
1320 4143 1547 4197 deorum
1577 4144 1760 4212 impie,
1779 4153 2038 4211 vatesque

412 4266 414 4268 τ
471 4235 852 4288 ctsacerdotes
869 4233 1296 4295 exsecrabilium'
1309 4234 1712 4303 mysteriorum,
1736 4234 1995 4289 exstitere
2024 4251 2035 4285 ε

475 4336 689 4393 turpem
729 4326 940 4378 scilicet
979 4326 1152 4392 turpis
1193 4324 1514 4404 cupiditatis
1547 4326 1888 4379 demetentes
1921 4324 2037 4377 fru—

472 4428 642 4481 etum,
673 4416 998 4486 dignamque
1029 4417 1335 4470 mercedem
1366 4418 1569 4470 erroris
1601 4425 1960 4485 reportantes.

539 4505 748 4562 Cuncta
791 4508 903 4560 haec
943 4507 1145 4559 abolita
1186 4517 1314 4560 sunt
1356 4517 1410 4562 ct
1447 4508 1747 4570 exsuﬂlata,
1782 4508 2038 4576 velutque

474 4600 658 4653 fumus
690 4600 864 4652 soluta
905 4615 966 4652 ac
1000 4599 1141 4652 sicut
1177 4599 1353 4667 pulvis
1386 4600 1616 4661 sublata,
1649 4615 1714 4651 ex
1753 4613 1861 4666 quo
1897 4608 1975 4662 tu,
2007 4614 2038 4651 ο

475 4692 654 4755 beate,
679 4691 862 4742 animo
887 4690 1201 4757 incorrupto
1225 4699 1516 4759 menteque
1539 4707 1568 4743 e
1597 4700 1739 4744 terra
1766 4690 1819 4742 in
1844 4690 2038 4743 cmlum

475 4793 719 4843 extensa,
746 4782 896 4833 velut
920 4782 1045 4833 tuba
1067 4781 1278 4840 ductili,
1315 4783 1440 4834 tuba
1463 4797 1660 4835 cornea
1685 4781 1747 4844 δ’,
1779 4780 1990 4834 divinos
2011 4795 2039 4832 a

479 4883 529 4926 te
567 4872 860 4938 conscripti
902 4871 1176 4939 Evangelii
1217 4887 1378 4924 sonos
1416 4872 1643 4940 clangis.
1672 4872 1726 4925 ld
1768 4871 2035 4924 commodi

419 4999 432 5013 η
476 4981 541 5017 ex
588 4972 679 5017 tua
731 4962 999 5030 sapientia
1047 4963 1325 5015 consecuti
1371 4978 1578 5016 sumus.
1617 4962 1768 5016 llune
1819 4963 1924 5016 tuis
1972 4978 2038 5015 ex

475 5051 758 5107 laboribus
797 5050 1125 5118 sempiterna
1171 5051 1389 5119 dignum
1436 5053 1692 5106 memoria
1739 5069 1801 5106 ac
1845 5053 2037 5106 indeﬁv

479 5142 713 5196 cientem
758 5139 994 5192 fructum
1023 5139 1369 5206 decerpimus
1397 5144 1437 5202 ’,
1475 5157 1632 5208 quem
1668 5142 1720 5195 in
1767 5158 1891 5195 vera
1930 5143 2040 5197 vite

481 5247 706 5284 manens
759 5238 920 5297 atque
977 5244 1005 5280 a
1058 5229 1286 5298 spiritali
1336 5240 1593 5298 purgatus
1641 5233 1870 5302 agricola
1923 5244 2043 5288 tan-

486 5337 646 5389 quam
671 5321 866 5391 fertilis
890 5320 1094 5390 palmcs
1114 5321 1467 5389 multiplicem
1484 5321 1701 5376 edidisti
1720 5341 1732 5388 ;
1753 5339 1923 5392 eoque
1946 5324 2044 5376 im-

484 5414 612 5480 pleti
632 5452 645 5474 ,
674 5413 864 5467 mortis
892 5411 1178 5482 abjicimus
1212 5412 1486 5475 tenebras,
1516 5430 1577 5467 ac
1613 5414 1888 5469 induimus
1920 5415 2040 5468 vitae

483 5504 656 5558 lucem
677 5506 738 5556 θ’.

594 5703 612 5732 ⁸
638 5702 737 5754 lsa.
770 5722 836 5762 ιγ,
865 5708 914 5757 ἆ.

2133 3147 2390 3216 ῆρκεσεν,
2425 3144 2546 3198 ἀντὶ
2587 3143 2689 3212 τῆς
2728 3143 3045 3212 Ἑλληνικῆς
3075 3141 3417 3209 πολυλογίας,
3450 3140 3527 3210 τῷ
3571 3157 3702 3193 συν-

2131 3236 2454 3305 τετμημένῳ
2490 3233 2582 3287 τοῦ
2620 3236 2948 3304 Εὑαγγελίου
2999 3237 3140 3306 λόγῳ
3199 3237 3334 3307 πρός
3388 3254 3447 3290 τε
3479 3237 3698 3305 φιλοσο-

2136 3326 2263 3395 φίαν
2299 3324 2397 3397 τήν
2427 3326 2682 3379 ἀνωτάτω
2715 3328 2809 3380 καὶ
2838 3327 3181 3382 διδασκαλίαν
3214 3329 3305 3384 καὶ
3327 3329 3625 3398 φωτισμόν.

2221 3587 2496 3641 Ἐντεῦθεν
2554 3590 2852 3658 ἠμέληνται
2906 3593 3013 3660 ,μὲν
3076 3595 3129 3646 αἱ
3209 3584 3545 3663 ἀκαδημίαι,
3600 3595 3696 3648 καὶ

2139 3679 2292 3731 στοαὶ
2325 3682 2418 3731 καὶ
2445 3679 2731 3748 περίπατοι
2750 3697 2765 3712 ’
2789 3682 3086 3754 ἠμέληνται
3114 3684 3168 3736 δὲ
3214 3685 3431 3753 Ἀθῆναι
3459 3688 3551 3738 καὶ
3589 3687 3697 3754 Θῆ-

2140 3773 2250 3837 ϐαι,
2277 3773 2380 3825 τῶν
2421 3773 2727 3841 φιλοσοφεῖν
2767 3774 3025 3842 οἰομένων
3061 3776 3115 3826 at
3163 3776 3465 3846 διατριϐαί·
3518 3777 3612 3830 καὶ
3662 3778 3694 3846 ἡ

2139 3863 2538 3929 καταγέλαστος
2568 3863 2757 3932 ὀφρῦς,
2800 3866 2892 3916 καὶ
2922 3867 2954 3934 ἠ
2987 3865 3359 3928 κατάπτυστος
3388 3868 3561 3931 οἴησις
3586 3868 3696 3919 τῶν

2140 3954 2503 4023 κατοιομένων
2548 3956 2932 4025 περιεώραται,
2978 3957 3044 4009 δι’
3078 3958 3142 4027 ἠν
3182 3959 3398 4028 καὶτῆς
3441 3959 3696 4027 ἀληθινῆς

2141 4049 2328 4114 σοφίας
2358 4047 2779 4116 ἁμαρτάνοντες,
2811 4047 3009 4114 μύσται
3056 4049 3149 4101 καὶ
3185 4051 3534 4118 μυσταγωγοὶ
3560 4050 3696 4104 θεῶν

2137 4138 2311 4192 ἀθέων
2342 4139 2534 4202 ἀθέως,
2568 4137 2897 4208 ἐκφάντορές
2925 4155 2983 4190 τε
3010 4139 3464 4211 καὶιτελετουργοὶ
3493 4157 3697 4210 μυστη-

2141 4231 2270 4303 ρίων
2318 4231 2657 4299 κατέστησαν
2695 4229 2935 4294 ἐναγῶν
2969 4232 3190 4300 αἰσχρὸν
3233 4234 3462 4301 αἰσχρᾶς
3507 4233 3696 4286 ἐπιθυ-

2144 4319 2270 4388 μίας
2299 4318 2606 4386 τρυγῶντες
2646 4320 2878 4388 καρπὸν,
2903 4322 2996 4373 καὶ
3027 4321 3124 4389 τήν
3152 4321 3495 4392 ἀντιμισθίαν
3541 4310 3697 4387 ἀξίαν

2069 4412 2114 4467 D
2143 4411 2240 4478 τῆς
2266 4411 2473 4478 πλάνης
2498 4409 2870 4478 κομιζόμενοι.

2214 4501 2396 4554 Πάντα
2428 4499 2596 4552 ταῦτα
2639 4501 2981 4570 κατήργηται
3027 4503 3118 4555 καὶ
3146 4503 3458 4572 ἠφάνισται,
3490 4505 3584 4557 καὶ
3627 4507 3702 4568 ὡς

2140 4591 2344 4653 καπνὸς
2367 4590 2550 4660 ἐλύθη,
2585 4592 2677 4643 καὶ
2709 4591 2783 4654 ὠς
2818 4593 3092 4662 κονιορτὸς
3139 4575 3360 4664 ἐξήρθη,
3391 4595 3484 4664 ἀφ’
3513 4592 3572 4650 οὗ
3612 4599 3701 4662 σὺ,

2142 4676 2185 4733 ὦ
2218 4683 2427 4751 μάκαρ,
2454 4683 2717 4752 ἀκηράτῳ
2737 4683 2904 4752 ψυχῇ,
2934 4686 3026 4736 καὶ
3055 4685 3221 4754 γῆθεν
3249 4687 3326 4749 είς
3360 4687 3586 4756 οὐρανὸν
3609 4690 3702 4740 ἐκ-

2141 4775 2407 4844 τεταμένη
2433 4775 2661 4845 διανοίᾳ,
2695 4770 2782 4827 οἷα
2813 4776 3069 4844 σάλπιγγι
3111 4777 3298 4847 ὲλατῇ,
3323 4779 3582 4847 σάλπιγγι
3614 4798 3703 4832 κε-

2148 4866 2363 4938 ρατίνη,
2421 4867 2480 4918 τὸ
2542 4867 2683 4918 κατὰ
2744 4867 2800 4918 σὲ
2829 4867 3152 4936 θεόφθογγον
3196 4870 3522 4937 Εὑαγγέλιον
3574 4872 3703 4924 σαλ-

2145 4957 2340 5020 πίζεις.
2388 4956 2554 5009 Τοῦτο
2605 4959 2702 5026 τῆς
2748 4959 2845 5028 σῆς
2883 4961 3217 5028 ἀπωνάμεθα
3260 4962 3464 5030 σοφίας.
3501 4961 3702 5014 Τοῦτον

2145 5047 2451 5118 δρεπόμεθα
2479 5050 2585 5099 τῶν
2616 5050 2722 5101 σῶν
2753 5051 2927 5103 πόνων
2969 5051 3296 5121 ἀείμνηστον
3336 5055 3427 5105 καὶ
3453 5051 3700 5106 ἀνέκλει-

2145 5157 2275 5192 πτον
2312 5141 2538 5208 καρπὸν,
2565 5139 2623 5192 ὃν
2650 5143 2705 5194 ὲν
2733 5144 2800 5212 τῇ
2837 5141 3058 5213 ἀληθινῇ
3092 5142 3270 5210 μένων
3317 5143 3574 5212 ἀμπέλῳ,
3607 5146 3704 5196 καὶ

2143 5233 2274 5300 πρὸς
2323 5231 2413 5284 τοῦ
2456 5233 2644 5302 νοητοῦ
2695 5235 3088 5304 καθαιρόμενος
3134 5237 3407 5307 γεωργοῦ,
3453 5237 3714 5308 καθάπερ

2143 5323 2367 5389 εῠφορον
2408 5320 2610 5389 κλῆμα,
2662 5325 3024 5377 πολυπλάσιον
3077 5327 3568 5399 ἐκαρποφόρησαςο
3607 5331 3702 5380 καὶ

2139 5413 2324 5464 τούτου
2383 5413 2767 5483 πληρούμενοι,
2812 5417 3178 5487 ἀποτιθέμεθα
3227 5421 3323 5487 μὲν
3357 5420 3446 5470 τὸν
3503 5419 3695 5472 σκότον

2139 5505 2231 5555 τοῦ
2263 5504 2490 5556 θανάτου
2515 5521 2527 5536 ο
2561 5505 2852 5575 ἑνδυόμεθα
2884 5507 2938 5559 δὲ
2973 5510 3029 5561 τὸ
3063 5511 3176 5579 φῶς
3207 5512 3302 5578 τῆς
3333 5509 3495 5576 ζωῆς.

991 5709 1029 5738 θ’
1057 5706 1197 5762 Psal.
1227 5723 1380 5771 xcvu,
1407 5708 1458 5759 ϐ.
1523 5708 1541 5737 ⁸
1569 5708 1722 5760 .loau.
1752 5724 1832 5770 xv,
1862 5708 1908 5758 8.
1973 5708 2011 5736 θ’
2044 5706 2194 5757 Rom.
2224 5720 2331 5764 xui,
2369 5707 2443 5758 l2.
