3922 6314
16 132 555 353 τ’

16 132 555 353 '-

102 418 212 483 233

854 414 1131 473 (mmo
1168 382 1269 471 Xl.
1297 410 1462 470 -IN
1500 410 1807 470 LAUDEM
1848 413 1909 470 s.
1950 412 2307 472 nuru/si
2365 417 2615 477 APOST.

3230 427 3334 486 21H

175 528 359 581 ιιάντιι
390 524 489 592 μὲν
515 518 607 578 οῦν
628 523 726 600 τοῦ
751 528 1162 594 μακαριωτάτου
1180 520 1565 589 εὐαγγελιστοῦ
1592 523 1658 575 τά

1827 522 2036 574 Cuncta
2075 522 2297 590 quidem
2339 525 2637 580 beatissimi
2683 528 3031 596 evangelista:
3074 535 3333 599 praeclara

106 613 501 682 κατορθώματα
528 653 543 677 ,
602 616 704 667 ὅσα
752 631 811 665 τε
874 612 1052 678 λόγοις
1111 613 1223 672 τοῖς
1282 610 1370 681 Qui
1433 610 1657 679 χειλέων

106 703 354 774 προϊοῦσι
391 703 703 773 θεοπρεπῶς
752 702 1015 769 θεολογῶν
1063 700 1341 765 ἐδοξάζετο
1386 701 1657 771 Χριστόν*

76 790 199 841 ’ὅσα
225 807 283 842 τε
313 790 400 842 διά
439 790 535 843 τοῦ
566 788 905 858 παντουργοῦ
936 789 1248 859 Πνεύματος
1277 790 1534 860 ἐνεργῶν,
1566 790 1661 841 καὶ

100 879 224 940 τοὺς
249 878 411 940 λαοὺς
441 878 687 941 ἐξιστῶν,
744 875 830 942 ἐφ’
860 874 954 938 οὓς
985 877 1146 931 αὐτὸν
1188 878 1220 947 ἡ
1250 877 1413 947 χάρις
1444 878 1659 946 ἀπήγα-

101 984 216 1034 γεν,
266 968 563 1037 ἐμεγάλυνε
616 966 706 1018 τὸν
733 965 864 1017 Θεόν
887 981 902 995 ·
951 968 1044 1020 καὶ
1079 967 1226 1029 ὃπως
1263 968 1319 1019 δὲ
1353 967 1659 1020 τελευταῖον

101 1025 241 1109 κατά
438 1059 497 1108 ἐν
533 1025 705 1124 (ἐυρία
749 1055 1033 1123 γενόμενος
1086 1025 1407 1123 ἰεράπολιν,
1459 1058 1550 1109 καὶ
1600 1056 1660 1107 ἐν

103 1147 252 1216 μέσῳ
283 1146 490 1199 πολλῶν
536 1144 754 1206 αἰνέσας
794 1145 885 1197 τὸν
946 1146 1170 1213 Ἰησοῦν,
1224 1146 1318 1199 καὶ
1362 1148 1662 1218 θεορῤημο-

102 1237 289 1299 σύναις
317 1234 673 1298 θεοτελέστοις
699 1235 992 1305 ὑπερφυῶς
1026 1237 1253 1299 δοξάσας
1282 1238 1534 1307 Χριστὸν,
1564 1239 1659 1291 καὶ

99 1329 219 1391 τοὺς
255 1325 687 1384 πεπιστευκότας
733 1326 800 1378 δι’
832 1326 996 1378 αὑτοῦ
1049 1327 1128 1396 τῷ
1162 1327 1350 1397 Κυρίῳ
1395 1329 1663 1397 προσαγό-

100 1436 280 1487 μενος,
310 1418 403 1470 καὶ
442 1416 765 1486 Ἐκκλησίαν
808 1417 1001 1479 αὐτοὺς
1032 1418 1210 1484 ἀγίαν,
1240 1418 1467 1487 ἀμωμον
1495 1436 1662 1472 κατα-

101 1508 505 1577 σκευασάμενος
524 1521 538 1535 ·
592 1508 687 1559 καὶ
714 1505 855 1560 οῦτω
883 1507 951 1575 δὴ
983 1509 1045 1560 τὸ
1072 1492 1166 1561 τοῦ
1202 1507 1337 1562 Θεοῦ
1372 1509 1665 1579 μαρτύριον

102 1599 260 1665 lapch
319 1600 411 1650 καὶ
457 1597 624 1663 ἀξίως
666 1601 764 1668 τῆς
818 1598 982 1653 αὐτοῦ
1050 1599 1295 1669 κλήσεως
1347 1600 1664 1666 τετελεκὼς,

100 1688 357 1740 ἀνέλυσεν
390 1686 617 1751 ἐνδόξως
646 1688 782 1757 πρὸς
812 1688 904 1741 τὸν
933 1687 1098 1741 αὑτοῦ
1140 1688 1372 1743 Βασιλέα
1418 1689 1513 1743 καὶ
1554 1690 1667 1742 Κύ-

104 1796 213 1846 ριον
243 1780 342 1832 καὶ
370 1778 535 1832 Θεόν⁶
567 1774 656 1833 οἷα
687 1779 784 1848 μὲν
804 1779 1071 1847 χιτώνιον,
1103 1779 1165 1831 τὸ
1202 1778 1357 1847 ἀγιον
1388 1779 1556 1848 δέμας
1575 1782 1667 1831 καὶ

100 1871 278 1937 τίμιον
309 1869 672 1939 ἀποθέμενοςο
715 1870 965 1938 οὐράνιον
992 1869 1050 1923 δέ
1095 1869 1253 1934 δόξαν
1282 1870 1491 1923 ἔνδοθεν
1523 1871 1668 1939 ἀμφ·
1696 1860 1742 1918 Β

104 1956 387 2025 ασάμενος
432 1957 526 2009 καὶ
558 1957 742 2026 τιμὴν,
774 1956 869 2009 καὶ
921 1959 981 2010 ὲν
1017 1959 1160 2028 χαρᾷ
1204 1958 1550 2027 ἀνεκλαλήτῳ
1579 1959 1670 2010 καὶ

102 2046 484 2116 δεδοξασμένῃ,
544 2046 725 2116 πάσης
784 2046 1041 2115 οὐρανίας
1095 2047 1379 2117 ίεραρχίας
1436 2048 1670 2117 ὑπερκο-

105 2136 283 2203 σμῐως
310 2136 472 2188 αὑτὸν
501 2136 978 2207 παραπεμπούσης
1008 2137 1104 2190 καί⁵
1145 2137 1565 2207 δορυφορούσης.
1595 2135 1671 2204 τῷ

105 2224 381 2294 προσώπῳ
444 2226 545 2294 τῆς
608 2226 1055 2298 μεγαλοπρεποῦς
1117 2227 1274 2296 δόξης
1338 2226 1671 2279 κατενώπιον

106 2314 237 2367 Θεοῦ
266 2317 329 2367 έν
377 2314 595 2385 Χριστῷ
645 2316 816 2384 Ἰησοῦ
873 2316 1407 2387 ἐμφανισθησόμενος
1461 2316 1668 2387 είσῄειο

107 2407 162 2455 ὃν
215 2405 316 2457 καὶ
354 2406 619 2473 στέφανον
666 2405 823 2475 δόξης
879 2408 974 2460 καὶ
1026 2406 1314 2477 περιϐολὴν
1362 2402 1672 2476 ἀφθαρσίας

108 2503 195 2553 καὶ
224 2499 374 2570 ζωὴν
394 2501 632 2565 αἰώνιον,
658 2504 750 2554 καὶ
778 2502 1057 2571 βασιλείαν
1080 2502 1374 2556 ἀσάλευτον
1399 2502 1674 2572 κεκλήρω-

108 2609 211 2644 ται.

174 2682 366 2735 ταῦτα
395 2683 576 2737 πάντα
617 2684 738 2747 ταῖς
767 2682 1033 2753 ἱστορίαις
1074 2683 1169 2737 καὶ
1198 2684 1318 2746 ταῖς
1369 2681 1672 2752 κρείττοσιν

114 2773 145 2840 ἢ
171 2774 291 2825 κατ’
320 2773 419 2843 ἐμὲ
448 2774 746 2841 θεολογίαις
782 2768 976 2843 παρεὶς
997 2812 1014 2838 ,
1060 2772 1451 2843 προσαγορεύω
1482 2789 1541 2825 σε
1572 2773 1673 2842 τὴν

117 2854 512 2930 κεχαρισμένην
558 2860 678 2931 Θεῷ
713 2862 808 2914 καὶ
841 2862 961 2914 λίαν
1000 2861 1376 2932 πεφιλημένην
1408 2862 1670 2930 κεφαλήν.

118 2950 274 3020 Χαῖρε
300 2967 414 3018 μοι,
433 2950 542 3004 τῶν
563 2952 874 3004 ἀποστόλων
894 2950 1296 3020 σεϐασμιάηατε
1325 2952 1419 3004 καὶ
1446 2952 1671 3018 ἀξιομα-

122 3039 494 3107 καριστότατε.
522 3041 713 3110 Χαῖρε,
736 3040 816 3093 ὄτι
852 3040 914 3092 τὸ
943 3040 1052 3091 τῶν
1091 3041 1389 3109 χρημάτων
1424 3039 1675 3093 τελώνιον

121 3127 187 3187 ὡς
215 3128 367 3194 ἀγος,
400 3127 475 3188 ὡς
508 3127 721 3196 μίασμα
761 3127 1098 3189 καταλιπὼν,
1141 3126 1241 3197 τὴν
1263 3127 1373 3181 τῶν
1404 3129 1677 3199 χαρισμά-

123 3232 221 3267 των
247 3216 382 3268 Θεοῦ
407 3216 789 3287 πεπλούτηκας
817 3218 1154 3286 περιουσίαν,
1188 3217 1281 3271 καὶ
1320 3217 1507 3285 ὥσπερ
1541 3218 1674 3270 ύπο-

124 3306 365 3375 όείγματι
392 3307 501 3358 τῶν
550 3308 888 3377 νοουμένων,
938 3309 1005 3377 τῇ
1059 3307 1168 3360 τῶν
1211 3308 1501 3375 ὁρωμένων
1545 3324 1681 3377 χρη-

130 3398 347 3465 σὰμενος
370 3399 619 3467 ἁρπαγῇ,
641 3397 939 3460 εύθυὸόλως
961 3398 1095 3468 πρὸς
1123 3397 1221 3467 τὴν
1244 3397 1468 3449 ἐκείνων
1494 3396 1676 3464 λῆψιν,

129 3489 217 3539 εἴτ’
252 3485 346 3540 οὖν
390 3488 680 3559 ἐπαινετὴν
726 3488 958 3559 ἔδραμες
1007 3488 1289 3557 ἀρπαγήνυ
1325 3487 1418 3539 καί
1446 3486 1681 3555 τοσούτῳ

128 3576 219 3644 τὴν
261 3577 548 3647 ἄμεμπτον
592 3576 1020 3647 ἐπλεονέκτησας
1080 3576 1409 3640 πλεονεξίαν,
1450 3577 1558 3646 ὅσῳ
1587 3577 1682 3643 τῆς

134 3668 386 3735 μωμητῆς
412 3667 786 3737 ύπερανέστης
807 3683 821 3698 ⁸
854 3668 1068 3737 ἐκείνης
1117 3667 1176 3719 δὲ
1220 3666 1471 3719 τοσοῦτον
1510 3665 1685 3734 ἀπηλ-

135 3753 444 3829 λοτριώθης,
470 3758 596 3810 ὅσον
626 3757 799 3827 ταύτῃ
828 3757 1015 3825 σαφῶς
1041 3755 1480 3831 προσῳκειὼθης.

199 4018 387 4088 Χαῖρε,
415 4021 621 4088 μάκαρ,
644 4019 883 4072 αύτόπτα
902 3981 1005 4087 τῆς
1037 4016 1294 4087 ἀληθείας
1324 4016 1419 4069 καὶ
1447 4015 1682 4068 θεόπταο

143 4108 168 4157 ό
186 4108 268 4159 τὸν
290 4110 552 4179 ἀτίμητον
581 4110 849 4178 θησαυρὸν
874 4108 1069 4177 εὑρὼν,
1104 4107 1178 4169 ώς
1210 4106 1267 4158 ἐν
1291 4106 1446 4176 ἀγρῷ
1468 4108 1534 4175 τῇ
1557 4121 1689 4174 καρ-
1732 4122 1737 4128 ’

145 4196 218 4266 δίᾳ
262 4200 506 4267 κρυφίως
536 4199 1043 4265 κατακεχωσμένον,
1094 4196 1190 4248 καὶ
1231 4196 1340 4248 ἀπὸ
1384 4197 1483 4263 τῆς
1518 4197 1690 4264 χαρᾶς

150 4286 377 4338 ἀπελθὼν
398 4328 411 4351 ,
446 4288 539 4339 καὶ
573 4288 752 4340 πάντα
778 4288 878 4339 ὅσα
922 4283 1065 4354 εἶχες
1111 4283 1427 4355 πεπραχὼς,
1470 4286 1563 4336 καὶ
1601 4284 1691 4335 τὸν

151 4379 298 4444 ἀγρὸν
351 4378 677 4446 ἐωνημένος,
738 4378 826 4430 διὰ
880 4378 973 4429 τὸν
1023 4378 1080 4429 έν
1114 4375 1263 4444 αύτῷ
1316 4375 1692 4445 κεκρυμμένον

1770 620 1954 681 gesta,
2007 623 2320 681 quantaque
2376 617 3049 673 sermonibus-labiorum
3110 636 3337 675 munere

1765 702 2166 772 prodeuntibus
2206 704 2392 758 divine
2437 715 2775 775 angusteque
2814 694 3019 763 docens
3054 708 3337 765 Christum

1767 791 2189 856 clariﬁcaverit,
2236 807 2299 846 ac
2353 803 2555 861 quanta
2616 811 2715 865 per
2766 797 3030 865 Spiritum
3088 799 3337 853 omnium

1765 881 2109 937 conditorem
2160 899 2423 952 operans,
2452 901 2655 955 eosque
2699 888 2767 941 ad
2809 904 2947 956 quos
2994 905 3118 943 eum
3167 891 3339 961 gmtia

1765 973 2155 1027 amandaverat
2190 975 2244 1027 in
2277 984 2555 1044 stuporem
2589 993 2787 1047 agens,
2814 979 2985 1032 Deum
3020 982 3337 1050 magniﬁca-

1766 1062 1908 1116 verit
1932 1080 1946 1114 :
1970 1064 2436 1132 quemadmodum
2462 1068 2626 1120 etiam
2653 1067 2719 1121 ad
2750 1077 3052 1122 extremum
3080 1070 3340 1139 Hierapo-

1768 1153 1863 1204 lim
1899 1152 2069 1222 Syriae
2095 1156 2344 1216 veniens,
2372 1157 2727 1225 confertaque
2756 1157 3040 1211 hominum
3075 1160 3339 1215 concione

1765 1243 1952 1296 Jcsum
1987 1243 2249 1309 laudans,
2274 1244 2586 1314 divinisque
2628 1246 3109 1314 pradicationibus
3140 1251 3339 1305 eximie

1767 1333 2048 1389 Christum
2081 1336 2388 1397 celebrans,
2420 1346 2585 1404 atque
2616 1351 2713 1390 eos
2742 1337 2835 1405 qui
2872 1352 2968 1405 per
3002 1338 3180 1406 ipsum
3212 1355 3335 1394 cre—

1769 1423 2058 1488 didissent,
2084 1427 2316 1480 Domino
2342 1425 2666 1496 adiungens,
2693 1435 3045 1496 sanctamque
3070 1436 3125 1481 et
3150 1428 3338 1483 imma-

1770 1512 2003 1569 culatam
2040 1517 2338 1571 Ecclesiam
2385 1527 2704 1582 exstruens;
2747 1517 2912 1586 inque
2949 1534 3075 1571 eum
3120 1518 3339 1573 modum

1772 1617 1990 1665 sancte,
2014 1614 2070 1658 et
2104 1616 2165 1659 ut
2196 1607 2314 1676 ejus
2345 1606 2571 1675 dignum
2606 1615 2725 1661 erat
2749 1605 3060 1670 vocatione,
3090 1606 3185 1660 Dei
3214 1607 3341 1660 l'un-

1772 1702 1893 1746 ctus
1920 1694 2199 1763 martyrio,
2225 1696 2290 1749 ad
2323 1696 2523 1764 Regem
2555 1712 2713 1750 suum
2743 1704 2798 1750 et
2822 1697 3112 1750 Dominum
3143 1697 3341 1751 Deum-

1772 1798 1880 1850 que
1923 1784 2201 1850 prol'ectus
2240 1788 2339 1850 sit;
2376 1788 2527 1841 velut
2558 1786 2777 1856 quidem
2823 1788 3006 1842 tunica
3046 1797 3236 1842 sancto
3276 1804 3342 1843 ac

1771 1875 2069 1929 venerabili
2115 1876 2365 1944 deposito
2412 1892 2672 1947 corpore,
2708 1880 2981 1933 cmlestem
3018 1896 3148 1934 vero
3196 1881 3343 1933 intus

1771 1963 1995 2019 indutus
2036 1965 2339 2019 claritatem
2381 1975 2545 2035 atque
2590 1967 2881 2033 honorem;
2929 1969 3096 2037 inque
3141 1970 3343 2039 gaudio

1773 2055 2130 2109 inenarrabili
2186 2065 2243 2109 et
2296 2056 2635 2126 gloriﬁcato,
2681 2059 2827 2112 omni
2886 2060 3129 2114 coalitum
3188 2076 3343 2114 sacro

1773 2143 2076 2213 principatu
2119 2160 2318 2213 pompa
2360 2146 2566 2199 mundo
2612 2149 2884 2215 superiori
2929 2149 3236 2204 deducente
3279 2165 3343 2203 ac

1772 2234 2049 2303 stipante,
2094 2234 2272 2287 vultui
2322 2236 2623 2304 magniﬁcae
2672 2237 2856 2305 gloriae
2902 2252 3085 2292 coram
3132 2241 3244 2293 Deo
3286 2240 3382 2292 in.

1770 2321 1990 2377 Christo
2055 2323 2187 2378 Jesu
2242 2325 2624 2392 appariturus,
2679 2325 2958 2395 ingressus
3011 2327 3083 2382 sit
3125 2345 3139 2379 :
3182 2343 3344 2396 quem

1777 2423 1831 2466 et
1857 2428 2115 2465 coronam
2156 2413 2343 2483 gloriae
2380 2422 2437 2467 et
2476 2412 2857 2468 indumentum
2898 2415 3341 2487 incorruptionis,

1775 2503 2053 2571 vitamque
2072 2510 2335 2557 aeternam
2365 2518 2430 2559 ac
2455 2520 2681 2574 regnum
2707 2504 3088 2563 inconcussum
3111 2508 3346 2578 adeptus

1776 2590 1940 2645 est".

1844 2676 1968 2733 Haec
1996 2678 2253 2733 nimirum
2280 2679 2461 2734 omnia
2488 2680 2838 2735 historiarum
2864 2684 3255 2747 monumentis,
3280 2700 3346 2739 ac

1773 2766 2099 2835 potioribus,
2129 2784 2291 2837 quam
2333 2785 2432 2838 pro
2476 2785 2594 2833 mea
2640 2769 2898 2825 facultate
2937 2771 3139 2831 divinis
3181 2780 3357 2826 exor-‘

1778 2856 1957 2913 nanda
1987 2857 2337 2912 sermonibus
2366 2859 2574 2923 sinens,
2606 2860 2658 2911 in
2690 2860 2767 2913 tui
2797 2859 3041 2914 desinam
3070 2861 3350 2915 salutatio-
3388 2920 3397 2927 ,

1775 2960 1923 3006 nem,
1944 2946 2054 2999 Deo
2076 2955 2286 3015 gratum
2306 2960 2369 2998 ac
2390 2946 2546 3000 valde
2574 2947 2810 3000 amicum
2839 2949 3029 3016 caput!
3064 2949 3223 3004 Salve
3248 2951 3346 3013 sis,

1783 3034 2158 3101 apostolorum
2190 3034 2695 3100 venerabilissime,
2723 3052 2788 3091 ac
2821 3039 3019 3093 merito
3051 3038 3380 3094 beatissimi-
3438 3076 3439 3079 η

1782 3122 1944 3176 titulo
1984 3122 2349 3192 pradicande.
2384 3124 2599 3189 Gaude,
2632 3126 2779 3193 quod
2834 3137 3091 3203 tanquam
3136 3130 3350 3197 piaculo

1783 3227 1845 3265 ac
1894 3213 2362 3266 contaminatione
2411 3215 2604 3267 relicto
2658 3217 3015 3283 pecuniarum
3066 3218 3346 3286 portorio,

1780 3299 2048 3355 donorum
2074 3303 2167 3356 Dei
2195 3303 2499 3356 substantia
2532 3304 2775 3371 locuples
2807 3306 3053 3369 evasisti,
3084 3305 3346 3374 velutque

1781 3406 1972 3443 eorum
1998 3406 2118 3459 quae
2148 3393 2333 3445 animo
2364 3392 2747 3463 intelliguntur
2770 3396 3042 3464 exemplo,
3070 3411 3256 3448 rerum
3293 3396 3349 3448 in

1783 3490 2065 3549 aspectum
2115 3478 2431 3536 cadentium
2484 3484 2674 3553 rapina
2724 3500 2891 3547 usus,
2943 3493 3093 3539 recta
3137 3485 3203 3538 ad
3259 3486 3351 3539 illa

1784 3571 2049 3639 capienda
2118 3572 2484 3640 (laudabilem
2550 3575 2761 3628 scilicet
2817 3590 3007 3628 eorum
3070 3576 3350 3643 rapinam)

1787 3661 2079 3716 cucurristi
2110 3679 2124 3715 :
2159 3672 2423 3732 tantoque
2450 3664 2673 3719 innoxia
2703 3664 2791 3719 illa
2820 3658 2944 3733 plus
2970 3666 3202 3719 habendi
3233 3664 3356 3719 libi-

1788 3751 1916 3807 dine
1948 3751 2129 3807 vicisti
2157 3794 2172 3817 ,
2207 3764 2413 3822 quanto
2446 3755 2705 3823 culpabili
2742 3756 3009 3810 emersisti
3048 3773 3062 3809 :
3098 3764 3358 3825 tantoque

1788 3840 1859 3893 ab
1893 3840 1996 3893 hac
2030 3839 2203 3909 magis
2244 3841 2514 3896 alienatus
2552 3842 2780 3896 avaritia
2815 3858 2901 3907 es,
2936 3854 3141 3913 quanto
3181 3851 3235 3898 te
3278 3843 3357 3897 illi

1790 3938 1980 3998 aperte
2008 3928 2322 3984 devinxisti.
2774 3934 2780 3940 ’

1862 4020 2021 4074 Salve
2056 4021 2151 4082 sis,
2196 4021 2375 4086 beate,
2403 4022 2514 4089 .qui
2551 4022 2683 4091 ipsis
2716 4022 2891 4076 oculis
2921 4023 3202 4077 veritatem
3233 4038 3359 4090 spe-

1792 4110 1976 4174 ctasti,
2011 4125 2076 4163 ac
2114 4111 2284 4164 Deum
2314 4111 2497 4165 vidisti
2534 4130 2547 4165 :
2583 4113 2677 4179 qui
2710 4113 2868 4181 longe
2903 4112 3359 4182 pretiosissimum

1798 4200 2117 4253 thesaurum
2141 4202 2291 4254 velut
2320 4201 2374 4253 in
2403 4217 2554 4269 agro,
2576 4202 2631 4255 in
2657 4201 2821 4255 corde
2846 4203 3057 4255 occulte
3086 4201 3361 4255 defossum

1797 4286 2082 4347 invenisti,
2128 4302 2190 4339 ac
2244 4303 2353 4355 prae
2405 4289 2603 4356 gaudio
2653 4288 2890 4352 vadens,
2945 4304 3067 4357 qua:
3118 4289 3362 4342 habebas

1795 4377 1979 4429 omnia
2000 4376 2319 4441 vendidisti,
2347 4394 2648 4447 agrumque
2676 4388 2901 4446 propter
2923 4380 3182 4432 latentem
3213 4379 3267 4430 in
3295 4392 3364 4430 eo

153 4470 430 4538 θησαυρόν*
465 4469 562 4521 καὶ
603 4469 664 4521 ού
696 4467 856 4535 μόνος
882 4467 976 4520 τοῦ
1005 4466 1268 4534 ἀμιάντου
1300 4465 1678 4519 καταπολαύωι

1797 4467 2110 4521 thesaurum
2156 4468 2467 4522 coemisti“
2511 4485 2524 4520 :
2571 4483 2675 4521 nec
2720 4469 2872 4521 solus
2916 4469 3365 4521 incontaminatis

156 4559 384 4622 πλούτου,
432 4560 547 4611 ἀλλ’
601 4560 665 4611 ἐκ
703 4558 798 4610 τοῦ
849 4558 949 4627 τῆς
996 4556 1219 4627 καρδίας
1261 4556 1693 4625 περισσεύματος

157 4650 236 4710 τὰς
263 4652 384 4713 ὅλας
404 4651 704 4713 πλουτίζων
736 4648 842 4702 τῶν
865 4647 1169 4719 ἀνθρώπων
1198 4647 1410 4713 γενεάς.

218 4737 410 4805 Χαῖρε,
464 4740 549 4790 ὅτι
584 4737 796 4807 πρῶτος
826 4738 988 4799 αὐτὸς
1028 4736 1123 4790 τοῦ
1166 4736 1520 4806 Παρακλήτου
1562 4753 1695 4789 κατ-

188 4826 329 4895 ἔστης
353 4827 699 4897 ύπογραφεύς
719 4844 732 4857 ο
760 4826 972 4896 πρῶτος
1004 4828 1104 4895 τὴν
1141 4826 1400 4895 ἀλήθειαν
1441 4818 1516 4877 ὧν
1558 4826 1695 4893 ἀκή-

164 4929 273 4974 κοας
302 4913 771 4985 θεορρημοσυνῶν,
804 4908 879 4966 ὧν
905 4913 1154 4982 ἑώρακας
1185 4912 1600 4981 ἱεροτελεστιῶν,
1628 4914 1689 4963 οὐ

174 5004 343 5065 μόναις
382 5009 601 5074 ἔκρινας
650 5003 935 5057 πιστεῦσαι
986 5004 1094 5055 τῶν
1139 5002 1440 5072 ἀνθρώπων
1477 5002 1693 5063 ἀκοαῖς’

291 5097 604 5165 εὐλαϐηθης,
638 5096 713 5164 μὴ
742 5093 821 5163 τῷ
856 5095 1031 5163 χρόνῳ
1070 5094 1136 5145 τά
1166 5093 1284 5145 θεῖα
1310 5093 1556 5161 νοθευθῇ,
1604 5092 1699 5143 καὶ

174 5187 225 5233 :1
253 5187 452 5254 καθαρὰ
481 5186 733 5256 ρυπωθῇ,
763 5184 859 5236 καὶ
886 5184 953 5237 τὰ
987 5185 1119 5249 am
1155 5181 1433 5251 Bt6nkw0ﬁ
1455 5197 1469 5210 ·
1502 5180 1581 5232 διὸ
1607 5180 1698 5231 καὶ

179 5274 372 5337 βιϐλίοις
419 5277 786 5345 ἐγγραφῆναι,
836 5274 929 5327 καὶ
977 5278 1044 5342 τῇ
1078 5274 1369 5341 οἰκουμένῃ
1407 5287 1699 5341 παραπεμ-

180 5360 383 5427 ςιθῆναι,
427 5366 519 5415 καὶ
574 5366 654 5425 είς
699 5364 943 5425 ἅπαντας
978 5362 1148 5423 οὕτως
1195 5361 1367 5413 ἐλθεῖν
1395 5360 1456 5411 τὸ
1500 5359 1701 5427 ὑψηλὸν

185 5449 475 5518 Εὐαγγέλιον
503 5454 904 5521 ἀγαθοπρεπῶς
934 5454 1025 5505 καὶ
1052 5451 1319 5520 ἀφθόνως.
1350 5450 1425 5511 ὡς
1449 5450 1543 5501 τοῦ
1569 5452 1703 5515 ἀγα-

186 5537 263 5589 θςῦ
288 5542 435 5609 μόνου
458 5545 639 5605 πιστὸς
672 5543 968 5612 ὑπηρέτης,
990 5541 1338 5610 ἐδοκίμασας,
1368 5538 1441 5599 ὠς
1477 5538 1543 5591 ἂν
1572 5537 1703 5589 πάν-

246 5722 323 5776 ¹⁶1
350 5723 484 5777 Petr.
508 5739 545 5783 ι,
570 5722 633 5785 8;
661 5720 824 5774 llcbr.
853 5736 927 5779 Ix,
950 5719 1038 5771 Ξῖ.
1116 5721 1152 5750 ¹¹
1181 5719 1373 5773 Matth.
1400 5733 1512 5781 xm,
1539 5717 1623 5769 Η.

450 5818 715 5875 Ρηιιοι.
769 5814 882 5872 Gn.
918 5811 1041 5869 CV.

1798 4556 2008 4610 divitiis
2046 4557 2269 4621 frueris,
2302 4557 2396 4609 sed
2440 4573 2507 4611 ex
2551 4556 2733 4610 cordis
2770 4557 3102 4610 abundantia
3140 4567 3366 4611 cunctas

1798 4647 2078 4700 hominum
2110 4659 2299 4701 aetates
2330 4648 2437 4700 illis
2466 4648 2784 4716 impartiris.

1870 4732 2027 4785 Salve
2063 4734 2158 4795 sis,
2192 4735 2337 4802 quod
2372 4735 2579 4802 primus
2612 4735 2729 4802 ipse
2762 4735 3041 4788 Paracleto
3074 4750 3104 4788 a
3138 4734 3363 4789 secretis

1797 4824 2071 4878 exstitisti.
2100 4826 2310 4878 Primus
2336 4826 2669 4887 divinorum,
2696 4841 2833 4893 quos
2860 4826 3130 4889 audieras,
3156 4840 3366 4878 sermo—

1801 4929 1933 4966 num
1979 4913 2265 4966 veritatem
2288 4954 2301 4976 ,
2338 4928 2429 4977 ac,
2463 4930 2582 4981 qua:
2626 4914 2867 4975 videras,
2903 4922 3365 4965 sacramentorum

1807 5004 2002 5065 ﬁdem,
2052 5003 2182 5056 solis
2233 5002 2516 5055 hominum
2562 5004 2787 5056 auribus
2836 5001 3173 5054 condendam
3221 5000 3367 5052 haud

1803 5094 2041 5162 putasti;
2088 5094 2181 5147 sed
2221 5096 2430 5147 veritus
2471 5110 2532 5147 es
2573 5109 2641 5146 ne
2684 5092 2867 5145 divina
2909 5090 3173 5159 temporis
3215 5091 3365 5155 lapsu

1805 5184 2261 5246 adulterarentur,
2283 5199 2345 5237 ac
2365 5200 2497 5252 pura
2519 5183 3049 5239 contaminarentur.
3074 5190 3366 5244 sanctaque

1808 5273 2244 5340 proianarentur.
2270 5272 2633 5336 Quamobrem
2663 5270 2827 5323 etiam
2862 5281 2920 5322 ut
2947 5270 3099 5321 libris
3131 5266 3368 5320 conseri—

1810 5370 1964 5428 ptum
1999 5362 2052 5413 in
2081 5362 2268 5414 orbem
2302 5359 2783 5421 transmitteretnr,
2812 5367 2974 5425 atque
3010 5357 3061 5408 in
3093 5370 3217 5407 eum
3249 5367 3369 5404 mo-

1810 5450 1938 5501 dum
1982 5449 2049 5501 ad
2093 5465 2281 5503 omnes
2324 5450 2535 5503 veniret
2576 5448 2809 5501 sublime
2836 5446 3208 5514 Evangelium,
3242 5442 3365 5493 boni

1812 5540 1993 5592 indole
2037 5553 2099 5591 ac
2149 5540 2263 5592 sine
2314 5538 2548 5601 imidia,
2585 5545 2839 5605 tanquam
2892 5536 3034 5586 illius
3082 5532 3174 5600 qui
3221 5528 3370 5582 solus

2902 5802 2935 5863 8
