3922 6314
653 420 763 486 239

1861 402 2156 463 NICETIE
2193 402 2718 461 PAPHLAGONIS
3810 400 3895 461 940
3918 394 3919 463 ἶ

660 535 832 597 tione,
864 525 1125 596 nulloque
1151 522 1470 579 discrimine
1493 518 1739 591 polleat;
1783 516 1881 586 qui
1931 524 2113 569 tamen
2157 511 2228 567 ab

2338 512 2762 582 ἀπαραλλάκτως
2802 511 3209 580 καταπλωτῶν,
3233 512 3341 567 ἀπὸ
3369 513 3497 584 μιᾶς
3526 510 3585 566 δά
3605 511 3676 583 ήν
3703 510 3893 575 ἐκεῖνος

662 637 769 677 una
798 634 919 673 cum
947 617 1140 688 primis
1180 615 1491 669 celebretur
1517 626 1581 665 ac
1608 612 1932 672 innotescat,
1959 622 2066 675 qua
2096 605 2227 658 reli-

661 713 786 781 quis
805 708 1179 764 abundantius
1211 705 1401 768 fulsit;
1452 703 1643 757 Simon
1686 705 2052 769 cognomento
2076 694 2235 747 Zelo-

660 809 767 863 tes,
792 797 909 867 pari
934 796 1194 850 nimirum
1227 792 1421 863 primis
1447 792 1656 861 pietate
1690 790 1746 842 in
1786 785 2078 841 Dominum
2127 797 2233 836 no-

663 891 933 949 bilitatus,
965 887 1061 956 qui
1106 896 1287 939 tamen
1321 873 1512 953 majori
1560 879 1792 949 reliquis
1815 879 2032 932 fervore
2063 887 2233 927 orna-

664 992 771 1045 tus,
799 980 903 1033 rite
932 975 1148 1033 Zelotes
1171 976 1248 1045 (id
1276 984 1382 1036 est,
1409 973 1717 1038 :emulator)
1746 968 1954 1023 audiat.
2007 966 2064 1019 Id
2088 965 2233 1019 enim

660 1082 748 1126 est
772 1071 924 1125 zelus
960 1083 1057 1122 seu
1092 1064 1392 1127 mmulatio,
1421 1076 1616 1131 nempe
1658 1061 1841 1114 fervor
1868 1074 1992 1113 cum
2022 1055 2234 1110 ratione

664 1175 906 1231 sanoque
939 1157 1172 1212 consilio
1215 1153 1440 1208 honoris
1494 1150 1589 1205 Dei
1616 1164 1781 1203 causa
1826 1159 2111 1207 accensus.
2168 1157 2235 1197 ac

666 1252 791 1305 ﬁdei
830 1260 1074 1305 tutamen
1107 1254 1430 1312 certumque
1468 1239 1783 1311 prasidium
1818 1246 2103 1307 przestans.
2134 1234 2235 1287 Hic

664 1358 767 1396 nos
788 1341 953 1396 hodie
1001 1339 1155 1393 claro
1201 1335 1477 1405 praeconio
1525 1331 1745 1399 lenique
1794 1343 1859 1383 ac
1900 1326 2117 1396 placido
2164 1325 2231 1378 ad

666 1433 923 1497 mysticas
966 1429 1165 1482 invitat
1188 1426 1424 1495 epulas:
1460 1436 1630 1489 seque
1666 1421 1783 1488 ipse
1828 1424 2086 1484 tanquam
2110 1413 2234 1484 upi-

664 1538 850 1592 param
876 1536 939 1575 ac
976 1516 1321 1589 splendidam
1355 1527 1599 1571 mensam
1633 1522 1935 1578 apponens,
1968 1518 2234 1573 suamque

663 1625 907 1672 crucem,
941 1623 1005 1662 ac
1030 1606 1234 1675 quibus
1258 1602 1504 1659 cruciﬁxi
1534 1613 1701 1654 causa
1733 1596 1954 1651 functus
1974 1604 2080 1658 est,
2112 1609 2232 1647 cru-

664 1705 933 1757 ciamenta
965 1705 1221 1766 recteque
1244 1696 1384 1749 facta
1413 1707 1477 1746 ac
1505 1691 1738 1745 virtutes
1770 1687 1918 1741 velut
1947 1688 2237 1740 immorta-

2336 606 2446 659 τῶν
2472 607 2691 661 πάντων
2719 606 3122 678 περισσοτέρως
3148 606 3550 676 κατωρθώσατο
3569 603 3894 675 γνωριζόμε-

2333 715 2445 760 νος.
2479 699 2662 769 Σίμων
2685 699 2717 752 6
2744 697 3077 769 καλούμενος
3117 699 3408 767 Ζηλωτής·
3439 696 3635 767 ἐπίσης
3668 696 3776 764 μὶν
3805 698 3919 756 τοῖς

2327 787 2573 857 πρώτοις
2593 790 2662 859 τῇ
2698 790 2779 852 είς
2802 788 2895 842 τὸν
2930 789 3132 860 Κύριον
3179 788 3431 861 εὐσεϐείᾳ
3465 787 3892 857 σεμνυνόμενος·

2332 879 2540 933 πλείονι
2563 878 2621 933 δὲ
2644 880 2754 934 τῶν
2784 879 2959 935 ἀλλων
2971 880 3266 951 θερμότητι
3292 879 3689 948 κοσμούμενος,
3726 878 3891 930 εὐστό-

2332 987 2443 1040 χως
2472 970 2735 1040 κέκληται
2762 972 3046 1041 Ζηλωτής·
3085 971 3240 1023 τοῦτο
3273 972 3383 1043 γάρ
3419 970 3602 1041 ζῆλος,
3628 970 3891 1041 θερμότης

2332 1060 2476 1115 κατά
2498 1062 2839 1132 εὐλογιστίας
2874 1064 3014 1133 ὑπὲρ
3044 1064 3144 1132 τῆς
3184 1062 3278 1117 τοῦ
3311 1063 3447 1115 Θεοῦ
3475 1065 3643 1131 τιμῆς
3668 1062 3891 1115 ἀναπτο-

2336 1152 2494 1223 μένη,
2516 1153 2611 1207 καὶ
2640 1156 2707 1223 τῇ
2746 1153 2926 1207 πίστει
2973 1152 3036 1206 τὸ
3063 1154 3303 1223 ἀσφαλὲς
3332 1152 3714 1224 παρεχομένη.
3743 1146 3892 1213 Οὗτος

2332 1243 2483 1311 ἡμᾶς
2520 1244 2761 1314 σήμερον
2819 1243 3128 1314 διαπρυσίφ
3175 1243 3492 1314 κηρύγματι
3554 1243 3652 1296 καὶ
3704 1244 3919 1311 ﬁculis

2334 1334 2469 1404 πρὸς
2506 1335 2774 1405 μυστικήν
2812 1336 3137 1389 πανδαισίαν
3169 1320 3464 1402 ’συγκαλεῖν
3504 1334 3704 1387 ἑαυτὸν
3728 1334 3785 1386 δὲ
3816 1350 3891 1384 πο-

2334 1422 2525 1492 λυτελῆ
2558 1425 2653 1476 καὶ
2679 1426 2875 1495 νοερὰν
2914 1423 3198 1495 τράπεζαν
3242 1423 3517 1496 προτιθείς
3544 1440 3559 1454 ο
3594 1422 3696 1477 τὸν
3748 1423 3919 1475 αὑτοῦ

2332 1513 2388 1566 δὲ
2412 1513 2662 1581 σταυρὸν,
2689 1516 2784 1567 καὶ
2805 1514 2873 1567 τὰ
2893 1514 3035 1584 ὑπὲρ
3057 1514 3152 1567 τοῦ
3175 1513 3590 1584 ἐσταυρωμένον
3606 1512 3891 1580 παθήματα

2334 1605 2432 1658 καὶ
2463 1606 2932 1677 ἀνδραγαθήματα
2965 1607 3160 1679 ὥσπερ
3187 1608 3438 1676 ἀκήρατα
3468 1604 3892 1676 προϐαλλόμενος

2336 1696 2627 1765 ἐδέσματα,
2667 1699 2724 1749 ὲν
2755 1696 2965 1759 τούτοις
2987 1699 3117 1760 τοὺς
3175 1698 3341 1751 αὑτοῦ
3381 1696 3719 1764 δαιτύμονας
3770 1696 3891 1764 λαμ-

664 1793 744 1845 les
775 1790 945 1858 dapes
972 1786 1233 1848 oﬂerens,
1288 1783 1547 1837 convivas
1580 1792 1710 1832 suos
1741 1791 1906 1845 quam
1929 1775 2233 1831 lautissime

2339 1788 2493 1859 πρῶς
2515 1789 2597 1842 ὃτι
2632 1788 2866 1857 μάλιστα
2896 1789 3161 1854 δεξιοῦται
3184 1789 3281 1843 καὶ
3313 1788 3710 1858 φιλοτιμεῖται.

664 1882 864 1951 accipit
891 1895 955 1934 ac
981 1877 1168 1932 habet.

732 1972 867 2038 Quis
886 1986 999 2024 non
1030 1968 1197 2039 igitur
1238 1972 1441 2036 praesto
1486 1962 1556 2017 ad
1606 1960 2009 2017 solemnitatem
2042 1973 2235 2013 occur—

664 2065 787 2119 rat?
839 2063 974 2129 Quis
1027 2061 1100 2113 ita
1147 2057 1353 2128 segnis,
1396 2055 1471 2110 ita
1516 2055 1795 2125 negligens
1840 2067 1907 2107 ac
1950 2064 2232 2111 morosus;

661 2158 858 2226 quisve
885 2154 967 2207 sic
992 2150 1173 2205 mollis
1200 2147 1478 2215 animique
1496 2146 1733 2208 solutus,
1759 2152 1821 2197 ut
1841 2142 2066 2197 delicias
2090 2141 2236 2209 ejus-

664 2246 837 2311 modi,
868 2254 929 2299 ut
953 2228 1159 2297 tantam
1184 2238 1588 2311 iucunditatem
1614 2236 1887 2302 talemque
1920 2232 2236 2286 convivato-

667 2355 782 2394 rem
817 2331 1242 2403 contempserit?
1274 2329 1369 2399 qui
1392 2331 1606 2397 [nempe
1634 2325 1802 2393 {ﬁlius
1837 2322 2079 2377 hominis
2107 2335 2233 2375 cum

660 2436 834 2494 esset,
870 2442 935 2481 ac
965 2426 1168 2480 bonam
1222 2421 1463 2474 animam
1512 2417 1743 2472 sortitus
1792 2414 2007 2477 fuisset,
2060 2426 2233 2480 usque

665 2524 804 2577 adeo
832 2527 1087 2585 tantaque
1110 2512 1393 2583 diligentia
1428 2510 1668 2579 seipsum
1696 2505 1962 2569 excoluit,
1990 2504 2234 2574 legisque

666 2608 1012 2667 documentis
1041 2621 1104 2661 ac
1132 2603 1319 2675 gratia:
1342 2602 1557 2672 placitis
1576 2598 1828 2663 absolvit,
1857 2606 1919 2651 ut
1950 2595 2048 2650 Dei
2087 2594 2234 2648 ﬁlius

666 2704 976 2759 eiliceretur
999 2712 1064 2751 ac
1096 2694 1508 2748 existimaretur
1540 2689 1603 2742 ".

738 2794 916 2849 Vultis
965 2798 1026 2843 et
1068 2785 1381 2855 disciplina:
1433 2780 1680 2843 modum,
1726 2792 1835 2848 quo
1890 2777 1957 2831 ad
2017 2776 2232 2830 Patrem

668 2901 827 2940 suum
851 2890 1144 2952 provectus
1317 2873 1563 2928 discere?
1602 2872 1805 2925 Praesto
1854 2883 1976 2922 sum
2008 2876 2071 2920 ut
2096 2882 2234 2935 pau-

667 2979 749 3031 cis
780 2974 1050 3028 referam:
1094 2983 1158 3022 ac
1191 2980 1375 3034 quaeso
1406 2978 1598 3017 aurem
1630 2961 1889 3016 solertem
1922 2967 2087 3028 atque
2113 2956 2236 3010 ani-

670 3086 821 3125 mum
855 3061 1285 3121 accommodate.
1317 3057 1413 3111 llle
1440 3054 1698 3107 nimirum
1727 3049 2001 3119 morigero
2044 3047 2235 3102 auditu

669 3175 733 3215 ac
765 3156 911 3211 ﬁdeli
945 3161 1128 3219 mente
1161 3149 1346 3204 divina
1372 3145 1621 3207 edoctus,
1680 3142 2103 3210 intelligensque
2132 3140 2233 3193 Do-
2262 3154 2308 3215 ρ

672 3250 807 3305 mini
840 3245 1086 3305 oracula,
1117 3251 1280 3309 atque
1330 3238 1446 3290 haec
1468 3250 1497 3287 a
1541 3248 1713 3303 puero
1743 3233 1797 3285 in
1827 3232 2072 3285 animum
2102 3244 2236 3283 con—

670 3353 885 3411 gerens,
938 3336 1203 3389 hactenus
1245 3326 1473 3397 quidem
1519 3339 1620 3377 ceu
1648 3320 1959 3374 rudimento
1995 3319 2113 3387 lege
2152 3317 2238 3370 in-

671 3408 1042 3489 stituebatur;
1076 3418 1498 3483 carnalibusque
1521 3409 2012 3483 iustiﬁcationibus
2044 3424 2107 3462 ac
2138 3408 2234 3461 lit-

674 3530 803 3573 tera:
856 3509 1254 3582 itnperfectioni
1314 3517 1521 3558 navans
1574 3515 1835 3569 operam,
1901 3498 2067 3564 inque
2130 3496 2238 3550 illis

671 3620 955 3668 exercens,
989 3602 1053 3654 ad
1088 3597 1273 3669 gratia:
1308 3592 1699 3663 perfectionem
1732 3587 2163 3657 przeparabatur.

742 3697 880 3763 Quia
920 3708 1051 3747 vero
1109 3688 1201 3757 qui
1252 3687 1491 3739 litteram
1538 3682 1836 3750 abrogaret
1891 3686 1947 3732 et
1983 3677 2237 3747 spiritum

670 3790 1098 3845 consummaret,
1123 3787 1349 3831 venerat
1376 3792 1390 3828 :
1418 3790 1483 3827 ac
1502 3774 1741 3827 lucerna:
1762 3770 1985 3839 quidem
2017 3766 2237 3822 lucendi

673 3892 888 3945 tempus
935 3877 1271 3931 excesserat,
1320 3866 1547 3937 iustitia
1598 3873 1780 3917 autem
1808 3863 1899 3916 Sol
1939 3862 2233 3924 illuxerat;

671 3979 837 4036 atque
874 3962 1053 4017 noctis
1086 3976 1144 4014 se
1185 3957 1445 4011 maestitia
1492 3956 1859 4016 subdueente,
1888 3954 2001 4023 jam
2052 3953 2239 4007 oriens

672 4070 915 4113 summos
949 4053 1216 4107 montium
1240 4048 1473 4102 vertices
1506 4046 1839 4111 illustrabat;
1873 4061 1983 4099 non
2001 4043 2239 4112 amplius

675 4145 865 4216 ﬁguris
903 4141 1220 4207 umbrisque
1246 4136 1497 4190 distineri
1531 4133 1833 4189 sustinuit:
1860 4149 1971 4187 non
1998 4140 2063 4185 ut
2084 4130 2239 4185 dein-

675 4252 806 4307 ceps
839 4233 1128 4304 paedagogo
1144 4229 1341 4283 allixus
1385 4228 1569 4295 illique
1608 4225 1866 4278 assiduus
1902 4232 2068 4285 esset,
2104 4238 2241 4291 ope-

678 4344 751 4381 rae
776 4323 1012 4393 pretium
1046 4320 1202 4374 duxit
1228 4336 1243 4371 :
1281 4317 1376 4371 sed
1408 4315 1559 4386 gravi
1592 4315 1686 4368 illo
1709 4315 1841 4384 iuge
1865 4312 2109 4366 humeris
2141 4326 2239 4364 ex-

676 4428 858 4477 cusso,
887 4415 1076 4483 jugnm
1117 4408 1359 4479 magistri
1400 4421 1565 4460 suave
1600 4404 1890 4474 imposuit;
1945 4410 2239 4472 spretoque

2404 1958 2502 2020 Τίς
2527 1958 2620 2011 οῦν
2659 1959 2758 2011 οὐκ
2784 1960 3087 2028 ἀπαντήσει
3130 1962 3268 2031 πρὸς
3298 1962 3399 2031 τήν
3427 1964 3782 2034 πανήγυρινς
3815 1964 3892 2026 Τίς
3918 1970 3919 2005 1

2332 2046 2477 2100 οῦτω
2523 2049 2783 2119 ῥᾴθυμος,
2810 2049 2986 2114 οὕτως
3014 2052 3221 2122 ἀμελής
3259 2070 3320 2106 τε
3361 2054 3456 2107 καὶ
3498 2034 3919 2125 ύπεροπτικός;Ῑ

2332 2137 2418 2199 τίς
2445 2137 2503 2190 δὲ
2525 2135 2749 2207 ’χαῦνος
2775 2138 2921 2194 οὕτω
2974 2143 3070 2195 καὶ
3119 2143 3494 2214 ἐκλελυμένος,
3525 2145 3605 2207 ὡς
3653 2147 3893 2214 τοιαύτης

2334 2229 2565 2299 τρυφῆς.
2599 2229 2852 2301 τοιαύτης
2878 2234 3240 2306 τερπνότητος
3264 2237 3360 2289 καὶ
3389 2236 3711 2308 ἑστιάτορος
3730 2239 3885 2291 τοιού·
3918 2240 3919 2279 ὲ

2332 2335 2427 2371 του
2454 2322 2821 2389 παραμελεῖνς
2871 2322 2931 2385 ὃς
2969 2323 3097 2385 Υίδς
3139 2324 3215 2377 ὢν
3243 2324 3559 2395 ἀνθρώπου,
3600 2330 3703 2383 καὶ⁵
3738 2330 3919 2399 ψυχῆ;;

2333 2406 2511 2478 λαχὼν
2538 2409 2770 2479 ἀγαθῆς,
2804 2411 2898 2463 ἐπὶ
2947 2412 3202 2468 τοσοῦτον
3248 2392 3443 2469 ἑαυτδν
3473 2416 3541 2470 δι’

2335 2497 2693 2570 δξησκήσατο,
2733 2502 2827 2555 καὶ
2852 2502 2944 2556 τοῦ
2981 2504 3147 2574 νόμου
3174 2506 3289 2569 τοῖς
3316 2508 3779 2579 παραγγέλμασι,
3818 2513 3891 2563 καὶ
3918 2506 3919 2555 ἒ

2335 2594 2446 2653 τοῖς
2472 2592 2569 2662 τῆς
2597 2592 2815 2664 χάριτος
2843 2594 3080 2665 δόγμασι
3096 2597 3447 2668 κατήρτιστο,
3479 2600 3558 2664 ὡς
3580 2601 3717 2656 Υίδν
3744 2620 3892 2655 κατα·
3918 2626 3919 2635 ι

2337 2683 2526 2751 στῆναι
2549 2684 2646 2737 καὶ
2673 2684 2989 2755 λογισθῆναι
3028 2686 3189 2743 Θεοῦ.
3260 2715 3265 2722 -
3918 2726 3919 2739 ι

2406 2771 2671 2826 Βούλεσθε
2716 2774 2811 2828 καὶ
2847 2776 2941 2829 τὸν
2976 2777 3178 2850 τρόπον
3217 2779 3318 2851 τῆς
3347 2781 3706 2855 ἀναγωγικῆς
3745 2784 3893 2837 αὐτοῦ

2336 2861 2475 2932 πρὸς
2518 2863 2610 2916 τδν
2657 2863 2874 2937 Πατέρα
2923 2870 3203 2934 πολιτείας
3234 2872 3456 2940 μαθεϊν;
3492 2874 3761 2946 Ἐτοιμος
3791 2878 3919 2929 ἔπι-ι

2336 2957 2523 3022 τεμεῖν
2545 2955 2689 3022 lycii“
2720 2958 2814 3010 καί
2850 2976 2939 3027 μοι
2980 2961 3197 3017 συνετὸν
3234 2962 3328 3027 οῦς
3351 2965 3446 3018 καὶ
3492 2964 3740 3022 διάνοιαν
3783 2969 3893 3020 ὑπο-

2340 3046 2507 3112 σχεῖν.
2550 3044 2785 3111 Ἐκεῐνος
2822 3049 2960 3119 ἀκοῇ
2994 3049 3094 3119 μὲν
3124 3052 3386 3117 εὐπειθεῐ,
3416 3054 3697 3127 διανοίᾳδὲ
3720 3060 3887 3126 πιστῇ,
3918 3070 3919 3099 ι

2338 3133 2405 3185 τὰ
2449 3134 2606 3187 ἔνθεα
2642 3136 2799 3203 λόγια
2831 3138 2926 3191 τοῦ
2979 3140 3184 3211 Κυρίου
3219 3142 3445 3207 συνιεὶς,
3497 3145 3596 3198 καὶ
3647 3147 3919 3216 νηπιόθενι

2340 3224 2479 3278 αὐτὰ
2512 3226 2832 3295 συμϐάλλων
2876 3231 2943 3298 τῇ
2978 3231 3196 3302 καρδίᾳ,
3226 3233 3365 3296 τέως
3406 3234 3506 3302 μιν
3546 3235 3919 3306 ιστοιχειοῦτοξ

2338 3316 2416 3383 τῷ
2445 3316 2612 3386 νόμῳ,
2647 3316 2743 3370 καὶ
2769 3320 2881 3381 τοῖς
2905 3321 3007 3390 τῆς
3032 3321 3229 3391 σαρκὸς
3263 3322 3593 3394 δικαιώμασι
3622 3327 3888 3398 παιδοτρι-
3918 3352 3919 3359 ι

2340 3403 2622 3474 δούμενος,
2661 3406 2756 3459 καὶ
2782 3408 2849 3478 τῇ
2883 3408 3101 3480 ἀτελείᾳ
3136 3410 3232 3465 τοῦ
3256 3413 3586 3483 γράμματος
3623 3416 3888 3487 ἐγγυμνα-

2339 3492 2601 3562 ςόμενος,
2656 3497 2793 3569 πρὸς
2846 3497 2947 3569 τὴν
2999 3500 3101 3571 τῆς
3138 3503 3360 3573 χάριτος
3397 3504 3714 3576 τελειότητα
3766 3525 3889 3578 ιιιιαρ⁴

2337 3585 2680 3649 εσκευάζετο.
3704 3618 3715 3629 .

2421 3673 2642 3746 Ἐπειδὴ
2688 3676 2744 3730 δὲ
2774 3677 2807 3731 6
2846 3678 2941 3733 τοῦ
2989 3679 3318 3753 γράμματος
3360 3683 3630 3756 ἀθετητὴς
3680 3688 3775 3741 καὶ
3810 3687 3888 3741 τοῦ

2337 3763 2647 3834 πνεύματος
2674 3761 2779 3837 ἦκε
2809 3768 3102 3841 τελειωτής
3126 3788 3141 3804 ο
3179 3774 3272 3827 καὶ
3304 3773 3382 3845 τῷ
3410 3775 3587 3846 λύχνῳ
3623 3779 3729 3847 μὲν
3758 3781 3787 3831 6
3811 3778 3887 3830 τοῦ

2338 3854 2551 3920 φαίνειν
2582 3854 2769 3927 ἐξήκει
2808 3859 3023 3928 καιρὸς,
3052 3862 3081 3913 6
3118 3861 3307 3925 Ἥλιος
3336 3864 3393 3915 δὲ
3429 3864 3528 3934 τῆς
3552 3865 3887 3935 δικαιοσύνης

2339 3941 2585 4013 ἐπεφάνη
2603 3960 2617 3974 ·
2653 3947 2744 3999 καὶ
2781 3948 2814 4017 ή
2845 3951 3118 4019 κατήφεια
3143 3952 3241 4020 μὲν
3264 3952 3533 4024 ὑπεχώρει
3562 3954 3666 4024 τῆς
3692 3959 3887 4021 νυκτὸς,

2339 4034 2375 4104 ή
2398 4034 2630 4107 ἀνατολὴ
2653 4036 2711 4089 δὲ
2729 4037 2829 4107 ήδη
2845 4038 2944 4101 τὰς
2969 4040 3277 4111 ἀκρωρείας
3308 4045 3699 4115 κατεφὼτιζεν,
3728 4049 3889 4102 οὐκέτι

2338 4124 2451 4184 τοῖς
2480 4121 2669 4187 τύποις
2705 4125 2950 4195 ἠνείχετο
3007 4132 3337 4198 προσμένειν
3382 4134 3476 4186 καὶ
3522 4138 3641 4199 ταῖς
3696 4140 3887 4197 σκιαῖς·

2339 4211 2523 4265 ούκὲτι
2563 4212 2644 4297 τῷ
2676 4216 3009 4287 παιδαγωγῷ
3040 4219 3432 4291 προσλιπαρείν
3456 4223 3594 4294 ᾤετο
3637 4225 3780 4280 δεῖν·
3813 4228 3888 4278 τὸν

2341 4298 2399 4353 δὲ
2440 4299 2608 4370 βαρὺν
2635 4302 2843 4355 ἐκείνου
2887 4304 3051 4371 ζυγὸν
3077 4305 3186 4359 τῶν
3213 4308 3430 4363 οίκείων
3457 4310 3625 4381 ὤμων
3656 4314 3887 4368 ἀπωθού-

2347 4405 2524 4459 μενος,
2563 4390 2653 4443 τὸν
2693 4390 2787 4444 τοῦ
2838 4392 3160 4450 διδασκάλου
3199 4400 3434 4468 χρηστὸν
3477 4404 3884 4475 ὲπεφορτίζετο·

676 4500 1109 4559 circumcisionis
1140 4497 1387 4551 modesto
1411 4509 1601 4558 onere,
1622 4495 1743 4548 leve
1764 4492 1949 4562 gratia:
1964 4506 2104 4544 onus
2122 4492 2233 4544 ele-

2346 4481 2440 4536 καὶ⁸
2458 4481 2520 4551 τὸ
2538 4482 2817 4537 δύσοιστον
2852 4485 3018 4555 ἀχθος
3062 4488 3161 4559 τῆς
3190 4494 3495 4564 περιτομῆς
3526 4496 3811 4568 ὑπεριδὼν,
3840 4495 3887 4547 τὺ

676 4596 786 4663 git;
819 4608 883 4646 ac
914 4592 1106 4649 relicto
1129 4588 1296 4650 Mose,
1338 4593 1626 4639 vocantem
1654 4583 1839 4636 Jesum
1863 4588 2086 4634 secutus
2110 4586 2195 4633 est
2220 4595 2235 4631 :

676 4684 770 4753 qui
792 4680 1050 4736 nimirum
1075 4693 1185 4732 suae
1229 4676 1306 4729 illi
1336 4674 1525 4744 gratia:
1552 4671 1735 4725 radios
1759 4667 2068 4729 aﬂ'undens,
2104 4683 2236 4737 pro-

674 4774 916 4843 prizeque
962 4768 1149 4839 gloria-
1181 4781 1244 4819 ac
1294 4762 1591 4834 maiestatis
1644 4768 1863 4815 sensum
1913 4759 2237 4821 immittens,

673 4870 836 4929 atque
862 4873 1077 4913 sursum
1113 4855 1345 4909 ducente
1372 4849 1799 4921 spiritaliorique
1827 4864 2013 4902 amore
2034 4847 2238 4901 subve-

676 4953 833 5014 hens,
866 4965 929 5003 ac
952 4946 1177 5001 indubia
1210 4943 1540 4997 conﬁrmans
1586 4938 1711 5002 ﬁde,
1746 4938 2005 5008 regnique
2035 4937 2236 5006 praedi-

675 5042 779 5095 cati
810 5056 904 5109 spe
942 5034 1324 5101 desiderioque
1377 5029 1747 5094 contendens,
1780 5028 1885 5082 sibi
1925 5034 2098 5081 totum
2137 5026 2236 5079 ad-

559 5155 561 5157 ί
676 5133 985 5185 dixissetac
1016 5124 1370 5186 devinxisset,
1410 5120 1777 5175 subtilissima:
1814 5118 2011 5171 mentis
2050 5118 2236 5172 eleva-

677 5223 918 5276 tionibus
969 5214 1496 5281 abstrusissimisque
1535 5208 2095 5279 contemplationibus
2128 5208 2237 5263 sibi

672 5327 800 5367 eum
820 5308 1119 5362 concilians
1135 5314 1455 5374 aptat-sque.

748 5489 955 5558 Duplici
1006 5504 1137 5543 vero
1177 5489 1287 5558 jam
1340 5488 1573 5547 ratione.
1615 5485 1699 5538 vir
1754 5485 2103 5541 beatissimus
2158 5488 2235 5541 illi

678 5584 919 5639 animum
959 5580 1275 5643 attendens,
1331 5595 1392 5632 ac
1428 5592 1655 5643 corpore
1686 5575 1928 5644 quidem,
1979 5578 2235 5645 quodque

752 5759 794 5793 "
828 5759 951 5817 Sat).
1001 5775 1121 5822 vm,
1155 5761 1237 5815 19.

2338 4572 2569 4641 ἐλαφρὸν
2603 4574 2701 4642 τῆς
2750 4574 2971 4645 χάριτος
3001 4578 3253 4648 ᾑρέτισεν
3274 4597 3291 4612 ·
3332 4583 3427 4636 καὶ
3456 4584 3548 4638 τὸν
3573 4586 3778 4656 Μωσῆν
3801 4603 3885 4639 κα-

2338 4662 2599 4725 ταλιπὼν.
2624 4664 2798 4718 ὀπίσω
2817 4667 2911 4720 τοῦ
2947 4669 3119 4739 Ἰησοῦ
3140 4670 3431 4739 καλοῦντος
3449 4676 3754 4743 ἠκολούθει.
3784 4680 3882 4739 Ὃς.

2295 4761 2297 4763 ’
2343 4754 2508 4808 αὑτοῦ
2537 4758 2605 4828 τῇ
2640 4758 2838 4829 καρδία
2866 4759 2964 4831 τήν
2988 4763 3194 4817 οίκείαν
3224 4766 3568 4837 ιναστράψας
3598 4772 3777 4841 χάριν,
3808 4770 3885 4823 καὶ

2341 4845 2443 4914 τῆς
2472 4846 2607 4911 ιδίας
2653 4848 2811 4918 δόξης
2844 4851 2996 4922 αὖτῷ
3045 4855 3138 4907 καὶ
3178 4857 3598 4930 μεγαλειότητος
3655 4862 3884 4930 αῐσθησιν

2343 4936 2663 5007 ἐνθέμενος,
2690 4942 2786 4994 καὶ
2830 4943 2910 5013 τῷ
2961 4946 3229 5016 ἀναγωγῷ
3258 4949 3421 5018 ἔρωτι
3451 4953 3770 5021 πτερώσας,
3809 4953 3883 5004 καὶ

2344 5030 2411 5097 τῇ
2437 5027 2730 5100 ἀδιακρίτῳ
2759 5033 2940 5087 πίστει
2985 5034 3288 5103 βεϐαιώσας
3308 5080 3324 5105 ,
3358 5042 3453 5094 καὶ
3496 5044 3563 5112 τῇ
3601 5044 3772 5097 ἑλπίδι
3803 5042 3882 5108 τῆς

2344 5118 2759 5188 κηρυσσομένης
2813 5124 3104 5177 συντείνων
3160 5125 3478 5195 βασιλείας,
3536 5132 3735 5185 ἑαυτοῦ
3780 5132 3879 5183 ὅλον

2338 5206 2634 5274 ἐποιήσατο
2684 5210 2777 5261 καὶ
2820 5213 3172 5283 κατεδήσατο,
3206 5222 3565 5286 νοερωτάταις
3604 5223 3766 5277 αὐτὸν
3809 5224 3879 5274 ἀν-

2332 5295 2603 5361 αγωγίαις
2647 5298 2739 5349 καὶ
2790 5306 3231 5372 μυστικωτάταις
3268 5310 3447 5380 ἑαυτῷ
3484 5311 3739 5383 θεωρίαις
3763 5330 3878 5382 μνη·

2337 5386 2657 5456 στευόμενος
2690 5390 2784 5442 καὶ
2815 5392 2883 5459 ἀρ
2892 5393 3207 5463 μοξόμενος.

2406 5490 2536 5559 Διχῆ
2585 5491 2641 5544 δὲ
2678 5493 2860 5545 λοιπὸν
2896 5496 2925 5547 6
2957 5500 3374 5569 μακαριώτατος
3420 5508 3702 5576 προσέχων
3727 5505 3875 5573 αὐτῷ,

2336 5579 2429 5631 καὶ
2461 5580 2675 5651 σώματι
2708 5585 2810 5653 μὲν
2842 5585 2938 5639 καὶ
2972 5587 3033 5641 τὸ
3074 5591 3371 5659 δρώμενον,
3407 5596 3521 5649 υίὺν
3564 5598 3770 5668 ἀληθῶς
3790 5596 3875 5651 ἀν·
