3922 6314
21 320 108 386 2ἰὲ
745 331 1026 392 ORATIO
1060 333 1192 393 XII.
1219 360 1295 373 -
1321 336 1405 398 IN
1443 336 1753 398 LAUDEM
1796 337 1856 395 S.
1900 331 2215 398 SIMONIS
2252 331 2510 390 APOS'I‘.
3140 323 3246 384 259

22 439 241 508 θρώπου,
274 442 543 512 πνεύματι
576 445 634 498 δὲ
660 447 755 499 καὶ
795 447 857 499 τὸ
902 449 1213 514 νοούμενον,
1250 449 1384 501 Υίδν
1427 447 1564 501 Θεοῦ
1596 488 1602 505 ι

1718 446 1844 500 :ulis
1870 444 2147 514 obiectum
2168 452 2310 505 erat,
2340 455 2468 494 vere
2501 439 2675 492 ﬁlium
2722 434 2996 499 hominis;
3047 433 3244 502 Spiritu

20 528 142 580 κατά
191 529 349 596 φύσιν
375 533 547 603 ὀρῶν·
578 534 677 602 τὴν
712 534 935 603 διπλόην
971 535 1029 586 δὲ
1068 534 1177 586 τῶν
1227 534 1444 603 φύσεων
1497 537 1564 604 τῇ
1598 579 1602 583 ι

1718 545 1850 588 item
1889 545 1945 589 et
1989 541 2256 607 quantum
2311 545 2467 584 mens
2519 531 2859 598 penetrabat,
2899 527 2993 579 Dri
3051 524 3248 578 Filium

20 621 112 671 τῶν
133 623 419 692 ἐνεργειῶν
469 626 661 698 διπλόῃ
706 628 1174 697 τεκμαιρόμενος’
1220 629 1318 682 καὶ
1348 628 1434 680 διὰ
1472 628 1565 680 πί-

1718 635 1887 688 atura,
1926 624 2270 693 conspiciens
2292 661 2308 684 ,
2339 636 2516 690 exque
2543 617 2749 687 duplici
2773 617 3114 686 Operatione,
3146 614 3238 667 du-

20 727 167 775 στεως
202 715 301 781 μὲν
350 714 448 785 τὴν
485 717 694 786 ὑψηλὴν
733 719 967 788 Θεωρίαν
999 720 1202 788 ταύτην
1237 720 1569 790 βεϐαιούμε-

1718 719 1867 771 licem
1897 725 2147 770 naturam
2177 714 2510 784 conjiciens,
2558 727 2621 765 ac
2647 711 2772 765 ﬁdei
2806 708 3027 779 quidem
3067 707 3244 778 praesi-

20 817 125 864 νος,
163 803 249 855 διά
279 802 512 874 θεωρίας
557 808 615 860 δὲ
660 807 822 860 πάλιν
857 810 956 879 τὴν
1002 810 1186 862 πίστιν
1226 812 1568 881 κρατυνόμε-

1718 809 1784 869 io,
1815 806 2117 861 sublimem”
2151 806 2293 859 hanc
2323 803 2842 872 contemplationem
2899 799 3248 861 conﬁrmans,

20 909 91 952 νος
111 932 124 954 ,
159 893 356 964 ζωτικῇ
399 896 460 950 δέ
502 915 606 951 τινι
636 899 949 971 συμπαθείᾳ
981 902 1077 953 καὶ
1105 903 1266 973 νοερᾷ
1320 903 1567 973 φιλότητι

1718 909 1974 963 irsusque
2016 891 2502 962 contemplationis
2553 889 2851 960 sagacitate
2897 889 3058 942 ﬁdem
3095 886 3248 938 robo-

20 984 80 1051 τῷ
110 985 459 1058 θεωρουμένῳ
505 991 884 1059 συμφυόμενος
909 995 1006 1044 καὶ
1037 994 1416 1063 συνδεόμενος.
1471 995 1568 1049 καὶ

1718 1002 1799 1044 ins
1829 1005 1840 1040 :
1874 986 2114 1056 quadam
2163 985 2402 1054 denique
2445 984 2592 1037 vitali
2621 980 3032 1037 necessitudine
3060 979 3256 1032 animi-

20 1074 80 1144 τῷ
123 1075 195 1146 νῷ
241 1077 545 1149 λεληθότως
574 1083 979 1152 συνενούμενος,
1013 1085 1136 1137 κατ’
1170 1085 1360 1139 οὐδένα
1385 1085 1571 1140 λοιπὸν

1718 1095 1780 1134 ue
1803 1078 2178 1149 propensioris
2217 1074 2626 1139 benevolentia,
2672 1073 2724 1128 ei
2777 1072 2873 1142 qui
2903 1070 3256 1131 cernebatur,

20 1166 183 1220 τούτου
201 1167 439 1240 διῃρείτο
464 1172 664 1244 τρόπον
683 1190 698 1204 ·
737 1173 860 1228 οὔτε
887 1176 979 1228 τὸν
1009 1176 1138 1228 νοῦν
1169 1177 1268 1245 τῆς
1294 1179 1572 1248 ἀγαπητι-

1718 1172 2050 1226 )Ιιτετοεοοηε
2079 1169 2503 1236 devinctusque,
2545 1179 2760 1220 necnon
2789 1164 3086 1218 secretiore
3114 1177 3255 1214 nexu
3350 1162 3359 1170 '

20 1254 102 1323 κῆς
128 1258 474 1330 μνημοσύνης
499 1261 894 1330 ἀποσπώμενος
915 1301 930 1327 ,
967 1263 1092 1316 οὔτε
1120 1264 1177 1316 δὲ
1203 1263 1303 1333 τὴν
1329 1281 1572 1333 σωματι-

1718 1262 1752 1316 li
1791 1269 1973 1315 mente
2004 1261 2211 1325 unitos,
2249 1260 2400 1313 nulla
2425 1259 2688 1326 deinceps
2714 1256 2928 1310 ratione
2952 1255 3022 1307 ab
3054 1269 3121 1308 co
3147 1253 3259 1306 dis-

20 1349 102 1417 κὴν
124 1349 245 1418 ἄψιν
276 1351 691 1418 ἀπολείπεσθαι,
715 1354 796 1407 ὅτι
841 1354 920 1426 μὴ
974 1356 1127 1410 πᾶσα
1171 1356 1386 1426 ἀνάγκη
1439 1372 1573 1410 κατ-

1718 1335 2036 1420 mgebatur;
2090 1350 2185 1418 qui
2218 1364 2398 1417 neque
2430 1349 2636 1407 animo.
2675 1355 2893 1400 amante
2946 1343 3107 1397 avelli
3145 1359 3262 1397 me-

20 1439 158 1504 ιξιῶν
180 1442 273 1495 τοῦ
293 1443 656 1513 ποθουμένου.

1718 1441 1867 1505 toria,
1891 1456 1994 1495 nec
2022 1440 2294 1510 corporali
2335 1440 2456 1508 ipso
2486 1437 2785 1492 desiderati
2833 1444 3057 1505 aspectu
3090 1433 3262 1488 desti—

1680 1531 1781 1594 tui,
1824 1541 1922 1586 aut
1943 1548 2158 1586 summa
2181 1532 2272 1585 vix
2297 1531 2650 1594 necessitate,
2687 1537 2991 1599 pateretur.
3114 1517 3117 1519 ί

72 1618 216 1687 ’Δμα
244 1616 378 1684 γοῦν
410 1618 587 1689 ἀρχὴν
619 1618 722 1688 τῆς
754 1617 964 1673 ἀνωθεν
1010 1620 1253 1692 κλήσεως
1291 1621 1387 1674 καὶ
1435 1621 1572 1676 ἀπο-

1748 1624 1921 1679 Simul
1957 1625 2124 1694 igitur
2169 1625 2381 1680 cmlesti
2435 1625 2676 1693 primum
2719 1621 3007 1675 vocatione
3034 1634 3097 1673 ac
3134 1633 3265 1686 apo-

20 1708 242 1778 πολικῆς
281 1708 515 1778 ἐκλογῆς
564 1710 912 1780 κατηξιοῦτο,
961 1710 1201 1766 καὶτῶν
1246 1711 1421 1779 λόγων
1475 1711 1575 1782 τῆς

1719 1715 1882 1770 tolica
1931 1715 2184 1785 dignatus
2230 1715 2542 1780 electione,
2595 1725 3022 1779 sermonumque
3080 1709 3267 1778 gratiae

20 1799 208 1866 χάριτος
235 1798 460 1868 ᾔσθετο,
488 1802 584 1853 καὶ
612 1801 710 1872 τὴν
737 1800 848 1854 τῶν
876 1802 1053 1872 ἔργων
1074 1801 1304 1874 δύναμιν
1330 1804 1574 1867 τεθέατο,

1718 1815 1942 1875 ercepto
1994 1821 2159 1859 sensu
2209 1814 2374 1873 atque
2422 1817 2652 1873 cperam
2707 1812 3006 1870 conspecta
3038 1802 3265 1862 virtute,

20 1887 278 1957 νεκροῦται
321 1891 424 1959 μιν
462 1891 662 1944 αὐτίκα
717 1892 796 1962 τῷ
853 1893 1044 1962 κόσμῳ
1085 1895 1270 1958 παντὶ,
1329 1894 1479 1964 μόνῳ
1516 1893 1575 1947 δὲ

1718 1896 1828 1948 mni
1863 1894 2047 1950 statim
2081 1894 2287 1949 mundo
2320 1895 2579 1959 moritur,
2623 1893 2835 1962 solique
2882 1891 3101 1947 Christo
3135 1891 3270 1944 vivi-

20 1979 218 2040 ζωοῦται
272 1981 519 2052 Χριστῷ.
555 1982 863 2053 Νεκροῦται
919 1983 1158 2052 γονεῦσι,
1192 1986 1434 2052 οἰκείοις,
1490 1988 1577 2056 φί-

1718 1995 1896 2042 catur.
1956 1987 2189 2041 Moritur
2227 1985 2569 2055 parentibus,
2630 1985 2992 2048 necessariis,
3052 1982 3266 2046 amicis,

20 2073 121 2135 ως,
155 2073 427 2145 κτήμασι.
462 2074 733 2145 χρήμασι,
767 2077 864 2129 καὶ
893 2076 1060 2129 παντὶ
1089 2077 1379 2132 συνελόντα
1410 2078 1577 2147 φάναι

1721 2074 1926 2139 raadiis,
1960 2076 2241 2145 pecuniis;
2294 2075 2556 2144 omnique
2591 2075 2673 2144 (ut
2709 2075 2878 2130 verbo
2905 2075 3110 2138 dicam)
3142 2074 3271 2127 huic

20 2164 73 2228 ιῷ
111 2163 266 2217 αἰῶνι
315 2164 480 2235 τῷδε,
523 2167 618 2220 καὶ
675 2169 788 2230 τοῖς
815 2168 876 2220 ἐν
921 2167 1070 2238 αὐτῷ
1116 2170 1484 2241 σταυρωθείς·
1514 2171 1575 2223 οὐ

1718 2169 1881 2222 rculo
1898 2168 2220 2235 cunctisque
2239 2168 2294 2221 in
2318 2167 2413 2220 illo
2432 2167 2730 2223 cruciﬁxus
2759 2186 2772 2220 :
2803 2182 2982 2236 neque
3005 2167 3057 2221 id
3084 2166 3269 2228 modo,

20 2259 148 2326 μόνον
174 2259 256 2324 δὲ,
289 2259 432 2312 ἀλλά
455 2259 550 2313 και
579 2243 776 2315 ἑαυτοῦ
801 2261 1209 2332 ἀλλοτριωθεὶς,
1240 2263 1335 2316 και
1372 2263 1494 2318 ὅλον
1518 2263 1580 2317 τὸ

1718 2260 1777 2314 ed
1825 2270 1881 2314 et
1934 2264 2050 2329 ipse
2105 2260 2211 2315 sibi
2259 2261 2474 2314 alienus
2513 2259 2712 2323 factus,
2769 2260 3034 2330 omnique
3087 2259 3272 2314 carnis

20 2354 238 2423 φρόνημα
265 2354 373 2424 τῆς
404 2355 572 2408 αὐτοῦ
601 2356 804 2427 σαρκὸς
827 2356 1214 2421 ἀπολωλεκὼς,
1245 2358 1408 2428 μόνου
1434 2358 1580 2426 γίνε-

1718 2351 1860 2420 iecto
1892 2367 2056 2405 sensu
2083 2366 2148 2404 ac
2187 2351 2504 2421 prudentia,
2555 2352 2721 2404 unius
2753 2350 2884 2406 Jesu
2926 2349 3132 2405 Christi
3157 2349 3273 2402 cili-

20 2460 82 2497 ιαι
109 2446 347 2517 Χριστοῦ
392 2445 593 2517 Ἰησοῦ,
647 2447 816 2518 μόνης
840 2448 1008 2502 αὐτοῦ
1058 2451 1158 2520 τῆς
1190 2450 1577 2523 ὑπεραρρήτου

1719 2443 1848 2506 itur,
1883 2458 1988 2496 una
2012 2442 2132 2512 ejus
2169 2458 2337 2512 supra
2362 2459 2526 2512 quant
2560 2458 2762 2496 arcana
2793 2442 3274 2508 sacratissimaque

20 2537 87 2587 ni
116 2537 540 2610 μυστυεωτάτης
560 2539 852 2606 γενόμενος
878 2537 1142 2610 καλλονῆς
1186 2542 1282 2596 καὶ
1311 2540 1538 2609 ἀγλαΐας
1561 2557 1576 2571 ⁸

1722 2535 2096 2590 ulchritudine
2138 2534 2372 2590 aﬂ‘ectus
2427 2544 2484 2589 et
2531 2536 2746 2605 gratia:
2809 2550 3046 2603 cumque
3097 2535 3274 2588 solum

20 2629 148 2694 μόνον
165 2629 462 2682 ἀναπνέων
494 2628 677 2695 αὐτὸν,
714 2629 880 2700 μόνον
937 2629 1258 2700 ὐπερτιμῶν
1301 2632 1393 2684 καὶ
1420 2630 1579 2696 δοξά-

1719 2644 1809 2681 um
1838 2628 2096 2696 spirares,
2136 2629 2313 2683 solum
2347 2627 2747 2699 przemagniﬁce
2777 2630 2989 2682 celeres
3016 2636 3073 2680 ct
3093 2624 3253 2680 lauda

20 2719 98 2783 των
131 2721 221 2774 καὶ
263 2719 680 2790 ὑπερευλογῶν,
734 2721 855 2784 πῶς
906 2721 1008 2774 οὐκ
1036 2720 1266 2791 ἔμελλες
1302 2722 1404 2792 τῆς
1433 2724 1580 2776 ἀνω-

1718 2735 1775 2773 es
1821 2728 1986 2788 atque
2045 2719 2422 2785 benediceres,
2463 2721 2557 2790 qui
2617 2719 2736 2774 ﬁeri
2777 2730 3015 2792 poterat,
3078 2731 3137 2775 ut
3167 2734 3276 2772 non

20 2811 134 2863 εάτω
179 2811 280 2864 καὶ
315 2811 546 2880 πρώτης
600 2811 731 2882 παρ’
762 2809 912 2881 αὐτῷ
957 2811 1334 2881 κατηξιῶσθαι
1372 2813 1579 2882 τιμῆς;

1719 2813 1827 2882 pud
1857 2828 2008 2877 eum,
2047 2829 2335 2882 supremas
2365 2814 2682 2884 primasque
2714 2799 2943 2869 honoris
2979 2826 3162 2884 partes
3193 2831 3278 2869 as-

20 2898 76 2965 3’4
117 2903 176 2973 δὴ
231 2903 332 2958 xci.
378 2903 482 2974 τῆς
512 2903 825 2972 ἀκροτάτης
857 2903 1065 2967 τάξεως
1102 2904 1215 2958 τῶν
1266 2905 1582 2958 ἀποστόλων

1718 2903 2032 2971 equereris?
2075 2903 2448 2969 Quamobrem
2481 2903 2649 2959 etiam
2701 2921 2962 2975 supremo
3002 2906 3281 2975 apostolo-

20 2997 420 3068 κατηξιωμένος,
453 2996 682 3064 γέγονας
710 2995 860 3066 αὐτῷ
885 2996 994 3050 τῶν
1020 2996 1240 3068 ὑψηλῶν
1265 2998 1583 3070 μυστηρίων

1718 3012 1808 3050 um
1836 2997 2031 3052 ordine
2065 2998 2418 3064 sublimatus,
2448 3001 2770 3055 sublimium
2806 3002 2856 3055 ei
2891 3002 3278 3072 mysteriorum

20 3089 286 3159 ἀκροατὴς,
323 3089 418 3141 καὶ
447 3088 558 3141 τῶν
590 3087 856 3141 θεωελῶν
883 3087 1062 3160 ἔργων
1084 3089 1284 3160 θεατής
1302 3107 1317 3122 ο
1353 3090 1584 3158 γέγονας

1722 3090 1930 3156 uditor,
1969 3091 2400 3164 divinorumque
2445 3104 2724 3165 spectator
2774 3112 3008 3165 operum
3060 3097 3280 3151 exstiti-

20 3177 136 3249 πὲτῷ
155 3179 347 3242 δοῦλος
369 3179 696 3243 πιστότατος
718 3181 813 3233 καὶ
852 3180 1267 3251 φρονιμώτατος
1290 3222 1307 3249 ,
1340 3182 1588 3247 διάκονος

1724 3181 1802 3234 ti:
1844 3197 2038 3236 servus
2073 3183 2124 3238 ci
2158 3183 2513 3239 ﬁdelissimus
2548 3200 2612 3239 ac
2647 3186 3150 3254 prudentissimus;
3180 3187 3283 3239 mi-

20 3271 380 3340 ὲ-μεργέστατος
416 3272 512 3325 καὶ
567 3271 1010 3342 δραστικώτατος
1029 3313 1045 3338 ,
1097 3274 1300 3343 μᾶλλον
1347 3274 1406 3328 δὲ
1436 3275 1589 3344 φίλος

1718 3274 1871 3328 tister
1896 3274 2264 3344 gnavissimus
2293 3275 2602 3345 agendique
2630 3277 2974 3343 acerrimus;
3009 3278 3280 3348 quinimo,

20 3362 364 3430 ἀληθέστατος
421 3362 518 3417 καὶ
545 3364 956 3434 δοκιμώτατος’
995 3366 1092 3418 καὶ
1124 3367 1191 3438 τῇ
1245 3365 1433 3437 χάριτι
1490 3369 1589 3439 μὲν

1718 3365 2016 3420 Verissimus
2074 3367 2285 3420 amicus
2325 3383 2414 3421 [ac
2486 3367 2931 3435 probatissimus.
3008 3371 3086 3424 Ac
3161 3372 3284 3439 qui—

20 3453 91 3504 τοῦ
121 3455 464 3525 Πνεῦματος,
526 3456 744 3509 συνέσει
778 3473 839 3510 τε
885 3456 983 3510 καὶ
1009 3459 1173 3529 σοφία
1203 3459 1302 3511 καὶ
1333 3461 1457 3522 ταῖς
1492 3459 1590 3513 ἀλ-

1718 3455 1820 3510 lem
1857 3456 2102 3526 Spiritus
2141 3457 2314 3529 gratia
2364 3459 2838 3529 intelligentiaque
2871 3477 2934 3515 ac
2983 3462 3281 3530 sapientia,
3312 3498 3315 3500 -

23 3545 122 3608 λαις
169 3547 600 3620 ἱεροτελεστίαις
662 3551 759 3602 καί⁵
813 3549 1148 3619 δυνάμεσιν,
1210 3551 1427 3614 οὐδενὸς
1479 3551 1591 3605 ἀπο

1718 3564 1909 3603 iecnon
1979 3550 2206 3620 reliquis
2268 3552 2783 3607 consecrationibus
2857 3564 2915 3609 et.
2959 3554 3281 3616 virtutibus,

22 3639 213 3692 ιλείπου
252 3641 368 3693 τῶν
405 3640 669 3711 μαθητῶν
693 3656 711 3672 ·
744 3641 900 3712 κοινὴ
945 3642 1053 3711 γὰρ
1093 3643 1188 3696 καὶ
1242 3644 1277 3713 ἠ
1306 3642 1448 3715 αὑτὴ
1479 3645 1592 3708 τοῖς

1718 3641 1833 3695 iulli
1881 3642 2060 3712 impar
2105 3643 2505 3712 discipulorum
2554 3645 2725 3699 fuisti.
2775 3645 3103 3701 Communis
3134 3646 3283 3700 enim

22 3731 197 3786 δώδεκα
231 3734 378 3804 πρὸς
408 3732 504 3786 τοῦ
533 3733 747 3804 Πατρὸς
775 3735 885 3788 τῶν
915 3734 1112 3804 φώτων
1154 3734 1444 3804 ἐπέλαμπε
1476 3753 1592 3805 φω-

1718 3733 2020 3803 :ademque,
2072 3735 2236 3789 Patre
2276 3735 2548 3788 luminum
2609 3747 2861 3800 auctore,
2912 3736 3172 3800 duodeno
3207 3738 3285 3791 illi

22 3825 271 3891 τιγωγία,
321 3825 550 3896 ἀμέσως
599 3827 785 3889 αὐτοῖς
830 3828 928 3879 καὶ
982 3827 1104 3880 κατ’
1155 3828 1465 3899 ἰσομοιρίαν
1494 3830 1594 3894 τὰς

1718 3824 1870 3879 :horo
1899 3825 2161 3879 illucebat
2187 3827 2519 3890 coruscatio,
2553 3843 2675 3896 qua:
2708 3829 2860 3881 nullo
2886 3828 3068 3882 medio
3089 3831 3286 3899 aaquis-

25 3914 376 3988 ἁγαθουργοὺς
398 3918 610 3989 δωρεὰς
629 3918 1102 3989 ὲπιὸραὸεύουσα.

1718 3931 1806 3985 lue
1843 3915 2094 3984 partibus
2118 3916 2363 3972 beneﬁca
2391 3917 2472 3976 eis
2495 3918 2640 3972 dona
2684 3920 2976 3973 tribueret.

82 4003 160 4056 Σοὶ
185 4004 243 4059 δὲ
279 4005 490 4076 μᾶλλον
540 4009 570 4061 ὁ
613 4008 753 4078 ὑπὲρ
780 4007 877 4064 τοῦ
930 4009 1256 4064 διδασκάλου
1299 4011 1464 4076 πόθος
1502 4013 1598 4066 καὶ

1769 4007 1892 4062 Tibi
1916 4017 2100 4063 autem
2127 4010 2320 4080 magis,
2354 4025 2459 4078 qua
2490 4010 2808 4081 Magistrum
2837 4012 3287 4081 prosequebaris,

31 4093 158 4160 ζῆλος
184 4099 331 4153 κατά
381 4098 642 4154 τοσοῦτον
692 4100 1093 4165 πεπλεόνακεν,
1145 4102 1376 4156 καθόσον
1402 4106 1498 4180 καὶ
1516 4108 1598 4169 εἰς

1718 4098 1905 4152 imoris
1958 4098 2041 4152 vis
2087 4098 2302 4167 zelique
2343 4100 2512 4154 ardor
2540 4100 2594 4154 in
2633 4109 2845 4154 tantum
2872 4102 3201 4178 abundavit,
3233 4112 3292 4156 ut

31 4185 318 4259 ἐπωνυμίαν
351 4192 388 4262 ἠ
447 4193 622 4262 ἀρετὴ
673 4193 936 4264 κατέστη.
996 4193 1084 4257 Ὠς
1111 4193 1222 4262 γὰρ
1255 4194 1336 4264 τῷ
1388 4197 1596 4267 Σίμωνι

1718 4198 1755 4243 :t
1778 4190 1832 4244 in
1865 4191 2289 4260 appellationem
2327 4192 2504 4246 virtus
2526 4194 2779 4246 cesserit.
2808 4192 3289 4258 Quemadmodum

37 4277 164 4347 μὲνὴ
194 4280 291 4333 τοῦ
339 4281 550 4351 Πέτρου
577 4281 961 4354 προστέθειται
999 4288 1365 4356 προσηγορία,
1400 4288 1491 4342 eis
1537 4291 1598 4343 τὸ

1718 4284 1848 4336 anim
1881 4283 2092 4338 Simoni
2129 4283 2375 4352 quidem,
2412 4284 2483 4337 ob
2534 4284 2659 4337 ﬁdei
2706 4285 3025 4338 ﬁrmitatem
3058 4300 3122 4340 ac
3154 4300 3290 4338 con-

33 4367 108 4433 τῆς
145 4371 382 4434 πίστεως
413 4372 633 4444 ἑδραῖον
668 4377 763 4427 καὶ
794 4375 1012 4439 ἀκλινές
1037 4393 1050 4404 ·
1090 4378 1202 4438 τοῖς
1245 4379 1384 4441 υἱοῖς
1419 4379 1477 4432 δὲ
1500 4384 1598 4434 Ζε-

1718 4374 1982 4435 stantiam,
2010 4374 2154 4428 Petri
2186 4390 2381 4426 nomen
2418 4375 2684 4439 accessit;
2733 4375 2969 4444 ﬁliisque
3015 4375 3290 4437 Zebedaei,

35 4459 212 4513 εεδαίου
250 4462 493 4534 βροντῆς
522 4463 757 4517 ἀκοῦσαι
785 4464 875 4518 διὰ.
905 4465 967 4518 τὸ
1001 4465 1394 4535 μεγαλόφωνον
1424 4470 1558 4532 υἱοῖς
1578 4487 1593 4502 ο

1718 4464 1775 4516 )Ι)
1806 4463 2152 4532 magniﬁcam
2201 4463 2685 4532 praedicationem,
2742 4475 2804 4517 ut
2848 4466 3108 4520 audirent
3165 4467 3289 4520 Filii

36 4549 150 4604 οὕτω
173 4553 267 4607 καὶ
297 4556 388 4606 σοὶ
414 4557 449 4625 ἡ
491 4553 587 4607 τοῦ
626 4554 882 4626 Ζηλωτοῦ
921 4557 1210 4626 ἐπωνυμία
1241 4558 1330 4612 διὰ
1365 4560 1468 4630 τὴν
1501 4559 1594 4614 τοῦ

1718 4556 1934 4612 ἰοηὶἰτυί
1978 4556 2333 4624 obtigit;'sic
2363 4557 2461 4610 tibi
2495 4572 2715 4625 quoque
2747 4558 2950 4612 Zelotze
2999 4575 3289 4628 nuncupa-

41 4640 152 4694 θείω
179 4643 346 4715 ζήλου
375 4645 696 4717 περιουσίαν
722 4646 1049 4719 προσετέθη.

1718 4647 1784 4702 Lio
1811 4648 1882 4702 ob
1907 4647 2079 4702 divini
2105 4647 2206 4702 zeli
2235 4665 2331 4703 seu
2362 4649 2733 4704 aauiulatiouis
2778 4650 3173 4706 abundantiam
3197 4655 3290 4706 ad-

1707 4738 1860 4792 venit
1887 4739 1952 4791 ”.

1777 4830 2012 4886 Osculor
2045 4832 2158 4886 Deo
2183 4831 2516 4885 simillimam
2564 4833 2762 4887 faciem
2807 4843 2980 4897 tuam,
3018 4839 3292 4892 colendis-

1711 4926 1871 4988 sime,
1899 4935 1956 4978 ct
1982 4925 2172 4989 adoro,
2204 4924 2257 4977 in
2286 4943 2448 4993 quam
2488 4926 2751 4980 Dominus
2776 4929 2987 4996 placide
3021 4930 3300 4998 inSpexit;

1708 5031 1831 5085 qua:
1865 5032 1992 5071 vere
2021 5018 2251 5087 gratiam
2307 5018 2515 5070 invenit
2560 5017 2612 5070 in
2643 5029 2944 5087 conspectu
2975 5021 3088 5073 Dei.
3121 5021 3293 5075 Oscu-

1709 5106 1792 5160 lor
1823 5118 2006 5162 mentc
2057 5111 2319 5179 omnique
2369 5109 2702 5171 reverentia,
2755 5109 3067 5163 veneranda
3125 5111 3289 5173 labia,

1711 5198 2063 5268 linguamque
2093 5219 2105 5253 :
2137 5199 2227 5252 illa
2251 5199 2498 5268 quidem.
2535 5200 2689 5253 velut
2735 5215 2956 5269 semper
2991 5200 3191 5254 divinis
3216 5201 3291 5252 la-

103 4826 433 4899 Ἀσπάζομαί
464 4845 562 4882 σου
599 4827 664 4881 τὸ
704 4829 1109 4885 θεοειδέστατον
1154 4831 1470 4900 πρόσωπον,
1505 4851 1593 4886 σε-

47 4915 381 4987 εισμιιῖιτατε,
411 4921 508 4976 καὶ
529 4922 845 4991 προσκυνῶ,
889 4915 936 4989 ᾧ
968 4921 1215 4992 εὐμενῶς
1259 4924 1551 4994 ἐνέϐλεψεν
1572 4929 1602 4980 ό

48 5009 215 5079 Κύριος
235 5030 248 5042 ·
296 5013 327 5066 δ
355 5009 514 5084 εὗρεν
541 5013 759 5089 ἀληθῶς
789 5015 951 5086 χάριν
980 5016 1270 5070 κατέναντι
1297 5017 1394 5069 τοῦ
1427 5035 1601 5088 προσ-

49 5102 174 5155 ώπου
231 5103 329 5157 τοῦ
364 5105 524 5160 Θεοῦ.
563 5105 905 5178 ’Δσπὰζομαι
945 5107 1149 5177 νοερῶς
1192 5107 1286 5161 καὶ
1327 5111 1600 5163 πανευλαο

51 5191 139 5254 δὼς
159 5195 222 5248 τὰ
249 5197 558 5251 σεπτότατα
596 5196 746 5266 χείλη
792 5199 888 5251 καὶ
917 5198 1019 5266 τὴν
1042 5197 1298 5265 γλῶσσαν
1326 5217 1340 5231 υ
1371 5199 1442 5253 τά
1480 5201 1607 5271 μὲν,

52 5286 108 5347 ὡς
140 5289 222 5342 ἀεὶ
262 5292 378 5354 τοῖς
415 5291 732 5361 θεαρχικοῖς
790 5289 1024 5360 χείλεσιν
1078 5291 1478 5361 ὲφηρμοσμένα
1529 5291 1609 5361 τῷ

52 5380 314 5450 πνεύματι,
358 5384 456 5437 καὶ
499 5381 812 5452 ἀσπασμιῖιν
839 5381 1130 5455 θειοτέρων
1184 5386 1606 5454 κατηξιωμένα,

55 5472 244 5543 ml.qu
285 5475 398 5528 ἀπὸ
439 5473 534 5528 τοῦ
587 5473 976 5543 ἀσπαζομένου
1015 5476 1343 5546 θεουργικὴν
1388 5494 1606 5545 προσει-

54 5563 229 5632 ivrgia
271 5566 433 5638 χάριν
456 5582 471 5596 ⁸
495 5568 593 5638 τὴν
616 5567 694 5632 δὲ,
726 5565 802 5629 ὡς
836 5567 1075 5638 γραφίδα
1109 5570 1202 5623 τοῦ
1264 5571 1602 5641 ιίνεύματος,

113 5747 348 5809 ⁸⁸Ειοιί.
384 5768 470 5821 u,
503 5754 572 5822 5;
603 5754 715 5810 Jos.
758 5772 903 5822 nti,
943 5755 1028 5812 I'J.

1712 5291 1819 5346 hiis
1848 5291 2043 5360 spiritu
2073 5300 2324 5360 coaptata
2345 5290 2934 5358 divinioraqucjoscula
2961 5303 3289 5354 consecuta;

1713 5385 1914 5455 quibus
1943 5383 2182 5452 denique
2233 5383 2302 5435 ab
2335 5398 2424 5444 eo,
2468 5383 2557 5435 cui
2610 5381 2775 5434 inﬁxa
2816 5383 3038 5443 oscula,
3097 5381 3288 5434 dcilica

1709 5475 1881 5544 gratia
1914 5473 2240 5536 accesserit;
2273 5473 2413 5525 hanc
2449 5488 2581 5525 vero
2607 5488 2707 5525 ceu
2751 5473 2950 5540 styluui
2983 5480 3035 5521 et
3060 5470 3292 5536 penicil-

1713 5571 1824 5624 !um
1855 5565 2116 5637 Spiritus,
2158 5574 2416 5634 tanquam
2459 5577 2721 5632 organum
2763 5562 3110 5614 oraculorum
3153 5560 3289 5625 Dei;
