3922 6314
208 167 321 233 IIS

215 282 404 344 αἰκίας
448 285 542 337 καὶ
579 285 872 354 λοιδορίας,
919 287 1010 338 καὶ
1047 286 1210 340 αὑτοῦ
1254 270 1429 349 πάσας
1475 289 1571 348 τὰς
1632 288 1753 354 ὑπὲρ

1869 288 2236 352 profectiones
2303 298 2358 343 et
2428 289 2619 342 itinera
2672 305 2685 340 :

211 368 310 423 τοῦ
367 371 691 438 Εὐαγγελίου
735 373 1007 442 περιόδους
1045 390 1060 405 ·
1115 375 1210 426 καὶ
1263 376 1440 438 πάσας
1510 376 1606 438 τὰς
1654 376 1763 428 θλί-

209 461 363 526 ψεις,
407 461 472 523 ἃς
531 463 739 530 ἡμέραν
775 464 834 526 ἐξ
876 464 1082 532 ἡμέρας
1131 466 1159 516 ὁ
1203 465 1614 535 μακαριώτατος
1667 483 1766 518 πο-

215 552 595 620 λιορκούμενος
645 554 926 621 ὑπομένων
973 555 1202 623 ὑπέμενε
1246 555 1333 608 τὸν
1377 556 1604 625 Κύριον,
1665 559 1768 620 ἕως

218 643 367 712 αὐτῷ
401 642 668 710 προσχὼν,
698 644 790 697 καὶ
823 647 919 713 τῆς
948 645 1182 714 δεήσεως
1211 636 1568 714 είσακηκοὼς,
1597 648 1766 716 θύραν

217 729 448 790 πίστεως
474 731 648 798 ἤνοιξε
676 734 785 793 τοῖς
802 731 1006 784 ἔθνεσιν
1029 749 1040 762 ·
1075 733 1176 795 ἕως
1195 733 1466 803 οἰκτείρας
1494 736 1765 804 ἀνήγαγεν

214 819 376 870 αὑτὸν
396 821 459 873 ὲκ
486 813 684 874 λάκκου
711 822 1104 890 ταλαιπωρίας,
1133 823 1228 875 καὶ
1263 823 1448 893 ῶσπερ
1496 823 1766 894 Θαλάσσης

215 908 462 972 κλύδωνι,
497 913 562 979 τῇ
591 911 710 963 κατ’
743 911 903 963 αὑτοῦ
936 912 1042 966 τῶν
1100 911 1310 966 ἀσεϐῶν
1365 915 1764 985 ὲπιτετιμηκὼς

213 1000 596 1064 ιπαναστάσει,
617 1002 789 1055 καὶτὸ
817 1002 1143 1070 φλεγμαῖνον
1171 1003 1269 1072 τῆς
1298 1004 1476 1057 αὐτῶν
1530 1007 1764 1070 διανοίας

211 1087 568 1149 κατευνάσας,
606 1089 697 1142 καὶ
725 1089 783 1141 τὸ
815 1089 1160 1158 δαιμονιῶδες
1213 1090 1437 1158 ὅρμημα
1495 1092 1761 1159 πραΰνας,

210 1177 306 1229 καὶ
353 1176 485 1246 πρὸς
524 1178 615 1230 τὸν
669 1177 810 1232 θεῖον
853 1178 1014 1246 φόσον
1056 1181 1112 1230 ὲν
1158 1180 1404 1248 σημείοις
1445 1181 1537 1233 καὶ
1573 1181 1762 1253 τέρασι

212 1264 535 1332 μεταϐαλὼν
572 1266 818 1337 φοϐεροῖς
845 1270 971 1320 ’καὶ
1007 1267 1177 1330 οὕτως
1221 1270 1412 1332 αὐτοὺς
1454 1273 1588 1341 πρὸς
1638 1290 1764 1341 συγ-

211 1353 503 1407 κατάθεσιν
531 1356 624 1408 καὶ
654 1357 838 1408 πίστιν
865 1358 963 1424 τῆς
996 1357 1250 1427 ἀληθείας
1287 1361 1382 1412 τοῦ
1432 1363 1760 1430 Εὐαγγελίου

207 1441 557 1509 μεταγαγὼν,
584 1443 850 1512 ἐρρύσατο
899 1445 998 1514 μὲν
1042 1447 1132 1500 τὸν
1188 1436 1355 1501 αὑτοῦ
1397 1451 1611 1520 κήρυκα
1660 1457 1761 1522 τῆς

205 1532 522 1598 καταιγίδος
550 1531 655 1583 τῶν
686 1534 960 1600 φονευτῶν
987 1550 1002 1565 ο
1034 1537 1160 1599 τοὺς
1183 1537 1239 1590 δὲ
1273 1541 1522 1611 καθάπερ
1553 1545 1618 1596 ὲκ
1665 1562 1762 1598 πε-

201 1620 428 1689 λάγους,
445 1624 544 1691 τῆς
565 1622 809 1693 ποικίλης
825 1625 1004 1680 αὐτῶν
1031 1627 1282 1692 ἀσεϐείας
1313 1613 1758 1702 ὲκλυτρούμενος,

192 1709 278 1774 ὡς
309 1712 404 1765 ἰπὶ
421 1712 614 1781 λιμένα
645 1717 931 1785 σωτήριον,
950 1715 1040 1770 τὸν
1071 1719 1321 1787 μέγιστον
1346 1721 1564 1790 Σίμωνα
1594 1741 1763 1793 προσ-

193 1797 480 1869 ώρμιζεν-ο
512 1803 561 1854 ot
592 1804 683 1856 καὶ
726 1807 792 1874 τῇ
842 1804 1018 1877 πέτρᾳ
1057 1807 1156 1874 τῆς
1192 1809 1440 1873 ἀκλινοῦς
1470 1812 1636 1865 αὐτοῦ
1673 1815 1762 1866 πίε

192 1902 374 1952 στεως
397 1890 814 1961 ἐπερειδόμενοι,
849 1895 940 1948 καὶ
972 1893 1050 1964 τῷ
1084 1890 1243 1971 ὕδατι
1264 1897 1643 1968 καθαιρόμενοι
1670 1903 1762 1955 καὶ

191 1976 275 2047 τῷ
305 1977 579 2048 Πνεύματι
615 1981 990 2049 φωτιζόμενοι,
1014 1986 1106 2038 καὶ
1142 1987 1254 2047 τοῖς
1288 1988 1450 2055 ίεροζς
1483 1987 1551 2041 δι’
1596 1990 1760 2044 αὐτοῦ

195 2068 521 2138 μυστηρίοις
552 2069 1112 2145 τελεσιουργούμενοι,
1136 2075 1215 2138 είς
1238 2075 1564 2150 Ἐκκλησίας
1600 2079 1757 2150 ἀμώ-

193 2173 336 2227 μους
356 2157 432 2228 τῷ
468 2160 819 2232 ὑπεραμὼμῳ
835 2164 1234 2233 κατηρτίζοντο.
1551 2149 1557 2156 ’

265 2247 502 2314 Οὕτωςό
534 2252 1389 2336 θεομακαριστότατοςίΖηλωτὴς,
1414 2249 1514 2336 τῆς
1544 2262 1756 2319 ἀντιτε-

186 2339 478 2410 ταγμένης
540 2342 687 2412 αὑτῷ
730 2345 1049 2414 περιγέγονε
1099 2348 1408 2418 δυνάμεως·
1459 2352 1555 2406 καὶ
1617 2353 1758 2408 οὕτω

186 2424 326 2486 τοὺς
384 2426 898 2498 ᾑχμαλαντισμένους
949 2433 1039 2486 ὑπ’
1097 2435 1266 2506 αὐτῆς
1320 2439 1756 2510 αίχμαλωτίζων,

188 2512 414 2584 ἡμέραν
443 2515 562 2569 καθ’
590 2517 800 2588 ὴμίραν
830 2523 895 2590 τῇ
934 2521 1227 2594 Ἐκκλησία
1263 2527 1389 2590 τοὺς
1421 2527 1758 2598 σωζομένους

190 2605 529 2674 προσετίθει.
561 2607 672 2661 Καὶ
719 2608 827 2679 γὰρ
881 2606 950 2680 ἦν
983 2613 1114 2682 δρᾷν
1166 2613 1438 2686 ἀκραιφνῆ
1478 2618 1573 2670 τοῦ
1621 2620 1753 2674 Θεοῦ

189 2695 255 2748 ιν
283 2693 438 2764 αὐτῷ
468 2695 565 2764 τὴν
612 2697 902 2768 ὁμοιότητα
931 2717 948 2732 ·
984 2696 1053 2771 ἦν
1082 2703 1212 2774 ὀρᾷν
1245 2705 1456 2769 ἀπλοῦν
1505 2709 1599 2760 καὶ
1650 2727 1752 2762 πο-

188 2784 380 2854 λυειδῆ
401 2785 491 2839 τὸν
513 2787 693 2841 αὐτόν.
715 2783 831 2842 Καὶ
852 2789 911 2843 δν
932 2792 1131 2861 τρόπον
1151 2796 1178 2846 ό
1209 2794 1358 2864 ἥλιος
1390 2792 1470 2860 εἷς
1516 2799 1614 2867 μὲν
1657 2801 1752 2870 τὴν

939 174 1214 234 ORATIO
1252 174 1385 232 XII.
1417 197 1484 210 -·-
1519 175 1594 265 IN
1637 176 1943 234 LAUDEM
1983 178 2044 237 S.
2085 177 2393 238 SIMONIS
2433 178 2685 237 APOST.

3317 180 3426 241 246

2734 301 2923 341 omnes
2992 286 3226 352 denique
3310 304 3421 342 mov

1869 375 2055 430 lestias
2083 393 2146 430 ac
2193 381 2354 441 mala,
2399 394 2519 446 qum
2554 379 2638 432 vir
2683 377 3032 431 beatissimus
3080 376 3419 430 adversario—

1870 482 1990 519 rum
2023 468 2373 528 inlestatione
2403 465 2649 535 quotidie
2690 465 2970 519 sustinens
2998 465 3064 528 ³⁸,
3119 465 3424 518 sustinebat

1867 559 2176 620 Dominum,
2226 557 2398 610 donec
2453 557 2498 609 is
2565 556 2642 609 illi
2723 554 3008 610 attendens
3062 555 3423 622 exauditaque

1867 647 2013 699 illius
2052 647 2322 710 oratione,
2357 645 2482 698 ﬁdei
2538 645 2759 714 januam
2811 644 3062 712 gentibus
3117 645 3416 711 aperuit“.

1866 737 2048 790 Donec
2075 737 2351 799 misertus,
2385 734 2574 788 eduxit
2601 749 2727 788 eum
2775 734 2842 786 de
2893 733 3012 785 lacu
3071 732 3328 793 miserim,
3359 749 3422 785 ac

1864 825 2013 877 velut
2037 824 2202 877 maris
2230 824 2489 892 procella,
2525 823 2819 891 impiorum
2851 821 2905 875 in
2927 837 3056 875 eum
3090 823 3296 876 insultu
3332 823 3422 875 in-

1865 921 2103 978 crepato,
2131 926 2428 978 eorumque
2452 910 2619 962 animi
2654 917 2866 961 tumore
2925 908 3135 968 sedato,
3197 925 3262 962 ac
3313 909 3419 962 dae-

1865 1001 2110 1054 moniaco
2133 1001 2335 1068 impetu
2353 999 2614 1066 ,delinito,
2644 999 2818 1066 iisque
2856 998 2910 1051 in
2961 997 3204 1051 divinum
3263 999 3420 1051 timo-

1865 1105 1977 1143 rem
2023 1091 2300 1160 signorum
2348 1088 2865 1156 tremeudorumque
2931 1097 3306 1156 portentorum
3362 1089 3414 1141 vi

1863 1177 2181 1239 immutatis,
2211 1186 2373 1245 atque
2408 1175 2461 1228 in
2488 1191 2612 1230 eum
2659 1175 2880 1228 modum
2926 1175 2992 1228 all
3037 1190 3318 1228 assensum
3355 1175 3418 1228 Il-

1861 1264 2091 1331 demque
2121 1263 2367 1316 veritatis
2398 1261 2674 1332 Evangelii
2725 1262 3013 1322 traductis,
3068 1269 3180 1314 tum
3213 1278 3417 1330 praeo-

1861 1370 1982 1406 nem
2011 1368 2168 1406 suum
2191 1368 2254 1406 ex
2281 1350 2679 1405 homicidarum
2710 1352 2946 1420 procella
2983 1351 3150 1414 eruit,
3174 1359 3288 1405 tum
3329 1369 3416 1406 ve-

1861 1445 1939 1497 lut
1976 1458 2006 1497 e
2041 1445 2249 1511 pelago,
2277 1458 2344 1496 ex
2373 1443 2525 1495 varia
2559 1457 2620 1495 ac
2679 1442 2966 1511 multiplici
2995 1457 3189 1495 eorum
3222 1443 3414 1512 impie-

1863 1542 1970 1587 tate
1995 1533 2325 1601 redemptos,
2357 1533 2510 1602 quasi
2549 1534 2602 1586 in
2650 1533 2908 1601 sospitale
2946 1534 3120 1595 littus,
3149 1534 3215 1588 ad
3248 1533 3414 1586 maxi-

1863 1639 2011 1676 mum
2036 1622 2313 1676 Simonem
2347 1622 2670 1696 apppellebat.
2703 1621 2852 1690 lique
2899 1622 3058 1685 adeo,
3088 1624 3324 1676 immotae
3351 1624 3416 1676 il-

1862 1712 1970 1766 lius
1994 1712 2118 1765 ﬁdei
2151 1722 2320 1780 petrae
2342 1711 2477 1775 nixi,
2505 1720 2560 1766 ct
2588 1726 2724 1781 aqua
2781 1711 3058 1765 emundati
3100 1727 3166 1765 ac
3207 1711 3416 1780 Spiritu

1861 1801 2140 1863 illustrati,
2172 1799 2452 1868 sacrisque
2481 1815 2580 1868 per
2614 1815 2740 1854 eum
2797 1799 2996 1853 initiati
3022 1816 3087 1854 ac
3113 1801 3414 1854 consecrati

1862 1892 2153 1964 mysteriis,
2173 1892 2228 1946 in
2248 1892 2522 1946 Ecclesias
2548 1892 2945 1956 immaculatas,
2975 1893 3026 1947 ei
3056 1893 3414 1962 perﬁciebat:-

1862 1990 1950 2036 tur
2001 1980 2094 2050 qui
2130 1995 2345 2036 omnem
2370 1995 2401 2033 a
2433 1980 2640 2036 macula
2677 1980 2969 2050 puritatem
2999 1981 3232 2036 excedit.

1929 2247 2020 2303 Sic
2041 2249 2152 2302 Deo
2182 2248 2530 2303 beatissimus
2556 2249 2794 2317 Zelotes,
2836 2266 2956 2319 quae
3005 2260 3259 2305 conserta
3296 2251 3414 2306 acie

1856 2337 2117 2391 adversus
2143 2339 2297 2392 illum
2349 2336 2546 2402 stabat,
2577 2340 2837 2393 virtutem
2871 2341 3192 2409 superavit;
3223 2342 3413 2410 sicque
3472 2379 3482 2386 ο

1856 2427 1976 2481 illos
2002 2429 2302 2496 captivans,
2335 2443 2476 2497 quos
2528 2444 2593 2482 ea
2637 2427 2941 2492 addixerat,
2991 2430 3155 2484 saluti
3199 2431 3414 2485 deditos
3523 2482 3526 2485 .

1851 2517 2099 2584 quotidie
2121 2518 2382 2572 Ecclesia:
2405 2517 2754 2586 adiungebat.
2783 2516 2985 2573 Verum
3028 2535 3264 2588 namque
3315 2521 3412 2575 Dei

1853 2605 2207 2660 simulacrum
2262 2607 2318 2660 in
2368 2621 2436 2661 eo
2489 2607 2759 2672 elucebat.
2825 2606 3070 2684 Vidisses
3107 2609 3411 2677 simplicem

1850 2711 2000 2760 eum,
2032 2706 2087 2750 et
2115 2697 2546 2762 multiformem;
2575 2711 2639 2751 ac
2665 2695 2810 2751 sicut
2839 2698 2921 2751 sol
2969 2713 3092 2752 eum
3142 2715 3284 2754 unus
3311 2715 3412 2754 na-

1853 2798 1973 2862 tura
2002 2787 2093 2853 sit,
2111 2789 2274 2841 unius
2302 2788 2517 2858 generis
2541 2788 2686 2851 luce,
2716 2787 2927 2842 eﬂ‘ectis
2952 2784 3130 2843 tamen
3179 2803 3242 2842 ac
3296 2790 3411 2842 vir-

189 2875 386 2942 φύσιν,
422 2877 498 2946 τῷ
528 2879 788 2947 μονοειδεῖ
817 2880 911 2934 τοῦ
952 2883 1146 2952 φωτὸς,
1179 2886 1420 2952 ποικίλος
1452 2887 1507 2940 δὲ
1534 2887 1742 2941 δείκνυ-

1859 2877 2058 2931 tutibus
2090 2877 2272 2930 varius
2300 2876 2608 2931 ostenditur
2633 2893 2646 2928 :
2676 2877 2756 2930 sic
2781 2886 2837 2930 et
2863 2892 3089 2947 magnus
3110 2879 3410 2946 apostolus.

189 2979 285 3018 ται
304 2968 429 3027 ταῖς
459 2967 756 3038 ἐνεργείαις
779 2984 793 2999 ·
813 2969 952 3023 οὕτω
1013 2974 1117 3026 καὶ
1143 2975 1171 3028 ό
1211 2975 1383 3043 μέγας
1429 2959 1743 3043 ἀπόστολος,

189 3054 435 3125 bona]:
468 3056 564 3126 μὲν
590 3058 710 3127 ἤτοι
738 3061 1089 3135 χριστοειδὴς,
1123 3063 1201 3131 τῷ
1231 3065 1357 3132 περὶ
1387 3067 1592 3130 πάντας
1613 3068 1746 3134 ἀγα-

194 3142 464 3213 θοπρεπεῖ
500 3145 599 3215 τῆς
651 3149 1020 3217 συνειδήσεως,
1055 3152 1289 3214 ποικίλος
1331 3152 1387 3204 δὲ
1445 3157 1564 3217 ταῖς
1611 3173 1747 3226 προσ

195 3232 371 3296 νοίαις
415 3235 508 3286 καὶ
535 3239 654 3299 ταῖς
696 3238 823 3306 περὶ
866 3239 963 3302 τάς
999 3240 1313 3311 Ἐκκλησίας
1346 3246 1590 3314 φροντίσι
1615 3246 1750 3314 καθ-

204 3324 383 3392 ωρᾶτο
414 3337 428 3352 ⁸
462 3324 552 3376 καὶ
579 3324 669 3378 νῦν
701 3327 796 3395 μὲν
847 3328 1052 3398 σιωπὴν
1089 3309 1328 3396 εὔλογον,
1358 3309 1482 3384 ⁷νῦν
1511 3333 1567 3386 δὲ
1594 3309 1749 3401 λόγον

199 3408 420 3477 καίριον
445 3409 845 3480 ινδεικνύμενος
869 3430 882 3444 ο
911 3414 1006 3466 νῦν
1034 3416 1134 3484 μὲν
1187 3417 1749 3490 ἀνθρωποπρεπέστε-

198 3511 288 3565 ρον
321 3499 437 3560 τοῖς
459 3499 869 3570 ιντυγχάνουσιν
912 3505 1134 3573 ὁμιλῶν,
1178 3508 1271 3562 καὶ
1319 3509 1388 3560 τά
1446 3511 1751 3584 ὑψηλότερα

193 3585 284 3640 τοῦ
310 3587 647 3658 Ἐὐαγγελίου
673 3593 1238 3666 παρακαλυπτόμενος,
1271 3597 1364 3652 νῦν
1391 3600 1447 3652 δὲ
1473 3604 1570 3673 τὴν
1616 3605 1750 3676 ἀλή-

197 3679 349 3766 θειαν
375 3683 901 3752 παρρησιαζόμενος,
938 3688 1030 3740 καὶ
1065 3689 1154 3740 τὸν
1183 3689 1274 3742 ὑπ’
1326 3693 1490 3747 αὐτοῦ
1547 3712 1749 3766 κηρυσ-

200 3765 429 3834 σόμενον
469 3767 694 3836 Ἰησοῦν,
742 3771 874 3824 Θεὸν
927 3767 1067 3827 εῖναι
1127 3781 1468 3845 προαιὼνιον,
1523 3765 1743 3850 τέλειον,

194 3854 450 3924 ἄναρχον,
479 3856 830 3928 ἀτελεύτητον
853 3861 1352 3934 διαμαρτυρόμενος
1382 3885 1398 3900 ο
1430 3870 1563 3924 Θεὸν
1618 3874 1746 3941 ἀλη-

402 3943 597 4012 ζῶντα,
638 3946 697 4012 ἐξ
723 3949 974 4018 ἀληθινοῦ
1011 3953 1104 4006 καὶ
1133 3953 1329 4020 ζῶντος
1368 3959 1453 4010 ἀεὶ
1483 3959 1577 4013 τοῦ
1618 3963 1747 4016 ἰδίου

195 4034 530 4103 γεννώμενον
558 4037 767 4108 Πατρός
801 4056 816 4071 ’
871 4039 1157 4110 ἀσώματον
1209 4045 1497 4114 ἀσωμάτου
1530 4067 1545 4081 ·
1593 4052 1746 4119 ἀγιον

199 4122 351 4190 ἁγίου
385 4139 402 4157 ο
423 4124 536 4193 φῶς
571 4125 636 4179 ἐκ
667 4129 864 4197 φωτὸς,
910 4128 1054 4200 ζωὴν
1079 4133 1139 4184 ἐκ
1169 4133 1333 4208 ζωῆς,
1363 4139 1624 4209 ὁμότιμον
1653 4145 1745 4196 καὶ

1853 2964 2139 3018 uniformis
2172 2979 2296 3018 cum
2351 2971 2496 3018 esset
2525 2962 2760 3032 (Christo
2783 2963 2990 3018 scilicet
3049 2964 3226 3019 amnis
3249 2973 3412 3033 auluo

1853 3053 2089 3120 similis),
2119 3054 2468 3107 conscientiae
2512 3068 2640 3120 erga
2688 3068 2878 3107 omnes
2930 3054 3213 3120 bonitate;
3263 3053 3412 3107 ruris

1852 3141 2206 3196 nihilominus
2253 3141 2728 3210 Ecclesiarumque
2789 3140 3155 3197 sollicitudine
3226 3143 3410 3196 varius

1853 3231 2198 3284 cernebatur.
2225 3231 2300 3284 Ac
2318 3230 2480 3286 modo
2522 3231 2763 3300 quidem,
2799 3245 3101 3300 congruum
3147 3233 3293 3302 justa
3318 3247 3408 3286 re-

1857 3319 2358 3395 tione'sileptium;
2422 3319 2584 3374 modo
2623 3329 2825 3383 autem,
2887 3330 3261 3388 opportunum
3290 3335 3409 3374 ser-

1855 3423 2071 3462 monem
2090 3409 2594 3464 exhibebatzuuuc
2625 3424 2692 3463 ex
2749 3409 2984 3461 humana
3033 3409 3244 3463 ratione
3305 3410 3407 3461 hu-

1857 3497 2038 3551 milius
2074 3497 2402 3552 adeuntibus
2435 3497 2778 3564 loquebatur,
2809 3511 2871 3549 ac
2928 3495 3203 3564 Evangelii
3234 3495 3407 3550 subli-

1854 3586 2026 3642 miora
2050 3587 2377 3657 obtegebat;
2410 3601 2553 3640 nunc
2603 3585 2881 3639 veritatem
2920 3586 3097 3654 palam
3150 3586 3406 3654 loqueba-

1854 3690 1963 3745 tur,
1997 3697 2239 3750 aequem
2289 3679 2614 3748 praedicabat
2638 3677 2865 3740 'Jesum,
2907 3678 3076 3731 Deum
3099 3693 3220 3732 esse
3269 3695 3405 3746 prm-
3477 3685 3484 3689 ’

1852 3779 2136 3833 aeternum,
2163 3770 2484 3840 perfectum,
2533 3768 2783 3838 principii
2838 3768 3403 3847 ﬁnisqueexpertem,

1854 3862 2484 3916 contestabaturzbeum
2524 3875 2710 3915 verum
2734 3873 2797 3913 ac
2814 3858 3020 3929 vivum,
3071 3873 3139 3912 ex
3182 3874 3315 3912 vero
3342 3875 3407 3912 ac

1852 3950 1976 4004 vivo
2028 3965 2241 4021 semper
2310 3959 2623 4003 nascentem
2666 3949 2856 4012 Patre;
2903 3948 3286 4015 incorporeum
3338 3963 3403 4002 ex

1855 4042 2174 4110 incorporeo
2206 4056 2220 4104 ;
2245 4047 2494 4093 sanctum
2524 4054 2590 4092 ex
2611 4045 2797 4091 sancto
2823 4051 2837 4099 ;
2870 4037 3049 4089 lumen
3078 4051 3145 4090 ex
3175 4037 3404 4099 lumine,

1853 4131 2018 4184 vitam
2056 4144 2124 4183 ex
2152 4129 2300 4192 vita;
2348 4128 2465 4196 pari
2489 4126 2697 4179 honore
2729 4133 2785 4177 et
2810 4123 3008 4177 deitate
3037 4134 3090 4176 et
3120 4122 3361 4175 bonitate
3388 4141 3402 4187 ;

197 4211 417 4304 ὁμόθεον
443 4215 536 4268 καὶ
564 4217 893 4286 δμοάγαθονο
931 4220 997 4273 δι’
1054 4215 1115 4275 οὗ
1169 4226 1392 4294 οὐρανός
1435 4245 1494 4282 τε
1539 4233 1635 4285 καὶ
1674 4236 1746 4304 γῆ

1859 4237 1946 4290 per
1967 4235 2126 4288 quem
2153 4217 2348 4272 coelum
2374 4225 2430 4269 et
2476 4223 2620 4268 terra
2655 4213 2939 4283 producta,
2974 4212 3259 4282 omnisque
3306 4228 3404 4268 eo—

199 4303 472 4373 Ιπαρήχθη,
506 4306 599 4358 καὶ
621 4309 650 4359 δ
675 4308 892 4378 σύμπας
911 4310 1238 4384 διεκοσμήθη
1272 4318 1492 4384 κόσμος.

265 4392 464 4447 Τοῦτον
498 4397 591 4448 νῦν
645 4398 822 4467 σάρκα
846 4401 1111 4468 γενέσθαι,
1143 4403 1242 4472 τὴν
1271 4407 1547 4476 ἡμετέραν
1592 4412 1743 4467 εὐτέ-

200 4483 340 4538 λειαν
372 4486 509 4569 ὑπὲρ
535 4489 690 4558 ἡμῶν
717 4492 782 4544 ἐκ
829 4492 1158 4563 παρθενικῆς
1191 4495 1286 4548 καὶ
1340 4498 1501 4565 ἁγίας
1552 4502 1742 4572 νηδύος

203 4573 458 4628 ὑποδύντα
489 4592 502 4607 ·
556 4578 648 4630 καὶ
709 4580 927 4649 σταυρῷ
988 4582 1082 4634 καὶ
1137 4583 1332 4636 πάθεσι
1379 4588 1473 4639 καὶ
1530 4589 1744 4662 θανάτῳ

207 4666 683 4734 προσωμιληκότα,
730 4669 993 4724 ἀπάθειαν
1045 4673 1173 4742 ἡμῖν
1209 4675 1301 4727 καὶ
1332 4676 1475 4747 ζωὴν
1528 4679 1744 4734 αἰώνιον

203 4753 285 4806 διὰ
328 4757 424 4824 τῆς
469 4757 532 4810 ὲκ
577 4759 784 4828 νεκρῶν
827 4763 1127 4831 τριημέρου
1173 4766 1518 4832 ἀναστάσεως
1560 4789 1740 4842 παρα-

210 4845 340 4910 σχεῖν
365 4862 380 4878 ο
401 4845 461 4897 δν
487 4845 580 4898 καὶ⁸
607 4846 976 4920 ἀναληφθῆναι
1005 4853 1306 4922 βλεπόντων
1343 4858 1496 4926 ἡμῶν
1533 4862 1612 4923 είς
1648 4863 1739 4916 τὸν

207 4931 432 5001 οὐρανὸν,
460 4935 554 5007 καὶ
576 4935 725 5004 ἥξειν
748 4938 1002 5006 ἐμφανῶς
1044 4939 1200 5004 αὖθις
1245 4943 1454 4997 ἐκεῖθεν
1505 4950 1737 5019 προσδο-

209 5019 396 5089 κῶμεν,
427 5025 505 5086 είς
535 5027 710 5093 κρίσιν
729 5024 872 5079 ἅπαν
923 5028 984 5080 τὸ
1020 5029 1239 5100 πλάσμα
1297 5036 1734 5109 παραστῄσοντα.

273 5198 372 5249 Καὶ
390 5197 482 5249 νῦν
513 5198 1010 5280 μένςὲλέγχωντὴν
1070 5202 1274 5266 ἄνοιαν,
1328 5204 1427 5273 τὴν
1481 5207 1736 5260 ἀσέϐειαν

214 5284 307 5336 τῶν
353 5289 420 5354 μὴ
457 5288 841 5354 ὲπεγνωκότων
882 5288 971 5342 τὸν
1021 5291 1169 5352 Θεὸν,
1213 5293 1299 5344 τὸν
1345 5297 1538 5350 οἰκεῖον
1597 5297 1733 5352 πλά-

283 5464 470 5518 "l‘sal.
506 5481 685 5528 xutx,
723 5469 756 5518 2
850 5469 890 5497 ²¹
921 5468 1050 5523 Luc.
1082 5462 1311 5532 vtu,‘5l.

1854 4325 1972 4363 rum
1998 4317 2221 4362 ornatus
2249 4316 2304 4360 et
2325 4303 2603 4374 distinctio
2633 4305 2796 4358 edita.

1919 4401 2074 4454 Hunc
2101 4397 2261 4452 modo
2293 4411 2508 4451 carnem
2545 4395 2748 4448 factum
2781 4411 2920 4459 esse,
2956 4405 3138 4450 nostra
3170 4410 3269 4463 pro
3287 4410 3401 4448 no-'

1849 4488 1932 4542 bis
1963 4487 2213 4542 indutum
2239 4485 2462 4546 vilitate,
2507 4499 2574 4538 ex
2603 4485 2852 4555 virginali
2881 4495 3173 4553 sanctoque
3200 4496 3398 4551 utero;

1846 4590 2116 4644 cruceque
2146 4584 2198 4628 et
2224 4572 2569 4642 passionibus
2597 4587 2658 4625 ac
2686 4581 2858 4624 morte
2891 4571 3256 4640 perfunctum,
3292 4577 3394 4628 im-

1845 4667 2124 4719 mortalem
2178 4663 2337 4716 nobis
2393 4661 2663 4728 nullisque
2706 4662 2995 4714 obnoxiam
3055 4662 3396 4729 passionibus

1841 4766 2004 4825 atque
2027 4763 2284 4809 aeternam
2313 4751 2498 4813 vitam,
2541 4750 2788 4803 triduana
2812 4765 2877 4804 ex
2920 4752 3151 4805 mortuis
3209 4769 3389 4806 resur-

1842 4847 2079 4899 rectione
2121 4843 2402 4911 przebere:
2464 4855 2626 4908 quem
2657 4848 2714 4893 et
2769 4839 2930 4893 nobis
2971 4841 3286 4896 videntibus
3335 4845 3387 4896 in

1843 4935 2040 4988 coelum
2087 4941 2390 4999 receptum,
2443 4928 2569 4982 inde
2623 4943 2813 4980 rursus
2863 4929 3153 4997 conspicua
3210 4934 3389 4998 specie

1849 5030 2138 5075 venturum
2167 5028 2560 5087 exspectamus,
2591 5017 2684 5086 qui
2707 5032 2804 5086 pro
2829 5017 3086 5072 tribunali
3107 5020 3207 5072 sibi
3234 5022 3388 5074 sistat

1847 5128 2004 5167 omne
2040 5112 2334 5164 humanum
2363 5123 2551 5176 genus.

1914 5201 1990 5253 Ac
2015 5198 2173 5250 modo
2203 5197 2444 5264 quidem,
2473 5211 2659 5248 eorum
2687 5195 2778 5263 qui
2827 5196 2993 5249 Deum
3047 5198 3382 5271 conditorem

1843 5306 2000 5348 suum
2027 5287 2321 5354 mundique
2369 5286 2526 5353 hujus
2555 5285 2924 5340 universitatis
2974 5286 3217 5352 opiliccm
3273 5304 3381 5342 non
