3922 6314
167 305 268 370 ἓᾶθ

895 315 1174 376 ORATIO
1212 318 1345 377 XII.
1372 343 1436 357 -
1468 319 1544 378 IN
1586 319 1890 407 LAUpElI
1933 322 1992 379 S.
2036 322 2345 381 SIMOle
2383 325 2634 382 APOS’I‘.

3276 322 3383 383 9.30

171 417 526 489 όλεθροφόρου
551 423 873 480 ἀνακόπτων
917 432 1108 499 φορᾶς,
1148 433 1241 483 καὶ
1282 434 1392 493 τοῖς
1432 434 1727 502 καθήκουσι

1839 435 2048 500 quidem
2079 436 2370 488 exitiosum
2415 435 2636 489 inhibet
2687 436 2969 504 impetum,
3017 434 3281 504 j'ibetque
3333 437 3386 486 in

168 508 358 579 χώραις
390 514 597 566 ἐπιέναι
624 505 1043 583 τῆςδιαδάσεως
1070 523 1128 574 ἐν
1162 524 1383 594 ὀνόματι
1405 525 1724 592 παραγγέλο

170 613 270 652 Low
301 601 575 667 Χριστοῦ·’
604 606 670 658 τὰ
693 608 746 660 δὲ
779 609 855 678 τῷ
883 612 1031 681 αὑτῷ
1055 615 1276 682 ὀνόματι
1311 615 1600 686 ξηραίνων,
1651 618 1726 680 ὡς

172 689 228 741 τὰ
265 692 395 760 πρὶν
421 693 594 747 ἄϐατα
625 698 832 767 βάσιμα
864 704 975 764 τοῖς
1007 703 1317 772 προσοίκοις
1350 706 1679 759 καθεστάναι
1709 721 1722 734 ·

169 777 238 830 tib
262 780 458 842 ταῦτα,
489 785 581 835 καὶ
618 786 718 838 ὅσα
740 789 873 841 ἄλλα
905 792 1044 844 κατά
1082 810 1188 846 των
1229 795 1509 864 στοιχείων
1537 797 1565 847 ό
1595 794 1728 848 θαυ-

171 870 510 935 μασιώτατος
539 876 977 947 ἐπιδεικνύμενος
1009 897 1024 910 ·
1056 884 1149 935 καὶ
1188 884 1287 962 ὅσα
1319 885 1453 955 πρὸς
1497 885 1584 936 εὖε
1597 900 1728 954 ργε-

170 961 288 1014 σίαν
321 964 428 1015 τῶν
449 965 750 1038 ἀνθρώπων
779 974 1180 1043 τερατουργῶν,
1216 976 1309 1028 καὶ
1351 975 1563 1038 τούτοις
1623 976 1730 1045 κώ-

173 1067 264 1119 ρας
297 1053 425 1117 ὅλας
455 1058 547 1109 καὶ
576 1058 758 1121 πόλεις
787 1061 922 1130 πρδς
968 1063 1069 1132 τὴν
1125 1064 1378 1133 ὑπερφυᾶ
1425 1065 1516 1116 τοῦ
1554 1063 1728 1132 Ἰησοῦ

167 1142 386 1213 διδαχὴν
433 1147 678 1213 ὲξιστῶν,
704 1152 767 1218 τῇ
793 1150 973 1206 πίστει
999 1156 1453 1224 κατασφραγίζει,
1489 1155 1582 1208 καὶ
1631 1155 1731 1222 τῆς

169 1231 348 1299 κακῆς
381 1235 667 1302 συνηθείας
696 1239 788 1291 καὶ
816 1239 1021 1311 πλάνης
1045 1243 1138 1295 καὶ
1160 1243 1574 1312 δεισιδαιμονίας
1605 1249 1731 1310 ἀφι-

170 1323 332 1386 στῶν,
372 1324 459 1378 διὰ
485 1327 580 1379 τοῦ
613 1330 848 1398 Χριστοῦ
874 1336 1205 1401 προσοικειοῖ
1222 1333 1300 1400 τῷ
1329 1332 1482 1402 Θεῷ·
1511 1335 1604 1386 καὶ
1639 1334 1731 1386 νῦν

171 1417 265 1484 μὶν
292 1423 408 1482 τοῖς
438 1438 753 1493 προκατηχη
763 1425 942 1493 μένοις
978 1427 1070 1480 τὸν
1098 1427 1274 1494 λόγον,
1293 1430 1385 1480 νῦν
1412 1429 1468 1482 δὲ
1497 1431 1607 1490 τοῖς
1637 1430 1732 1482 ἀν-

168 1508 350 1576 ηκόοις
379 1509 636 1580 ἐπιδημεῖ
654 1529 668 1543 ⁸
695 1515 858 1566 πάλιν
887 1515 1114 1586 ἠπείρου
1149 1523 1385 1588 μακρᾶς.
1415 1519 1578 1571 πάλιν
1625 1535 1730 1587 μα-

168 1601 434 1669 κροτέραν
451 1604 765 1673 κατατολμᾷ
787 1605 1036 1673 πελαγῶν
1056 1621 1072 1638 ⁰
1117 1607 1272 1670 αὖθις
1313 1610 1540 1679 ἀγωνιᾷ,
1596 1625 1732 1676 σφα·

166 1686 312 1750 δὰζει
336 1693 430 1744 καὶ
458 1692 732 1762 τρύχεται,
769 1695 943 1749 ἔθνεσι
967 1697 1289 1762 δεινοτάτοις
1319 1701 1412 1750 καὶ
1440 1699 1733 1767 σκληροτά-

1829 524 2032 578 Christi
2061 529 2283 580 nomine
2327 526 2393 581 iis
2425 527 2560 580 locis
2611 526 2876 588 deﬂuere,
2936 527 3139 594 quibus
3187 526 3390 594 oppido

1829 617 2176 670 commodum
2216 628 2396 681 esset;
2440 618 2537 670 has
2574 615 2704 670 vero
2738 618 2932 670 eodem
2979 619 3232 671 invocato
3287 633 3388 670 no-

1832 707 1977 760 mine
2007 708 2267 768 exsiceat,
2298 722 2362 760 ac
2391 723 2512 774 quze
2544 707 2695 775 prius
2725 708 2990 775 impervia
3017 716 3197 766 erant,
3249 708 3389 766 loca,

1828 796 2024 849 incolis
2049 805 2270 865 priestat
2315 798 2521 864 pervia.
2551 797 2702 849 Mitto
2755 798 2890 858 lirec,
2948 813 3011 850 ac
3053 813 3393 865 quaecunque

1829 889 1932 940 alia
1967 889 2048 940 vir
2081 888 2434 941 admirandus
2468 889 2734 941 adversus
2764 890 3036 940 elementa
3073 887 3390 955 designans,

1829 994 2166 1047 quaacunque
2199 980 2361 1032 etiam
2396 979 2448 1031 in
2474 980 2758 1032 hominum
2790 977 3020 1047 gratiam
3049 978 3262 1045 illisque
3295 977 3394 1028 dc-

1831 1069 2102 1120 merendis
2153 1065 2399 1135 prodigia
2436 1078 2678 1135 patrans,
2731 1074 2896 1134 atque
2944 1066 3028 1118 his
3080 1066 3393 1133 provincias

1832 1156 2070 1225 integras
2093 1157 2366 1224 urbesque
2391 1156 2679 1209 divinioris
2704 1157 2834 1210 Jcsu
2867 1155 3138 1209 doctrinm
3167 1164 3393 1221 stupore

1831 1246 2194 1314 suspendens,
2238 1245 2343 1298 ﬁde
2365 1246 2672 1315 consignat,
2700 1255 2864 1314 atque
2895 1261 2924 1297 a
2960 1245 3098 1298 mala
3137 1254 3396 1297 avocato:

1830 1335 2250 1399 consuetudine,
2272 1350 2571 1403 erroreque
2592 1351 2656 1388 ac
2673 1335 3087 1404 superstitione,
3117 1351 3212 1402 per
3235 1334 3397 1398 Chri-

1832 1434 1974 1480 stum
1999 1426 2110 1478 Deo
2123 1425 2380 1478 conciliat
2411 1443 2425 1479 :
2455 1440 2522 1477 ac
2547 1441 2693 1478 nunc
2717 1425 2941 1493 quidem
2967 1426 3032 1478 ad
3058 1442 3154 1478 eos
3182 1442 3239 1479 se
3266 1442 3398 1480 con-

1831 1512 1957 1574 fert,
1994 1512 2087 1580 qui
2115 1514 2228 1582 jam
2249 1513 2511 1566 doctrinm
2539 1513 2787 1565 auditum
2848 1522 3198 1580 acceperant,
3249 1529 3395 1566 nunc

1834 1609 2017 1656 autem
2044 1601 2110 1656 ad
2138 1616 2236 1656 eos
2261 1602 2354 1670 qui
2389 1602 2507 1670 ejus
2537 1601 2675 1654 nihil
2704 1601 3014 1662 andierant.
3055 1601 3264 1654 Rursus
3285 1603 3413 1655 Ion-‘

1836 1708 1901 1763 ga
1939 1692 2292 1755 continentis,
2323 1691 2572 1760 longiora
2602 1692 2839 1760 :equoris
2863 1702 3029 1759 atque
3057 1691 3232 1760 pelagi
3268 1706 3398 1759 per-

169 1793 281 1840 τοις
302 1782 611 1850 περιτυχών
637 1799 650 1813 ο
683 1783 838 1848 αὖθις
868 1785 926 1839 δὲ
956 1788 1134 1856 χαίρει
1174 1789 1268 1841 καὶ
1295 1762 1614 1856 ἀγαλλιᾶται
1635 1791 1730 1842 καὶ

1840 1762 2043 1836 tentata
2080 1781 2273 1850 spatia.
2307 1781 2517 1834 Rursus
2549 1780 2714 1832 animi
2745 1780 2940 1833 anxius
2971 1788 3316 1847 mmstusque
3345 1787 3402 1830 et

167 1868 374 1936 ἥδεται,
407 1873 487 1934 είς
531 1861 771 1944 γαλήνην
810 1877 900 1930 τδν
965 1879 1211 1955 χειμῶνα
1264 1879 1731 1950 μεταϐεϐλημένον

166 1958 326 2029 ὁρῶν,
361 1963 456 2014 καὶ
495 1963 592 2033 τὴν
624 1965 920 2038 ἀγριότητα
953 1971 1044 2022 καὶ
1095 1973 1348 2024 ἀπιστίαν
1393 1972 1472 2034 είς
1529 1971 1733 2041 ἡμερό-

169 2051 299 2117 τητά
332 2067 393 2114 τε
423 2053 514 2107 καὶ
543 2054 722 2108 πίστιν
756 2059 1242 2130 μεταποιουμένην.

237 2313 397 2367 Ἐστι
437 2315 537 2383 μὲν
576 2317 662 2370 ὅτε
709 2319 830 2372 καθ’
853 2319 948 2372 ἕνα
977 2321 1197 2390 φωτίζει
1225 2325 1350 2386 τοὺς
1382 2325 1732 2395 παρατυγχὰ-

172 2422 358 2469 νοντας
383 2423 400 2438 ο
431 2406 544 2459 ἔστι
573 2408 620 2461 δ’
659 2409 746 2478 ὅτε
772 2412 865 2462 καὶ
895 2411 1099 2465 πλείοσι
1130 2412 1272 2465 κατὰ
1309 2415 1502 2467 ταύτὸν
1537 2416 1732 2486 ἀνδρά-

172 2507 223 2543 σι
246 2495 341 2544 καὶ
371 2495 607 2561 γυναιξὶ,
641 2495 916 2560 πλουσίοις
974 2499 1070 2554 καὶ
1112 2501 1356 2570 πένησιν,
1403 2502 1627 2572 ἄρχουσί
1674 2521 1731 2556 τε

171 2583 260 2635 καὶ
289 2584 526 2649 ἰδιώταις
550 2587 874 2656 νομοθετῶν,
912 2589 1088 2652 κοινὸς
1135 2593 1351 2645 πάντων
1395 2592 1728 2658 διδάσκαλος,

170 2678 368 2746 ποιμήν
402 2694 462 2729 τε
494 2677 587 2731 καὶ
619 2679 798 2748 σωτὴρ
844 2679 1064 2747 ἀγαθὸς,
1109 2681 1249 2734 κατὰ
1298 2685 1396 2750 τὴν
1443 2685 1731 2753 ὁμοιότητα

171 2763 437 2819 δείκνυται
458 2766 716 2836 Χριστοῦ.
758 2769 1010 2833 Τοιοῦτος
1056 2771 1084 2823 δ
1125 2770 1218 2825 τοῦ
1267 2772 1563 2825 ἀποστόλου
1617 2772 1732 2843 βίος

171 2856 261 2908 καὶ
285 2857 524 2926 τρόπος·
560 2861 654 2912 καὶ
695 2859 903 2930 ταύτην
948 2856 1083 2913 εἷναι
1131 2861 1387 2932 βραχεῖαν
1429 2864 1732 2932 ὑπόμνησιν

171 2947 272 3002 τῶν
316 2950 686 3021 πολυχρονίων
718 2952 881 3007 αὑτοῦ
907 2954 1081 3007 πόνων
1106 2956 1198 3009 καὶ
1217 2955 1551 3028 κικροτάτων
1578 2973 1732 3026 περι-

170 3039 298 3091 ϐδων

248 3129 530 3184 Ἐντεῦθεν
575 3130 776 3200 πολλὴν
828 3132 924 3201 μὲν
957 3133 1199 3203 ἦπειρον,
1246 3134 1461 3205 πολλὴν
1489 3135 1546 3187 δὲ
1589 3153 1731 3205 παρ-

172 3214 331 3280 άλιον,
370 3219 463 3269 καὶ
491 3218 688 3287 νήσους
716 3219 772 3271 δὲ
797 3221 894 3272 οὐκ
921 3221 1105 3286 ὀλίγας
1127 3221 1203 3291 τῷ
1240 3222 1551 3295 κηρύγματι
1583 3243 1732 3293 περι·

173 3307 344 3360 λαϐὼν
386 3323 399 3338 ⁸
436 3308 762 3379 Ἑκκλησίας
800 3326 858 3362 τε
883 3311 1162 3372 πλείστας,
1194 3312 1372 3382 ίερέας
1395 3330 1453 3366 τε
1498 3315 1590 3366 καὶ
1629 3317 1731 3383 ἁρ-

175 3398 381 3467 χιερέας
405 3400 849 3468 ἀφιερωσεὶμενος
891 3400 1078 3470 Κυρίῳ
1109 3417 1120 3429 ·
1182 3402 1275 3454 καὶ
1307 3402 1405 3471 ἤδη
1462 3403 1524 3455 τὸ
1575 3403 1732 3471 ἔργον

174 3487 261 3555 τῆς
291 3489 604 3558 ἱερουργίας
627 3488 720 3542 τοῦ
746 3489 906 3556 λόγου
938 3490 1348 3559 περαινόμενος,
1412 3492 1506 3543 καὶ
1556 3492 1733 3544 αὐτῶν

177 3576 269 3647 ἤδη
301 3578 409 3628 τῶν
446 3579 726 3646 στεφάνων
758 3577 984 3647 πλησίον
1018 3582 1303 3649 γινόμενος
1325 3594 1340 3609 ⁸
1369 3581 1584 3633 διαπλεῖ
1634 3583 1732 3650 μὲν

176 3667 260 3720 τὸν
311 3669 563 3738 ἑσπέριον
625 3668 897 3734 Ὠκεανὸν,
955 3669 1090 3738 πρὸς
1143 3672 1260 3734 ταῖς
1295 3670 1647 3739 Βρετανικαῖς
1677 3672 1731 3723 δὲ

179 3759 526 3828 καλουμέναις
556 3760 803 3828 καταίρει
833 3761 1013 3830 νήσοις
1053 3776 1068 3791 ο
1116 3760 1183 3823 ἂς
1231 3764 1329 3830 τῆς
1384 3760 1510 3830 ὅλης
1553 3765 1732 3815 οἰκου-

184 3851 337 3918 μένης
375 3852 524 3912 τέλος
575 3849 737 3918 φασίν
772 3865 786 3879 ο
826 3849 962 3920 μηδὲ
1013 3850 1120 3918 γὰρ
1154 3852 1406 3905 ἐπέκεινα
1439 3852 1541 3921 γῆν
1570 3849 1729 3918 εἶναι,

183 3940 298 4009 μήτ’
328 3939 419 3992 οὖν
441 3940 501 3991 τδ
532 3940 764 4006 πέλαγος
795 3939 909 4007 μετ’
935 3939 1101 4001 αὐτὰς
1131 3941 1382 4008 περατόν.

253 4030 395 4082 Ἐκεῖ
471 4031 653 4098 Σίμων
720 4032 748 4082 ὁ
804 4030 1346 4099 τρισμακαριώτατος
1423 4032 1731 4100 γενόμενος,

181 4117 376 4171 καὶτὸν
401 4119 554 4184 λόγον
606 4118 705 4186 τῆς
748 4117 1005 4188 ἀληθείας
1058 4119 1550 4191 εὐαγγελισάμενος
1578 4137 1594 4152 ο
1637 4125 1731 4176 καὶ

184 4209 410 4272 πολλοὺς.
453 4203 552 4277 μὲν
615 4209 1010 4272 πιστεύσαντας
1059 4210 1136 4279 τῷ
1183 4211 1323 4280 λόγῳ
1355 4212 1455 4280 τῆς
1503 4211 1724 4283 χάριτος

187 4299 630 4368 στραγισάμενος,
674 4299 928 4359 πλείστας
967 4299 1022 4351 δὲ
1051 4301 1145 4353 καὶ
1179 4303 1324 4367 παρὰ
1362 4301 1469 4352 τῶν
1523 4304 1732 4354 ἀντιλε-

1838 1871 2315 1939 ιιιοιτείιηραιίθηε
2339 1879 2504 1924 estet
2555 1870 2945 1931 discruciatur,
3003 1870 3057 1921 in
3101 1866 3404 1922 Ierissimas

1838 1972 2028 2032 gentes
2050 1977 2113 2014 ac
2145 1961 2468 2014 durissimas
2519 1960 2803 2024 incidens;
2865 1975 3170 2028 rursusque
3201 1958 3403 2027 gaudet

1782 2126 1785 2127 ν
1833 2063 1892 2106 et
1914 2052 2148 2105 exsultat
2177 2051 2590 2120 acjueundatur
2618 2059 2880 2102 mutatam
2926 2058 3315 2118 tempestatem
3345 2045 3401 2101 in

1840 2144 2193 2212 tranquillum
2221 2142 2450 2206 videns;
2487 2141 2806 2207 ferinosquc
2839 2148 2896 2192 et
2930 2137 3139 2193 incred'
3167 2139 3246 2191 los
3280 2150 3404 2190 mo-

1839 2250 1925 2288 res
1946 2235 1998 2287 in
2025 2233 2306 2287 lenitatem
2347 2247 2644 2285 conversos
2677 2240 2732 2284 et
2769 2229 2951 2284 fidem.

1905 2326 2243 2395 Quandoque
2306 2325 2552 2393 singulos
2619 2324 2711 2392 qui
2764 2323 2982 2376 adirent
3034 2319 3402 2395 illuminabat,

1837 2419 2165 2487 quandoque
2195 2430 2327 2469 vero
2355 2415 2521 2468 etiam
2551 2413 2806 2482 pluribus
2836 2411 2998 2465 simul
3026 2410 3162 2463 viris
3193 2424 3256 2462 ac
3287 2394 3406 2461 mu-

1837 2508 2084 2571 licribus,
2120 2505 2388 2559 divitibus
2415 2519 2478 2557 ac
2508 2503 2868 2573 pauperibus,
2898 2500 3312 2570 magistratibus
3341 2507 3398 2551 et

1838 2597 2070 2667 privatis
2112 2595 2441 2650 documenta
2480 2593 2727 2656 tradens,
2779 2590 3053 2644 universis
3093 2588 3405 2643 communis

1838 2687 2116 2758 magister,
2169 2686 2468 2754 Pastorque
2518 2699 2581 2736 ac
2630 2691 2874 2736 servator
2931 2682 3141 2742 bonus,
3198 2677 3404 2732 Christi

1837 2778 2086 2847 exemplo
2133 2775 2399 2842 enitebat.
2433 2774 2579 2828 Talis
2627 2772 2858 2840 apostoli
2901 2772 3014 2823 vita
3063 2783 3397 2837 moresque:

1838 2871 2035 2939 hicque
2056 2867 2239 2924 brevis
2277 2864 2705 2922 commentarius
2735 2879 2924 2916 eorum
2954 2863 3227 2921 laborum,
3258 2875 3398 2927 quos

1839 2963 2030 3031 longos
2056 2974 2231 3015 annos
2254 2957 2565 3023 desudavit,
2592 2955 3230 3021 molestissimorumque
3263 2952 3409 3004 illius

1839 3053 2116 3107 itinerum.
2371 3047 2391 3124 ς

1905 3143 2044 3197 Hinc
2077 3141 2303 3193 multam
2330 3137 2704 3193 continentem
2741 3143 2797 3189 et
2831 3133 3128 3190 maritima.
3175 3131 3407 3184 insulas-

1832 3251 1939 3304 que
1977 3250 2084 3287 non
2117 3247 2320 3302 paucas
2347 3228 2738 3299 praedicatione
2765 3225 3085 3292 complexus
3115 3223 3398 3290 pluribus-

1832 3341 1939 3403 que
1971 3324 2235 3378 Ecclesiis
2271 3330 2327 3376 et
2357 3318 2745 3374 sacerdotibus
2775 3332 2838 3369 ac
2865 3315 3144 3383 episcopis
3177 3312 3408 3366 Domino

1833 3413 2165 3470 Consecratis
2188 3430 2202 3476 ;
2229 3413 2449 3482 jamque
2480 3425 2649 3462 sacra:
2670 3408 2822 3460 verbi
2853 3404 3121 3458 functioui
3140 3403 3408 3468 colopho-

1833 3521 1957 3560 nem
1991 3506 2302 3574 imponens,
2343 3518 2405 3555 ac
2436 3502 2580 3568 ipsas
2609 3514 2639 3552 c
2668 3496 2974 3565 propinquo
2995 3508 3227 3546 coronas
3264 3492 3408 3542 salu-

1834 3607 1975 3657 tans,
2000 3580 2290 3648 occiduum
2314 3591 2592 3646 Oceanum
2619 3587 2857 3656 navigat,
2878 3593 3040 3651 atque
3072 3583 3138 3634 ad
3174 3581 3405 3637 insulas,

1833 3701 1969 3755 quas
2002 3683 2344 3738 Britannicas
2371 3689 2552 3733 vocat.
2589 3678 2698 3730 llas
2750 3689 2904 3736 vero,
2951 3671 3191 3725 universi
3243 3670 3397 3721 orbis

1834 3787 2105 3832 terrarum
2141 3790 2268 3828 oras
2294 3781 2568 3826 extremas
2611 3783 2730 3823 esse
2764 3767 2986 3828 ferunt;
3043 3778 3221 3831 neque
3258 3760 3404 3829 quod

1834 3867 2094 3935 deinceps
2124 3875 2226 3928 cst,
2261 3864 2487 3934 pelagus
2511 3863 2670 3929 posse
2699 3855 2970 3926 superari.

1906 4042 2040 4097 Illuc
2075 4036 2265 4093 Simon
2295 4034 2646 4090 beatissimus
2668 4046 2791 4086 cum
2825 4028 3085 4089 venisset,
3112 4042 3174 4078 ac
3200 4024 3404 4076 verita-

1835 4134 1904 4188 tis
1929 4145 2235 4187 sermonem
2271 4126 2671 4183 annuntiasset,
2710 4121 3020 4187 multosque
3064 4117 3232 4169 verbo
3286 4131 3406 4183 gra-

1838 4227 1925 4280 tiae
1963 4221 2251 4280 credentes
2281 4216 2660 4285 consignasset
2695 4230 2707 4264 :
2741 4211 2835 4264 sed
2863 4218 2919 4262 et
2949 4210 3017 4261 ab
3046 4208 3133 4266 iis,
3184 4207 3273 4273 qui
3313 4221 3405 4257 ve-

1837 4314 1984 4369 ritati
2000 4311 2466 4370 contradicerent,
2497 4305 2684 4358 multis
2702 4303 2978 4372 appetitus
3002 4299 3215 4352 insidiis
3237 4308 3401 4358 esset,

187 4391 372 4456 γόντων
398 4393 463 4460 τῇ
487 4389 717 4460 ἀληθείᾳ
758 4388 1046 4452 επιϐουλὰς
1092 4388 1339 4459 ὑποσχών
1366 4407 1380 4422 ·
1422 4392 1574 4455 τέλος
1628 4392 1729 4445 ὑπὸ

1839 4405 1904 4460 ad
1954 4414 2260 4459 extremum
2303 4395 2737 4467 corripientibus
2780 4391 3078 4460 impietatis
3134 4389 3402 4459 patronis,

188 4479 281 4532 τῶν
305 4481 402 4550 τῆς
425 4481 676 4543 ἀσεϐείας
719 4482 1119 4549 συναρπασθεὶς
1159 4483 1536 4546 ὑπασπιστων,
1563 4501 1731 4552 προσο

191 4571 392 4639 ηλοῦται
426 4571 640 4642 σταυρῷ
661 4590 674 4602 ·
697 4572 840 4633 τέλος
863 4572 1011 4635 ἄξιον
1038 4573 1136 4642 τῆς
1163 4573 1475 4642 ἐπιθυμίας,
1502 4578 1595 4628 καὶ
1618 4577 1727 4629 τῶν

191 4661 314 4730 ὑπὲρ
342 4661 432 4714 τοῦ
462 4663 877 4732 ὲσταυρωμένου
925 4663 1120 4723 πόνων,
1182 4665 1274 4715 τὸν
1338 4665 1476 4734 ὑπὲρ
1522 4666 1730 4722 ἐκείνου

193 4750 459 4819 δεξάμενος
490 4753 723 4820 σταυρόν
759 4768 773 4780 ’
830 4750 922 4802 καὶ
959 4753 1025 4820 τῇ
1065 4752 1340 4819 ὁμοιότητι
1389 4754 1484 4806 τοῦ
1529 4755 1733 4819 πάθους

195 4841 405 4904 δοξάζων
428 4844 588 4896 αὑτὸν
609 4844 703 4894 καὶ
738 4842 1090 4912 δοξαζόμενος
1114 4845 1171 4896 ὲν
1203 4843 1371 4911 αὐτῷ.

256 4933 432 4986 Τοίνυν
455 4934 547 4985 ἐπὶ
571 4932 666 4984 τοῦ
717 4933 949 5003 σταυροῦ
975 4934 1223 5002 καθάπερ
1257 4934 1413 4996 ἄλλος
1450 4934 1729 5003 ἐσταυρω-

203 5021 338 5088 μένος
372 5025 596 5093 Ἰησοῦς,
629 5024 765 5093 μετὰ
793 5025 888 5088 τὰς
926 5025 1142 5094 μακρὰς
1175 5024 1310 5093 πρὸς
1353 5024 1479 5086 τοὺς
1528 5026 1734 5093 παρόν-

200 5131 281 5175 τας
297 5116 394 5167 τῶν
427 5117 597 5187 ὄχλων
625 5117 859 5186 ὁμιλίας,
887 5118 1026 5186 μετὰ.
1053 5117 1148 5178 τὰς
1171 5116 1567 5185 συντεταμὲνας
1601 5116 1736 5183 πρὸς

206 5205 381 5274 Κύριον
415 5208 855 5279 προσευχὰς,τὰς
889 5210 1028 5279 ὑπὲρ
1053 5208 1161 5261 τῶν
1195 5209 1415 5271 πιστῶν,
1455 5207 1553 5268 τὰς
1598 5207 1735 5276 ὑπὲρ

206 5295 296 5345 τῶν
322 5301 551 5352 ἀπίστων
585 5318 599 5331 ’
629 5301 736 5353 τῶν
770 5303 885 5370 μὲν,
910 5303 1057 5363 ὅπως
1088 5301 1371 5368 ὲμμὲνοιεν
1401 5299 1739 5368 ἀπαρακίνηο

209 5401 278 5436 τοι
300 5392 357 5456 τῇ
377 5391 615 5462 ἀληθείᾳ,
643 5393 751 5444 τῶν
785 5392 860 5453 δὲ,
895 5394 1039 5455 ὅπως
1064 5392 1446 5458 ἐπιστραφεῖεν
1482 5390 1616 5458 πρὸς
1646 5390 1734 5441 τὸν

211 5477 324 5531 θεὸν
344 5483 424 5533 τὸν
453 5485 689 5553 ἰσχυρὸν,
723 5485 809 5535 τον
844 5485 1038 5548 ζῶντα,
1073 5484 1164 5536 καὶ
1191 5481 1577 5543 πιστεύσαντες
1627 5499 1729 5534 σω-

277 5658 314 5688 ¹²
342 5659 469 5713 I‘sal.
508 5679 610 5724 λιι,
638 5663 686 5715 ὃ.

1833 4494 1981 4548 cruci
2015 4491 2294 4559 adigitur;
2328 4487 2552 4554 dignum
2586 4482 2798 4535 scilicet
2844 4480 3164 4548 cupiditatis
3213 4478 3399 4539 ﬁnem,

1835 4599 1898 4636 ac
1927 4581 2174 4634 laborum
2209 4576 2453 4631 cruciﬁxi
2478 4590 2642 4628 causa
2679 4581 3086 4640 susceptorum,
3112 4568 3259 4619 illius
3283 4583 3406 4648 gra—

1837 4674 1909 4726 tia
1951 4677 2236 4740 reportans
2265 4668 2563 4734 repositam
2601 4678 2823 4718 crucem
2853 4675 2868 4726 ;
2903 4658 3283 4729 passionisque
3328 4655 3404 4706 si-

1837 4760 2149 4817 militudine
2191 4767 2302 4811 tum
2341 4757 2517 4824 ipsum
2545 4753 2878 4812 clariﬁcans,
2906 4758 3019 4802 tum
3054 4747 3108 4798 in
3133 4747 3250 4814 ipso
3287 4745 3368 4798 cla

1839 4856 2056 4907 rrtatem
2090 4857 2285 4902 nactus
2319 4855 2373 4899 et
2403 4843 2657 4916 gloriam.

1910 4942 2081 5010 Igitur
2121 4939 2172 4992 in
2201 4951 2419 4990 crucem
2445 4934 2597 4986 velut
2630 4933 2770 4984 alter
2790 4928 2950 4983 Jesus
2983 4925 3249 4984 sublatus,
3284 4929 3405 4988 post

1838 5032 1995 5100 longa
2022 5030 2088 5082 ad
2146 5037 2386 5081 astantes
2415 5023 2603 5077 turbas
2619 5019 2890 5087 colloquia
2919 5033 2934 5081 ;
2967 5024 3093 5085 post
3118 5021 3404 5067 contentas

1838 5120 1904 5173 ad
1937 5122 2108 5173 Deum
2137 5133 2347 5186 preces,
2379 5115 2432 5166 in
2453 5111 2693 5165 ﬁdelium
2711 5108 2966 5178 gratiam,
2990 5114 3046 5158 et
3069 5101 3400 5160 inﬁdelium;

1840 5211 2108 5279 priorum,
2170 5218 2230 5260 ut
2281 5203 2490 5258 immoti
2543 5202 2599 5254 in
2654 5199 2886 5253 veritate
2942 5198 3400 5264 perseverarent;

1836 5301 2092 5364 aliorum,
2133 5309 2192 5352 ut
2225 5299 2290 5351 ad
2318 5299 2487 5350 Deum
2543 5295 2741 5348 fortem
2779 5292 2964 5345 vivum
3005 5293 3400 5339 converteren-

1836 5401 1943 5452 tur,
1977 5405 2040 5442 ac
2070 5389 2171 5440 Iidc
2206 5388 2432 5439 salutem
2461 5389 2928 5451 consequerentur
2957 5378 3022 5429 ”.
3075 5375 3202 5427 Post
3256 5372 3389 5435 lucc,

1838 5483 2082 5550 inquam,
2106 5497 2134 5533 a
2167 5479 2370 5532 mundo
2403 5478 2620 5546 quidem
2656 5484 2711 5528 ct
2736 5489 2764 5526 a
2793 5482 3024 5537 corpore
3056 5464 3274 5534 penitus
3301 5477 3398 5515 c1-
