  <div class='ocr_page' id='page_1' title='image "/cluster/home/n/w/nwhite01/storage/ocr_20150623/105/pst.000005714155/143.png"; bbox 0 0 3922 6314; ppageno 0'>
   <div class='ocr_carea' id='block_1_1' title="bbox 492 255 591 309">
    <p class='ocr_par' dir='ltr' id='par_1_1' title="bbox 492 255 591 309">
     <span class='ocr_line' id='line_1_1' title="bbox 492 255 591 309; baseline 0 -5"><span class='ocrx_word' id='word_1_1' title='bbox 492 255 591 309; x_wconf 60' lang='lat'><strong>‘23!</strong></span> 
     </span>
    </p>
   </div>
   <div class='ocr_carea' id='block_1_2' title="bbox 1680 225 2526 290">
    <p class='ocr_par' dir='ltr' id='par_1_2' title="bbox 1680 225 2526 290">
     <span class='ocr_line' id='line_1_2' title="bbox 1680 225 2526 290; baseline -0.008 0"><span class='ocrx_word' id='word_1_2' title='bbox 1680 231 1969 290; x_wconf 69' lang='lat' dir='ltr'><strong>NICETIE</strong></span> <span class='ocrx_word' id='word_1_3' title='bbox 2006 225 2526 288; x_wconf 74' lang='lat' dir='ltr'><strong>PAPIILAGONIS</strong></span> 
     </span>
    </p>
   </div>
   <div class='ocr_carea' id='block_1_3' title="bbox 3597 223 3705 286">
    <p class='ocr_par' dir='ltr' id='par_1_3' title="bbox 3597 223 3705 286">
     <span class='ocr_line' id='line_1_3' title="bbox 3597 223 3705 286; baseline 0.019 -2"><span class='ocrx_word' id='word_1_4' title='bbox 3597 223 3705 286; x_wconf 72' lang='lat'><strong>252</strong></span> 
     </span>
    </p>
   </div>
   <div class='ocr_carea' id='block_1_4' title="bbox 490 329 2046 413">
    <p class='ocr_par' dir='ltr' id='par_1_4' title="bbox 490 341 2043 413">
     <span class='ocr_line' id='line_1_4' title="bbox 490 341 2043 413; baseline -0.014 -2"><span class='ocrx_word' id='word_1_5' title='bbox 490 355 710 413; x_wconf 78' lang='lat' dir='ltr'><strong>(edens,</strong></span> <span class='ocrx_word' id='word_1_6' title='bbox 750 352 800 402; x_wconf 91' lang='lat' dir='ltr'><strong>in</strong></span> <span class='ocrx_word' id='word_1_7' title='bbox 839 365 895 402; x_wconf 91' lang='lat' dir='ltr'><strong>se</strong></span> <span class='ocrx_word' id='word_1_8' title='bbox 918 363 1048 401; x_wconf 90' lang='lat' dir='ltr'><strong>vero</strong></span> <span class='ocrx_word' id='word_1_9' title='bbox 1077 357 1221 401; x_wconf 84' lang='lat' dir='ltr'><strong>totus</strong></span> <span class='ocrx_word' id='word_1_10' title='bbox 1268 356 1582 404; x_wconf 86' lang='lat' dir='ltr'><strong>conversus,</strong></span> <span class='ocrx_word' id='word_1_11' title='bbox 1627 358 1793 410; x_wconf 88' lang='lat' dir='ltr'><strong>seque</strong></span> <span class='ocrx_word' id='word_1_12' title='bbox 1843 341 2043 402; x_wconf 87' lang='lat' dir='ltr'><strong>medio,</strong></span> 
     </span>
    </p>
   </div>
   <div class='ocr_carea' id='block_1_5' title="bbox 2159 329 3703 413">
    <p class='ocr_par' dir='ltr' id='par_1_5' title="bbox 2159 329 3703 404">
     <span class='ocr_line' id='line_1_5' title="bbox 2159 329 3703 404; baseline -0.004 -16"><span class='ocrx_word' id='word_1_13' title='bbox 2159 336 2315 389; x_wconf 61' lang='grc' dir='ltr'>δῶσιν</span> <span class='ocrx_word' id='word_1_14' title='bbox 2340 354 2351 365; x_wconf 87' lang='grc'><strong>·</strong></span> <span class='ocrx_word' id='word_1_15' title='bbox 2390 336 2524 404; x_wconf 84' lang='grc' dir='ltr'><strong>μετά</strong></span> <span class='ocrx_word' id='word_1_16' title='bbox 2552 333 2724 386; x_wconf 70' lang='grc' dir='ltr'>ταῦτα</span> <span class='ocrx_word' id='word_1_17' title='bbox 2750 332 2899 400; x_wconf 84' lang='grc' dir='ltr'>γοῦν,</span> <span class='ocrx_word' id='word_1_18' title='bbox 2928 329 3017 386; x_wconf 84' lang='grc' dir='ltr'><strong>τοῦ</strong></span> <span class='ocrx_word' id='word_1_19' title='bbox 3049 333 3249 400; x_wconf 82' lang='grc' dir='ltr'>κόσμου</span> <span class='ocrx_word' id='word_1_20' title='bbox 3287 330 3383 401; x_wconf 70' lang='grc' dir='ltr'>μὲν</span> <span class='ocrx_word' id='word_1_21' title='bbox 3403 331 3583 384; x_wconf 73' lang='grc' dir='ltr'>τέλεον</span> <span class='ocrx_word' id='word_1_22' title='bbox 3606 334 3703 383; x_wconf 80' lang='grc' dir='ltr'>καὶ</span> 
     </span>
    </p>
   </div>
   <div class='ocr_carea' id='block_1_6' title="bbox 495 430 2041 507">
    <p class='ocr_par' dir='ltr' id='par_1_6' title="bbox 495 430 2041 507">
     <span class='ocr_line' id='line_1_6' title="bbox 495 430 2041 507; baseline -0.01 -10"><span class='ocrx_word' id='word_1_23' title='bbox 495 450 713 501; x_wconf 85' lang='lat' dir='ltr'><strong>incum,</strong></span> <span class='ocrx_word' id='word_1_24' title='bbox 755 443 805 493; x_wconf 92' lang='lat' dir='ltr'><strong>in</strong></span> <span class='ocrx_word' id='word_1_25' title='bbox 839 455 997 507; x_wconf 88' lang='lat' dir='ltr'><strong>quem</strong></span> <span class='ocrx_word' id='word_1_26' title='bbox 1019 455 1132 505; x_wconf 84' lang='lat' dir='ltr'><strong>.per</strong></span> <span class='ocrx_word' id='word_1_27' title='bbox 1160 437 1320 490; x_wconf 85' lang='lat' dir='ltr'><strong>fidem</strong></span> <span class='ocrx_word' id='word_1_28' title='bbox 1354 449 1568 501; x_wconf 90' lang='lat' dir='ltr'><strong>semper</strong></span> <span class='ocrx_word' id='word_1_29' title='bbox 1608 430 1998 498; x_wconf 82' lang='lat' dir='ltr'><strong>commigrabat</strong></span> <span class='ocrx_word' id='word_1_30' title='bbox 2029 446 2041 491; x_wconf 87' lang='lat'><strong>;</strong></span> 
     </span>
    </p>
   </div>
   <div class='ocr_carea' id='block_1_7' title="bbox 493 521 2047 600">
    <p class='ocr_par' dir='ltr' id='par_1_7' title="bbox 493 521 2047 600">
     <span class='ocr_line' id='line_1_7' title="bbox 493 521 2047 600; baseline -0.012 -13"><span class='ocrx_word' id='word_1_31' title='bbox 493 548 690 600; x_wconf 83' lang='lat' dir='ltr'><strong>corpus</strong></span> <span class='ocrx_word' id='word_1_32' title='bbox 720 529 950 598; x_wconf 79' lang='lat' dir='ltr'><strong>quidem</strong></span> <span class='ocrx_word' id='word_1_33' title='bbox 972 529 1118 579; x_wconf 85' lang='lat' dir='ltr'><strong>velut</strong></span> <span class='ocrx_word' id='word_1_34' title='bbox 1142 525 1403 593; x_wconf 87' lang='lat' dir='ltr'><strong>quasdam</strong></span> <span class='ocrx_word' id='word_1_35' title='bbox 1425 524 1581 575; x_wconf 60' lang='grc' dir='ltr'><strong>αξξορδ</strong></span> <span class='ocrx_word' id='word_1_36' title='bbox 1607 521 1778 589; x_wconf 80' lang='lat' dir='ltr'><strong>ponit,</strong></span> <span class='ocrx_word' id='word_1_37' title='bbox 1808 521 1899 587; x_wconf 91' lang='lat' dir='ltr'><strong>qui</strong></span> <span class='ocrx_word' id='word_1_38' title='bbox 1929 527 2047 571; x_wconf 82' lang='lat' dir='ltr'><strong>ca‘r-</strong></span> 
     </span>
    </p>
   </div>
   <div class='ocr_carea' id='block_1_8' title="bbox 495 612 2044 689">
    <p class='ocr_par' dir='ltr' id='par_1_8' title="bbox 495 612 2044 689">
     <span class='ocr_line' id='line_1_8' title="bbox 495 612 2044 689; baseline -0.01 -14"><span class='ocrx_word' id='word_1_39' title='bbox 495 625 579 675; x_wconf 88' lang='lat' dir='ltr'><strong>nis</strong></span> <span class='ocrx_word' id='word_1_40' title='bbox 596 621 802 689; x_wconf 81' lang='lat' dir='ltr'><strong>pridem</strong></span> <span class='ocrx_word' id='word_1_41' title='bbox 838 618 1152 671; x_wconf 86' lang='lat' dir='ltr'><strong>indumento</strong></span> <span class='ocrx_word' id='word_1_42' title='bbox 1173 625 1455 667; x_wconf 86' lang='lat' dir='ltr'><strong>emortuus</strong></span> <span class='ocrx_word' id='word_1_43' title='bbox 1484 621 1656 675; x_wconf 77' lang='lat' dir='ltr'><strong>esset;</strong></span> <span class='ocrx_word' id='word_1_44' title='bbox 1689 612 1835 663; x_wconf 79' lang='lat' dir='ltr'><strong>velut</strong></span> <span class='ocrx_word' id='word_1_45' title='bbox 1865 622 2044 662; x_wconf 86' lang='lat' dir='ltr'><strong>autem</strong></span> 
     </span>
    </p>
   </div>
   <div class='ocr_carea' id='block_1_9' title="bbox 498 701 2044 777">
    <p class='ocr_par' dir='ltr' id='par_1_9' title="bbox 498 701 2044 777">
     <span class='ocr_line' id='line_1_9' title="bbox 498 701 2044 777; baseline -0.006 -15"><span class='ocrx_word' id='word_1_46' title='bbox 498 711 599 764; x_wconf 94' lang='lat' dir='ltr'><strong>levi</strong></span> <span class='ocrx_word' id='word_1_47' title='bbox 630 723 806 777; x_wconf 87' lang='lat' dir='ltr'><strong>penna</strong></span> <span class='ocrx_word' id='word_1_48' title='bbox 830 724 891 760; x_wconf 88' lang='lat' dir='ltr'><strong>ac</strong></span> <span class='ocrx_word' id='word_1_49' title='bbox 926 706 1176 773; x_wconf 71' lang='lat' dir='ltr'><strong>cmlipeta</strong></span> <span class='ocrx_word' id='word_1_50' title='bbox 1218 705 1411 772; x_wconf 76' lang='lat' dir='ltr'><strong>spiritu</strong></span> <span class='ocrx_word' id='word_1_51' title='bbox 1464 703 1518 755; x_wconf 88' lang='lat' dir='ltr'><strong>in</strong></span> <span class='ocrx_word' id='word_1_52' title='bbox 1574 703 1741 755; x_wconf 63' lang='lat' dir='ltr'><strong>caelos</strong></span> <span class='ocrx_word' id='word_1_53' title='bbox 1777 701 2044 761; x_wconf 84' lang='lat' dir='ltr'><strong>sublatus,</strong></span> 
     </span>
    </p>
   </div>
   <div class='ocr_carea' id='block_1_10' title="bbox 501 791 2048 863">
    <p class='ocr_par' dir='ltr' id='par_1_10' title="bbox 501 791 2048 863">
     <span class='ocr_line' id='line_1_10' title="bbox 501 791 2048 863; baseline -0.006 -12"><span class='ocrx_word' id='word_1_54' title='bbox 501 802 647 853; x_wconf 87' lang='lat' dir='ltr'><strong>videt</strong></span> <span class='ocrx_word' id='word_1_55' title='bbox 686 799 786 852; x_wconf 90' lang='lat' dir='ltr'><strong>sibi</strong></span> <span class='ocrx_word' id='word_1_56' title='bbox 817 799 1069 851; x_wconf 73' lang='lat' dir='ltr'><strong>cmlcstes</strong></span> <span class='ocrx_word' id='word_1_57' title='bbox 1116 806 1331 863; x_wconf 86' lang='lat' dir='ltr'><strong>apertas</strong></span> <span class='ocrx_word' id='word_1_58' title='bbox 1372 795 1598 862; x_wconf 89' lang='lat' dir='ltr'><strong>januas;</strong></span> <span class='ocrx_word' id='word_1_59' title='bbox 1630 793 1779 845; x_wconf 87' lang='lat' dir='ltr'><strong>videt</strong></span> <span class='ocrx_word' id='word_1_60' title='bbox 1825 802 1879 844; x_wconf 89' lang='lat' dir='ltr'><strong>et</strong></span> <span class='ocrx_word' id='word_1_61' title='bbox 1907 791 2048 843; x_wconf 89' lang='lat' dir='ltr'><strong>clare</strong></span> 
     </span>
    </p>
   </div>
   <div class='ocr_carea' id='block_1_11' title="bbox 439 879 2047 948">
    <p class='ocr_par' dir='ltr' id='par_1_11' title="bbox 439 879 2047 948">
     <span class='ocr_line' id='line_1_11' title="bbox 439 879 2047 948; baseline -0.007 -7"><span class='ocrx_word' id='word_1_62' title='bbox 439 885 449 894; x_wconf 80' lang='grc'><strong>’</strong></span> <span class='ocrx_word' id='word_1_63' title='bbox 504 889 695 941; x_wconf 71' lang='lat' dir='ltr'><strong>Filium</strong></span> <span class='ocrx_word' id='word_1_64' title='bbox 723 887 998 939; x_wconf 90' lang='lat' dir='ltr'><strong>sedentem</strong></span> <span class='ocrx_word' id='word_1_65' title='bbox 1035 899 1063 935; x_wconf 89' lang='lat' dir='ltr'><strong>a</strong></span> <span class='ocrx_word' id='word_1_66' title='bbox 1090 882 1294 935; x_wconf 78' lang='lat' dir='ltr'><strong>dextris</strong></span> <span class='ocrx_word' id='word_1_67' title='bbox 1324 890 1563 948; x_wconf 67' lang='lat' dir='ltr'><strong>paternae</strong></span> <span class='ocrx_word' id='word_1_68' title='bbox 1592 881 1894 948; x_wconf 85' lang='lat' dir='ltr'><strong>majestatis</strong></span> <span class='ocrx_word' id='word_1_69' title='bbox 1930 897 1940 930; x_wconf 96' lang='lat'>:</span> <span class='ocrx_word' id='word_1_70' title='bbox 1970 879 2047 946; x_wconf 87' lang='lat' dir='ltr'><strong>ip-</strong></span> 
     </span>
    </p>
   </div>
   <div class='ocr_carea' id='block_1_12' title="bbox 500 967 2048 1044">
    <p class='ocr_par' dir='ltr' id='par_1_12' title="bbox 500 967 2048 1044">
     <span class='ocr_line' id='line_1_12' title="bbox 500 967 2048 1044; baseline -0.008 -13"><span class='ocrx_word' id='word_1_71' title='bbox 500 992 665 1044; x_wconf 83' lang='lat' dir='ltr'><strong>seque</strong></span> <span class='ocrx_word' id='word_1_72' title='bbox 695 975 906 1028; x_wconf 84' lang='lat' dir='ltr'><strong>cunctis</strong></span> <span class='ocrx_word' id='word_1_73' title='bbox 935 973 1039 1025; x_wconf 89' lang='lat' dir='ltr'><strong>illis</strong></span> <span class='ocrx_word' id='word_1_74' title='bbox 1070 972 1332 1024; x_wconf 88' lang='lat' dir='ltr'><strong>mentium</strong></span> <span class='ocrx_word' id='word_1_75' title='bbox 1359 978 1780 1034; x_wconf 83' lang='lat' dir='ltr'><strong>sanctorumque</strong></span> <span class='ocrx_word' id='word_1_76' title='bbox 1819 967 2048 1034; x_wconf 89' lang='lat' dir='ltr'><strong>stipatus</strong></span> 
     </span>
    </p>
   </div>
   <div class='ocr_carea' id='block_1_13' title="bbox 503 1057 2048 1135">
    <p class='ocr_par' dir='ltr' id='par_1_13' title="bbox 503 1057 2048 1135">
     <span class='ocr_line' id='line_1_13' title="bbox 503 1057 2048 1135; baseline -0.007 -15"><span class='ocrx_word' id='word_1_77' title='bbox 503 1066 822 1135; x_wconf 82' lang='lat' dir='ltr'><strong>agminibus.</strong></span> <span class='ocrx_word' id='word_1_78' title='bbox 873 1063 1097 1131; x_wconf 78' lang='lat' dir='ltr'><strong>mystice</strong></span> <span class='ocrx_word' id='word_1_79' title='bbox 1142 1076 1204 1114; x_wconf 90' lang='lat' dir='ltr'><strong>ac</strong></span> <span class='ocrx_word' id='word_1_80' title='bbox 1240 1076 1348 1128; x_wconf 88' lang='lat' dir='ltr'><strong>qua</strong></span> <span class='ocrx_word' id='word_1_81' title='bbox 1397 1074 1556 1112; x_wconf 90' lang='lat' dir='ltr'><strong>nemo</strong></span> <span class='ocrx_word' id='word_1_82' title='bbox 1601 1058 1783 1110; x_wconf 82' lang='lat' dir='ltr'><strong>verbis</strong></span> <span class='ocrx_word' id='word_1_83' title='bbox 1813 1057 2048 1123; x_wconf 81' lang='lat' dir='ltr'><strong>explicet</strong></span> 
     </span>
    </p>
   </div>
   <div class='ocr_carea' id='block_1_14' title="bbox 508 1145 2046 1218">
    <p class='ocr_par' dir='ltr' id='par_1_14' title="bbox 508 1145 2046 1218">
     <span class='ocr_line' id='line_1_14' title="bbox 508 1145 2046 1218; baseline -0.005 -12"><span class='ocrx_word' id='word_1_84' title='bbox 508 1155 739 1214; x_wconf 82' lang='lat' dir='ltr'><strong>ratione,</strong></span> <span class='ocrx_word' id='word_1_85' title='bbox 778 1152 846 1204; x_wconf 90' lang='lat' dir='ltr'><strong>ad</strong></span> <span class='ocrx_word' id='word_1_86' title='bbox 882 1165 1193 1218; x_wconf 89' lang='lat' dir='ltr'><strong>supremum</strong></span> <span class='ocrx_word' id='word_1_87' title='bbox 1243 1149 1484 1200; x_wconf 88' lang='lat' dir='ltr'><strong>omnium</strong></span> <span class='ocrx_word' id='word_1_88' title='bbox 1534 1160 1712 1214; x_wconf 86' lang='lat' dir='ltr'><strong>regem</strong></span> <span class='ocrx_word' id='word_1_89' title='bbox 1764 1145 1877 1198; x_wconf 88' lang='lat' dir='ltr'><strong>adit</strong></span> <span class='ocrx_word' id='word_1_90' title='bbox 1925 1160 2046 1198; x_wconf 86' lang='lat' dir='ltr'><strong>cum</strong></span> 
     </span>
    </p>
   </div>
   <div class='ocr_carea' id='block_1_15' title="bbox 505 1237 2047 1309">
    <p class='ocr_par' dir='ltr' id='par_1_15' title="bbox 505 1237 2047 1309">
     <span class='ocr_line' id='line_1_15' title="bbox 505 1237 2047 1309; baseline -0.006 -12"><span class='ocrx_word' id='word_1_91' title='bbox 505 1245 897 1304; x_wconf 76' lang='lat' dir='ltr'><strong>exsultatione;</strong></span> <span class='ocrx_word' id='word_1_92' title='bbox 938 1242 1218 1309; x_wconf 87' lang='lat' dir='ltr'><strong>ipsumque</strong></span> <span class='ocrx_word' id='word_1_93' title='bbox 1251 1238 1387 1290; x_wconf 88' lang='lat' dir='ltr'><strong>facie</strong></span> <span class='ocrx_word' id='word_1_94' title='bbox 1417 1237 1484 1289; x_wconf 91' lang='lat' dir='ltr'><strong>ad</strong></span> <span class='ocrx_word' id='word_1_95' title='bbox 1514 1237 1705 1289; x_wconf 88' lang='lat' dir='ltr'><strong>faciem</strong></span> <span class='ocrx_word' id='word_1_96' title='bbox 1737 1251 1950 1298; x_wconf 83' lang='lat' dir='ltr'><strong>nacms,</strong></span> <span class='ocrx_word' id='word_1_97' title='bbox 1985 1251 2047 1288; x_wconf 89' lang='lat' dir='ltr'><strong>ac</strong></span> 
     </span>
    </p>
   </div>
   <div class='ocr_carea' id='block_1_16' title="bbox 508 1323 2049 1390">
    <p class='ocr_par' dir='ltr' id='par_1_16' title="bbox 508 1323 2049 1390">
     <span class='ocr_line' id='line_1_16' title="bbox 508 1323 2049 1390; baseline -0.006 -5"><span class='ocrx_word' id='word_1_98' title='bbox 508 1334 581 1386; x_wconf 89' lang='lat' dir='ltr'><strong>illi</strong></span> <span class='ocrx_word' id='word_1_99' title='bbox 615 1333 810 1385; x_wconf 84' lang='lat' dir='ltr'><strong>eximie</strong></span> <span class='ocrx_word' id='word_1_100' title='bbox 834 1331 1009 1385; x_wconf 85' lang='lat' dir='ltr'><strong>laudis</strong></span> <span class='ocrx_word' id='word_1_101' title='bbox 1046 1327 1260 1383; x_wconf 88' lang='lat' dir='ltr'><strong>cantico</strong></span> <span class='ocrx_word' id='word_1_102' title='bbox 1290 1326 1600 1387; x_wconf 86' lang='lat' dir='ltr'><strong>defunctus,</strong></span> <span class='ocrx_word' id='word_1_103' title='bbox 1649 1323 1887 1390; x_wconf 82' lang='lat' dir='ltr'><strong>Jesuque</strong></span> <span class='ocrx_word' id='word_1_104' title='bbox 1920 1325 2049 1377; x_wconf 87' lang='lat' dir='ltr'><strong>dex-</strong></span> 
     </span>
    </p>
   </div>
   <div class='ocr_carea' id='block_1_17' title="bbox 504 1413 2050 1490">
    <p class='ocr_par' dir='ltr' id='par_1_17' title="bbox 504 1413 2050 1490">
     <span class='ocr_line' id='line_1_17' title="bbox 504 1413 2050 1490; baseline -0.005 -15"><span class='ocrx_word' id='word_1_105' title='bbox 504 1434 636 1483; x_wconf 84' lang='lat' dir='ltr'><strong>tera,</strong></span> <span class='ocrx_word' id='word_1_106' title='bbox 668 1437 864 1473; x_wconf 86' lang='lat' dir='ltr'><strong>corona</strong></span> <span class='ocrx_word' id='word_1_107' title='bbox 893 1419 1078 1490; x_wconf 69' lang='lat' dir='ltr'><strong>gloriae</strong></span> <span class='ocrx_word' id='word_1_108' title='bbox 1106 1417 1340 1470; x_wconf 87' lang='lat' dir='ltr'><strong>donatus</strong></span> <span class='ocrx_word' id='word_1_109' title='bbox 1372 1433 1385 1466; x_wconf 84' lang='lat'>:</span> <span class='ocrx_word' id='word_1_110' title='bbox 1415 1415 1580 1467; x_wconf 87' lang='lat' dir='ltr'><strong>nullis</strong></span> <span class='ocrx_word' id='word_1_111' title='bbox 1607 1414 1841 1482; x_wconf 88' lang='lat' dir='ltr'><strong>denique</strong></span> <span class='ocrx_word' id='word_1_112' title='bbox 1868 1413 2050 1467; x_wconf 80' lang='lat' dir='ltr'><strong>verbis</strong></span> 
     </span>
    </p>
   </div>
   <div class='ocr_carea' id='block_1_18' title="bbox 499 1495 2047 1578">
    <p class='ocr_par' dir='ltr' id='par_1_18' title="bbox 499 1495 2047 1578">
     <span class='ocr_line' id='line_1_18' title="bbox 499 1495 2047 1578; baseline -0.004 -16"><span class='ocrx_word' id='word_1_113' title='bbox 499 1495 810 1578; x_wconf 78' lang='lat' dir='ltr'><strong>explicabili</strong></span> <span class='ocrx_word' id='word_1_114' title='bbox 869 1517 1128 1576; x_wconf 88' lang='lat' dir='ltr'><strong>apparatu</strong></span> <span class='ocrx_word' id='word_1_115' title='bbox 1179 1514 1341 1574; x_wconf 89' lang='lat' dir='ltr'><strong>atque</strong></span> <span class='ocrx_word' id='word_1_116' title='bbox 1370 1505 1579 1558; x_wconf 85' lang='lat' dir='ltr'><strong>honore</strong></span> <span class='ocrx_word' id='word_1_117' title='bbox 1610 1514 1920 1573; x_wconf 87' lang='lat' dir='ltr'><strong>susceptus,</strong></span> <span class='ocrx_word' id='word_1_118' title='bbox 1953 1519 2047 1557; x_wconf 87' lang='lat' dir='ltr'><strong>su-</strong></span> 
     </span>
    </p>
   </div>
   <div class='ocr_carea' id='block_1_19' title="bbox 497 1593 2046 1666">
    <p class='ocr_par' dir='ltr' id='par_1_19' title="bbox 497 1593 2046 1666">
     <span class='ocr_line' id='line_1_19' title="bbox 497 1593 2046 1666; baseline 0 -20"><span class='ocrx_word' id='word_1_119' title='bbox 497 1599 700 1663; x_wconf 87' lang='lat' dir='ltr'><strong>premis</strong></span> <span class='ocrx_word' id='word_1_120' title='bbox 751 1598 1048 1666; x_wconf 86' lang='lat' dir='ltr'><strong>primisque</strong></span> <span class='ocrx_word' id='word_1_121' title='bbox 1093 1603 1378 1664; x_wconf 85' lang='lat' dir='ltr'><strong>coaptatur</strong></span> <span class='ocrx_word' id='word_1_122' title='bbox 1421 1601 1582 1662; x_wconf 86' lang='lat' dir='ltr'><strong>atque</strong></span> <span class='ocrx_word' id='word_1_123' title='bbox 1625 1595 1813 1647; x_wconf 88' lang='lat' dir='ltr'><strong>unitur</strong></span> <span class='ocrx_word' id='word_1_124' title='bbox 1851 1594 1947 1648; x_wconf 86' lang='lat' dir='ltr'><strong>Dei</strong></span> <span class='ocrx_word' id='word_1_125' title='bbox 1983 1593 2046 1646; x_wconf 87' lang='lat' dir='ltr'><strong>fi-</strong></span> 
     </span>
    </p>
   </div>
   <div class='ocr_carea' id='block_1_20' title="bbox 560 1955 2047 2026">
    <p class='ocr_par' dir='ltr' id='par_1_20' title="bbox 560 1955 2047 2026">
     <span class='ocr_line' id='line_1_20' title="bbox 560 1955 2047 2026; baseline -0.001 -12"><span class='ocrx_word' id='word_1_126' title='bbox 560 1961 675 2014; x_wconf 89' lang='lat' dir='ltr'><strong>lloc</strong></span> <span class='ocrx_word' id='word_1_127' title='bbox 712 1958 835 2021; x_wconf 88' lang='lat' dir='ltr'><strong>tibi,</strong></span> <span class='ocrx_word' id='word_1_128' title='bbox 879 1957 1064 2012; x_wconf 87' lang='lat' dir='ltr'><strong>divine</strong></span> <span class='ocrx_word' id='word_1_129' title='bbox 1109 1955 1273 2011; x_wconf 82' lang='lat' dir='ltr'><strong>Verbi</strong></span> <span class='ocrx_word' id='word_1_130' title='bbox 1298 1970 1362 2010; x_wconf 90' lang='lat' dir='ltr'><strong>ac</strong></span> <span class='ocrx_word' id='word_1_131' title='bbox 1398 1957 1844 2026; x_wconf 87' lang='lat' dir='ltr'><strong>eloquentissime</strong></span> <span class='ocrx_word' id='word_1_132' title='bbox 1884 1957 2047 2012; x_wconf 90' lang='lat' dir='ltr'><strong>disci-</strong></span> 
     </span>
    </p>
   </div>
   <div class='ocr_carea' id='block_1_21' title="bbox 495 2045 2037 2124">
    <p class='ocr_par' dir='ltr' id='par_1_21' title="bbox 495 2045 2037 2124">
     <span class='ocr_line' id='line_1_21' title="bbox 495 2045 2037 2124; baseline 0 -23"><span class='ocrx_word' id='word_1_133' title='bbox 495 2049 638 2117; x_wconf 86' lang='lat' dir='ltr'><strong>pule,</strong></span> <span class='ocrx_word' id='word_1_134' title='bbox 689 2048 791 2101; x_wconf 81' lang='lat' dir='ltr'><strong>hoc</strong></span> <span class='ocrx_word' id='word_1_135' title='bbox 814 2047 1099 2113; x_wconf 83' lang='lat' dir='ltr'><strong>longorum</strong></span> <span class='ocrx_word' id='word_1_136' title='bbox 1130 2045 1398 2124; x_wconf 80' lang='lat' dir='ltr'><strong>laborum,</strong></span> <span class='ocrx_word' id='word_1_137' title='bbox 1433 2061 1572 2113; x_wconf 89' lang='lat' dir='ltr'><strong>quos</strong></span> <span class='ocrx_word' id='word_1_138' title='bbox 1605 2047 1850 2114; x_wconf 80' lang='lat' dir='ltr'><strong>magistri</strong></span> <span class='ocrx_word' id='word_1_139' title='bbox 1873 2062 2037 2101; x_wconf 90' lang='lat' dir='ltr'><strong>causa</strong></span> 
     </span>
    </p>
   </div>
   <div class='ocr_carea' id='block_1_22' title="bbox 496 2129 2039 2202">
    <p class='ocr_par' dir='ltr' id='par_1_22' title="bbox 496 2129 2039 2202">
     <span class='ocr_line' id='line_1_22' title="bbox 496 2129 2039 2202; baseline 0 -13"><span class='ocrx_word' id='word_1_140' title='bbox 496 2136 881 2197; x_wconf 75' lang='lat' dir='ltr'><strong>desudaveras,</strong></span> <span class='ocrx_word' id='word_1_141' title='bbox 933 2134 1156 2201; x_wconf 85' lang='lat' dir='ltr'><strong>dignum</strong></span> <span class='ocrx_word' id='word_1_142' title='bbox 1206 2129 1532 2202; x_wconf 72' lang='lat' dir='ltr'><strong>praemium;</strong></span> <span class='ocrx_word' id='word_1_143' title='bbox 1569 2145 1629 2188; x_wconf 90' lang='lat' dir='ltr'><strong>ut</strong></span> <span class='ocrx_word' id='word_1_144' title='bbox 1658 2135 1912 2189; x_wconf 83' lang='lat' dir='ltr'><strong>videlicet</strong></span> <span class='ocrx_word' id='word_1_145' title='bbox 1962 2136 2039 2189; x_wconf 92' lang='lat' dir='ltr'><strong>illi</strong></span> 
     </span>
    </p>
   </div>
   <div class='ocr_carea' id='block_1_23' title="bbox 496 2223 2041 2298">
    <p class='ocr_par' dir='ltr' id='par_1_23' title="bbox 496 2223 2041 2298">
     <span class='ocr_line' id='line_1_23' title="bbox 496 2223 2041 2298; baseline 0.001 -21"><span class='ocrx_word' id='word_1_146' title='bbox 496 2226 595 2294; x_wconf 78' lang='lat' dir='ltr'><strong>ipsi</strong></span> <span class='ocrx_word' id='word_1_147' title='bbox 637 2223 994 2298; x_wconf 80' lang='lat' dir='ltr'><strong>copulareris,</strong></span> <span class='ocrx_word' id='word_1_148' title='bbox 1024 2237 1089 2275; x_wconf 91' lang='lat' dir='ltr'><strong>ac</strong></span> <span class='ocrx_word' id='word_1_149' title='bbox 1118 2223 1262 2276; x_wconf 87' lang='lat' dir='ltr'><strong>sicut</strong></span> <span class='ocrx_word' id='word_1_150' title='bbox 1292 2238 1418 2276; x_wconf 92' lang='lat' dir='ltr'><strong>eum</strong></span> <span class='ocrx_word' id='word_1_151' title='bbox 1451 2224 1852 2278; x_wconf 88' lang='lat' dir='ltr'><strong>clarificaveras</strong></span> <span class='ocrx_word' id='word_1_152' title='bbox 1876 2241 2041 2294; x_wconf 82' lang='lat' dir='ltr'><strong>super</strong></span> 
     </span>
    </p>
   </div>
   <div class='ocr_carea' id='block_1_24' title="bbox 496 2312 2042 2376">
    <p class='ocr_par' dir='ltr' id='par_1_24' title="bbox 496 2312 2042 2376">
     <span class='ocr_line' id='line_1_24' title="bbox 496 2312 2042 2376; baseline 0 -8"><span class='ocrx_word' id='word_1_153' title='bbox 496 2327 718 2376; x_wconf 90' lang='lat' dir='ltr'><strong>terram,</strong></span> <span class='ocrx_word' id='word_1_154' title='bbox 759 2314 836 2367; x_wconf 91' lang='lat' dir='ltr'><strong>sic</strong></span> <span class='ocrx_word' id='word_1_155' title='bbox 876 2328 998 2366; x_wconf 90' lang='lat' dir='ltr'><strong>cum</strong></span> <span class='ocrx_word' id='word_1_156' title='bbox 1036 2328 1104 2366; x_wconf 92' lang='lat' dir='ltr'><strong>eo</strong></span> <span class='ocrx_word' id='word_1_157' title='bbox 1140 2312 1194 2365; x_wconf 91' lang='lat' dir='ltr'><strong>in</strong></span> <span class='ocrx_word' id='word_1_158' title='bbox 1224 2313 1379 2366; x_wconf 78' lang='lat' dir='ltr'><strong>caelis</strong></span> <span class='ocrx_word' id='word_1_159' title='bbox 1413 2314 1795 2368; x_wconf 84' lang='lat' dir='ltr'><strong>claritlcareris</strong></span> <span class='ocrx_word' id='word_1_160' title='bbox 1825 2331 1842 2368; x_wconf 84' lang='lat'><strong>:</strong></span> <span class='ocrx_word' id='word_1_161' title='bbox 1871 2330 1937 2369; x_wconf 88' lang='lat' dir='ltr'><strong>ac</strong></span> <span class='ocrx_word' id='word_1_162' title='bbox 1962 2316 2042 2370; x_wconf 81' lang='lat' dir='ltr'><strong>si-</strong></span> 
     </span>
    </p>
   </div>
   <div class='ocr_carea' id='block_1_25' title="bbox 496 2387 2042 2479">
    <p class='ocr_par' dir='ltr' id='par_1_25' title="bbox 496 2387 2042 2479">
     <span class='ocr_line' id='line_1_25' title="bbox 496 2387 2042 2479; baseline 0.001 -20"><span class='ocrx_word' id='word_1_163' title='bbox 496 2387 878 2459; x_wconf 67' lang='lat' dir='ltr'><strong>cutcxcellenti</strong></span> <span class='ocrx_word' id='word_1_164' title='bbox 907 2403 1141 2470; x_wconf 90' lang='lat' dir='ltr'><strong>quadam</strong></span> <span class='ocrx_word' id='word_1_165' title='bbox 1165 2404 1374 2457; x_wconf 87' lang='lat' dir='ltr'><strong>ratione</strong></span> <span class='ocrx_word' id='word_1_166' title='bbox 1391 2405 1710 2479; x_wconf 87' lang='lat' dir='ltr'><strong>passionum</strong></span> <span class='ocrx_word' id='word_1_167' title='bbox 1740 2405 1924 2460; x_wconf 88' lang='lat' dir='ltr'><strong>socius</strong></span> <span class='ocrx_word' id='word_1_168' title='bbox 1945 2421 2042 2460; x_wconf 78' lang='lat' dir='ltr'><strong>ex-</strong></span> 
     </span>
    </p>
   </div>
   <div class='ocr_carea' id='block_1_26' title="bbox 495 2494 2042 2572">
    <p class='ocr_par' dir='ltr' id='par_1_26' title="bbox 495 2494 2042 2572">
     <span class='ocr_line' id='line_1_26' title="bbox 495 2494 2042 2572; baseline 0.003 -24"><span class='ocrx_word' id='word_1_169' title='bbox 495 2496 728 2572; x_wconf 72' lang='lat' dir='ltr'><strong>stiteras,</strong></span> <span class='ocrx_word' id='word_1_170' title='bbox 760 2494 839 2548; x_wconf 87' lang='lat' dir='ltr'><strong>sic</strong></span> <span class='ocrx_word' id='word_1_171' title='bbox 866 2494 1109 2564; x_wconf 86' lang='lat' dir='ltr'><strong>ejusdem</strong></span> <span class='ocrx_word' id='word_1_172' title='bbox 1136 2507 1259 2546; x_wconf 91' lang='lat' dir='ltr'><strong>cum</strong></span> <span class='ocrx_word' id='word_1_173' title='bbox 1288 2508 1356 2549; x_wconf 88' lang='lat' dir='ltr'><strong>eo</strong></span> <span class='ocrx_word' id='word_1_174' title='bbox 1379 2495 1531 2566; x_wconf 86' lang='lat' dir='ltr'><strong>regni</strong></span> <span class='ocrx_word' id='word_1_175' title='bbox 1559 2497 1833 2566; x_wconf 85' lang='lat' dir='ltr'><strong>particeps</strong></span> <span class='ocrx_word' id='word_1_176' title='bbox 1856 2496 2042 2552; x_wconf 79' lang='lat' dir='ltr'><strong>enice-</strong></span> 
     </span>
    </p>
   </div>
   <div class='ocr_carea' id='block_1_27' title="bbox 494 2599 651 2638">
    <p class='ocr_par' dir='ltr' id='par_1_27' title="bbox 494 2599 651 2638">
     <span class='ocr_line' id='line_1_27' title="bbox 494 2599 651 2638; baseline 0.006 -2"><span class='ocrx_word' id='word_1_177' title='bbox 494 2599 651 2638; x_wconf 87' lang='lat' dir='ltr'><strong>rens.</strong></span> 
     </span>
    </p>
   </div>
   <div class='ocr_carea' id='block_1_28' title="bbox 562 2657 2040 2746">
    <p class='ocr_par' dir='ltr' id='par_1_28' title="bbox 562 2657 2040 2746">
     <span class='ocr_line' id='line_1_28' title="bbox 562 2657 2040 2746; baseline 0.006 -20"><span class='ocrx_word' id='word_1_178' title='bbox 562 2672 720 2726; x_wconf 85' lang='lat' dir='ltr'><strong>Salve</strong></span> <span class='ocrx_word' id='word_1_179' title='bbox 754 2672 830 2726; x_wconf 83' lang='lat' dir='ltr'><strong>sis</strong></span> <span class='ocrx_word' id='word_1_180' title='bbox 852 2671 1036 2741; x_wconf 78' lang='lat' dir='ltr'><strong>igitur,</strong></span> <span class='ocrx_word' id='word_1_181' title='bbox 1067 2671 1180 2727; x_wconf 90' lang='lat' dir='ltr'><strong>Deo</strong></span> <span class='ocrx_word' id='word_1_182' title='bbox 1206 2672 1521 2731; x_wconf 82' lang='lat' dir='ltr'><strong>beatissime</strong></span> <span class='ocrx_word' id='word_1_183' title='bbox 1575 2690 1897 2746; x_wconf 83' lang='lat' dir='ltr'><strong>summeque</strong></span> <span class='ocrx_word' id='word_1_184' title='bbox 1943 2657 2040 2734; x_wconf 86' lang='lat' dir='ltr'><strong>ve-</strong></span> 
     </span>
    </p>
   </div>
   <div class='ocr_carea' id='block_1_29' title="bbox 495 2761 2044 2839">
    <p class='ocr_par' dir='ltr' id='par_1_29' title="bbox 495 2761 2044 2839">
     <span class='ocr_line' id='line_1_29' title="bbox 495 2761 2044 2839; baseline 0.006 -25"><span class='ocrx_word' id='word_1_185' title='bbox 495 2761 754 2817; x_wconf 83' lang='lat' dir='ltr'><strong>nerabilis</strong></span> <span class='ocrx_word' id='word_1_186' title='bbox 785 2761 1000 2824; x_wconf 87' lang='lat' dir='ltr'><strong>Simon,</strong></span> <span class='ocrx_word' id='word_1_187' title='bbox 1020 2761 1349 2818; x_wconf 74' lang='lat' dir='ltr'><strong>obedientiae</strong></span> <span class='ocrx_word' id='word_1_188' title='bbox 1367 2779 1568 2819; x_wconf 84' lang='lat' dir='ltr'><strong>nomen</strong></span> <span class='ocrx_word' id='word_1_189' title='bbox 1602 2766 1731 2833; x_wconf 89' lang='lat' dir='ltr'><strong>(hoc</strong></span> <span class='ocrx_word' id='word_1_190' title='bbox 1750 2768 1896 2826; x_wconf 86' lang='lat' dir='ltr'><strong>enim</strong></span> <span class='ocrx_word' id='word_1_191' title='bbox 1923 2770 2044 2839; x_wconf 85' lang='lat' dir='ltr'><strong>ejus</strong></span> 
     </span>
    </p>
   </div>
   <div class='ocr_carea' id='block_1_30' title="bbox 495 2857 2044 2929">
    <p class='ocr_par' dir='ltr' id='par_1_30' title="bbox 495 2857 2044 2929">
     <span class='ocr_line' id='line_1_30' title="bbox 495 2857 2044 2929; baseline 0 -17"><span class='ocrx_word' id='word_1_192' title='bbox 495 2859 877 2929; x_wconf 77' lang='lat' dir='ltr'><strong>significatum)</strong></span> <span class='ocrx_word' id='word_1_193' title='bbox 909 2858 1071 2927; x_wconf 87' lang='lat' dir='ltr'><strong>digne</strong></span> <span class='ocrx_word' id='word_1_194' title='bbox 1103 2858 1462 2914; x_wconf 85' lang='lat' dir='ltr'><strong>Deoiaudada</strong></span> <span class='ocrx_word' id='word_1_195' title='bbox 1496 2873 1582 2912; x_wconf 90' lang='lat' dir='ltr'><strong>res</strong></span> <span class='ocrx_word' id='word_1_196' title='bbox 1606 2857 1876 2927; x_wconf 78' lang='lat' dir='ltr'><strong>digneque</strong></span> <span class='ocrx_word' id='word_1_197' title='bbox 1897 2873 2044 2912; x_wconf 88' lang='lat' dir='ltr'><strong>ama-</strong></span> 
     </span>
    </p>
   </div>
   <div class='ocr_carea' id='block_1_31' title="bbox 2148 421 3703 493">
    <p class='ocr_par' dir='ltr' id='par_1_31' title="bbox 2148 421 3703 493">
     <span class='ocr_line' id='line_1_31' title="bbox 2148 421 3703 493; baseline -0.005 -16"><span class='ocrx_word' id='word_1_198' title='bbox 2148 424 2239 477; x_wconf 82' lang='grc' dir='ltr'><strong>τοῦ</strong></span> <span class='ocrx_word' id='word_1_199' title='bbox 2269 425 2515 493; x_wconf 82' lang='grc' dir='ltr'>σώματος</span> <span class='ocrx_word' id='word_1_200' title='bbox 2548 424 2910 489; x_wconf 75' lang='grc' dir='ltr'>ἐξιστάμενος,</span> <span class='ocrx_word' id='word_1_201' title='bbox 2949 422 3082 490; x_wconf 77' lang='grc' dir='ltr'>πρὸς</span> <span class='ocrx_word' id='word_1_202' title='bbox 3124 422 3311 474; x_wconf 78' lang='grc' dir='ltr'>ἑαυτὸν</span> <span class='ocrx_word' id='word_1_203' title='bbox 3340 421 3397 473; x_wconf 74' lang='grc' dir='ltr'>δὲ</span> <span class='ocrx_word' id='word_1_204' title='bbox 3419 437 3703 472; x_wconf 72' lang='grc' dir='ltr'>συννενευ-</span> 
     </span>
    </p>
   </div>
   <div class='ocr_carea' id='block_1_32' title="bbox 2149 504 3703 580">
    <p class='ocr_par' dir='ltr' id='par_1_32' title="bbox 2149 504 3703 580">
     <span class='ocr_line' id='line_1_32' title="bbox 2149 504 3703 580; baseline -0.004 -14"><span class='ocrx_word' id='word_1_205' title='bbox 2149 514 2256 576; x_wconf 86' lang='grc' dir='ltr'>κὼς</span> <span class='ocrx_word' id='word_1_206' title='bbox 2290 516 2428 576; x_wconf 86' lang='grc' dir='ltr'>ὅλος,</span> <span class='ocrx_word' id='word_1_207' title='bbox 2465 513 2558 566; x_wconf 77' lang='grc' dir='ltr'><strong>καὶ</strong></span> <span class='ocrx_word' id='word_1_208' title='bbox 2587 513 2652 564; x_wconf 74' lang='grc' dir='ltr'>δι’</span> <span class='ocrx_word' id='word_1_209' title='bbox 2678 513 2870 564; x_wconf 80' lang='grc' dir='ltr'>ἑαυτοῦ</span> <span class='ocrx_word' id='word_1_210' title='bbox 2905 512 3171 580; x_wconf 48' lang='grc' dir='ltr'>πρδςοτδν,</span> <span class='ocrx_word' id='word_1_211' title='bbox 3199 512 3257 562; x_wconf 83' lang='grc' dir='ltr'>ὲν</span> <span class='ocrx_word' id='word_1_212' title='bbox 3280 504 3322 577; x_wconf 84' lang='grc' dir='ltr'>ᾧ</span> <span class='ocrx_word' id='word_1_213' title='bbox 3349 511 3435 561; x_wconf 83' lang='grc' dir='ltr'><strong>διά</strong></span> <span class='ocrx_word' id='word_1_214' title='bbox 3466 510 3703 567; x_wconf 81' lang='grc' dir='ltr'>πίστεως</span> 
     </span>
    </p>
   </div>
   <div class='ocr_carea' id='block_1_33' title="bbox 2147 594 3705 673">
    <p class='ocr_par' dir='ltr' id='par_1_33' title="bbox 2147 594 3705 673">
     <span class='ocr_line' id='line_1_33' title="bbox 2147 594 3705 673; baseline -0.005 -19"><span class='ocrx_word' id='word_1_215' title='bbox 2147 600 2214 673; x_wconf 84' lang='grc' dir='ltr'>ἦν</span> <span class='ocrx_word' id='word_1_216' title='bbox 2247 604 2331 655; x_wconf 79' lang='grc' dir='ltr'>ἀεὶ</span> <span class='ocrx_word' id='word_1_217' title='bbox 2363 603 2769 670; x_wconf 77' lang='grc' dir='ltr'>μεθιστάμενος,</span> <span class='ocrx_word' id='word_1_218' title='bbox 2801 601 3196 663; x_wconf 78' lang='grc' dir='ltr'>ἀποδιῦλίζεται</span> <span class='ocrx_word' id='word_1_219' title='bbox 3223 601 3319 668; x_wconf 83' lang='grc' dir='ltr'>μὲν</span> <span class='ocrx_word' id='word_1_220' title='bbox 3342 599 3585 666; x_wconf 84' lang='grc' dir='ltr'>καθάπερ</span> <span class='ocrx_word' id='word_1_221' title='bbox 3605 594 3705 648; x_wconf 84' lang='grc' dir='ltr'>τοῦ</span> 
     </span>
    </p>
   </div>
   <div class='ocr_carea' id='block_1_34' title="bbox 2151 687 3700 760">
    <p class='ocr_par' dir='ltr' id='par_1_34' title="bbox 2151 687 3700 760">
     <span class='ocr_line' id='line_1_34' title="bbox 2151 687 3700 760; baseline -0.005 -16"><span class='ocrx_word' id='word_1_222' title='bbox 2151 693 2417 760; x_wconf 76' lang='grc' dir='ltr'>σώματος,</span> <span class='ocrx_word' id='word_1_223' title='bbox 2454 691 2619 743; x_wconf 86' lang='grc' dir='ltr'>πάλαι</span> <span class='ocrx_word' id='word_1_224' title='bbox 2651 691 2710 741; x_wconf 75' lang='grc' dir='ltr'><strong>τὸ</strong></span> <span class='ocrx_word' id='word_1_225' title='bbox 2738 691 2986 760; x_wconf 82' lang='grc' dir='ltr'><strong>σάρκινον</strong></span> <span class='ocrx_word' id='word_1_226' title='bbox 3016 691 3235 758; x_wconf 71' lang='grc' dir='ltr'>φόρημα</span> <span class='ocrx_word' id='word_1_227' title='bbox 3271 687 3700 756; x_wconf 73' lang='grc' dir='ltr'>νενεκρωμένος’</span> 
     </span>
    </p>
   </div>
   <div class='ocr_carea' id='block_1_35' title="bbox 2148 777 3706 850">
    <p class='ocr_par' dir='ltr' id='par_1_35' title="bbox 2148 777 3706 850">
     <span class='ocr_line' id='line_1_35' title="bbox 2148 777 3706 850; baseline -0.005 -16"><span class='ocrx_word' id='word_1_228' title='bbox 2148 779 2234 834; x_wconf 71' lang='grc' dir='ltr'><strong>οἷα</strong></span> <span class='ocrx_word' id='word_1_229' title='bbox 2263 783 2316 834; x_wconf 79' lang='grc' dir='ltr'><strong>δὲ</strong></span> <span class='ocrx_word' id='word_1_230' title='bbox 2345 782 2527 850; x_wconf 83' lang='grc' dir='ltr'>πτερῷ</span> <span class='ocrx_word' id='word_1_231' title='bbox 2549 781 2734 848; x_wconf 71' lang='grc' dir='ltr'>κούφῳ</span> <span class='ocrx_word' id='word_1_232' title='bbox 2775 782 2865 833; x_wconf 70' lang='grc' dir='ltr'><strong>καὶ</strong></span> <span class='ocrx_word' id='word_1_233' title='bbox 2900 780 3250 849; x_wconf 75' lang='grc' dir='ltr'>οὐρανοπόρῳ</span> <span class='ocrx_word' id='word_1_234' title='bbox 3303 777 3380 846; x_wconf 76' lang='grc' dir='ltr'>τῷ</span> <span class='ocrx_word' id='word_1_235' title='bbox 3433 777 3706 844; x_wconf 82' lang='grc' dir='ltr'>πνεύματι</span> 
     </span>
    </p>
   </div>
   <div class='ocr_carea' id='block_1_36' title="bbox 2148 865 3704 938">
    <p class='ocr_par' dir='ltr' id='par_1_36' title="bbox 2148 865 3704 938">
     <span class='ocr_line' id='line_1_36' title="bbox 2148 865 3704 938; baseline -0.003 -18"><span class='ocrx_word' id='word_1_236' title='bbox 2148 870 2481 937; x_wconf 82' lang='grc' dir='ltr'>διαιρόμενος</span> <span class='ocrx_word' id='word_1_237' title='bbox 2507 870 2584 929; x_wconf 77' lang='grc' dir='ltr'><strong>εἰς</strong></span> <span class='ocrx_word' id='word_1_238' title='bbox 2611 869 2888 937; x_wconf 79' lang='grc' dir='ltr'>οὐρανοὺς,</span> <span class='ocrx_word' id='word_1_239' title='bbox 2910 869 3010 938; x_wconf 83' lang='grc' dir='ltr'>ὁρᾷ</span> <span class='ocrx_word' id='word_1_240' title='bbox 3043 868 3136 936; x_wconf 82' lang='grc' dir='ltr'>μὲν</span> <span class='ocrx_word' id='word_1_241' title='bbox 3171 867 3265 926; x_wconf 81' lang='grc' dir='ltr'>τὰς</span> <span class='ocrx_word' id='word_1_242' title='bbox 3292 865 3541 935; x_wconf 80' lang='grc' dir='ltr'><strong>οὐρανίας</strong></span> <span class='ocrx_word' id='word_1_243' title='bbox 3567 865 3704 916; x_wconf 78' lang='grc' dir='ltr'>ἀνα-</span> 
     </span>
    </p>
   </div>
   <div class='ocr_carea' id='block_1_37' title="bbox 2149 954 3708 1028">
    <p class='ocr_par' dir='ltr' id='par_1_37' title="bbox 2149 954 3708 1028">
     <span class='ocr_line' id='line_1_37' title="bbox 2149 954 3708 1028; baseline -0.001 -21"><span class='ocrx_word' id='word_1_244' title='bbox 2149 957 2500 1025; x_wconf 85' lang='grc' dir='ltr'><strong>πεπταμένας</strong></span> <span class='ocrx_word' id='word_1_245' title='bbox 2535 956 2679 1025; x_wconf 79' lang='grc' dir='ltr'>αὐτῷ</span> <span class='ocrx_word' id='word_1_246' title='bbox 2720 957 2888 1018; x_wconf 82' lang='grc' dir='ltr'>πύλας</span> <span class='ocrx_word' id='word_1_247' title='bbox 2919 973 2935 989; x_wconf 77' lang='grc' dir='ltr'><strong>ο</strong></span> <span class='ocrx_word' id='word_1_248' title='bbox 2964 958 3066 1026; x_wconf 79' lang='grc' dir='ltr'>ὁρᾷ</span> <span class='ocrx_word' id='word_1_249' title='bbox 3089 957 3142 1008; x_wconf 77' lang='grc' dir='ltr'>δὲ</span> <span class='ocrx_word' id='word_1_250' title='bbox 3174 954 3426 1022; x_wconf 79' lang='grc' dir='ltr'>καθαρῶς</span> <span class='ocrx_word' id='word_1_251' title='bbox 3460 954 3549 1006; x_wconf 85' lang='grc' dir='ltr'>τὸν</span> <span class='ocrx_word' id='word_1_252' title='bbox 3572 954 3708 1028; x_wconf 79' lang='grc' dir='ltr'>Υίδν</span> 
     </span>
    </p>
   </div>
   <div class='ocr_carea' id='block_1_38' title="bbox 2149 1041 3709 1115">
    <p class='ocr_par' dir='ltr' id='par_1_38' title="bbox 2149 1041 3709 1115">
     <span class='ocr_line' id='line_1_38' title="bbox 2149 1041 3709 1115; baseline -0.003 -19"><span class='ocrx_word' id='word_1_253' title='bbox 2149 1044 2238 1096; x_wconf 86' lang='grc' dir='ltr'>τοῦ</span> <span class='ocrx_word' id='word_1_254' title='bbox 2270 1043 2401 1095; x_wconf 81' lang='grc' dir='ltr'>Θεοῦ</span> <span class='ocrx_word' id='word_1_255' title='bbox 2433 1048 2493 1094; x_wconf 85' lang='grc' dir='ltr'><strong>ὲκ</strong></span> <span class='ocrx_word' id='word_1_256' title='bbox 2514 1044 2696 1107; x_wconf 80' lang='grc' dir='ltr'>δεξιῶν</span> <span class='ocrx_word' id='word_1_257' title='bbox 2720 1045 2818 1112; x_wconf 80' lang='grc' dir='ltr'>τῆς</span> <span class='ocrx_word' id='word_1_258' title='bbox 2849 1045 3110 1115; x_wconf 88' lang='grc' dir='ltr'>Πατρὼας</span> <span class='ocrx_word' id='word_1_259' title='bbox 3140 1041 3523 1112; x_wconf 80' lang='grc' dir='ltr'>μεγαλωσύνης</span> <span class='ocrx_word' id='word_1_260' title='bbox 3558 1041 3709 1110; x_wconf 79' lang='grc' dir='ltr'>ἰδρυ-</span> 
     </span>
    </p>
   </div>
   <div class='ocr_carea' id='block_1_39' title="bbox 2153 1130 3709 1202">
    <p class='ocr_par' dir='ltr' id='par_1_39' title="bbox 2153 1130 3709 1202">
     <span class='ocr_line' id='line_1_39' title="bbox 2153 1130 3709 1202; baseline -0.001 -18"><span class='ocrx_word' id='word_1_261' title='bbox 2153 1133 2310 1200; x_wconf 85' lang='grc' dir='ltr'>μένον</span> <span class='ocrx_word' id='word_1_262' title='bbox 2333 1149 2346 1161; x_wconf 65' lang='lat'><strong><em>“</em></strong></span> <span class='ocrx_word' id='word_1_263' title='bbox 2382 1134 2472 1184; x_wconf 73' lang='grc' dir='ltr'><strong>καὶ</strong></span> <span class='ocrx_word' id='word_1_264' title='bbox 2497 1135 2653 1196; x_wconf 77' lang='grc' dir='ltr'>αὐτὸς</span> <span class='ocrx_word' id='word_1_265' title='bbox 2678 1134 2779 1185; x_wconf 82' lang='grc' dir='ltr'><strong>ὑπὸ</strong></span> <span class='ocrx_word' id='word_1_266' title='bbox 2813 1135 2989 1200; x_wconf 77' lang='grc' dir='ltr'>πάσης</span> <span class='ocrx_word' id='word_1_267' title='bbox 3027 1134 3216 1202; x_wconf 74' lang='grc' dir='ltr'>νοερᾶς</span> <span class='ocrx_word' id='word_1_268' title='bbox 3243 1131 3337 1184; x_wconf 76' lang='grc' dir='ltr'><strong>καὶ</strong></span> <span class='ocrx_word' id='word_1_269' title='bbox 3356 1133 3512 1198; x_wconf 84' lang='grc' dir='ltr'>ἁγίας</span> <span class='ocrx_word' id='word_1_270' title='bbox 3548 1130 3709 1199; x_wconf 85' lang='grc' dir='ltr'>δορυ-</span> 
     </span>
    </p>
   </div>
   <div class='ocr_carea' id='block_1_40' title="bbox 2149 1222 3713 1292">
    <p class='ocr_par' dir='ltr' id='par_1_40' title="bbox 2149 1222 3713 1292">
     <span class='ocr_line' id='line_1_40' title="bbox 2149 1222 3713 1292; baseline 0.001 -20"><span class='ocrx_word' id='word_1_271' title='bbox 2149 1223 2476 1291; x_wconf 79' lang='grc' dir='ltr'>φορούμενος</span> <span class='ocrx_word' id='word_1_272' title='bbox 2509 1223 2846 1291; x_wconf 79' lang='grc' dir='ltr'>ταξιαρχίας,</span> <span class='ocrx_word' id='word_1_273' title='bbox 2876 1225 3119 1292; x_wconf 85' lang='grc' dir='ltr'>πρόσεισι</span> <span class='ocrx_word' id='word_1_274' title='bbox 3151 1224 3423 1292; x_wconf 83' lang='grc' dir='ltr'><strong>μυστικῶς</strong></span> <span class='ocrx_word' id='word_1_275' title='bbox 3467 1222 3558 1274; x_wconf 75' lang='grc' dir='ltr'>καὶ</span> <span class='ocrx_word' id='word_1_276' title='bbox 3606 1223 3713 1291; x_wconf 65' lang='lat' dir='ltr'><strong>ap-</strong></span> 
     </span>
    </p>
   </div>
   <div class='ocr_carea' id='block_1_41' title="bbox 2151 1313 3712 1383">
    <p class='ocr_par' dir='ltr' id='par_1_41' title="bbox 2151 1313 3712 1383">
     <span class='ocr_line' id='line_1_41' title="bbox 2151 1313 3712 1383; baseline 0.002 -22"><span class='ocrx_word' id='word_1_277' title='bbox 2151 1315 2328 1381; x_wconf 75' lang='grc' dir='ltr'>ῥήτως</span> <span class='ocrx_word' id='word_1_278' title='bbox 2351 1314 2426 1380; x_wconf 81' lang='grc' dir='ltr'>τῷ</span> <span class='ocrx_word' id='word_1_279' title='bbox 2454 1313 2554 1381; x_wconf 83' lang='grc' dir='ltr'>τῆς</span> <span class='ocrx_word' id='word_1_280' title='bbox 2585 1314 2740 1383; x_wconf 80' lang='grc' dir='ltr'>δόξης</span> <span class='ocrx_word' id='word_1_281' title='bbox 2765 1315 2822 1365; x_wconf 77' lang='grc' dir='ltr'>ἐν</span> <span class='ocrx_word' id='word_1_282' title='bbox 2856 1313 3170 1380; x_wconf 81' lang='grc' dir='ltr'>ἀγαλλιάσει</span> <span class='ocrx_word' id='word_1_283' title='bbox 3200 1313 3572 1383; x_wconf 61' lang='grc' dir='ltr'>Παμὸασιλεῖέ</span> <span class='ocrx_word' id='word_1_284' title='bbox 3611 1315 3712 1364; x_wconf 83' lang='grc' dir='ltr'>καὶ</span> 
     </span>
    </p>
   </div>
   <div class='ocr_carea' id='block_1_42' title="bbox 2149 1401 3711 1473">
    <p class='ocr_par' dir='ltr' id='par_1_42' title="bbox 2149 1401 3711 1473">
     <span class='ocr_line' id='line_1_42' title="bbox 2149 1401 3711 1473; baseline -0.002 -17"><span class='ocrx_word' id='word_1_285' title='bbox 2149 1403 2296 1470; x_wconf 81' lang='grc' dir='ltr'><strong>αὐτῷ</strong></span> <span class='ocrx_word' id='word_1_286' title='bbox 2349 1404 2638 1470; x_wconf 88' lang='grc' dir='ltr'>πρόσωπον</span> <span class='ocrx_word' id='word_1_287' title='bbox 2690 1403 2823 1472; x_wconf 73' lang='grc' dir='ltr'>πρὸς</span> <span class='ocrx_word' id='word_1_288' title='bbox 2872 1402 3158 1473; x_wconf 81' lang='grc' dir='ltr'>πρόσωπον</span> <span class='ocrx_word' id='word_1_289' title='bbox 3217 1401 3587 1473; x_wconf 73' lang='grc' dir='ltr'>ἐντετυχηκὼς</span> <span class='ocrx_word' id='word_1_290' title='bbox 3614 1402 3711 1454; x_wconf 66' lang='grc' dir='ltr'><strong>καὶ⁵</strong></span> 
     </span>
    </p>
   </div>
   <div class='ocr_carea' id='block_1_43' title="bbox 2151 1484 3710 1562">
    <p class='ocr_par' dir='ltr' id='par_1_43' title="bbox 2151 1484 3710 1562">
     <span class='ocr_line' id='line_1_43' title="bbox 2151 1484 3710 1562; baseline -0.001 -18"><span class='ocrx_word' id='word_1_291' title='bbox 2151 1492 2440 1562; x_wconf 73' lang='grc' dir='ltr'>ὑπερφυῶς</span> <span class='ocrx_word' id='word_1_292' title='bbox 2464 1491 2622 1544; x_wconf 83' lang='grc' dir='ltr'>αὐτὸν</span> <span class='ocrx_word' id='word_1_293' title='bbox 2652 1492 2905 1561; x_wconf 86' lang='grc' dir='ltr'>ὑμνηκῶς</span> <span class='ocrx_word' id='word_1_294' title='bbox 2933 1507 2947 1522; x_wconf 76' lang='grc' dir='ltr'>ο</span> <span class='ocrx_word' id='word_1_295' title='bbox 2979 1493 3072 1543; x_wconf 78' lang='grc' dir='ltr'>καὶ</span> <span class='ocrx_word' id='word_1_296' title='bbox 3100 1484 3176 1562; x_wconf 79' lang='grc' dir='ltr'>τῷ</span> <span class='ocrx_word' id='word_1_297' title='bbox 3227 1493 3472 1562; x_wconf 83' lang='grc' dir='ltr'>στεφάνῳ</span> <span class='ocrx_word' id='word_1_298' title='bbox 3495 1492 3595 1560; x_wconf 81' lang='grc' dir='ltr'>τῆς</span> <span class='ocrx_word' id='word_1_299' title='bbox 3622 1493 3710 1542; x_wconf 85' lang='grc' dir='ltr'>δι-</span> 
     </span>
    </p>
   </div>
   <div class='ocr_carea' id='block_1_44' title="bbox 2151 1580 3714 1652">
    <p class='ocr_par' dir='ltr' id='par_1_44' title="bbox 2151 1580 3714 1652">
     <span class='ocr_line' id='line_1_44' title="bbox 2151 1580 3714 1652; baseline -0.001 -18"><span class='ocrx_word' id='word_1_300' title='bbox 2151 1581 2444 1650; x_wconf 87' lang='grc' dir='ltr'>καιοσύνης</span> <span class='ocrx_word' id='word_1_301' title='bbox 2471 1580 2620 1650; x_wconf 72' lang='grc' dir='ltr'>παρὰ</span> <span class='ocrx_word' id='word_1_302' title='bbox 2647 1583 2745 1650; x_wconf 80' lang='grc' dir='ltr'>τῆς</span> <span class='ocrx_word' id='word_1_303' title='bbox 2772 1581 2949 1646; x_wconf 83' lang='grc' dir='ltr'>δεξιᾶς</span> <span class='ocrx_word' id='word_1_304' title='bbox 2977 1584 3413 1652; x_wconf 77' lang='grc' dir='ltr'><strong>ἐστεφανωμένος</strong></span> <span class='ocrx_word' id='word_1_305' title='bbox 3458 1580 3550 1634; x_wconf 82' lang='grc' dir='ltr'><strong>τοῦ</strong></span> <span class='ocrx_word' id='word_1_306' title='bbox 3601 1583 3714 1649; x_wconf 85' lang='grc' dir='ltr'><strong>Ἰη-</strong></span> 
     </span>
    </p>
   </div>
   <div class='ocr_carea' id='block_1_45' title="bbox 1985 1671 3710 1749">
    <p class='ocr_par' dir='ltr' id='par_1_45' title="bbox 1985 1671 3710 1749">
     <span class='ocr_line' id='line_1_45' title="bbox 1985 1671 3710 1749; baseline -0.003 -21"><span class='ocrx_word' id='word_1_307' title='bbox 1985 1721 2000 1728; x_wconf 85' lang='grc'><strong>-</strong></span> <span class='ocrx_word' id='word_1_308' title='bbox 2071 1671 2122 1749; x_wconf 33' lang='grc' dir='ltr'><strong>,υ</strong></span> <span class='ocrx_word' id='word_1_309' title='bbox 2154 1671 2245 1724; x_wconf 87' lang='grc' dir='ltr'><strong>σοῦ</strong></span> <span class='ocrx_word' id='word_1_310' title='bbox 2282 1687 2295 1702; x_wconf 76' lang='grc'><strong><em>⁸</em></strong></span> <span class='ocrx_word' id='word_1_311' title='bbox 2322 1673 2412 1724; x_wconf 76' lang='grc' dir='ltr'><strong>καὶ</strong></span> <span class='ocrx_word' id='word_1_312' title='bbox 2435 1673 2672 1749; x_wconf 73' lang='grc' dir='ltr'>ἀρρήτου</span> <span class='ocrx_word' id='word_1_313' title='bbox 2690 1671 2985 1736; x_wconf 80' lang='grc' dir='ltr'>δεξιώσεως</span> <span class='ocrx_word' id='word_1_314' title='bbox 3018 1673 3112 1727; x_wconf 78' lang='grc' dir='ltr'>καὶ</span> <span class='ocrx_word' id='word_1_315' title='bbox 3131 1673 3295 1749; x_wconf 74' lang='grc' dir='ltr'>τιμῆς</span> <span class='ocrx_word' id='word_1_316' title='bbox 3325 1671 3710 1736; x_wconf 77' lang='grc' dir='ltr'>καταξιωθεὶς,</span> 
     </span>
    </p>
   </div>
   <div class='ocr_carea' id='block_1_46' title="bbox 2149 1759 3713 1832">
    <p class='ocr_par' dir='ltr' id='par_1_46' title="bbox 2149 1759 3713 1832">
     <span class='ocr_line' id='line_1_46' title="bbox 2149 1759 3713 1832; baseline 0.002 -19"><span class='ocrx_word' id='word_1_317' title='bbox 2149 1763 2260 1824; x_wconf 83' lang='grc' dir='ltr'>τοῖς</span> <span class='ocrx_word' id='word_1_318' title='bbox 2291 1761 2547 1815; x_wconf 81' lang='grc' dir='ltr'>ἀνωτάτω</span> <span class='ocrx_word' id='word_1_319' title='bbox 2575 1761 2668 1814; x_wconf 79' lang='grc' dir='ltr'><strong>καὶ</strong></span> <span class='ocrx_word' id='word_1_320' title='bbox 2691 1763 2924 1828; x_wconf 81' lang='grc' dir='ltr'>πρώτοις</span> <span class='ocrx_word' id='word_1_321' title='bbox 2951 1761 3044 1814; x_wconf 86' lang='grc' dir='ltr'>τοῦ</span> <span class='ocrx_word' id='word_1_322' title='bbox 3109 1759 3245 1814; x_wconf 80' lang='grc' dir='ltr'>Θεοῦ</span> <span class='ocrx_word' id='word_1_323' title='bbox 3309 1760 3713 1832; x_wconf 76' lang='grc' dir='ltr'>συναρμόζεται</span> 
     </span>
    </p>
   </div>
   <div class='ocr_carea' id='block_1_47' title="bbox 2153 1851 2824 1905">
    <p class='ocr_par' dir='ltr' id='par_1_47' title="bbox 2153 1851 2824 1905">
     <span class='ocr_line' id='line_1_47' title="bbox 2153 1851 2824 1905; baseline 0.001 -1"><span class='ocrx_word' id='word_1_324' title='bbox 2153 1853 2245 1904; x_wconf 74' lang='grc' dir='ltr'><strong>καὶ</strong></span> <span class='ocrx_word' id='word_1_325' title='bbox 2281 1851 2594 1905; x_wconf 88' lang='grc' dir='ltr'>συνενοῦται</span> <span class='ocrx_word' id='word_1_326' title='bbox 2620 1852 2824 1905; x_wconf 84' lang='grc' dir='ltr'>παισίν.</span> 
     </span>
    </p>
   </div>
   <div class='ocr_carea' id='block_1_48' title="bbox 2219 1937 3716 2011">
    <p class='ocr_par' dir='ltr' id='par_1_48' title="bbox 2219 1937 3716 2011">
     <span class='ocr_line' id='line_1_48' title="bbox 2219 1937 3716 2011; baseline 0.002 -21"><span class='ocrx_word' id='word_1_327' title='bbox 2219 1938 2391 1990; x_wconf 84' lang='grc' dir='ltr'>Τοῦτό·</span> <span class='ocrx_word' id='word_1_328' title='bbox 2431 1955 2535 2003; x_wconf 84' lang='grc' dir='ltr'>σοι,</span> <span class='ocrx_word' id='word_1_329' title='bbox 2557 1937 2813 2011; x_wconf 84' lang='grc' dir='ltr'>θεσπέσιε</span> <span class='ocrx_word' id='word_1_330' title='bbox 2837 1939 2927 1991; x_wconf 89' lang='grc' dir='ltr'>τοῦ</span> <span class='ocrx_word' id='word_1_331' title='bbox 2963 1938 3135 2005; x_wconf 78' lang='grc' dir='ltr'>Λόγου</span> <span class='ocrx_word' id='word_1_332' title='bbox 3164 1938 3256 1992; x_wconf 76' lang='grc' dir='ltr'>καὶ</span> <span class='ocrx_word' id='word_1_333' title='bbox 3284 1939 3576 2008; x_wconf 82' lang='grc' dir='ltr'>λογιώτατε</span> <span class='ocrx_word' id='word_1_334' title='bbox 3607 1957 3716 2011; x_wconf 79' lang='grc' dir='ltr'>μα·</span> 
     </span>
    </p>
   </div>
   <div class='ocr_carea' id='block_1_49' title="bbox 2149 2009 3716 2097">
    <p class='ocr_par' dir='ltr' id='par_1_49' title="bbox 2149 2009 3716 2097">
     <span class='ocr_line' id='line_1_49' title="bbox 2149 2009 3716 2097; baseline 0.003 -18"><span class='ocrx_word' id='word_1_335' title='bbox 2149 2026 2290 2094; x_wconf 87' lang='grc' dir='ltr'>θητά</span> <span class='ocrx_word' id='word_1_336' title='bbox 2305 2043 2318 2056; x_wconf 89' lang='grc'><strong>·</strong></span> <span class='ocrx_word' id='word_1_337' title='bbox 2342 2026 2500 2080; x_wconf 87' lang='grc' dir='ltr'>τοῦτο</span> <span class='ocrx_word' id='word_1_338' title='bbox 2524 2009 2631 2078; x_wconf 84' lang='grc' dir='ltr'>τῶν</span> <span class='ocrx_word' id='word_1_339' title='bbox 2659 2027 2883 2096; x_wconf 84' lang='grc' dir='ltr'>μακρῶν</span> <span class='ocrx_word' id='word_1_340' title='bbox 2915 2027 3054 2097; x_wconf 78' lang='grc' dir='ltr'>ὑπὲρ</span> <span class='ocrx_word' id='word_1_341' title='bbox 3073 2025 3165 2081; x_wconf 87' lang='grc' dir='ltr'><strong>τοῦ</strong></span> <span class='ocrx_word' id='word_1_342' title='bbox 3187 2028 3501 2082; x_wconf 80' lang='grc' dir='ltr'>διδασκάλου</span> <span class='ocrx_word' id='word_1_343' title='bbox 3528 2009 3716 2084; x_wconf 73' lang='grc' dir='ltr'>πόνων</span> 
     </span>
    </p>
   </div>
   <div class='ocr_carea' id='block_1_50' title="bbox 2149 2117 3712 2189">
    <p class='ocr_par' dir='ltr' id='par_1_50' title="bbox 2149 2117 3712 2189">
     <span class='ocr_line' id='line_1_50' title="bbox 2149 2117 3712 2189; baseline 0.003 -19"><span class='ocrx_word' id='word_1_344' title='bbox 2149 2118 2208 2170; x_wconf 80' lang='grc' dir='ltr'>τὸ</span> <span class='ocrx_word' id='word_1_345' title='bbox 2236 2119 2403 2187; x_wconf 82' lang='grc' dir='ltr'>γέρας</span> <span class='ocrx_word' id='word_1_346' title='bbox 2438 2117 2706 2180; x_wconf 83' lang='grc' dir='ltr'>ἀντάξιον,</span> <span class='ocrx_word' id='word_1_347' title='bbox 2745 2117 2894 2186; x_wconf 82' lang='grc' dir='ltr'>αὐτῷ</span> <span class='ocrx_word' id='word_1_348' title='bbox 2933 2118 3123 2189; x_wconf 65' lang='grc' dir='ltr'>ἐκείνῳ</span> <span class='ocrx_word' id='word_1_349' title='bbox 3179 2121 3515 2189; x_wconf 84' lang='grc' dir='ltr'>συναφθῆναι</span> <span class='ocrx_word' id='word_1_350' title='bbox 3546 2135 3559 2150; x_wconf 92' lang='grc'><strong>·</strong></span> <span class='ocrx_word' id='word_1_351' title='bbox 3610 2123 3712 2174; x_wconf 76' lang='grc' dir='ltr'>καὶ</span> 
     </span>
    </p>
   </div>
   <div class='ocr_carea' id='block_1_51' title="bbox 2144 2194 3710 2284">
    <p class='ocr_par' dir='ltr' id='par_1_51' title="bbox 2144 2194 3710 2284">
     <span class='ocr_line' id='line_1_51' title="bbox 2144 2194 3710 2284; baseline 0.003 -25"><span class='ocrx_word' id='word_1_352' title='bbox 2144 2207 2331 2277; x_wconf 85' lang='grc' dir='ltr'>ὥσπερ</span> <span class='ocrx_word' id='word_1_353' title='bbox 2369 2198 2624 2284; x_wconf 67' lang='grc' dir='ltr'>ἐδόξασας</span> <span class='ocrx_word' id='word_1_354' title='bbox 2647 2207 2806 2264; x_wconf 78' lang='grc' dir='ltr'>αὐτὸν</span> <span class='ocrx_word' id='word_1_355' title='bbox 2842 2194 2936 2260; x_wconf 77' lang='grc' dir='ltr'><strong>ἐπὶ</strong></span> <span class='ocrx_word' id='word_1_356' title='bbox 2965 2209 3061 2277; x_wconf 86' lang='grc' dir='ltr'>τῆς</span> <span class='ocrx_word' id='word_1_357' title='bbox 3095 2209 3221 2276; x_wconf 85' lang='grc' dir='ltr'>γῆς,</span> <span class='ocrx_word' id='word_1_358' title='bbox 3251 2208 3430 2278; x_wconf 78' lang='grc' dir='ltr'>οὕτως</span> <span class='ocrx_word' id='word_1_359' title='bbox 3448 2210 3510 2262; x_wconf 82' lang='grc' dir='ltr'>ὲν</span> <span class='ocrx_word' id='word_1_360' title='bbox 3532 2210 3710 2280; x_wconf 81' lang='grc' dir='ltr'>οὖρα-</span> 
     </span>
    </p>
   </div>
   <div class='ocr_carea' id='block_1_52' title="bbox 2144 2294 3720 2370">
    <p class='ocr_par' dir='ltr' id='par_1_52' title="bbox 2144 2294 3720 2370">
     <span class='ocr_line' id='line_1_52' title="bbox 2144 2294 3720 2370; baseline 0.001 -22"><span class='ocrx_word' id='word_1_361' title='bbox 2144 2299 2256 2360; x_wconf 88' lang='grc' dir='ltr'>νοῖς</span> <span class='ocrx_word' id='word_1_362' title='bbox 2282 2296 2432 2366; x_wconf 85' lang='grc' dir='ltr'><strong>αὐτῷ</strong></span> <span class='ocrx_word' id='word_1_363' title='bbox 2463 2294 2884 2370; x_wconf 77' lang='grc' dir='ltr'>συνδοξασθῆναι</span> <span class='ocrx_word' id='word_1_364' title='bbox 2913 2311 2927 2327; x_wconf 83' lang='grc'><em>’</em></span> <span class='ocrx_word' id='word_1_365' title='bbox 2948 2297 3063 2367; x_wconf 72' lang='grc' dir='ltr'><strong>ικαὶ</strong></span> <span class='ocrx_word' id='word_1_366' title='bbox 3092 2296 3281 2368; x_wconf 82' lang='grc' dir='ltr'>ὥσπερ</span> <span class='ocrx_word' id='word_1_367' title='bbox 3312 2298 3419 2351; x_wconf 86' lang='grc' dir='ltr'>τῶν</span> <span class='ocrx_word' id='word_1_368' title='bbox 3451 2298 3720 2369; x_wconf 68' lang='grc' dir='ltr'>παθημά.</span> 
     </span>
    </p>
   </div>
   <div class='ocr_carea' id='block_1_53' title="bbox 2141 2384 3708 2461">
    <p class='ocr_par' dir='ltr' id='par_1_53' title="bbox 2141 2384 3708 2461">
     <span class='ocr_line' id='line_1_53' title="bbox 2141 2384 3708 2461; baseline 0.001 -20"><span class='ocrx_word' id='word_1_369' title='bbox 2141 2404 2250 2441; x_wconf 86' lang='grc' dir='ltr'><strong>των</strong></span> <span class='ocrx_word' id='word_1_370' title='bbox 2277 2385 2723 2455; x_wconf 74' lang='grc' dir='ltr'>ὑπερϐαλλόντως</span> <span class='ocrx_word' id='word_1_371' title='bbox 2751 2384 3115 2456; x_wconf 85' lang='grc' dir='ltr'>ὲκοινὼνησας</span> <span class='ocrx_word' id='word_1_372' title='bbox 3137 2429 3152 2449; x_wconf 82' lang='grc'><strong>.</strong></span> <span class='ocrx_word' id='word_1_373' title='bbox 3184 2386 3326 2448; x_wconf 77' lang='grc' dir='ltr'>οὕτω</span> <span class='ocrx_word' id='word_1_374' title='bbox 3357 2392 3449 2442; x_wconf 71' lang='grc' dir='ltr'><strong>καὶ</strong></span> <span class='ocrx_word' id='word_1_375' title='bbox 3478 2387 3578 2457; x_wconf 80' lang='grc' dir='ltr'><strong>τῆς</strong></span> <span class='ocrx_word' id='word_1_376' title='bbox 3601 2389 3708 2461; x_wconf 72' lang='grc' dir='ltr'>αῦ-</span> 
     </span>
    </p>
   </div>
   <div class='ocr_carea' id='block_1_54' title="bbox 2142 2473 3631 2548">
    <p class='ocr_par' dir='ltr' id='par_1_54' title="bbox 2142 2473 3631 2548">
     <span class='ocr_line' id='line_1_54' title="bbox 2142 2473 3631 2548; baseline 0.003 -19"><span class='ocrx_word' id='word_1_377' title='bbox 2142 2479 2242 2546; x_wconf 85' lang='grc' dir='ltr'><strong>τῆς</strong></span> <span class='ocrx_word' id='word_1_378' title='bbox 2269 2477 2418 2548; x_wconf 82' lang='grc' dir='ltr'>αὐτῷ</span> <span class='ocrx_word' id='word_1_379' title='bbox 2447 2475 2723 2547; x_wconf 72' lang='grc' dir='ltr'>βασιλείας</span> <span class='ocrx_word' id='word_1_380' title='bbox 2751 2480 3176 2548; x_wconf 77' lang='grc' dir='ltr'>συμμετασχεῖν.</span> <span class='ocrx_word' id='word_1_381' title='bbox 3625 2473 3631 2478; x_wconf 60' lang='grc'><strong>’</strong></span> 
     </span>
    </p>
   </div>
   <div class='ocr_carea' id='block_1_55' title="bbox 2213 2626 3762 2736">
    <p class='ocr_par' dir='ltr' id='par_1_55' title="bbox 2213 2626 3762 2736">
     <span class='ocr_line' id='line_1_55' title="bbox 2213 2626 3762 2736; baseline 0.004 -29"><span class='ocrx_word' id='word_1_382' title='bbox 2213 2655 2381 2726; x_wconf 85' lang='grc' dir='ltr'>Χαῖρε</span> <span class='ocrx_word' id='word_1_383' title='bbox 2402 2652 2603 2723; x_wconf 84' lang='grc' dir='ltr'>τοίνυν.</span> <span class='ocrx_word' id='word_1_384' title='bbox 2700 2626 3228 2736; x_wconf 60' lang='grc' dir='ltr'>θεομαέιαριστότατε</span> <span class='ocrx_word' id='word_1_385' title='bbox 3268 2654 3366 2713; x_wconf 76' lang='grc' dir='ltr'>καὶ</span> <span class='ocrx_word' id='word_1_386' title='bbox 3405 2657 3709 2727; x_wconf 67' lang='grc' dir='ltr'>τιμιώτατα</span> <span class='ocrx_word' id='word_1_387' title='bbox 3755 2629 3762 2637; x_wconf 25' lang='grc' dir='ltr'>ἰ</span> 
     </span>
    </p>
   </div>
   <div class='ocr_carea' id='block_1_56' title="bbox 2145 2744 3711 2825">
    <p class='ocr_par' dir='ltr' id='par_1_56' title="bbox 2145 2744 3711 2825">
     <span class='ocr_line' id='line_1_56' title="bbox 2145 2744 3711 2825; baseline 0.003 -28"><span class='ocrx_word' id='word_1_388' title='bbox 2145 2744 2344 2815; x_wconf 85' lang='grc' dir='ltr'>Σίμων,</span> <span class='ocrx_word' id='word_1_389' title='bbox 2367 2745 2427 2797; x_wconf 75' lang='grc' dir='ltr'>τὸ</span> <span class='ocrx_word' id='word_1_390' title='bbox 2453 2744 2553 2817; x_wconf 82' lang='grc' dir='ltr'>τῆς</span> <span class='ocrx_word' id='word_1_391' title='bbox 2578 2744 2823 2816; x_wconf 82' lang='grc' dir='ltr'><strong>ὑπακοῆς</strong></span> <span class='ocrx_word' id='word_1_392' title='bbox 2852 2744 3020 2814; x_wconf 75' lang='grc' dir='ltr'>ὄνομα</span> <span class='ocrx_word' id='word_1_393' title='bbox 3058 2763 3074 2780; x_wconf 75' lang='grc' dir='ltr'><strong>ο</strong></span> <span class='ocrx_word' id='word_1_394' title='bbox 3120 2746 3419 2825; x_wconf 38' lang='grc' dir='ltr'>δτοῦξογάρ</span> <span class='ocrx_word' id='word_1_395' title='bbox 3456 2749 3492 2816; x_wconf 77' lang='grc' dir='ltr'>ἡ</span> <span class='ocrx_word' id='word_1_396' title='bbox 3525 2763 3711 2818; x_wconf 75' lang='grc' dir='ltr'>σημα-</span> 
     </span>
    </p>
   </div>
   <div class='ocr_carea' id='block_1_57' title="bbox 2146 2833 3707 2913">
    <p class='ocr_par' dir='ltr' id='par_1_57' title="bbox 2146 2833 3707 2913">
     <span class='ocr_line' id='line_1_57' title="bbox 2146 2833 3707 2913; baseline 0.003 -26"><span class='ocrx_word' id='word_1_397' title='bbox 2146 2833 2236 2888; x_wconf 86' lang='grc' dir='ltr'><strong>σία</strong></span> <span class='ocrx_word' id='word_1_398' title='bbox 2263 2852 2279 2866; x_wconf 90' lang='grc'><strong>·</strong></span> <span class='ocrx_word' id='word_1_399' title='bbox 2313 2835 2373 2887; x_wconf 82' lang='grc' dir='ltr'>τὸ</span> <span class='ocrx_word' id='word_1_400' title='bbox 2398 2834 2766 2907; x_wconf 75' lang='grc' dir='ltr'>ἀξιεπαίνετον</span> <span class='ocrx_word' id='word_1_401' title='bbox 2793 2835 2909 2906; x_wconf 79' lang='grc' dir='ltr'><strong>Θεῷ</strong></span> <span class='ocrx_word' id='word_1_402' title='bbox 2939 2838 3170 2907; x_wconf 79' lang='grc' dir='ltr'>πρᾶγμα</span> <span class='ocrx_word' id='word_1_403' title='bbox 3197 2840 3292 2913; x_wconf 80' lang='grc' dir='ltr'><strong>καὶ</strong></span> <span class='ocrx_word' id='word_1_404' title='bbox 3317 2837 3670 2908; x_wconf 65' lang='lat' dir='ltr'><strong>deici—.69an</strong></span> <span class='ocrx_word' id='word_1_405' title='bbox 3689 2853 3707 2869; x_wconf 84' lang='lat'><strong><em>°</em></strong></span> 
     </span>
    </p>
   </div>
   <div class='ocr_carea' id='block_1_58' title="bbox 497 2915 2046 3017">
    <p class='ocr_par' dir='ltr' id='par_1_58' title="bbox 497 2948 2046 3017">
     <span class='ocr_line' id='line_1_58' title="bbox 497 2948 2046 3017; baseline 0.001 -16"><span class='ocrx_word' id='word_1_406' title='bbox 497 2951 642 3011; x_wconf 89' lang='lat' dir='ltr'><strong>bilis,</strong></span> <span class='ocrx_word' id='word_1_407' title='bbox 672 2958 835 3017; x_wconf 89' lang='lat' dir='ltr'><strong>atque</strong></span> <span class='ocrx_word' id='word_1_408' title='bbox 878 2948 1086 3017; x_wconf 81' lang='lat' dir='ltr'><strong>angelis</strong></span> <span class='ocrx_word' id='word_1_409' title='bbox 1125 2948 1344 3016; x_wconf 88' lang='lat' dir='ltr'><strong>quidem</strong></span> <span class='ocrx_word' id='word_1_410' title='bbox 1397 2948 1721 3013; x_wconf 69' lang='lat' dir='ltr'><strong>aemulanda,</strong></span> <span class='ocrx_word' id='word_1_411' title='bbox 1767 2949 2046 3010; x_wconf 84' lang='lat' dir='ltr'><strong>tremenda</strong></span> 
     </span>
    </p>
   </div>
   <div class='ocr_carea' id='block_1_59' title="bbox 2159 2915 3787 3017">
    <p class='ocr_par' dir='ltr' id='par_1_59' title="bbox 2159 2915 3787 3008">
     <span class='ocr_line' id='line_1_59' title="bbox 2159 2915 3787 3008; baseline -0.013 -31"><span class='ocrx_word' id='word_1_412' title='bbox 2159 2925 2243 2978; x_wconf 70' lang='grc' dir='ltr'>καὶ</span> <span class='ocrx_word' id='word_1_413' title='bbox 2300 2923 2550 2992; x_wconf 79' lang='grc' dir='ltr'>ἀγγέλοις</span> <span class='ocrx_word' id='word_1_414' title='bbox 2609 2927 2706 2995; x_wconf 81' lang='grc' dir='ltr'><strong>μὲν</strong></span> <span class='ocrx_word' id='word_1_415' title='bbox 2753 2915 3013 2995; x_wconf 77' lang='grc' dir='ltr'>ζηλωτὸν,</span> <span class='ocrx_word' id='word_1_416' title='bbox 3072 2917 3287 3000; x_wconf 77' lang='grc' dir='ltr'>δαίμοσι</span> <span class='ocrx_word' id='word_1_417' title='bbox 3339 2928 3396 2982; x_wconf 73' lang='grc' dir='ltr'>δὲ</span> <span class='ocrx_word' id='word_1_418' title='bbox 3429 2929 3653 3008; x_wconf 58' lang='grc' dir='ltr'><strong>φρικτόν</strong></span> <span class='ocrx_word' id='word_1_419' title='bbox 3693 2943 3741 2962; x_wconf 35' lang='grc' dir='ltr'><strong>.γ</strong></span> <span class='ocrx_word' id='word_1_420' title='bbox 3779 2951 3787 2955; x_wconf 90' lang='grc'><strong>-</strong></span> 
     </span>
    </p>
   </div>
   <div class='ocr_carea' id='block_1_60' title="bbox 452 3037 2047 3106">
    <p class='ocr_par' dir='ltr' id='par_1_60' title="bbox 452 3037 2047 3106">
     <span class='ocr_line' id='line_1_60' title="bbox 452 3037 2047 3106; baseline 0.002 -18"><span class='ocrx_word' id='word_1_421' title='bbox 452 3067 458 3073; x_wconf 67' lang='grc' dir='ltr'><strong>ι</strong></span> <span class='ocrx_word' id='word_1_422' title='bbox 499 3055 632 3092; x_wconf 88' lang='lat' dir='ltr'><strong>vero</strong></span> <span class='ocrx_word' id='word_1_423' title='bbox 663 3039 1039 3101; x_wconf 62' lang='lat' dir='ltr'><strong>daemonibus;</strong></span> <span class='ocrx_word' id='word_1_424' title='bbox 1092 3053 1155 3091; x_wconf 93' lang='lat' dir='ltr'><strong>ac</strong></span> <span class='ocrx_word' id='word_1_425' title='bbox 1209 3037 1464 3092; x_wconf 86' lang='lat' dir='ltr'><strong>fidelibus</strong></span> <span class='ocrx_word' id='word_1_426' title='bbox 1509 3039 1729 3106; x_wconf 88' lang='lat' dir='ltr'><strong>quidem</strong></span> <span class='ocrx_word' id='word_1_427' title='bbox 1757 3039 2047 3093; x_wconf 77' lang='lat' dir='ltr'><strong>venerabi-</strong></span> 
     </span>
    </p>
   </div>
   <div class='ocr_carea' id='block_1_61' title="bbox 494 3125 2045 3190">
    <p class='ocr_par' dir='ltr' id='par_1_61' title="bbox 494 3125 2045 3190">
     <span class='ocr_line' id='line_1_61' title="bbox 494 3125 2045 3190; baseline 0.005 -11"><span class='ocrx_word' id='word_1_428' title='bbox 494 3128 561 3180; x_wconf 88' lang='lat' dir='ltr'><strong>lis</strong></span> <span class='ocrx_word' id='word_1_429' title='bbox 589 3135 644 3180; x_wconf 90' lang='lat' dir='ltr'><strong>et</strong></span> <span class='ocrx_word' id='word_1_430' title='bbox 673 3126 942 3190; x_wconf 87' lang='lat' dir='ltr'><strong>amabilis,</strong></span> <span class='ocrx_word' id='word_1_431' title='bbox 972 3125 1284 3183; x_wconf 86' lang='lat' dir='ltr'><strong>infidelibus</strong></span> <span class='ocrx_word' id='word_1_432' title='bbox 1312 3140 1444 3180; x_wconf 85' lang='lat' dir='ltr'><strong>vero</strong></span> <span class='ocrx_word' id='word_1_433' title='bbox 1472 3127 1699 3180; x_wconf 88' lang='lat' dir='ltr'><strong>molesta</strong></span> <span class='ocrx_word' id='word_1_434' title='bbox 1730 3136 1784 3180; x_wconf 90' lang='lat' dir='ltr'><strong>et</strong></span> <span class='ocrx_word' id='word_1_435' title='bbox 1815 3142 2045 3186; x_wconf 76' lang='lat' dir='ltr'><strong>aversa-</strong></span> 
     </span>
    </p>
   </div>
   <div class='ocr_carea' id='block_1_62' title="bbox 494 3211 1588 3273">
    <p class='ocr_par' dir='ltr' id='par_1_62' title="bbox 494 3211 1588 3273">
     <span class='ocr_line' id='line_1_62' title="bbox 494 3211 1588 3273; baseline -0.003 0"><span class='ocrx_word' id='word_1_436' title='bbox 494 3220 639 3273; x_wconf 83' lang='lat' dir='ltr'><strong>bilis.</strong></span> <span class='ocrx_word' id='word_1_437' title='bbox 1581 3211 1588 3216; x_wconf 67' lang='grc'><em>’</em></span> 
     </span>
    </p>
   </div>
   <div class='ocr_carea' id='block_1_63' title="bbox 567 3304 2048 3375">
    <p class='ocr_par' dir='ltr' id='par_1_63' title="bbox 567 3304 2048 3375">
     <span class='ocr_line' id='line_1_63' title="bbox 567 3304 2048 3375; baseline -0.001 -14"><span class='ocrx_word' id='word_1_438' title='bbox 567 3308 724 3361; x_wconf 86' lang='lat' dir='ltr'><strong>Salve</strong></span> <span class='ocrx_word' id='word_1_439' title='bbox 747 3307 842 3371; x_wconf 86' lang='lat' dir='ltr'><strong>sis,</strong></span> <span class='ocrx_word' id='word_1_440' title='bbox 867 3305 1068 3361; x_wconf 84' lang='lat' dir='ltr'><strong>Christi</strong></span> <span class='ocrx_word' id='word_1_441' title='bbox 1101 3306 1383 3360; x_wconf 63' lang='lat' dir='ltr'><strong>aemulator</strong></span> <span class='ocrx_word' id='word_1_442' title='bbox 1407 3304 1804 3367; x_wconf 81' lang='lat' dir='ltr'><strong>ferventissime</strong></span> <span class='ocrx_word' id='word_1_443' title='bbox 1830 3320 1892 3360; x_wconf 86' lang='lat' dir='ltr'><strong>ac</strong></span> <span class='ocrx_word' id='word_1_444' title='bbox 1916 3320 2048 3375; x_wconf 82' lang='lat' dir='ltr'><strong>gna-</strong></span> 
     </span>
    </p>
   </div>
   <div class='ocr_carea' id='block_1_64' title="bbox 495 3392 2052 3466">
    <p class='ocr_par' dir='ltr' id='par_1_64' title="bbox 495 3392 2052 3466">
     <span class='ocr_line' id='line_1_64' title="bbox 495 3392 2052 3466; baseline -0.001 -18"><span class='ocrx_word' id='word_1_445' title='bbox 495 3397 749 3460; x_wconf 88' lang='lat' dir='ltr'><strong>vissime,</strong></span> <span class='ocrx_word' id='word_1_446' title='bbox 798 3401 948 3448; x_wconf 88' lang='lat' dir='ltr'><strong>tanto</strong></span> <span class='ocrx_word' id='word_1_447' title='bbox 989 3395 1191 3449; x_wconf 79' lang='lat' dir='ltr'><strong>Pliines</strong></span> <span class='ocrx_word' id='word_1_448' title='bbox 1222 3394 1338 3458; x_wconf 89' lang='lat' dir='ltr'><strong>illo,</strong></span> <span class='ocrx_word' id='word_1_449' title='bbox 1381 3393 1606 3466; x_wconf 84' lang='lat' dir='ltr'><strong>Eliaque</strong></span> <span class='ocrx_word' id='word_1_450' title='bbox 1635 3401 1689 3446; x_wconf 89' lang='lat' dir='ltr'><strong>et</strong></span> <span class='ocrx_word' id='word_1_451' title='bbox 1731 3392 1954 3458; x_wconf 64' lang='lat' dir='ltr'><strong>Elissae;</strong></span> <span class='ocrx_word' id='word_1_452' title='bbox 1988 3407 2052 3447; x_wconf 90' lang='lat' dir='ltr'><strong>ac</strong></span> 
     </span>
    </p>
   </div>
   <div class='ocr_carea' id='block_1_65' title="bbox 501 3482 2052 3557">
    <p class='ocr_par' dir='ltr' id='par_1_65' title="bbox 501 3482 2052 3557">
     <span class='ocr_line' id='line_1_65' title="bbox 501 3482 2052 3557; baseline -0.004 -18"><span class='ocrx_word' id='word_1_453' title='bbox 501 3487 788 3557; x_wconf 84' lang='lat' dir='ltr'><strong>prophetis</strong></span> <span class='ocrx_word' id='word_1_454' title='bbox 831 3501 896 3540; x_wconf 91' lang='lat' dir='ltr'><strong>eo</strong></span> <span class='ocrx_word' id='word_1_455' title='bbox 933 3486 1154 3538; x_wconf 89' lang='lat' dir='ltr'><strong>nomine</strong></span> <span class='ocrx_word' id='word_1_456' title='bbox 1187 3485 1405 3538; x_wconf 90' lang='lat' dir='ltr'><strong>laudem</strong></span> <span class='ocrx_word' id='word_1_457' title='bbox 1455 3482 1805 3542; x_wconf 86' lang='lat' dir='ltr'><strong>habentibus,</strong></span> <span class='ocrx_word' id='word_1_458' title='bbox 1864 3483 2052 3535; x_wconf 90' lang='lat' dir='ltr'><strong>divino</strong></span> 
     </span>
    </p>
   </div>
   <div class='ocr_carea' id='block_1_66' title="bbox 495 3571 2044 3644">
    <p class='ocr_par' dir='ltr' id='par_1_66' title="bbox 495 3571 2044 3644">
     <span class='ocr_line' id='line_1_66' title="bbox 495 3571 2044 3644; baseline -0.004 -14"><span class='ocrx_word' id='word_1_459' title='bbox 495 3579 611 3630; x_wconf 85' lang='lat' dir='ltr'><strong>zelo</strong></span> <span class='ocrx_word' id='word_1_460' title='bbox 643 3577 915 3644; x_wconf 87' lang='lat' dir='ltr'><strong>superior,</strong></span> <span class='ocrx_word' id='word_1_461' title='bbox 949 3584 1154 3642; x_wconf 89' lang='lat' dir='ltr'><strong>quanto</strong></span> <span class='ocrx_word' id='word_1_462' title='bbox 1182 3573 1386 3627; x_wconf 86' lang='lat' dir='ltr'><strong>Christi</strong></span> <span class='ocrx_word' id='word_1_463' title='bbox 1415 3574 1598 3628; x_wconf 90' lang='lat' dir='ltr'><strong>scbola</strong></span> <span class='ocrx_word' id='word_1_464' title='bbox 1623 3574 1849 3641; x_wconf 83' lang='lat' dir='ltr'><strong>ejusque</strong></span> <span class='ocrx_word' id='word_1_465' title='bbox 1872 3571 2044 3625; x_wconf 85' lang='lat' dir='ltr'><strong>disci-</strong></span> 
     </span>
    </p>
   </div>
   <div class='ocr_carea' id='block_1_67' title="bbox 495 3662 2052 3734">
    <p class='ocr_par' dir='ltr' id='par_1_67' title="bbox 495 3662 2052 3734">
     <span class='ocr_line' id='line_1_67' title="bbox 495 3662 2052 3734; baseline -0.003 -15"><span class='ocrx_word' id='word_1_466' title='bbox 495 3668 606 3734; x_wconf 88' lang='lat' dir='ltr'><strong>puli</strong></span> <span class='ocrx_word' id='word_1_467' title='bbox 631 3666 890 3734; x_wconf 91' lang='lat' dir='ltr'><strong>partibus,</strong></span> <span class='ocrx_word' id='word_1_468' title='bbox 927 3665 1184 3734; x_wconf 86' lang='lat' dir='ltr'><strong>majorem</strong></span> <span class='ocrx_word' id='word_1_469' title='bbox 1231 3662 1326 3717; x_wconf 89' lang='lat' dir='ltr'><strong>Dei</strong></span> <span class='ocrx_word' id='word_1_470' title='bbox 1382 3662 1633 3723; x_wconf 89' lang='lat' dir='ltr'><strong>notitiam</strong></span> <span class='ocrx_word' id='word_1_471' title='bbox 1686 3663 2052 3731; x_wconf 89' lang='lat' dir='ltr'><strong>majoremque</strong></span> 
     </span>
    </p>
   </div>
   <div class='ocr_carea' id='block_1_68' title="bbox 499 3749 2054 3825">
    <p class='ocr_par' dir='ltr' id='par_1_68' title="bbox 499 3749 2054 3825">
     <span class='ocr_line' id='line_1_68' title="bbox 499 3749 2054 3825; baseline -0.003 -19"><span class='ocrx_word' id='word_1_472' title='bbox 499 3754 629 3806; x_wconf 74' lang='lat' dir='ltr'><strong>fidei</strong></span> <span class='ocrx_word' id='word_1_473' title='bbox 680 3754 947 3806; x_wconf 81' lang='lat' dir='ltr'><strong>fervorem</strong></span> <span class='ocrx_word' id='word_1_474' title='bbox 983 3752 1249 3820; x_wconf 87' lang='lat' dir='ltr'><strong>adeptus,</strong></span> <span class='ocrx_word' id='word_1_475' title='bbox 1285 3751 1506 3825; x_wconf 84' lang='lat' dir='ltr'><strong>majoris</strong></span> <span class='ocrx_word' id='word_1_476' title='bbox 1554 3765 1770 3818; x_wconf 88' lang='lat' dir='ltr'><strong>quoque</strong></span> <span class='ocrx_word' id='word_1_477' title='bbox 1825 3749 2054 3817; x_wconf 74' lang='lat' dir='ltr'><strong>fervoris</strong></span> 
     </span>
    </p>
   </div>
   <div class='ocr_carea' id='block_1_69' title="bbox 499 3839 2044 3909">
    <p class='ocr_par' dir='ltr' id='par_1_69' title="bbox 499 3839 2044 3909">
     <span class='ocr_line' id='line_1_69' title="bbox 499 3839 2044 3909; baseline -0.002 -14"><span class='ocrx_word' id='word_1_478' title='bbox 499 3845 831 3896; x_wconf 80' lang='lat' dir='ltr'><strong>alacritatem</strong></span> <span class='ocrx_word' id='word_1_479' title='bbox 863 3841 1212 3908; x_wconf 90' lang='lat' dir='ltr'><strong>studiumque</strong></span> <span class='ocrx_word' id='word_1_480' title='bbox 1245 3840 1371 3893; x_wconf 86' lang='lat' dir='ltr'><strong>boni</strong></span> <span class='ocrx_word' id='word_1_481' title='bbox 1403 3839 1692 3908; x_wconf 59' lang='lat' dir='ltr'><strong>prastandi</strong></span> <span class='ocrx_word' id='word_1_482' title='bbox 1712 3839 1880 3909; x_wconf 82' lang='lat' dir='ltr'><strong>gratia</strong></span> <span class='ocrx_word' id='word_1_483' title='bbox 1912 3855 2044 3893; x_wconf 85' lang='lat' dir='ltr'><strong>con-</strong></span> 
     </span>
    </p>
   </div>
   <div class='ocr_carea' id='block_1_70' title="bbox 500 3933 697 3986">
    <p class='ocr_par' dir='ltr' id='par_1_70' title="bbox 500 3933 697 3986">
     <span class='ocr_line' id='line_1_70' title="bbox 500 3933 697 3986; baseline 0.005 -1"><span class='ocrx_word' id='word_1_484' title='bbox 500 3933 697 3986; x_wconf 87' lang='lat' dir='ltr'><strong>tulisti.</strong></span> 
     </span>
    </p>
   </div>
   <div class='ocr_carea' id='block_1_71' title="bbox 550 4016 2048 4088">
    <p class='ocr_par' dir='ltr' id='par_1_71' title="bbox 550 4016 2048 4088">
     <span class='ocr_line' id='line_1_71' title="bbox 550 4016 2048 4088; baseline 0.002 -20"><span class='ocrx_word' id='word_1_485' title='bbox 550 4020 770 4082; x_wconf 86' lang='lat' dir='ltr'><strong>.Gaude,</strong></span> <span class='ocrx_word' id='word_1_486' title='bbox 823 4019 967 4088; x_wconf 90' lang='lat' dir='ltr'><strong>quod</strong></span> <span class='ocrx_word' id='word_1_487' title='bbox 1024 4027 1115 4072; x_wconf 91' lang='lat' dir='ltr'><strong>tua</strong></span> <span class='ocrx_word' id='word_1_488' title='bbox 1169 4018 1337 4086; x_wconf 90' lang='lat' dir='ltr'><strong>ipsius</strong></span> <span class='ocrx_word' id='word_1_489' title='bbox 1363 4032 1528 4085; x_wconf 90' lang='lat' dir='ltr'><strong>opera</strong></span> <span class='ocrx_word' id='word_1_490' title='bbox 1556 4016 1860 4080; x_wconf 89' lang='lat' dir='ltr'><strong>honestata,</strong></span> <span class='ocrx_word' id='word_1_491' title='bbox 1887 4032 2048 4085; x_wconf 90' lang='lat' dir='ltr'><strong>quam</strong></span> 
     </span>
    </p>
   </div>
   <div class='ocr_carea' id='block_1_72' title="bbox 499 4107 2054 4176">
    <p class='ocr_par' dir='ltr' id='par_1_72' title="bbox 499 4107 2054 4176">
     <span class='ocr_line' id='line_1_72' title="bbox 499 4107 2054 4176; baseline -0.002 -12"><span class='ocrx_word' id='word_1_492' title='bbox 499 4113 552 4164; x_wconf 90' lang='lat' dir='ltr'><strong>in</strong></span> <span class='ocrx_word' id='word_1_493' title='bbox 586 4121 731 4164; x_wconf 89' lang='lat' dir='ltr'><strong>terra</strong></span> <span class='ocrx_word' id='word_1_494' title='bbox 781 4121 972 4164; x_wconf 88' lang='lat' dir='ltr'><strong>nactus</strong></span> <span class='ocrx_word' id='word_1_495' title='bbox 1023 4109 1224 4170; x_wconf 87' lang='lat' dir='ltr'><strong>fueras,</strong></span> <span class='ocrx_word' id='word_1_496' title='bbox 1278 4107 1779 4176; x_wconf 89' lang='lat' dir='ltr'><strong>patria;illamque</strong></span> <span class='ocrx_word' id='word_1_497' title='bbox 1836 4109 2054 4176; x_wconf 90' lang='lat' dir='ltr'><strong>penitus</strong></span> 
     </span>
    </p>
   </div>
   <div class='ocr_carea' id='block_1_73' title="bbox 497 4197 2053 4270">
    <p class='ocr_par' dir='ltr' id='par_1_73' title="bbox 497 4197 2053 4270">
     <span class='ocr_line' id='line_1_73' title="bbox 497 4197 2053 4270; baseline -0.003 -16"><span class='ocrx_word' id='word_1_498' title='bbox 497 4217 900 4270; x_wconf 79' lang='lat' dir='ltr'><strong>supergressus,</strong></span> <span class='ocrx_word' id='word_1_499' title='bbox 959 4201 1200 4252; x_wconf 81' lang='lat' dir='ltr'><strong>rationes</strong></span> <span class='ocrx_word' id='word_1_500' title='bbox 1272 4207 1410 4260; x_wconf 88' lang='lat' dir='ltr'><strong>tuas,</strong></span> <span class='ocrx_word' id='word_1_501' title='bbox 1449 4198 1597 4249; x_wconf 90' lang='lat' dir='ltr'><strong>velut</strong></span> <span class='ocrx_word' id='word_1_502' title='bbox 1635 4197 1872 4251; x_wconf 65' lang='lat' dir='ltr'><strong>cmlestis</strong></span> <span class='ocrx_word' id='word_1_503' title='bbox 1913 4197 2053 4249; x_wconf 83' lang='lat' dir='ltr'><strong>filius</strong></span> 
     </span>
    </p>
   </div>
   <div class='ocr_carea' id='block_1_74' title="bbox 2150 3006 3712 3096">
    <p class='ocr_par' dir='ltr' id='par_1_74' title="bbox 2150 3006 3712 3096">
     <span class='ocr_line' id='line_1_74' title="bbox 2150 3006 3712 3096; baseline 0.001 -27"><span class='ocrx_word' id='word_1_504' title='bbox 2150 3017 2246 3069; x_wconf 81' lang='grc' dir='ltr'><strong>καὶ</strong></span> <span class='ocrx_word' id='word_1_505' title='bbox 2282 3018 2502 3096; x_wconf 21' lang='grc' dir='ltr'>’πιστοῖς</span> <span class='ocrx_word' id='word_1_506' title='bbox 2527 3017 2635 3082; x_wconf 73' lang='grc' dir='ltr'><strong>μὲν</strong></span> <span class='ocrx_word' id='word_1_507' title='bbox 2677 3018 2951 3088; x_wconf 72' lang='grc' dir='ltr'>αἰδέσιμον</span> <span class='ocrx_word' id='word_1_508' title='bbox 3002 3020 3096 3073; x_wconf 79' lang='grc' dir='ltr'>καὶ</span> <span class='ocrx_word' id='word_1_509' title='bbox 3140 3020 3421 3093; x_wconf 64' lang='grc' dir='ltr'>ᾴράσμιον,</span> <span class='ocrx_word' id='word_1_510' title='bbox 3452 3006 3712 3083; x_wconf 74' lang='grc' dir='ltr'>ἀπίστοις</span> 
     </span>
    </p>
   </div>
   <div class='ocr_carea' id='block_1_75' title="bbox 2150 3104 3045 3189">
    <p class='ocr_par' dir='ltr' id='par_1_75' title="bbox 2150 3104 3045 3189">
     <span class='ocr_line' id='line_1_75' title="bbox 2150 3104 3045 3189; baseline 0.008 -33"><span class='ocrx_word' id='word_1_511' title='bbox 2150 3105 2204 3157; x_wconf 61' lang='grc' dir='ltr'>δὲ</span> <span class='ocrx_word' id='word_1_512' title='bbox 2235 3104 2370 3175; x_wconf 86' lang='grc' dir='ltr'><strong>βαρὺ</strong></span> <span class='ocrx_word' id='word_1_513' title='bbox 2396 3122 2455 3158; x_wconf 80' lang='grc' dir='ltr'>τε</span> <span class='ocrx_word' id='word_1_514' title='bbox 2481 3105 2575 3173; x_wconf 53' lang='grc' dir='ltr'><strong>καὶ⁵</strong></span> <span class='ocrx_word' id='word_1_515' title='bbox 2601 3108 2984 3189; x_wconf 80' lang='grc' dir='ltr'>ἀποτρόπαιον.</span> <span class='ocrx_word' id='word_1_516' title='bbox 3039 3139 3045 3186; x_wconf 69' lang='grc' dir='ltr'><em>ς</em></span> 
     </span>
    </p>
   </div>
   <div class='ocr_carea' id='block_1_76' title="bbox 2220 3275 3736 3352">
    <p class='ocr_par' dir='ltr' id='par_1_76' title="bbox 2220 3275 3736 3352">
     <span class='ocr_line' id='line_1_76' title="bbox 2220 3275 3736 3352; baseline 0.005 -24"><span class='ocrx_word' id='word_1_517' title='bbox 2220 3277 2410 3345; x_wconf 83' lang='grc' dir='ltr'>Χαῖρε,</span> <span class='ocrx_word' id='word_1_518' title='bbox 2437 3277 2672 3346; x_wconf 82' lang='grc' dir='ltr'>Χριστοῦ</span> <span class='ocrx_word' id='word_1_519' title='bbox 2704 3275 2918 3347; x_wconf 65' lang='grc' dir='ltr'>ζηλωτὰ</span> <span class='ocrx_word' id='word_1_520' title='bbox 2944 3278 3239 3350; x_wconf 85' lang='grc' dir='ltr'>θερμότατε</span> <span class='ocrx_word' id='word_1_521' title='bbox 3269 3280 3364 3338; x_wconf 69' lang='grc' dir='ltr'>καὶ</span> <span class='ocrx_word' id='word_1_522' title='bbox 3383 3280 3710 3352; x_wconf 75' lang='grc' dir='ltr'>δραστήριεο</span> <span class='ocrx_word' id='word_1_523' title='bbox 3733 3342 3736 3344; x_wconf 16' lang='grc' dir='ltr'><strong>γ</strong></span> 
     </span>
    </p>
   </div>
   <div class='ocr_carea' id='block_1_77' title="bbox 2151 3357 3717 3440">
    <p class='ocr_par' dir='ltr' id='par_1_77' title="bbox 2151 3357 3717 3440">
     <span class='ocr_line' id='line_1_77' title="bbox 2151 3357 3717 3440; baseline 0.006 -22"><span class='ocrx_word' id='word_1_524' title='bbox 2151 3367 2388 3436; x_wconf 85' lang='grc' dir='ltr'>τοσούτῳ</span> <span class='ocrx_word' id='word_1_525' title='bbox 2438 3369 2514 3437; x_wconf 84' lang='grc' dir='ltr'>τῷ</span> <span class='ocrx_word' id='word_1_526' title='bbox 2561 3369 2689 3437; x_wconf 89' lang='grc' dir='ltr'>θείῳ</span> <span class='ocrx_word' id='word_1_527' title='bbox 2748 3369 2896 3440; x_wconf 81' lang='grc' dir='ltr'>ζήλῳ</span> <span class='ocrx_word' id='word_1_528' title='bbox 2954 3371 3046 3423; x_wconf 80' lang='grc' dir='ltr'><strong>τὸν</strong></span> <span class='ocrx_word' id='word_1_529' title='bbox 3099 3364 3280 3434; x_wconf 71' lang='grc' dir='ltr'>Φινεὲς</span> <span class='ocrx_word' id='word_1_530' title='bbox 3341 3357 3567 3435; x_wconf 73' lang='grc' dir='ltr'>ἐκεῖνον.</span> <span class='ocrx_word' id='word_1_531' title='bbox 3615 3375 3717 3428; x_wconf 79' lang='grc' dir='ltr'>τὸν</span> 
     </span>
    </p>
   </div>
   <div class='ocr_carea' id='block_1_78' title="bbox 2165 3453 3716 3530">
    <p class='ocr_par' dir='ltr' id='par_1_78' title="bbox 2165 3453 3716 3530">
     <span class='ocr_line' id='line_1_78' title="bbox 2165 3453 3716 3530; baseline 0.005 -22"><span class='ocrx_word' id='word_1_532' title='bbox 2165 3453 2368 3520; x_wconf 84' lang='grc' dir='ltr'>Ἥλίαν,</span> <span class='ocrx_word' id='word_1_533' title='bbox 2393 3457 2484 3509; x_wconf 80' lang='grc' dir='ltr'>τὸν</span> <span class='ocrx_word' id='word_1_534' title='bbox 2523 3458 2845 3522; x_wconf 74' lang='grc' dir='ltr'>Ἐλισσαῖον,</span> <span class='ocrx_word' id='word_1_535' title='bbox 2879 3459 2972 3510; x_wconf 73' lang='grc' dir='ltr'>καὶ</span> <span class='ocrx_word' id='word_1_536' title='bbox 3006 3460 3134 3521; x_wconf 84' lang='grc' dir='ltr'>τοὺς</span> <span class='ocrx_word' id='word_1_537' title='bbox 3178 3461 3269 3511; x_wconf 75' lang='grc' dir='ltr'><strong>ἐπὶ</strong></span> <span class='ocrx_word' id='word_1_538' title='bbox 3318 3460 3491 3530; x_wconf 83' lang='grc' dir='ltr'>τούτῳ</span> <span class='ocrx_word' id='word_1_539' title='bbox 3533 3479 3716 3530; x_wconf 81' lang='grc' dir='ltr'>μακα-</span> 
     </span>
    </p>
   </div>
   <div class='ocr_carea' id='block_1_79' title="bbox 2155 3544 3716 3621">
    <p class='ocr_par' dir='ltr' id='par_1_79' title="bbox 2155 3544 3716 3621">
     <span class='ocr_line' id='line_1_79' title="bbox 2155 3544 3716 3621; baseline 0 -23"><span class='ocrx_word' id='word_1_540' title='bbox 2155 3545 2469 3614; x_wconf 79' lang='grc' dir='ltr'>ριζομένους</span> <span class='ocrx_word' id='word_1_541' title='bbox 2494 3544 2845 3616; x_wconf 75' lang='grc' dir='ltr'>ὑπερϐάλλων</span> <span class='ocrx_word' id='word_1_542' title='bbox 2873 3547 2979 3598; x_wconf 89' lang='grc' dir='ltr'>τῶν</span> <span class='ocrx_word' id='word_1_543' title='bbox 3004 3547 3318 3617; x_wconf 74' lang='grc' dir='ltr'>προφητῶν,</span> <span class='ocrx_word' id='word_1_544' title='bbox 3349 3550 3458 3616; x_wconf 82' lang='grc' dir='ltr'><strong>ὅσῳ</strong></span> <span class='ocrx_word' id='word_1_545' title='bbox 3487 3549 3563 3621; x_wconf 79' lang='grc' dir='ltr'>τῷ</span> <span class='ocrx_word' id='word_1_546' title='bbox 3614 3566 3716 3618; x_wconf 76' lang='grc' dir='ltr'>μα-</span> 
     </span>
    </p>
   </div>
   <div class='ocr_carea' id='block_1_80' title="bbox 2155 3635 3715 3708">
    <p class='ocr_par' dir='ltr' id='par_1_80' title="bbox 2155 3635 3715 3708">
     <span class='ocr_line' id='line_1_80' title="bbox 2155 3635 3715 3708; baseline 0.003 -19"><span class='ocrx_word' id='word_1_547' title='bbox 2155 3635 2408 3706; x_wconf 86' lang='grc' dir='ltr'>θητεῦσαι</span> <span class='ocrx_word' id='word_1_548' title='bbox 2430 3635 2647 3705; x_wconf 85' lang='grc' dir='ltr'>Χριστῷ</span> <span class='ocrx_word' id='word_1_549' title='bbox 2681 3635 2921 3699; x_wconf 87' lang='grc' dir='ltr'>πλείονος</span> <span class='ocrx_word' id='word_1_550' title='bbox 2975 3635 3298 3704; x_wconf 85' lang='grc' dir='ltr'>θεογνωσίας</span> <span class='ocrx_word' id='word_1_551' title='bbox 3328 3638 3422 3690; x_wconf 77' lang='grc' dir='ltr'><strong>καὶ</strong></span> <span class='ocrx_word' id='word_1_552' title='bbox 3454 3637 3715 3708; x_wconf 64' lang='grc' dir='ltr'>θερμοτὲ·</span> 
     </span>
    </p>
   </div>
   <div class='ocr_carea' id='block_1_81' title="bbox 2156 3727 3712 3802">
    <p class='ocr_par' dir='ltr' id='par_1_81' title="bbox 2156 3727 3712 3802">
     <span class='ocr_line' id='line_1_81' title="bbox 2156 3727 3712 3802; baseline 0.003 -25"><span class='ocrx_word' id='word_1_553' title='bbox 2156 3744 2252 3794; x_wconf 85' lang='grc' dir='ltr'>ρας</span> <span class='ocrx_word' id='word_1_554' title='bbox 2290 3729 2386 3794; x_wconf 85' lang='grc' dir='ltr'><strong>τῆς</strong></span> <span class='ocrx_word' id='word_1_555' title='bbox 2419 3728 2653 3788; x_wconf 89' lang='grc' dir='ltr'>πίστεως</span> <span class='ocrx_word' id='word_1_556' title='bbox 2677 3727 3040 3796; x_wconf 78' lang='grc' dir='ltr'>εὐμοιρηκὼς,</span> <span class='ocrx_word' id='word_1_557' title='bbox 3091 3727 3428 3802; x_wconf 80' lang='grc' dir='ltr'>θερμοτέραν</span> <span class='ocrx_word' id='word_1_558' title='bbox 3471 3728 3565 3781; x_wconf 70' lang='grc' dir='ltr'><strong>καὶ</strong></span> <span class='ocrx_word' id='word_1_559' title='bbox 3609 3727 3712 3798; x_wconf 69' lang='grc' dir='ltr'><strong>τὴν</strong></span> 
     </span>
    </p>
   </div>
   <div class='ocr_carea' id='block_1_82' title="bbox 2155 3815 3716 3889">
    <p class='ocr_par' dir='ltr' id='par_1_82' title="bbox 2155 3815 3716 3889">
     <span class='ocr_line' id='line_1_82' title="bbox 2155 3815 3716 3889; baseline 0.004 -23"><span class='ocrx_word' id='word_1_560' title='bbox 2155 3817 2294 3886; x_wconf 81' lang='grc' dir='ltr'>ὑπὲρ</span> <span class='ocrx_word' id='word_1_561' title='bbox 2323 3815 2415 3869; x_wconf 90' lang='grc' dir='ltr'>τοῦ</span> <span class='ocrx_word' id='word_1_562' title='bbox 2450 3817 2654 3884; x_wconf 79' lang='grc' dir='ltr'>ἀγαθοῦ</span> <span class='ocrx_word' id='word_1_563' title='bbox 2684 3817 2991 3886; x_wconf 81' lang='grc' dir='ltr'>προθυμίαν</span> <span class='ocrx_word' id='word_1_564' title='bbox 3017 3822 3377 3889; x_wconf 81' lang='grc' dir='ltr'>κατενήνοχας</span> <span class='ocrx_word' id='word_1_565' title='bbox 3413 3819 3506 3872; x_wconf 78' lang='grc' dir='ltr'><strong>καὶ</strong></span> <span class='ocrx_word' id='word_1_566' title='bbox 3543 3834 3716 3872; x_wconf 84' lang='grc' dir='ltr'>σπου-</span> 
     </span>
    </p>
   </div>
   <div class='ocr_carea' id='block_1_83' title="bbox 2153 3907 2271 3975">
    <p class='ocr_par' dir='ltr' id='par_1_83' title="bbox 2153 3907 2271 3975">
     <span class='ocr_line' id='line_1_83' title="bbox 2153 3907 2271 3975; baseline 0.025 -18"><span class='ocrx_word' id='word_1_567' title='bbox 2153 3907 2271 3975; x_wconf 85' lang='grc' dir='ltr'>δήν.</span> 
     </span>
    </p>
   </div>
   <div class='ocr_carea' id='block_1_84' title="bbox 2222 3996 3716 4069">
    <p class='ocr_par' dir='ltr' id='par_1_84' title="bbox 2222 3996 3716 4069">
     <span class='ocr_line' id='line_1_84' title="bbox 2222 3996 3716 4069; baseline 0.003 -20"><span class='ocrx_word' id='word_1_568' title='bbox 2222 3997 2412 4066; x_wconf 82' lang='grc' dir='ltr'>Χαῖρε,</span> <span class='ocrx_word' id='word_1_569' title='bbox 2442 3997 2522 4050; x_wconf 81' lang='grc' dir='ltr'>ὅτι</span> <span class='ocrx_word' id='word_1_570' title='bbox 2573 3996 2640 4049; x_wconf 84' lang='grc' dir='ltr'>δι’</span> <span class='ocrx_word' id='word_1_571' title='bbox 2669 3996 2860 4050; x_wconf 81' lang='grc' dir='ltr'>ἑαυτοῦ</span> <span class='ocrx_word' id='word_1_572' title='bbox 2900 3997 3188 4067; x_wconf 80' lang='grc' dir='ltr'>σεμνύνας¹</span> <span class='ocrx_word' id='word_1_573' title='bbox 3208 3996 3306 4066; x_wconf 76' lang='grc' dir='ltr'>τὴν</span> <span class='ocrx_word' id='word_1_574' title='bbox 3350 3998 3578 4069; x_wconf 85' lang='grc' dir='ltr'>πατρίδα</span> <span class='ocrx_word' id='word_1_575' title='bbox 3611 3999 3716 4067; x_wconf 77' lang='grc' dir='ltr'>τὴν</span> 
     </span>
    </p>
   </div>
   <div class='ocr_carea' id='block_1_85' title="bbox 2154 4086 3710 4159">
    <p class='ocr_par' dir='ltr' id='par_1_85' title="bbox 2154 4086 3710 4159">
     <span class='ocr_line' id='line_1_85' title="bbox 2154 4086 3710 4159; baseline 0.004 -22"><span class='ocrx_word' id='word_1_576' title='bbox 2154 4087 2243 4138; x_wconf 67' lang='grc' dir='ltr'><strong>ἐπὶ</strong></span> <span class='ocrx_word' id='word_1_577' title='bbox 2269 4087 2390 4154; x_wconf 79' lang='grc' dir='ltr'>γῆς,</span> <span class='ocrx_word' id='word_1_578' title='bbox 2413 4087 2508 4155; x_wconf 80' lang='grc' dir='ltr'><strong>τῆς</strong></span> <span class='ocrx_word' id='word_1_579' title='bbox 2532 4087 2628 4154; x_wconf 81' lang='grc' dir='ltr'>μὲν</span> <span class='ocrx_word' id='word_1_580' title='bbox 2675 4086 2854 4139; x_wconf 85' lang='grc' dir='ltr'>τέλεον</span> <span class='ocrx_word' id='word_1_581' title='bbox 2911 4088 3302 4157; x_wconf 83' lang='grc' dir='ltr'>ὑπερανέστης,</span> <span class='ocrx_word' id='word_1_582' title='bbox 3343 4088 3431 4140; x_wconf 84' lang='grc' dir='ltr'><strong>τὸν</strong></span> <span class='ocrx_word' id='word_1_583' title='bbox 3480 4090 3710 4159; x_wconf 76' lang='grc' dir='ltr'>οὐρανὸν</span> 
     </span>
    </p>
   </div>
   <div class='ocr_carea' id='block_1_86' title="bbox 2153 4175 3811 4248">
    <p class='ocr_par' dir='ltr' id='par_1_86' title="bbox 2153 4175 3811 4248">
     <span class='ocr_line' id='line_1_86' title="bbox 2153 4175 3811 4248; baseline 0.002 -22"><span class='ocrx_word' id='word_1_584' title='bbox 2153 4177 2227 4240; x_wconf 80' lang='grc' dir='ltr'><strong>δὲ,</strong></span> <span class='ocrx_word' id='word_1_585' title='bbox 2251 4176 2324 4237; x_wconf 86' lang='grc' dir='ltr'><strong>ὡς</strong></span> <span class='ocrx_word' id='word_1_586' title='bbox 2351 4176 2594 4244; x_wconf 83' lang='grc' dir='ltr'>οὐράνιος</span> <span class='ocrx_word' id='word_1_587' title='bbox 2649 4175 2865 4245; x_wconf 78' lang='grc' dir='ltr'>ᾤκησας</span> <span class='ocrx_word' id='word_1_588' title='bbox 2921 4180 3047 4240; x_wconf 85' lang='grc' dir='ltr'>παῖς</span> <span class='ocrx_word' id='word_1_589' title='bbox 3071 4194 3084 4207; x_wconf 90' lang='grc'>·</span> <span class='ocrx_word' id='word_1_590' title='bbox 3119 4177 3214 4230; x_wconf 72' lang='grc' dir='ltr'>καὶ</span> <span class='ocrx_word' id='word_1_591' title='bbox 3242 4178 3401 4242; x_wconf 88' lang='grc' dir='ltr'>Σιὼν,</span> <span class='ocrx_word' id='word_1_592' title='bbox 3436 4178 3569 4230; x_wconf 86' lang='grc' dir='ltr'>Θεοῦ</span> <span class='ocrx_word' id='word_1_593' title='bbox 3607 4178 3710 4248; x_wconf 82' lang='grc' dir='ltr'><strong>τὴν</strong></span> <span class='ocrx_word' id='word_1_594' title='bbox 3807 4235 3811 4238; x_wconf 10' lang='grc' dir='ltr'><em>ἠ</em></span> 
     </span>
    </p>
   </div>
   <div class='ocr_carea' id='block_1_87' title="bbox 499 4260 2046 4354">
    <p class='ocr_par' dir='ltr' id='par_1_87' title="bbox 499 4286 2046 4354">
     <span class='ocr_line' id='line_1_87' title="bbox 499 4286 2046 4354; baseline -0.003 -12"><span class='ocrx_word' id='word_1_595' title='bbox 499 4291 554 4342; x_wconf 85' lang='lat' dir='ltr'><strong>in</strong></span> <span class='ocrx_word' id='word_1_596' title='bbox 577 4291 771 4342; x_wconf 75' lang='lat' dir='ltr'><strong>ccelum</strong></span> <span class='ocrx_word' id='word_1_597' title='bbox 797 4288 1162 4346; x_wconf 86' lang='lat' dir='ltr'><strong>transtuleris,</strong></span> <span class='ocrx_word' id='word_1_598' title='bbox 1195 4287 1466 4353; x_wconf 89' lang='lat' dir='ltr'><strong>Sioneque</strong></span> <span class='ocrx_word' id='word_1_599' title='bbox 1495 4286 1588 4339; x_wconf 89' lang='lat' dir='ltr'><strong>Dei</strong></span> <span class='ocrx_word' id='word_1_600' title='bbox 1621 4286 1899 4354; x_wconf 84' lang='lat' dir='ltr'><strong>Metropoli</strong></span> <span class='ocrx_word' id='word_1_601' title='bbox 1928 4301 2046 4338; x_wconf 84' lang='lat' dir='ltr'><strong>vera</strong></span> 
     </span>
    </p>
   </div>
   <div class='ocr_carea' id='block_1_88' title="bbox 2159 4260 3709 4354">
    <p class='ocr_par' dir='ltr' id='par_1_88' title="bbox 2159 4263 3709 4339">
     <span class='ocr_line' id='line_1_88' title="bbox 2159 4263 3709 4339; baseline 0.003 -23"><span class='ocrx_word' id='word_1_602' title='bbox 2159 4265 2507 4336; x_wconf 77' lang='grc' dir='ltr'>μητρόπολιν,</span> <span class='ocrx_word' id='word_1_603' title='bbox 2545 4266 2772 4333; x_wconf 70' lang='grc' dir='ltr'>πατρίδα</span> <span class='ocrx_word' id='word_1_604' title='bbox 2793 4267 2964 4338; x_wconf 82' lang='grc' dir='ltr'>ἀληθῆ</span> <span class='ocrx_word' id='word_1_605' title='bbox 2995 4263 3543 4339; x_wconf 77' lang='grc' dir='ltr'>ὲγνωκὼς,Σιωνίτης</span> <span class='ocrx_word' id='word_1_606' title='bbox 3568 4269 3709 4338; x_wconf 82' lang='grc' dir='ltr'><strong>μᾶλ-</strong></span> 
     </span>
    </p>
   </div>
   <div class='ocr_carea' id='block_1_89' title="bbox 499 4375 2053 4446">
    <p class='ocr_par' dir='ltr' id='par_1_89' title="bbox 499 4375 2053 4446">
     <span class='ocr_line' id='line_1_89' title="bbox 499 4375 2053 4446; baseline -0.003 -14"><span class='ocrx_word' id='word_1_607' title='bbox 499 4380 710 4446; x_wconf 76' lang='lat' dir='ltr'><strong>Cttgllila</strong></span> <span class='ocrx_word' id='word_1_608' title='bbox 743 4379 936 4446; x_wconf 90' lang='lat' dir='ltr'><strong>patria,</strong></span> <span class='ocrx_word' id='word_1_609' title='bbox 963 4377 1200 4430; x_wconf 88' lang='lat' dir='ltr'><strong>Sionites</strong></span> <span class='ocrx_word' id='word_1_610' title='bbox 1221 4375 1422 4443; x_wconf 87' lang='lat' dir='ltr'><strong>potius,</strong></span> <span class='ocrx_word' id='word_1_611' title='bbox 1447 4390 1607 4443; x_wconf 91' lang='lat' dir='ltr'><strong>quam</strong></span> <span class='ocrx_word' id='word_1_612' title='bbox 1633 4375 1848 4428; x_wconf 84' lang='lat' dir='ltr'><strong>Canites</strong></span> <span class='ocrx_word' id='word_1_613' title='bbox 1867 4375 2053 4443; x_wconf 85' lang='lat' dir='ltr'><strong>appel-</strong></span> 
     </span>
    </p>
   </div>
   <div class='ocr_carea' id='block_1_90' title="bbox 498 4464 2049 4532">
    <p class='ocr_par' dir='ltr' id='par_1_90' title="bbox 498 4464 2049 4532">
     <span class='ocr_line' id='line_1_90' title="bbox 498 4464 2049 4532; baseline -0.001 -14"><span class='ocrx_word' id='word_1_614' title='bbox 498 4466 597 4519; x_wconf 87' lang='lat' dir='ltr'><strong>lari</strong></span> <span class='ocrx_word' id='word_1_615' title='bbox 627 4466 936 4519; x_wconf 86' lang='lat' dir='ltr'><strong>merueris:</strong></span> <span class='ocrx_word' id='word_1_616' title='bbox 987 4465 1080 4532; x_wconf 85' lang='lat' dir='ltr'><strong>qui</strong></span> <span class='ocrx_word' id='word_1_617' title='bbox 1115 4464 1368 4517; x_wconf 90' lang='lat' dir='ltr'><strong>nimirum</strong></span> <span class='ocrx_word' id='word_1_618' title='bbox 1428 4465 1570 4517; x_wconf 90' lang='lat' dir='ltr'><strong>sicut</strong></span> <span class='ocrx_word' id='word_1_619' title='bbox 1621 4474 1828 4532; x_wconf 88' lang='lat' dir='ltr'><strong>patrem</strong></span> <span class='ocrx_word' id='word_1_620' title='bbox 1876 4474 2049 4532; x_wconf 86' lang='lat' dir='ltr'><strong>patre,</strong></span> 
     </span>
    </p>
   </div>
   <div class='ocr_carea' id='block_1_91' title="bbox 499 4554 2048 4624">
    <p class='ocr_par' dir='ltr' id='par_1_91' title="bbox 499 4554 2048 4624">
     <span class='ocr_line' id='line_1_91' title="bbox 499 4554 2048 4624; baseline 0 -17"><span class='ocrx_word' id='word_1_621' title='bbox 499 4555 975 4622; x_wconf 65' lang='lat' dir='ltr'><strong>liasrcditatcmque</strong></span> <span class='ocrx_word' id='word_1_622' title='bbox 1001 4554 1342 4616; x_wconf 82' lang='lat' dir='ltr'><strong>haereditate,</strong></span> <span class='ocrx_word' id='word_1_623' title='bbox 1367 4564 1528 4624; x_wconf 87' lang='lat' dir='ltr'><strong>atque</strong></span> <span class='ocrx_word' id='word_1_624' title='bbox 1557 4554 1748 4608; x_wconf 77' lang='lat' dir='ltr'><strong>fratres</strong></span> <span class='ocrx_word' id='word_1_625' title='bbox 1768 4555 2048 4618; x_wconf 87' lang='lat' dir='ltr'><strong>fratribus,</strong></span> 
     </span>
    </p>
   </div>
   <div class='ocr_carea' id='block_1_92' title="bbox 500 4644 2049 4716">
    <p class='ocr_par' dir='ltr' id='par_1_92' title="bbox 500 4644 2049 4716">
     <span class='ocr_line' id='line_1_92' title="bbox 500 4644 2049 4716; baseline 0.001 -20"><span class='ocrx_word' id='word_1_626' title='bbox 500 4645 578 4696; x_wconf 85' lang='lat' dir='ltr'><strong>sic</strong></span> <span class='ocrx_word' id='word_1_627' title='bbox 602 4653 654 4697; x_wconf 88' lang='lat' dir='ltr'><strong>et</strong></span> <span class='ocrx_word' id='word_1_628' title='bbox 692 4644 915 4711; x_wconf 87' lang='lat' dir='ltr'><strong>patriam</strong></span> <span class='ocrx_word' id='word_1_629' title='bbox 943 4645 1138 4712; x_wconf 81' lang='lat' dir='ltr'><strong>patria,</strong></span> <span class='ocrx_word' id='word_1_630' title='bbox 1175 4644 1528 4712; x_wconf 88' lang='lat' dir='ltr'><strong>mortaliaque</strong></span> <span class='ocrx_word' id='word_1_631' title='bbox 1545 4656 1600 4714; x_wconf 82' lang='lat' dir='ltr'><strong>et</strong></span> <span class='ocrx_word' id='word_1_632' title='bbox 1627 4645 1802 4704; x_wconf 74' lang='lat' dir='ltr'><strong>fluxa,</strong></span> <span class='ocrx_word' id='word_1_633' title='bbox 1831 4644 1902 4716; x_wconf 84' lang='lat' dir='ltr'><strong>iis</strong></span> <span class='ocrx_word' id='word_1_634' title='bbox 1931 4659 2049 4711; x_wconf 78' lang='lat' dir='ltr'><strong>qua:</strong></span> 
     </span>
    </p>
   </div>
   <div class='ocr_carea' id='block_1_93' title="bbox 501 4735 2046 4804">
    <p class='ocr_par' dir='ltr' id='par_1_93' title="bbox 501 4735 2046 4804">
     <span class='ocr_line' id='line_1_93' title="bbox 501 4735 2046 4804; baseline 0 -17"><span class='ocrx_word' id='word_1_635' title='bbox 501 4735 712 4787; x_wconf 82' lang='lat' dir='ltr'><strong>stabilia</strong></span> <span class='ocrx_word' id='word_1_636' title='bbox 743 4744 870 4786; x_wconf 91' lang='lat' dir='ltr'><strong>sunt</strong></span> <span class='ocrx_word' id='word_1_637' title='bbox 895 4750 956 4786; x_wconf 90' lang='lat' dir='ltr'><strong>ac</strong></span> <span class='ocrx_word' id='word_1_638' title='bbox 1006 4735 1338 4804; x_wconf 90' lang='lat' dir='ltr'><strong>incorrupta,</strong></span> <span class='ocrx_word' id='word_1_639' title='bbox 1368 4736 1598 4804; x_wconf 89' lang='lat' dir='ltr'><strong>sapienti</strong></span> <span class='ocrx_word' id='word_1_640' title='bbox 1634 4735 1867 4794; x_wconf 86' lang='lat' dir='ltr'><strong>consilio</strong></span> <span class='ocrx_word' id='word_1_641' title='bbox 1896 4749 2046 4788; x_wconf 88' lang='lat' dir='ltr'><strong>com-</strong></span> 
     </span>
    </p>
   </div>
   <div class='ocr_carea' id='block_1_94' title="bbox 501 4823 882 4878">
    <p class='ocr_par' dir='ltr' id='par_1_94' title="bbox 501 4823 882 4878">
     <span class='ocr_line' id='line_1_94' title="bbox 501 4823 882 4878; baseline 0.01 -4"><span class='ocrx_word' id='word_1_642' title='bbox 501 4823 794 4876; x_wconf 86' lang='lat' dir='ltr'><strong>mutaveris</strong></span> <span class='ocrx_word' id='word_1_643' title='bbox 817 4825 882 4878; x_wconf 79' lang='lat'><strong>&quot;.</strong></span> 
     </span>
    </p>
   </div>
   <div class='ocr_carea' id='block_1_95' title="bbox 571 4915 2051 4983">
    <p class='ocr_par' dir='ltr' id='par_1_95' title="bbox 571 4915 2051 4983">
     <span class='ocr_line' id='line_1_95' title="bbox 571 4915 2051 4983; baseline -0.001 -16"><span class='ocrx_word' id='word_1_644' title='bbox 571 4916 729 4968; x_wconf 88' lang='lat' dir='ltr'><strong>Salve</strong></span> <span class='ocrx_word' id='word_1_645' title='bbox 759 4915 852 4976; x_wconf 85' lang='lat' dir='ltr'><strong>sis,</strong></span> <span class='ocrx_word' id='word_1_646' title='bbox 902 4916 1078 4969; x_wconf 81' lang='lat' dir='ltr'><strong>Patris</strong></span> <span class='ocrx_word' id='word_1_647' title='bbox 1122 4916 1339 4983; x_wconf 90' lang='lat' dir='ltr'><strong>quidem</strong></span> <span class='ocrx_word' id='word_1_648' title='bbox 1370 4915 1650 4979; x_wconf 83' lang='lat' dir='ltr'><strong>minister;</strong></span> <span class='ocrx_word' id='word_1_649' title='bbox 1708 4915 2051 4982; x_wconf 87' lang='lat' dir='ltr'><strong>dispensator</strong></span> 
     </span>
    </p>
   </div>
   <div class='ocr_carea' id='block_1_96' title="bbox 498 4999 2048 5074">
    <p class='ocr_par' dir='ltr' id='par_1_96' title="bbox 498 4999 2048 5074">
     <span class='ocr_line' id='line_1_96' title="bbox 498 4999 2048 5074; baseline 0.003 -23"><span class='ocrx_word' id='word_1_650' title='bbox 498 5019 630 5054; x_wconf 73' lang='lat' dir='ltr'><strong>vero</strong></span> <span class='ocrx_word' id='word_1_651' title='bbox 652 5007 1029 5074; x_wconf 77' lang='lat' dir='ltr'><strong>mysteriorum</strong></span> <span class='ocrx_word' id='word_1_652' title='bbox 1086 4999 1228 5071; x_wconf 86' lang='lat' dir='ltr'><strong>Filii,</strong></span> <span class='ocrx_word' id='word_1_653' title='bbox 1261 5021 1322 5060; x_wconf 91' lang='lat' dir='ltr'><strong>ac</strong></span> <span class='ocrx_word' id='word_1_654' title='bbox 1352 5007 1589 5074; x_wconf 76' lang='lat' dir='ltr'><strong>Spiritus</strong></span> <span class='ocrx_word' id='word_1_655' title='bbox 1637 5005 1834 5057; x_wconf 90' lang='lat' dir='ltr'><strong>famule</strong></span> <span class='ocrx_word' id='word_1_656' title='bbox 1869 5022 1880 5053; x_wconf 90' lang='lat'><strong>:</strong></span> <span class='ocrx_word' id='word_1_657' title='bbox 1913 5005 2048 5068; x_wconf 85' lang='lat' dir='ltr'><strong>sive,</strong></span> 
     </span>
    </p>
   </div>
   <div class='ocr_carea' id='block_1_97' title="bbox 498 5089 2049 5165">
    <p class='ocr_par' dir='ltr' id='par_1_97' title="bbox 498 5089 2049 5165">
     <span class='ocr_line' id='line_1_97' title="bbox 498 5089 2049 5165; baseline 0.004 -25"><span class='ocrx_word' id='word_1_658' title='bbox 498 5089 675 5165; x_wconf 75' lang='lat' dir='ltr'><strong>&#39;I‘atris</strong></span> <span class='ocrx_word' id='word_1_659' title='bbox 702 5094 918 5160; x_wconf 88' lang='lat' dir='ltr'><strong>quidem</strong></span> <span class='ocrx_word' id='word_1_660' title='bbox 953 5111 1130 5162; x_wconf 63' lang='lat' dir='ltr'><strong>praeco</strong></span> <span class='ocrx_word' id='word_1_661' title='bbox 1158 5111 1220 5148; x_wconf 88' lang='lat' dir='ltr'><strong>ac</strong></span> <span class='ocrx_word' id='word_1_662' title='bbox 1243 5097 1490 5150; x_wconf 87' lang='lat' dir='ltr'><strong>minister</strong></span> <span class='ocrx_word' id='word_1_663' title='bbox 1517 5112 1531 5155; x_wconf 90' lang='lat'><strong>;</strong></span> <span class='ocrx_word' id='word_1_664' title='bbox 1568 5094 1686 5146; x_wconf 85' lang='lat' dir='ltr'><strong>Filii</strong></span> <span class='ocrx_word' id='word_1_665' title='bbox 1712 5108 1863 5155; x_wconf 89' lang='lat' dir='ltr'><strong>vero,</strong></span> <span class='ocrx_word' id='word_1_666' title='bbox 1899 5093 2049 5146; x_wconf 88' lang='lat' dir='ltr'><strong>testis</strong></span> 
     </span>
    </p>
   </div>
   <div class='ocr_carea' id='block_1_98' title="bbox 499 5181 2043 5252">
    <p class='ocr_par' dir='ltr' id='par_1_98' title="bbox 499 5181 2043 5252">
     <span class='ocr_line' id='line_1_98' title="bbox 499 5181 2043 5252; baseline 0.003 -23"><span class='ocrx_word' id='word_1_667' title='bbox 499 5191 557 5231; x_wconf 66' lang='lat' dir='ltr'><strong>ct</strong></span> <span class='ocrx_word' id='word_1_668' title='bbox 589 5182 826 5248; x_wconf 80' lang='lat' dir='ltr'><strong>apostolo</strong></span> <span class='ocrx_word' id='word_1_669' title='bbox 853 5201 867 5248; x_wconf 90' lang='lat'><strong>;</strong></span> <span class='ocrx_word' id='word_1_670' title='bbox 904 5184 1138 5252; x_wconf 86' lang='lat' dir='ltr'><strong>Spiritus</strong></span> <span class='ocrx_word' id='word_1_671' title='bbox 1184 5186 1417 5250; x_wconf 88' lang='lat' dir='ltr'><strong>denique</strong></span> <span class='ocrx_word' id='word_1_672' title='bbox 1457 5182 1718 5250; x_wconf 88' lang='lat' dir='ltr'><strong>discipule</strong></span> <span class='ocrx_word' id='word_1_673' title='bbox 1742 5197 1802 5235; x_wconf 89' lang='lat' dir='ltr'><strong>ac</strong></span> <span class='ocrx_word' id='word_1_674' title='bbox 1835 5181 2043 5247; x_wconf 79' lang='lat' dir='ltr'><strong>scriba;</strong></span> 
     </span>
    </p>
   </div>
   <div class='ocr_carea' id='block_1_99' title="bbox 573 5353 1363 5419">
    <p class='ocr_par' dir='ltr' id='par_1_99' title="bbox 573 5353 1363 5419">
     <span class='ocr_line' id='line_1_99' title="bbox 573 5353 1363 5419; baseline -0.005 -10"><span class='ocrx_word' id='word_1_675' title='bbox 573 5354 618 5382; x_wconf 82' lang='lat'><strong>&quot;‘</strong></span> <span class='ocrx_word' id='word_1_676' title='bbox 641 5353 790 5408; x_wconf 84' lang='lat' dir='ltr'><strong>Joau.</strong></span> <span class='ocrx_word' id='word_1_677' title='bbox 819 5372 876 5417; x_wconf 90' lang='lat' dir='ltr'><strong>ll,</strong></span> <span class='ocrx_word' id='word_1_678' title='bbox 914 5357 1113 5419; x_wconf 77' lang='lat' dir='ltr'><strong>1;.Ios.</strong></span> <span class='ocrx_word' id='word_1_679' title='bbox 1144 5371 1250 5413; x_wconf 50' lang='lat' dir='ltr'><strong>xxv,</strong></span> <span class='ocrx_word' id='word_1_680' title='bbox 1276 5354 1363 5405; x_wconf 73' lang='lat'><strong>9.8.</strong></span> 
     </span>
    </p>
   </div>
   <div class='ocr_carea' id='block_1_100' title="bbox 569 5528 1120 5596">
    <p class='ocr_par' dir='ltr' id='par_1_100' title="bbox 569 5528 1120 5596">
     <span class='ocr_line' id='line_1_100' title="bbox 569 5528 1120 5596; baseline -0.002 -19"><span class='ocrx_word' id='word_1_681' title='bbox 569 5528 1120 5596; x_wconf 51' lang='grc' dir='ltr'><strong>’(31Ἵϊῖιΐηιιίίὲτὲι.</strong></span> 
     </span>
    </p>
   </div>
   <div class='ocr_carea' id='block_1_101' title="bbox 2158 4356 3712 4431">
    <p class='ocr_par' dir='ltr' id='par_1_101' title="bbox 2158 4356 3712 4431">
     <span class='ocr_line' id='line_1_101' title="bbox 2158 4356 3712 4431; baseline 0.003 -23"><span class='ocrx_word' id='word_1_682' title='bbox 2158 4359 2246 4410; x_wconf 85' lang='grc' dir='ltr'><strong>λον</strong></span> <span class='ocrx_word' id='word_1_683' title='bbox 2294 4357 2328 4426; x_wconf 78' lang='grc' dir='ltr'>ἦ</span> <span class='ocrx_word' id='word_1_684' title='bbox 2386 4356 2690 4426; x_wconf 82' lang='grc' dir='ltr'>Κανανίτης</span> <span class='ocrx_word' id='word_1_685' title='bbox 2740 4358 2904 4421; x_wconf 84' lang='grc' dir='ltr'>ἀξίως</span> <span class='ocrx_word' id='word_1_686' title='bbox 2971 4361 3407 4430; x_wconf 84' lang='grc' dir='ltr'>προσηγόρευσαι</span> <span class='ocrx_word' id='word_1_687' title='bbox 3451 4377 3465 4390; x_wconf 85' lang='lat'><strong><em>°</em></strong></span> <span class='ocrx_word' id='word_1_688' title='bbox 3520 4360 3712 4431; x_wconf 78' lang='grc' dir='ltr'>ὥσπερ</span> 
     </span>
    </p>
   </div>
   <div class='ocr_carea' id='block_1_102' title="bbox 2159 4447 3713 4520">
    <p class='ocr_par' dir='ltr' id='par_1_102' title="bbox 2159 4447 3713 4520">
     <span class='ocr_line' id='line_1_102' title="bbox 2159 4447 3713 4520; baseline 0.004 -22"><span class='ocrx_word' id='word_1_689' title='bbox 2159 4448 2368 4517; x_wconf 81' lang='grc' dir='ltr'>πατέρα</span> <span class='ocrx_word' id='word_1_690' title='bbox 2402 4447 2499 4514; x_wconf 84' lang='grc' dir='ltr'>μὲν</span> <span class='ocrx_word' id='word_1_691' title='bbox 2519 4447 2741 4518; x_wconf 83' lang='grc' dir='ltr'>πατρὸς,</span> <span class='ocrx_word' id='word_1_692' title='bbox 2775 4449 2972 4518; x_wconf 81' lang='grc' dir='ltr'>κλῆρον</span> <span class='ocrx_word' id='word_1_693' title='bbox 2995 4450 3051 4503; x_wconf 88' lang='grc' dir='ltr'>δὲ</span> <span class='ocrx_word' id='word_1_694' title='bbox 3086 4450 3310 4520; x_wconf 82' lang='grc' dir='ltr'>κλήρου,</span> <span class='ocrx_word' id='word_1_695' title='bbox 3373 4450 3633 4516; x_wconf 81' lang='grc' dir='ltr'>ἀδελφοὺς</span> <span class='ocrx_word' id='word_1_696' title='bbox 3653 4449 3713 4504; x_wconf 62' lang='grc' dir='ltr'>δὲ</span> 
     </span>
    </p>
   </div>
   <div class='ocr_carea' id='block_1_103' title="bbox 2157 4537 3716 4608">
    <p class='ocr_par' dir='ltr' id='par_1_103' title="bbox 2157 4537 3716 4608">
     <span class='ocr_line' id='line_1_103' title="bbox 2157 4537 3716 4608; baseline 0.001 -19"><span class='ocrx_word' id='word_1_697' title='bbox 2157 4537 2414 4604; x_wconf 75' lang='grc' dir='ltr'>ἀδελφῶν,</span> <span class='ocrx_word' id='word_1_698' title='bbox 2443 4537 2582 4590; x_wconf 79' lang='grc' dir='ltr'>οὕτω</span> <span class='ocrx_word' id='word_1_699' title='bbox 2620 4538 2709 4590; x_wconf 78' lang='grc' dir='ltr'><strong>καὶ</strong></span> <span class='ocrx_word' id='word_1_700' title='bbox 2745 4538 2976 4608; x_wconf 85' lang='grc' dir='ltr'>πατρίδα</span> <span class='ocrx_word' id='word_1_701' title='bbox 3020 4539 3118 4608; x_wconf 85' lang='grc' dir='ltr'><strong>τῆς</strong></span> <span class='ocrx_word' id='word_1_702' title='bbox 3170 4539 3443 4607; x_wconf 82' lang='grc' dir='ltr'>πατρίδος,</span> <span class='ocrx_word' id='word_1_703' title='bbox 3484 4537 3550 4592; x_wconf 84' lang='grc' dir='ltr'>τά</span> <span class='ocrx_word' id='word_1_704' title='bbox 3591 4537 3716 4591; x_wconf 70' lang='grc' dir='ltr'>ὲπί.</span> 
     </span>
    </p>
   </div>
   <div class='ocr_carea' id='block_1_104' title="bbox 2158 4628 3712 4699">
    <p class='ocr_par' dir='ltr' id='par_1_104' title="bbox 2158 4628 3712 4699">
     <span class='ocr_line' id='line_1_104' title="bbox 2158 4628 3712 4699; baseline 0.001 -21"><span class='ocrx_word' id='word_1_705' title='bbox 2158 4645 2300 4696; x_wconf 81' lang='grc' dir='ltr'>κηρα</span> <span class='ocrx_word' id='word_1_706' title='bbox 2337 4628 2429 4679; x_wconf 79' lang='grc' dir='ltr'><strong>καὶ</strong></span> <span class='ocrx_word' id='word_1_707' title='bbox 2459 4628 2688 4698; x_wconf 84' lang='grc' dir='ltr'>λυόμενα</span> <span class='ocrx_word' id='word_1_708' title='bbox 2733 4629 2840 4683; x_wconf 85' lang='grc' dir='ltr'>τῶν</span> <span class='ocrx_word' id='word_1_709' title='bbox 2863 4630 3109 4682; x_wconf 81' lang='grc' dir='ltr'>ἑστώτων</span> <span class='ocrx_word' id='word_1_710' title='bbox 3143 4630 3235 4682; x_wconf 83' lang='grc' dir='ltr'><strong>καὶ</strong></span> <span class='ocrx_word' id='word_1_711' title='bbox 3261 4629 3558 4699; x_wconf 83' lang='grc' dir='ltr'>ἀκηράτων</span> <span class='ocrx_word' id='word_1_712' title='bbox 3587 4631 3712 4698; x_wconf 70' lang='grc' dir='ltr'>ἒχε-</span> 
     </span>
    </p>
   </div>
   <div class='ocr_carea' id='block_1_105' title="bbox 2157 4703 3092 4788">
    <p class='ocr_par' dir='ltr' id='par_1_105' title="bbox 2157 4703 3092 4788">
     <span class='ocr_line' id='line_1_105' title="bbox 2157 4703 3092 4788; baseline 0.006 -21"><span class='ocrx_word' id='word_1_713' title='bbox 2157 4718 2364 4784; x_wconf 79' lang='grc' dir='ltr'>φρόνως</span> <span class='ocrx_word' id='word_1_714' title='bbox 2401 4718 2790 4788; x_wconf 74' lang='grc' dir='ltr'>ἀμειψάμενος.</span> <span class='ocrx_word' id='word_1_715' title='bbox 3088 4703 3092 4706; x_wconf 18' lang='grc' dir='ltr'>ι</span> 
     </span>
    </p>
   </div>
   <div class='ocr_carea' id='block_1_106' title="bbox 2226 4915 3712 4987">
    <p class='ocr_par' dir='ltr' id='par_1_106' title="bbox 2226 4915 3712 4987">
     <span class='ocr_line' id='line_1_106' title="bbox 2226 4915 3712 4987; baseline 0 -20"><span class='ocrx_word' id='word_1_716' title='bbox 2226 4916 2416 4985; x_wconf 85' lang='grc' dir='ltr'>Χαῖρε,</span> <span class='ocrx_word' id='word_1_717' title='bbox 2439 4916 2531 4970; x_wconf 87' lang='grc' dir='ltr'>τοῦ</span> <span class='ocrx_word' id='word_1_718' title='bbox 2573 4917 2782 4987; x_wconf 87' lang='grc' dir='ltr'>Πατρὸς</span> <span class='ocrx_word' id='word_1_719' title='bbox 2817 4915 2917 4984; x_wconf 82' lang='grc' dir='ltr'>μὲν</span> <span class='ocrx_word' id='word_1_720' title='bbox 2952 4917 3217 4987; x_wconf 82' lang='grc' dir='ltr'>ὑπηρέτα,</span> <span class='ocrx_word' id='word_1_721' title='bbox 3249 4917 3495 4985; x_wconf 78' lang='grc' dir='ltr'>οἰκονόμε</span> <span class='ocrx_word' id='word_1_722' title='bbox 3521 4915 3580 4967; x_wconf 65' lang='grc' dir='ltr'>δὲ</span> <span class='ocrx_word' id='word_1_723' title='bbox 3609 4931 3712 4983; x_wconf 84' lang='grc' dir='ltr'><strong>μυ-</strong></span> 
     </span>
    </p>
   </div>
   <div class='ocr_carea' id='block_1_107' title="bbox 2155 5001 3708 5073">
    <p class='ocr_par' dir='ltr' id='par_1_107' title="bbox 2155 5001 3708 5073">
     <span class='ocr_line' id='line_1_107' title="bbox 2155 5001 3708 5073; baseline 0.001 -20"><span class='ocrx_word' id='word_1_724' title='bbox 2155 5005 2387 5073; x_wconf 75' lang='grc' dir='ltr'>στηρίων</span> <span class='ocrx_word' id='word_1_725' title='bbox 2414 5004 2506 5055; x_wconf 89' lang='grc' dir='ltr'>τοῦ</span> <span class='ocrx_word' id='word_1_726' title='bbox 2537 5003 2688 5065; x_wconf 78' lang='grc' dir='ltr'>Υξοῦ,</span> <span class='ocrx_word' id='word_1_727' title='bbox 2720 5005 2811 5056; x_wconf 80' lang='grc' dir='ltr'>καὶ</span> <span class='ocrx_word' id='word_1_728' title='bbox 2831 5003 2922 5055; x_wconf 84' lang='grc' dir='ltr'><strong>τοῦ</strong></span> <span class='ocrx_word' id='word_1_729' title='bbox 2957 5003 3266 5072; x_wconf 83' lang='grc' dir='ltr'>Πνεῦματος</span> <span class='ocrx_word' id='word_1_730' title='bbox 3291 5001 3567 5069; x_wconf 82' lang='grc' dir='ltr'>λειτουργέ</span> <span class='ocrx_word' id='word_1_731' title='bbox 3598 5017 3612 5030; x_wconf 73' lang='grc'><strong><em>⁸</em></strong></span> <span class='ocrx_word' id='word_1_732' title='bbox 3649 5001 3708 5071; x_wconf 81' lang='grc' dir='ltr'><strong>ἢ,</strong></span> 
     </span>
    </p>
   </div>
   <div class='ocr_carea' id='block_1_108' title="bbox 2153 5089 3706 5162">
    <p class='ocr_par' dir='ltr' id='par_1_108' title="bbox 2153 5089 3706 5162">
     <span class='ocr_line' id='line_1_108' title="bbox 2153 5089 3706 5162; baseline -0.001 -20"><span class='ocrx_word' id='word_1_733' title='bbox 2153 5091 2245 5142; x_wconf 89' lang='grc' dir='ltr'>τοῦ</span> <span class='ocrx_word' id='word_1_734' title='bbox 2283 5093 2380 5160; x_wconf 83' lang='grc' dir='ltr'><strong>μὲν</strong></span> <span class='ocrx_word' id='word_1_735' title='bbox 2409 5091 2582 5161; x_wconf 80' lang='grc' dir='ltr'>κήρυξ</span> <span class='ocrx_word' id='word_1_736' title='bbox 2607 5093 2702 5145; x_wconf 75' lang='grc' dir='ltr'>καὶ</span> <span class='ocrx_word' id='word_1_737' title='bbox 2722 5092 2932 5146; x_wconf 84' lang='grc' dir='ltr'>διάκονε</span> <span class='ocrx_word' id='word_1_738' title='bbox 2956 5109 2968 5123; x_wconf 74' lang='grc'><strong>⁸</strong></span> <span class='ocrx_word' id='word_1_739' title='bbox 2999 5092 3093 5145; x_wconf 85' lang='grc' dir='ltr'><strong>τοῦ</strong></span> <span class='ocrx_word' id='word_1_740' title='bbox 3119 5093 3175 5144; x_wconf 77' lang='grc' dir='ltr'>δὲ</span> <span class='ocrx_word' id='word_1_741' title='bbox 3199 5094 3406 5162; x_wconf 81' lang='grc' dir='ltr'>μάρτυς</span> <span class='ocrx_word' id='word_1_742' title='bbox 3431 5091 3526 5142; x_wconf 74' lang='grc' dir='ltr'>καὶ</span> <span class='ocrx_word' id='word_1_743' title='bbox 3555 5089 3664 5141; x_wconf 76' lang='grc' dir='ltr'>ἀπό</span> <span class='ocrx_word' id='word_1_744' title='bbox 3683 5116 3706 5129; x_wconf 68' lang='grc' dir='ltr'>ι</span> 
     </span>
    </p>
   </div>
   <div class='ocr_carea' id='block_1_109' title="bbox 2156 5177 3712 5252">
    <p class='ocr_par' dir='ltr' id='par_1_109' title="bbox 2156 5177 3712 5252">
     <span class='ocr_line' id='line_1_109' title="bbox 2156 5177 3712 5252; baseline -0.001 -19"><span class='ocrx_word' id='word_1_745' title='bbox 2156 5182 2341 5234; x_wconf 80' lang='grc' dir='ltr'>στολε·</span> <span class='ocrx_word' id='word_1_746' title='bbox 2401 5181 2492 5235; x_wconf 80' lang='grc' dir='ltr'><strong>τοῦ</strong></span> <span class='ocrx_word' id='word_1_747' title='bbox 2552 5182 2608 5233; x_wconf 73' lang='grc' dir='ltr'>δὲ</span> <span class='ocrx_word' id='word_1_748' title='bbox 2662 5183 2836 5248; x_wconf 79' lang='grc' dir='ltr'>μύστα</span> <span class='ocrx_word' id='word_1_749' title='bbox 2880 5183 2970 5236; x_wconf 70' lang='grc' dir='ltr'><strong>καὶ</strong></span> <span class='ocrx_word' id='word_1_750' title='bbox 3015 5182 3376 5252; x_wconf 81' lang='grc' dir='ltr'>γραμματεῦ·</span> <span class='ocrx_word' id='word_1_751' title='bbox 3431 5178 3526 5246; x_wconf 79' lang='grc' dir='ltr'><strong>τῆς</strong></span> <span class='ocrx_word' id='word_1_752' title='bbox 3575 5177 3712 5245; x_wconf 54' lang='lat' dir='ltr'><strong>uti};</strong></span> 
     </span>
    </p>
   </div>
  </div>
