3922 6314
379 409 488 475 257

1190 423 1468 482 ORATIO
1504 425 1672 484 XIII.
1706 427 1876 488 --IN
1916 422 2224 492 LAUDEM
2263 435 2322 492 S.
2365 435 2575 494 ΠΗ).ίέ
2608 438 2862 499 APOS'I‘.

3497 453 3601 516 25%

385 523 459 576 Δί
485 519 680 594 χεῖρές
707 537 826 578 σου
853 524 951 579 ἐπὶ
981 526 1172 582 νώτου
1207 529 1328 583 τῶν
1344 533 1572 600 ἐχθρῶν
1606 552 1743 589 σου·
1767 553 1916 604 προσ

2015 550 2237 600 ,remte
2277 543 2378 610 ﬁlii
2416 547 2583 612 patris
2637 549 2800 609 tui“,
2825 558 2881 602 et
2917 565 3256 623 quaecunque
3295 573 3602 628 sequuntur

383 611 734 676 κννιίσουσί
767 631 866 669 σοι
914 619 1028 670 υιοὶ
1084 619 1192 673 τοῦ
1247 627 1468 690 πατρός
1516 641 1657 688 σου,
1708 629 1802 680 καὶ
1844 629 1916 682 ὃσε

2048 631 2628 690 inbenedictionibus.
2681 637 2811 702 Qua:
2867 644 3048 695 omnia
3101 646 3261 711 nihil,
3287 663 3600 720 autparum

381 699 485 767 τῆς
508 702 758 771 εὐλογίας
789 707 936 776 ἑξῆς.
974 711 1041 760 ’Δ
1093 712 1268 765 πάντα
1306 715 1426 766 κατ’
1455 715 1628 779 οὐδὲν,
1666 715 1700 787 ἥ
1733 718 1944 788 μικρῶς

384 790 583 861 ἀκείνῳ
607 795 914 850 συνέϐαινεν
932 816 947 830 ο
980 801 1183 871 ἐναργῆ
1205 803 1261 879 δὲ
1295 805 1395 875 τὴν
1422 805 1644 860 ἔκϐασιν
1689 809 1782 861 καὶ
1811 826 1938 879 τρα-

383 885 670 955 νεστάτην,
701 886 792 940 hri
805 887 886 958 τῷ
907 889 966 954 ιε
1001 890 1168 943 Ἰούδα
1199 875 1444 961 μέλλοντι
1468 895 1634 964 φῦναι
1689 875 1936 968 Χριστῷ,

381 973 451 1026 τὰ
471 975 568 1043 τῆς
590 979 928 1047 προφητείας
947 981 1347 1036 καταδέδεκται.

453 1057 626 1126 Οὗτος
651 1065 758 1136 γὰρ
781 1069 811 1119 ὁ
839 1068 1094 1138 ἀληθινὸς
1130 1071 1352 1139 Ἰούδας,
1380 1073 1410 1127 δ
1431 1075 1510 1145 τῷ
1554 1077 1750 1147 Πατρὶ,
1779 1077 1858 1150 τῷ
1879 1080 1936 1132 ὲν

380 1158 493 1216 τοίς
523 1155 794 1225 οὐρανοῖς,
817 1159 958 1212 κατά
977 1162 1076 1230 τὴν
1125 1161 1220 1214 τοῦ
1241 1163 1502 1234 ὀνόματος
1527 1169 1830 1237 σημασίαν,“
1849 1169 1935 1234 ἐξ·

378 1244 812 1316 ομολογούμενος
843 1264 858 1278 ο
887 1252 949 1304 ού
976 1250 1136 1321 μόνον
1177 1253 1256 1318 δὲ,
1281 1255 1417 1310 ἀλλά
1461 1257 1556 1311 καὶ
1598 1260 1712 1311 ὅσοι
1760 1260 1934 1331 τούτῳ

379 1331 621 1398 γνησίως
643 1333 736 1386 καὶ
777 1336 982 1400 πιστῶς
1011 1339 1366 1410 μαθητιιῖισιν.
1404 1343 1477 1396 οὐ
1505 1345 1614 1416 γάρ
1637 1347 1749 1399 ὅσοι
1772 1348 1932 1417 ψιλῆς

381 1422 800 1487 μεταποιοῦνται
843 1425 946 1496 τῆς
992 1424 1362 1502 προσηγορίας
1390 1473 1408 1497 ,
1471 1435 1814 1506 ἀξιοπρεπῶς
1864 1441 1930 1493 ἀν

378 1508 627 1579 κληθεῖεν
663 1513 920 1570 Ἰουδαῖοι.
975 1519 1058 1571 οὐ
1087 1521 1197 1588 γὰρ
1235 1524 1269 1575 ό
1311 1522 1382 1575 ἐν
1423 1522 1499 1587 τῷ
1527 1529 1779 1594 φανερῷ.
1830 1546 1931 1598 φη·

377 1596 484 1662 σὶν,
519 1599 816 1668 Ἰουδαῖος,
855 1607 992 1659 ἀλλ’
1019 1610 1053 1661 ὁ
1077 1609 1147 1662 ἐν
1167 1610 1247 1675 τῷ
1261 1613 1516 1680 κρυπτῷ.
1539 1615 1760 1684 Ὠσπερ
1787 1596 1930 1673 οὐδὲ

325 1733 329 1736 .
374 1690 601 1755 πάντες
627 1695 682 1745 οι
713 1692 783 1756 ἐξ
826 1695 1089 1764 Ἰσραὴλ,
1138 1693 1302 1754 οὗτοι
1345 1703 1589 1772 Ἰσραήλ
1613 1720 1629 1735 °
1661 1707 1789 1759 οὐδ’
1837 1709 1925 1762 ὅτι

369 1782 491 1833 εισι
518 1784 757 1872 σξέρμα
792 1786 1054 1857 Ἀϐραὰμ,
1082 1791 1303 1859 πάντες
1315 1794 1496 1850 τέκνα
1513 1811 1526 1826 ⁸
1558 1797 1676 1850 ἀλλ’
1695 1800 1745 1852 ot
1789 1803 1925 1872 πρὸς

2047 718 2124 773 ilii
2172 723 2527 788 acciderunt;
2577 728 2782 780 clarum
2843 744 2974 783 vero
3001 742 3054 787 et
3077 718 3478 801 amrtissimum
3544 743 3596 796 in

2043 807 2281 873 Christo,
2343 813 2523 879 quiex
2544 814 2680 868 Juda
2727 828 2884 872 ortus
2938 829 3046 885 est,
3092 823 3148 876 in
3199 840 3326 880 eum
3376 831 3594 884 modum

2042 898 2301 964 praedicta
2339 909 2594 954 eventum
2622 903 2954 960 habuerunt.

2111 1066 2210 1122 llic
2237 1069 2383 1124 enim
2416 1086 2578 1126 verus
2606 1083 2691 1128 est
2727 1075 2914 1141 ludas,
2943 1081 3036 1148 qui
3064 1082 3231 1147 Patri,
3276 1088 3368 1157 qui
3405 1091 3457 1144 in
3487 1107 3572 1149 ca:

2039 1159 2106 1213 iis
2124 1169 2230 1222 est,
2279 1178 2381 1231 pro
2404 1179 2471 1216 eo
2494 1179 2556 1217 ac
2573 1182 2770 1223 nomen
2808 1179 2995 1236 sonat,
3045 1175 3338 1243 confitetur
3360 1197 3382 1248 με
3418 1193 3594 1251 neque

2040 1250 2087 1304 is
2115 1252 2314 1316 solum,
2338 1255 2432 1308 sed
2466 1267 2521 1309 et
2551 1272 2739 1312 omnes
2765 1261 2857 1329 qui
2887 1261 3003 1333 ejus
3033 1279 3161 1318 vere
3197 1281 3259 1319 ac
3294 1268 3396 1322 fide
3431 1250 3590 1326 disci-

2037 1343 2148 1410 puli
2181 1345 2471 1400 exsistunt.
2495 1348 2606 1401 Nec
2625 1350 2768 1403 enim
2808 1352 2902 1419 qui
2932 1353 3130 1408 nudam
3197 1357 3476 1414 vindicant
3497 1378 3594 1431 ap-

1999 1478 2003 1484 .
2035 1434 2413 1501 pellationem,
2443 1453 2679 1507 congrue
2740 1442 3010 1514 digneque
3061 1445 3231 1499 Judaei
3266 1452 3589 1506 vocitcntur.

2033 1521 2145 1574 Non
2171 1525 2308 1579 enim
2340 1528 2427 1594 qui
2472 1529 2526 1581 in
2576 1531 2852 1598 manifesto
2902 1532 3114 1588 Iudam:
3157 1546 3251 1600 est,
3287 1542 3377 1591 sed
3402 1544 3590 1608 quiin

2031 1613 2352 1669 abscondito.
2378 1616 2827 1682 Quemadmodum
2894 1640 3057 1694 neque
3095 1643 3270 1681 omnes
3303 1633 3392 1692 qui
3419 1649 3480 1684 ex
3514 1634 3592 1686 ls-

2031 1701 2191 1766 raele,
2217 1705 2270 1756 Iti
2292 1715 2410 1760 sunt
2432 1705 2690 1762 Israelita:
2708 1727 2727 1772 ,'
2746 1727 2908 1778 neque
2925 1714 3049 1780 quia
3062 1731 3234 1768 semen
3251 1729 3373 1770 sunt
3395 1720 3586 1786 Israel,

2029 1807 2207 1844 omnes
2238 1793 2338 1860 lilii
2363 1796 2407 1826 "
2431 1811 2446 1856 ς
2474 1797 2567 1850 sed
2590 1800 2682 1865 qui
2706 1816 2802 1866 per
2833 1801 2993 1855 fidem
3026 1804 3077 1856 in
3110 1807 3279 1858 solam
3307 1809 3400 1862 Dei
3433 1826 3584 1878 spem

375 1869 550 1938 μόνην
580 1867 713 1924 Θεοῦ
743 1872 840 1943 τὴν
877 1877 1064 1930 ἐλπίδα
1111 1879 1200 1932 διὰ
1245 1881 1481 1946 πίστεως
1527 1867 1916 1957 ἀνατεινόμενοι

2028 1886 2224 1940 animis
2254 1889 2543 1944 intendunt
2587 1894 2714 1959 (hoc
2760 1896 2903 1947 enim
2935 1913 3075 1964 opus
3117 1901 3369 1970 Abrahm)
3403 1867 3584 1973 ac'qui

370 1958 554 2026 (τοῦτο
573 1964 682 2032 γὲιρ
728 1964 789 2016 τὸ
830 1964 989 2034 ἔργον
1015 1968 1111 2021 τοῦ
1148 1971 1418 2043 ’Δσραάμ)
1445 1992 1462 2007 ο
1497 1977 1589 2031 καὶ
1638 1979 1792 2042 Θεὸν.
1850 1981 1925 2044 ὡς

369 2049 616 2116 ἀφικτὺν,
642 2054 774 2123 δρᾷν
791 2054 1102 2126 ἀξιούμενοι
1119 2077 1134 2091 ο
1157 2060 1316 2115 τοῦτο
1343 2063 1451 2134 γὰρ
1485 2065 1719 2136 Ἰσραήλ.
1765 2063 1921 2123 Οὗτοι

369 2140 468 2193 καὶ
502 2140 665 2212 νόμον
697 2144 924 2213 τηροῦσι
947 2147 1046 2217 τῆς
1073 2153 1406 2222 περιτομῆς·
1445 2145 1625 2210 ού’τὸν
1661 2161 1720 2212 ἑν
1744 2161 1925 2229 γράμ-

369 2247 506 2300 ματι
565 2233 657 2286 καὶ
692 2236 998 2306 σκιᾷ,-ἀλλά
1025 2239 1119 2292 τὸν
1147 2241 1208 2294 ὲν
1237 2243 1507 2312 πνεύματι
1555 2248 1652 2300 καὶ
1672 2248 1918 2322 ἀληθείᾳ.

365 2322 520 2410 Eii-ri}
547 2322 640 2376 τοῦ
667 2324 893 2380 παλαιοῦ
919 2329 1204 2398 ἀνθρώπου
1248 2332 1540 2390 ἀπεκδύσει
1565 2339 1600 2409 ἢ
1631 2340 1918 2410 νεκρώσει.

365 2406 531 2466 οὗτοι
556 2415 705 2484 νόμῳ
733 2415 1090 2486 στοιχοῦντες,
1135 2421 1229 2474 καὶ
1279 2406 1635 2490 ἀδιαλείπτως
1666 2406 1919 2500 ἐξομολοο

363 2504 530 2571 γησει
579 2504 674 2556 καὶ
730 2509 1007 2576 προσευχῇ
1059 2511 1611 2582 προσκαρτεροῦντες,
1640 2516 1794 2587 ινπῇ
1824 2517 1919 2572 τοῦ

365 2589 558 2643 καινοῦ
584 2590 869 2660 ἀνθρώπου
899 2594 1162 2664 ἀναλήψει
1189 2596 1224 2666 ἢ
1259 2597 1640 2656 ἀνακαινώσει.

440 2678 652 2750 Ὥσπερ
704 2679 799 2734 οὖν
857 2683 1034 2752 πάσης
1071 2685 1349 2754 ἐνεργείας
1391 2688 1692 2757 θεοτελοῦς,
1737 2693 1920 2762 πάσης

362 2772 590 2842 ἀρετῆς,
614 2773 794 2844 πάσης
819 2775 1041 2844 χάριτος
1084 2777 1209 2846 ῥίζα
1264 2781 1360 2833 καὶ
1414 2783 1625 2850 πηγαία
1679 2785 1917 2852 πέφυκεν

367 2860 521 2914 αίτία
547 2862 778 2931 Χριστός
799 2879 814 2892 ·
833 2864 1094 2935 δευτέρως
1109 2866 1168 2919 δὲ
1198 2868 1319 2921 κατ’
1339 2872 1628 2939 ἀναλογίαν
1647 2877 1747 2944 τῆς
1780 2877 1917 2945 πρὸς

361 2951 530 3005 αὐτὸν
558 2953 889 3023 ὁμοιότητος,
915 2957 1006 3008 καὶ
1017 2958 1065 3010 οί
1089 2956 1148 3021 ἐξ
1173 2958 1341 3012 αὑτοῦ
1363 2963 1603 3015 κοινωνοὶ
1620 2964 1916 3018 καθεστᾶσι

362 3041 474 3094 τῶν
497 3041 676 3095 αὐτῶν
694 3057 710 3072 ⁸
737 3041 878 3096 οὕτω
906 3045 1001 3097 καὶ
1019 3047 1054 3116 ἠ
1090 3046 1316 3117 δύναμις
1349 3051 1447 3120 τῆς
1483 3050 1916 3122 ὲξομολογήσεως

362 3131 795 3202 προηγουμένως
849 3135 949 3200 μὲν
1012 3136 1090 3206 τῷ
1139 3137 1462 3211 διδασκάλῳ.
1511 3143 1654 3195 κατά
1697 3143 1797 3209 την
1856 3145 1914 3207 ἐξ
1938 3181 1982 3238 c

363 3221 577 3272 εκείνου
604 3221 662 3274 δὲ
702 3221 918 3292 μέθεξιν
955 3227 1049 3278 καὶ
1096 3228 1208 3289 τοῖς
1242 3227 1508 3298 μαθηταῖς
1535 3230 1910 3302 ῑνθεωρετταιο

361 3311 476 3372 τοῖς
491 3309 540 3362 τ’
565 3310 742 3375 ἀλλοις
773 3314 928 3374 πᾶσι.
947 3315 1041 3367 καὶ
1067 3316 1175 3386 πρὸ
1217 3318 1395 3371 αὐτῶν
1423 3320 1500 3389 τῷ
1523 3321 1618 3374 καὶ
1645 3339 1919 3392 προσηγο-

361 3399 486 3468 ρίαν
510 3401 735 3474 προνοίᾳ
757 3403 1024 3473 κρείττονι
1044 3405 1142 3477 τὴν
1168 3409 1365 3478 πρᾶξιν
1413 3410 1583 3481 αὐτὴν
1636 3411 1920 3484 κληρωσα-

360 3490 530 3561 μένῳ-

427 3666 740 3738 Δίνέσωμεν
794 3669 1082 3740 τοιγαροῦν
1117 3670 1340 3739 Ἰούδαν,
1391 3675 1532 3729 κατά
1557 3676 1658 3748 τὴν
1691 3679 1788 3732 τοῦ
1819 3697 1914 3733 πα·

356 3758 614 3828 τριάρχου
640 3761 991 3830 προφητείαν·
1021 3761 1113 3815 τὸν
1129 3763 1224 3832 τῆς
1236 3764 1670 3836 ἑξομολογήσεως
1699 3768 1912 3822 ὲπώνυε-

361 3865 482 3916 μον.
545 3850 856 3918 Δίνισωμεν
881 3851 975 3904 καὶ
1018 3855 1476 3925 προσκυνήσωμεν
1498 3857 1588 3908 τὸν
1620 3858 1785 3922 ἀξίως
1809 3859 1906 3911 τοῦ

358 3937 506 4006 ίεροῦ
551 3936 811 4007 ὀνόματος
855 3939 1343 4010 τωλιτευσάμενονο
1399 3931 1492 3994 τὸν
1545 3941 1733 4015 ὥσπερ
1799 3946 1909 3998 τῶν

353 4027 533 4080 ἀλλων
555 4027 786 4097 ἀρετῶν,
815 4027 960 4082 οὕτω
984 4031 1076 4082 καὶ
1098 4030 1301 4098 ταύτης
1353 4031 1798 4102 ὑπερϐαλλόντως
1818 4049 1910 4088 κε-

355 4117 653 4169 κοινωκότα
676 4117 893 4187 Χριστῷ
911 4134 927 4150 ο
952 4118 1044 4172 τὸν
1078 4119 1408 4190 θερμότατον
1438 4121 1536 4193 τὴν
1583 4125 1786 4189 πίστιν,
1813 4126 1908 4179 καὶ

351 4207 452 4276 τὴν
502 4206 722 4275 ἀγάπην
765 4204 1154 4276 δοκιμώτατον,
1213 4208 1308 4261 καὶ
1393 4209 1493 4281 τὴν
1565 4211 1762 4278 γνῶσιν
1825 4230 1906 4266 τεο

352 4297 628 4350 λειότατον
649 4297 893 4368 μαθητήν
917 4313 932 4328 ο
959 4298 1051 4351 τὸν
1085 4299 1183 4368 τῆς
1209 4299 1415 4370 ὑψηλῆς
1439 4301 1546 4353 τῶν
1593 4302 1906 4356 ἀποστόλων

353 4387 450 4442 καὶ
479 4388 631 4457 ίερᾶς
669 4388 963 4451 δωδεκάδος
1014 4389 1437 4460 συμπληρωτήν.
1486 4393 1819 4462 Λίνέσωμεν,
1842 4394 1902 4446 οὐ

2024 1976 2214 2040 Deum,
2269 1981 2446 2047 quoad
2481 1997 2797 2037 concessum
2831 1997 2932 2046 est.
2968 2001 3247 2042 merentur
3296 1994 3479 2047 videre
3505 1997 3582 2058 (id

2021 2068 2169 2122 enim
2223 2070 2328 2124 sibi
2352 2073 2470 2126 vult
2500 2072 2709 2141 Israel),
2760 2077 2813 2128 hi
2838 2077 3009 2146 legem
3047 2096 3264 2149 quoque
3287 2066 3580 2140 circumci-

2021 2158 2193 2212 sionis
2222 2170 2462 2225 servant,
2522 2177 2631 2216 non
2679 2167 2798 2234 ejus
2848 2184 2967 2235 quae
2995 2169 3045 2222 in
3087 2169 3269 2225 littera
3309 2184 3363 2226 ct
3391 2178 3580 2230 umhra

2019 2257 2124 2306 est.
2148 2249 2243 2302 sed
2265 2267 2384 2318 quae
2427 2252 2479 2304 in
2494 2253 2688 2320 spiritu
2723 2267 2778 2308 et
2803 2259 3051 2322 veritate,
3095 2261 3147 2312 in
3184 2264 3580 2332 exspoliatione

2020 2353 2115 2390 seu
2141 2339 2561 2395 mortificatione
2599 2345 2798 2397 veteris
2862 2346 3098 2402 hominis
3129 2366 3142 2402 ε
3179 2352 3270 2418 qui
3314 2353 3575 2406 nimirum

2020 2427 2190 2495 legem
2241 2440 2560 2497 sequantur,
2617 2448 2682 2484 ac
2728 2432 3102 2491 indesinenter
3147 2440 3478 2494 confessioni
3521 2454 3577 2496 et

2017 2517 2249 2570 orationi
2273 2519 2476 2573 assidui
2541 2521 2671 2585 sint,
2701 2523 2755 2576 in
2776 2527 3144 2594 assumptione
3166 2531 3292 2583 novi
3334 2530 3574 2584 hominis

2017 2622 2111 2659 seu
2143 2607 2290 2661 illius
2319 2609 2671 2664 renovatione
2685 2613 2753 2665 “.

2084 2695 2549 2760 Quemadmodum
2588 2699 2753 2769 igitur
2782 2701 2980 2756 divinae
3013 2706 3193 2759 omnis
3222 2711 3574 2778 operationis,

2015 2786 2301 2857 omnisque
2333 2785 2553 2840 virtutis
2571 2797 2628 2840 et
2654 2789 2840 2856 gratiae
2867 2789 3119 2846 Christus
3145 2796 3318 2859 radix,
3348 2798 3576 2867 fonsque

2015 2889 2081 2927 ac
2118 2885 2314 2928 auctor
2333 2877 2592 2941 exsistit;
2645 2881 2900 2934 secundis
2945 2891 3125 2936 autem
3177 2888 3422 2954 partibus
3475 2906 3576 2958 pro

2017 2973 2131 3016 rata
2163 2979 2287 3018 cum
2315 2981 2381 3018 eo
2418 2967 2795 3032 similitudine,
2835 2970 2890 3022 hi
2919 2987 3136 3043 quoque
3203 2977 3296 3044 qui
3350 2995 3415 3031 ex
3477 2981 3573 3033 ilo

2016 3063 2161 3119 sunt,
2202 3057 2520 3110 eorumdem
2541 3068 2596 3111 et
2624 3059 2725 3127 ipsi
2782 3062 2914 3114 socii
2949 3079 3011 3117 ac
3077 3075 3360 3119 consortes
3425 3070 3571 3123 exsi-

2015 3153 2201 3198 sumt:
2237 3146 2315 3199 sic
2336 3161 2554 3216 quoque
2603 3150 2960 3205 confessionis
3021 3154 3121 3216 vis,
3151 3156 3327 3222 primo
3348 3159 3568 3226 quidem

2019 3233 2480 3303 principaliusque
2515 3235 2569 3288 in
2616 3239 2894 3306 magistro,
2924 3257 2992 3293 ex
3031 3241 3124 3294 illo
3175 3253 3357 3296 autem
3404 3247 3568 3300 etiam

2019 3319 2074 3372 in
2107 3321 2390 3390 discipulis
2447 3326 2769 3394 participata
2837 3329 3046 3383 ratione
3109 3324 3394 3394 noscitur;
3449 3341 3564 3386 tum

2018 3408 2246 3476 reliquis
2274 3410 2550 3476 omnibus,
2582 3421 2694 3466 tum
2721 3431 2831 3482 prae
2852 3417 2959 3470 illis
2985 3419 3356 3487 singularique
3385 3424 3566 3476 excel-

2013 3495 2199 3561 lentia,
2226 3498 2278 3551 in
2301 3513 2368 3552 eo
2389 3500 2483 3568 qui
2533 3502 2800 3558 diviniore
2850 3508 3193 3574 providentia
3235 3525 3349 3562 rem
3392 3511 3564 3579 ipsam

2013 3586 2428 3655 appellationem
2452 3601 2535 3644 est
2563 3602 2912 3648 consecutus.

2080 3673 2388 3730 Laudemus
2413 3678 2580 3747 igitur
2605 3681 2818 3739 ludam.
2848 3683 3002 3751 juxta
3032 3686 3356 3752 patriarcha:
3376 3688 3564 3741 vatici-

2011 3765 2196 3830 nium;
2242 3767 2393 3820 illum
2426 3769 2634 3823 scilicet
2692 3773 2785 3840 qui
2809 3788 2872 3825 ex
2898 3775 3237 3828 confessione
3268 3791 3462 3830 nomen
3494 3781 3566 3832 sit

2010 3863 2305 3910 mutuatus.
2340 3857 2646 3912 Laudemus
2665 3868 2720 3912 et
2749 3877 3072 3914 veneremur
3100 3878 3249 3926 eum,
3281 3866 3372 3932 qui
3399 3866 3562 3935 digne

2006 3956 2106 4010 pro
2138 3945 2278 3996 sacri
2296 3946 2533 3998 nominis
2561 3947 2770 4001 ratione
2811 3948 2979 4001 vitam
3012 3949 3345 4015 instituerit;
3371 3953 3462 4019 qui
3488 3954 3562 4005 si-

2005 4040 2101 4085 cut
2132 4032 2368 4100 reliquas
2399 4035 2651 4094 virtutes.
2680 4037 2759 4089 sic
2785 4036 2924 4090 hanc
2948 4053 3165 4107 quoque
3229 4042 3563 4096 excellenter

2005 4135 2127 4175 cum
2149 4121 2363 4177 Christo
2401 4139 2742 4178 communem
2776 4126 3061 4191 habuerit;
3100 4129 3560 4183 ferventissimum

2005 4213 2193 4280 utique
2235 4213 2359 4275 fide,
2389 4224 2445 4268 et
2467 4214 2759 4268 dilectione
2800 4218 3268 4284 probatissimum,
3300 4220 3557 4274 scientia-

2004 4319 2111 4372 que
2135 4304 2590 4372 pcrfectissimmn
2624 4307 2973 4375 discipulum,
3014 4308 3106 4375 qui
3139 4309 3428 4362 sublimem
3480 4325 3539 4363 sa

2003 4408 2267 4462 crumque
2352 4395 2644 4463 complevit
2717 4396 3113 4449 duodenarium
3183 4398 3554 4465 apostolorum

351 4479 446 4533 τὸν
484 4479 864 4551 Ἰσκαριώτην
899 4479 1115 4550 μακρὰν
1153 4480 1260 4551 γὰρ
1294 4483 1497 4545 ἐκεῖνος
1543 4483 1652 4536 ἀπὸ
1694 4482 1792 4554 τῆς
1815 4483 1904 4537 to;

2015 4485 2249 4538 :horum.
2296 4485 2622 4549 Laudemus,
2659 4502 2768 4539 non
2795 4487 3109 4541 lseariotem
3161 4490 3372 4555 (procul
3407 4491 3552 4542 enim

350 4569 560 4637 λογίας,
592 4571 672 4624 ὅτι
727 4571 1011 4641 ἠγάπησεν
1056 4572 1317 4640 κατάραν,
1366 4572 1460 4625 καὶ
1511 4566 1674 4642 ἦλθεν
1730 4573 1899 4644 αὐτῷ·

352 4659 492 4712 ἀλλά
544 4659 767 4724 Ἰούδαν,
829 4659 923 4712 τὸν
987 4659 1372 4729 ἀμφοτέρωθεν
1431 4661 1786 4732 περίϐλεπτόν
1840 4679 1902 4715 τε

348 4749 446 4804 καὶ
500 4748 882 4818 εὐγενέστατον
935 4764 951 4780 ·
983 4751 1112 4818 ἐκαὶ
1167 4752 1278 4812 τοῖς
1330 4753 1595 4818 φυσικοῖς,
1647 4751 1744 4807 καὶ
1787 4756 1900 4818 τοῖς

351 4841 498 4912 ὑπὲρ
524 4839 684 4908 φύσιν
711 4839 1177 4910 πλεονεκτήμασιν
1200 4839 1490 4909 ὑπερφυῶς
1523 4841 1906 4913 λαμπρυνόμε-

345 4946 437 4982 νον
477 4927 575 4982 καὶ
635 4926 1101 4997 καλλωπιζόμενον
1131 4945 1144 4957 ·
1177 4929 1267 4980 τὸν
1304 4928 1453 4980 κάτω
1506 4928 1604 4997 μὲν
1640 4930 1731 4982 επὶ
1769 4929 1893 4999 γῆς,

343 5019 570 5086 ῐκγονον
626 5018 723 5088 μὲν
775 5021 990 5089 Ἰωσὴφ,
1030 5017 1282 5071 Ἰακώϐου
1310 5018 1365 5072 δὲ
1396 5019 1620 5087 ἀδελφόν
1643 5034 1660 5066 ρ
1688 5021 1799 5074 ἀνω
1815 5021 1892 5084 δὲ,

342 5108 510 5161 παῖδα
543 5107 643 5175 μὲν
669 5107 825 5172 Θεοῦ,
865 5109 1122 5176 σύγγονον
1141 5107 1198 5160 δι
1219 5109 1474 5178 Χριστοῦ.
1497 5111 1600 5162 Τδν
1633 5111 1895 5178 ἀπόγονον

346 5197 449 5266 μὶν
466 5196 561 5250 τοῦ
596 5197 855 5266 βασιλέως
888 5199 1085 5251 Δαδίδ·
1122 5199 1381 5266 συγγενέα
1425 5199 1482 5253 δὲ
1527 5201 1669 5256 κατὰ
1720 5203 1894 5270 σάρκα

345 5284 585 5352 Χριστοῦ
602 5301 618 5318 ⁵
650 5287 810 5356 ιῐπερ
833 5287 897 5357 δὴ
917 5290 1011 5340 καὶ
1051 5288 1249 5358 Ἰωσὴφ
1271 5289 1429 5351 αὐτὸς
1456 5292 1485 5342 ό
1504 5291 1702 5360 πατὴρ,
1767 5308 1896 5359 συγ-

344 5373 511 5442 γενὴς
529 5376 598 5444 τῇ
636 5377 849 5445 μνηστῇ
875 5375 1164 5428 καθίστατο
1193 5376 1442 5446 Μαριάμ.
1473 5377 1576 5430 Τὸν
1599 5379 1764 5444 ἐγγὺς
1796 5379 1894 5446 μὲν

233 5471 252 5480 ”
343 5459 644 5527 περιφανῆ,
675 5461 768 5512 καὶ
807 5460 1030 5530 λαμπρά
1050 5463 1382 5532 κεκτημένον
1409 5463 1475 5515 τά
1501 5465 1596 5530 τῆς
1620 5465 1892 5517 δικαιοσύ-

343 5560 446 5612 νης
501 5545 908 5617 ὗποδείγματαο
966 5549 1106 5603 οὕτω
1132 5549 1190 5602 δὲ
1240 5551 1754 5621 παρευδοκιμηκότα
1799 5554 1892 5606 καὶ

2000 4574 2046 4627 is
2066 4584 2150 4627 est
2178 4591 2209 4627 a
2235 4574 2648 4641 benedictione;
2687 4576 2888 4644 quippe
2919 4577 3012 4644 qui
3046 4577 3298 4630 dilexerit
3322 4579 3550 4631 maledi-

1999 4665 2258 4728 ctionem,
2288 4673 2345 4718 et
2381 4666 2531 4718 venit
2554 4667 2624 4735 ei)
2652 4667 2745 4721 sed
2769 4667 2961 4719 Judam
2990 4669 3246 4735 utrinque
3281 4668 3552 4735 spectabi—

1995 4755 2100 4810 lem
2131 4769 2194 4807 ac
2220 4755 2619 4808 nobilissimum
2640 4758 2717 4819 ";
2784 4765 2896 4808 tum
2945 4757 3156 4809 scilicet
3213 4758 3552 4811 naturalibus

1994 4842 2235 4907 dotibus,
2267 4853 2382 4895 tum
2419 4859 2537 4910 qua:
2585 4853 2777 4896 natura
2802 4845 3115 4910 superiores
3153 4854 3303 4908 sunt,
3354 4846 3550 4900 eximie

1999 4934 2202 4987 clarum
2221 4943 2380 5001 atque
2412 4943 2682 4987 ornatum.
2712 4934 2790 4987 Ad
2821 4943 3088 4987 terrenam
3119 4936 3337 5001 quidem
3367 4952 3548 5002 prosa—

1999 5022 2142 5090 piam
2210 5021 2356 5088 quod
2416 5023 2628 5084 attinet,
2659 5023 2880 5089 Iosephi
2923 5023 3089 5074 filium
3136 5038 3199 5074 ac
3228 5023 3413 5075 Jacobi
3446 5023 3550 5075 fra—

2002 5120 2171 5175 trem;
2195 5112 2338 5180 quod
2362 5122 2540 5165 autem
2564 5114 2629 5165 ad
2655 5115 2951 5176 coalestetn,
2988 5115 3082 5167 Dei
3117 5114 3280 5165 ﬁiium
3311 5130 3371 5165 ac
3394 5115 3548 5165 Chri-

1989 5203 2057 5255 sti
2120 5202 2362 5263 fratrem,
2404 5212 2654 5271 nepotem
2708 5204 2926 5270 quidem
2985 5205 3202 5257 Davidis
3264 5204 3426 5270 regis,
3481 5219 3543 5256 ac

1989 5291 2264 5350 Christum
2285 5291 2571 5360 agnatione
2604 5292 2804 5346 carnali
2866 5293 3304 5358 contingentem;
3364 5291 3539 5357 siqui-

1989 5380 2110 5433 dem
2140 5388 2195 5432 et
2213 5380 2410 5448 Joseph
2448 5381 2561 5447 ipse
2587 5397 2806 5448 parens,
2866 5381 3194 5449 cjuscemodi
3262 5378 3539 5448 sanguinis

1988 5471 2391 5524 necessitudine
2419 5471 2635 5524 Mariam
2686 5487 2938 5539 sponsam
2986 5470 3332 5536 contingebat
3363 5487 3375 5519 :
3411 5482 3537 5534 pro—

1988 5559 2207 5626 pinquis
2260 5559 2481 5628 quidem
2540 5562 2827 5624 illustrem,
2878 5571 2933 5615 et
2982 5561 3072 5628 qui
3118 5561 3262 5612 clara
3313 5557 3534 5628 justitia:

413 5732 618 5788 “Gen.
667 5749 807 5800 xux,
852 5733 904 5788 8.
982 5734 1026 5766 "
1059 5734 1210 5789 Rom.
1248 5748 1310 5798 tt,
1353 5731 1454 5799 28;
1489 5731 1643 5790 Rom.
1693 5749 1788 5804 νη,
1833 5737 1885 5791 6.
1962 5740 2006 5770 "
2038 5737 2191 5793 Joan.
2223 5756 2340 5804 vm,
2387 5741 2492 5809 59;
2545 5741 2721 5796 Colos.
2769 5760 2824 5804 ιι,
2866 5743 2941 5797 Il.
3018 5742 3059 5772 ³⁷
3092 5742 3227 5795 l’sal.
3256 5758 3400 5802 cvm,
3446 5736 3531 5792 18.
