3922 6314
357 403 468 470 259

1565 400 1855 460 NICETIE
1892 402 2337 464 PAPHLAGON
2349 405 2414 463 IS

3486 403 3598 468 266
3635 440 3646 446 -

363 516 607 585 exempla
629 520 824 569 nactus
845 522 1009 574 esset,
1041 513 1227 580 sicque
1252 511 1340 564 illa
1355 511 1547 581 majori
1570 513 1792 566 virtutis
1821 513 1919 566 cla-

2030 518 2317 586 περιουσίᾳ
2345 516 2446 584 τῆς
2474 516 2678 585 ἀρετῆς
2717 517 3111 588 ὑπερϐαλόντα,
3146 519 3224 582 ὼς
3258 516 3499 582 ἐκείνους
3526 521 3591 570 ἐκ

364 609 525 661 ritate
552 607 793 668 vicisset,
836 604 1009 671 iisque
1029 602 1433 670 prrecclluisset,
1457 611 1518 656 ut
1544 617 1650 654 non
1674 611 1782 654 tam
1809 602 1924 669 ipse

363 700 600 761 illorum,
636 711 798 765 quam
839 694 912 746 illi
943 693 1060 762 ejus
1103 692 1260 761 longe
1309 692 1612 760 fulgoribus
1667 693 1926 746 honesta-

362 797 552 842 rentur
569 802 632 840 ac
653 785 1022 853 prazniterent.
1087 775 1097 784 ’

432 880 586 932 llunc
619 887 674 931 et
709 878 763 930 in
804 887 988 946 typum
1048 883 1248 927 sancta:
1304 887 1370 926 cx
1426 871 1627 927 Iudaeis
1687 873 1927 926 collecta:

362 968 618 1024 Ecclesia:
645 975 982 1032 assumptum
1008 978 1129 1017 esse
1162 962 1435 1015 existimo.
1488 961 1623 1025 Quia
1673 962 1817 1014 enim
1843 962 1926 1013 fu-

362 1074 542 1114 turum
573 1067 715 1118 erat,
740 1065 796 1108 ut
827 1066 957 1123 gens
1010 1054 1235 1108 Judaica
1298 1054 1511 1106 duabus
1540 1055 1708 1107 scissa
1755 1051 1938 1122 parti-'

362 1138 481 1212 bus,
520 1151 685 1203 altera
711 1148 932 1215 quidem
959 1147 1361 1201 necessitudine
1380 1145 1490 1198 Deo
1513 1144 1922 1214 adjungeretur,

362 1242 530 1295 altera
571 1238 970 1307 repelleretur;
1006 1239 1133 1289 hinc
1193 1236 1414 1304 quidem
1442 1251 1539 1304 per
1572 1235 1732 1289 fidem
1765 1238 1926 1305 justi-

361 1333 540 1393 licata,
572 1329 698 1382 inde
751 1326 1154 1382 incredulitatis
1195 1340 1360 1379 causa
1417 1325 1710 1389 damnata;
1755 1336 1923 1394 utque

361 1425 483 1490 pars
507 1423 674 1474 altera
723 1418 1252 1487 supermdificaretur
1325 1429 1489 1483 super
1511 1414 1923 1469 fundamentum

362 1512 722 1581 apostolOrum
755 1519 808 1562 et
830 1508 1238 1576 prophetarum,
1259 1506 1427 1583 altera
1457 1505 1626 1557 instar
1650 1520 1922 1558 ramorum

356 1599 634 1653 aridorum
665 1608 720 1652 et
756 1598 1032 1650 inutilium
1062 1612 1092 1649 a
1126 1603 1309 1648 saneta
1354 1593 1537 1646 radice
1560 1593 1924 1661 eﬁ'ringercn.

356 1689 778 1750 tur“;cxcisae
842 1687 1065 1756 quidem
1107 1685 1400 1755 Synagogae
1463 1692 1620 1752 typus
1676 1686 1924 1753 proditus

358 1785 440 1832 est
464 1779 734 1831 nefandus
765 1777 855 1831 ille
887 1777 1174 1846 proditor;
1213 1783 1523 1828 sanctarum
1560 1790 1689 1827 vero
1730 1775 1920 1828 Eccle-

2027 607 2180 658 τοῦδε
2216 607 2349 659 πολὺ
2384 607 2606 672 μᾶλλον,
2634 608 2666 678 ἢ
2690 609 2877 661 τοῦτον
2898 609 2958 673 ἐξ
2985 611 3205 663 ἐκείνων
3231 610 3593 680 γνωρίζεσθαι

2029 697 2123 748 καὶ
2151 697 2586 768 λαμπρύνεσθαι.

2100 872 2298 925 Τοῦτον
2323 873 2562 943 ἡγοῦμαι
2601 875 2696 927 καὶ
2741 875 2819 936 είς
2871 875 3042 928 τύπον
3102 876 3200 945 τῆς
3224 876 3281 943 ἐξ
3323 875 3586 930 Ἰουδαίων

2027 962 2187 1028 ἁγίας
2226 963 2548 1032 Ἐκκλησίας
2578 965 2970 1033 παρειλῆφθαι.
3025 966 3239 1034 Ἐπειδὴ
3268 968 3372 1036 γὰρ
3395 968 3585 1036 ἔμελλε

2025 1054 2145 1122 διχῆ
2179 1054 2239 1104 τὸ
2281 1053 2543 1106 Ἰουδαίων
2567 1053 2820 1122 μερισθὲν
2861 1056 3033 1120 γένος,
3059 1056 3118 1105 τὸ
3177 1058 3276 1124 μέν
3304 1057 3587 1126 οἰκειωθῆ-

2027 1161 2115 1196 ναι
2130 1143 2270 1212 Θεῷ,
2285 1146 2342 1195 τὸ
2361 1143 2405 1195 δ’
2428 1144 2778 1212 ἁποτεθῆναι·
2800 1146 2859 1196 τὺ
2877 1145 2974 1212 μὲν
2997 1144 3083 1197 διὰ
3098 1145 3332 1208 πίστεως
3355 1146 3587 1199 δικαιούο

2031 1252 2214 1306 μενον,
2236 1234 2371 1286 τὸδὲ
2427 1233 2493 1286 δι’
2527 1234 2811 1286 ἀπείθειαν
2861 1236 3344 1304 κατακρινόμενον·
3382 1239 3476 1290 καὶ
3521 1237 3584 1291 τδ

2031 1325 2128 1393 μὲν
2150 1323 2641 1392 ὲποικοδομηθῆναι
2670 1324 2745 1392 τῷ
2777 1324 3009 1394 θεμελίῳ
3027 1327 3133 1377 τῶν
3155 1327 3465 1380 ἀποστόλων
3491 1327 3584 1380 καὶ

2028 1416 2340 1484 προφητῶν,
2365 1414 2425 1465 τὸ
2446 1414 2501 1466 δὲ
2528 1410 2711 1482 τρόπῳ
2745 1414 2952 1466 κλάδων
2987 1415 3165 1485 ξηρῶν
3199 1417 3292 1469 καὶ
3318 1419 3583 1487 ἀκάρπων

2024 1507 2121 1575 τῆς
2145 1507 2304 1572 ἁγίας
2332 1505 2691 1573 ἐκκλασθῆναι
2734 1504 2887 1574 ῥίζης
2912 1520 2926 1535 ·
2952 1505 3120 1568 τύπος
3165 1507 3263 1574 μὲν
3299 1508 3398 1575 τῆς
3422 1510 3583 1560 ἐκκιο

2026 1599 2304 1667 κομμένης
2348 1597 2674 1664 Συναγωγῆς
2721 1597 2925 1658 ἐκεῖνος
2961 1597 2989 1648 6
3018 1595 3330 1665 δυσώνυμος
3381 1598 3583 1668 ἀπελή-

2024 1681 2217 1744 λεγκτο
2265 1682 2562 1751 προδότης·
2619 1681 2789 1745 τύπος
2838 1681 2898 1734 δέ
2938 1682 3034 1750 τοῦ
3089 1687 3433 1754 σεσωσμένου
3482 1680 3580 1755 τῆς

2029 1770 2179 1838 ίερᾶς
2241 1770 2565 1838 Ἐκκλησίας
2617 1770 3081 1840 καταλείμματος,
3113 1776 3140 1826 6
3168 1776 3580 1848 μακαριώτατος

322 1868 468 1947 site
502 1868 860 1935 reliquiarum
918 1865 1079 1919 saluti
1130 1865 1438 1918 deditarum
1497 1872 1656 1934 typus
1726 1864 1919 1918 enituit

2037 1861 2253 1922 Ἰούδας,
2285 1861 2313 1911 6
2341 1859 2435 1912 νῦν
2465 1863 2873 1929 ἐπαινούμενος·
2902 1861 3173 1915 ἐδείκνυτο
3205 1881 3220 1896 ⁸
3260 1868 3354 1918 καὶ
3389 1866 3578 1939 ὥσπερ

359 1958 704 2012 beatissimus
733 1957 920 2020 Judas,
969 1971 1131 2024 quem
1171 1957 1668 2024 impraesentiarum
1725 1954 1918 2007 lauda-

358 2065 497 2102 mus.
522 2052 596 2102 Ac
645 2050 787 2102 sicut
820 2049 911 2101 ille
942 2048 1012 2101 ob
1054 2046 1264 2116 peccati
1313 2061 1580 2100 summam
1622 2045 1921 2113 nequitiam

357 2121 644 2193 devinctus
667 2140 1007 2208 devOtusque
1059 2140 1296 2203 diabolo,
1341 2139 1428 2193 bis
1464 2139 1556 2207 qui
1598 2147 1920 2207 sequuntur,

358 2231 409 2300 in
435 2232 716 2285 interitum
737 2232 894 2299 praeit
925 2248 938 2294 ;
972 2231 1051 2285 sic
1079 2231 1181 2284 iste
1206 2230 1445 2299 perfecta
1474 2231 1681 2299 iustitia
1705 2229 1922 2285 Christo

355 2323 662 2390 copulatus,
697 2317 764 2374 ad
799 2318 1042 2374 salutem
1069 2337 1232 2389 supra
1264 2305 1423 2389 quam
1459 2320 1774 2390 perfectam,
1804 2334 1918 2385 eos,

352 2412 447 2484 qui
479 2412 556 2465 illi
586 2412 815 2464 comites
840 2412 1226 2479 adjungantur,
1261 2410 1431 2463 ducit.

422 2500 869 2569 Quandoquidem
894 2501 1056 2569 igitur
1084 2500 1376 2568 ancipitem
1394 2499 1545 2553 vocis
1566 2499 1919 2569 signiﬁcatio-

355 2607 481 2645 nem
511 2591 884 2653 distinximus,
904 2606 968 2644 ac
987 2591 1131 2659 quod
1167 2591 1328 2659 vulgo
1354 2590 1691 2659 rudibusque
1722 2585 1922 2658 abbor;

355 2696 478 2734 rere
512 2681 820 2742 videbatur,
849 2679 1087 2732 nominis
1145 2679 1505 2747 explicatione
1574 2679 1917 2746 detersimus,

356 2787 474 2839 age,
505 2787 626 2838 qua:
647 2771 710 2823 ad
735 2780 982 2824 sanctum
1009 2770 1155 2824 hunc
1180 2770 1373 2824 ludam
1405 2777 1695 2837 spectantp'
1723 2786 1917 2838 quem-

355 2860 647 2913 admodum
680 2859 794 2927 ipse
840 2858 1000 2913 nobis
1063 2857 1281 2912 coalitus
1314 2857 1578 2918 illuxerit,
1602 2859 1921 2911 considere-

356 2961 509 3011 mus;
535 2947 603 3007 ab
636 2946 753 3014 ejus
769 2944 989 3013 quidem
1021 2943 1274 2998 minutim
1305 2945 1577 2997 narranda
1604 2945 1711 2998 vita
1732 2961 1919 3015 super-

356 3035 628 3097 sedentes,
691 3035 1084 3104 apostolicique
1149 3033 1356 3088 laboris
1400 3034 1648 3103 periodo,
1705 3051 1915 3089 necnon

355 3123 836 3191 praedicationibus
860 3133 915 3176 et
940 3112 1222 3177 miraculis
1266 3123 1483 3177 omissis
1513 3123 1680 3192 (quod
1740 3139 1916 3192 neque

2021 1953 2225 2014 ἐκεῖνος
2245 1950 2312 2003 δι’
2343 1951 2616 2020 ἁμαρτίας
2668 1952 2844 2020 ἄκρας
2894 1953 3196 2017 οίκειωθεὶς
3226 1957 3303 2025 τῷ
3325 1956 3574 2027 διαϐόλῳ,

2023 2045 2100 2105 είς
2126 2043 2399 2096 ἀπώλειαν
2419 2043 2528 2095 τῶν
2584 2045 2862 2112 ἑπομένων
2926 2046 3266 2120 καθηγεῖται,
3324 2049 3578 2102 οὕτωδιὰ

2022 2133 2117 2200 τῆς
2150 2132 2356 2195 τελείας
2388 2131 2734 2200 δικαιοσύνης
2751 2127 2997 2203 οὖτοςτῷ
3021 2135 3239 2208 Χριστῷ
3263 2137 3578 2204 συναφθεὶς,

2017 2224 2158 2293 πρὸς
2213 2223 2482 2293 ὑπερτελῆ
2518 2276 2520 2278 ,
2548 2224 2819 2294 σωτηρίαν
2841 2228 2964 2290 τοὺς
3010 2228 3401 2292 ἀκολοθοῦντας
3428 2229 3582 2303 αὐτῷ

2015 2318 2366 2386 χειραγωγεῖ.

2106 2490 2322 2561 Ἐπειδὴ
2350 2490 2442 2545 οὖν
2468 2490 2566 2556 τὴν
2594 2493 2913 2568 ὁμωνυμίαν
2943 2496 3374 2567 διεστειλάμεθα,
3393 2500 3496 2554 ’καὶ
3515 2504 3577 2558 τὺ

2022 2583 2637 2648 ὰπεοικδςδοκοῦντοῐς
2692 2587 2904 2650 πολλοῖς
2950 2589 3044 2640 καὶ
3088 2589 3325 2658 ἀμαθέσι
3358 2590 3445 2645 διὰ
3475 2594 3577 2659 τῆς

2018 2673 2112 2725 τοῦ
2139 2674 2397 2741 ὀνόματος
2423 2674 2705 2742 δηλώσεως
2733 2677 3165 2748 ἀνεκαθῄραμεν,
3193 2683 3322 2751 φέρε
3346 2682 3411 2736 τὰ
3435 2683 3577 2738 κατὰ

2019 2764 2108 2813 τὸν
2140 2764 2282 2832 ἱερὸν
2325 2763 2512 2816 τοῦτον
2543 2763 2760 2829 Ἰούδαν,
2793 2767 2868 2826 ὡς
2898 2768 2962 2820 ἂν
2990 2768 3150 2830 αὐτὸς
3185 2771 3312 2839 ἡμῖν
3340 2771 3578 2840 οὐρανό-

2021 2853 2112 2905 θεν
2136 2853 2478 2923 ἐλλάμψειεν,
2517 2853 2913 2925 θεωρήσωμενο
2979 2857 3075 2927 τὴν
3130 2859 3347 2927 μὲνέπὶ
3393 2860 3574 2932 λεπτῷ

2018 2943 2115 3010 τῆς
2144 2941 2306 2994 αὐτοῦ
2342 2941 2610 3004 πολιτείας
2635 2943 2928 3011 ἀφήγησιν,
2969 2947 3060 2996 καὶ
3093 2945 3190 3014 τὴν
3217 2945 3574 3016 ἁποστολικὴν

2020 3031 2284 3100 περίοδον,
2319 3033 2411 3083 καὶ
2443 3030 2511 3085 τὰ
2540 3031 2866 3100 κηρύγματα
2896 3034 3068 3085 καὶτὰ
3092 3034 3342 3104 θαύματα
3365 3038 3571 3106 παρέν-

2018 3140 2127 3186 τες,
2153 3123 2233 3174 ὅτι
2293 3123 2415 3192 μηδξ
2474 3124 2861 3192 ὑπομνήμασιν
2905 3126 3038 3194 ἡμῖν
3097 3123 3375 3192 ἐξεγένετο
3406 3125 3571 3198 μέχρι

358 3203 496 3266 ullos
523 3213 786 3267 hactenus
800 3213 922 3266 base
950 3214 1377 3282 complectentes
1405 3214 1674 3268 nanscisci
1701 3215 1918 3272 licuerit

2025 3212 2114 3264 τοῦ
2143 3190 2304 3283 δεῦρο
2328 3190 2636 3282 περιτυχεῖν
2654 3190 2683 3242 '7
2701 3190 3076 3275 vénoarothoi;
3103 3190 3160 3264 δέ
3202 3190 3389 3266 τοῦτον
3407 3190 3574 3268 ἰτὲἆι.

356 3302 797 3368 commentarios)
858 3301 1176 3369 apostolicis
1209 3313 1334 3356 eum
1367 3302 1621 3355 laudibus
1653 3303 1801 3356 velut
1824 3320 1916 3357 ro-

357 3404 536 3443 sarum
569 3389 796 3444 [loribus
823 3391 1055 3445 aliorum
1087 3407 1237 3445 more
1258 3402 1605 3451 coronantes,
1628 3401 1741 3444 tum
1766 3403 1915 3462 grata

358 3479 434 3534 illi
463 3478 776 3544 fecerimus,
809 3489 920 3533 tum
948 3481 1121 3533 amica
1158 3482 1315 3534 valde
1349 3491 1512 3548 atque
1537 3491 1778 3550 accepta,
1810 3484 1914 3545 his,

357 3567 448 3635 qui
490 3567 604 3622 veri
649 3578 922 3621 amantem
972 3568 1220 3624 auditum
1267 3568 1643 3637 prtetendunt;
1707 3581 1767 3624 ut
1823 3572 1917 3640 qui

284 3712 287 3718 ,
353 3673 419 3710 ex
447 3657 832 3710 communibus
867 3658 1224 3726 omniumque
1259 3673 1422 3711 sensu
1465 3659 1696 3726 receptis
1754 3663 1920 3715 ratio-

357 3747 515 3801 nibus
550 3786 565 3810 ,
620 3745 869 3802 veritatis
935 3745 1206 3816 discipulo
1260 3746 1629 3812 laudationem
1666 3759 1919 3805 contem-

359 3848 495 3887 mus.

421 3940 560 4014 Ejus
601 3947 784 4014 itaque
810 3947 877 4000 ab
905 3946 1064 4001 initio
1096 3946 1222 4002 vitae
1250 3947 1391 4002 ratio
1415 3962 1479 4002 ac
1508 3949 1763 4005 educatio
1795 3965 1919 4005 san-

355 4047 440 4089 cta
465 4039 632 4092 dubio
667 4040 857 4106 procul
904 4039 1156 4107 iustaque
1181 4046 1238 4091 et
1280 4038 1442 4093 bona.
1489 4041 1634 4094 Bona
1685 4041 1832 4094 enim
1852 4055 1918 4093 ex
1995 4096 1997 4098 .

360 4129 561 4191 radice,
609 4130 765 4184 bona:
809 4131 1011 4185 indolis
1064 4140 1247 4185 ortum
1305 4145 1526 4200 germen
1554 4143 1638 4185 est
1672 4149 1685 4185 :
1721 4147 1784 4185 ac
1816 4132 1918 4185 sub

361 4229 589 4287 parente
615 4221 761 4287 justo
787 4221 1102 4288 sobrioque,
1145 4221 1601 4291 sobriejusteque
1647 4222 1825 4291 justus
1855 4221 1920 4275 li-

318 4377 333 4388 x
358 4309 463 4361 lius
491 4309 843 4362 erudiebatur
861 4327 923 4364 ac
947 4312 1334 4365 instituebatur
1356 4314 1421 4364 ".
1437 4312 1778 4381 Quapropter
1800 4328 1916 4366 om-

358 4413 453 4450 nes
491 4399 672 4452 smculi
721 4402 987 4456 vanitates
1018 4413 1074 4456 et
1101 4392 1344 4456 insanias
1376 4403 1538 4456 falsas
1589 4402 1866 4456 devitnbat
1901 4420 1914 4456 :

357 4488 460 4541 hoc
517 4505 734 4555 cavens,
765 4507 832 4544 ne
855 4494 1076 4563 ingenui
1141 4494 1432 4562 magnique
1462 4495 1581 4563 ejus
1631 4493 1800 4547 animi
1830 4494 1912 4548 vis
1939 4523 1990 4580 Ι)

355 4578 575 4632 caducis
607 4579 768 4633 rebus
790 4596 854 4633 ex
877 4583 1107 4636 libidine
1141 4583 1376 4647 addicta,
1423 4592 1866 4650 corrumperetur
1893 4600 1906 4635 :

358 4676 501 4720 totus
529 4685 658 4722 vero
689 4673 746 4724 in
773 4687 830 4725 se
859 4674 1178 4742 conspirans
1198 4674 1374 4727 acsibi
1404 4673 1645 4737 studens,
1668 4674 1910 4743 legisque

359 4759 705 4814 meditatione
770 4763 1073 4822 institutus,
1098 4769 1286 4831 {atque
1330 4753 1710 4817 mandatorum
1746 4765 1913 4818 docu—

250 4865 258 4872 ·
359 4848 553 4902 mentis
585 4853 830 4905 excultus
871 4868 934 4906 ac
975 4854 1258 4921 magnifice
1293 4855 1754 4922 praeexercitatus,
1802 4870 1912 4908 non

359 4939 537 4992 minus
567 4943 765 5004 mentis
803 4942 1012 5007 habitu,
1045 4958 1209 5011 quam
1233 4944 1479 5012 corporis
1503 4953 1709 4999 statura
1734 4944 1914 5013 quoti-

358 5025 445 5079 die
467 5043 737 5094 crescens,
767 5031 1013 5099 profectu
1043 5032 1360 5100 augebatur.

427 5201 566 5269 Quia
597 5203 759 5273 igitur
779 5205 893 5273 ipse
915 5205 1134 5274 quidem
1161 5208 1480 5278 prazdagogo
1508 5209 1626 5278 lege
1653 5209 1918 5263 hactenus

360 5295 684 5356 custoditus,
712 5297 778 5346 ad
825 5312 1134 5351 mensuram
1181 5301 1356 5353 aetatis
1427 5311 1539 5354 tum
1593 5301 1913 5369 corporalis,

363 5392 475 5433 tum
502 5383 664 5435 animi
697 5395 1056 5451 provexerat;
1091 5402 1341 5457 magnum
1389 5399 1569 5442 autem
1614 5392 1799 5459 gratia:
1832 5391 1914 5444 lu-

362 5486 482 5523 men
524 5472 612 5525 Sol
642 5474 886 5541 iustitiae,
914 5462 1153 5544 unigena
1219 5487 1456 5547 ροισι-ηαξ
1501 5480 1817 5535 substantiae
1860 5482 1917 5533 fi-

360 5573 514 5628 gura,
544 5563 754 5614 mortali
773 5565 880 5632 jam
898 5580 1070 5621 massa
1095 5583 1189 5636 per
1213 5568 1649 5638 castissimamzac
1680 5569 1918 5638 virgina-

432 5753 477 5786 ⁸³
508 5755 705 5822 Eplics.
749 5774 811 5826 Π,
862 5760 949 5816 20.
1029 5764 1071 5793 "
1113 5763 1254 5815 l’sal.
1305 5779 1482 5828 xxxix,
1532 5766 1581 5818 5.

2017 3322 2126 3366 νοις
2149 3305 2224 3366 ὼς
2261 3303 2447 3358 ἄνθεσι
2505 3303 2671 3371 ῥόδων
2736 3304 2876 3355 κατὰ
2917 3307 3015 3372 τὴν
3065 3304 3201 3373 πρὸς
3227 3305 3350 3367 τοὺς
3381 3305 3573 3370 ἀλλους

2016 3395 2270 3464 ὁμοίωσιν
2295 3394 2712 3463 ἀναδησάμενοι,
2753 3395 2897 3462 αὑτῷ
2934 3413 2991 3448 τε
3024 3397 3390 3465 κεχαρισμένα
3418 3398 3572 3467 ,δρὰο

2019 3485 2366 3554 σαιμεν-ἂν,
2427 3483 2553 3549 φίλα
2608 3500 2664 3535 τε
2719 3484 2857 3549 ἄγαν
2916 3485 3008 3536 καὶ
3076 3485 3411 3538 εὐαπόδεκτα
3457 3487 3573 3553 τοῖς

2018 3572 2284 3644 φιλαλήθη
2310 3575 2678 3642 προτείνουσιν
2700 3574 2872 3643 ἀκοήν
2894 3591 2907 3604 ·
2935 3574 3007 3636 ὼς
3029 3576 3092 3627 ἐκ
3125 3574 3232 3627 τῶν
3257 3576 3450 3635 κοινῶν
3478 3578 3574 3630 καὶ

2017 3663 2452 3732 ὡμολογημένων
2484 3657 2724 3729 ἐννοιῶν,
2751 3665 2847 3732 τὴν
2875 3665 3148 3736 εὐφημίαν
3177 3665 3253 3736 τῷ
3279 3667 3380 3737 τῆς
3439 3666 3572 3740 ἀλη-

2001 3753 2166 3826 θείας
2187 3752 2661 3823 διαπευαζὸμενοι
2684 3753 2918 3825 μαθητῇ.

2098 3923 2163 3977 Ἦ
2192 3924 2289 3994 μὲν
2315 3923 2406 3978 οὖν
2437 3925 2494 3992 ἐξ
2527 3925 2699 3995 ἀρχῆς
2720 3923 2882 3980 αὑτοῦ
2919 3926 3102 3996 βίωσις
3130 3931 3242 3983 ’καὶ
3287 3931 3567 4004 ἀναγωγὴ,

2016 4016 2457 4086 ὁμολογουμένως
2487 4017 2618 4084 ἁγία
2645 4018 2738 4070 καὶ
2765 4018 2947 4071 δικαία
2989 4019 3079 4072 καὶ
3105 4021 3303 4093 ἀγαθή.
3335 4024 3570 4096 ’Δγαθῆς

2017 4108 2123 4175 γὰρ
2167 4109 2321 4177 ῥίζης
2372 4108 2681 4176 ἀγαθοφυὴς
2719 4109 2943 4180 βλαστρς
2989 4111 3222 4175 ἐκδοθείς
3250 4130 3262 4144 ·
3322 4117 3417 4169 καὶ
3463 4117 3569 4170 ὑπὸ

2015 4198 2206 4266 δικαίῳ
2229 4199 2396 4267 ’πατρῖ¹
2418 4199 2512 4251 καὶ
2535 4202 2790 4268 σώφρονι,
2818 4204 3165 4269 σωφρονικῶς
3191 4205 3286 4257 καὶ
3312 4204 3562 4270 δικαίως,

2016 4290 2044 4341 6
2069 4289 2274 4351 δίκαιος
2303 4288 2616 4342 ἐπαιδεύετο
2639 4291 2731 4342 καὶ
2756 4275 2989 4361 ἀνήγετο
3013 4296 3159 4356 παῖς.
3198 4295 3359 4349 Ὅθεν
3386 4298 3569 4363 πάσας

2020 4379 2116 4445 μὲν
2174 4378 2267 4432 τοῦ
2319 4377 2432 4447 βίου
2483 4380 2848 4449 ματαιότητας
2901 4382 2994 4433 καὶ
3050 4385 3245 4452 μανίας
3272 4390 3570 4457 παρῃτεῖτο

2017 4469 2252 4536 ψευδεῖς,
2293 4472 2366 4538 μὴ
2395 4471 2666 4533 καταξιῶν
2687 4471 2746 4523 τὸ
2776 4473 2989 4539 εὐγενὲς
3038 4475 3136 4542 τῆς
3187 4475 3349 4529 αὑτοῦ
3390 4479 3569 4550 ψυχῆς

2017 4562 2110 4614 καὶ
2146 4561 2503 4630 μεγαλοφυὲς,
2529 4559 2592 4631 τῇ
2621 4562 2906 4629 φιλοπαθεῖ
2936 4564 3043 4616 τῶν
3077 4565 3353 4636 ἐπικήρων
3403 4585 3572 4624 κατα.

2017 4653 2286 4723 φθαρῆναι
2332 4654 2490 4723 σχολῇ
2518 4670 2530 4684 ’
2563 4656 2696 4724 πρὸς
2745 4655 2941 4716 ἐαυτὸν,
2960 4656 3015 4708 δὲ
3045 4661 3402 4723 συννενευκὼς
3430 4662 3570 4732 δλος,

2018 4748 2110 4798 καὶ
2130 4748 2193 4815 τῇ
2225 4745 2424 4816 μελέτῃ
2440 4744 2530 4797 τοῦ
2556 4746 2720 4811 νόμου
2761 4747 3296 4817 παιδοτριϐούμενος,
3333 4753 3571 4817 καὶταῖς

2019 4836 2410 4904 παραγγελίαις
2433 4835 2539 4888 τῶν
2582 4837 2809 4890 ἐντολῶν
2837 4836 3251 4906 ἐξασκούμενος,
3279 4842 3370 4895 καὶ
3401 4859 3572 4910 μεγα..

2021 4926 2231 4994 λοφυῶς
2265 4927 2800 4996 προγυμναξόμενος,
2839 4929 3010 4991 οὕτως
3031 4931 3127 4998 οὐχ
3152 4927 3310 5000 ἧττον
3336 4933 3430 5000 τῆς
3467 4951 3574 4987 σω-

2019 5020 2253 5086 ματικῆς
2291 5013 2521 5086 ἡλικίας,
2549 5017 2644 5082 τῆς
2674 5017 2910 5079 διανοίας
2931 5019 3030 5085 τὴν
3059 5019 3171 5082 ἕξιν
3197 5021 3409 5090 ἡμέραν
3445 5021 3572 5075 καθ’

2013 5109 2226 5177 ἡμέραν
2249 5107 2514 5172 αὐξάνων,
2544 5107 2782 5160 ἐπεδίδου
2817 5109 2934 5169 ταῖς
2959 5111 3278 5176 προκοπαίς.

2096 5197 2248 5249 Ἐπεὶ
2278 5195 2406 5262 γοῦν
2454 5195 2614 5257 αὐτὸς
2671 5197 2769 5265 μὲν
2798 5196 2895 5264 τῆς
2927 5211 2985 5246 τε
3022 5198 3362 5268 σωματικῆς,
3384 5197 3480 5268 τῆς
3507 5214 3568 5253 τι

2014 5288 2154 5339 κατὰ
2180 5287 2355 5356 ψυχὴν
2377 5283 2589 5353 ἡλικίας
2620 5287 2699 5347 εἰς
2745 5286 2938 5356 μέτρον
2976 5285 3078 5336 ὑπὸ
3108 5285 3186 5355 τῷ
3238 5287 3568 5358 παιδαγωγῷ

2011 5382 2160 5448 νόμῳ
2222 5379 2356 5438 τέως
2410 5380 2811 5447 φρουρούμενος
2857 5377 3195 5446 προϐέϐηκεν
3216 5395 3229 5410 ⁸
3263 5379 3323 5432 τὸ
3348 5379 3488 5447 μέγα
3509 5378 3566 5433 δὲ

2014 5477 2109 5540 τῆς
2136 5471 2354 5538 χάριτος
2414 5469 2548 5536 φῶς,
2575 5471 2603 5520 6
2627 5469 2811 5530 ’Ἤλιος
2843 5469 2942 5537 τῆς
2969 5469 3331 5537 δικαιοσύνης,
3358 5473 3385 5522 6
3409 5488 3565 5538 μονο-

2018 5566 2177 5634 γενὴς
2208 5564 2301 5630 τῆς
2338 5563 2607 5632 πατρικῆς
2666 5561 3013 5624 ὑποστάσεως
3036 5560 3340 5631 χαρακτὴρ,
3377 5561 3475 5630 ήδη
3503 5559 3569 5616 τὸ
