3922 6314
238 378 336 444 2ίῆ

1035 377 1309 438 eumn
1344 377 1508 434 xm.
1533 375 1616 411 —-'
1640 329 1719 436 tlv
1760 373 2068 436 LAUDEM
2105 373 2163 431 ε.
2204 373 2411 432 June
2440 374 2688 434 APOST.

3331 377 3436 442 262

239 492 481 562 βρότειον
516 486 740 557 φύραμα
780 488 866 540 διὰ
923 487 1021 555 τῆς
1049 487 1319 549 πανάγνου
1350 483 1441 534 καὶ
1464 484 1788 552 παρθενικῆς

1892 483 1994 534 lem
2017 481 2235 533 Mariam
2261 494 2555 550 assumpta.
2585 483 2793 553 subque
2826 485 2972 540 illius
2994 495 3222 555 parente
3277 490 3434 547 Jose-
3497 535 3503 540 .

236 578 537 644 ἀνειληφὼς
583 579 829 646 Μαριάμ,
885 577 978 628 καὶ
1038 575 1141 626 ὑπὸ
1184 576 1260 644 τῷ
1292 575 1497 627 ἐκείνου
1524 575 1688 641 πατρὶ
1713 573 1790 641 τῷ

247 668 466 734 Ἰωσὴφ,
497 667 591 718 ἅτε
629 668 899 734 μνηστῆρι
926 667 1024 732 τῆς
1053 665 1323 734 Παρθένου
1351 665 1447 732 τὴν
1478 663 1791 731 σωματικὴν

240 757 451 823 ἡλικίαν
521 758 846 824 ἀναγόμενος
877 770 890 783 ·
936 755 1122 823 ἐπειδὴ
1155 757 1271 817 ταῖς
1311 755 1553 806 Ἰωάννου
1583 769 1789 821 μαρτυ-

237 845 406 913 ρίαις,
477 847 570 898 καὶ
622 846 754 896 πολύ
812 843 1006 913 μᾶλλον
1056 848 1176 906 ταῖς
1203 845 1294 898 τοῦ
1319 844 1563 912 οὐρανίου
1588 843 1791 911 [ἰατρὸς

239 937 330 986 ἐπὶ
356 933 449 986 τοῦ
486 935 674 995 ὓδατος
700 933 1128 995 ἁπεκαλύπτετο,
1154 935 1249 987 καὶ
1279 937 1389 995 τοῖς
1414 933 1792 1002 ὑπερφυεστά-

242 1039 354 1085 τοις
375 1023 532 1077 εὐθὺς
551 1023 660 1072 τῶν
707 1021 903 1089 ἔργων,
951 1024 1131 1092 ἡρέμα
1159 1024 1218 1075 τὸ
1243 1023 1652 1091 μεγαλοπρεπὲς
1696 1025 1793 1092 τῆς

238 1110 446 1172 οἰκείας
463 1109 722 1177 ὲπέφαινε
752 1110 1020 1180 θεότητος,
1037 1113 1096 1164 οὐ
1117 1113 1255 1164 κατὰ
1276 1114 1399 1173 τοὺς
1420 1113 1793 1181 ψευδωνύμως

235 1185 392 1263 οὗτος
430 1199 710 1262 Ἰουδαίους
740 1201 805 1252 τά
828 1201 923 1268 τῆς
947 1202 1171 1270 καρδίας
1195 1203 1436 1270 νοήματα
1459 1205 1792 1272 πεπωρωμέ-

237 1307 346 1354 νος,
373 1289 662 1357 βασκάνοις
682 1289 771 1342 τὸν
815 1291 1108 1360 εὐεργέτην
1160 1291 1448 1358 ἀνέϐλεψεν
1483 1293 1795 1360 ὀφθαλμοῖς·

234 1379 341 1430 οὐδ’
360 1378 615 1446 ἠγάπησε
655 1380 774 1446 μὲν,
805 1382 1021 1447 φυσικῑγ
1041 1379 1096 1430 δὲ
1129 1382 1264 1451 μόνῃ
1303 1381 1670 1450 φιλοστοργίᾳ,
1703 1385 1796 1433 καὶ

236 1469 554 1534 συγγενείας
585 1468 872 1536 οἰκειότητι
911 1467 1083 1536 τούτῳ
1107 1470 1474 1539 συνδεόμενος,
1503 1471 1602 1538 τῆς
1627 1488 1797 1540 σωτη-

237 1558 466 1626 ριώδους
509 1557 741 1618 πίστεως
794 1557 932 1609 κατὰ
979 1558 1101 1618 τους
1141 1558 1354 1619 πλείους
1387 1558 1493 1608 τῶν
1521 1561 1795 1625 συγγενῶν

233 1651 438 1716 ἔρημος
465 1643 530 1717 ἦν
553 1664 568 1679 ’
602 1647 720 1701 οὐδὲ
766 1646 944 1698 πίστει
1003 1648 1100 1716 μὲν
1151 1649 1342 1716 ἐχρῆτο
1369 1648 1580 1717 βεϐαίᾳ,
1613 1650 1712 1717 τῆς
1741 1651 1796 1702 δὲ

235 1739 396 1803 ἁγίας
427 1738 641 1806 ἀγάπης
667 1737 734 1789 τὰ
765 1737 992 1806 δεύτερά
1020 1754 1164 1799 τινος
1189 1739 1294 1789 τῶν
1324 1739 1400 1806 τῷ
1421 1739 1639 1807 Χριστῷ
1673 1741 1791 1792 τότε

235 1826 626 1894 λιιαθητιιίιντων
651 1829 956 1894 ἀπεφέρετο
977 1843 990 1856 ·
1025 1828 1157 1894 ὁμοῦ
1191 1829 1247 1879 δὲ
1289 1829 1793 1896 συνδεδραμηκότων

232 1914 316 1966 ἐπ’
351 1914 502 1982 αὐτῷ
522 1915 620 1981 τῆς
649 1916 787 1966 κατὰ
814 1916 873 1965 τὸ
899 1914 1057 1981 σῶμα
1090 1916 1427 1980 συγγενείας,
1449 1920 1543 1986 τῆς
1563 1921 1794 1986 φυσικῆς

233 2002 623 2070 προσπαθείας,
656 2002 749 2053 εἰτ’
772 1998 864 2054 οῦν
892 2001 1092 2069 φιλίας,
1117 2003 1214 2071 τῆς
1246 2005 1465 2074 ἀγάπης
1493 2007 1585 2058 τοῦ
1623 2007 1794 2058 Πνεύε

235 2111 407 2161 ματος
428 2109 441 2123 ⁸
460 2094 558 2162 τῆς
604 2094 700 2161 οὐχ
728 2088 887 2164 ἦττον
925 2093 1012 2146 διὰ
1037 2095 1126 2146 τὸν
1149 2095 1242 2146 τοῦ
1271 2094 1385 2163 βίου
1415 2100 1630 2164 τρόπον,
1669 2099 1703 2166 ἢ
1724 2097 1792 2148 τὰ

232 2183 447 2248 μεγάλα
505 2182 755 2251 θαύματα
802 2183 1056 2247 πίστεως,
1109 2185 1228 2237 καθ’
1257 2184 1315 2235 ὃν
1367 2185 1462 2237 καὶ
1510 2187 1793 2240 συνανατέ-

231 2271 468 2340 θραπτο,
503 2273 597 2324 καὶ
625 2273 920 2340 συνανῆκτο
939 2273 1014 2342 τῷ
1060 2274 1254 2341 Ἰησοῦ,
1278 2274 1351 2337 ὡς
1370 2276 1446 2345 τῷ
1468 2276 1613 2344 αὐτῷ
1640 2293 1791 2344 νομι-

231 2361 458 2428 ζόμενος
511 2361 809 2431 κεχρῆσθαι
856 2365 1053 2432 πατρί·
1115 2365 1202 2417 διὰ
1249 2364 1424 2416 ταῦτα
1475 2364 1652 2416 τοίνυν
1694 2366 1792 2434 τῆς

231 2451 540 2521 ἀκροτάτης
581 2454 713 2522 πρὸς
750 2453 909 2506 αὐτὸν
963 2454 1122 2516 εὐθὺς
1148 2455 1500 2522 οἰκειότητος,
1553 2455 1668 2523 ἦτοι
1702 2473 1792 2523 φιι·

230 2528 458 2611 λότητος
497 2546 524 2596 ὁ
572 2543 984 2621 μακαριώτατος
1029 2533 1372 2615 εὐμοιρηκώς
1407 2561 1421 2575 ·
1483 2545 1616 2614 ὁμοῦ
1649 2562 1710 2598 τε
1735 2545 1792 2598 τὸ

232 2632 566 2701 Εὐαγγέλιον
595 2634 691 2702 τῆς
721 2633 810 2685 τοῦ
838 2633 972 2685 Θεοῦ
1022 2633 1293 2702 βασιλείας
1323 2635 1414 2687 τοῦ
1441 2635 1793 2704 κηρύγματος

233 2724 456 2788 ἐδέξατο
487 2723 586 2793 τὴν
638 2723 834 2792 ἀρχὴν,
865 2726 956 2777 καὶ
983 2725 1145 2786 αὐτὸς
1163 2725 1255 2776 τοῦ
1291 2726 1622 2791 Εὐαγγελίου
1660 2726 1793 2778 καθ-

235 2811 456 2862 ίσταται
484 2812 750 2879 μαθητήςο
779 2813 872 2863 καὶ
891 2815 956 2880 τῇ
991 2816 1284 2882 συγγενικῇ
1313 2813 1464 2882 φιλίᾳ
1505 2815 1601 2883 τὴν
1651 2816 1791 2865 κατὰ

232 2900 366 2951 Θεὸν
398 2899 733 2969 ,προστιθείς
755 2917 770 2932 ⁸
836 2905 928 2952 aut
960 2904 1022 2968 τῇ
1056 2902 1400 2969 παιδαριώδει
1460 2905 1656 2969 γνώσει
1695 2902 1789 2970 τὴν

231 2991 446 3044 τελείαν
475 2990 810 3058 ἐξευρηκὼς·
837 2991 930 3042 καὶ
963 2990 1038 3059 τῷ
1082 2992 1410 3060 παιδαγωγῷ
1466 2994 1613 3060 νόμῳ
1656 2994 1791 3061 πρὸς

232 3083 324 3132 τὸν
348 3082 512 3150 νόμον
532 3080 626 3133 τοῦ
687 3080 997 3148 ιινεύματος
1043 3082 1213 3150 ῥᾷστα
1257 3081 1665 3148 συμϐιϐασϐεὶς,
1698 3084 1790 3133 καὶ

233 3171 322 3222 τὸν
356 3169 673 3223 διδάσκαλον
700 3170 951 3238 εὐθύτητι
1013 3168 1104 3221 νοῦ
1148 3169 1536 3239 διανοούμενος,
1583 3171 1788 3223 δικαιό-⁸

230 3276 373 3312 τατα
396 3263 494 3330 τῆς
522 3259 741 3329 πρώτης
774 3260 882 3310 τῶν
907 3261 999 3310 τοῦ
1031 3258 1203 3327 Ἰησοῦ
1227 3261 1391 3325 φίλων
1416 3259 1638 3322 τάξεως,
1694 3260 1787 3312 καὶ

232 3353 331 3421 τῆς
365 3353 515 3420 ίερᾶς
542 3351 852 3420 ἐναρίθμιος
910 3350 1181 3401 δείκνυται
1235 3350 1341 3403 τῶν
1389 3350 1601 3418 ὑψηλῶν
1656 3349 1787 3401 ἀπο-ρ

238 3441 445 3492 στόλων
474 3439 785 3501 δωδεκάδος.

319 3527 602 3581 Ἐντεῦθεν
623 3529 885 3596 αὐτηκοος
905 3529 1002 3598 μὲν
1034 3527 1344 3596 μυστηρίων
1369 3525 1611 3594 κρυφίων
1627 3523 1784 3587 Θεοῦ,

235 3619 517 3687 αὐτόπτης
564 3618 619 3670 δὲ
669 3618 844 3685 ἔργων
893 3617 1218 3688 χρηματίζει
1263 3616 1436 3670 Θεοῦ’
1468 3609 1675 3683 ’μᾶλλον
1733 3616 1789 3666 δὲ

236 3714 492 3776 κοινωνὸς
545 3713 641 3781 μὲν
689 3714 780 3764 καὶ
821 3711 1027 3780 μύστης
1064 3711 1261 3780 ὀργίων
1317 3708 1668 3776 θεουργικῶν·
1697 3707 1790 3758 αὐο

234 3804 467 3874 τουργὸς
494 3803 549 3855 δὲ
578 3801 900 3855 καθίσταται
955 3800 1250 3867 θαυμάτων
1313 3799 1594 3852 θεοτελῶν.
1640 3799 1791 3850 ’Ὅσα

238 3896 344 3964 γὰρ
375 3895 405 3944 ὁ
440 3892 625 3961 Πατὴρ
646 3892 863 3959 ἐνήργει
888 3889 976 3942 διὰ
995 3889 1089 3940 τοῦ
1119 3884 1492 3955 Μονογενοῦς,
1523 3886 1672 3938 ταῦθ’
1700 3879 1790 3938 οὖ-

237 4000 327 4045 τος
352 3979 512 4042 αὖθις
536 3980 877 4034 ἀποστέλλων
913 3979 1040 4041 τοὺς
1071 3978 1301 4041 δώδεκα,
1334 3977 1466 4046 πρὸς
1495 3978 1560 4027 τὰ
1579 3976 1791 4028 ἀπολω-

237 4076 365 4128 λότα
396 4072 644 4143 πρόϐατα
680 4071 914 4140 Ἰσραὴλ,
943 4074 1036 4122 καὶ
1065 4070 1196 4138 πρὸς
1217 4069 1314 4138 τὴν
1339 4069 1573 4136 μεγάλην
1596 4069 1791 4130 αὐτοὺς

238 4167 345 4218 τῶν
367 4161 539 4216 ἐθνῶν
565 4159 956 4229 προγυμνάζων
984 4158 1306 4226 ἀποστολὴν,
1343 4161 1435 4209 καὶ
1470 4157 1585 4226 μετ’
1614 4157 1793 4208 αὐτῶν

238 4257 291 4308 δὲ
319 4254 399 4324 τῷ
425 4252 696 4322 πνεύματι
745 4251 1108 4321 πορευόμενος
1141 4249 1362 4318 ἐνήργει
1395 4261 1409 4275 ⁸
1445 4247 1560 4316 μεθ’
1593 4243 1666 4313 ὧν
1698 4248 1789 4298 καὶ

240 4347 426 4411 αὐτὸς,
457 4339 504 4396 ὦ
534 4340 1041 4414 τρισμακαριώτατε
1071 4341 1083 4393 l
1132 4331 1478 4408 πεμπόμενος
1501 4379 1517 4403 ,
1548 4341 1640 4405 καὶ
1692 4339 1788 4407 τὴν

241 4437 410 4506 αὐτὴν
431 4419 879 4502 τοῖςκορυφαίοις
908 4432 1001 4482 καὶ
1030 4430 1264 4499 πρώτοις
1295 4429 1563 4492 ἐξουσίαν,

241 4529 324 4579 δὲν
362 4525 543 4580 αὐτῶν
586 4524 726 4576 κατὰ
781 4522 995 4590 πνεῦμα
1040 4520 1343 4590 ἁγιωσύνης
1385 4519 1788 4589 ἐλαττούμενος,

243 4615 500 4685 εἰληφὼς,
526 4613 783 4681 δαίμονας
816 4609 914 4680 μὲν
937 4609 1236 4673 ἑξέϐαλλες,
1267 4608 1338 4670 ὡς
1371 4607 1475 4659 ὑπὸ
1504 4607 1674 4676 πυρὸς
1694 4609 1792 4676 τῆς

245 4705 569 4776 ἐνεργούσης
597 4705 653 4753 ὲν
684 4701 764 4752 σοὶ
789 4700 1008 4769 χάριτος
1036 4699 1521 4767 ἑκπιμπραμέοιους
1543 4697 1635 4780 καὶ
1665 4695 1790 4749 διω-

246 4801 544 4865 κομένους·
603 4791 833 4858 λεπροὺς
898 4789 1235 4856 ὲκαθάριζες,
1298 4787 1438 4856 λόγῳ
1505 4787 1646 4856 μόνῳ
1700 4787 1792 4840 καὶ

247 4889 528 4956 ἐπικλήσει
563 4881 656 4934 τοῦ
686 4880 993 4950 πέμψαντος
1022 4879 1118 4946 τῆς
1151 4877 1351 4945 λέπρας
1398 4877 1790 4947 ἐκκαθαιρομέ-

248 4999 336 5046 νης
363 4995 378 5011 ο
405 4975 635 5043 νεκροὺς
658 4973 712 5024 δὲ
743 4972 806 5024 δι’
851 4972 994 5038 ἁφῆς
1037 4968 1213 5038 χειρὸς
1246 4968 1412 5046 μόνης
1441 4968 1535 5018 καὶ
1559 4984 1788 5036 προσευ-

250 5068 344 5135 κῆς
375 5066 643 5127 ἁνιστῶν,
683 5063 773 5115 καὶ
819 5059 1050 5128 τυφλοὺς
1086 5057 1377 5125 ,όμματῶἣ
1436 5056 1529 5110 καὶ
1588 5057 1790 5125 χωλοὺς

250 5155 508 5223 ἀνορθῶν,
542 5153 636 5205 καὶ
683 5153 858 5203 πᾶσαν
889 5150 1038 5201 νόσον
1067 5147 1159 5199 καὶ
1193 5148 1367 5197 πᾶσαν
1398 5145 1645 5214 σώματος
1682 5146 1788 5197 πά-

252 5247 346 5313 θην
374 5244 809 5312 ἐξιώμενος,ὃλον
834 5244 886 5293 ἒν
909 5243 989 5293 σοὶ
1005 5239 1094 5292 τὸν
1120 5240 1218 5306 τῆς
1241 5236 1381 5303 ζωῆς
1411 5237 1590 5306 μένειν
1636 5231 1787 5303 λόγον

253 5332 358 5395 τοῖς
377 5330 1055 5400 θαυμασίοιςπιστούμενος
1089 5329 1451 5394 ἐνεργήμασιν
1492 5326 1781 5386 ὲδείκνυες.

321 5425 358 5474 Τ
361 5421 514 5474 οῦτον
537 5419 831 5490 ἀρραϐῶνα
867 5420 1080 5487 πρῶτον
1103 5416 1196 5469 τοῦ
1223 5416 1545 5484 Πνεύματος.
1566 5417 1658 5467 καὶ
1691 5416 1787 5483 τῆς

255 5516 463 5586 χάριτος
482 5510 756 5580 ἀπαρχὴν,
788 5508 893 5560 τῶν
928 5508 1197 5562 τοιούτων
1239 5505 1473 5575 σημείων
1515 5504 1612 5574 τὴν
1667 5504 1787 5556 ἐπί-

1890 571 2017 639 pho,
2060 579 2245 637 utpote
2296 571 2519 638 virginis
2541 589 2755 641 sponso,
2787 577 3048 643 corporali
3079 585 3236 630 aetate
3284 594 3439 647 auge-

1891 673 2064 719 scens.
2089 674 2212 711 cum
2259 659 2482 712 Joannis
2514 663 2846 727 testimonio,
2881 673 2990 717 tum
3019 666 3175 734 longe
3208 667 3440 734 amplius

1892 753 2002 819 ipsa
2031 751 2202 804 Patris
2225 751 2464 804 cmlestis
2500 767 2661 820 super
2690 770 2879 822 aquam
2911 772 3040 810 voce
3070 757 3436 826 detegeretur,

1891 841 2297 910 magnificisque
2322 851 2497 894 tamen
2525 844 2782 910 operibus
2811 861 2920 899 sua:
2966 848 3170 901 sensim
3212 849 3436 902 deitatis

1890 931 2344 999 magniﬁcentiam
2401 932 2683 997 proderet;
2743 934 3159 1004 haudquaquam
3204 938 3270 1000 is,
3316 937 3438 990 falsi

1891 1021 2124 1074 nominis
2154 1020 2461 1073 Judaeorum
2496 1035 2669 1084 more,
2715 1026 2992 1078 occaecatis
3013 1028 3210 1080 mentis
3262 1027 3438 1080 sensi-

1893 1111 2014 1174 bus,
2048 1108 2339 1163 liventibus
2371 1100 2544 1165 oculis
2574 1111 2974 1166 benefactorem
3012 1117 3212 1186 aspexit
3237 1117 3300 1168 ³ο.
3333 1117 3467 1170 Neu

1892 1216 1996 1269 que
2025 1200 2212 1253 dilexit
2268 1199 2508 1266 quidem,
2534 1209 2588 1253 at
2621 1202 2849 1254 naturali
2873 1189 3131 1256 duntaxat
3158 1206 3356 1258 amoris
3385 1201 3448 1258 vl‘

1893 1289 2278 1358 sanguinisque
2313 1291 2718 1344 necessitudine
2775 1291 2850 1346 illi
2903 1292 3204 1357 devinctus,
3238 1294 3313 1346 uti
3349 1309 3436 1346 co-

1894 1391 2176 1449 gnatorum
2210 1395 2398 1447 magna
2435 1395 2582 1446 pars,
2622 1381 2842 1433 salutari
2875 1381 2977 1435 [ide
3019 1382 3435 1437 destituebatur.

1893 1469 2077 1542 Neque
2131 1467 2286 1537 ﬁrma
2334 1465 2554 1535 quidem
2599 1483 2730 1520 usus
2764 1477 2846 1521 est
2872 1467 3009 1533 ﬁde;
3040 1469 3184 1536 quod
3205 1484 3336 1522 vero
3368 1470 3435 1522 ad

1880 1569 2132 1612 .sanetam
2189 1559 2539 1612 dilectionem
2593 1560 2806 1621 attinet,
2851 1560 3118 1613 secundas
3167 1574 3277 1626 pra
3327 1560 3440 1612 ullo

1897 1664 2083 1700 eorum
2113 1650 2262 1711 tulit,
2288 1649 2383 1716 qui
2411 1657 2524 1702 tum
2556 1649 2774 1703 Christo
2808 1650 3067 1718 magistro
3108 1650 3437 1704 utebantur:

1898 1739 2162 1805 quinimo,
2197 1740 2355 1791 simul
2385 1739 2436 1790 in
2464 1753 2530 1791 eo
2556 1740 3015 1793 concurrentibus
3037 1739 3305 1806 corporali
3326 1737 3440 1792 alli-

1894 1827 2083 1891 nitate,
2109 1828 2477 1896 naturalisque
2518 1828 2743 1881 allectus
2774 1829 3110 1896 proclivitate
3167 1829 3441 1896 (amicitiae

1893 1917 2098 1970 scilicet
2127 1918 2550 1987 necessitudine)
2582 1933 2791 1972 necnon
2838 1919 3074 1986 Spiritus
3131 1920 3432 1981 charitate;

1846 2067 1854 2078 l
1894 2005 1997 2060 ﬁde
2029 2008 2181 2068 item,
2215 2022 2376 2076 quam
2420 2020 2532 2060 non
2591 2009 2772 2062 minus
2800 2024 3012 2062 morum
3047 2010 3160 2078 ipsa
3208 2009 3438 2077 vitaeque

1893 2099 2236 2152 necessitudo
2277 2099 2616 2160 conciliaret,
2641 2115 2800 2167 quam
2835 2101 3072 2169 ingentia
3106 2102 3194 2154 illa
3232 2110 3440 2169 patrata

1891 2185 2150 2240 miracula
2168 2188 2421 2256 (educato
2443 2189 2648 2243 scilicet
2671 2205 2791 2242 cum
2813 2191 2960 2252 Jesu,
2987 2200 3046 2243 ut
3068 2192 3161 2258 qui
3190 2190 3440 2244 eumdem

1892 2275 2092 2335 habere
2111 2287 2393 2344 parentem
2419 2277 2868 2346 exsistimaretur)
2901 2296 2914 2331 :
2957 2278 3060 2341 his,
3091 2278 3327 2346 inquam,
3358 2276 3444 2329 vir

1892 2365 2260 2430 beatissimus,
2293 2382 2559 2420 summam
2609 2368 2792 2420 statim
2836 2368 2888 2420 in
2916 2383 3038 2419 eum
3082 2365 3442 2420 necessitudi-

1893 2468 2050 2516 nem,
2074 2456 2188 2508 sive
2202 2456 2517 2519 amicitiam,
2532 2465 2879 2519 consecutus,
2911 2457 3070 2510 Simul
3087 2464 3248 2523 atque
3262 2455 3441 2507 Evan-

1892 2540 2090 2608 gelium
2125 2543 2273 2610 regni
2303 2543 2792 2611 prmdicaricwpit,
2841 2545 2955 2611 ipse
3000 2559 3216 2611 quoque
3269 2543 3441 2595 Evan—

1891 2629 2014 2697 gelii
2057 2630 2357 2698 discipulus
2404 2630 2684 2696 efﬁcitur;
2731 2633 3183 2701 cognationisque
3241 2632 3316 2685 illi
3373 2647 3441 2684 ac

1891 2721 2172 2787 sanguinis
2231 2721 2616 2774 necessitudini
2678 2721 2861 2776 divino
2924 2737 3106 2775 amore
3163 2722 3439 2790 adjuncto,

1890 2811 2192 2878 puerilique
2252 2811 2480 2864 scientia
2539 2812 2825 2865 adinventa
2869 2828 2991 2880 quae
3044 2814 3280 2880 perfecta
3324 2822 3437 2877 est;

1889 2901 2110 2966 legeque
2139 2901 2448 2968 paedagogo,
2485 2902 2550 2953 ad
2574 2902 2806 2968 Spiritus
2834 2901 2974 2954 facili
3001 2902 3217 2970 negotio
3256 2902 3425 2970 legem

1891 2997 2199 3054 provectus,
2233 3003 2294 3041 ac
2321 2989 2519 3041 mentis
2545 2990 2876 3043 rectitudine
2910 2990 3223 3059 magistrum
3281 2991 3439 3044 intel-

1821 3112 1860 3165 C
1893 3075 2085 3143 ligens,
2117 3085 2422 3143 per‘quam
2468 3077 2662 3129 merito
2726 3077 2913 3144 primae
2961 3077 3089 3130 Jesu
3139 3077 3447 3130 amicorum.

1894 3165 2074 3227 classi,
2116 3180 2384 3233 sacroque
2416 3166 2754 3239 _sublimium
2784 3166 3150 3234 apostolorum
3186 3165 3442 3219 duodena

1892 3256 2059 3308 choro
2080 3265 2416 3309 accensctur.
2707 3263 2711 3266 “

1960 3500 2091 3556 inde
2116 3502 2452 3554 oceultorom
2485 3501 2592 3578 Dei
2640 3502 3015 3572 mysteriorum
3069 3501 3183 3572 ipse
3230 3503 3444 3557 auditor

1893 3605 2239 3660 operumque
2297 3592 2570 3660 inspector
2627 3585 2858 3647 eﬂlci'tur
2908 3611 2921 3646 :
2971 3589 3214 3662 quinim'o
3265 3594 3444 3647 socius

1893 3680 2110 3750 quidem
2161 3697 2222 3735 ac
2263 3693 2463 3750 mystes
2492 3695 2555 3734 ac
2600 3681 2922 3736 'dciﬁcarum
2975 3686 3441 3749 caeremoniarum,

1894 3771 2332 3837 divinior-umque
2400 3779 2645 3838 patrator.
2715 3771 3103 3825 miraculorum
3171 3772 3438 3828 redditur.

1894 3860 2085 3914 Omnia
2103 3860 2249 3913 enim
2273 3870 2392 3927 qua:
2415 3860 2574 3913 Pater
2593 3860 2866 3929 Unigeniti
2902 3876 3125 3915 munere
3180 3863 3442 3930 operaba-

1895 3961 2002 4012 tur,
2039 3949 2152 4001 haec
2181 3949 2271 4002 ille
2285 3957 2485 4002 'rursus
2511 3949 3047 4028 mittensduodecim
3074 3952 3139 4004 ad
3175 3967 3303 4006 oves
3324 3958 3444 4021 qua)

1895 4042 2168 4111 perierant
2217 4041 2409 4093 domus
2450 4041 2684 4103 Israelis,
2735 4048 2897 4108 atque
2932 4040 2996 4093 ad
3038 4042 3288 4110 magnum
3314 4048 3444 4110 gcn~

1898 4133 2029 4203 tium
2051 4124 2405 4199 apostolatuin
2431 4130 2579 4182 velut
2606 4129 2909 4183 rudimento
2926 4132 3205 4194 exercens,
3228 4131 3441 4198 illisque

1897 4231 2082 4280 eomes
2137 4223 2328 4291 spiritu
2387 4220 2609 4279 vadens,
2662 4218 2849 4274 itidem
2900 4221 3248 4288 operabatur.
3306 4220 3440 4275 Cum

1897 4315 2095 4382 quibus
2129 4321 2185 4364 tu
2214 4323 2450 4377 quoque,
2483 4308 2812 4370 beatissime,
2859 4310 3085 4372 missus,
3110 4307 3260 4362 velut
3300 4309 3436 4363 nihil

1595 4398 1670 4490 ὡς
1699 4397 1790 4480 οςς,
1817 4423 1869 4480 1)
1898 4405 2002 4456 illis
2032 4400 2335 4490 sanctitatis
2365 4398 2560 4465 spiritu
2591 4397 2849 4490 deterior,
2876 4407 3070 4490 nactus
3095 4401 3439 4490 potestatem,

1894 4494 2164 4545 daemones
2192 4484 2468 4558 ejlcicbas,
2492 4501 2628 4554 quos
2647 4485 2815 4540 instar
2841 4487 2980 4555 ignis
2999 4483 3079 4540 vis
3111 4479 3294 4557 gratiae
3315 4504 3367 4540 in
3394 4498 3446 4544 te

1895 4577 2077 4631 efﬁcax
2104 4573 2413 4627 incenderet
2454 4585 2616 4639 atque
2647 4572 2895 4641 fugaret‘;
2922 4567 3186 4641 ’leprosos
3219 4566 3444 4628 munda-

1895 4668 2012 4726 bas,
2046 4666 2158 4717 solo
2187 4667 2436 4715 se'rmbne
2464 4677 2527 4715 ac
2580 4661 2850 4716 mittentis
2909 4661 3158 4716 invocato
3223 4664 3442 4718 nomine

1869 4757 2098 4824 -lepram
2117 4753 2454 4822 profligatis;
2503 4758 2747 4806 mortuos
2803 4753 3037 4823 denique
3092 4755 3206 4806 solo
3251 4769 3442 4806 manus

1898 4845 2040 4899 taetu
2074 4854 2232 4911 atque
2281 4838 2537 4911 precibus
2582 4845 2881 4906 suscitans,
2920 4845 3071 4897 czesis
3098 4844 3272 4898 visum
3320 4843 3442 4897 red-

1893 4935 2046 5000 dens,
2073 4934 2298 4988 claudos
2329 4931 2565 5003 erigens,
2600 4943 2920 5001 omnemque
2953 4935 3200 4986 morbum
3235 4950 3296 4987 ac
3321 4950 3443 4986 cor-

1893 5025 2038 5093 poris
2063 5025 2440 5093 mgritudinem
2466 5040 2683 5088 sanans,
2705 5029 2874 5076 tot‘um
2908 5024 2960 5076 in
2999 5033 3049 5078 te
3073 5027 3196 5075 vitae
3223 5038 3440 5074 manere

1890 5128 2195 5167 sermonem
2219 5114 2480 5168 mirandis
2506 5114 2760 5182 operibus
2787 5112 3128 5165 osmndebas.

1963 5420 2200 5473 Primum
2228 5421 2373 5473 hunc
2401 5422 2634 5488 Spiritus
2664 5422 3020 5474 arrhabonem
3046 5435 3108 5471 ac
3138 5417 3318 5486 gratia:
3339 5417 3438 5469 de-

1893 5510 2230 5576 libatioucm,
2281 5511 2607 5580 ejusccmodi
2690 5507 2966 5581 signoruni
3043 5507 3435 5571 exhibitionem

325 5687 614 5744 "Halach.
639 5685 803 5751 n32;
839 5683 998 5739 Hebr.
1033 5702 1070 5750 ι,
1097 5687 1162 5751 3;
1198 5684 1505 5761 Malunt”,
1535 5686 1630 5751 l7;
1663 5685 1792 5740 Luc.
1830 5703 1908 5752 tu,
1937 5691 2022 5746 ‘22.
