3922 6314
521 309 687 386 263Δ

1714 318 1761 377 Ν
1771 315 2005 377 ICETIE
2041 300 2563 375 PAPHIABONIS

3643 308 3755 370 264

519 449 755 498 nactus;
813 443 999 503 postea
1036 447 1167 486 vero
1220 430 1425 487 Christi
1478 430 2070 501 improperiutnsusti

2183 428 2350 493 δειξιν
2378 427 2613 497 εἰληφώς
2636 444 2671 478 ο.
2695 427 2833 497 μετά
2856 426 3030 484 ταῦτα
3060 426 3117 480 δέ
3145 428 3237 480 τὸν
3280 424 3585 495 ὀνειδισμὸν
3629 425 3758 477 ὑπο-

516 520 672 589 iiens,
703 540 765 578 ac
800 540 925 577 cum
957 538 1025 577 eo
1064 524 1155 591 qui
1184 531 1438 591 ageretur
1474 524 1531 577 in
1573 537 1792 583 crucem
1817 521 2079 590 quodam-

515 617 679 687 modo
701 616 847 669 cruci
875 613 1087 677 allixus,
1125 613 1581 683 vitalissimaque,
1603 613 1918 684 dciungenti
1950 627 2077 681 pas-

514 707 667 761 sione
722 705 1034 759 miserantis
1089 705 1273 759 animo
1299 721 1637 774 compassus,
1667 715 1868 760 etcum
1893 719 2077 758 resur-

516 806 673 866 gentc
696 796 1121 859 consuscitatus,
1161 797 1335 866 majus
1369 797 1778 866 perfectiusque
1802 796 2078 866 spiracula

513 885 748 939 aﬂ'usum
780 885 1017 954 Spiritus
1040 886 1242 941 donum
1265 896 1595 943 consecutus
1626 903 1706 942 es.

585 975 775 1029 Postea
834 992 965 1030 vero
996 994 1028 1031 e
1058 988 1204 1032 terra
1232 979 1509 1052 sublatum
1571 980 1806 1049 coelique
1861 977 2079 1052 upsides

516 1074 756 1129 nactum,
776 1078 940 1134 atque
962 1068 1029 1121 ad
1060 1068 1340 1124 caelestem
1372 1071 1592 1124 Patrem
1620 1087 1746 1125 eum
1799 1070 1968 1138 gloria
1997 1084 2079 1122 as-

513 1166 791 1223 sumptum
816 1156 988 1210 iiliuin
1012 1160 1296 1215 contuitus
1333 1177 1414 1215 es.
1445 1162 1584 1214 Tum
1619 1158 1846 1222 :ve‘racis
1883 1175 2075 1229 exspe-

512 1255 656 1299 ctata
738 1249 1146 1316 promissione,
1224 1252 1525 1321 perfectum
1601 1253 1839 1321 Spiritus
1892 1252 2072 1305 aﬂlalu

510 1333 715 1389 donum
740 1337 795 1391 in
818 1340 1102 1395 cteuaculo
1128 1356 1253 1395 cum
1292 1342 1544 1397 undecim
1592 1342 1807 1405 sedens,
1856 1344 1975 1411 ejus
2006 1343 2074 1396 il-

512 1424 667 1491 lapsu
696 1429 987 1497 suscepisti
1019 1431 1190 1497 (velut
1240 1433 1498 1486 nimirum
1536 1435 1731 1488 throno
1759 1432 1942 1503 gloria:
1972 1433 2075 1487 ele-

520 1521 649 1567 Vato
677 1523 840 1585 atque
869 1520 1106 1583 excelso,
1148 1531 1244 1575 aut
1276 1522 1457 1575 divina
1500 1524 1665 1593 regis,
1706 1529 1802 1576 aut
1849 1523 2075 1593 mystico

514 1598 699 1669 adyto.
720 1603 804 1656 vel
828 1615 1018 1659 sancto
1042 1616 1381 1672 sanctorum,
1440 1591 1579 1661 lucis
1628 1591 1930 1679 fulgoribus
1973 1611 2076 1664 itii-

511 1702 670 1745 cante
695 1709 791 1747 seu
823 1694 1053 1749 deformi
1104 1706 1406 1766 praeparato
1472 1702 1676 1762 animo,
1704 1701 1783 1754 sic
1822 1708 2071 1771 prompte

510 1780 578 1832 ad
601 1792 652 1834 te
685 1783 993 1848 venientem
1016 1786 1419 1840 divinissimum
1441 1787 1881 1857 Paracletum“),
1908 1800 2071 1859 atque

510 1870 631 1937 ejus
651 1871 873 1939 quidem
912 1876 1214 1941 praesentia:
1241 1876 1552 1931 vehementi
1593 1879 1775 1932 sonitu
1799 1883 2071 1936 contentis

511 1956 714 2023 nervis,
754 1963 1073 2032 caelestique
1108 1964 1308 2018 virtute
1356 1967 1632 2036 repletus,
1675 1976 1837 2037 atque
1898 1971 2072 2040 igneis

511 2050 709 2120 iiuguis
755 2063 1020 2124 purgatus
1074 2065 1129 2109 et
1182 2056 1449 2124 sapientia
1491 2069 1711 2124 auctus,
1762 2061 2071 2130 plenusque

513 2142 754 2197 veritatis
782 2152 838 2197 et
872 2144 1059 2212 gratia:
1090 2144 1443 2210 ell‘ectus,sic
1493 2154 1551 2199 tu
1604 2161 1825 2217 quoque
1855 2148 1922 2202 ad
1976 2150 2070 2204 de-

513 2230 773 2285 stinatam
806 2231 906 2286 tibi
934 2232 1230 2302 apostolici
1274 2234 1522 2289 muneris
1572 2238 1779 2291 sortem
1829 2239 2072 2295 cucurri-

428 2360 429 2363 η
512 2323 582 2374 sti
620 2324 675 2375 in
696 2323 788 2376 siti
813 2323 879 2376 ³⁷.

577 2410 906 2477 (Incurristi,
936 2422 995 2468 ut
1024 2414 1151 2467 boni
1173 2424 1457 2471 consortes
1487 2432 1829 2483 assumeres;
1862 2430 1923 2473 ut
1952 2435 2073 2474 sca-

512 2501 746 2553 turiente
768 2502 823 2554 in
860 2512 913 2556 te
941 2505 1133 2573 gratia,
1159 2505 1253 2573 qui
1281 2506 1429 2560 illius
1451 2518 1703 2577 expertes
1732 2520 1936 2573 essent,
1962 2511 2075 2563 sin-

509 2588 683 2656 gulari
728 2589 1064 2644 humanitate
1093 2606 1157 2645 ac
1177 2591 1513 2661 benignitate
1561 2595 1890 2663 impartires.
1921 2595 2073 2647 Sicut

509 2679 654 2731 enim
687 2680 931 2747 pluviosa
961 2682 1136 2735 nubes
1167 2684 1321 2751 aquis
1351 2684 1619 2748 conferta,
1652 2700 1753 2738 nec
1783 2685 1877 2738 diu
1908 2699 2069 2753 grave

510 2769 725 2837 pondus
745 2771 1015 2824 sustinere
1030 2772 1237 2836 valens,
1259 2782 1529 2842 ventoque
1551 2782 1859 2828 coarctante
1872 2774 2071 2843 jactata

444 2882 451 2889 ο
510 2870 673 2927 atque
696 2874 1025 2927 compressa,
1042 2862 1477 2941 versantibus_in
1501 2872 1640 2917 terra
1671 2862 1898 2916 imbrem
1920 2878 2073 2931 spar-

510 2949 738 3018 gitzsic
760 2959 816 3004 et
866 2966 1092 3020 magnus
1151 2953 1431 3021 apostolus
1487 2952 1675 3016 Judas,
1730 2953 1936 3006 cmicsti
1984 2954 2073 3007 illa

510 3039 749 3106 Spiritus
777 3041 943 3104 unda,
974 3040 1302 3110 ﬂuentisque
1334 3042 1671 3121 Spiritalibus
1696 3043 1893 3097 eximie
1920 3053 2074 3114 pota-

511 3140 598 3182 tus
625 3138 788 3198 atque
816 3131 1023 3197 ebrius,
1049 3133 1331 3187 iactantem
1378 3132 1586 3209 diutius
1616 3133 1858 3189 animum
1890 3144 2074 3189 tenere

510 3220 792 3288 nequibat.

578 3431 779 3485 Verum
822 3440 1036 3488 terrena
1056 3435 1238 3488 statim
1272 3432 1574 3490 Jerusalem
1623 3452 1874 3507 egressus
1906 3439 2068 3495 ccele-

508 3520 608 3575 stis
639 3521 821 3576 Sionis
866 3537 1029 3578 causa
1077 3540 1141 3578 ac
1181 3534 1297 3579 'um
1344 3525 1412 3578 ad
1457 3527 1779 3594 Aquilonem
1838 3536 1950 3581 tum
2001 3530 2069 3582 ad

507 3611 809 3676 Orientem,
842 3625 1035 3682 agente
1085 3630 1209 3668 eum
1240 3615 1468 3669 Domino
1516 3616 1744 3685 Spiritu,
1768 3628 1954 3687 raptus
1983 3621 2025 3651 ³³
2054 3638 2070 3687 ;

509 3710 729 3770 totaque
778 3704 933 3774 Syria
979 3714 1032 3783 et
1072 3706 1460 3774 Mesopotamia
1505 3717 1777 3774 superata,
1806 3711 2072 3764 sermonis

506 3790 783 3845 doctrinas
808 3792 971 3845 vitam
1006 3793 1313 3862 praebentes
1339 3804 1503 3862 atque
1533 3794 1833 3863 gignentes,
1870 3794 2068 3850 innuit.

506 3880 619 3935 Nec
647 3898 778 3935 vero
823 3891 1078 3952 tauquam
1131 3884 1325 3946 stillas,
1372 3892 1467 3937 aut
1504 3892 1685 3955 guttas
1708 3885 1868 3947 roris,
1902 3895 1962 3939 ut
1992 3887 2072 3940 sic

505 3972 705 4034 dicam.
752 3973 1027 4038 caelestem
1071 3973 1252 4027 inﬂuit
1289 3973 1518 4028 imbrem
1548 3992 1565 4028 :
1621 3974 1713 4030 sed
1746 3976 1895 4045 largo
1921 3977 2068 4030 velut

504 4059 763 4125 ﬂumine,
826 4070 1082 4129 tanquam
1152 4078 1343 4117 revera
1396 4062 1595 4119 ﬂumen
1653 4064 1748 4119 Dei
1800 4066 2065 4135 repletum

502 4149 661 4218 aquis
681 4150 760 4215 “;
783 4150 983 4205 divinis
1005 4152 1226 4221 quidem
1260 4155 1606 4209 sermonibus
1638 4156 1879 4225 gentium
1907 4172 2068 4213 aures

503 4239 559 4292 in
612 4248 892 4307 stuporem
943 4256 1131 4309 agens,
1191 4241 1527 4297 admirandis
1568 4252 1749 4297 autem
1808 4243 2067 4311 operibus

503 4329 692 4383 oculos
747 4330 1104 4386 admiratione
1134 4333 1475 4401 percellens;
1506 4349 1570 4388 ac
1604 4349 1916 4388 sermonum
1946 4334 2066 4402 qui-

504 4420 627 4472 dem
651 4422 876 4475 veritate
910 4437 1137 4489 operum
1158 4422 1572 4491 magniﬁcentia:
1594 4424 1752 4476 [idem
1778 4433 2060 4485 astruens;
2096 4442 2137 4495 ι)

504 4524 729 4576 aperum
768 4525 894 4562 vero
915 4510 1181 4573 claritate,
1208 4526 1523 4565 sermonum
1562 4513 1889 4565 conﬁrmans
1929 4512 2069 4565 veri-

504 4608 670 4651 tatem
698 4616 712 4652 :
739 4606 833 4651 aut
855 4600 1039 4653 verbis
1058 4602 1298 4667 quidem,
1324 4602 1569 4655 veritatis
1604 4601 1781 4652 vivam
1804 4600 2070 4656 divinam-

501 4705 608 4758 que
650 4689 1042 4758 praestantiam,
1070 4690 1330 4745 inauditis
1362 4706 1491 4744 vero
1528 4688 1805 4756 Operibus,
1840 4705 2065 4759 operum

500 4787 692 4831 natura
714 4779 1057 4848 superiorum
1088 4779 1406 4850 dignitatem
1431 4779 1628 4832 anitnis
1657 4780 2062 4846 commendans,

499 4870 785 4936 utriusque
832 4868 1110 4938 Evangelii
1174 4871 1486 4932 veritatem,
1545 4868 1917 4937 dignissimam
1974 4871 2062 4925 cui

502 4956 632 5010 ﬁdes
658 4957 1034 5024 adhiberetur,
1056 4959 1312 5028 gentibus
1348 4957 1614 5021 tradebat,
1642 4973 1707 5011 ac
1737 4972 1915 5012 rerum
1938 4960 2062 5029 qui-

498 5047 621 5100 dem
654 5058 864 5113 natura,
921 5050 988 5104 ad
1048 5065 1241 5104 eorum
1298 5064 1419 5116 qua:
1473 5058 1724 5101 naturam
1782 5058 2060 5117 superant,

500 5132 825 5205 agnitionem
867 5139 1136 5207 iidemque
1198 5137 1531 5191 suadendam
1566 5153 1716 5201 usus,
1773 5153 2064 5208 rerumque

502 5225 572 5276 ob
602 5227 785 5281 oculos
834 5230 1134 5298 positarum
1186 5226 1472 5295 exemplis,
1523 5225 1590 5280 ad
1632 5226 1726 5280 Dei
1764 5227 1855 5293 qui
1916 5234 2063 5288 cerui

498 5314 667 5368 oculis
696 5332 800 5371 non
832 5328 1027 5385 potest,
1087 5316 1500 5386 intelligentiam
1534 5332 1698 5370 manu
1738 5318 1959 5379 ducens,
1999 5333 2061 5372 ac

498 5404 755 5473 seipsum,
785 5410 849 5461 ad
894 5410 1013 5474 ejus
1049 5407 1143 5475 qui
1194 5410 1613 5477 praedicabatur,
1644 5405 1847 5461 Cliristi
1898 5406 2055 5459 ﬁdem

2183 520 2327 588 σχὼν
2345 518 2439 571 τοῦ
2465 517 2725 588 Χριστοῦ,
2756 519 2850 571 καί
2899 519 3021 571 τινά
3041 520 3088 570 οἱ
3116 518 3317 585 τρόπον
3361 517 3759 588 σταυρουμὲνῳ

2181 610 2581 679 συσταυρωθείς
2626 625 2643 641 ο
2714 611 2808 663 καὶ
2869 609 2930 662 τὸ
2985 606 3445 678 ζωαρχικὼτατον
3512 610 3759 678 πασχόν-

2180 716 2233 751 τι
2314 699 2483 760 πάθος
2557 696 2955 767 συμπεπονθοὲκ
3006 712 3022 728 θ
3076 696 3172 749 καὶ
3222 694 3570 765 ἀνισταμένῳ
3631 714 3759 748 συν-

2179 789 2440 863 αναστάς,
2468 789 2572 857 τῆς
2610 788 2861 859 μείζονος
2889 790 2983 842 καὶ
3010 788 3348 857 τελειοτέρας
3376 787 3471 841 τοῦ
3499 788 3759 860 Πνεῦμα-

2178 896 2266 944 τος
2295 883 2373 951 τῷ
2398 881 2751 951 ἐμφυσήματι
2773 879 3077 949 τετύχηκας
3099 881 3327 949 δωρεάς.

2243 974 2397 1026 Μετὰ
2417 972 2590 1026 ταῦτα
2613 973 2691 1037 δὲ,
2725 973 2823 1041 τῆς
2855 970 2960 1039 γῆς
2987 971 3086 1040 μὲν
3118 964 3504 1041 ἐπαιρόμενον,
3526 969 3623 1023 τοῦ
3657 971 3755 1024 οὒ-

2181 1060 2343 1130 ρανοῦ
2380 1061 2437 1114 δέ
2488 1061 2596 1113 τῶν
2619 1060 2826 1136 ἀψίδων
2873 1058 3403 1128 ἐπιλαμϐανόμενον,
3456 1061 3558 1112 καὶ
3604 1059 3751 1130 πρὸς

2178 1153 2268 1207 τὸν
2286 1145 2549 1223 ὀὐράνιον
2584 1153 2805 1221 Πατέρα
2823 1152 2914 1206 τὸν
2930 1152 3056 1204 Υίὸν
3081 1151 3220 1219 μετά
3251 1151 3409 1220 δόξης
3434 1151 3755 1221 ἀναλαμϐα-

2178 1241 2736 1312 νόμενοντεθεαμένος
2755 1258 2771 1273 ο
2805 1238 2945 1306 εἶτα,
2970 1240 3071 1309 τὴν
3098 1239 3424 1307 ἐπαγγελίαν
3448 1239 3544 1294 τοῦ
3577 1242 3755 1310 ἀψευ-

2174 1334 2300 1398 δοῦς
2358 1333 2744 1403 ἐκδεδεγμένος
2778 1373 2795 1397 ,
2858 1333 2960 1402 τὴν
3022 1331 3237 1386 τελείαν
3283 1334 3379 1384 τοῦ
3427 1334 3753 1405 Πνεύματος

2176 1427 2480 1497 ἐνέργειαν,
2511 1428 2570 1479 ἐν
2599 1426 2833 1497 ὑπερὼῳ
2864 1431 2973 1490 τοῖς
3026 1430 3219 1482 ἕνδεκα
3251 1426 3746 1497 συγκαθεζόμενος,

2174 1518 2464 1587 οὐρανόθεν
2490 1502 2887 1588 ἐφαλλομένην
2918 1518 3162 1582 ὑπεδὲξω
3196 1534 3211 1550 ⁸
3261 1512 3349 1571 οἷα
3404 1518 3512 1589 γάρ
3559 1519 3753 1589 θρόνον

2174 1607 2329 1676 δόξης
2358 1609 2667 1679 ἐπηρμένον
2717 1609 2811 1661 καὶ
2864 1608 3121 1679 ὑψηλὸνῆ
3171 1608 3312 1661 θεῖον
3363 1609 3682 1679 ἀνάκτορον,
3712 1610 3750 1679 ἢ

2178 1698 2438 1767 μυστικὸν
2469 1700 2681 1764 ἄδυτον,
2711 1699 2744 1767 ἢ
2778 1699 2930 1765 ἅγιον
2967 1698 3159 1764 ἀγίων,
3182 1701 3283 1768 τὴν
3312 1699 3577 1769 φωτοειδῆ
3608 1716 3751 1769 καρ-

2106 1770 2147 1823 B
2174 1791 2312 1855 δίαν,
2343 1792 2462 1860 ἢτοι
2488 1790 2665 1859 θοειδῆ
2690 1789 3381 1859 προπαρασκευασάμενος,
3405 1789 3580 1850 οὕτως
3606 1790 3751 1841 ἐτοί-

2167 1872 2289 1951 ’μως
2327 1883 2473 1935 ἰόντα
2511 1883 2660 1951 παρά
2690 1881 2748 1933 σὲ
2776 1880 2866 1932 τὸν
2892 1878 3335 1949 θεαρχικώτατον
3386 1880 3751 1949 Παράκλητον

2172 1976 2266 2027 καὶ
2298 1976 2364 2043 τῇ
2397 1974 2495 2043 μὲν
2510 1972 2659 2042 βιαίᾳ
2688 1972 2880 2024 τούτου
2904 1970 3001 2039 τῆς
3026 1971 3326 2040 παρουσίας
3342 1973 3447 2041 ὴχῇ
3466 1972 3746 2034 τονωθεὶς,

2128 2080 2131 2082 ·
2169 2066 2557 2133 ταίςπυρίναις
2584 2063 2639 2116 δὲ
2692 2062 2962 2129 γλώσσαις
3012 2060 3306 2131 καθαρθείς
3331 2078 3393 2114 τε
3444 2061 3540 2114 καὶ
3587 2078 3750 2129 σοφι-

2175 2155 2343 2220 σθεὶς,
2389 2153 2484 2206 καὶ
2536 2154 2747 2222 πλήρης
2801 2151 3059 2220 ἀληθείας
3085 2151 3177 2203 καὶ
3206 2152 3425 2220 χάριτος
3478 2151 3787 2218 γεγονὼς,¹

2172 2243 2316 2298 οὕτω
2343 2243 2439 2297 καὶ
2457 2242 2619 2306 αὐτὸς
2646 2241 2782 2311 πρὸς
2800 2241 2893 2293 τὸν
2914 2241 3297 2311 ἀφωρισμένον
3323 2257 3405 2293 σοι
3428 2240 3630 2309 κλῆρον
3646 2240 3748 2309 τῆς

2173 2336 2473 2405 ἀποστολῆς
2502 2335 2735 2406 ἔδραμες
2764 2335 2823 2387 ἐν
2838 2334 3002 2403 δίψει.

2246 2425 2541 2496 Ἕδραμες,
2562 2424 2701 2477 ὥστε
2722 2422 2815 2476 τοῦ
2837 2423 3045 2491 ἀγαθοῦ
3066 2423 3402 2494 παραλαϐεῖν
3427 2426 3743 2489 κοινωνούςο

2174 2516 2314 2568 ὥστε
2343 2519 2454 2579 τοῖς
2484 2515 2731 2584 ἀμοίροις
2759 2514 2859 2583 τῆς
2896 2516 2955 2567 ἐν
3004 2515 3090 2569 σοὶ
3130 2515 3484 2585 πηγαζούσης
3522 2519 3748 2587 χάριτος

2174 2606 2444 2674 ὑπερϐολῇ
2467 2605 2787 2674 μεταδοῦναι
2806 2602 3211 2674 φιλανθρωπίας
3232 2608 3325 2658 καὶ
3350 2606 3745 2676 χρηστότητος.

2174 2696 2438 2763 Καθάπερ
2460 2695 2567 2764 γὰρ
2591 2694 2926 2763 όμϐροτόκος
2958 2694 3161 2762 νεφέλη
3190 2694 3285 2747 τοῦ
3337 2694 3529 2758 ὕδατος
3579 2713 3751 2767 μεμε-

2174 2782 2445 2851 στωμένη,
2475 2781 2567 2833 καὶ
2598 2781 2659 2834 τὺ
2689 2780 2854 2851 βάρος
2886 2780 3155 2850 διανέχειν
3185 2782 3278 2833 ἐπὶ
3315 2783 3448 2837 πολὺ
3483 2784 3559 2854 μὴ
3581 2785 3747 2839 δυνα-

2177 2873 2335 2943 μένη,
2372 2872 2449 2941 τῷ
2481 2874 2759 2942 συνέχοντι
2808 2872 2862 2925 δέ
2890 2872 3159 2942 πνεύματι
3191 2873 3465 2943 φερομένη
3498 2877 3590 2928 καὶ
3618 2894 3748 2930 συν-

2176 2959 2489 3032 θλιϐομένη,
2549 2962 2641 3014 τὸν
2692 2960 2844 3013 ὑετὸν
2870 2961 3166 3024 ἀποστάζει
3214 2964 3327 3025 τοῖς
3359 2962 3452 3015 ἐπὶ
3484 2964 3581 3033 τῆς
3604 2970 3744 3036 γῆς’

2176 3050 2319 3104 οὕτω
2366 3052 2459 3105 mi.
2490 3054 2518 3105 ό
2550 3053 2722 3121 μέγας
2752 3052 3044 3115 ἀπόστολος
3081 3052 3301 3118 Ἰούδας,
3337 3056 3433 3125 τῆς
3483 3058 3748 3128 οὐρανίας

2175 3144 2389 3213 ἐκείνης
2422 3145 2755 3213 πλημμύρας
2783 3144 2877 3197 τοῦ
2901 3143 3229 3212 Πνεύματος,
3262 3147 3356 3198 καὶ
3401 3147 3507 3199 τῶν
3536 3151 3747 3218 νοητῶν

2178 3234 2410 3303 ῥείθρων
2449 3236 2738 3309 ὕπερφυῷς
2794 3233 3104 3305 μεθυσθεὶς,
3140 3236 3240 3305 οὐχ
3289 3230 3398 3299 οἷός
3432 3255 3489 3292 τε
3536 3234 3606 3309 ἦν
3648 3242 3745 3293 ἐπι

2175 3324 2357 3377 πλεῖον
2384 3307 2789 3395 ἐγκυμονοῦἇαν
2821 3326 2917 3397 τὴν
2942 3329 3177 3382 διάνοιαν
3198 3334 3513 3399 κατασχεῖν.

2254 3415 2413 3468 Ἀλλά
2449 3418 2546 3483 τὴν
2596 3418 2837 3483 ἐπίγειον
2902 3419 3062 3483 εὐθὺς
3124 3419 3476 3490 Ἰερουσαλὴμ
3516 3422 3604 3474 διά
3640 3424 3747 3492 τὴν

2169 3505 2416 3575 οὐράνιον
2437 3506 2571 3560 Σιὼν
2599 3507 2849 3572 ἐξελθὼν,
2884 3510 2978 3561 καὶ
3012 3510 3148 3579 πρὸς
3179 3511 3388 3578 Βορρἄ
3413 3528 3470 3563 τε
3504 3514 3596 3565 καὶ
3625 3514 3743 3565 Ἕω

2170 3597 2258 3648 διά
2292 3596 2383 3649 τοῦ
2409 3598 2631 3663 ἄγοντος
2661 3597 2820 3649 αὑτὸν
2841 3599 3043 3667 Κυρίου
3075 3600 3370 3667 φερόμενος
3400 3601 3741 3671 [Iustina-roc-

2172 3686 2268 3737 καὶ
2301 3688 2480 3738 πᾶσαν
2531 3686 2728 3753 Συρίαν
2767 3689 2858 3739 καὶ
2896 3689 2991 3757 τὴν
3046 3690 3474 3759 Μεσοποταμίαν
3523 3691 3740 3755 διαϐὰς,

2170 3776 2381 3827 ἐπινάει
2408 3778 2504 3844 μὲν
2551 3777 2735 3838 αὐτοῖς
2767 3778 2865 3838 τὰς
2912 3777 3291 3849 ζωοπαρόχους
3330 3780 3425 3833 τοῦ
3454 3781 3613 3848 λόγου
3644 3785 3742 3836 xa‘t

2171 3864 2470 3931 ζωογόνους
2517 3866 2770 3934 διδαχάς·
2803 3868 2862 3919 οὑ
2912 3868 3052 3929 κατά
3092 3870 3330 3937 ψεκάδας
3370 3870 3427 3923 δὶ
3463 3872 3557 3924 καὶ
3584 3873 3743 3941 δροσ-

2168 3954 2345 4019 ώδεις,
2366 3956 2442 4019 ὡς
2470 3959 2663 4020 εἰπεῖν,
2697 3962 2986 4024 σταγόνας,
3009 3960 3100 4011 τὸν
3119 3960 3367 4030 οὐράνιον
3396 3962 3599 4032 δμσρον
3624 3966 3745 4032 ἐπ.

2168 4048 2308 4110 νάει,
2337 4048 2644 4116 ποταμηδδν
2672 4048 2748 4112 δέ,
2785 4048 2860 4110 ὡς
2886 4049 2966 4117 τῷ
3002 4049 3114 4102 ὄντι
3144 4051 3383 4119 ποταμὸς
3428 4050 3504 4103 ὣν
3528 4031 3743 4107 ὑδάτων

2166 4136 2301 4190 Θεοῦ
2363 4138 2822 4210 πεπληρωμένος·
2883 4137 3060 4208 λόγοις
3115 4142 3215 4209 μὲν
3267 4142 3429 4205 θείοις
3480 4146 3581 4207 τάς
3628 4143 3743 4197 τῶν

2167 4229 2336 4282 ἐθνῶν
2360 4230 2527 4291 ἀκοὰς
2554 4229 2799 4296 ἐξιστῶν,
2824 4231 3004 4299 ἔργοις
3034 4231 3089 4282 δὲ
3120 4231 3440 4299 θαυμασίοις
3473 4233 3570 4293 τάς
3602 4234 3741 4301 ὁρά-

2168 4338 2280 4383 σεις
2309 4321 2627 4390 ἐκπλήττων
2656 4322 2751 4374 καὶ
2801 4321 3095 4389 ἐκθαμὸὦν
3114 4336 3126 4349 ⁸
3160 4323 3251 4373 καὶ
3277 4324 3344 4391 τῇ
3374 4321 3601 4393 ἀληθείᾳ
3635 4323 3740 4392 μὲν

2165 4410 2272 4462 τῶν
2302 4411 2475 4477 λόγων
2512 4411 2610 4479 τὴν
2641 4412 2749 4462 τῶν
2787 4410 2961 4479 ἔργων
3002 4411 3394 4480 μεγαλειότητα
3438 4412 3742 4480 πιστούμε-

2166 4519 2275 4563 νος,
2317 4506 2384 4569 τῇ
2418 4502 2757 4570 λαμπρότητι
2779 4502 2834 4553 δὲ
2864 4501 2971 4553 τῶν
3012 4503 3185 4570 ἔργων
3214 4502 3274 4555 τὸ
3312 4504 3600 4573 είλικρινές
3628 4506 3740 4557 τῶν

2166 4592 2337 4659 λόγων
2369 4592 2751 4660 βεϐαιούμενος
2770 4606 2783 4619 θ
2821 4592 2853 4660 ἢ
2883 4591 3061 4659 λόγοις
3099 4593 3196 4659 μὲν
3230 4593 3289 4644 τὸ
3333 4593 3427 4645 τοῦ
3453 4592 3611 4661 λόγου
3638 4596 3738 4664 τῆς

2165 4683 2419 4751 ἀληθείας
2454 4683 2821 4753 καινοπρεπὲς
2856 4686 2948 4735 καὶ
2986 4679 3307 4752 θεοπρεπὲς,
3333 4685 3513 4755 ἐργοις
3538 4685 3595 4736 δέ
3626 4702 3738 4737 πα-

2168 4772 2399 4842 ραδόξοις
2455 4774 2522 4825 τά
2568 4772 2675 4825 τῶν
2728 4773 2901 4841 ἔργων
2957 4774 3207 4842 ὑπερφυῆ
3254 4775 3629 4844 πληροφοριῖη,
3668 4775 3736 4826 δι’

2166 4864 2489 4932 ἀμφοτέρων
2522 4865 2620 4931 τὴν
2650 4863 2907 4931 ἀληθειαν
2930 4863 3025 4915 τοῦ
3054 4864 3383 4931 Εὑαγγελίου
3407 4866 3518 4923 τοῖς
3549 4866 3734 4919 ἐθνεσι

2168 4956 2497 5025 πιστοτάτην
2531 4954 2811 5023 παρεδίδου
2833 4969 2847 4983 '
2874 4953 2969 5007 καὶ
2995 4957 3061 5023 τῇ
3095 4956 3254 5021 φύσει
3292 4955 3390 5023 μὲν
3420 4954 3529 5005 τῶν
3563 4955 3737 5008 ὄντων

2170 5044 2305 5114 πρὸς
2342 5045 2438 5116 τὴν
2473 5045 2579 5097 τῶν
2606 5044 2744 5114 ὑπὲρ
2775 5044 2934 5110 φύσιν
2960 5045 3158 5110 γνῶσιν
3188 5046 3280 5095 καὶ
3310 5045 3492 5097 πίστιν
3511 5045 3735 5115 χρώμε-

2171 5155 2255 5199 νος
2286 5135 2484 5204 ὁδηγῷ,
2516 5136 2609 5187 καὶ
2650 5136 2706 5184 ἐν
2735 5135 3094 5203 ὑποδείγμασι
3121 5137 3232 5196 τοῖς
3261 5135 3555 5202 ὁρωμένοις
3593 5137 3736 5207 πρὸς

2169 5227 2267 5296 τὴν
2288 5226 2381 5278 τοῦ
2410 5226 2635 5290 ἀοράτου
2669 5224 2800 5277 Θεοῦ
2847 5224 3171 5293 κατανόησιν
3222 5223 3603 5293 χειραγωγῶν·
3650 5227 3730 5276 εί-

2168 5319 2298 5370 κόνα
2336 5316 2393 5367 δὲ
2428 5315 2616 5367 ἐαυτὸν
2646 5316 2779 5383 πρὸς
2811 5314 2908 5382 τὴν
2944 5314 3036 5364 τοῦ
3091 5314 3494 5383 κηρυττομένου
3545 5316 3732 5367 πίστιν

2167 5404 2593 5473 προϐαλλόμενος
2630 5404 2889 5472 Χριστοῦ,
2912 5403 3053 5456 οὕτω
3083 5407 3223 5457 κατὰ
3256 5406 3447 5473 μικρὸν
3477 5404 3610 5471 πρὸς
3631 5405 3731 5472 τὴν

499 5495 842 5551 simulacrum
862 5498 1131 5565 quoddam
1162 5515 1491 5570 proponens,
1518 5501 1597 5553 sic
1627 5496 1885 5567 paulatim
1907 5497 2053 5550 omni

2175 5495 2258 5560 τῆς
2278 5492 2531 5559 ἀληθείας
2552 5492 2843 5560 ἐπίγνωσιν
2866 5493 2987 5558 τοὺς
3002 5494 3355 5564 ἀναισθήτους
3380 5490 3501 5563 ἦγε·
3526 5492 3728 5546 πείθων

545 5673 585 5704 ³⁸
621 5674 721 5728 Isa.
748 5688 822 5731 Vt.
851 5674 898 5727 Ι.
975 5675 1019 5706 ³¹
1046 5674 1183 5730 Psal.
1214 5694 1317 5736 th,
1345 5678 1393 5727 fi.
1472 5678 1515 5707 ⁸³
1554 5676 1595 5729 ll
1626 5676 1753 5730 Cor.
1788 5691 1863 5740 ist,
1897 5675 1981 5728 Π.

2060 5673 2123 5742 ,⁸⁵
2148 5669 2287 5727 l’sal.
2325 5685 2463 5736 ιιιν,
2482 5666 2580 5741 ⁸ίί).
