3922 6314
117 396 206 470 265
880 380 1156 440 ORATIO
1192 380 1334 437 XIII
1391 402 1456 410 -
1495 377 1569 434 IN
1616 375 1918 434 LAUDEM
1959 375 2015 432 S.
2061 373 2270 432 Π]οΕ
2308 372 2555 430 APOST.
3225 371 3330 431 266

109 498 355 568 οὐρανὸν
380 496 492 565 μὲν
530 495 622 546 καὶ
665 494 839 559 ἣλιον
880 492 975 544 καὶ
1022 491 1162 553 τοὺς
1198 487 1482 552 ἀστέρας’
1518 486 1658 548 ἀέρα

1777 482 2054 536 ᾳίιιειίῐυιοε
2084 496 2246 534 sensu
2301 480 2365 533 ad
2397 478 2641 532 veritatis
2665 476 2999 547 agnitionem
3046 474 3282 527 ducebat
3315 492 3326 524 :

106 567 419 651 τείτοῦτον,
476 586 570 642 καὶ
610 587 714 636 τὸν
745 583 894 648 ὑπὲρ
940 583 1123 634 αὑτὸν
1173 579 1406 645 αἰθέρα·
1447 576 1564 644 γῆν
1593 590 1654 625 τε

1784 588 1953 641 tempe
1976 571 2209 625 suadens
2229 570 2433 633 artum,
2450 569 2630 630 solem,
2651 567 2856 630 stellas,
2879 569 3114 634 huncque
3137 581 3333 626 aerem,

108 683 191 735 καὶ
210 679 545 736 θάλασσαν.
565 675 660 727 καί
694 675 809 726 ὅσα
839 689 905 741 γε
931 672 1155 735 τούτοις
1175 669 1475 738 ἐμπέφυκε
1501 665 1653 734 φυτὰ

1784 674 1916 732 itque
1943 663 2022 716 illi
2046 665 2365 731 superiorem
2398 663 2593 714 tet/tera
2621 678 2638 725 ;
2673 668 2972 725 terramque
2995 668 3041 711 et
3082 673 3248 720 mare,
3283 665 3333 708 et

108 770 192 822 καί
215 766 346 832 ζῶα,
376 764 572 818 πάντα
608 761 817 816 κτιστὰ
852 778 912 814 τε
939 761 1036 814 καὶ
1077 759 1266 814 δοῦλα
1298 754 1654 810 καθεστάναι

1783 771 1873 805 mw
1911 756 1964 805 in
1985 756 2058 805 eis
2109 763 2404 814 versantur,
2447 769 2508 804 ac
2530 753 2704 804 vivunt
2742 749 2960 820 plantat,
2992 757 3040 800 et
3072 747 3332 801 animalia

107 859 198 913 τοῦ
238 857 310 910 τὰ
355 854 549 908 πάντα
583 852 1132 922 δημιουργήσαντος
1172 848 1350 901 Θεοῦ·
1405 847 1553 899 Θεὸν
1589 844 1655 895 δὲ

1781 853 1939 897 uncta
1962 851 2161 905 creata,
2188 859 2249 895 ac
2269 843 2361 894 Dei
2382 844 2645 910 mancipia
2677 857 2805 904 esse,
2836 841 2924 908 qui
2956 841 3185 891 condidit
3215 856 3330 891 om-

107 947 312 998 τούτων
349 944 575 996 οίεσθαι
619 940 832 1010 μηδὲν,
868 941 953 992 ὅτι
997 939 1289 994 ἀλλοιωτὰ
1338 937 1520 990 ταῦτα
1557 935 1654 989 καὶ

1782 937 1866 998 ria,
1891 951 1953 987 ea:
1976 936 2052 987 his
2072 934 2275 986 nullum
2305 934 2670 987 arbitrandum
2709 933 2896 995 Deum,
2924 931 3061 1002 quod
3081 933 3331 984 nimirum

108 1033 342 1104 φθαρτὰ,
360 1031 458 1098 καὶ
483 1029 807 1098 ὑπηρετικὰ
829 1029 938 1094 τῆς
961 1030 1028 1082 ἐν
1051 1029 1251 1096 κόσμῳ
1271 1024 1349 1091 τῷ
1371 1024 1655 1093 ἀνθρώπῳ

1780 1035 1857 1078 sta
1903 1026 2067 1078 aliam
2100 1042 2161 1077 ex
2188 1025 2295 1078 alia
2341 1025 2651 1094 qualitatem
2675 1031 2894 1084 mutent,
2931 1024 3137 1086 sintque
3165 1025 3329 1074 inter-

108 1125 323 1179 δέδοται
381 1121 560 1190 ζωῆς’
602 1119 698 1174 καὶ
756 1120 860 1173 τοῦ
901 1118 1212 1186 ἀνθρώπου
1269 1117 1416 1170 κατὰ
1465 1118 1652 1184 φύσιν

1781 1117 1903 1168 tioni
1934 1114 2157 1168 obnoxia
2187 1131 2203 1178 ;
2257 1116 2383 1166 data
2413 1114 2606 1166 scilicet
2652 1112 2706 1166 in
2739 1112 3025 1164 subsidium
3065 1114 3330 1175 humanm,

111 1219 266 1285 ἥττω,
294 1214 382 1268 ὅτι
405 1230 469 1269 τε
487 1214 671 1282 λόγου
693 1211 924 1280 ἄμοιρα,
958 1210 1054 1262 καί
1085 1208 1174 1261 ὅτι
1205 1207 1278 1260 δι’
1315 1206 1572 1259 ἐκεῖνον·
1603 1209 1652 1258 εὶ

1784 1222 1913 1257 'uam
1945 1208 1998 1256 in
2029 1206 2219 1256 mundo
2249 1207 2470 1274 agimus,
2523 1205 2642 1256 vita:
2671 1219 2687 1256 :
2727 1217 2934 1272 esseque
2992 1210 3191 1254 natura
3240 1205 3333 1254 ho-

108 1305 206 1362 οὖν
229 1305 454 1371 ἐκεῖνος
481 1307 552 1358 οὐ
580 1304 742 1368 Θεὸς,
777 1300 1011 1356 πολλοῦ
1037 1299 1131 1353 δεῖ
1155 1300 1225 1352 τὰ
1252 1300 1422 1366 χείρω
1441 1297 1650 1375 τούτου

1783 1297 1894 1348 nine
1920 1296 2200 1357 deteriora,
2253 1296 2388 1363 quod
2429 1301 2644 1347 careant
2685 1295 2910 1354 ratione,
2945 1307 3008 1344 ac
3051 1293 3156 1344 sint
3186 1292 3332 1345 illius

111 1398 267 1462 θεοὺς
297 1394 676 1464 προσειπεῖν·
715 1388 891 1457 οὗτος
919 1391 987 1444 δὲ
1023 1392 1203 1458 μόνος
1231 1387 1466 1454 ἀληθῶς
1487 1387 1649 1450 Θεὸς,

1787 1401 1935 1438 ausa.
1982 1383 2118 1438 Cum
2150 1386 2310 1454 igitur
2343 1400 2405 1436 ne
2449 1387 2599 1436 homo
2639 1384 2844 1453 quidem
2870 1384 2937 1435 sit
2956 1382 3129 1447 Deus,
3182 1383 3336 1453 longe

106 1491 134 1542 ό
156 1489 231 1557 μὴ
283 1489 397 1540 ὑπό
432 1503 596 1549 τινος
627 1485 953 1551 γινόμενος,
987 1484 1075 1535 ἀεί
1109 1481 1174 1532 δὲ
1203 1480 1285 1532 ὧν
1305 1495 1317 1508 ⁸
1347 1505 1349 1512 ·
1376 1481 1408 1531 ό
1428 1479 1510 1545 μὴ
1546 1477 1652 1542 δη-

1791 1474 2018 1536 bhorret,
2062 1485 2116 1526 ut
2175 1490 2290 1543 qua:
2319 1474 2412 1526 illo
2433 1474 2694 1526 deteriora
2725 1482 2868 1536 sunt,
2918 1474 3039 1526 deos
3068 1489 3336 1543 nuncupe-

103 1578 565 1647 μιουρτούμενος,
589 1574 660 1627 τὰ
682 1572 875 1625 πάντα
894 1571 1077 1624 ποιῶν
1091 1570 1158 1624 δέ
1177 1586 1188 1598 ’
1209 1574 1240 1623 ό
1263 1569 1349 1637 μὴ
1371 1568 1652 1621 ἀλλοιού-

1784 1581 1889 1617 ιιιδ.
1927 1565 2023 1617 Hic
2046 1575 2222 1618 autem
2250 1564 2390 1616 solus
2434 1580 2552 1618 vere
2595 1564 2731 1616 Deus
2761 1573 2856 1626 est,
2893 1565 2983 1632 qui
3010 1581 3042 1617 a
3071 1563 3219 1617 nullo
3241 1565 3333 1626 sit,

105 1682 267 1732 μενος
301 1665 341 1731 ἢ
367 1665 746 1732 τρεπόμενος,
775 1658 1100 1725 ὢνόαὺτὸς
1121 1659 1211 1713 ἀεὶ
1241 1657 1431 1710 δὲ’καί
1459 1655 1652 1708 πάντα

1789 1664 1799 1706 t
1854 1663 1930 1707 est
1980 1671 2202 1723 semper.
2251 1654 2350 1718 Qui
2399 1657 2508 1724 ipse
2561 1654 2706 1708 nullo
2734 1665 2946 1708 auctore
2967 1666 3195 1718 creatus,
3247 1656 3338 1709 sed

106 1753 286 1817 κινῶν,
327 1755 422 1806 καὶ
454 1750 738 1814 ἀλλοιῶν,
771 1749 868 1802 καὶ
886 1748 1363 1818 μετασκευάζων.

1785 1753 1896 1798 reat
1930 1746 2035 1814 ipse
2061 1746 2270 1807 omnia;
2296 1747 2384 1814 qui
2409 1762 2498 1798 nec
2519 1745 2776 1816 qualitate
2796 1737 2938 1812 'ulla,
2968 1762 3061 1799 nec
3088 1747 3334 1799 substan-

107 1848 168 1899 tia
192 1855 441 1910 mutatur,
472 1845 561 1900 sed
581 1861 785 1914 semper
814 1846 947 1899 ident
967 1847 1076 1915 ipse
1114 1853 1208 1906 est,
1250 1849 1515 1909 monetque
1543 1840 1739 1903 omnia,
1768 1851 1932 1906 exque
1953 1837 2063 1890 alia
2126 1838 2180 1890 in
2217 1838 2381 1890 aliam
2432 1837 2742 1907 qualitatem
2803 1837 3074 1902 convertit,
3137 1845 3338 1892 mutat-

116 1955 200 2009 que
227 1938 544 1992 substantia.
572 1934 576 1937 ’

167 2027 379 2082 τοῦτον
406 2027 555 2081 Θεὸν
573 2025 792 2080 εἰδέναι
815 2025 903 2079 δεῖ
926 2026 1117 2094 μόνον
1144 2023 1241 2076 καὶ
1266 2021 1650 2092 προσκυνεῖν·
1684 2027 1716 2086 ﬂ

1824 2020 1976 2073 Hunc
1999 2021 2166 2074 solum
2199 2021 2512 2074 noscendum
2543 2021 2710 2075 Deum
2743 2031 2792 2074 et
2835 2024 3208 2079 adorandum:
3247 2043 3334 2080 so-

103 2121 267 2186 μόνος
289 2122 398 2185 τὰρ
428 2117 589 2188 ἅγιος
613 2119 810 2185 φύσει,
833 2117 1019 2184 μόνος
1047 2113 1266 2181 ἀγαθὸς
1297 2112 1396 2165 καὶ
1422 2111 1649 2175 δίκαιος

1788 2127 1831 2162 ιδ
1864 2112 2000 2162 enim
2035 2110 2230 2164 natura
2259 2121 2493 2175 sanctus,
2527 2112 2670 2165 solus
2691 2113 2852 2166 bonus
2876 2123 2926 2167 et
2963 2115 3143 2183 justus
3173 2126 3222 2168 et
3247 2134 3337 2170 sa-

104 2209 186 2261 καί
214 2210 403 2276 σοφὸς
431 2247 447 2272 ,
504 2206 575 2271 ἐξ
627 2201 699 2262 οὗ
729 2204 896 2260 πᾶσα
932 2204 1119 2272 σοφία
1154 2202 1251 2256 καὶ
1275 2201 1648 2267 δικαιοσύνη,

1787 2201 1917 2263 iens,
1964 2215 2027 2252 ex
2074 2216 2176 2270 quo
2223 2201 2389 2253 omnis
2416 2202 2676 2269 sapientia
2708 2210 2755 2271 et
2799 2203 3034 2273 justitia,
3065 2207 3336 2276 omnisque

107 2298 186 2349 καί
206 2296 371 2352 πᾶσα
391 2295 633 2365 πηγάζει
662 2295 998 2364 χρηστότης
1040 2293 1138 2347 καὶ
1173 2281 1473 2361 ἁγιωσύνη
1495 2308 1508 2322 ·
1544 2293 1653 2360 μό-

1784 2290 1952 2367 onitas
1977 2299 2026 2342 et
2051 2291 2306 2344 sanctitas
2336 2300 2538 2344 manat.
2571 2290 2725 2346 Solus
2759 2294 2840 2346 hic
2864 2302 3063 2359 potens,
3104 2311 3166 2349 ea
3187 2298 3332 2350 scili-

104 2403 195 2449 νος
228 2381 403 2452 οὗτος
440 2385 715 2449 δυνατὸς,
746 2386 824 2448 ὠς
864 2383 1039 2435 παντί
1090 2382 1372 2450 θελήματι
1397 2381 1651 2449 σύνδρο-

1781 2389 1827 2433 et
1853 2381 2060 2456 pollens
2079 2389 2351 2451 potestate,
2369 2399 2486 2452 qua:
2503 2400 2710 2436 omnem
2728 2384 3052 2439 voluntatem
3075 2398 3330 2455 equuet.

101 2491 202 2539 μον
242 2474 498 2542 δύναμιν
565 2471 1028 2526 καταπλουτῶν·
1096 2472 1365 2539 ἐλεήμων
1423 2488 1486 2523 τε
1556 2469 1650 2524 καὶ

1784 2473 1906 2525 {olus
1930 2474 2208 2526 miserator
2234 2490 2296 2526 ac
2325 2474 2641 2538 misericors,
2686 2475 2796 2544 ipse
2833 2477 3081 2530 nimirum
3118 2494 3333 2532 munere

105 2563 395 2631 οἰκτίρμων
425 2565 637 2630 μόνος,
675 2562 741 2627 ὃς
774 2562 880 2615 τὸν
919 2560 1235 2630 μονογενῆ,
1263 2562 1368 2613 τὸν
1397 2559 1649 2629 όμοφυᾶ,

1783 2572 1954 2629 ιιειοτ,
2002 2571 2066 2638 ιιι.
2105 2564 2402 2632 unigenitus
2449 2564 2682 2633 ejusdem
2710 2580 2883 2617 secum
2913 2574 3143 2630 naturis,
3187 2574 3332 2632 paris

104 2654 196 2705 τὸν
222 2655 471 2721 όμόθεον
521 2653 620 2705 καὶ
662 2652 962 2720 όμάγαθον
1017 2652 1172 2715 Υίὸν,
1226 2653 1377 2718 ὑπὲρ
1408 2651 1516 2719 τῆς
1545 2651 1652 2705 ἀν-

1782 2653 1959 2707 ἶεθὶεατίε
1981 2671 2042 2707 ac
2071 2653 2316 2708 bonitatis
2348 2653 2513 2706 Filius
2544 2671 2643 2723 pro
2659 2656 2891 2708 humana
2915 2664 3108 2710 natura
3133 2661 3331 2726 peccati

105 2744 454 2808 θρωπότηιος
486 2742 939 2810 ἀμαρτησὰσης,
980 2742 1079 2794 καὶ
1130 2744 1215 2807 είς
1242 2739 1515 2807 ᾅδου-διαὶ
1537 2742 1651 2802 day

1791 2760 1866 2803 ea,
1907 2754 2064 2815 atque
2097 2747 2153 2798 in
2194 2747 2388 2814 inferni
2415 2747 2833 2814 interitionisque
2869 2747 3179 2802 barathrum
3208 2765 3340 2817 pro~

104 2832 300 2895 ωλείας
337 2829 647 2898 ,βάραθρον
689 2831 1107 2896 όλισθησάσης
1153 2829 1653 2897 ἀνθρωπιζόμενον

1781 2851 1924 2904 apsa,
1968 2836 2118 2888 homo
2162 2835 2335 2901 ﬁeret
2372 2851 2434 2887 ac
2459 2853 2578 2888 cum
2622 2837 2915 2891 hominibus
2942 2839 3140 2891 sociam
3166 2841 3330 2892 vitam

106 2916 371 2984 δωρεῖται,
389 2920 485 2971 καί
505 2918 629 2984 τοῖς
647 2917 974 2986 ἀνθρώποις
990 2920 1652 2986 συναναστρεφόμενοι·-

1784 2918 1965 2994 geret;
2019 2933 2076 2978 ut
2128 2928 2252 2978 item
2293 2927 2561 2979 hominum
2615 2943 2777 2980 causa
2821 2931 2964 2982 cruci
3014 2929 3333 2998 aﬁigeretur,

105 3009 190 3059 καὶ
219 3009 367 3076 ὑπὲρ
391 3007 590 3063 αὐτῶν
621 3008 1089 3076 σταυρούμενον,
1118 3011 1510 3078 θαπτόμενον,
1539 3026 1654 3076 τρι-

1782 3015 2375 3083 epeliretur,triduanus
2408 3025 2720 3086 resurgeret,
2765 3019 3165 3088 quadragesimo
3219 3030 3331 3090 post

105 3098 305 3165 τιμε-ρον
345 3098 766 3165 ἀνιστάμενον,
825 3097 1458 3170 τεσσαρακονθήμερον
1511 3097 1654 3150 ἁνα-

1782 3108 1836 3159 ’ie
1857 3107 1912 3159 in
1944 3107 2127 3159 ctelum
2153 3108 2489 3175 reciperetur,
2509 3117 2667 3177 atque
2688 3109 2756 3161 ad
2785 3109 2999 3162 Patrem
3025 3127 3139 3163 cum
3168 3113 3331 3182 maje-

104 3189 559 3255 λαμσανόμενον,
590 3187 687 3240 καί
715 3185 862 3255 πρὸς
883 3187 989 3240 τὸν
1019 3185 1250 3254 Πατέρα
1271 3189 1418 3254 μετὰ
1448 3186 1651 3253 δόξης,

1479 3187 1651 3253 ’όξηςι
1752 3207 1906 3260 state,
1928 3199 2252 3249 cernentibus
2277 3197 2440 3263 nobis,
2468 3215 2678 3250 sursum
2705 3201 3028 3252 ascenderet.

106 3279 257 3346 ἡμῶν·
290 3280 668 3346 βλεπόντων,
691 3279 1154 3349 ἀναφερόμενον.

169 3369 257 3434 ὀς
278 3367 395 3434 τήν
418 3368 569 3433 ὑπὲρ
588 3366 756 3435 ἡμῶν
794 3369 1133 3436 οἰκονομίαν
1161 3368 1533 3434 ὺπερουσίως
1561 3382 1649 3419 τε·
1677 3349 1718 3406 C

1822 3356 1894 3432 Is,
1923 3369 2110 3422 salutis
2142 3379 2332 3423 nostra:
2359 3372 2583 3439 negatio,
2623 3371 2803 3424 altiori
2831 3390 2992 3443 quam
3024 3377 3199 3430 rerum
3228 3396 3328 3432 na-

107 3455 358 3522 ηλειὼς,
396 3460 497 3510 καί
539 3457 609 3510 ἐν
653 3455 821 3524 δεξιᾷ
870 3457 974 3511 τοῦ
1027 3458 1241 3525 θρόνου
1289 3458 1506 3510 λοιπὸν
1541 3456 1650 3524 τῆς

1778 3477 1872 3513 ura
1910 3459 2067 3530 (erat,
2118 3461 2332 3514 consilio
2358 3469 2514 3531 atque
2543 3478 2704 3532 opera
2757 3474 2987 3531 peracto,
3037 3469 3249 3540 iamque
3273 3472 3327 3526 in

104 3550 516 3615 mmmam;
559 3549 630 3601 ἐν
672 3547 1097 3615 τοῒξῠψηλοῒς
1146 3546 1488 3612 κεκαθικὼς,
1533 3546 1647 3600 ἀπ-

1777 3552 1966 3606 Iextera
1995 3553 2129 3606 sedis
2157 3553 2470 3624 majestatis,
2495 3556 2549 3606 in
2590 3546 2803 3607 excelsis
2833 3557 3037 3621 sedens,
3059 3550 3207 3613 misit
3234 3577 3326 3615 nos

106 3639 357 3692 έστειλεν
433 3636 596 3706 ἡμᾶς
642 3638 1201 3707 εὐαγγελιζομένους
1223 3637 1362 3705 ὑμῖν
1407 3638 1653 3705 εἰρήνην

1776 3662 1932 3699 ιαεειη
1965 3647 2102 3699 vobis
2131 3646 2566 3715 evangelisatum,
2609 3664 2863 3718 omneque
2911 3651 3122 3717 bonum,
3164 3661 3220 3705 ut
3244 3654 3325 3707 ilti

110 3729 191 3780 καί
210 3728 326 3783 πᾶν
352 3730 580 3797 ἀγαθόν
600 3745 617 3761 ι
639 3730 741 3782 ἵνα
762 3730 951 3795 τούτῳ
975 3728 1410 3794 πιστεύσαντες
1435 3728 1651 3790 ,βαπτι-

1776 3738 2013 3791 redentes
2045 3739 2400 3807 baptizemini,
2430 3747 2479 3790 et
2503 3738 2830 3808 impleamini
2847 3741 2902 3792 in
2924 3757 3128 3795 omnem
3156 3743 3325 3810 pleni-

107 3818 286 3886 σθῆτε,
307 3821 410 3873 καί
434 3818 784 3888 πληρωθῆτε
797 3823 883 3884 εις
903 3819 1025 3873 πᾶν
1043 3817 1329 3886 πλήρωμα
1354 3817 1457 3874 τοῦ
1483 3817 1648 3872 οεοῦ·

1777 3829 1986 3882 udinem
2006 3827 2102 3881 Dei
2121 3829 2164 3862 ³³
2199 3847 2211 3881 :
2238 3838 2293 3882 ut
2328 3829 2493 3883 abluti
2521 3840 2569 3882 et
2595 3832 2864 3884 emundati
2886 3833 3188 3887 interiorem
3230 3836 3323 3888 ho-

110 3909 192 3960 ίνα
215 3909 696 3977 ἀπολουσόμενοι
739 3910 837 3962 καὶ
866 3909 1380 3978 ἀποκαθηράμενοι
1405 3908 1513 3962 τὸν
1560 3908 1655 3962 ἐν·

1775 3922 1947 3973 ninem
1972 3921 2035 3972 ab
2059 3922 2201 3973 omni
2217 3923 2484 3990 impietate
2516 3929 2564 3972 et
2583 3921 2834 3989 nequitia,
2855 3922 3182 3992 impleamini
3204 3923 3324 3994 Spi-

112 3999 190 4060 τὸς
204 4001 514 4067 ἄνθρωπον
534 4000 650 4052 ἀπὸ
679 3997 883 4067 πάσης
905 4000 1182 4063 ἀσεϐείας
1211 3999 1308 4052 καὶ
1339 4000 1648 4065 πονηρίας,

1775 4011 1862 4064 ’ίιιι
1888 4018 2091 4074 sancto,
2115 4028 2177 4064 ac
2206 4013 2436 4065 haaredes
2464 4013 2758 4081 emciamini
2778 4015 3061 4066 secundum
3102 4017 3324 4083 promis-

114 4089 438 4156 πληρωθῆτε
490 4088 608 4156 μὲν
666 4088 1009 4153 Πνεύματος
1058 4088 1252 4156 ἁγίου,
1294 4089 1652 4154 κληρονόμοι

1522 4089 1652 4154 ὁμοι
1753 4103 1952 4155 sionem
1973 4104 2093 4156 vitae
2113 4110 2342 4166 wternaz,
2371 4105 2426 4155 in
2459 4102 2661 4158 Christo
2695 4103 2842 4157 Jesu.
2888 4104 3071 4158 Amen.

111 4175 166 4228 δὲ
194 4179 440 4246 γένησθε
473 4180 601 4230 κατ’
650 4178 1012 4246 ἐπαγγελίαν
1037 4176 1219 4244 οζωῆς
1259 4177 1501 4229 αίωνίου
1522 4215 1537 4239 ,
1583 4175 1653 4227 ἐν

113 4269 311 4334 Xme
347 4269 573 4336 Ἰησοῦ.
624 4269 821 4336 Ἀμήν.⁵
1256 4317 1266 4325 .
1548 4308 1568 4334 ς

171 4357 444 4420 Τοιαύταις
463 4361 554 4411 ἀεὶ
569 4357 809 4427 διδαχαῖς
828 4359 855 4410 ὁ
877 4356 1493 4426 ἁξιομνημονευτότατος
1523 4355 1653 4407 Ίού-

1826 4356 2165 4426 Ejuscemodi
2189 4373 2405 4425 semper
2442 4358 2707 4412 doctrinis
2757 4360 3088 4440 sempitema
3123 4364 3319 4435 dignus

117 4445 193 4506 δας
224 4451 392 4500 nisi“
435 4450 657 4517 Συρίαν,
709 4450 803 4500 καὶ
842 4450 939 4509 τὰς
987 4446 1083 4516 τῆς
1126 4446 1298 4515 Ἑῴας
1343 4446 1526 4514 πόλεις
1559 4444 1653 4495 καὶ

1770 4449 2015 4502 nemoris
2070 4449 2237 4503 ludas
2268 4465 2482 4503 omnem
2513 4449 2741 4519 Syriam,
2778 4447 3126 4522 Orientisque
3155 4456 3319 4510 urbes

118 4535 286 4604 χώρας,
309 4537 599 4598 νουθετῶν,
618 4527 1025 4604 διαλεγόμενος,
1049 4535 1378 4605 παρακαλῶν
1401 4536 1494 4587 καὶ
1518 4536 1651 4586 πᾶσι

1770 4547 1809 4592 ιι
1850 4540 2090 4597 castella.
2145 4555 2396 4609 arguens,
2454 4540 2758 4608 disputans,
2790 4541 3104 4606 obsecrans,
3143 4545 3319 4600 modis

118 4626 302 4691 τροποις
331 4613 700 4697 θεομῳησίας
745 4626 1060 4700 ὲγκείμφος
1115 4627 1206 4678 καὶ
1259 4626 1646 4694 χρηστότητος,

1764 4630 2007 4684 omnibus
2027 4631 2224 4684 divina:
2254 4631 2573 4685 imitationis
2595 4647 2658 4685 ac
2677 4632 2939 4687 bonitatis
2972 4635 3313 4702 incumbens,

119 4715 286 4775 sint;
327 4716 596 4778 ἐπινοίαις
651 4715 785 4768 Θεοῦ
838 4717 1149 4785 φρονήσεως
1207 4715 1400 4777 αὐτοὺς
1440 4716 1646 4784 μετῄει,

1770 4720 1964 4773 :unctis
1991 4720 2187 4774 divinae
2215 4722 2449 4775 solertiae
2483 4723 2779 4776 subtilibus
2826 4725 3062 4779 inventis
3096 4741 3159 4779 sc
3188 4741 3319 4780 con-

117 4804 198 4852 mi.
228 4807 343 4859 ποτὲ
393 4808 496 4876 μὲν
543 4809 864 4875 πειρασμοῖς
894 4806 1147 4872 ἐξαισίοις
1197 4805 1292 4858 καὶ
1324 4806 1528 4867 αἰκίαις
1557 4806 1651 4857 καὶ

1769 4809 1884 4864 ίίιὶἱε
1917 4810 2333 4880 aggrediebatur
2368 4829 2381 4862 :
2416 4827 2479 4865 ac
2519 4812 2683 4866 modo
2712 4812 2932 4882 quidem
2961 4815 3014 4867 in
3061 4815 3318 4884 gravissi-

122 4892 325 4960 μάστιξι,
351 4899 448 4951 καὶ
476 4896 712 4948 θανάτου
736 4897 995 4959 κινδύνοις
1015 4897 1376 4968 περιπίπτων,
1404 4896 1489 4949 διὰ
1517 4913 1648 4963 προ-

1765 4913 1868 4952 mas
1896 4900 2227 4955 tentationes
2250 4916 2630 4970 aerumnasque
2657 4911 2712 4956 et
2735 4903 2980 4968 verbera,
3023 4913 3100 4958 et
3121 4907 3314 4959 mortis

121 4984 243 5045 νοίας
289 4988 372 5038 τοῦ
419 4989 479 5039 ὲν
516 4985 668 5054 αὐτῴ
699 4988 946 5056 μένοντος
980 4987 1347 5056 ἀπηλλάττετο
1376 4987 1609 5057 Χριστοῦ
1634 5002 1646 5016 ⁸

1762 4988 1993 5066 pericula
2023 4992 2290 5055 incidens,
2311 4990 2515 5046 Christi
2544 4993 2600 5046 in
2624 5007 2690 5046 eo
2723 4995 2992 5048 manentis
3020 4997 3311 5064 providen-

123 5073 304 5128 πετὲδὲ
343 5079 442 5130 ’τοῦ
500 5077 856 5147 Παρακλήτου
892 5079 1319 5148 μυστικωτέραις
1346 5078 1646 5148 insuam

1756 5081 1824 5134 tia
1852 5081 2186 5137 Iiberabatur
2218 5099 2231 5134 :
2265 5084 2426 5137 modo
2459 5098 2588 5137 vero
2622 5085 2884 5138 Paracleti
2921 5088 3305 5141 secretioribus

121 5165 191 5215 καὶ
234 5169 550 5236 ίερωτάταις
607 5172 947 5222 ἑπισκιάσεσι
982 5171 1372 5240 παρεκαλεῖτοο
1411 5169 1504 5223 καὶ
1547 5169 1642 5222 νῦν

1756 5171 2199 5226 ηιιυειτεῑίοηίὺιιε
2243 5173 2738 5242 sacratioribiisque
2799 5173 3305 5229 obumbrationibus

117 5255 198 5318 μὲν
219 5257 604 5327 ἀποκαλύψεων
639 5259 919 5328 θειοτέρων
952 5260 1044 5311 καὶ
1093 5259 1200 5311 τῶν
1239 5259 1479 5328 κρυφίων
1507 5259 1641 5312 Θεοῦ

1860 5261 2092 5315 'eabatur
2115 5280 2128 5326 ;
2160 5276 2223 5316 ac
2251 5278 2395 5315 nunc
2417 5262 2640 5331 quidem
2664 5263 2994 5318 diviniorum
3021 5265 3304 5317 revetatio-
3400 5277 3409 5290 ·

114 5346 528 5416 καταξιοῦμενος,
569 5347 667 5401 νῦν
707 5349 761 5399 δὲ
814 5349 1131 5417 θαυμασίων
1175 5349 1351 5417 ἔργων
1407 5349 1652 5418 ὑπερόοο-

1752 5367 1869 5405 num
1901 5353 2100 5421 Deique
2141 5354 2480 5407 occultorum
2512 5368 2752 5423 compos,
2805 5371 2950 5408 nunc
2979 5370 3106 5408 vero
3137 5355 3301 5408 mira-

114 5432 229 5498 ὶαῖς,
258 5439 351 5487 καὶ
380 5440 673 5508 ἐνεργείαις
695 5438 930 5508 τεράτων
948 5434 1080 5493 Θεοῦ
1112 5439 1202 5492 καὶ
1229 5439 1466 5511 σημείων
1487 5429 1647 5505 δοξαί

1748 5443 1931 5495 bilium
1974 5458 2195 5512 operum
2251 5445 2465 5500 eximiis
2496 5446 2832 5511 muneribus,
2861 5447 3062 5513 Deique
3110 5446 3297 5513 prodi-

113 5522 310 5594 Cépsvo;
341 5529 435 5582 καὶ
484 5529 947 5599 μεγαλυνόμενος,
979 5529 1148 5592 οὕτως
1193 5532 1522 5600 ἐμεγάλυνεν
1552 5533 1640 5585 τὸν

1748 5535 1952 5603 ginrum
2019 5550 2080 5588 ac
2161 5536 2439 5604 signorum
2507 5538 2919 5606 operationibus
2990 5536 3168 5590 clarus
3233 5551 3297 5591 ac

167 5704 205 5736 ³³
234 5703 398 5757 Hebr.
427 5721 462 5767 ι,
505 5704 559 5757 '5.

417 5803 681 5859 Ριτιιοι..
728 5802 843 5860 Gn.
892 5801 1012 5858 CV.
2861 5808 2892 5860 9
