3922 6314
572 173 673 240 267

1746 163 1792 219 Ν
1805 162 2036 220 ΙΕΕΤιΕ
2097 161 2284 219 PAPH
2297 160 2431 218 LAG
2441 161 2536 218 ON
2551 162 2616 218 IS

3663 155 3764 218 268

569 282 911 352 magniﬁcus,
943 296 1068 334 eum
1119 282 1169 334 in
1205 279 1422 332 modum
1451 278 1736 332 Dominum
1794 278 1976 332 Jesum
2027 292 2121 329 ma-

2238 260 2440 342 Κύριον
2479 274 2705 343 Ἰησοῦν,
2761 273 2929 336 οὕτως
2969 271 3028 324 τὺ
3060 271 3386 338 Εὶαγγέλιον
3427 269 3768 344 ὲπληροςεὸριι

570 372 854 441 gniﬁcabat
879 390 892 437 ;
918 373 997 426 sic
1027 372 1229 426 Christi
1252 369 1544 439 Evangelio
1565 368 1721 422 [idem
1746 379 1948 423 certam
1969 383 2124 422 arro-

569 463 746 530 gabat.

640 554 728 608 Sic
763 564 953 622 praeter
979 555 1100 615 alia,
1130 568 1248 606 cum
1277 561 1330 604 et
1359 552 1613 605 Edessam
1649 550 1814 619 Syria)
1840 549 2122 600 maximam

571 644 909 713 metropolim
949 643 1205 704 venisset,
1256 657 1318 695 ac
1372 643 1424 693 in
1472 657 1533 694 ea
1571 656 1677 693 non
1709 641 1825 692 sine
1850 639 2127 692 laboribus

570 744 732 804 atque
787 733 1045 786 zerumnis
1092 731 1368 785 Christum
1423 730 1814 790 annuntiasset,
1851 738 2123 796 totamque

569 820 783 873 diabolo
805 817 1097 880 addictam,
1136 817 1485 870 divinissimis
1514 817 1743 869 maxime
1781 816 2124 869 sermonibus

569 908 934 977 aperibusque
978 921 1238 974 perquam
1285 904 1498 958 eximiis
1528 905 1929 973 humanumque
1961 918 2122 957 exce-

567 997 823 1051 dentibus
853 995 1092 1057 modum,
1132 994 1420 1062 rapuisset,
1455 1009 1516 1047 ac
1536 1010 1633 1063 per
1658 994 1816 1048 ﬁdem
1845 994 1972 1048 Jesu
2001 1009 2124 1047 con-

566 1090 822 1148 ciliasset,
855 1095 1202 1153 sanctamque
1227 1085 1275 1139 ei
1305 1084 1619 1145 Ecclesiam.
1649 1085 1740 1153 qui
1762 1090 1981 1139 omnem‘
2000 1086 2122 1138 vin-

567 1179 640 1231 cit
665 1177 1005 1231 sanctitatem
1037 1175 1396 1239 conciliasset,
1429 1191 1493 1229 ac
1518 1187 1704 1246 postea
1751 1176 1956 1230 clarum
1982 1177 2122 1230 Deo-

566 1283 669 1335 que
707 1266 927 1334 dignum
961 1265 1055 1317 Dei
1086 1266 1402 1334 martyrium
1433 1266 1774 1334 complesset,
1800 1267 1878 1319 sic
1907 1267 1975 1320 ad
1996 1282 2120 1320 eum

565 1357 806 1425 gaudens
856 1355 1119 1419 evolavit;
1172 1365 1395 1408 cunctos
1428 1356 1645 1423 quidem
1682 1355 2018 1423 principatus
2067 1365 2123 1410 et

566 1456 882 1515 potestates,
915 1445 1213 1512 mundique
1244 1452 1486 1498 rectores
1519 1445 1888 1510 tenebrarum,
1925 1461 1987 1500 ac
2007 1445 2122 1514 spi-

566 1537 744 1587 ritalia
800 1535 980 1586 omnia
1039 1533 1298 1601 nequitia:
1346 1535 1494 1588 velut
1528 1536 1737 1587 somnia
1791 1535 2121 1605 umbrasque

565 1635 1002 1692 praetergressus,
1026 1623 1195 1676 sacris
1224 1626 1414 1676 autem
1434 1639 1496 1677 ac
1534 1617 1734 1677 divinis
1761 1625 1964 1693 angelis
1994 1628 2143 1693 (cm-_

565 1716 740 1767 lorum
784 1713 1102 1780 spiritaliter
1130 1714 1383 1765 reseratis
1408 1713 1612 1783 januis)
1659 1713 2001 1767 intermistus
2034 1715 2078 1745 "
2105 1732 2120 1779 ;

565 1805 904 1872 archangelis
949 1803 1160 1856 obviam
1198 1803 1390 1865 factus,
1436 1803 1883 1873 venerabilesque
1915 1806 2121 1874 princi-

568 1903 722 1961 patus
761 1901 1061 1955 assecutus,
1110 1908 1316 1961 perque
1343 1908 1530 1947 omnes
1582 1903 1794 1948 sanctas
1830 1904 2124 1962 potestates

567 1997 726 2054 atque
749 1986 978 2038 virtutes
1026 1999 1095 2038 ac
1138 1983 1536 2036 dominationes
1585 1983 1889 2038 incredibili
1936 1985 2123 2039 laetitia

459 2095 466 2102 ·
565 2086 726 2144 atque
782 2073 1142 2128 exsultatione
1189 2087 1539 2133 commeans:
1576 2074 1708 2142 quin
1747 2082 1801 2128 et
1831 2089 1929 2142 per
1977 2076 2124 2144 ipsos

566 2182 782 2236 quoque
827 2166 1028 2219 mundo
1061 2165 1373 2232 superiores
1400 2163 1648 2225 thronos,
1679 2164 1965 2233 mediaque
2013 2166 2121 2219 cel-

566 2259 900 2310 sissimorum
925 2253 1623 2321 venerabilissimorumque
1645 2254 1935 2308 Cherubim
1961 2263 2121 2323 atque

567 2347 849 2414 Seraphlm
882 2344 1093 2412 agmina
1125 2343 1412 2405 deductus,
1434 2343 1581 2396 velut
1609 2343 1963 2398 charissimus
1989 2359 2123 2412 prat-

567 2437 904 2501 dilectusque
937 2433 1078 2485 ﬁlius
1116 2433 1167 2485 ei
1205 2431 1530 2498 apparuisti,
1556 2431 1649 2499 qui
1685 2431 1739 2484 in
1767 2433 1903 2486 solio
1939 2432 2124 2501 gloria:

569 2525 718 2594 regni
761 2525 844 2578 sui
891 2523 1146 2576 laudatur
1183 2523 1266 2586 ’7;
1311 2517 1386 2576 ac
1419 2531 1675 2600 tanquam
1705 2522 1896 2587 victor,
1928 2531 1983 2576 et
2029 2523 2122 2591 qui

568 2617 631 2668 ad
661 2614 820 2668 tinem
846 2629 1015 2681 usque
1043 2612 1244 2666 Christi
1268 2613 1572 2666 servaveris
1594 2626 1775 2680 opera,
1799 2612 2122 2666 diviniorem

570 2705 767 2757 iterum
800 2703 1283 2769 sublimioremque
1306 2710 1626 2770 potestatem
1659 2702 1713 2755 in
1750 2711 1938 2771 gentes
1964 2702 2030 2755 ab
2057 2718 2123 2756 eo

570 2793 941 2864 consequeris,
974 2794 1157 2860 eique,
1209 2793 1362 2860 juxta
1409 2792 1649 2846 divinam
1684 2792 2119 2861 promissionem,

2236 362 2492 430 Χριστοῦ.

2295 555 2450 610 Οὕτω
2474 558 2607 625 πρὸς
2624 561 2732 620 τοῖς
2745 558 2937 622 ἄλλοις,
2968 559 3058 610 κού⁹
3075 558 3334 612 Ἔδεσσαν
3353 560 3613 629 μεγίστην
3625 560 3770 615 οὖσαν

2223 647 2317 713 τῆς
2341 648 2532 715 Συρίας
2564 647 2885 717 μητρόπολιν
2921 649 3255 712 καταλαϐὼν,
3288 652 3379 702 καὶ
3433 652 3491 702 ὲν
3519 654 3653 721 αύτῇ
3691 653 3771 706 τὸν

2225 736 2454 804 Χριστὸν
2479 737 2577 788 οὐκ
2617 738 2827 797 ἀπόνως
2865 739 3371 808 εὖαγγελισάμενος,
3404 741 3578 793 πᾶσάν
3618 759 3674 794 τε
3704 743 3771 810 τῷ

2223 824 2448 894 διαϐόλῳ
2505 829 3006 898 προσανακειμένην
3035 831 3384 899 ἀφαρπάσας,
3433 831 3488 882 ἐν
3519 848 3577 884 τε
3605 831 3771 898 λόγοις

2223 917 2299 966 ὅτι
2332 917 2563 983 μάλιστα
2606 917 2903 980 θειοτάτοις
2955 921 3047 972 καὶ
3076 920 3254 989 ἔργοις
3304 921 3769 990 ὑπερφυεστάτοις,

2222 1004 2316 1055 καὶ
2339 1005 2425 1056 διὰ
2453 1005 2682 1069 πίστεως
2716 1008 2792 1076 τῷ
2844 1009 3013 1076 Ἰησοῦ
3048 1010 3487 1078 προσοικειώσας,
3515 1011 3607 1063 καὶ
3658 1010 3772 1063 Ἑκ-

2223 1094 2444 1163 κλησίαν
2474 1095 2633 1162 ἁγίαν
2659 1097 2733 1165 τῷ
2765 1099 3043 1168 ὑπεραγίῳ
3070 1101 3270 1170 ταύτην
3313 1099 3771 1169 ἀφιερωσάμενος,

2217 1184 2313 1234 καὶ
2343 1185 2480 1252 μετά
2512 1185 2682 1239 ταῦτά
2706 1203 2764 1239 τε
2808 1189 3098 1259 μαρτύριον
3138 1191 3373 1258 καθαρόν
3400 1207 3457 1242 τε
3497 1190 3591 1242 καὶ
3633 1190 3767 1254 ἀξιό-

2225 1269 2343 1322 Θεον
2395 1275 2879 1344 ἀποπεπληρωκὼς
2917 1278 2990 1346 τῷ
3024 1278 3159 1348 Θεῷ.
3205 1280 3411 1349 χαίρων
3445 1279 3585 1332 οὕτω
3646 1281 3774 1350 πρὸς

2221 1361 2381 1414 αὑτὸν
2414 1365 2640 1434 ἀνέπτη,
2680 1367 2856 1429 πάσας
2898 1369 2995 1436 μὲν
3036 1369 3206 1437 ἀρχὰς
3237 1371 3329 1422 καὶ
3370 1369 3636 1432 ἐξουσίας,
3688 1368 3774 1420 καὶ

2220 1453 2344 1516 τοὺς
2369 1457 2813 1525 κοσμοκράτορας
2836 1457 2925 1510 τοῦ
2950 1459 3190 1522 σκότους,
3213 1461 3304 1512 καὶ
3333 1461 3506 1512 πάντα
3529 1461 3593 1513 τὰ
3622 1460 3775 1512 πνεύ-

2155 1592 2192 1645 Β
2226 1559 2367 1609 ματα
2419 1545 2516 1614 τῆς
2548 1547 2809 1614 πονηρίας
2839 1587 2852 1610 ,
2906 1548 2979 1610 ὼς
3017 1549 3262 1618 ὀνείρατα
3301 1537 3620 1618 παρελθὼν,
3666 1553 3773 1614 τοῖς

2225 1634 2386 1704 ἱεροτς
2412 1634 2465 1687 δὲ
2495 1637 2588 1688 καὶ
2643 1636 2807 1702 θείοις
2833 1640 3082 1705 ἀγγέλοις
3128 1639 3234 1692 τῶν
3282 1641 3545 1708 οὐρανίων
3575 1640 3773 1711 νοητῶς

2217 1725 2752 1795 ἀναπεπετασμένων
2780 1730 2960 1781 πυλῶν
2987 1728 3371 1799 παρεμϐαλὼν,
3414 1731 3504 1784 καὶ
3533 1731 3646 1792 τοῖς
3677 1730 3774 1799 ἀρ-

2221 1814 2507 1883 χαγγέλοις
2533 1817 2846 1882 ἀντιϐολῶν,
2872 1821 2964 1872 καὶ
2994 1822 3112 1882 ταῖς
3131 1821 3336 1889 τιμίαις
3365 1822 3557 1891 ἀρχαῖς
3577 1819 3773 1889 τυχὼν,

2222 1903 2312 1952 καὶ
2345 1902 2432 1977 διά
2456 1905 2633 1973 πάσης
2652 1904 2897 1969 ἐξουσίας
2927 1908 3089 1975 ἁγίας
3117 1909 3206 1960 καὶ
3237 1908 3514 1977 δυνάμεως
3554 1909 3650 1961 καὶ
3679 1925 3776 1961 κυ-

2225 1991 2463 2061 ριότητος
2485 1995 2539 2045 ὲν
2570 1995 2789 2065 ἀρρήτῳ
2822 1997 3130 2065 φαιδρότητι
3159 1999 3251 2050 καὶ
3287 1998 3595 2065 ἀγαλλιάσει
3636 2013 3774 2069 παρ-

2222 2079 2346 2132 ιών·
2386 2081 2474 2133 val.
2513 2081 2575 2150 δὴ
2616 2085 2708 2135 καὶ
2746 2084 2836 2136 διά
2879 2084 2985 2138 τῶν
3018 2086 3395 2155 ὑπερκοσμίων
3435 2086 3639 2154 θρόνων
3681 2086 3776 2140 αὐ-

2219 2167 2348 2230 τῶν,
2383 2171 2475 2222 καὶ
2502 2170 2590 2223 διά
2617 2171 2792 2241 μέσων
2817 2173 2921 2226 τῶν
2947 2174 3292 2242 ὑψηλοτάτων
3312 2175 3404 2227 καὶ
3434 2176 3772 2228 σεπτοτάτων

2221 2258 2314 2310 καὶ
2329 2259 2634 2328 Χερουϐείμ
2653 2278 2710 2313 τε
2729 2261 2822 2314 καὶ
2837 2264 3110 2333 Σεραφεὶμ
3128 2263 3359 2334 προσιὼν
3389 2264 3461 2332 τῷ
3478 2265 3570 2316 ἐπὶ
3585 2264 3772 2333 θρόνου

2219 2347 2374 2417 δόξης
2394 2350 2492 2418 τῆς
2523 2351 2686 2403 αὑτοῦ
2721 2352 2990 2420 βασιλείας
3019 2355 3352 2425 ὑμνουμένῳ,
3392 2355 3466 2418 ὡς
3493 2355 3774 2424 ἀγαπητὸς

2220 2438 2315 2489 καὶ
2340 2439 2516 2508 τίμιος
2549 2440 2906 2512 ἐνεφανίσθης
2936 2445 3068 2508 οἰὸς,
3103 2446 3197 2496 καὶ
3238 2445 3311 2506 ὡς
3336 2444 3653 2513 νενικηκὼς,
3684 2447 3776 2496 καὶ

2220 2523 2294 2586 ὡς
2320 2527 2632 2595 τετηρηκὼς
2659 2529 2784 2598 ἀχρι
2809 2529 2992 2593 τέλους
3016 2531 3083 2584 τά
3117 2531 3250 2601 ἔργα
3276 2530 3366 2585 τοῦ
3399 2531 3653 2601 Χριστοῦ.
3680 2531 3774 2603 τὴν

2221 2615 2312 2665 ἐπὶ
2344 2615 2450 2666 τῶν
2476 2617 2646 2670 ἐθνῶν
2689 2615 2844 2682 αὖθις
2885 2620 3203 2692 ὲνθεώτερόν
3234 2640 3291 2675 τε
3328 2623 3418 2675 καὶ
3449 2623 3775 2694 ὑψηλότερον

2222 2704 2348 2772 παρ’
2376 2705 2539 2758 αὑτοῦ
2572 2707 2864 2776 λαμϐάνεις
2907 2709 3151 2773 ἐξουσίαν
3174 2728 3189 2743 ο
3225 2712 3317 2764 καὶ
3343 2712 3489 2782 αὑτῴ
3510 2713 3653 2766 κατά
3679 2713 3775 2783 τὴν

2223 2791 2511 2862 ὑπόσχεσιν
2532 2796 2892 2864 συνεδριάζεις
2919 2801 3012 2851 καὶ
3049 2800 3479 2868 συμποιμαίνεις,
3512 2802 3608 2854 καὶ
3635 2816 3776 2869 συμ-

571 2900 855 2941 consessor
886 2883 1093 2937 assistis
1117 2883 1182 2946 ³⁸,
1203 2897 1418 2950 unaque
1450 2883 1646 2950 pascis,
1678 2889 1734 2935 et
1774 2898 1901 2937 vero
1934 2899 2121 2952 pasces

2227 2883 2506 2949 ποιμανεῖς
2554 2883 2611 2936 δὲ
2662 2884 2726 2936 τὰ
2751 2885 2896 2952 ἔθνη,
2927 2887 3000 2948 ὡς
3051 2886 3216 2956 σκεύη
3266 2886 3431 2940 ταῦτα
3473 2887 3773 2956 συντρίϐων

571 2989 832 3046 regesque
861 2982 1070 3043 gentes,
1095 2972 1439 3041 conl‘riugens
1470 2985 1564 3026 eas
1605 2980 1665 3026 ut
1696 2988 1823 3026 vasa
1864 2975 2009 3042 ﬁguli
2036 2975 2122 3027 '8'.

573 3066 677 3120 Sed
709 3072 763 3118 et
793 3063 860 3117 de
892 3064 1038 3132 ligno
1073 3063 1214 3125 vitae,
1273 3062 1415 3130 quod
1451 3071 1534 3115 est
1585 3061 1638 3113 in
1670 3061 1848 3114 medio
1893 3062 2125 3129 paradisi

570 3167 811 3214 sumens,
836 3166 1010 3221 eoque
1048 3164 1294 3214 vescens,
1320 3149 1743 3203 excelsissimam
1779 3148 2124 3203 dilectionem

569 3261 631 3299 ac
659 3231 1053 3298 deiﬁcationem
1107 3240 1514 3310 primorumque
1542 3237 1637 3290 Dei
1684 3238 2124 3292 charissimorum

569 3335 857 3402 pignorum
889 3330 1089 3385 eﬂ'usas
1111 3331 1486 3399 longaevasque
1511 3327 1733 3382 delicias
1764 3338 1927 3397 atque
1957 3318 2126 3383 hono-

572 3438 661 3476 res
691 3419 873 3473 adiisti
901 3419 968 3471 υ.
1145 3465 1204 3484 _
1325 3406 1335 3408 “

639 3511 893 3576 Quanam
929 3508 1092 3577 igitur
1110 3508 1284 3562 oratio
1309 3517 1545 3564 vestram
1570 3509 1822 3578 explanet
1844 3519 2005 3584 atque
2027 3509 2124 3564 de-

572 3604 740 3655 claret
798 3599 1280 3668 magnificentiam?
1336 3597 1467 3663 Quis
1515 3613 1643 3652 vero
1689 3607 1888 3652 tantam
1929 3599 2124 3653 divinae

575 3692 814 3745 scicntia:
846 3691 952 3744 vim
983 3697 1076 3743 aut
1105 3690 1582 3758 contemplationis
1614 3691 1999 3745 sublimitatem
2025 3708 2119 3746 na-

573 3791 713 3843 ctus,
743 3792 821 3842 ut,
847 3795 952 3848 qua
983 3780 1196 3847 polletis
1219 3779 1442 3848 gloriam
1470 3787 1524 3832 et
1548 3781 1846 3834 sanctitatis
1877 3781 2121 3850 magniﬁ-

573 3872 827 3934 centiam,
863 3869 1058 3922 audeat
1081 3870 1327 3922 tentare?
1347 3869 1808 3934 Quemadmodum
1832 3871 1975 3924 enim
2006 3870 2120 3925 ﬁeri

573 3977 682 4014 non
715 3967 913 4028 potest,
968 3966 1028 4010 ut
1061 3957 1154 4026 qui
1200 3967 1417 4011 terreno
1449 3958 1628 4011 adhuc
1673 3960 1844 4010 utitur
1872 3974 2118 4028 corpore,

574 4058 809 4103 vestram
837 4047 1146 4101 beatitatem
1181 4061 1244 4099 ac
1279 4047 1533 4100 deitatem
1570 4048 1886 4115 conspiciat,
1922 4050 2001 4102 sic
2021 4063 2119 4102 nc-

575 4153 679 4205 que
706 4146 763 4189 ut
784 4137 1074 4190 verborum
1098 4136 1325 4189 canticis
1349 4151 1465 4189 eam
1497 4135 1656 4202 digne
1690 4135 1871 4188 laudet
1891 4150 1953 4188 ac
1981 4135 2122 4188 cele-

2227 2971 2498 3041 κεραμικὰ
2516 2989 2529 3002 ’
2555 2975 2645 3025 καὶ
2673 2974 2777 3025 ἀπὸ
2798 2974 2900 3034 ιτοῦ
2940 2975 3092 3039 ξύλου
3121 2976 3176 3028 δὲ
3204 2977 3299 3045 τῆς
3325 2974 3467 3042 ζωῆς
3488 2975 3601 3027 τοῦ-
3623 2977 3774 3040 ὄντος

2225 3061 2281 3110 ὲν
2313 3061 2457 3128 μέσῳ
2489 3059 2565 3128 τῷ
2594 3061 2901 3133 παραδείσῳ
2929 3062 3105 3115 λαϐὼν
3145 3065 3237 3115 καὶ¹
3266 3061 3474 3130 φαγὼν,
3509 3063 3609 3130 τῆς
3632 3065 3773 3133 ὑψη-

2223 3147 2444 3216 λοτάτης
2475 3151 2800 3216 ἀγαπήσεως
2842 3153 2929 3203 καὶ
2960 3151 3198 3214 θεὼσεως
3218 3169 3232 3183 ο
3268 3153 3359 3206 καὶ
3391 3152 3498 3205 τῶν
3542 3152 3773 3222 πρώτων

2224 3237 2354 3289 Θεοῦ
2379 3239 2611 3294 υκνίων
2639 3241 2737 3310 τῆς
2781 3241 3068 3310 ἀκρασίας,
3133 3242 3225 3294 καὶ
3277 3243 3373 3310 τῆς
3425 3242 3772 3310 μακραίωνος

2226 3327 2550 3398 ὲπιϐέϐηκας
2583 3335 2788 3400 τρυφῆς
2821 3334 2912 3384 καὶ
2940 3333 3127 3400 τιμῆς.

2293 3495 2390 3558 Τίς
2418 3495 2483 3549 ἂν
2503 3493 2599 3552 οὖν
2627 3499 2832 3566 γένοιτο
2862 3501 3016 3571 λόγος
3044 3506 3142 3574 τῆς
3168 3507 3432 3576 ὑμετέρας
3463 3510 3784 3583 ἐκφαντορι·

2228 3583 2319 3646 κὸς
2346 3587 2796 3659 μεγαλειότητοςς
2839 3592 2922 3654 τίς
2963 3593 3016 3646 δὲ
3056 3595 3147 3648 ἐπὶ
3175 3597 3422 3650 τοσοῦτον
3445 3600 3719 3667 θεολογίας
3747 3603 3778 3670 ἦ

2226 3672 2453 3738 Θεωρίας
2501 3675 2666 3745 ὕψους
2694 3681 2938 3746 ἀφίκετο,
2967 3684 3040 3746 ὡς
3062 3684 3159 3753 τὴν
3186 3686 3306 3740 καθ’
3334 3688 3477 3756 ὑμᾶς
3503 3689 3661 3753 δόξαν
3689 3693 3780 3744 καὶ

2227 3764 2698 3835 μεγαλοπρέπειαν
2753 3771 2850 3837 τῆς
2902 3773 3186 3842 ἁγιότητος
3233 3775 3504 3845 ἐκφράσαι
3536 3779 3775 3850 τολμᾷνς

2223 3851 2430 3921 Ὥσπερ
2480 3855 2583 3925 γὰρ
2639 3860 2916 3927 ἀμήχανον
2970 3861 3058 3914 τὸν
3116 3862 3193 3915 ἔτι
3244 3864 3454 3934 σώματι
3499 3867 3778 3936 χρώμενον

2221 3941 2400 4010 γεηρῴ
2429 3941 2526 4010 τὴν
2576 3945 2843 4016 ὑμετέραν
2902 3953 3324 4021 μακαριωσύνην
3375 3955 3468 4007 καὶ
3528 3958 3774 4026 θειότητα

2221 4031 2475 4100 καθορᾷν,
2506 4034 2676 4098 οὕτως
2701 4039 2868 4107 αὑτὴν
2898 4041 2990 4092 καὶ
3018 4044 3129 4103 τοῖς
3150 4029 3236 4096 διὰ
3263 4044 3370 4096 τῶν
3397 4044 3570 4111 λόγων
3589 4046 3776 4115 ὕμνοις

2219 4122 2379 4186 ἀξίως
2402 4124 2655 4177 ἀδύνατον
2681 4128 2960 4197 εὐφημεῖν.
3000 4132 3183 4196 ΙἌξιον
3230 4133 3515 4203 τοιγαροῦν
3557 4138 3656 4206 τὴν
3691 4153 3777 4187 σε·

576 4228 714 4279 bret.
752 4224 987 4292 Aiquum
1035 4225 1263 4293 proinde
1287 4235 1345 4278 ut
1385 4225 1824 4292 augustissimum
1855 4224 2120 4293 digneque

2225 4212 2488 4286 πτοτάτην
2525 4214 2619 4265 καὶ
2649 4214 3240 4292 ἀξιομακαριστοτάτην
3273 4226 3776 4295 προσαγορεύοντας

578 4309 945 4372 beatissimum
975 4328 1136 4386 caput
1169 4318 1482 4378 salutantes,
1515 4317 1588 4368 ita
1619 4315 1861 4370 dicamus
1896 4334 1909 4370 :

645 4410 801 4464 Salve
820 4409 914 4470 sis.
948 4422 980 4460 ο
1007 4408 1163 4460 beate
1196 4407 1312 4474 ipse
1335 4407 1626 4473 inspector,
1671 4419 1904 4472 vereque
1945 4419 2006 4458 ac
2030 4420 2117 4458 se-

577 4501 702 4553 dule
733 4499 825 4553 Dei
855 4498 1018 4552 Verbi
1048 4497 1268 4549 famule.
1305 4495 1460 4549 Salve
1491 4494 1584 4557 sis,
1616 4493 1750 4547 Juda
1783 4493 2117 4559 charissime,

577 4590 844 4658 dignaque
871 4587 986 4640 veri
1015 4585 1226 4638 lsraelis
1256 4592 1310 4636 et
1339 4584 1453 4644 Dei,
1484 4596 1547 4635 ac
1576 4596 1700 4634 vere
1731 4581 1897 4636 Deum
1935 4583 2121 4637 viden-

581 4679 668 4740 tis,
696 4676 876 4743 proles
901 4677 914 4727 l
940 4660 1082 4741 quod
1109 4681 1176 4739 te_
1196 4686 1411 4741 quoque
1442 4685 1565 4728 vere
1616 4669 1996 4735 iaudaverunt,
2025 4689 2120 4740 pa-

582 4767 854 4834 mutisque
908 4765 1259 4819 snmilitudme
1290 4763 1650 4814 adoraverunt
1690 4773 1850 4829 atque
1895 4763 2121 4816 adorant

581 4857 848 4923 spiritales
869 4855 1063 4907 fratres
1088 4854 1164 4904 tui
1198 4871 1212 4902 -.
1243 4851 1386 4919 quod
1418 4848 1558 4903 sicut
1609 4850 1695 4904 ille
1736 4866 1800 4903 ex
1836 4850 2012 4912 Patre,
2045 4852 2122 4903 sic

582 4958 636 5000 tu
681 4961 896 5015 quoque
925 4961 990 4997 ex
1035 4945 1126 4997 illo
1151 4943 1393 4994 divinum
1429 4956 1669 5009 germen,
1701 4941 1847 4994 velut
1868 4956 1931 4994 ex
1968 4941 2120 4993 leone

580 5041 788 5090 catulus
822 5033 1170 5088 emersistiW
1210 5051 1220 5084 :
1253 5047 1315 5084 ac
1335 5035 1473 5085 sicut
1495 5034 1577 5084 leo
1610 5030 1663 5083 in
1687 5032 1866 5083 medio
1893 5030 2120 5084 haeredi-

519 5106 546 5134 ”
583 5129 706 5179 tatis
753 5135 857 5177 tuae
908 5122 1174 5174 recubans
1228 5119 1576 5181 obdormisti;
1613 5133 1712 5172 nec
1765 5119 1857 5184 qui
1898 5120 2119 5171 suscitet

581 5218 722 5268 ullus
753 5220 834 5266 est
857 5211 966 5278 (qui
999 5209 1253 5261 nimirum
1276 5223 1306 5261 a
1331 5206 1558 5275 spiritali
1581 5206 1873 5258 abacturus
1910 5207 1978 5257 sit
2012 5207 2117 5257 hrc—

582 5304 827 5362 rcuitatc)
875 5295 1017 5363 quod
1057 5297 1259 5348 asinam
1291 5304 1436 5346 tuam
1465 5304 1516 5346 et
1546 5293 1750 5361 pullum
1784 5302 1931 5345 tuum
1965 5294 2113 5359 (gen-

652 5469 692 5496 ³⁶
722 5467 941 5532 Eilht‘b‘s-
981 5484 1048 5528 γι,
1087 5468 1163 5521 l3.
1240 5471 1280 5501 ⁸⁷
1313 5469 1439 5520 Dan.
1472 5484 1543 5524 Ill,
1579 5467 1660 5516 δι.

2218 4302 2475 4371 κεφαλὴν,
2507 4303 2647 4356 οὕτω
2677 4306 2835 4372 φάναι
2855 4321 2870 4337 ·

2289 4401 2480 4472 Χαῖρε,
2498 4397 2542 4455 ὦ
2568 4403 2750 4472 μάκαρ
2777 4403 3037 4468 αὑτόπτα,
3063 4405 3157 4457 καὶ
3193 4406 3437 4474 ὑπηρέτα
3453 4408 3636 4475 γνήσιε
3675 4411 3769 4461 καλ⁹

2219 4494 2505 4562 δραστήρια
2534 4492 2632 4564 τοὺ
2659 4481 2804 4545 ’Θεοῦ
2827 4494 2996 4561 Λόγου
3019 4511 3030 4524 ·
3066 4498 3240 4564 χαῖρε,
3279 4496 3447 4548 ’ἰούδα
3481 4498 3644 4564 τίμιε,
3672 4501 3770 4551 καὶ

2219 4554 2332 4647 ἄξιε
2361 4554 2451 4632 τοὺ
2483 4554 2734 4652 ἀληθῖνοῦ
2779 4554 2991 4654 Ἰσραὴλ
3141 4554 3295 4646 ὁεοῧ,
3341 4589 3432 4638 καὶ
3461 4554 3590 4636 Θεδν
3631 4554 3766 4655 ἀλη-

2222 4673 2328 4735 θῶς
2355 4672 2584 4743 ὁρῶντος
2607 4672 2780 4743 Ἰησοῦ
2809 4674 3041 4743 Χριστοῦ
3073 4676 3199 4728 παίι
3238 4676 3316 4728 ὅτι
3361 4680 3447 4728 καὶ
3483 4677 3540 4728 σὲ
3569 4678 3769 4746 ᾔνεσαν

2221 4762 2404 4823 ὅντως,
2436 4762 2528 4813 καὶ
2560 4763 2617 4814 ὲν
2647 4760 2947 4830 ὁμοιώματι
2980 4762 3071 4813 τοῦ
3102 4763 3401 4825 τετοκότος,
3435 4764 3483 4814 οί
3515 4766 3571 4816 ιν
3608 4769 3768 4818 πνεύ-

2227 4867 2352 4917 ματι
2379 4851 2592 4918 ἀδελφοί
2638 4867 2730 4901 σου
2784 4850 3188 4920 προσεκύνησαν
3215 4853 3305 4903 καὶ
3335 4852 3726 4920 προσκυνοῦσιν
3753 4872 3765 4885 ·

2222 4942 2300 4990 ὅτι
2335 4941 2579 5008 καθάπερ
2612 4943 2673 4990 ὲκ
2708 4940 2798 4990 τοῦ
2827 4940 3034 5008 Πατρὸς
3062 4942 3282 5002 ἐκεῖνος,
3311 4941 3476 5001 οὑτως
3503 4939 3561 5004 ἐξ
3600 4944 3767 4996 αὑτοῦ

2225 5029 2286 5077 σὺ
2317 5028 2571 5094 θεόφυτος
2594 5026 2834 5092 βλαστὸς,
2858 5028 2930 5089 ὼς
2969 5030 3032 5080 ἐκ
3071 5029 3277 5091 λέοντος
3323 5029 3554 5097 σκύμνος
3581 5032 3769 5084 ἀνεδό-

2226 5117 2320 5182 θης
2345 5135 2358 5147 ι
2384 5117 2473 5166 καὶ
2502 5114 2686 5182 ὥσπερ
2709 5115 2841 5168 λέων
2869 5118 3135 5186 ἀναμέσον
3159 5120 3250 5172 τοῦ
3277 5123 3475 5192 κλήρου
3508 5139 3597 5173 σου
3623 5125 3768 5176 ἐκοι-

2228 5206 2399 5272 μήθης
2440 5203 2754 5254 ἀναπεσὼν
2798 5206 2891 5257 καὶ
2919 5207 3103 5274 οὐδεὶς
3151 5213 3179 5261 ὁ
3225 5212 3471 5275 ἀνιστῶν,
3504 5213 3615 5282 ἢτοι
3665 5215 3771 5282 τῆς

2223 5293 2587 5362 πνευματικῆς
2611 5295 2877 5362 μεθιστῶν
2897 5299 3274 5369 κληρονομίας,
3305 5302 3386 5353 ὄτι
3412 5303 3500 5352 τὸν
3530 5301 3647 5353 ὄνον
3673 5320 3766 5355 σου

1747 5467 1785 5495 ³⁸
1819 5464 2001 5516 )luttlt.
2040 5480 2117 5515 xu

2225 5468 2269 5518 Β.
2347 5469 2419 5498 ³⁸*
2455 5470 2591 5522 Psal.
2616 5487 2670 5529 ιι,
2704 5473 2755 5524 9.
2835 5475 2876 5503 ³⁹
2909 5473 3074 5540 Apoc.
3105 5488 3159 5537 ιι,
3188 5471 3236 5523 7.
3281 5472 3354 5505 ³⁹ν
3379 5470 3516 5526 Gen.
3547 5489 3689 5539 xui,
3712 5475 3761 5529 8.
