3922 6314
506 277 607 339 271

1650 245 1938 312 NICETJ‘I
1971 241 2076 301 PA]

2180 236 2498 298 LAGONIS
3596 222 3700 297 ετξ

502 403 567 441 ac
589 385 664 440 illi
695 384 956 440 formatus
983 376 1109 440 tide,
1136 389 1241 428 una
1267 369 1470 426 Christi
1495 367 1763 428 doctrina,
1794 375 1898 416 una
1936 371 2055 426 gra-

2176 365 2291 413 ςτει,
2324 349 2421 418 μιᾷ
2449 345 2540 397 τοῦ
2565 343 2794 413 Χριστοῦ
2823 344 3026 412 διδαχῇ,
3078 341 3175 409 μιᾷ
3205 338 3384 408 χάριτι
3430 339 3522 391 καὶ
3547 339 3699 392 πνεύο

505 475 580 530 tia
613 471 915 536 eodemque
955 463 1227 535 perfectus
1281 458 1508 528 Spiritu,
1564 454 1739 524 ipsum
1785 457 2054 519 postremo

505 560 877 618 beatissimum
933 552 1222 623 complevit
1251 546 1642 603 duodenarium
1692 539 2054 611 apostolorum

505 654 730 706 chorum
769 665 783 701 :
830 647 924 715 qui
977 643 1157 698 ﬁatut
1193 655 1302 694 non
1331 637 1482 707 paria
1508 635 1613 688 illis
1646 629 1860 702 psamia
1887 627 2058 679 hono-

508 754 725 809 resque,
759 747 872 791 tum
905 735 959 788 in
987 732 1139 786 cmlis
1167 745 1194 783 a
1226 729 1371 797 Rege
1407 725 1590 799 gloriae
1618 737 1681 776 ac
1716 716 2054 788 premiorum

503 806 802 902 iustissimo
825 825 1052 886 arbitro,
1084 830 1210 874 tum-
1229 820 1282 871 in
1311 827 1454 874 terra
1484 812 1623 884 apud
1656 806 1916 865 sermonis
1947 819 2054 858 non

508 895 726 986 iniquos
753 917 1155 983 dispensatores
1192 906 1472 962 obtineat?
1522 900 1826 956 Laudemus
1873 895 2055 962 itaque

506 984 1119 1069 Matliiam,venerabile
1163 1012 1382 1060 nomen,
1438 996 1676 1054 beatum,
1732 984 2054 1045 colendum;

505 1113 641 1157 rem,
663 1111 782 1165 qua:
807 1108 902 1163 pro
923 1089 1156 1144 nominis
1189 1088 1399 1141 ratione
1439 1095 1550 1137 tum
1577 1077 1921 1165 intelligatur,
1942 1081 2056 1127 tum

505 1161 976 1249 laudet-uravere'
1020 1179 1277 1232 nimirum
1309 1174 1404 1228 Dei
1465 1161 1800 1233 donum,his
1849 1162 2059 1217 scilicet

507 1277 599 1346 qui
625 1275 920 1342 accipiunt.
952 1270 1064 1324 lloc
1091 1267 1252 1324 etiam
1298 1264 1397 1318 sibi
1433 1261 1566 1321 vult,
1594 1254 1739 1326 quod
1771 1254 1848 1308 sic
1874 1250 2059 1346 appel-

506 1339 672 1420 latur.
700 1339 1005 1417 Laudemus
1041 1373 1163 1413 cum
1214 1354 1464 1415 cantico;
1503 1364 1586 1412 ac,
1626 1353 1827 1414 quanta
1887 1339 2059 1398 facul-

508 1467 611 1518 tas,
647 1469 792 1518 eum,
817 1449 910 1520 qui
938 1448 1158 1503 virtutis
1179 1439 1575 1514 magniﬁcentia
1600 1449 1814 1491 omnem
1837 1430 2057 1486 laudum

509 1519 851 1612 splendorem
909 1536 1204 1607 superavit,
1235 1531 1642 1602 magniﬁcemus
1678 1543 1692 1579 :
1749 1539 1848 1581 nec
1875 1519 2061 1576 verbis

510 1634 685 1688 solum
717 1644 903 1684 verum
945 1629 1072 1686 Jesu
1119 1624 1444 1692 discipulum
1481 1619 1798 1677 exaltemus,
1867 1613 1958 1666 sed
2007 1620 2063 1664 et

511 1737 670 1793 quam
700 1718 998 1789 magnificis
1038 1716 1197 1770 donis
1221 1715 1437 1780 Deoque
1466 1708 1721 1778 acceptis,
1775 1705 1918 1758 illius
1950 1717 2061 1755 me-

509 1810 739 1870 moriam
764 1809 1150 1878 constipemus.

579 1982 832 2044 Quanam
866 1994 994 2049 ergo
1050 1987 1177 2032 sunt
1211 1954 1455 2037 munera,
1507 1972 1704 2045 quibus
1731 1983 1956 2038 magnus
1982 1982 2064 2022 sa-

513 2083 713 2137 cerque
746 2069 1021 2136 apostolus
1050 2067 1242 2122 lubens
1261 2061 1690 2133 accipitur?Non
1716 2073 1911 2114 aurum
1941 2057 2064 2113 dico

512 2167 569 2212 et
607 2165 911 2227 argentum,
967 2172 1071 2212 nec
1123 2152 1384 2210 unitmum
1435 2153 1709 2221 fulgores,
1745 2158 1837 2204 aut
1887 2154 2067 2202 vestes

513 2243 780 2313 pretiosas
823 2251 1001 2310 (terrae
1039 2243 1243 2296 scilicet
1294 2241 1550 2302 fructum,
1600 2250 1653 2292 et
1681 2253 1801 2306 qua:
1831 2238 1884 2290 in
1922 2245 2066 2289 terra

514 2331 758 2385 dililuant
787 2346 848 2384 ac
880 2329 1193 2397 intereant),
1218 2329 1310 2382 sed
1342 2329 1569 2396 perenni
1601 2327 1675 2380 illi
1697 2340 1921 2379 munere
1956 2331 2068 2382 ter-

514 2437 773 2476 renorum
797 2421 1179 2486 abjectionem,
1220 2426 1459 2472 amorem
1503 2418 1825 2477 caelestium,
1875 2430 2068 2468 carna-

515 2513 649 2566 lium
701 2520 1072 2581 contemptum
1124 2521 1286 2578 atque
1348 2509 1695 2578 neglectum,
1743 2495 2066 2576 spiritalium

518 2617 742 2672 gnavam
773 2617 988 2670 operam
1022 2616 1314 2669 curamque
1355 2601 1686 2655 oll‘eramus:
1737 2613 1799 2651 ae
1849 2589 2069 2665 quidem

520 2706 621 2761 pro
650 2690 879 2760 pecunia
914 2689 1232 2759 longiusque
1279 2703 1307 2740 a
1340 2689 1548 2742 ratione
1589 2687 1916 2741 abhorrente
1948 2698 2072 2737 cor-

521 2780 670 2849 poris
699 2779 974 2847 voluptate
1003 2792 1066 2830 ac
1089 2776 1316 2831 libidine
1342 2775 1562 2830 virtutis
1585 2773 1916 2828 desiderium
1958 2782 2074 2824 stu-

522 2869 819 2943 diumque;
851 2883 950 2937 pro
987 2868 1092 2921 cibi
1115 2867 1207 2935 qui
1245 2865 1632 2933 corrumpitur,
1665 2877 1894 2931 operosa
1924 2860 2074 2914 solli-

2157 453 2283 504 ματι
2315 434 2392 503 τῷ
2443 431 2588 500 αὐτῷ
2627 433 3072 501 κατηρτισμένος,
3106 427 3201 499 καὶ
3233 427 3331 494 τῆς
3358 424 3701 493 μακαριωτά-

2154 542 2252 593 της
2286 523 2391 578 τῶν
2415 521 2722 576 ἀποστόλων
2746 519 3150 578 δυοκαιδεκάδος
3185 516 3407 583 ὕστερον
3441 510 3704 566 ἀναδέδει-

2157 632 2275 668 κται
2291 631 2353 667 συ
2360 614 2506 682 μπλη
2515 610 2710 690 ρωτὴς,
2734 611 2848 672 ⁴ταῶς
2865 609 2924 660 οὐ
2942 609 3047 661 τῶν
3065 609 3192 660 ἴσων
3209 623 3267 672 γε
3279 604 3382 672 ρῶν
3413 603 3502 654 καὶ
3517 601 3705 671 τιμῶν,

2156 705 2213 758 ἐν
2240 721 2297 757 τε
2324 706 2433 765 τοῖς
2467 703 2710 772 οὐρανοῖς
2743 701 2892 769 παρά
2916 699 2994 768 τῷ
3025 697 3238 750 Βασιλεῖ
3275 693 3372 762 τῆς
3405 693 3581 760 δόξης,
3616 691 3702 743 καὶ

2155 795 2262 848 τῶν
2316 792 2564 846 ἐπάθλων
2621 789 2939 857 δικαιοτάτῳ
2994 786 3290 856 βραϐευτῇ·
3349 783 3440 836 καὶ
3483 781 3573 834 ἐπὶ
3604 781 3706 850 γῆς

2156 883 2304 954 παρά
2323 899 2384 950 γε
2415 883 2523 944 τοῖς
2556 881 2653 933 οὐκ
2696 880 2898 939 ἀδίκοις
2929 875 3022 928 τοῦ
3049 877 3206 941 λόγου
3237 873 3532 940 διαιτηταῖς
3576 885 3706 923 κατ-

2158 975 2342 1040 αξιοῖτ’
2360 975 2422 1029 ἄν
2441 971 2778 1040 ;Αίνὲσωμεν
2802 965 3084 1036 τοιγαροῦν
3105 967 3156 1019 Μ
3164 966 3225 1018 αθ
3235 963 3412 1030 ίαν,τδ
3432 962 3714 1030 σεϐάσμιον

2155 1069 2343 1137 ὄνομα,
2377 1066 2436 1118 τὸ
2472 1064 2760 1140 μακάριον,
2782 1062 2843 1113 τὸ
2863 1054 3064 1127 τίμιον,
3098 1056 3157 1108 τὸ
3190 1057 3330 1108 κατά
3355 1054 3415 1107 τὸ
3443 1054 3633 1122 ὄνομα,
3657 1053 3715 1104 τὸ

2157 1161 2389 1228 πρᾶγμα
2409 1155 2693 1225 νοούμενον
2733 1153 2824 1206 καὶ
2863 1148 3209 1218 αίνούμενονο
3238 1145 3304 1197 τὸ
3338 1145 3549 1213 ἀληθῶς
3575 1143 3714 1213 δόμα

2158 1255 2291 1309 Θεοῦ
2314 1296 2328 1319 ,
2361 1252 2558 1323 δηλαδὴ
2621 1254 2729 1314 τοῖς
2756 1248 3088 1318 λαμδάνουσι
3111 1262 3124 1274 ·
3167 1242 3324 1297 τοῦτο
3353 1240 3461 1308 γὰρ
3485 1239 3517 1307 ἡ
3550 1251 3718 1305 προσ-

2159 1346 2348 1415 ηγορία
2380 1344 2653 1413 βούλεταιο
2684 1341 2985 1408 αἰνέσωμεν
3020 1336 3133 1407 μετ’
3165 1332 3327 1403 ᾠδῆς,
3366 1327 3456 1381 καὶ
3489 1327 3716 1415 ἀποστρ-

2157 1411 2328 1497 λικοῖς
2357 1411 2617 1494 ἐπαίνοις,
2652 1429 2728 1491 ῶς
2761 1425 2978 1494 ἐφικτὸν
3005 1425 3156 1492 ἡμῖν,
3185 1415 3591 1490 μεγαλύνωμεν,
3626 1411 3718 1462 τὸν

2157 1525 2224 1592 τῇ
2245 1520 2578 1592 μεγαλοφυτᾳ
2603 1519 2701 1586 τῆς
2724 1516 2923 1586 ἀρετῆς
2994 1514 3172 1565 πᾶσαν
3190 1508 3426 1561 ἐπαίνων
3455 1504 3722 1592 ὑπερανα-

2155 1588 2333 1665 eam
2348 1608 2706 1678 λαμπρότητα
2731 1622 2744 1637 ·
2779 1604 2874 1657 καὶ
2909 1602 2982 1673 μὴ
3028 1597 3357 1672 τοῖςῇιὸγοις
3388 1592 3544 1663 μόνον
3565 1588 3720 1678 ’ὐψὼέ

2090 1667 2135 1728 Β
2165 1718 2344 1771 σωμεν
2370 1667 2460 1752 τδν
2500 1667 2718 1766 γνήσιον
2771 1692 2862 1746 τοῦ
2910 1667 3100 1760 ⁷Ἰησοῦ
3137 1667 3424 1758 μαθητὴνη
3458 1678 3594 1733 ἀλλά
3633 1676 3725 1771 καὶ

2160 1766 2429 1861 λαμπροῖς
2471 1789 2550 1841 ὅτι
2589 1786 2821 1857 μάλιστα
2876 1783 3071 1852 δώροις
3114 1777 3206 1831 καὶ
3262 1771 3576 1842 θεοτερπὲσι
3628 1766 3722 1838 τὴν

2166 1882 2384 1952 μνήμην
2414 1875 2578 1932 αὑτοῦ
2609 1871 3100 1938 καταπυκάσωμεν.

2231 1948 2365 2022 Τίνα
2392 1967 2569 2024 τοίνυν
2615 1966 2681 2018 τά
2707 1963 2876 2033 δῶρα,
2909 1957 2990 2023 οἷς
3018 1963 3044 2012 ὁ
3079 1958 3248 2028 μέγας
3287 1954 3379 2008 καὶ
3413 1952 3555 2021 ἱερὸς
3599 1948 3728 2003 ιίιτιό⁴

2166 2060 2347 2122 στολος
2378 2051 2556 2128 χαίρει
2595 2052 3077 2124 φιλοτιμούμενος;
3110 2049 3182 2101 Οὐ
3228 2047 3425 2119 χρυσὸν
3452 2042 3595 2110 λέγω
3635 2039 3728 2094 καὶ

2164 2152 2419 2221 ἄργυρον,
2448 2147 2566 2199 οὐδὲ
2613 2144 2777 2198 λίθων
2828 2139 3238 2210 λαμπρότητας,
3277 2135 3399 2191 οὐδὲ
3425 2133 3534 2189 τῶν
3562 2130 3728 2221 scen-

2170 2217 2351 2307 μάτων
2371 2237 2470 2298 τάς
2532 2232 2862 2304 τιμιότητας,
2895 2228 2995 2299 γῆς
3030 2228 3187 2289 ὄντας
3216 2222 3445 2295 καρπὸν,
3474 2217 3731 2273 καὶκατὰ

2166 2331 2266 2397 γῆς
2293 2331 2482 2398 ῥέοντα
2507 2325 2599 2377 καὶ
2626 2321 2893 2391 ὀλλύμενα
2911 2335 2926 2349 ·
2965 2317 3100 2371 ἀλλὰ
3138 2314 3606 2386 δωροφορήσωμεν
3633 2309 3732 2398 τὴν

2167 2396 2274 2470 τῶν
2295 2396 2501 2485 γηΐνων
2526 2402 2805 2475 ἀπόθεσιν,
2843 2410 2948 2462 τῶν
2973 2405 3234 2478 οὐρανίων
3257 2403 3353 2474 τὴν
3384 2403 3606 2470 Equam-
3626 2396 3733 2451 τῶν

2170 2505 2442 2576 σαρκικῶν
2501 2503 2596 2572 τὴν
2648 2500 2945 2572 ὑπεροψίαν
3003 2498 3096 2551 καὶ
3146 2498 3244 2565 τὴν
3295 2495 3572 2564 ἀμέλειαν,
3623 2487 3734 2540 τῶν

2169 2595 2548 2666 πνευματικῶν
2571 2593 2668 2662 τὴν
2701 2590 2961 2660 ἐργασίαν
2986 2589 3078 2640 καὶ
3123 2585 3461 2656 ἐπιμέλειαν·
3491 2582 3584 2635 καὶ
3613 2578 3736 2633 ἀντὶ

2175 2688 2270 2757 μὲν
2294 2685 2390 2755 τῆς
2420 2684 2587 2754 βοσκη
2597 2680 2872 2751 ματώδους
2894 2681 2987 2733 καὶ
3002 2675 3343 2746 ἁλογωτέρας
3363 2673 3454 2726 τοῦ
3482 2669 3735 2740 σώματος

2175 2777 2388 2846 ἡδονῆς,
2418 2774 2516 2843 τὴν
2537 2775 2635 2842 τῆς
2673 2771 2872 2842 ἀρετῆς
2911 2767 3206 2837 ἐπιθυμίαν
3239 2765 3330 2818 καὶ
3357 2765 3454 2832 τὴν
3476 2761 3735 2831 σπουδήνο

2175 2865 2368 2919 ἀντὶδέ
2401 2864 2499 2932 τῆς
2527 2864 2654 2932 περὶ
2668 2863 2768 2928 τὴν
2791 2858 3166 2928 ἀπολλυμένην
3192 2855 3388 2926 βρῶσιν
3415 2852 3740 2921 πολυεργίας

523 2954 764 3015 οἱιιιάἰηέ
781 2977 844 3015 ac
862 2960 1160 3030 diligentia,
1178 2974 1456 3014 sacrorum
1477 2958 1818 3025 eloquiorum
1837 2955 2076 3024 legisque

2181 2956 2275 3009 καὶ
2301 2953 2633 3022 φιλοπονίας,
2684 2951 2790 3004 τῶν
2842 2949 3002 3017 ἱερῶν
3049 2945 3245 3014 λογίων
3288 2944 3382 2996 καὶ
3428 2941 3521 2996 τοῦ
3570 2941 3738 3009 νόμου

523 3054 750 3123 spiritus
789 3053 914 3106 vita:
943 3067 1133 3122 puram
1161 3051 1568 3106 meditationem
1599 3047 1988 3102 fructiﬁcemus
2006 3049 2070 3098 ἰ.

524 3143 613 3197 Sic
642 3142 786 3196 enim
810 3157 958 3206 vere,
1004 3142 1089 3194 his
1109 3143 1201 3210 qui
1231 3141 1440 3194 sincere
1468 3139 1709 3201 laudant,
1744 3138 1909 3191 etiam
1954 3149 2076 3188 cor-

526 3231 678 3300 poris
751 3231 1098 3292 necessaria,
1157 3227 1392 3282 caelestis
1452 3226 1630 3280 Patris
1703 3222 2074 3278 muniﬁcentia

528 3320 752 3375 omnino
783 3317 1153 3372 subministrat
1195 3331 1292 3385 pro
1325 3331 1390 3369 eo
1424 3331 1486 3369 ac
1507 3314 1751 3384 promisit
1781 3314 1863 3368 δ”.

595 3500 716 3566 Non
742 3500 888 3572 enim
917 3500 1118 3553 frustra
1155 3512 1305 3551 sacra
1338 3499 1422 3549 lex
1450 3485 1805 3550 cessationem
1850 3494 1918 3549 ab
1946 3509 2078 3563 ope-

463 3597 468 3606 '
532 3594 687 3648 ribus
708 3591 1113 3660 corporalibus,
1155 3604 1251 3660 per
1283 3588 1410 3641 illos
1454 3587 1686 3640 maxime
1731 3586 1849 3639 dies
1881 3584 2081 3654 quibus

532 3685 793 3738 festorum
822 3682 1084 3739 solemnia
1109 3689 1364 3751 aguntur,
1416 3677 1673 3755 indixisse
1699 3675 2035 3744 conspicitur
2064 3691 2079 3741 ;

533 3789 632 3828 nec
681 3787 746 3828 eo
793 3771 1040 3833 consilio,
1093 3777 1151 3821 ut
1178 3768 1422 3836 corporis
1455 3768 1568 3821 otio
1618 3782 1681 3821 ac
1718 3765 1927 3821 desidia
1961 3779 2082 3818 car-

535 3865 725 3933 nisque
751 3863 978 3916 mollitie
1009 3861 1247 3914 animum
1287 3859 1499 3913 libidini
1533 3859 1878 3922 laxaremus;
1926 3871 2085 3911 secus

535 3969 668 4008 vero
702 3952 904 4006 indicta
938 3951 1241 4014 vacatione,
1273 3952 1374 4005 hoc
1415 3950 1558 4004 serio
1588 3957 1742 4003 curat
1771 3957 1828 4002 et
1868 3947 1997 4016 agit,
2027 3956 2088 4000 ut

539 4055 592 4099 et
615 4032 916 4123 corporeet
952 4051 1132 4106 mente
1173 4049 1228 4098 et
1258 4042 1438 4101 animo
1488 4057 1517 4095 a
1565 4050 1782 4094 terrena
1813 4038 2088 4116 inquietu-

541 4136 666 4197 dine
711 4136 1004 4203 laboreque
1029 4148 1090 4192 ac
1127 4132 1369 4188 molestia
1399 4132 1542 4186 circa
1572 4145 1659 4184 res
1696 4145 1862 4182 vanas
1891 4129 2089 4182 libere-

543 4240 684 4286 mur,
713 4234 874 4293 atque
905 4223 970 4277 ad
999 4224 1202 4277 bonum
1238 4232 1430 4276 natura
1476 4226 1686 4288 (verum
1719 4221 1849 4275 illud
1881 4221 2086 4273 bonum

544 4320 600 4365 et
627 4313 853 4366 amabile
881 4294 1087 4366 natura:
1118 4313 1265 4365 omni
1300 4312 1618 4381 intelligenti
1663 4325 1726 4364 ac
1758 4311 1985 4370 rationis
2031 4308 2086 4363 vi

544 4401 805 4471 praeditas)
859 4405 1154 4470 erigamur;
1201 4402 1436 4469 dumque
1487 4416 1516 4453 a
1549 4401 1824 4456 saecularis
1855 4400 1978 4454 vitae
2011 4399 2090 4453 la-

545 4492 773 4546 boribus
802 4507 864 4546 ac
894 4492 1153 4552 molestiis
1183 4493 1353 4544 otium
1383 4492 1610 4560 agimus,
1644 4492 1907 4558 potiorem
1942 4490 2088 4542 illam

544 4593 599 4635 et
647 4588 954 4633 manentem
986 4578 1210 4631 rationis
1246 4583 1404 4645 atque
1456 4577 1674 4630 virtutis
1721 4575 2090 4644 operationem

544 4668 912 4739 proferamus;
943 4667 1249 4735 divinisque
1289 4666 1515 4718 canticis
1558 4679 1620 4718 ac
1649 4666 1815 4718 sacris
1850 4664 2094 4732 Scriptu-

546 4776 729 4814 rarum
767 4757 1234 4818 meditationibus,
1264 4756 1378 4824 jugi
1409 4757 1641 4824 denique
1688 4771 1907 4824 precum
1952 4756 2091 4810 assi-
2139 4750 2158 4757 ’

548 4852 773 4909 duitate,
801 4849 1030 4903 Domino
1058 4847 1417 4916 perfruamur.

619 4969 658 4997 ’δ’
692 4966 848 5021 .Ioan.
878 4982 954 5032 v1,
986 4966 1052 5018 ‘27
1077 4982 1090 5030 ;
1118 4965 1275 5018 Rom.
1310 4979 1424 5027 vni,
1456 4963 1509 5014 2.
1584 4965 1647 4994 “‘
1674 4964 1860 5016 Matth.
1895 4979 1970 5028 vr,
1995 4967 2082 5019 '57.

552 5126 862 5179 cusserunt,
896 5117 1052 5185 cujus
1079 5130 1183 5167 non
1217 5114 1472 5167 videntur
1504 5114 1675 5185 Judaei
1713 5113 2104 5185 halmissejus,

551 5191 642 5242 sed
676 5189 1041 5241 Romanorum
1102 5185 1361 5237 duntaxat
1407 5184 1689 5251 prresides.
1751 5184 1970 5234 Placent
2003 5199 2096 5234 ve-

554 5269 696 5311 teres
745 5257 963 5318 tabulaz,
992 5252 1189 5320 quibus
1220 5253 1426 5305 nudum
1468 5254 1678 5306 Mathia:
1715 5251 2094 5319 consignatum

555 5328 749 5385 natale,
776 5326 1102 5393 quibuscum
1129 5322 1306 5373 malim
1349 5323 1593 5389 profiteri
1627 5322 1839 5393 nescire
1867 5321 2093 5393 reliqua,

554 5411 712 5464 quam
770 5389 888 5462 qua:
939 5391 1484 5464 nesciankutgcerta
1541 5389 2097 5464 venditare._@rescit

556 5458 767 5531 semper
791 5458 929 5515 fama
964 5460 1163 5531 eundo.
1190 5460 1482 5531 Displicent
1518 5460 1846 5531 Actaillaex
1870 5458 2098 5531 Hebraeo

559 5527 732 5593 versa,
766 5532 907 5598 quod
932 5545 1090 5582 unam
1118 5527 1350 5582 Judzeam
1391 5532 1562 5584 velint
1614 5529 1826 5582 Mathim
1880 5527 2098 5594 provin-

561 5604 718 5665 ciam,
743 5618 860 5667 quae
890 5601 990 5652 fuit
1049 5599 1227 5652 Jacobi
1289 5599 1556 5664 Zebcdzui,
1601 5601 1941 5663 aliorumque
1974 5608 2099 5660 apo-

2180 3044 2272 3098 τοῦ
2303 3043 2616 3113 Πνεύματος
2645 3044 2742 3110 τῆς
2775 3039 2918 3108 ζωῆς
2946 3038 3042 3107 τὴν
3068 3034 3310 3105 καθαρὰν
3335 3032 3579 3102 ’μελέτην
3609 3045 3741 3098 καρ-

2177 3132 2511 3202 ποφορῶμεν,
2531 3148 2546 3163 ·
2579 3129 2751 3199 ταύτῃ
2786 3129 2893 3196 γὰρ
2925 3125 3134 3196 ἀληθῶς
3165 3125 3276 3185 τοῖς
3309 3121 3547 3190 γνησίως
3586 3118 3742 3181 δοξά-

2175 3224 2347 3289 ζουσι,
2375 3222 2470 3274 καὶ
2509 3222 2542 3291 ἡ
2585 3221 2692 3272 τῶν
2729 3217 3050 3286 ἐπιτηδείων
3074 3213 3165 3266 τοῦ
3198 3210 3448 3282 σώματος
3477 3207 3614 3279 πρὸς
3643 3206 3741 3260 τοῦ

2174 3311 2421 3381 οὐρανίου
2451 3309 2677 3379 Πατρὸς,
2698 3308 2770 3370 ὡς
2795 3304 3148 3376 ἐπήγγελται,
3169 3301 3381 3362 πάντως
3399 3298 3585 3356 ἕπεται
3614 3312 3741 3366 χορ-

2174 3417 2322 3470 ηγια.

2247 3487 2354 3545 Καὶ
2384 3486 2489 3556 γάρ
2516 3484 2761 3552 οὒκίείκῆ
2798 3480 2893 3550 τὴν
2921 3479 3027 3537 ἀπὸ
3052 3474 3160 3530 τῶν
3197 3473 3522 3545 σωματικῶν
3553 3471 3735 3542 ἔργων

2179 3582 2395 3652 ἀργίαν,
2446 3580 2539 3632 καὶ
2593 3578 2823 3646 μάλιστα
2877 3573 3016 3631 κατά
3044 3571 3140 3634 τάς
3193 3569 3340 3639 ίερὰς
3390 3565 3496 3619 τῶν
3533 3563 3739 3633 ἑορτῶν

2183 3671 2411 3741 ἡμέρας,
2466 3667 2663 3742 (gispr
2715 3665 2958 3733 φαίνεται
3004 3662 3162 3730 νόμος
3220 3655 3580 3724 συντεταχώς·
3626 3653 3742 3706 οὐδ’

2184 3759 2321 3814 ὥστε
2348 3755 2596 3829 ῥᾳστώνῃ
2628 3755 2876 3824 σώματος
2911 3752 3003 3805 καὶ
3049 3751 3261 3802 ἀνέσεσι
3305 3748 3504 3817 σαρκὸς
3534 3747 3747 3812 ἐφεῖναι

2184 3850 2281 3919 τὴν
2329 3846 2503 3917 ψυχὴν
2538 3846 2751 3916 ἡδοναῖς
2775 3859 2789 3875 ’
2841 3840 3142 3894 τούναντίον
3193 3838 3292 3907 μὲν
3315 3832 3426 3900 οὖν,
3462 3837 3555 3888 καὶ
3587 3835 3748 3903 σῶμα

2185 3941 2279 3994 καὶ
2308 3938 2430 3992 νοῦν
2473 3933 2562 3998 καὶ
2589 3935 2761 4004 ψυχὴν
2787 3931 3121 4001 ἐξείργεσθαι
3159 3929 3256 3999 μέν
3281 3931 3379 3999 τῆς
3412 3928 3559 3980 κάτω
3585 3942 3745 3996 περι-

2188 4031 2375 4102 φορᾶς,
2407 4030 2498 4085 καὶ
2522 4027 2618 4097 τῆς
2652 4025 2778 4095 περὶ
2801 4023 2868 4076 τὰ
2894 4024 3096 4091 μάταια
3133 4019 3430 4090 μοχθηρίας
3460 4021 3553 4071 καὶ
3582 4016 3744 4084 ὀχλη-

2191 4127 2310 4197 ρίας
2340 4120 2766 4178 ἀπαλλάττεσθαι
2802 4119 2889 4171 διὰ
2935 4118 3035 4184 τῆς
3087 4116 3279 4185 ἀργίας
3334 4111 3702 4180 προμηθεῑται
3731 4123 3746 4137 °

2191 4215 2556 4286 ἀνατείνεσθαι
2580 4214 2636 4266 δέ
2682 4212 2815 4282 πρὸς
2862 4209 2922 4262 τὸ
2958 4207 3115 4274 φύσει
3150 4206 3330 4266 καλὸν,
3361 4205 3422 4255 τὸ
3476 4201 3644 4262 ὅντως
3691 4201 3751 4252 δν

2123 4274 2164 4333 Β
2190 4274 2388 4377 ἀγαθὸν
2412 4306 2506 4360 καὶ
2531 4274 2824 4373 ἐπέραστον
2855 4299 3000 4372 πάσῃ
3025 4298 3181 4367 νοερᾷ
3209 4295 3300 4349 καὶ
3342 4295 3532 4362 λογικῇ
3557 4291 3749 4357 φύσει·

2175 4401 2282 4452 καὶ
2330 4395 2522 4465 σχολὴν
2573 4395 2678 4447 ἀπὸ
2731 4391 2838 4444 τῶν
2907 4386 3167 4459 βιωτικῶν
3221 4385 3452 4453 ἄγοντας
3510 4381 3749 4451 μόχθων,

2190 4489 2352 4543 παντὶ
2385 4487 2557 4539 σθένει
2605 4483 2704 4555 τὴν
2753 4484 2984 4553 κρείττω
3039 4478 3133 4533 καὶ
3190 4478 3453 4546 μένουσαν
3489 4469 3757 4542 ἐργασίαν

2190 4579 2283 4632 τοῦ
2307 4577 2464 4645 λόγου
2500 4576 2594 4628 καὶ
2620 4575 2718 4643 τῆς
2736 4572 2933 4643 ἀρετῆς
2958 4570 3228 4642 προτιμᾷν
3251 4584 3264 4598 '
3297 4567 3483 4635 ὓμνοις
3506 4579 3564 4615 τε
3590 4562 3757 4622 θείοις

2193 4671 2287 4722 καὶ
2325 4670 2494 4738 ἱεραῖς
2523 4666 2631 4720 τῶν
2649 4664 2842 4732 λογίων
2874 4661 3123 4730 μελέταις
3153 4664 3244 4714 καὶ
3274 4655 3596 4728 προσευχαῖς
3629 4653 3756 4705 ἀεν-

2200 4765 2345 4824 νάοις
2363 4758 2454 4812 τοῦ
2483 4756 2686 4828 Κυρίου
2716 4754 3085 4827 κατατρυφᾷν.

2195 5114 2476 5173 stolorum,
2506 5116 2559 5161 et
2593 5121 2698 5174 qua
2747 5105 2958 5168 relicta,
2999 5104 3074 5174 ad
3125 5103 3496 5174 aliasggentes
3526 5097 3756 5174 gemmi-

2231 5190 2436 5240 rarunt,
2464 5170 2585 5228 'uno
2612 5170 2806 5229 relicto
2826 5175 3026 5229 Jacobo
3059 5173 3224 5226 fratre
3272 5170 3489 5225 Domini
3536 5170 3757 5240 Jeroso-

2218 5238 2457 5317 'ymormn
2492 5245 2754 5317 antistite,
2791 5259 2952 5317 quem
2990 5243 3164 5317 solum
3193 5256 3317 5317 cum
3350 5241 3515 5317 Petro
3537 5238 3751 5317 Paulus

2192 5308 2538 5381 .l‘erosolymis
2590 5323 2644 5366 et
2701 5314 2755 5365 in
2810 5308 2995 5366 ludaea
3032 5309 3282 5375 'viderit;
3324 5311 3446 5364 aliis
3494 5308 3758 5381 nimirum

2197 5376 2420 5453 ipsoque
2458 5381 2655 5435 Mathia
2692 5398 2788 5450 per
2819 5382 2948 5433 alias
2983 5381 3233 5449 regiones
3277 5393 3376 5499 pro
3415 5376 3758 5444 apostolatus

2197 5466 2419 5499 munere
2455 5452 2735 5499 tlisnersis.
2770 5451 2856 5499 ubi
2892 5458 3010 5499 post
3038 5465 3210 5499 annos
3244 5450 3265 5499 l
3333 5461 3364 5498 a
3395 5460 3493 5498 sua
3526 5457 3758 5496 conver-

2196 5450 2419 5506 inunere
2455 5452 2735 5519 dispersis,
2770 5451 2856 5502 ubi
2892 5458 3010 5517 post
3038 5450 3308 5519 annos,“
3333 5461 3364 5498 a
3395 5460 3493 5498 sua
3526 5457 3760 5496 conver-

2199 5524 2371 5581 sione,
2404 5536 2468 5571 co
2495 5518 2740 5574 ascendit
2767 5528 2824 5571 ut
2852 5519 3070 5574 Petrum
3121 5518 3404 5579 inviseret,
3434 5523 3490 5566 et
3518 5527 3650 5565 cum
3695 5524 3758 5565 eo

2199 5591 2550 5653 Evangelium
2591 5590 2878 5643 conferret.
