3922 6314
218 405 307 467 273

828 372 834 390 ³
890 403 1164 464 ORATIO
1201 403 1351 462 xw.
1396 426 1464 436 —-
1488 401 1566 460 IN
1597 400 1903 460 LAUDEM
1942 402 2000 460 s.
2035 402 2341 460 MATIIIJS
2379 405 2627 465 APOST.

3306 398 3407 457 ττι

276 517 422 570 Οὕτω
468 516 724 582 γὰννυται
776 519 880 578 πᾶς
936 515 1228 577 ἀπόστολος
1282 514 1752 583 δωροφορούμενος

1924 513 2058 566 Eum
2102 515 2157 568 in
2205 517 2422 571 modum
2480 517 2799 571 muneribus
2837 513 3009 598 accipi
3042 528 3105 566 ac
3153 510 3407 564 honorari

190 613 192 616 ’
219 607 298 660 καὶ
314 605 611 674 τιμώμενος
632 624 646 637 ’
675 605 814 659 οὕτω
843 607 934 658 καὶ
960 608 1063 668 πᾶς
1088 606 1237 672 ἅγιος
1261 620 1273 633 ·
1303 605 1443 658 οὕτω
1473 605 1563 656 καὶ
1591 607 1618 656 6
1642 605 1746 656 τῶν

215 699 366 765 ἁγίων
402 697 576 766 χαίρει
597 696 747 759 Θεὸς,
786 697 972 762 ’Ἄγιος
1003 698 1060 748 ὲν
1103 695 1278 762 ἁγίοις
1314 697 1742 764 ἀναπαυόμενος,

217 783 300 839 καὶ
317 784 664 853 δοξαζόμενος
693 786 749 836 ὲν
770 782 1158 851 δοξαζομένοις,
1194 786 1222 836 6
1256 786 1348 836 καὶ
1373 786 1500 854 ἡμῖν
1530 768 1618 836 τὶν
1652 786 1747 853 τῆς

215 875 476 943 ἁγιότητος
505 875 666 942 νόμον
695 872 1018 942 νομοθετῶν.

293 963 493 1016 Οὐκοῦν
563 963 904 1031 σχολάσωμεν
958 964 1194 1034 σήμερον
1250 965 1426 1036 πάσης
1487 967 1747 1036 ἐργασίας

216 1054 453 1123 βιωτικῆς
472 1067 487 1083 ·
527 1054 890 1122 σχολάσωμεν,
936 1056 1030 1108 καὶ
1063 1055 1278 1122 γνῶμεν
1309 1057 1388 1109 ὅτι
1417 1051 1570 1119 οὗτός
1600 1060 1746 1110 ἐστιν

213 1149 238 1199 6
262 1145 402 1210 Θεὸς,
434 1147 462 1196 6
490 1145 736 1214 καθάπερ
765 1148 822 1198 ὲν
866 1146 1112 1215 οὐρανοῖς
1147 1149 1257 1209 τοῖς
1299 1148 1609 1209 ἀποστόλοις
1652 1150 1747 1200 αὐ-

213 1236 294 1290 τοῦ
344 1235 629 1298 κατοικῶν,
686 1237 777 1290 καὶ
809 1237 924 1300 ὅλος
959 1237 1027 1288 δι’
1059 1235 1180 1289 ὅλου
1231 1237 1438 1301 τούτοις
1470 1239 1746 1307 ὑπερφυέ-

213 1344 363 1382 στατι
390 1328 468 1397 τῷ
503 1328 766 1398 πνεύματι
802 1331 1204 1398 συνενούμενος,
1238 1333 1329 1383 καὶ
1365 1333 1524 1401 σῶμα
1553 1334 1747 1386 ἑαυτοῦ

213 1421 598 1490 πακκήρατον,
635 1422 973 1487 πανάμωμον
1034 1424 1568 1492 κατασκευαζόμενος
1592 1440 1606 1455 ο
1653 1425 1748 1478 καὶ

217 1511 280 1579 μὴ
303 1510 728 1578 περιφρονῶμεν,
764 1511 876 1562 ἀλλ’
907 1510 1151 1578 εἰδῶμεν,
1202 1511 1276 1574 ὡς
1309 1513 1415 1582 ὅτῳ
1466 1513 1531 1565 ἂν
1563 1503 1748 1584 τρόπῳ

211 1600 308 1659 τοῖς
336 1597 599 1666 μαθηταῖς
633 1597 1086 1667 προσφερώμεθα,
1118 1598 1274 1650 τοῦτο
1310 1601 1444 1669 πρὸς
1470 1601 1629 1654 αὐτὸν
1659 1603 1748 1654 εὐ-

212 1687 425 1748 ουδόλως
453 1688 546 1738 τὸν
580 1687 906 1741 Διδάσκαλον
935 1689 1333 1756 ἀναπέμπεται.
1372 1693 1480 1744 Καὶ
1506 1693 1693 1762 ὥσπερ
1722 1697 1750 1748 6

211 1778 474 1845 δεχόμενος
518 1777 733 1843 αὐτοὺς,
766 1780 855 1831 τὸν
888 1779 1277 1833 ἀποστείλαντα
1328 1781 1578 1851 δέχεται·
1611 1783 1749 1836 οὕτω

211 1873 295 1924 καὶ
312 1874 336 1923 6
363 1871 590 1935 ἀθετῶν,
624 1875 824 1926 ἐκεῖνον
850 1873 1028 1926 ἀθετεῖ
1044 1874 1261 1944 δηλαδή.

280 1961 422 2014 Ἐπεὶ
444 1961 501 2014 δὲ
532 1961 700 2014 ταῦτα
729 1963 822 2016 καὶ
858 1963 1071 2032 εἴρηται
1121 1964 1300 2026 καλῶς
1333 1966 1426 2018 καὶ
1466 1966 1753 2020 πεπίστευ-

206 2069 305 2118 ται,
334 2052 462 2122 φέρε
492 2051 555 2123 δὴ
592 2054 684 2105 καὶ
725 2055 961 2123 σήμερον
1012 2055 1151 2108 κατὰ
1179 2055 1238 2108 τὸ
1271 2055 1468 2125 μέτρον
1508 2056 1608 2127 τῆς
1631 2060 1751 2111 ἐπι-

210 2143 594 2212 χορηγουμένης
646 2143 850 2196 ἀνωθεν
911 2145 1128 2214 χάριτος
1152 2183 1169 2209 ,
1226 2145 1332 2199 τῶν
1379 2147 1751 2202 ἀποστολικῶν

207 2234 426 2287 ἐπαίνων
478 2231 761 2301 ἁψώμεθα,
795 2236 889 2288 καὶ
917 2235 1010 2288 τοῦ
1047 2238 1192 2308 ἱεροῦ
1226 2239 1318 2292 καὶ
1345 2239 1487 2294 θείου
1515 2239 1749 2304 Μαθίου,

209 2322 332 2375 κατά
350 2323 408 2375 τὸ
433 2323 553 2376 ἐνὸν
580 2325 678 2392 τῆς
709 2326 1010 2394 δυνάμεως,
1041 2327 1148 2380 τῶν
1177 2329 1462 2400 εὐφημιῶν
1491 2347 1750 2401 κατατρυ-

208 2410 382 2481 φῶμεν
399 2429 415 2442 ο
450 2414 550 2466 οὐκ
572 2416 650 2478 εἰς
676 2416 877 2484 πλῆθος
911 2417 1002 2470 τὸν
1027 2417 1180 2486 λόγον
1202 2419 1603 2482 ἀποτείνοντες⁶
1633 2422 1753 2475 οὐδὲ

207 2501 304 2570 γάρ
325 2503 600 2572 ἀνέχονται
625 2507 999 2577 μακρηγορίας
1026 2509 1075 2560 οἱ
1102 2511 1226 2578 περὶ
1247 2509 1354 2562 τῶν
1377 2510 1536 2563 θείων
1558 2511 1717 2580 ’ὑμνοι
1734 2528 1746 2540 ·

208 2587 280 2656 τῷ
319 2594 741 2662 συντετμημένῳ
795 2595 850 2647 δὲ
909 2597 1105 2666 μᾶλλον
1137 2599 1352 2667 ἥδονται
1405 2601 1499 2652 καὶ
1545 2601 1748 2671 γοργῷ.

213 2679 404 2743 ’Δλλως
428 2682 509 2746 δὲ,
541 2683 661 2735 οὐδὲ
694 2685 813 2736 καθ’
846 2685 1073 2739 ἕκαστον
1115 2688 1221 2740 τῶν
1250 2691 1549 2759 εἰρημένων
1576 2690 1744 2760 αὐτῷ,

212 2769 247 2838 η’
263 2773 674 2840 πεπραγμένων,
705 2776 803 2828 ὅσα
833 2779 948 2839 ταῖς
978 2781 1212 2847 μακραῖς
1241 2781 1505 2852 περιόδοις
1536 2799 1750 2853 κατωρ-

211 2860 407 2915 θώσατο
451 2863 702 2927 διεξιέναι
734 2869 930 2931 σκοπός
955 2886 969 2900 ·
1001 2869 1136 2922 ἀλλά
1172 2871 1383 2939 πρῶτον
1415 2875 1513 2942 μὲν
1557 2875 1653 2942 τὴν
1682 2877 1752 2927 ie-

213 2949 302 3018 ράν
335 2950 524 3020 κλῆσιν
547 2993 560 3014 ,
597 2953 784 3006 ἔπειτα
812 2957 907 3025 τὴν
953 2959 1059 3010 ἀπὸ
1091 2960 1189 3028 τῆς
1219 2960 1470 3031 δευτέρας
1491 2963 1596 3014 τῶν
1621 2965 1752 3014 ἀπο-

211 3036 396 3091 στόλων
418 3041 625 3105 τάξεως
669 3044 757 3094 ἐπὶ
781 3043 876 3114 τὴν
921 3046 1142 3115 πρώτην
1171 3049 1335 3102 αὐτοῦ
1371 3055 1756 3121 προσυπομνή-

213 3138 386 3192 σαντες
441 3133 731 3203 ἀναγωγήν
825 3132 940 3188 εἶτα
993 3137 1089 3207 τὴν
1141 3140 1376 3207 μέθεξιν,
1423 3143 1541 3211 ἢτοι
1593 3144 1753 3212 λῆψιν

210 3219 294 3270 τοῦ
342 3221 676 3290 Πνεύματος,
716 3225 810 3277 καὶ
859 3227 956 3296 τὴν
980 3228 1340 3300 ἀποστρλικὴν
1391 3239 1612 3302 πορείαν
1636 3237 1754 3287 ἐπι-

211 3311 508 3377 τέμνοντες,
554 3315 646 3365 καὶ
706 3314 907 3384 βραχέα
955 3321 1461 3390 προσφωνήσαντες,
1516 3323 1752 3390 ἀφοσιω-

213 3399 402 3468 σόμεθα
433 3403 669 3471 μετρίως
696 3403 837 3457 οὕτω
865 3408 957 3475 τὴν
986 3407 1231 3476 ὀφειλὴν.

285 3490 535 3556 Ἐκεῖνος,
587 3495 919 3566 ’ἰσραηλίτης
961 3499 1060 3567 μὲν
1089 3495 1156 3569 ἦν
1210 3500 1443 3571 ἀληθῶς,
1481 3501 1666 3574 ὥσπερ
1693 3503 1756 3573 δὴ

212 3581 294 3633 καὶ
322 3582 521 3645 πάντες
560 3586 609 3636 οί
669 3585 927 3653 μαθηταὶ,
983 3591 1076 3652 καὶ
1127 3590 1314 3643 τέκνον
1345 3592 1439 3644 τοῦ
1483 3594 1755 3663 Ἀϐραὰμ,

211 3669 280 3731 ὡς
319 3672 377 3723 τὸ
411 3672 574 3741 ἔργον
614 3674 926 3740 πεποιηκὼς
948 3676 1050 3728 τοῦ»
1082 3677 1362 3747 Ἀὁραάμο
1389 3681 1542 3751 εἰπερ
1600 3683 1757 3750 ἔργον

215 3760 430 3827 ἐκείνου,
461 3763 646 3826 πίστις
695 3765 1010 3834 ειλικρινὴς,
1043 3768 1136 3819 καὶ
1166 3770 1198 3838 ἡ
1252 3771 1488 3840 ἑπομένη
1518 3771 1650 3840 αὐτῇ
1682 3773 1758 3824 δι-

216 3850 482 3922 καιοσύνη·
525 3851 747 3921 ἐλεγχος
787 3853 844 3907 δὲ
872 3855 1051 3925 πάσης
1080 3855 1180 3924 τῆς
1213 3859 1464 3921 πίστεως,
1495 3862 1523 3910 6
1557 3860 1756 3930 Κύριος

227 3937 435 4006 Ἰησοῦς,
462 3940 522 4003 δς
548 3942 643 3994 καὶ
688 3940 832 4005 λίθος
863 3943 1300 4012 προσκόμματος,
1329 3946 1423 3996 καὶ
1462 3945 1636 4014 πέτρα
1675 3962 1758 3997 τε-

217 4025 409 4081 θεῖσθαι
442 4032 753 4100 γέγραπται
810 4032 1124 4094 σκανδάλου,
1168 4033 1367 4103 δηλαδὴ
1419 4036 1531 4097 τοῖς
1564 4036 1761 4107 καρδίᾳ

219 4119 561 4185 κεχρημένοις
585 4120 826 4190 σκαμσῇο
858 4122 1129 4189 ἀνευθέτῳ
1161 4123 1384 4193 γνώμης
1401 4124 1748 4197 στρεϐλότητι

218 4208 298 4258 καὶ
319 4208 719 4280 διεστραμμένη
744 4211 972 4281 διανοίᾳ,
1018 4213 1094 4281 τῷ
1124 4214 1312 4284 ἁγαθῴ
1351 4215 1444 4268 καὶ
1475 4216 1621 4268 εὐθεῖ
1663 4217 1760 4287 τὴν

220 4296 365 4362 φύσιν
399 4301 822 4369 προσπταίουσι,
876 4304 970 4356 καὶ
1024 4305 1633 4376 ὲφαρμοσθῆναιτούτῳ
1688 4308 1763 4378 μὴ

222 4388 567 4459 βουλομένοις,
604 4393 636 4462 ἢ
671 4393 744 4462 μὴ
765 4393 1074 4464 δυναμένοις
1096 4411 1109 4425 ⁶
1141 4396 1284 4460 ὅσοις
1307 4397 1362 4450 δὲ
1385 4396 1509 4461 νοῦς
1535 4398 1762 4468 εὐθύτη-

1852 603 2090 671 gestiunt
2121 620 2308 659 omnes
2341 609 2566 676 apostoli
2607 628 2617 661 :
2664 610 2742 661 sic
2770 616 2824 660 et
2854 605 3024 660 sancti
3073 619 3300 665 omnes;
3333 603 3411 655 sic

1850 702 1906 746 et
1942 705 2251 748 sanctorum
2287 698 2448 761 Deus,
2472 699 2562 766 qui
2589 697 2819 751 Sanctus
2842 697 2894 748 in
2921 695 3123 749 sanctis
3145 692 3411 760 conquie-

1852 787 1972 849 scit,
2006 789 2366 859 laudibusque
2399 793 2671 860 excipitur
2704 793 2756 844 in
2787 791 2852 844 iis
2878 789 2970 858 qui
3007 789 3320 849 laudantur,
3348 799 3412 839 ac

1851 877 2010 931 nobis
2041 887 2099 930 ut
2129 878 2300 932 simus
2328 880 2521 942 sancti,
2554 881 2668 949 lege
2691 880 2884 933 sancit.

1921 968 2091 1037 [gitur
2145 983 2404 1024 vacemus
2443 971 2605 1024 hodie
2649 971 2716 1024 ab
2764 971 2909 1024 omni
2951 986 3018 1024 ex
3065 969 3246 1023 saeculi
3307 984 3407 1021 usu

1852 1068 2046 1121 opere;
2093 1070 2351 1109 vacemus
2382 1071 2444 1110 ac
2501 1057 2884 1125 intelligamus,
2918 1057 3172 1126 quoniam
3207 1057 3294 1109 hic
3323 1064 3406 1114 cst

1852 1145 2014 1207 Deus,
2042 1146 2133 1213 qui
2163 1146 2214 1199 in
2241 1147 2500 1215 apostolis
2525 1148 2638 1201 suis
2668 1148 2876 1200 habitat
2897 1149 3043 1200 velut
3065 1148 3117 1200 in
3146 1147 3362 1202 caelis,"
3389 1164 3404 1211 ;

1855 1245 2106 1305 totusque
2134 1254 2197 1290 ex
2233 1247 2343 1292 toto
2371 1238 2451 1293 cis
2475 1255 2639 1307 supra
2662 1253 2822 1307 quam
2845 1239 3040 1290 eximia
3064 1238 3269 1292 ratione
3293 1239 3405 1306 spi-

1854 1326 1961 1380 ritu
1995 1327 2200 1390 unitur,
2248 1343 2515 1397 suumque
2549 1328 3081 1396 incorruptissimum
3114 1338 3169 1380 et
3219 1329 3411 1381 imma-
3471 1393 3474 1396 γ

1853 1416 2245 1471 culatissimum
2290 1429 2490 1488 corpus
2524 1417 2644 1472 illos
2694 1416 2898 1472 cllicit:
2957 1431 3059 1470 nec
3087 1431 3217 1470 vero
3274 1431 3408 1470 con-

1855 1516 2175 1572 temnamus,
2195 1507 2288 1562 sed
2323 1508 2710 1578 intelligamus,
2745 1522 2854 1575 quo
2887 1506 3100 1561 tandem
3134 1504 3294 1558 modo
3327 1505 3408 1557 usi

1854 1598 2136 1667 discipulis
2165 1600 2467 1663 fuerimus,
2497 1599 2549 1652 id
2581 1599 2646 1652 ad
2675 1600 2852 1667 ipsum
2898 1606 3044 1651 rccta
3094 1596 3407 1666 Magistrum

1855 1701 2134 1762 spectare:
2161 1707 2224 1745 ac
2256 1693 2400 1746 sicut
2426 1691 2518 1760 qui
2549 1706 2645 1745 eos
2677 1691 2891 1759 recipit,
2936 1705 3060 1743 eum
3090 1688 3285 1756 recipit
3316 1686 3408 1756 qui

1857 1783 2029 1852 ipsum
2059 1784 2241 1846 misit,
2273 1785 2353 1838 sic
2392 1783 2485 1852 qui
2520 1782 2749 1851 spernit,
2783 1782 2934 1836 illum
2967 1781 3155 1850 utique
3186 1793 3409 1848 sperne-

1786 1854 1826 1910 Β
1857 1889 1935 1937 re,
1961 1883 2111 1928 certo
2141 1875 2454 1928 noverimus
2481 1875 2558 1928 ⁸³.’

1922 1964 2368 2033 Quandoquidem
2398 1975 2578 2020 autem
2632 1965 2746 2019 haec
2775 1972 2923 2019 recte
2966 1971 3076 2018 tum
3108 1963 3254 2018 dicta
3293 1972 3408 2018 tum

1855 2055 2059 2109 credita
2086 2064 2231 2118 sunt,
2257 2070 2353 2125 age
2379 2056 2541 2110 hodie
2568 2057 2732 2110 etiam
2762 2070 2863 2126 pro
2889 2071 3163 2110 concessae
3193 2055 3410 2109 coalitus

1855 2146 2036 2214 gratia:
2088 2146 2329 2210 modulo,
2391 2147 2716 2215 apostolica:
2767 2146 2958 2201 laudes
3008 2147 3407 2217 aggrediamur,

1856 2237 2103 2305 sacrique
2124 2241 2188 2289 ac
2219 2235 2389 2290 divini
2422 2236 2655 2301 Mathiaa,
2700 2243 2903 2305 quanta
2928 2237 3010 2290 vis
3035 2237 3200 2291 animi
3245 2251 3308 2290 ac
3329 2237 3412 2290 fa-
3470 2262 3478 2270 -

1856 2328 2049 2391 cultas,
2075 2327 2363 2396 praeconiis
2389 2328 2496 2380 laeti
2521 2327 2897 2397 indulgeamus
2926 2347 2939 2381 :
2968 2342 3076 2381 non
3108 2341 3172 2380 ea
3203 2326 3412 2380 ratione

1858 2426 1918 2471 ut
1949 2432 2255 2472 sermonem
2294 2419 2448 2488 cepia
2482 2419 2865 2486 protrahamus
2895 2432 2910 2470 :
2942 2431 3068 2470 nam
3116 2430 3292 2484 neque
3323 2414 3409 2467 di-

1856 2507 1996 2561 vinat
2026 2507 2213 2561 laudes
2242 2507 2608 2576 prolixitatem
2639 2506 2839 2570 ferunt,
2883 2505 3013 2574 quin
3047 2503 3200 2558 brevi
3225 2504 3407 2572 potius

1857 2610 1920 2650 ac
1937 2595 2106 2649 vivaci
2127 2611 2221 2651 seu
2251 2592 2473 2650 incitato
2503 2597 2721 2664 eloquio
2743 2596 2981 2664 proclive
3005 2595 3406 2664 depanguntur.

1855 2687 1931 2740 Ac
1964 2702 2065 2741 nec
2099 2695 2358 2756 prieterea
2391 2686 2521 2741 illud
2552 2687 2736 2740 animo
2770 2685 3144 2750 constitutum,
3172 2693 3230 2738 ut
3267 2683 3411 2736 dicta

1856 2791 2083 2845 quaeque
2117 2785 2211 2837 aut
2269 2776 2406 2830 facta
2457 2776 2818 2846 (quacunque
2849 2777 3057 2830 scilicet
3083 2791 3178 2843 per
3223 2774 3414 2842 longos

1858 2866 2119 2920 circuitus
2151 2868 2405 2935 praeclare
2461 2867 2537 2918 illi
2574 2876 2722 2935 gesta
2750 2867 2897 2934 sunt)
2946 2865 3272 2926 edisseram;
3315 2861 3412 2917 sed

1858 2967 1919 3009 ut
1943 2957 2180 3025 primum
2224 2971 2376 3009 sacra
2408 2957 2690 3011 vocatione
2731 2956 2920 3015 relata,
2970 2965 3193 3023 tumque
3219 2953 3337 3024 ejus
3383 2967 3412 3005 a

1859 3047 2097 3102 secunda
2126 3047 2191 3100 ad
2237 3049 2466 3116 primam
2516 3048 2885 3116 apostolorum
2937 3047 3162 3102 classem
3218 3061 3412 3113 prove-

1860 3139 2038 3192 ctione
2062 3147 2307 3202 narrata;
2332 3137 2638 3206 exindeque
2665 3138 2986 3206 compendio
3013 3137 3266 3190 collatum
3289 3136 3413 3204 Spi-

1861 3227 1997 3280 ritus
2043 3226 2266 3291 donum,
2308 3242 2371 3280 ac
2405 3242 2503 3296 pro
2535 3227 2834 3296 apostolico
2886 3240 3110 3279 munere
3157 3233 3409 3292 suscepta

1860 3317 2054 3369 itinera
2075 3317 2340 3378 exsecuti,
2368 3315 2630 3384 brevique
2652 3314 3041 3368 acclamatione
3075 3328 3168 3367 seu
3204 3314 3408 3367 saluta-
3460 3297 3474 3332 ί

1863 3408 2008 3460 tione
2035 3405 2227 3467 functi,
2251 3406 2330 3459 sic
2349 3406 2428 3459 vel
2450 3404 2660 3459 modice
2683 3404 2925 3458 debitum
2961 3403 3350 3472 persolveinus.

1931 3496 2159 3551 Mathias
2211 3506 2340 3552 vere
2364 3497 2453 3551 ille
2477 3496 2695 3565 quidem
2731 3495 2970 3549 Israelita
3000 3493 3122 3556 fuit,
3157 3492 3414 3561 quemad-

1867 3588 2086 3642 modum
2142 3589 2306 3643 etiam
2341 3589 2536 3658 reliqui
2574 3585 2930 3656 discipuli“,
2980 3593 3139 3653 atque
3183 3584 3413 3638 Abrahae

1865 3677 2029 3742 ﬁlius,
2079 3685 2138 3732 ut
2185 3679 2277 3747 qui
2310 3678 2541 3732 Abrahae
2567 3693 2703 3748 opus
2733 3676 2923 3732 fecerit
2961 3693 2974 3728 :
3027 3675 3225 3744 quippe
3275 3689 3413 3741 opus

1864 3769 2030 3831 illius,
2065 3783 2193 3822 vera
2225 3768 2357 3822 ﬁdes
2389 3777 2508 3833 est;
2540 3784 2603 3822 ac
2632 3783 2750 3836 quae
2783 3767 2913 3821 huic
2965 3781 3146 3820 comes
3178 3764 3412 3826 exsisrit,

1847 3858 2089 3930 .justitia.
2135 3858 2323 3913 Omnis
2362 3867 2544 3913 autem
2577 3859 2701 3911 ﬁdei
2732 3857 3002 3926 probatio,
3033 3855 3293 3908 Dominus
3320 3853 3412 3906 Je-

1862 3965 1976 4012 sus,
2004 3963 2164 4016 quem
2214 3947 2445 4016 lapidem
2473 3947 2792 4000 olfensionis
2821 3955 2877 4000 et
2916 3954 3126 4013 petram
3172 3943 3414 3997 scandali

1863 4040 2142 4109 Scriptura
2169 4039 2400 4108 positum
2449 4047 2708 4100 testatur;
2743 4051 2936 4104 nempe
2984 4035 3089 4088 illis
3118 4033 3211 4101 qui
3243 4047 3410 4101 pravo

1865 4137 2150 4185 versantur
2205 4128 2367 4182 corde
2396 4128 2468 4192 ‘5;
2520 4127 2610 4195 qui
2660 4127 2918 4179 nimirum
2975 4126 3156 4192 inepta
3210 4123 3410 4177 mentis

1866 4221 2217 4290 perversitate
2247 4234 2308 4272 ac
2341 4218 2578 4286 obliquis
2617 4216 2781 4270 animi
2817 4215 3137 4277 rationibus,
3183 4214 3259 4267 illi
3310 4214 3410 4266 im-

1865 4311 2209 4380 pinguntqui
2263 4317 2451 4361 natura
2484 4307 2656 4359 bonus
2686 4314 2972 4373 rectusque
3021 4314 3122 4368 est,
3162 4319 3263 4358 nec
3304 4305 3406 4372 ipsi

1865 4400 2106 4468 coaptari
2131 4408 2224 4452 aut
2257 4399 2465 4462 volunt,
2516 4407 2608 4450 aut
2638 4404 2896 4465 possunt:
2931 4403 3199 4463 quotquot
3229 4401 3410 4466 autem

221 4493 298 4541 τος
328 4481 552 4563 μέτοχος
581 4486 673 4539 καὶ
707 4484 1061 4555 ἀγαθότητος,
1093 4486 1168 4556 τῷ
1201 4482 1369 4558 ὁμοίῳ
1394 4487 1453 4540 τὸ
1479 4489 1663 4557 ὅμοιον
1689 4489 1754 4550 ὡς

1865 4506 1927 4546 ea
1953 4500 2130 4544 mente
2161 4489 2392 4558 praediti,
2427 4503 2545 4555 quae
2573 4488 2641 4541 sit
2675 4485 3020 4539 rectitudinis
3046 4484 3319 4552 particeps
3350 4498 3414 4536 ac

225 4572 427 4639 τάχιστα
475 4573 695 4640 γνόντες
732 4576 826 4628 καὶ
859 4578 1301 4641 πεπιστευκότες,
1352 4579 1442 4630 καὶ
1489 4579 1576 4630 τὸν
1635 4578 1760 4631 Υίὸν

223 4660 303 4711 τοῦ
333 4662 616 4733 ἀνθρώπου
645 4666 783 4718 κατὰ
808 4667 969 4732 φύσιν
998 4668 1269 4736 ὁρώμενον
1314 4670 1406 4721 καὶ
1430 4669 1767 4738 γνωριζόμεέ

224 4766 318 4812 νον,
359 4752 448 4804 τὸν
476 4752 641 4817 αὐτδν
672 4755 762 4806 καὶ
797 4755 923 4807 Υίὸν
948 4756 1084 4808 Θεοῦ
1139 4757 1310 4826 ἀληθῆ
1345 4759 1457 4819 τοίς
1491 4759 1762 4825 ὑπερφυε-

231 4842 417 4906 στάτοις
465 4845 579 4899 τῶν
635 4844 947 4916 θαυμασίων
990 4846 1359 4917 βεϐαιούμενοι
1387 4888 1401 4912 ,
1460 4841 1603 4900 οὗτοι
1665 4849 1760 4902 καὶ

229 4931 370 4986 τέκνα
420 4935 515 4988 τοῦ
552 4935 823 5005 ’Δδραάμ,
869 4937 944 4999 ὡς
989 4937 1066 5006 τῷ
1103 4939 1306 4990 ἐκείνου
1351 4940 1624 5008 μιμήματι
1672 4958 1765 4992 πι-

234 5024 510 5088 στεύοντες,
540 5026 636 5079 καὶ
673 5027 838 5080 τέκνα
888 5026 1044 5092 Θεοῦ,
1088 5029 1186 5080 οὐκ
1217 5029 1503 5099 ἀκολουθίᾳ
1555 5029 1767 5097 φύσεως

229 5104 335 5163 οὐδὲ
359 5117 602 5185 σαρκένῳ
641 5116 952 5186 γεννώμενα
1002 5118 1300 5186 θελήματι,
1331 5120 1418 5172 διά
1449 5120 1678 5184 πίστεως
1712 5123 1766 5174 δὲ

232 5199 312 5250 καὶ
339 5202 556 5274 ἀγάπης
592 5206 682 5258 τοῦ
716 5208 1047 5276 Μονογενοῦς
1073 5208 1509 5279 ἀναγεννώμενα.

301 5381 502 5437 Τούτων
533 5381 616 5448 εἷς
648 5389 743 5439 καὶ
773 5391 800 5442 6
832 5393 1241 5463 μακαριώτατος
1290 5394 1618 5464 ἐχρημάτισε
1654 5398 1768 5449 Μα-

237 5469 360 5537 θίας,
387 5476 478 5526 καὶ
519 5475 720 5542 ἀγαθὸς
751 5480 849 5548 τὴν
876 5481 1048 5553 ψυχὴν
1077 5486 1140 5538 ὲκ
1194 5484 1382 5548 παιδὸς
1413 5484 1512 5546 ῶν,
1555 5486 1769 5546 καὶτὸν

235 5561 347 5617 νοῦν
370 5564 661 5630 εὐθὺς,καὶ
690 5566 786 5636 τὴν
818 5571 1038 5638 καρδίαν
1064 5574 1272 5644 πραῢς,
1300 5574 1394 5627 καὶ
1415 5573 1515 5645 τὴν
1543 5575 1767 5644 γνώμην

1863 4578 2363 4643 bonitatis,.simile
2400 4577 2562 4630 simili
2599 4592 2757 4646 quam
2814 4576 3096 4630 celerrime
3138 4589 3409 4642 cognove-

1863 4679 1990 4722 runt
2033 4683 2093 4722 ac
2149 4668 2521 4729 crediderunt,
2572 4667 2877 4734 Filiumque
2930 4665 3167 4718 hominis
3220 4673 3414 4717 natura

1864 4761 2218 4829 conspicuum
2248 4774 2309 4812 ac
2351 4759 2643 4822 visibilem,
2684 4757 2934 4810 eumdem
2996 4756 3168 4822 ipsum
3222 4770 3411 4806 verum

1864 4850 1960 4905 Dei
2013 4851 2229 4912 Filium‘,
2288 4849 2684 4918 pragmagnilica
2726 4848 3001 4916 signorum
3042 4847 3162 4898 luce
3201 4844 3408 4897 inducti

1865 4951 2015 4996 certo
2045 4942 2454 5003 existimarunt;
2495 4940 2550 4992 bi
2577 4939 2804 5001 scilicet,
2843 4945 2953 4989 tum
2986 4934 3080 4987 lilii
3112 4935 3404 4996 Abraham,

1864 5031 2012 5086 velut
2037 5032 2181 5085 illius
2213 5029 2496 5085 credentes
2543 5027 2808 5095 exemplo,
2864 5033 2974 5078 tum
3013 5022 3107 5076 ﬁlii
3140 5025 3253 5087 Dei,
3299 5038 3404 5074 non

1864 5132 2069 5176 naturae
2097 5121 2288 5189 ordine
2323 5130 2417 5173 aut
2464 5119 2644 5174 carnis
2676 5117 2954 5170 voluntate
3008 5115 3139 5177 nati,
3178 5113 3270 5165 sed
3314 5128 3408 5178 per

1865 5213 2138 5282 Unigeniti
2183 5211 2341 5266 ﬁdem
2398 5223 2460 5263 ac
2509 5208 2857 5262 dilectionem
2913 5205 3120 5266 renati,
3181 5203 3403 5254 exstite-

1867 5313 2016 5357 runt.

1945 5395 2145 5448 llorum
2192 5407 2222 5447 e
2270 5405 2496 5445 numero
2545 5403 2685 5444 unus
2719 5389 2926 5457 exstitit
2964 5395 3015 5439 et
3058 5382 3406 5434 beatissimus

1870 5487 2127 5540 Mathias:
2161 5497 2405 5551 nempea
2454 5481 2658 5535 teneris
2702 5482 2986 5550 unguibus,
3040 5474 3178 5527 bona
3227 5473 3406 5525 anima

1870 5585 2034 5646 atque
2077 5575 2256 5628 indole
2307 5573 2586 5642 praeditus,
2639 5581 2920 5637 menteque
2960 5573 3142 5634 rectus
3170 5561 3225 5619 et
3269 5563 3409 5617 lenis

310 5733 502 5792 “Psal.
540 5753 658 5803 xu,
693 5739 777 5794 ll.
855 5739 899 5771 "
928 5737 1056 5796 Luc.
1093 5759 1145 5811 κ,
1179 5745 1262 5801 16.
1337 5745 1381 5779 ’⁵³
1405 5745 1558 5800 Joan.
1593 5745 1758 5814 1,“;
1801 5759 1913 5811 vm,
1947 5747 2032 5801 59.
2111 5746 2154 5778 ⁸⁸
2185 5747 2289 5800 lsa.
2328 5759 2437 5801 vin,
2479 5744 2539 5797 ll
2571 5759 2586 5809 ;
2642 5744 2794 5797 Itoni.
2841 5755 2910 5800 ιι,
2941 5736 3030 5790 .52.
