3922 6314
679 460 786 520 275

1829 454 2119 515 ΝΙΕΕΤίΕ
2157 455 2352 514 ΡΑΡΠ
2362 457 2680 517 LAGONIS

3703 485 3707 489 -
3791 457 3874 520 276

679 568 883 630 animo,
933 581 1203 636 sensuque
1238 566 1486 635 placidus
1531 581 1596 621 ac
1651 566 1931 624 modestus
1979 569 2235 637 mitisque

2363 571 2590 640 [ρηστδς,
2617 572 2708 624 καὶ
2725 567 2816 623 τδν
2834 570 2930 642 τῆς
2957 572 3131 642 ψυχῆς
3146 572 3342 643 τρόπον
3367 572 3637 642 ἐπιεικὴς,
3659 572 3732 635 ὡς
3751 573 3877 641 μόνον
3920 585 3922 643 ξ

680 674 804 712 cum
835 669 996 723 esset,
1020 659 1110 712 ubi
1141 658 1378 726 primum
1402 659 1528 714 Jesu
1553 659 1694 716 fama
1724 664 1780 716 in
1811 663 2063 718 omnium
2092 674 2252 714 aures

681 750 942 812 insonuit,
981 757 1371 818 coeperuntque
1396 749 1601 804 Christi
1646 753 1907 806 miracula
1935 754 1987 805 in
2026 749 2248 805 Christo

683 838 1112 903 increbrescere,
1165 839 1308 894 haud
1338 841 1471 894 satis
1494 843 1705 910 putavit
1750 845 1938 898 auditu
1985 843 2105 897 solo
2123 857 2249 895 ver-

681 928 810 981 bum
843 927 1155 995 suscipere;
1189 931 1321 997 quin
1351 937 1407 981 et
1443 922 1689 984 cucurrit
1739 932 1921 985 animo
1965 929 2156 984 avidus
2190 939 2250 982 ut

685 1021 814 1089 ipsis
848 1035 1066 1088 quoque
1095 1019 1270 1073 oculis
1299 1020 1688 1110 miraculorum
1716 1021 1990 1102 inspector
2014 1019 2190 1073 ﬁeret.

752 1111 870 1163 Mox
899 1111 1080 1178 itaque
1101 1125 1164 1164 ac
1197 1110 1354 1177 vidit,
1376 1127 1484 1165 non
1524 1111 1815 1176 dubitavit,
1839 1120 1931 1164 aut
1957 1111 2106 1164 velut
2155 1112 2249 1178 qui

683 1201 912 1255 modica:
980 1201 1106 1255 ﬁdei
1157 1210 1304 1266 sunt,
1369 1217 1571 1271 anceps
1635 1204 1811 1257 haesit.
1876 1202 1994 1257 Non
2048 1201 2250 1255 invidia

683 1293 908 1358 exarsit,
959 1293 1108 1347 velut
1141 1295 1520 1364 malignissimi
1559 1295 1767 1361 Judaei;
1806 1310 1911 1348 non
1949 1293 2248 1347 dementis-

684 1383 948 1438 simorum
974 1384 1259 1453 gentilium
1294 1401 1447 1440 more
1476 1385 1696 1455 segnior
1723 1385 1864 1449 fuit;
1897 1385 2027 1452 quin
2065 1383 2249 1437 animo

684 1472 990 1537 revirescit,
1015 1474 1286 1527 excitatur
1312 1475 1544 1543 spiritu;
1597 1490 1661 1529 ac
1682 1475 1903 1544 quidem
1943 1480 2124 1529 mente
2153 1474 2249 1528 ad-

687 1561 940 1624 miratur,
974 1562 1030 1616 in
1059 1562 1394 1617 desiderium
1444 1579 1572 1618 vero
1600 1564 1855 1618 transfert
1898 1563 2245 1630 miraculum,

687 1655 1134 1724 desideriumque
1197 1654 1475 1710 desiderio
1523 1655 1841 1719 cumulans,
1896 1655 1951 1708 in
2001 1655 2246 1710 divinum

688 1757 929 1795 amorem
953 1742 1224 1810 provehit.
1249 1743 1566 1796 Vehementi
1603 1743 1837 1812 denique
1880 1753 2248 1815 contenteque

688 1831 1013 1884 boniformis
1069 1831 1271 1884 amoris
1330 1832 1566 1896 ardore,
1624 1834 1848 1901 depulsa
1904 1845 2244 1888 terrenorum

2549 629 2732 728 ’Ἰησοῦ
2764 629 2926 732 φήμη
3088 629 3276 724 ’πάσας
3321 662 3430 715 τῶν
3480 629 3781 733 ἀνθριῖιπων
3819 663 3875 714 δι·

2354 753 2535 819 ηχεῑτο
2565 749 2752 812 ἀκοὰς.
2787 749 2966 802 καὶτὰ
2995 752 3087 804 τοῦ
3118 750 3350 820 Χριστοῦ
3385 749 3664 819 θαυμάσια
3694 752 3750 801 ἐν
3775 751 3878 818 Χρι-

2355 839 2464 908 στῷ
2494 838 2926 902 ἀπεκαλύπτετο,
2975 843 3073 893 οὐκ
3104 840 3372 910 αὔταρκες
3398 839 3598 910 ἥγηται
3639 839 3708 892 δι’
3743 841 3879 910 ἀκοῆς

2356 933 2522 998 μόνης
2573 931 2633 982 τὸ
2667 932 2817 1000 ῥῆμα
2862 931 3285 996 καταδέξασθαι·
3322 929 3455 983 ἀλλά
3501 930 3597 983 καὶ⁸
3639 928 3880 994 αὐτόπτης

2351 1023 2458 1076 τῶν
2489 1024 2804 1091 θαυμασίων
2840 1022 3040 1090 ἔδραμε
3072 1022 3339 1090 γενέσθαι.

2434 1116 2522 1178 Ὠς
2541 1115 2633 1169 οὖν
2664 1112 2821 1174 εἶδεν,
2859 1117 2956 1169 οὐκ
2990 1116 3264 1169 ὲδίστασεν
3297 1117 3371 1178 ὡς
3396 1118 3442 1170 οί
3487 1115 3810 1185 ὀλιγόπιστοι
3831 1119 3878 1183 τῇ

2350 1206 2570 1276 διανοίᾳ.
2603 1206 2715 1258 Οὐκ
2760 1205 3078 1274 ὲδᾶισκηνεν,
3115 1206 3189 1268 ὡς
3212 1207 3260 1258 oi
3295 1208 3582 1275 κακοήθεις
3630 1206 3879 1259 Ἰουδαίου

2348 1296 2469 1348 οὐδὲ
2491 1295 2889 1366 ἐρρᾳθύμησεν,
2921 1296 2995 1358 ὡς
3023 1296 3071 1348 οἱ
3113 1296 3425 1348 ἀνούστατοι
3474 1298 3580 1349 τῶν
3647 1296 3879 1349 ἐθνικῶν·

2349 1387 2467 1438 ἀλλ’
2523 1387 2808 1440 ἀναθάλλει
2871 1387 2970 1453 τὴν
3027 1386 3295 1455 καρδίαν,
3352 1387 3794 1457 ἀναζωπυρεῖται
3838 1387 3881 1437 τί

2349 1478 2596 1547 πνεῦμα·
2626 1479 2718 1531 καὶ
2769 1479 3036 1544 θαυμάζει
3073 1478 3171 1546 μὲν
3227 1477 3302 1546 τῷ
3356 1476 3468 1540 νοῒ,
3514 1479 3591 1538 είς
3641 1477 3799 1530 πόθον
3839 1479 3881 1528 6i

2353 1570 2668 1640 μετατίθησι
2700 1570 2760 1622 τὸ
2816 1569 3036 1636 θαῦμα·
3090 1569 3237 1638 πόοῳ
3287 1569 3342 1621 δὲ
3373 1569 3529 1620 πόθον
3575 1568 3882 1635 προσ-τιθεὶς,

2348 1659 2427 1721 είς
2477 1659 2654 1710 ἔνθεον
2691 1657 2868 1725 ἔρωτα
2925 1657 3256 1725 προκόπτειο
3305 1656 3382 1726 τῷ
3437 1656 3652 1726 σφυδρῷ
3702 1655 3756 1708 δὲ
3813 1658 3882 1706 τοῦ

2348 1747 2687 1816 ἀγαθοειδοῦς
2706 1747 2903 1817 ἔρωτος
2925 1749 3015 1799 καὶ
3035 1749 3400 1816 ὲπιτεταμένῳ
3429 1749 3605 1800 πᾶσαν
3635 1747 3745 1800 τῶν
3765 1749 3886 1797 κάτω

2349 1838 2807 1908 διακρουσάμενος
2836 1836 3152 1905 ἐπιθυμίαν,
3183 1838 3276 1890 καὶ
3307 1838 3486 1890 πᾶσαν
3526 1835 3620 1890 τοῦ
3659 1836 3753 1889 νῦν
3779 1837 3884 1888 αίῶ-

689 1924 837 1976 omni
889 1922 1209 1992 cupiditate,
1272 1922 1528 1990 omnique
1585 1925 1767 1978 saeculi
1818 1925 1982 1995 hujus
2023 1943 2250 1981 excussa

2363 1947 2438 1993 νος
2465 1929 2927 1999 ἀποτιναξάμενος
2958 1929 3190 1998 σπουδήν
3212 1945 3226 1958 ·
3263 1931 3357 1982 καὶ
3385 1931 3616 1991 οἰκείους
3655 1929 3754 1999 μὲν
3777 1929 3886 1981 πάν-

688 2031 849 2080 cura;
875 2024 1035 2085 atque
1069 2017 1392 2072 necessariis
1422 2019 1642 2087 quidem
1670 2017 1926 2071 omnibus
1968 2019 2115 2070 velut
2139 2018 2250 2070 ani-

689 2107 836 2161 nime
890 2109 1215 2162 necessariis
1270 2109 1489 2178 spretis,
1545 2109 1992 2177 charissimisquc
2050 2109 2252 2162 relictis

689 2200 1150 2262 velutextrancis,
1181 2201 1424 2254 omnium
1460 2202 1576 2254 vice
1608 2216 1774 2254 unum
1799 2200 2001 2268 oppido
2034 2202 2254 2269 Optabat

693 2293 934 2347 nancisci
975 2293 1182 2347 Jesum.
1240 2294 1347 2348 llas
1408 2311 1545 2349 unas
1584 2295 1944 2364 percupiebat
1987 2295 2203 2348 divitias
2238 2313 2249 2345 :

694 2390 861 2438 totam
892 2384 970 2437 illi
1009 2385 1174 2438 vitam
1209 2400 1390 2439 comes
1419 2386 1695 2440 adhaerere
1724 2386 1958 2450 avebat;
1999 2393 2054 2439 et
2081 2395 2139 2438 ut
2171 2385 2257 2437 di-

693 2477 847 2529 vinas
876 2475 1020 2530 illius
1057 2484 1361 2531 mereretur
1392 2477 1583 2530 audire
1618 2477 2049 2546 praedicationes,
2084 2475 2255 2544 pluris

694 2566 772 2646 illi
803 2581 1019 2619 servum
1055 2584 1197 2632 esse,
1230 2583 1391 2637 quam
1410 2576 1469 2621 ut
1494 2569 1871 2622 universorum
1904 2568 2070 2621 herus
2089 2573 2252 2630 esset,

672 2656 931 2712 ,habebat
959 2676 971 2710 :
1005 2673 1174 2712 unum
1229 2660 1379 2712 illum
1411 2661 1536 2713 vitae
1578 2676 1691 2715 sum
1725 2671 1935 2729 patrem
1969 2670 2024 2715 et
2079 2669 2258 2729 pasto-

697 2761 809 2802 rem
833 2755 992 2817 atque
1030 2748 1350 2818 magistrum
1381 2757 1436 2804 et
1462 2758 1851 2818 praeceptorem
1877 2749 2132 2803 ducebat.

765 2838 906 2904 Quid
935 2854 1065 2892 vero
1087 2839 1390 2904 Dominus?
1426 2856 1555 2893 num
1581 2840 1837 2910 discipuli
1857 2840 2257 2896 mmulationem

701 2931 938 3000 sprevit?
990 2930 1095 2984 Aut
1124 2930 1342 2985 admisit
1371 2933 1616 3001 quidem,
1668 2933 1762 2987 sed
1810 2940 1986 2986 tamen
2021 2931 2257 2985 ﬁdelium

2351 2039 2449 2085 τας
2474 2021 2548 2084 ὡς
2577 2020 2875 2083 ἀνοικείους
2910 2021 3197 2091 ὑπεριδὼν,
3222 2022 3296 2083 ὡς
3324 2021 3635 2090 ἀλλοτρίους
3684 2020 3741 2073 δὲ
3787 2020 3886 2077 τοὺς

2355 2111 2638 2179 φιλτάτους
2659 2110 2835 2178 ἀφεὶς,
2871 2109 3026 2177 μόνον
3054 2109 3197 2178 ἔχειν
3227 2110 3346 2161 ἀντὶ
3371 2110 3585 2163 πάντων
3611 2109 3796 2160 ἐπόθει
3820 2107 3888 2157 τὸν

2365 2200 2789 2270 Ἰησοῦν.Μόνον
2815 2199 3046 2268 Χριστὸν
3077 2200 3259 2251 ἐπόθει
3290 2199 3535 2252 πλουτεῖν
3560 2219 3572 2231 ·
3605 2197 3758 2266 αὑτῷ
3786 2199 3888 2248 ἀκο-

2351 2294 2557 2348 λουθεῖν
2593 2293 2681 2345 διὰ
2708 2291 2818 2360 βίου
2854 2291 3052 2352 παντός
3078 2306 3091 2319 ·
3125 2290 3288 2342 αὑτοῦ
3325 2289 3432 2341 τῶν
3462 2286 3888 2359 θεορῤημοσυνῶν

2354 2380 2735 2449 καταξιοῦσθαι
2763 2397 2776 2411 ⁸
2833 2378 2994 2432 αὑτοῦ
3059 2378 3240 2440 δοῦλος
3297 2374 3456 2440 εἶναι,
3491 2377 3523 2445 ἢ
3557 2377 3667 2428 τῶν
3703 2377 3890 2427 πάντων

2351 2474 2616 2543 δεσπότην
2639 2471 2901 2538 ἐπεθύμει
2919 2485 2932 2498 ⁸
2969 2469 3060 2522 καὶ
3094 2470 3254 2522 αὑτὸν
3284 2469 3380 2538 τῆς
3415 2469 3616 2528 οἰκείας
3643 2466 3786 2534 ζωῆς
3809 2481 3890 2514 πα-

2354 2567 2508 2630 τέρα,
2562 2564 2792 2634 ποιμένα
2845 2563 2939 2616 καὶ
2988 2560 3303 2614 διδάσκαλον
3358 2560 3514 2629 μόνον
3565 2558 3773 2610 ἐτίθετο
3817 2554 3891 2606 καὶ

2357 2654 2693 2722 καθηγητήν.

2428 2834 2491 2888 Τί
2523 2834 2609 2888 δαὶ
2632 2835 2664 2886 ό
2691 2832 2924 2902 Κύριος;
2956 2826 3063 2901 ἄρα
3101 2830 3323 2902 παρεῖδε
3353 2829 3440 2881 τὸν
3485 2827 3644 2893 ζῆλον
3693 2823 3782 2877 τοῦ
3811 2839 3896 2892 μαο

2359 2925 2564 2994 θητοῦ;
2616 2926 2684 2976 Ἦ
2716 2922 2980 2992 προσέσχε
3019 2921 3135 2990 μὲν,
3185 2919 3260 2988 τῷ
3310 2916 3593 2987 ἀναρίθμῳ
3624 2914 3682 2967 δὲ
3733 2912 3896 2965 τοῦτον

705 3021 877 3074 turbae
929 3021 1314 3075 innumerabili
1358 3023 1594 3092 adlegit?
1643 3023 1728 3076 vel
1788 3023 2022 3091 denique
2069 3021 2260 3090 paucis

2363 3015 2550 3084 πλήθει
2576 3013 2828 3075 συνέταξε
2858 3012 2964 3064 τῶν
2998 3011 3240 3074 πιστῶνι;
3272 3011 3304 3079 ἢ
3333 3011 3440 3070 τοῖς
3466 3007 3666 3072 ὀλίγοις
3701 3005 3794 3074 μὲν
3821 3003 3895 3052 καὶ

705 3108 925 3176 quidem
973 3117 1028 3162 et
1085 3109 1178 3178 qui
1231 3109 1388 3164 facile
1423 3120 1846 3166 numerarentur
1891 3112 2191 3173 accensuit,
2227 3127 2257 3164 a

2363 3105 2738 3174 εὐαριθμήτοις
2775 3101 3194 3172 συνηρίθμησεν,
3245 3101 3340 3167 τῆς
3377 3097 3596 3167 πρώτης
3631 3097 3686 3148 δὲ
3714 3093 3897 3157 τάξεως

708 3199 879 3266 prima
915 3207 1092 3253 tamen
1126 3202 1294 3255 classe
1324 3203 1568 3270 repulit?
1615 3202 1832 3256 Minime
1858 3202 2135 3270 gentium;
2164 3202 2257 3255 sed

2363 3196 2656 3258 ἀπώσατο;
2693 3190 2974 3259 Οὐδαμῶς·
3011 3189 3142 3243 ἀλλά
3183 3189 3277 3256 τῆς
3307 3187 3562 3283 δευτέρας
3593 3185 3691 3254 μὲν
3717 3179 3897 3283 τὲξξξος

709 3305 832 3343 cum
881 3289 1114 3358 primum
1166 3293 1420 3346 secundae
1467 3291 1864 3361 discipulorum
1905 3293 2090 3347 classis
2135 3308 2258 3347 eum

707 3378 997 3443 cifccisset,
1028 3395 1089 3434 ac
1114 3381 1468 3452 Septuaginta
1495 3383 1804 3452 adlegisset,
1838 3384 2155 3451 cunctisque
2185 3383 2267 3436 di-

710 3470 853 3524 vinis
872 3472 1370 3542 sacratioribusque
1412 3473 1680 3528 doctrinis
1710 3489 1772 3527 ac
1802 3474 2078 3528 miraculis
2102 3475 2265 3527 abso~

711 3561 964 3615 lutiorem
1000 3570 1333 3630 prastasset,
1361 3578 1486 3643 eum
1535 3563 1589 3618 in
1626 3564 1846 3617 modum
1891 3562 2038 3618 omni
2075 3577 2268 3631 prove-

714 3660 859 3705 ctum
881 3651 1076 3719 pietate
1095 3661 1255 3721 atque
1271 3640 1492 3716 virtute,
1519 3653 1583 3706 ad
1607 3640 1916 3722 supremum
1944 3670 2154 3718 eorum,
2174 3654 2268 3723 qui

716 3743 984 3812 coryphaei
1014 3751 1215 3809 essent,
1241 3744 1399 3814 digne
1418 3761 1514 3813 pro
1532 3747 1741 3800 meritis
1770 3745 2266 3814 sustollitgradum.

784 3834 853 3886 At
907 3833 1176 3901 quisnam,
1209 3834 1364 3897 cedo,
1414 3836 1605 3905 modus
1641 3836 2050 3888 translationis?
2085 3836 2268 3889 Domi-

717 3940 823 3978 nus
855 3924 1029 3988 Jesus,
1055 3917 1136 3978 sui
1168 3925 1219 3978 in
1245 3933 1386 3980 terra
1405 3926 1670 3979 incolatus
1717 3925 1961 3978 absoluta
1987 3940 2157 3990 mora,
2187 3941 2272 3979 sa-

715 4016 1015 4084 lutarisque
1048 4016 1469 4085 dispensationis
1506 4026 1726 4084 peracto
1755 4031 1958 4085 ,Opere,
2012 4031 2074 4069 ac
2119 4017 2268 4071 omni

718 4107 894 4161 Patris
960 4108 1174 4176 expleto
1204 4108 1454 4168 consilio,
1516 4107 1581 4159 ad
1629 4105 1896 4160 vivificam
1949 4107 2272 4176 beatamque

719 4197 900 4251 crucis
931 4197 1232 4265 passionem
1260 4206 1500 4250 venerat.
1551 4198 1627 4251 Ac
1663 4197 1829 4252 Judas
1861 4196 2082 4266 quidem
2131 4212 2272 4250 unus

719 4287 786 4340 de
807 4286 1118 4347 duodecim,
1155 4286 1246 4339 illo
1281 4286 1502 4348 Iudaeis,
1540 4285 1660 4340 data
1716 4287 1944 4354 pecunia
1967 4327 1982 4350 ,
2033 4285 2270 4354 prodito,

721 4377 1076 4445 apostolicum
1113 4392 1312 4432 munus
1342 4377 1538 4444 laqueo
1570 4386 1947 4438 commutarat.
1980 4374 2149 4428 Judaei
2179 4372 2275 4425 ﬂa-

722 4470 875 4534 gellis
893 4485 1113 4533 cassum,
1145 4470 1390 4537 colaphis
1431 4469 1839 4522 debonestatum
1871 4468 1923 4526 ίο
1964 4467 2110 4519 nulla
2144 4480 2270 4518 ver-

2361 3283 2468 3336 τῶν
2497 3281 2658 3336 αὑτοῦ
2691 3280 2944 3348 μαθητῶν
2973 3278 3185 3347 πρῶτον
3209 3272 3456 3344 ἠξιωκὼς
3479 3273 3567 3324 καὶ
3594 3273 3702 3333 τοῖς
3745 3267 3899 3322 Ἑϐδο-

2366 3375 2602 3444 μήκοντα
2632 3368 2988 3439 συντεταχὼς,
3024 3367 3118 3421 καὶ
3149 3366 3347 3426 πάσαις
3392 3365 3550 3417 αὑτὸν
3579 3360 3896 3430 θεουργικείς

2365 3462 2935 3534 προκαταρτισάμενος
2969 3457 3407 3528 μυσταγωγίαις,
3441 3454 3580 3506 οὕτω
3628 3451 3769 3504 κατά
3810 3449 3896 3499 πᾶ-

2368 3571 2463 3607 σαν
2492 3552 2773 3605 εὐσέϐειαν
2822 3550 2919 3601 καὶ⁵
2965 3547 3165 3618 ἀρετὴν
3201 3544 3594 3616 προκεκοφότα,
3650 3540 3784 3609 πρὸς
3823 3537 3896 3588 τδν

2366 3645 2637 3702 ἀνώτατον
2687 3641 2793 3694 τῶν
2852 3638 3158 3710 κορυφαίων
3209 3634 3549 3705 ἀξιοπρεπῶς
3603 3632 3789 3698 ἀνάγει
3819 3628 3894 3696 βαι

2367 3737 2522 3806 θμόν.
3122 3776 3133 3797 ,

2436 3827 2530 3889 Τίς
2584 3827 2670 3878 δαὶ
2714 3827 2806 3878 καὶ
2859 3825 3057 3892 τρόπος
3107 3821 3206 3890 τῆς
3266 3816 3630 3888 μεταθέσεωςς
3699 3812 3893 3878 Ἐπειδὴ

2370 3919 2698 3972 συνετελεῐτο
2745 3915 2844 3982 μὲν
2887 3913 2964 3981 τῷ
2998 3911 3184 3981 Κυρίῳ
3229 3907 3399 3978 Ἰησοῦ
3425 3908 3457 3973 ἡ
3507 3907 3599 3958 ἐπὶ
3647 3906 3748 3971 γῆς
3780 3899 3895 3967 μετά

2370 4011 2616 4078 σώματος
2646 4005 2912 4076 διατριϐὴ,
2943 4005 3000 4057 τὸ
3027 4003 3184 4071 ἔργον
3230 4001 3285 4053 δὲ
3306 4001 3402 4066 τῆς
3437 3996 3702 4068 σωτηρίου
3741 3995 3894 4046 διατιο

2367 4097 2602 4161 τελεκὼς
2635 4096 2962 4164 οἰκονομίας,
2997 4096 3090 4148 καὶ
3143 4093 3320 4146 πᾶσαν
3367 4092 3464 4158 τὴν
3517 4087 3808 4158 πατρικὴν
3827 4098 3896 4132 πει

2373 4192 2535 4259 ράνας
2567 4189 2778 4257 βουλὴν,
2811 4187 2901 4240 ἐπὶ
2928 4186 2987 4236 τδ
3025 4182 3283 4248 ζωοποιὸν
3309 4179 3401 4233 τοῦ
3432 4177 3665 4248 σταυροῦ
3694 4178 3783 4229 καὶ
3808 4189 3894 4243 μα-

2370 4281 2556 4347 κάριον
2587 4274 2688 4348 ἧκε
2732 4276 2900 4337 πάθος
2919 4292 2933 4305 '
2958 4276 3051 4327 καὶ
3101 4271 3294 4329 Ἰούδας
3325 4271 3423 4341 μὲν
3453 4267 3530 4331 εἷς
3555 4269 3660 4322 τῶν
3714 4265 3895 4320 δώδεκα

2371 4375 2481 4434 τοῖς
2525 4370 2792 4430 Ἰουδαίοις
2841 4367 3028 4420 τοῦτον
3083 4364 3343 4433 ἀργυρίου
3379 4362 3693 4430 προέμενος,
3731 4357 3894 4426 βρόχτλν

2370 4461 2635 4531 ἠλλάξατο
2650 4460 2757 4528 ’τῆς
2797 4457 3098 4524 ἀποστολῆς
3119 4474 3131 4487 ·
3161 4457 3210 4507 οἱ
3240 4455 3294 4506 δὲ
3324 4453 3510 4505 τοῦτον
3541 4448 3896 4520 φραγελώσαν-

724 4533 916 4614 borum
952 4561 1001 4612 vi
1038 4533 1408 4627 explicabilem
1447 4559 1906 4626 longanimitatem
1929 4557 1965 4625 l)
2017 4557 2261 4610 illusum-

2368 4568 2456 4612 τες
2503 4551 2886 4616 κολαφίσαντες
2963 4547 3027 4608 (ὢ
3079 4544 3453 4614 μακροθυμίας
3511 4533 3774 4609 ἀφάτουί)
3821 4535 3894 4586 καὶ

727 4665 832 4718 que
867 4649 1017 4702 cruci
1061 4648 1355 4700 aﬂixerant.
1417 4648 1464 4700 Is
1503 4658 1683 4700 autem
1740 4646 2054 4700 conculcata
2094 4651 2271 4695 morte

728 4756 790 4793 ac
826 4755 891 4793 eo
925 4738 1019 4806 qui
1075 4738 1267 4790 mortis
1311 4735 1539 4790 habebat
1592 4735 1900 4804 imperium,
1954 4749 1983 4786 a
2042 4732 2274 4784 mortuis

729 4829 1040 4892 suscitatus,
1077 4829 1295 4904 jamque
1325 4827 1574 4894 pluribus
1602 4825 1776 4878 modis
1799 4824 2080 4892 discipulis
2104 4822 2278 4876 factus

692 4979 693 4986 η
731 4921 1076 4988 conspicuus,
1104 4929 1374 4985 postremo
1408 4918 1513 4971 illis
1542 4916 1855 4994 videntibus
1886 4916 1938 4967 in
1966 4915 2159 4968 coelum
2189 4929 2271 4967 re-

733 5016 921 5076 ct-ptus
942 5013 1079 5060 erat.
1109 5005 1394 5072 Postquam
1428 5005 1608 5071 itaque
1629 5004 1742 5056 haec
1767 5003 1836 5054 ita
1868 5009 2015 5070 gesta
2041 5000 2274 5063 fuerant,

733 5098 958 5164 exsurgit
988 5096 1164 5150 statim
1195 5110 1420 5165 magnus
1443 5092 1690 5145 Petrus“
1714 5092 1810 5159 (illi
1843 5090 1984 5144 enim
2017 5090 2279 5144 sermonis

735 5187 1089 5258 principatus,
1134 5187 1328 5255 jusque
1385 5181 1666 5252 pascenda:
1712 5191 1872 5251 atque
1908 5179 2153 5249 regendae
2182 5181 2277 5234 Ec-

737 5277 912 5330 clesiae
941 5275 1307 5330 concreditum
1342 5275 1477 5335 erat)
1515 5271 1677 5339 inque
1704 5272 1880 5325 media
1910 5271 2276 5338 apostolorum

741 5368 918 5429 turba,
951 5367 1163 5435 publica
1210 5367 1261 5417 in
1307 5363 1506 5432 Spiritu
1534 5363 1794 5417 concione
1831 5361 1982 5415 Judm
2011 5362 2276 5430 proditio-

743 5465 955 5519 nem,et
979 5473 1138 5526 quam
1169 5457 1284 5523 ejus
1307 5467 1460 5506 causa
1486 5453 1717 5521 diruptis
1747 5451 2048 5506 visceribus
2065 5467 2275 5521 pcenam
2308 5525 2312 5528 _

743 5546 790 5600 is
823 5548 1143 5604 sustulisset,
1181 5553 1564 5597 commemorat
1597 5562 1608 5596 :
1651 5543 2047 5598 duodenarium
2086 5557 2276 5596 nume-

743 5651 881 5698 rum,
910 5649 1070 5702 quem
1095 5633 1353 5683 Dominus
1383 5630 1436 5684 in
1464 5635 1719 5701 aposwlis
1749 5648 1961 5690 sacrum
1999 5631 2274 5690 voluisset,

745 5726 945 5781 inJuda
975 5719 1479 5783 diminutum,haud
1532 5725 1936 5793 despiciendum
1981 5738 2128 5780 esse:
2187 5724 2301 5772 aut'

814 5843 856 5874 “
890 5839 1004 5893 Act.
1052 5852 1085 5904 l,
1125 5839 1206 5891 15.

2374 4641 2802 4705 καταπαίξαντες
2853 4628 3227 4706 ἐσταύρωσανο
3269 4635 3379 4701 δ’δὲ
3408 4634 3495 4686 τὸν
3530 4632 3773 4702 θάνατον,
3818 4627 3895 4680 καὶ

2372 4732 2461 4784 τὸν
2496 4732 2556 4784 τὺ
2582 4731 2778 4799 κράτος
2834 4729 3021 4797 ἔχοντα
3048 4725 3138 4781 τοῦ
3172 4726 3396 4778 θανάτου
3423 4722 3766 4792 πεπατηκὼς,
3798 4735 3892 4787 τρι-

2376 4822 2578 4891 ήμερος
2604 4821 2820 4888 ἀνίσχεν
2849 4819 2910 4868 ὲκ
2934 4816 3040 4869 τῶν
3084 4814 3309 4880 νεκρῶν,
3349 4816 3442 4866 καὶ
3489 4813 3705 4881 τρόποις
3732 4807 3893 4863 ἑαυτὸν

2376 4913 2611 4965 πλείοσιν
2660 4908 2958 4978 ἐμφανίσας
3006 4909 3112 4968 τοῖς
3156 4906 3442 4975 μαθηταῖς,
3472 4902 3721 4970 ὁρώντων
3748 4896 3891 4951 αὐτῶν

2376 5003 2596 5071 ἔσχατον
2622 5004 2700 5059 είς
2722 5001 2809 5051 τὸν
2839 4998 3064 5064 οὐρανὸν
3093 4999 3544 5067 ἀναλαμὸάνεται.
3589 4990 3796 5058 Ἐπειδὴ
3819 4983 3889 5050 05y

2375 5091 2516 5143 οὕτω
2565 5088 2733 5140 ταῦτα
2771 5086 3162 5146 συντετέλεστο,
3211 5087 3519 5138 ἀνίσταται
3553 5082 3648 5149 μὲν
3691 5083 3718 5132 ὁ
3747 5077 3891 5148 μέγας

2377 5182 2589 5246 Πέτρος
2621 5177 2777 5239 εὐθύς
2801 5194 2816 5208 ο
2846 5177 3019 5245 τούτῳ
3053 5177 3159 5245 γὰρ
3182 5175 3270 5227 τοῦ
3299 5174 3454 5241 λόγου
3481 5171 3578 5239 τὴν
3606 5166 3888 5238 ἠγεμονίαν.

2378 5272 2466 5323 καὶ
2495 5270 2588 5336 τῆς
2628 5267 2948 5335 Ἐκκλησίας
2979 5264 3378 5334 ἐγκεχειρίσθαι
3407 5260 3503 5330 τὴν
3532 5255 3886 5327 ποιμαντικήν·

2375 5361 2430 5410 ὲν
2466 5359 2610 5426 μέσῳ
2638 5358 2690 5410 δὲ
2724 5359 2798 5429 τῷ
2833 5356 3027 5424 πλήθει
3056 5356 3161 5407 τῶν
3191 5353 3500 5406 ἀποστόλων
3533 5352 3589 5401 ὲν
3635 5351 3712 5419 τῷ
3750 5343 3886 5400 Πνεύ·

2379 5465 2505 5515 ματι
2529 5449 2872 5517 δημηγορῶν,
2897 5446 3296 5514 ἀναμιμνήσκει
3329 5442 3422 5509 μὲν
3449 5439 3545 5510 τὴν
3600 5440 3761 5493 Ἰούδα
3781 5450 3889 5498 πρ)-

2375 5538 2574 5599 δοσίαν,
2606 5541 2697 5590 καὶ
2727 5537 2875 5606 ῥῆξιν
2907 5536 2971 5603 ἢν
3001 5535 3066 5586 δι’
3095 5531 3261 5602 αὐτὴν
3290 5531 3490 5598 ὑπέστη
3517 5547 3529 5560 ·
3569 5531 3668 5584 οὐκ
3695 5531 3822 5593 ἀξιον
3844 5521 3887 5574 δέ

2377 5646 2506 5698 φησι
2532 5629 2628 5697 τὴν
2658 5629 2732 5696 τῷ
2764 5625 2946 5693 Κυρίῳ
2973 5627 3332 5694 τετιμημένην
3380 5621 3649 5674 δωδεκάδα
3682 5615 3890 5692 μειωθεῖ-

2381 5737 2476 5773 σαν
2524 5717 2816 5788 ὑπεριδεῖν,
2849 5715 2967 5768 οὐδὲ
2997 5717 3083 5769 τὸν
3114 5712 3203 5766 τοῦ
3256 5713 3702 5781 παραϐεϐηκότος
3753 5709 3887 5760 τόπον
