3922 6314
175 405 292 470 2τῖ

921 405 1194 466 ORATIO
1234 404 1474 462 XiV.-—
1516 403 1591 460 IN
1636 402 1942 460 LAUDEM
1982 406 2040 463 S.
2069 405 2376 463 MATHLE
2416 408 2655 467 APOST.

3296 415 3398 476 278

178 516 564 588 κεκενωμένον
605 517 839 585 ὁρῶντας
884 514 1245 583 παραμελεῖν·
1295 514 1389 564 ἕνα
1439 513 1492 564 δὲ
1524 514 1630 564 δεῖν
1655 513 1741 563 τὸν

1847 514 2314 578 committendum,
2370 527 2426 568 ut
2473 534 2632 585 quem
2687 520 2903 575 videant
2957 537 3188 575 vacuum
3245 524 3392 578 Iudae

178 609 249 660 ἐκ
286 609 394 676 τῆς
417 607 667 676 δευτέρας
714 605 935 669 τάξεως,
994 605 1108 670 ἦτοι
1147 603 1244 670 τῆς
1285 604 1427 670 ἱερᾶς
1457 601 1564 685 τῶν
1615 604 1747 654 ἀπο-

181 697 398 750 στόλων
440 695 923 765 ἐϐδομηκοντάδος,
999 692 1101 744 τῶν
1148 692 1396 758 ἀπαρχῆς
1433 692 1524 743 τοῦ
1582 693 1744 757 εὐαγ-

182 786 415 853 γελικοῦ
440 786 782 854 κηρύγματος
809 786 962 851 ἄχρις
994 782 1158 849 αὐτῆς
1186 783 1496 850 ἀναλήψεως
1531 783 1604 850 τῷ
1643 783 1747 850 Ἰη-

184 875 286 927 σοῦ
321 874 892 944 παρηκολουθηκότων,
924 872 1010 923 τὸν
1035 871 1396 938 δοκιμώτατον
1420 871 1602 940 κλήρῳ
1635 873 1745 924 δια-

179 963 440 1026 γνόντας,
471 964 545 1022 si;
576 961 664 1013 τὸν
701 960 790 1012 τοῦ
820 959 1255 1028 ἀπωλισθηκότος
1286 962 1745 1030 ἀντικαταστῆσαι

179 1049 295 1118 τιλῆ
304 1066 423 1120 ρον.

256 1228 374 1280 Καὶ
399 1227 588 1290 οὕτως,
613 1220 657 1280 ὧ
687 1228 1067 1297 μακαριώτατε
1109 1228 1192 1289 σὺ,
1233 1227 1290 1278 ἐν
1331 1226 1516 1296 μέσοις
1560 1228 1741 1292 αὐτοῖς

180 1317 262 1380 ὦς
293 1320 689 1389 ἐπισημότατος
709 1319 812 1370 τῶν
836 1318 1007 1403 ἄλλων
1029 1317 1348 1385 προδληθείς
1373 1335 1429 1371 τε
1457 1319 1544 1370 καὶ
1569 1337 1746 1389 παρα-

184 1409 346 1474 στὰς,
379 1408 473 1466 καὶ
496 1410 573 1480 τῷ
603 1408 728 1478 ἱερῷ
759 1408 1390 1478 συγκληρωθεὶςἸοὺο-τῳ
1415 1424 1428 1439 ⁸
1460 1404 1601 1474 εἷτα,
1626 1413 1745 1475 ταῖς

183 1496 297 1552 τῶν
335 1499 643 1567 κορυφαίων
695 1500 860 1567 ἱεραῖς
902 1491 1241 1566 προσευχαῖς,
1278 1497 1371 1550 xui.
1428 1499 1621 1567 μᾶλλον
1678 1503 1742 1570 τῇ

179 1587 376 1662 δικαία
420 1591 512 1644 τοῦ
538 1591 669 1643 Θεοῦ
700 1591 882 1659 ψήφῳ,
929 1590 1022 1643 τοῦ
1066 1591 1134 1643 τὰ
1185 1590 1319 1660 βάθη
1353 1590 1459 1643 τῶν
1501 1591 1743 1646 διανοιῶν

180 1682 446 1751 ὁρῶντος,
495 1681 586 1733 τοῦ
615 1682 813 1752 κλήρου
860 1682 1111 1744 πεσόντος
1152 1682 1242 1733 ἐπὶ
1276 1683 1353 1747 σὲ,
1388 1682 1741 1754 ἀναλαμϐάνῃ

188 1773 292 1839 μὲν
322 1772 391 1823 ὲκ
413 1771 520 1824 τῶν
566 1772 988 1841 Ἐϐδομήκοντα,
1020 1775 1129 1836 τοῖς
1158 1772 1349 1824 ἕνδεκα
1383 1772 1439 1824 δὲ
1469 1789 1741 1839 συγκατα-

183 1826 522 1930 immotis.
576 1863 668 1915 τὸν
717 1826 892 1931 τίμιον
948 1826 1045 1932 τὴς
1093 1826 1387 1924 ἑωδεκάδος
1437 1826 1743 1935 ἀνέπλησας
1775 1826 1813 1880 Β

184 1952 457 2022 ἀριθμόνο
491 1953 660 2016 οὕτως
683 1953 778 2023 τὴν
832 1953 1095 2023 μυστικὴν
1131 1954 1223 2006 τοῦ
1262 1953 1394 2007 Θεοῦ
1443 1955 1742 2025 παράταξιν

185 2048 602 2118 ἀνεπλήρωσας,
629 2050 723 2102 καὶ
748 2049 843 2120 τὴν
871 2051 960 2102 ἐπί
983 2049 1060 2118 τῷ
1087 2051 1395 2102 πεπτωκότι
1435 2049 1608 2118 λύπην
1635 2051 1744 2110 τοῖς

187 2137 284 2190 τοῦ
318 2137 482 2206 λόγου
512 2143 1009 2208 πρωταγωνιστής,
1045 2140 1132 2193 διὰ
1157 2142 1254 2211 τῆς
1281 2141 1377 2210 σῆς
1403 2141 1743 2214 ἀναστάσεως

189 2229 571 2298 παρεμυθήσω
597 2247 611 2261 ο
648 2231 739 2283 καὶ
791 2230 886 2300 τὴν
937 2231 1237 2302 ἐπισκοπὴν
1269 2232 1472 2284 ἐκείνου
1523 2231 1660 2283 κατά
1686 2230 1745 2283 τὸ

190 2315 338 2384 ἱερὸν
365 2316 543 2384 λόγιον
567 2317 763 2382 λαϐὼν,
797 2321 889 2372 καὶ
933 2319 1026 2372 τοῦ
1062 2319 1261 2389 κλήρου
1318 2320 1416 2388 τῆς
1448 2319 1746 2386 ἀποστολῆς

189 2406 718 2476 κεκληρονομηκιὶκ·
761 2411 853 2462 καὶ
907 2409 1004 2477 τῆς
1035 2410 1391 2477 ἀποστολικῆς
1442 2411 1603 2478 τιμῆς
1653 2410 1745 2461 καὶ

190 2497 460 2566 καθέδρας
507 2500 640 2560 τέως
683 2501 780 2567 μὲν
817 2500 912 2568 τῆς
961 2500 1106 2552 κάτω
1150 2500 1242 2552 καὶ
1299 2501 1579 2552 κατέναντι
1639 2499 1746 2549 τῶν

192 2587 384 2648 ἐθνῶν,
424 2589 560 2657 μετά
599 2590 766 2642 ταῦτα
809 2590 863 2641 δέ
896 2592 986 2641 καὶ
1014 2591 1109 2658 τῆς
1133 2591 1187 2641 ἐν
1213 2590 1456 2658 οὐρανοῖς
1490 2590 1638 2658 παρὰ
1666 2587 1744 2658 τῷ

193 2676 501 2745 ἐπουρανίῳ
553 2677 988 2747 συγκαθιζήσεως
1020 2679 1252 2741 Βασιλεῖ,
1321 2681 1434 2747 ἅμα
1473 2682 1578 2740 τοῖς
1609 2697 1740 2748 πρε-

197 2763 485 2826 σϐυτάτοις
509 2767 926 2835 κατηξιωμένος,
969 2766 1178 2836 όφθήσῃ
1212 2766 1463 2833 φαιδρῶς,
1496 2767 1622 2836 ὠςὴ
1653 2767 1743 2820 τοῦ

193 2849 459 2917 ἀψευδοῦς
489 2854 793 2920 ὑπόσχεσις,
824 2855 951 2915 τοῖς¹
978 2854 1167 2906 ἕνδεκα
1200 2855 1622 2921 συγκαθήμενος,
1655 2858 1744 2908 καὶ

195 2939 398 3006 κρίνων
429 2937 518 2990 τὸν
561 2939 792 3008 Ἰσραήλ.
835 2938 988 2991 am
1015 2938 1167 2991 τοῦτο
1199 2940 1294 3009 μὲν
1337 2939 1577 3010 ὕστερον.

266 3113 400 3164 Τότε
449 3114 505 3165 δέ
542 3116 650 3176 τοῖς
680 3115 913 3184 πρώτοις
941 3115 1046 3167 τῶν
1079 3116 1234 3186 ιερῶν
1271 3097 1527 3184 θεολόγων
1552 3118 1625 3180 ὡς
1669 3112 1745 3177 εἷς

196 3203 269 3256 ὢν
289 3203 470 3255 αὐτῶν
495 3204 551 3255 ἐν
581 3205 771 3274 ἐκείνῳ
796 3205 871 3274 τῷ
901 3204 1129 3275 ὑπερῴῳ
1161 3207 1507 3277 συνεδρεύων,
1534 3211 1625 3260 καὶ
1649 3209 1745 3276 τὴν

195 3293 285 3344 τοῦ
316 3292 631 3362 Πνεῦματος
684 3295 880 3359 ὁμοίως
908 3295 1127 3358 ἐκείνοις
1158 3297 1484 3362 ἐπαγγελίαν
1516 3299 1742 3366 προσδε-

197 3385 424 3452 χόμενος
445 3401 459 3414 ·
495 3385 677 3453 ἐπειδὴ
704 3385 762 3436 τὸ
788 3385 1002 3454 Πνεῦμα
1031 3388 1089 3438 τὸ
1115 3387 1264 3454 ἆγιον
1292 3388 1390 3456 τῆς
1428 3389 1586 3452 ἁγίας
1614 3389 1746 3439 Πεν-

195 3474 461 3542 τηκοστῆς
522 3474 1025 3543 συμπληρουμένης,
1061 3476 1346 3544 οὐρανόθεν
1380 3479 1436 3527 ἐν
1465 3478 1591 3529 εῖδει
1643 3495 1743 3528 πυ-

198 3563 356 3632 ρίνων
378 3563 636 3632 ἐπεδήμει
667 3563 942 3630 γλωσσῶν,
974 3566 1065 3616 καὶ
1092 3566 1176 3633 ἐφ’
1202 3567 1280 3617 ἐνὶ
1306 3567 1507 3619 τούτων
1535 3567 1743 3637 ἐκάστῳ

197 3651 578 3720 καθεζόμενον,
616 3652 710 3718 τῆς
757 3652 940 3704 ἑαυτοῦ
991 3654 1264 3722 δυνάμεως
1295 3655 1548 3724 ἐπλήρου,
1606 3656 1740 3724 πλη-

199 3740 388 3811 ροῦται
418 3743 515 3812 μὲν
548 3743 641 3796 καὶ
672 3741 831 3807 αὐτὸς
855 3744 1069 3814 χάριτος
1116 3743 1312 3816 ζώσης,
1366 3746 1664 3815 πληροῦσαι
1686 3749 1741 3800 δέ

202 3833 384 3900 σοφίας
421 3834 516 3886 καὶ
570 3835 848 3897 συνέσεως.
895 3837 1001 3888 Καὶ
1037 3837 1095 3887 οὐ
1126 3837 1279 3904 τήνδε
1336 3837 1430 3905 μὲν
1465 3838 1740 3907 ἐνέργειαν

197 3923 285 3976 τοῦ
315 3923 669 3993 Παρακλήτου
701 3925 965 3987 πλουτεῖς,
1005 3927 1102 3994 τῆς
1139 3926 1195 3979 δέ
1237 3925 1395 3998 λείπῃ
1416 3943 1428 3956 ·
1469 3927 1654 3998 ὥσπερ
1685 3930 1739 3982 δὲ

199 4011 317 4073 ναὸς
345 4012 587 4082 καθαρὸς
619 4014 709 4065 καὶ
737 4014 910 4081 ἅγιος,
948 4015 1113 4084 αὐτῆς
1141 4016 1230 4068 τοῦ
1271 4017 1402 4069 Θεοῦ
1431 4018 1740 4087 Πνεύματος

197 4104 287 4172 τῆς
312 4104 520 4166 οὐσίας,
538 4105 644 4165 τοῖς
674 4104 850 4166 ἄλλοις
874 4105 1070 4172 ὁμοίως
1106 4108 1421 4170 ἀποστόλοις
1451 4109 1536 4161 διὰ
1564 4112 1740 4179 πάσης

201 4191 483 4260 γενόμενος
508 4193 704 4261 ἀρετῆς
751 4193 840 4244 καὶ
872 4193 979 4260 βίου
1020 4193 1402 4263 καθαρότητος,
1429 4197 1551 4265 ὅλην
1576 4199 1741 4266 ὑπερ-

204 4283 452 4351 αρῤήτως
507 4283 598 4334 καὶ
651 4283 984 4352 ὑπιρουσίως
1039 4284 1096 4335 ἐν
1148 4285 1320 4352 ἐαυτῷ
1372 4285 1465 4355 τὴν
1517 4287 1740 4357 θεότητα

205 4374 549 4435 κατέπαυσας
569 4389 584 4404 ·
613 4373 752 4425 οὕτω
779 4373 834 4425 δέ
855 4373 948 4426 καὶ
973 4373 1079 4424 τῶν
1113 4378 1492 4444 πνευματικῶν
1515 4382 1736 4448 ἐνεργη-

1845 603 2275 672 prmvaricatoris
2341 606 2553 670 locum,
2611 609 2712 676 ipsi
2770 611 3046 681 negligant
3095 629 3106 664 :
3177 629 3398 668 necesse

1845 709 1984 756 esse,
2025 704 2083 748 ut
2113 694 2179 749 de
2225 696 2460 748 secunda
2495 699 2663 750 classe
2703 701 2829 766 (hoc
2872 712 2974 764 est,
3016 720 3079 755 ex
3122 720 3272 757 sacra
3319 720 3402 756 sc-

1845 784 2121 852 ptuaginta
2151 785 2517 852 apostolorum
2555 787 2732 854 turba)
2770 805 2934 841 unum
2965 807 3027 843 ex
3059 792 3159 854 his,
3208 794 3299 860 qui
3333 793 3400 844 al:

1845 875 2169 943 evangelica:
2199 875 2594 944 prmdicalionis
2634 879 2856 931 exordio
2890 881 2953 932 ad
2980 881 3156 948 ipsam
3187 884 3312 936 Jcsu
3347 884 3400 935 in

1845 966 2040 1019 cmlum
2095 967 2487 1034 receptionem,
2537 970 2723 1021 sedulo
2767 973 3014 1024 assectati
3074 973 3200 1037 sint,
3238 990 3397 1041 quem
3474 999 3480 1008 ι

1844 1056 2361 1111 sortisindicationc
2397 1059 2837 1125 probatissimum
2874 1064 3143 1126 noverint,
3181 1065 3231 1116 in
3283 1067 3401 1134 ejus

1843 1148 1938 1215 qui
1969 1146 2152 1216 lapsus
2188 1148 2278 1210 sit,
2307 1157 2508 1201 sortem
2541 1163 2847 1217 munusque
2883 1151 3168 1206 sufﬁciant.

1910 1234 2086 1304 Atque
2137 1237 2235 1291 hac
2266 1237 2493 1300 ratione,
2537 1247 2592 1290 tu
2631 1241 2683 1295 (ο
2715 1238 3085 1307 beatissime!)
3127 1257 3226 1295 ceu
3278 1244 3403 1296 reli-

1843 1321 1965 1388 quis
1996 1322 2277 1385 illustrior,
2319 1324 2371 1376 in
2428 1323 2663 1377 medium
2698 1327 2996 1393 productus
3021 1344 3083 1382 ac
3115 1340 3404 1397 praesenta-

1845 1417 1952 1472 tus,
1985 1409 2217 1479 dataque
2245 1427 2367 1464 cum
2414 1421 2601 1466 sancto
2629 1414 2784 1468 Justo
2825 1417 3100 1469 communi
3149 1420 3404 1488 sociaque

1844 1511 2009 1566 sorte,
2043 1512 2264 1573 tumque
2302 1505 2471 1559 sacris
2517 1507 2928 1576 coryphaeorum
2960 1509 3216 1578 precibus
3251 1512 3403 1579 (quin

1823 1591 1937 1646 'Dei
1972 1595 2171 1662 potius,
2206 1595 2292 1650 cui
2317 1595 2622 1649 animorum
2657 1597 2927 1666 profunda
2944 1609 3225 1666 perspecta
3257 1610 3401 1664 sunt,

1837 1681 1984 1751 justo
2018 1682 2316 1753 suﬂragio),
2346 1685 2434 1737 illa
2464 1685 2517 1738 in
2551 1694 2600 1740 te
2633 1685 2886 1753 cadente,
2945 1703 3022 1740 ex.
3053 1688 3403 1759 Septuaginta

1842 1783 2168 1842 assumptus,
2232 1774 2593 1845 undecimque
2643 1777 2837 1846 primis
2890 1778 3155 1844 adlectus,
3218 1795 3403 1833 sacra.

1843 1867 2024 1911 mento
2051 1860 2416 1928 venerabilem
2453 1861 2844 1916 duodenarium
2895 1880 3180 1940 numerum
3215 1866 3403 1934 imple-

1842 1945 1932 1998 sti.
1967 1945 2055 2000 Sic
2079 1945 2336 2002 nimirum
2360 1949 2642 2019 mysticam
2691 1951 2785 2004 Dei
2829 1952 3000 2006 aciem
3031 1954 3294 2022 integram
3326 1954 3401 2005 ef-

1841 2036 2038 2102 fecisti,
2069 2052 2460 2109 aspersumque
2482 2040 2635 2094 Juda:
2658 2043 2815 2095 ruina
2844 2043 3033 2111 primis
3083 2044 3189 2098 illis
3235 2060 3400 2097 evan-

1842 2129 2023 2197 gelicae
2046 2129 2446 2196 praedicationis
2469 2129 2700 2184 ducibus
2731 2147 3020 2186 mcerorem
3048 2135 3398 2188 suscitatione

1843 2225 1934 2270 tua
1960 2218 2263 2274 abstersisti
2289 2221 2331 2250 δ”
2357 2237 2368 2272 :
2404 2221 2657 2290 illiusque
2693 2232 2888 2277 nactus
2915 2225 3287 2293 episcopatum
3317 2226 3400 2291 (ut

1844 2322 1998 2361 sacro
2028 2312 2450 2377 praenuntiatum
2493 2322 2610 2368 erat
2640 2315 2886 2380 oraculo)
2921 2326 3232 2384 sortemque
3266 2333 3398 2385 apo-

1845 2395 2024 2450 stolici
2070 2400 2314 2454 muneris
2365 2411 2511 2457 sorte
2557 2404 2787 2474 adeptus
2828 2396 3197 2474 (apostolicam
3247 2409 3400 2462 deni-

1844 2499 1951 2553 que
1995 2485 2310 2556 dignitatem
2337 2505 2400 2545 ac
2440 2492 2644 2558 sedem,
2675 2494 2938 2548 hactenus
2960 2496 3178 2562 quidem
3209 2496 3260 2548 in
3293 2505 3399 2550 ter-

1845 2575 1919 2630 ris
1951 2589 2005 2631 et
2031 2592 2216 2632 coram
2262 2582 2532 2649 gentibus,
2564 2593 2749 2651 postea
2783 2600 2914 2639 vero
2951 2586 3109 2639 etiam
3135 2587 3188 2639 in
3219 2586 3394 2654 caelis)

1843 2666 2102 2720 caelorum
2133 2669 2264 2739 Regi
2301 2678 2359 2723 ut
2383 2671 2669 2726 consideas
2717 2689 2824 2726 una
2853 2688 2974 2727 cum
3002 2675 3398 2744 antiquissimis

1844 2757 1949 2813 illis
1974 2772 2302 2816 consecutus
2340 2763 2459 2816 laete
2502 2779 2566 2817 ac
2604 2751 2889 2832 splendide
2918 2768 2999 2830 (ut
3027 2769 3144 2836 ejus
3180 2767 3272 2835 qui
3303 2782 3397 2822 ve-

1844 2861 1937 2899 rax
1961 2855 2044 2901 est
2088 2850 2375 2916 promissio
2403 2853 2507 2914 est)
2553 2853 2670 2920 pari
2701 2867 2826 2906 cum
2868 2855 3121 2908 undecim
3168 2857 3398 2926 collegio

1844 2932 2038 2986 sedens
2073 2949 2136 2988 ac
2176 2934 2428 2989 Israelem
2477 2938 2746 3006 judicans,
2789 2943 3072 3010 apparebis
3105 2944 3169 2996 ⁸⁸.
3195 2945 3394 2998 Verum

1846 3017 1960 3071 hare
1989 3029 2193 3086 postea.

1915 3106 2069 3163 Tunc
2099 3127 2228 3166 vero
2255 3129 2359 3169 una
2404 3130 2528 3169 cum
2571 3131 2848 3171 sacrorum
2888 3119 3262 3189 theologorum
3286 3125 3399 3192 pri-

1847 3195 1952 3249 mis
1977 3201 2311 3256 antistitibus
2346 3205 2494 3258 velut
2524 3221 2664 3259 unus
2697 3221 2762 3260 ex
2801 3208 2880 3262 eis
2911 3210 2964 3262 in
2997 3213 3280 3266 caenaculo
3306 3215 3398 3268 illo

1847 3288 2162 3350 consedens,
2201 3293 2424 3361 parique
2469 3295 2574 3348 illis
2619 3297 2831 3350 ratione
2859 3300 3185 3366 promissum
3224 3303 3399 3371 Spiri-

1847 3385 1957 3429 tum
1985 3389 2230 3433 sanctum
2275 3394 2628 3452 exspectans;
2674 3387 3013 3443 divinissimo
3062 3389 3154 3444 illo
3193 3392 3395 3460 Spiritu

1844 3465 1970 3519 dum
2006 3471 2368 3538 compleretur
2397 3484 2581 3528 sancta
2622 3475 2939 3531 Pentecoste
2964 3481 3242 3548 ignearum
3271 3499 3395 3550 spe-

1843 3556 1924 3610 cie
1951 3557 2252 3627 linguarum
2286 3577 2316 3614 e
2344 3564 2482 3617 cmlo
2504 3565 2778 3631 veniente,
2823 3583 2885 3623 ac
2918 3570 3160 3638 singulos
3205 3588 3394 3625 eorum

1841 3647 2040 3715 quibus
2070 3650 2289 3716 insedit,
2337 3668 2433 3706 sua
2464 3656 2666 3710 virtute
2721 3658 3000 3726 implente,
3045 3662 3301 3730 impletus
3337 3675 3392 3717 et

1844 3735 1957 3804 ipse
1983 3737 2104 3792 viva
2155 3744 2324 3810 gratia
2369 3759 2460 3796 es:
2505 3745 2760 3813 impletus
2790 3749 3054 3816 sapientia
3090 3760 3143 3804 et
3195 3754 3394 3806 intelli-

1842 3827 2052 3894 gentia:
2082 3844 2186 3883 nec
2215 3831 2315 3885 hac
2342 3834 2559 3900 quidem
2590 3835 2853 3890 Paracleti
2881 3839 3084 3894 virtute
3116 3842 3397 3897 afﬂuenter

1842 3913 2074 3971 donatus
2103 3933 2184 3978 es,
2223 3921 2421 3988 illaque
2452 3923 2737 3978 deficeris:
2765 3926 2896 3992 quin
2928 3930 3112 3994 potius
3142 3931 3397 3984 substan-

1843 4004 1929 4059 tiae
1951 4006 2044 4060 Dei
2083 4008 2334 4077 Spiritus,
2371 4012 2522 4065 velut
2569 4015 2832 4068 mundum
2874 4028 3228 4087 sanctumque
3272 4030 3399 4073 tem.

1842 4093 2011 4167 plum,
2043 4097 2186 4150 haud
2230 4113 2388 4153 secus
2425 4116 2487 4154 ac
2528 4103 2757 4170 apostoli
2793 4106 3007 4173 reliqui,
3057 4110 3206 4169 omni
3246 4112 3396 4163 cultu
3487 4163 3492 4173 ,

1841 4184 2055 4238 virtutis
2103 4187 2335 4256 vitaeque
2383 4190 2670 4254 munditia,
2719 4193 2966 4256 effectus,
3018 4198 3163 4250 nulla
3198 4201 3396 4252 verbo-

1843 4289 1958 4326 rum
1987 4276 2037 4327 vi
2068 4278 2394 4344 explicaliili,
2452 4281 2897 4352 divinissiniaque
2951 4288 3182 4350 ratione,
3237 4293 3287 4342 in
3346 4301 3396 4344 te

1842 4368 2007 4413 totam
2042 4362 2379 4418 divinitatem
2415 4369 2802 4434 conquiescere
2840 4371 3116 4438 fecisti)”,
3148 4385 3310 4444 atque
3344 4378 3397 4431 in

205 4464 395 4529 μάτων,
424 4465 493 4516 οὐ
525 4463 635 4515 τῶν
665 4464 780 4533 μὶν,
809 4463 915 4516 τῶν
952 4464 992 4515 δ’
1019 4464 1076 4514 οῦ
1097 4480 1111 4492 ·
1153 4467 1364 4518 πάντων
1396 4467 1450 4518 δέ
1483 4469 1738 4537 κατηξιω-

1845 4467 1962 4504 eum
1993 4452 2233 4518 modum,
2262 4470 2369 4507 non
2395 4457 2498 4509 alia
2525 4457 2766 4526 quidem,
2792 4463 2916 4517 aliis
2932 4464 3278 4530 desideratis,
3304 4470 3398 4522 sed

207 4553 370 4621 μένος,
429 4554 526 4606 καὶ
575 4555 770 4616 πάσαις
814 4553 985 4615 θείαις
1039 4554 1297 4621 δυνάμεσι
1341 4555 1439 4623 τῆς
1463 4556 1554 4608 τοῦ
1602 4557 1734 4608 Θεοῦ

204 4641 659 4712 συγκφτούμενος
683 4642 878 4704 δεξιᾶς,
914 4642 1177 4709 εὐκαίρως
1207 4645 1297 4694 καὶ
1336 4643 1493 4704 αὐτὸς
1522 4647 1630 4707 τοῖς
1653 4646 1738 4708 ζο-

206 4731 519 4799 φορωτὲροις
554 4729 830 4796 ἐπιδημεϊς
863 4729 968 4780 τῶν
1010 4729 1193 4794 ἐθνῶν,
1241 4732 1520 4799 περιουσίᾳ
1549 4732 1732 4802 νοεροῦ

208 4821 587 4886 κατακαλύψων
617 4820 806 4884 φωτός.

267 4908 368 4961 Καὶ
391 4911 501 4977 γὰρ
544 4906 726 4975 ὥσπερ
749 4906 849 4975 ὑλῃ
899 4905 1001 4957 τινὶ
1049 4906 1323 4975 παχυτέρα
1351 4923 1408 4958 τε
1461 4908 1552 4958 καὶ
1582 4911 1739 4977 ὑγρο-

211 4998 320 5068 τέρᾳ
365 5001 480 5067 πῦρ
511 4998 792 5068 ἐμϐληθὲν,
842 4995 1080 5064 ἀμυδρὸν
1115 4998 1209 5063 μὲν
1241 4996 1319 5060 ὃν,
1358 4997 1489 5064 ἐσὸη
1517 5001 1607 5050 καὶ
1641 5017 1737 5067 με·

212 5088 464 5155 μάρανται
511 5088 789 5157 παραυτά,
841 5086 936 5151 τῆς
983 5083 1284 5150 παχύτητος
1344 5084 1376 5152 ἢ
1443 5085 1738 5154 ὑγρότητος

208 5177 418 5243 ἡττηθιν
439 5194 455 5208 ο
494 5177 689 5245 λάϐρον
730 5176 773 5227 δ’
801 5177 880 5228 ὅτι
922 5175 1149 5243 μάλιστα
1176 5175 1266 5223 καὶ
1292 5173 1614 5243 δραστήριον
1646 5193 1738 5226 πει

214 5267 378 5335 φηνδς,
412 5267 722 5334 παραυτίκα
753 5266 844 5334 μὲν
869 5265 1004 5326 ἴσως,
1025 5264 1121 5315 οὐκ
1144 5264 1332 5332 ἀνῆψε,
1365 5267 1429 5333 τῇ
1456 5265 1548 5315 τοῦ
1571 5265 1737 5316 ὑπεκ-

215 5349 463 5418 καύματος
494 5352 947 5420 ἀνεπιτηδειότητι
972 5369 985 5381 ·
1021 5351 1341 5418 ἐνδομυχοῦν
1373 5351 1427 5402 δέ
1460 5353 1596 5404 κατά
1643 5352 1734 5420 βά-

213 5437 306 5500 θος,
337 5443 423 5492 καί
478 5440 775 5506 λεληθότως
819 5443 912 5510 τὴν
964 5443 1319 5510 ὑποκειμένην
1374 5442 1728 5510 ἀναξηραῖνον

213 5525 342 5598 ὓλην,
384 5531 462 5590 εἰς
495 5530 734 5596 μεγάλην
761 5529 1006 5599 ἐξαίφνης
1039 5530 1388 5599 ἀνερριπίσθη
1419 5531 1608 5597 φλόγα,
1640 5535 1729 5583 καὶ

277 5701 475 5760 "Psal.
509 5718 649 5772 cmi,
685 5703 734 5759 8.

1835 4539 2015 4593 omnia
2046 4541 2191 4595 illius
2221 4543 2359 4596 dona
2389 4555 2740 4612 consecutus,
2795 4553 3117 4621 cunctisque
3149 4555 3241 4608 Dei
3271 4555 3400 4609 dex—

1839 4637 1968 4683 tera:
1997 4631 2293 4688 virtutibus
2347 4635 2666 4702 instructus,
2726 4651 3033 4709 opportune
3081 4655 3135 4697 et
3182 4645 3296 4714 ipse
3331 4647 3396 4699 ad

1838 4730 2026 4788 gentes
2061 4724 2249 4792 majori
2290 4725 2485 4779 oblitas
2518 4729 2768 4798 caligine,
2800 4732 3202 4789 abundantiore
3235 4752 3400 4806 oper-

1842 4819 1996 4866 turus
2018 4812 2135 4866 luce
2160 4815 2437 4881 profectus
2462 4833 2538 4871 es.

1909 4901 2119 4954 Etenim
2147 4903 2287 4956 sicut
2311 4905 2471 4973 ignis,
2501 4908 2544 4960 si
2569 4908 2620 4960 in
2650 4909 2970 4964 crassiorem
3008 4913 3396 4967 hmnidiorom~

1835 5005 1940 5056 que
1967 4987 2192 5045 forsitan
2238 4994 2507 5062 lignorum
2550 5009 2755 5054 struem
2787 5002 3021 5070 injicias,
3073 5005 3250 5071 sitque
3304 5007 3390 5057 ille

1835 5079 1994 5133 exilis
2023 5097 2086 5134 ac
2120 5085 2316 5146 tenuis,
2350 5101 2474 5139 mox
2516 5090 2881 5158 exstinguitur
2941 5100 2998 5145 et
3031 5095 3385 5161 elanguescit.

1836 5171 2100 5224 crassitiei
2143 5174 2218 5225 illi
2268 5190 2332 5228 ac
2361 5175 2881 5232 humiditati-victus
2927 5182 3266 5233 concedens:
3303 5182 3382 5231 sin

1841 5269 2019 5312 autem
2065 5263 2293 5317 maxime
2325 5279 2485 5317 vorax
2516 5265 2766 5333 aerisque
2808 5269 3095 5326 exstiterit,
3123 5267 3219 5317 etsi
3247 5266 3383 5317 forte

1841 5363 1949 5401 non
2002 5351 2251 5417 protinus
2295 5352 2550 5406 accendat
2597 5352 2826 5408 inhabili
2874 5355 3054 5408 fomite
3114 5367 3213 5404 nec
3253 5352 3384 5404 satis

1839 5436 2120 5505 disposito,
2163 5441 2397 5506 penitius
2430 5451 2606 5495 tamen
2647 5442 2889 5498 insidens
2935 5443 3143 5506 imaque
3184 5455 3381 5507 ρει-να-

1836 5526 1989 5590 dens,
2019 5543 2081 5581 ac
2109 5531 2303 5583 sensim
2337 5531 2632 5600 subjectam
2664 5535 2935 5588 materiam
2977 5529 3277 5596 exsiccans,
3326 5531 3380 5584 in

815 5705 854 5735 “
887 5704 1063 5761 Matth.
1102 5727 1209 5773 xix,
1250 5710 1338 5763 9.8.
1407 5711 1444 5739 "
1476 5711 1626 5765 Joan.
1664 5730 1733 5777 μ’,
1774 5716 1857 5770 ῑῖὶ.
