3922 6314
627 355 733 431 279

1754 329 2044 412 meum
2081 318 2607 411 PAPHLAGONIS

3735 335 3826 395 280

623 480 874 536 magnam
922 463 1212 529 derepente
1249 459 1613 513 exsuscitatur
1650 458 1941 523 ﬂammam,
1989 467 2181 512 totam-

2291 456 2406 527 ΰλην
2420 455 2487 508 δι’
2519 454 2636 508 ὅλου
2668 450 2944 536 λεπτῦνον,
2981 446 3154 516 ἑαυτῷ
3201 443 3538 536 εξωμοίωσεν
3560 459 3574 471 ⁸
3605 442 3749 495 οὕτω
3771 438 3826 511 δή

626 570 731 624 que
761 568 983 623 prorsus
1007 551 1200 603 molem
1236 558 1556 608 extenuans,
1580 549 1660 600 sui
1696 548 1928 608 similem
1959 542 2139 602 reddit
2165 564 2177 598 :

626 647 707 700 sic
729 662 855 700 sane
889 644 1050 696 etiam
1084 655 1309 711 magnus
1353 639 1442 692 hic
1473 639 1748 708 Evangelii
1781 651 1980 706 praeco,
2030 644 2181 704 post-

627 751 787 806 quam
814 733 1019 787 Ccelesti
1043 734 1239 802 plenus
1271 731 1417 798 igne.
1460 744 1626 796 reque
1827 727 1963 797 ignis
1995 717 2203 780 evase-'

627 835 729 882 rat.
766 833 982 878 terrena
1024 816 1206 880 relicta
1229 821 1549 883 Jerusalem,
1590 827 1751 887 atque
1789 817 1854 872 ad
1883 833 1975 872 eas
2003 811 2181 885 profe-

626 926 745 968 ctus
773 921 983 983 gentes,
1020 915 1085 966 ad
1131 927 1265 980 quas
1296 908 1476 962 amatu
1532 927 1631 962 suo
1675 906 1893 962 divinus
1943 905 2182 974 Spiritus

623 1004 1003 1065 advocaverat,
1052 1001 1362 1068 sensimque
1397 1001 1513 1068 ejus
1567 1001 1725 1067 ignis,
1761 1011 1919 1066 quem
1960 1002 2179 1062 pectore

623 1095 889 1164 gestabat,
931 1093 1037 1145 illis
1057 1091 1315 1143 virtutem
1348 1090 1663 1151 innuitlens,
1690 1087 2014 1155 optimisque
2039 1079 2178 1136 divi-

623 1185 713 1254 nis
740 1181 1218 1251 praedicationibus
1263 1181 1831 1247 pnustantissimisque
1882 1173 2176 1239 miraculis,

622 1271 882 1343 paulatim
915 1272 1241 1326 insidentem
1266 1286 1455 1323 eorum
1483 1267 1794 1337 pectoribus
1823 1267 2175 1333 impietatem,

622 1363 976 1429 inolitamque
1001 1361 1365 1414 viscositatem
1392 1368 1629 1411 atterens
1653 1373 1713 1409 ac
1750 1367 1834 1409 ten
1847 1370 1998 1414 uans,
2037 1361 2179 1405 tutn—

623 1466 731 1519 que
772 1451 937 1503 animi
963 1451 1152 1503 sordes
1198 1450 1522 1506 absumens,
1571 1454 1734 1512 atque
1788 1444 1853 1496 ad
1894 1442 2017 1495 ﬁdei
2053 1441 2177 1493 illu-

623 1541 940 1594 strationem
977 1539 1204 1592 idoneos
1243 1549 1572 1604 praeparans,
1609 1535 1684 1586 sic
1732 1541 1957 1600 repente
1987 1531 2054 1584 ad
2086 1546 2178 1583 ve-

623 1633 800 1685 ritatis
826 1630 947 1682 illos
967 1629 1295 1697 agnitionem
1319 1623 1586 1691 accendit,
1603 1639 1664 1676 ac
1689 1623 1892 1689 Spiritu
1913 1621 2177 1682 illustrat,

623 1719 952 1784 innovatque
976 1732 1133 1783 aqua,
1169 1729 1232 1767 ac
1272 1727 1423 1766 sacra
1456 1712 1709 1764 unctione
1732 1709 2036 1779 eonsignat,
2062 1708 2182 1789 Dei-

2281 547 2376 598 καὶ
2409 547 2437 598 ὀ
2475 543 2642 614 μέγας
2660 530 2812 602 οὗτος
2845 540 2938 591 τοῦ
2977 540 3132 604 λόγου
3161 526 3438 605 θέηγόρος,
3474 534 3662 602 ἐπειδὴ
3705 533 3827 601 πλη-

2285 649 2385 706 ρης
2415 632 2622 687 ἐκείνου
2655 627 2745 682 τοῦ
2769 623 3016 699 οὐρανίου
3049 625 3218 695 πυρὸς
3264 617 3349 693 ἧν,
3391 622 3484 706 καὶ
3516 622 3826 706 αὐτόχρημα

2283 704 2411 793 πῦρ,
2444 721 2540 792 τὴν
2562 716 2710 773 κάτω
2737 715 2907 771 λιπὼν
2945 713 3314 784 Ἰερουσαλὴμ,
3347 705 3440 764 καὶ
3470 710 3552 779 ἐφ’
3587 709 3622 762 ἀ
3646 704 3827 761 τοῦτον

2281 816 2409 884 ἔθνη
2443 813 2504 866 τὸ
2529 809 2709 864 κινοῦν
2753 801 2975 875 Πνέῢμα
3025 805 3164 858 θεῖον
3202 800 3605 874 προσκέκληται
3634 813 3823 866 πορευ-

2282 905 2416 968 θείς,
2453 904 2543 955 καὶ
2581 900 2677 969 τὴν
2719 899 2994 968 ἐνέργειαν
3031 895 3213 964 ἠρέμα
3245 889 3570 953 τούτοιςτού
3613 890 3670 940 ὲν
3696 884 3831 953 αὐτῷ

2281 995 2448 1066 πυρὸς
2481 993 2674 1056 ἐνιεὶς,
2725 988 2818 1041 καὶ
2865 984 3159 1049 θεολογίαις
3210 983 3456 1052 ἀρίσταις
3504 978 3596 1030 καὶ
3628 976 3838 1043 θαυμα-·

2279 1064 2555 1156 τουργίαις
2579 1079 2896 1152 κρατίσταις
2921 1072 3234 1140 καταϐραχὺ
3266 1072 3364 1138 τὴν
3396 1064 3827 1135 ὲνεσκιρωμένην

2279 1153 2399 1237 ταῖς
2421 1171 2596 1225 αὐτῶν
2625 1167 2870 1237 καρδίαις
2894 1157 3142 1216 ἀσέϐειαν
3175 1156 3451 1212 λεπτύνων
3469 1171 3485 1186 ο
3513 1154 3608 1208 καὶ
3631 1155 3732 1221 την
3753 1153 3827 1204 ὲν-

2250 1261 2617 1335 -τετηγμὲνην
2643 1247 3023 1326 γλισχρότητα,
3074 1249 3170 1304 εῐτ*
3206 1247 3296 1302 οὖν
3347 1247 3539 1316 κηλίδά
3573 1240 3679 1313 τῆς
3721 1240 3827 1295 δια-

2281 1357 2424 1419 νοίας
2471 1349 2779 1418 ἐξανελὼν,
2842 1347 2934 1397 καὶ
2967 1340 3302 1411 ἐπιτηδείους
3359 1335 3496 1407 πρὸς
3556 1335 3828 1405 φωτισμὸν

2282 1447 2512 1506 πίστεως
2540 1434 3213 1511 προπαρασκευαζόμενος,
3243 1430 3414 1490 οὕτως
3446 1425 3710 1494 ἐξαπίνης
3743 1422 3833 1475 αύ-

2253 1537 2255 1542 ⁴
2280 1538 2405 1597 τοὺς
2435 1531 2567 1602 πρὸς
2610 1529 2704 1598 τὴν
2738 1525 2834 1594 τῆς
2865 1521 3117 1593 ἀληθείας
3146 1521 3438 1589 ἐπίγνωσιν
3463 1518 3716 1578 ἀνάπτει,
3751 1516 3832 1566 καὶ

2281 1624 2581 1695 λαμπρύνει
2611 1619 2686 1688 τῷ
2713 1613 3010 1684 Πνεύματι,
3044 1614 3137 1665 καὶ
3167 1611 3396 1675 καινίζει
3425 1609 3501 1679 τῷ
3528 1609 3682 1661 ὕδατι
3710 1622 3722 1637 ·
3750 1604 3832 1658 καὶ

2285 1691 2413 1786 ίερῴ
2437 1691 2703 1782 -χρίσματι
2743 1699 3050 1785 σφραγίζει,
3081 1701 3174 1754 καὶ
3205 1702 3404 1769 ῥήματι
3433 1696 3649 1765 ἁγιάζει
3677 1691 3832 1747 Θεοῦ’

624 1823 729 1878 que
760 1809 923 1862 verbo
947 1806 1278 1860 sanctificat:
1315 1804 1479 1871 inque
1498 1817 1622 1854 eum
1649 1802 1870 1854 modum
1895 1810 2041 1854 totos
2064 1783 2183 1853 om-

2291 1783 2574 1862 xutoii'tw;
2627 1799 2779 1859 ὅλους
2809 1783 2876 1848 δι’
2912 1793 3032 1846 ὅλου
3078 1791 3170 1845 τοῦ
3214 1787 3334 1843 κατ’
3383 1787 3543 1840 αὐτὸν
3587 1783 3830 1853 οὐρανίου

626 1901 777 1964 nino,
798 1914 905 1967 quo
932 1900 1188 1952 incensus
1206 1903 1344 1957 erat,
1368 1892 1572 1948 caelesti
1597 1909 1692 1946 eos
1723 1891 1845 1960 igne
1873 1891 2106 1959 replens,
2129 1891 2182 1941 in

627 2002 779 2043 suam
811 1985 977 2040 trahit
1012 1984 1446 2046 similitudinem.
1480 1983 1882 2051 Seripturarum
1919 1981 2068 2033 enim
2095 1979 2185 2050 do-

630 2077 899 2131 cumentis
925 2091 1045 2144 quae
1093 2075 1354 2136 tironum,
1396 2087 1459 2125 ac
1492 2071 1880 2124 rudimentaria
1917 2077 2062 2131 sunt,
2090 2074 2184 2120 eos

626 2168 929 2222 etnundans
949 2181 1012 2219 ac
1041 2165 1357 2225 instituens,
1374 2160 1899 2230 perfectioribusque
1919 2156 2182 2210 doctrinis

627 2258 941 2311 illuminans
971 2265 1131 2324 atque
1157 2267 1509 2320 componens,
1530 2263 1630 2304 nec
1664 2264 1770 2301 non
1801 2247 2068 2316 supremis
2097 2245 2181 2298 di-

625 2348 773 2401 vinis
793 2345 1273 2415 praedicationibus
1308 2343 1616 2411 perficiens,
1661 2342 1978 2407 densusque
2024 2337 2184 2390 abso-

626 2433 859 2495 lutione,
888 2435 982 2486 Dei
1012 2435 1152 2486 filios
1178 2433 1574 2493 immaculates,
1601 2429 1915 2484 cohatrcdes
1950 2445 2012 2483 ac
2050 2444 2183 2481 con-

627 2528 939 2596 corporales
963 2524 1489 2592 comparticipesque
1504 2523 1706 2575 Christi
1739 2521 1903 2575 efﬁcit
1938 2539 1949 2572 :
1995 2520 2184 2586 sicque

628 2620 732 2688 iam
764 2619 816 2670 in
848 2616 1118 2670 Ecclesias
1156 2621 1370 2668 sanctas
1406 2613 1665 2677 Domino,
1724 2623 2024 2681 gregesque
2066 2625 2185 2663 ma-

629 2721 734 2773 gno
787 2702 1131 2756 sacerdotum
1185 2709 1570 2768 pastorumque
1619 2698 1854 2767 principi
1895 2707 2117 2767 cogens,
2155 2710 2185 2748 a

632 2793 950 2862 nequissimi
985 2799 1253 2860 potestate
1276 2791 1534 2844 liberatos
1578 2799 1736 2861 atque
1760 2790 1989 2854 solutos,
2019 2789 2185 2842 cccle—

632 2886 702 2940 sti
747 2866 841 2938 eos
872 2883 1015 2937 Patri
1050 2893 1415 2949 supremoque
1442 2882 1685 2933 omnium
1721 2879 1852 2948 Hegi
1881 2877 2154 2932 admovet.

700 2975 789 3030 Sic
823 2975 1051 3028 Mathias
1080 2974 1369 3026 Dominum
1420 2972 1757 3034 clarificavit,
1812 2972 1999 3039 sicque
2028 2970 2190 3023 vicis-

634 3066 738 3119 sim
769 3065 923 3118 illum
972 3064 1234 3117 Dominus
1277 3061 1626 3125 clariﬁcavit;
1682 3067 1908 3128 eratque
1938 3059 2188 3112 mirabile
2217 3098 2259 3154 C

633 3157 909 3226 quoddam
940 3156 1080 3208 inter
1110 3155 1299 3206 ambos
1332 3153 1481 3207 velut
1512 3162 1809 3214 certamen,
1846 3166 1908 3204 ac
1938 3149 2189 3204 vincendi
2217 3134 2259 3156 "

633 3247 816 3300 ardor.
845 3246 974 3298 Nam
1009 3245 1145 3297 alter
1175 3243 1417 3312 quidem,
1468 3244 1560 3311 qui
1587 3241 1831 3296 salvandi
1875 3250 2057 3294 essent
2087 3239 2193 3292 Do-

634 3339 782 3391 mino
802 3337 1148 3406 adiungebat,
1183 3335 1440 3402 omnique
1467 3342 1663 3387 conatu
1685 3349 1749 3386 ac
1772 3332 2037 3386 industria
2055 3333 2192 3400 ejus,

635 3429 727 3498 qui
753 3430 998 3491 miserat,
1051 3441 1300 3495 qurerens
1330 3417 1575 3495 gloriam,
1623 3437 1812 3478 eorum
1845 3437 2073 3476 numero
2103 3421 2195 3473 ad-

636 3520 842 3573 debat:
885 3519 1018 3571 alter
1076 3526 1254 3568 autem
1284 3556 1296 3578 ,
1355 3513 1452 3568 his
1487 3515 1580 3583 qui
1633 3505 1997 3567 credidissent
2049 3510 2193 3562 illius

635 3623 823 3676 opera,
853 3621 1105 3660 coronam
1133 3605 1320 3673 gloriae
1367 3602 1641 3668 animique
1673 3599 2093 3654 exsultationem
2131 3611 2193 3648 ac

636 3698 804 3751 decus
830 3697 1122 3749 munificus
1157 3701 1536 3748 remunerator
1570 3691 1827 3744 donabat.

710 3770 848 3842 Sane
879 3786 1096 3854 quidem
1135 3785 1363 3836 maxima
1407 3781 1552 3849 digni
1588 3779 1945 3833 admiratione
1969 3777 2194 3830 ‘beatis-

639 3879 759 3932 simi
792 3875 1018 3944 apostoli
1061 3873 1321 3928 circuitus
1360 3887 1549 3924 omnes
1582 3886 1645 3923 ac
1688 3868 2190 3939 peregrinationes;

637 3972 904 4034 quotquot
929 3963 1056 4016 item
1085 3963 1160 4015 illi
1196 3961 1410 4014 fortiter
1426 3968 1574 4029 gesta
1602 3960 1886 4012 universas
1910 3957 2194 4012 lustrando

636 4057 904 4116 nationes,
936 4055 1375 4123 Splendidissima
1413 4054 1502 4106 illa
1532 4053 1689 4120 plane
1712 4068 1774 4105 ac
1807 4050 2146 4103 divinissima
2176 4066 2189 4111 ;

637 4156 757 4193 cum
797 4141 984 4208 primis
1018 4156 1148 4194 vero
1194 4140 1335 4209 apud
1382 4155 1475 4193 eos
1505 4139 1768 4201 exhibita,
1805 4138 1896 4208 qui
1933 4138 1987 4190 in
2021 4138 2192 4205 prima

635 4229 909 4300 [Ethiopia
934 4231 1089 4284 sedes
1128 4232 1350 4284 habent.
1392 4231 1757 4284 Admirandus
1787 4230 1934 4283 enim
1975 4229 2060 4282 vir
2093 4229 2193 4282 iste

641 4323 789 4385 Jesu',
822 4323 963 4390 apud
993 4329 1144 4376 atros
1178 4322 1300 4375 illos
1330 4322 1571 4389 corporis
1606 4322 1850 4391 fuligine,
1887 4321 2193 4387 mentisque

2286 1888 2652 1964 πεπληρωκὼς
2681 1887 2867 1958 πυρὸς,
2899 1881 3076 1953 ἑαυτῷ
3101 1880 3361 1950 ἐξομοιοῖ.
3396 1865 3527 1939 ταῖς
3550 1879 3835 1942 εἰσαγωγι-

2279 1975 2403 2046 ’καῖς
2439 1985 2544 2052 γὰρ
2577 1981 2684 2033 τῶν
2734 1978 2926 2045 λογίων
2970 1974 3209 2044 διδαχαῖς
3238 1969 3515 2040 καθαίρων
3555 1967 3662 2020 καὶ
3705 1977 3837 2015 στοι-

2283 2076 2461 2146 χειῶν,
2494 2073 2602 2136 τοῖς
2631 2069 2981 2137 τελειοτέροις
3023 2066 3077 2117 δὲ
3120 2063 3228 2118 τῶν
3261 2060 3543 2129 δογμάτων
3587 2053 3832 2146 φωτίζων

2283 2143 2375 2218 ᾆξαι
2400 2162 2714 2232 συμὸιϐῶν·
2747 2159 2868 2220 ταῖς
2890 2157 3144 2209 ἀνωτάτω
3176 2153 3233 2205 δι
3255 2150 3554 2218 θεολογίαις
3581 2143 3834 2212 καταρτξ.

2285 2258 2390 2320 ζων
2412 2252 2605 2314 αὐτοὺς
2636 2250 2727 2303 καὶ
2759 2244 3170 2316 τελεσιουργῶν,
3203 2242 3368 2295 τέκνα
3389 2237 3525 2292 Θεοῦ
3563 2233 3836 2304 ἀμῶμητα

2287 2338 2704 2412 συγκληρονόμα
2735 2339 2827 2390 καὶ
2858 2336 3118 2404 σύσσωμα
3142 2332 3236 2385 καὶ
3263 2329 3574 2399 συμμέτοχα
3606 2325 3836 2377 δείκνυσι

2286 2433 2377 2486 τοῦ
2407 2429 2670 2502 Χριστοῦ’
2708 2428 2799 2481 καὶ
2860 2426 2999 2478 οὕτω
3045 2423 3228 2474 λοιπὸν
3263 2423 3340 2483 είς
3372 2415 3664 2486 ἐκκλησίας
3687 2414 3835 2502 ἁγίας

2287 2524 2494 2591 Κυρίῳ,
2526 2519 2617 2571 καὶ
2641 2517 2813 2569 σεπτά
2866 2515 3088 2583 ποίμνια
3116 2511 3194 2578 τῷ
3223 2507 3442 2578 μεγάλῳ
3477 2505 3726 2591 ἀρχιερεῖ

2287 2587 2629 2680 ἀργιπ-οίμενι
2677 2603 2964 2662 καθιστῶν,
3012 2599 3317 2668 ἀπήλλαττε
3367 2596 3463 2662 μὲν
3506 2590 3601 2644 καὶ
3629 2587 3836 2657 ἠλευθέ-

2289 2676 2390 2772 ρου
2413 2699 2510 2762 τῆς
2559 2695 2805 2761 ἐξουσίας
2837 2691 2931 2744 τοῦ
2967 2688 3204 2759 πονηροῦ
3227 2705 3242 2720 ο
3275 2686 3352 2754 τῷ
3380 2681 3611 2753 οὐρανίῳ
3639 2679 3698 2730 δὲ
3725 2676 3837 2727 τού-

2285 2808 2408 2853 τους
2429 2790 2660 2859 παρίστη
2684 2783 2859 2855 ῐΙατρὶ
2891 2785 2984 2835 καὶ
3012 2776 3373 2851 Παμδασιλεῑ.

2363 2973 2517 3027 Οὕτω
2565 2970 2778 3029 Μαθίας
2805 2965 3020 3029 ὲδόξασε
3050 2965 3140 3014 τὸν
3163 2961 3388 3028 Κύριον,
3418 2957 3511 3008 καὶ
3537 2953 3708 3014 οὕτως
3744 2950 3835 3002 αὒ-

2289 3067 2380 3117 τὸν
2412 3061 2758 3126 ἀντεδόξασεν
2785 3061 2811 3111 ὁ
2844 3057 3044 3125 Κύριος
3061 3070 3075 3084 ⁸
3111 3053 3202 3106 καὶ
3224 3047 3291 3118 ἦν
3312 3043 3600 3116 θαυμαστή
3629 3058 3717 3104 τις
3737 3034 3843 3093 οἷον

2292 3154 2490 3223 ἀμιλλα
2511 3154 2574 3203 ἐν
2611 3149 2955 3219 ἀμφοτέροις.
3000 3145 3058 3196 '0
3097 3144 3193 3212 μὲν
3243 3139 3350 3209 γὰρ
3378 3130 3692 3223 προσετίθει

2295 3217 2730 3308 σωζομένους
2763 3233 2972 3304 Κυρίῳ,
3002 3232 3149 3299 πάσῃ
3183 3228 3392 3298 μηχανῇ
3417 3223 3512 3293 τὴν
3545 3222 3706 3284 δόξαν
3746 3217 3836 3308 τού

2293 3332 2600 3400 πέμψαντος
2626 3328 2783 3381 αὑτὸν
2817 3324 2994 3391 ζητῶν
3014 3340 3026 3353 ·
3058 3324 3085 3374 ὁ
3129 3319 3185 3372 δὲ
3227 3318 3400 3386 τούτῳ
3429 3313 3556 3376 τοὺς
3573 3313 3646 3365 δι’
3675 3306 3836 3364 αὐτοῦ

2294 3420 2660 3479 πιστεύοντας,
2687 3417 3003 3486 καυχήσεως
3031 3409 3310 3478 στέφανον,
3337 3402 3648 3475 ἀγαλλίαμά
3666 3419 3724 3457 τε
3747 3403 3833 3454 καὶ

2292 3510 2444 3572 δόξαν
2475 3508 2647 3577 ψυχῆς
2670 3504 3035 3571 ἀντεδωρεῖτο.

2366 3786 2518 3837 Ἐστι
2562 3782 2656 3850 μὲν
2686 3779 2776 3831 οὖν
2806 3779 2981 3839 πάσας
3007 3777 3097 3828 τοῦ
3124 3774 3541 3845 μακαριωτάτου
3567 3772 3668 3833 τάς
3695 3785 3835 3839 περι-

2293 3877 2439 3937 όδους
2486 3855 2877 3940 ὑπεράγασθαι,
2937 3867 3152 3927 καὶτὰς
3200 3863 3582 3935 ἀνδραγαθίας,
3631 3866 3760 3924 ὅσας
3790 3863 3838 3912 ὲν

2296 3967 2456 4018 πᾶσιν
2489 3963 2661 4014 ἔθνεσι
2699 3958 3074 4030 κατεπράξατο
3114 3959 3359 4029 περιιὼν,
3382 3958 3456 4020 ὡς
3496 3953 3838 4022 ἀξιολογωτά-

2293 4075 2389 4117 τας
2421 4053 2512 4108 καὶ
2538 4034 2959 4118 ἁξιοθεωτάτας’
2989 4050 3084 4118 οὐχ
3112 4049 3310 4118 ἥκιστα
3338 4049 3413 4112 δὲ,
3444 4047 3509 4116 ἢν
3535 4047 3593 4097 ὲν
3618 4047 3727 4106 τοῖς
3740 4043 3837 4110 Έὴν

2296 4146 2515 4216 πρώτην
2567 4141 2850 4197 Αἰθιοπίαν
2909 4137 3148 4192 οἰκοῦσιν
3201 4133 3528 4201 ἐπεδείξατο.
3583 4136 3710 4196 Τοῖς
3743 4133 3836 4198 γὰρ

2299 4236 2550 4304 μέλανσιν
2585 4231 2810 4293 ἐκείνοις
2877 4228 2938 4281 τὸ
2992 4229 3168 4298 σῶμα,
3207 4223 3552 4296 μελαντέροις
3605 4224 3662 4275 δὲ
3719 4221 3835 4272 πολῦ

2299 4325 2454 4378 πλέον
2481 4325 2571 4376 τὸν
2602 4322 2726 4376 νοῦν
2751 4321 2843 4374 καὶ
2869 4321 2967 4398 τὴν
2998 4319 3196 4388 ψυχὴν,
3213 4319 3305 4369 καὶ
3331 4313 3624 4383 ὡμοόόρων
3651 4311 3836 4381 θηρίων

645 4412 760 4479 ipsa
790 4421 950 4480 atque
982 4413 1149 4465 animi
1179 4413 1406 4480 caligine
1425 4413 1581 4481 longe
1609 4414 1995 4490 atriores,lnec
2031 4410 2192 4478 quid-

2297 4415 2652 4482 διενηνοχόσιν
2709 4411 2880 4474 οὐδὲν,
2928 4397 2966 4461 νὸ
3019 4407 3317 4475 θαυμάσιος
3367 4397 3519 4465 οὗτος
3571 4400 3836 4472 ἄνθρωπος

642 4519 804 4571 quam
848 4503 1154 4555 crudivoris
1190 4501 1557 4555 animantibus
1589 4502 1915 4564 dissimiles,
1957 4515 2195 4553 commo-

642 4600 818 4653 ratus,
853 4590 1018 4657 inque
1054 4589 1235 4641 medio
1272 4590 1563 4654 agrestium
1608 4589 1904 4643 bestiarum
1941 4597 2194 4655 tanquam

643 4682 838 4743 homo,
881 4695 994 4733 seu
1048 4680 1229 4747 potius
1290 4667 1429 4732 inter
1484 4679 1899 4733 scelestissimos
1950 4679 2198 4733 homines

642 4773 795 4843 quasi
840 4775 984 4827 Deus
1034 4775 1246 4835 beatus,
1303 4773 1356 4826 in
1392 4773 1608 4841 longum
1655 4781 1869 4839 tempus
1909 4781 2155 4825 versatus
2184 4812 2197 4835 ,

647 4867 846 4920 nedum
892 4866 1101 4919 nullum
1138 4880 1365 4934 prorsus
1395 4864 1612 4918 illorum
1648 4862 1940 4931 proterviae
1967 4877 2032 4917 ac
2073 4863 2198 4917 feri-
2239 4872 2263 4893 °

648 4958 774 5011 tatis
823 4957 1107 5026 vestigium
1146 4957 1246 5012 sibi
1285 4957 1399 5025 ipse
1445 4956 1656 5018 ascivit,
1701 4969 1888 5008 verum
1932 4970 2028 5008 sua
2077 4955 2200 5013 illos

651 5048 1065 5102 mansuetudine
1095 5048 1383 5118 impartiit.
1411 5046 1624 5099 Nedum
1670 5045 1815 5098 nulla
1845 5045 1962 5098 vitii
1994 5047 2201 5100 macula

607 5147 610 5150 ’
649 5137 852 5190 Christi
891 5137 1106 5192 dotibus
1133 5139 1507 5206 praenitentcm
1553 5136 1793 5189 animum
1828 5137 2041 5201 imbuit,
2070 5139 2198 5207 quin

652 5228 717 5280 ad
749 5227 1023 5282 meliorem
1059 5243 1153 5282 eos
1173 5229 1380 5295 frugem
1412 5227 1784 5279 commutavit.
1811 5227 2041 5279 Prorsus
2057 5228 2199 5280 enim

649 5313 978 5373 contrarium
997 5321 1271 5374 contrario
1289 5334 1506 5379 sanans,
1529 5334 1718 5371 eorum
1740 5319 1922 5373 cordis
1948 5319 2201 5373 duritiam

653 5415 708 5460 et
754 5407 1109 5476 pervicaciam
1150 5425 1212 5461 ac
1252 5406 1588 5474 superbiam,
1632 5388 1844 5463 morum
1894 5413 2156 5464 suavitate
2189 5451 2203 5474 ,

652 5498 894 5561 lenitate,
931 5499 1239 5567 placiditate
1280 5499 1635 5566 emolliebat;
1681 5501 1974 5566 feritatem,
2028 5504 2203 5566 dolos,

650 5588 1064 5656 malignitatem,
1105 5586 1268 5639 animi
1319 5586 1680 5656 benignitate,
1742 5590 2001 5653 candore,
2055 5606 2204 5641 man-

653 5676 945 5732 suetudine
980 5676 1285 5731 iullectebat
1315 5692 1329 5738 ;
1360 5678 1629 5735 mellitluis
1666 5681 1901 5750 denique
1939 5679 2205 5737 sermoni-

2296 4503 2680 4573 ὲμφιλοχωρῶν
2705 4501 2795 4553 τοῦ
2843 4497 3036 4570 Ἰησοῦ,
3065 4500 3156 4550 καὶ
3173 4496 3232 4548 ἐν
3263 4494 3410 4564 μέσῳ
3441 4490 3622 4561 θηρῶν
3649 4489 3837 4560 ἀγρίων

2298 4598 2370 4656 ὠς
2397 4594 2491 4648 ἄνθ
2502 4609 2709 4664 ρωπος·
2747 4591 2948 4662 μᾶλλον
2970 4589 3025 4643 δὲ
3059 4588 3259 4658 μεταξὺ
3281 4582 3835 4664 πονηρῶνάνθρώπιιιν

2297 4687 2382 4741 οἷα
2414 4660 2547 4751 Θεος
2572 4660 2771 4755 ἀγαθὸς
2797 4687 2888 4739 ἐπὶ
2917 4685 3048 4738 πολὺ
3082 4681 3346 4736 κατοικῶν
3368 4723 3382 4745 ,
3418 4660 3478 4733 ο’ύ
3507 4681 3603 4748 τῆς
3635 4677 3836 4730 ἐκείνων

2301 4777 2621 4846 ἰταμότητος
2671 4777 2814 4844 ῐχνος
2840 4775 2972 4837 ὅλως
3001 4774 3164 4825 ὲπεσύ
3176 4787 3314 4840 ρετο,
3367 4770 3463 4839 τῆς
3493 4768 3699 4828 οἰκείας
3728 4777 3835 4832 μετ-

2300 4869 2465 4922 έδωκε
2491 4867 2852 4937 χρηστότητος
2882 4864 2937 4915 δέ
2958 4881 2970 4893 ·
3021 4861 3130 4915 οὔτ’
3172 4856 3264 4915 οὖν
3292 4864 3390 4930 τῆς
3444 4857 3645 4918 κακίας
3669 4853 3834 4907 σπῖλον

2299 4962 2363 5030 τῇ
2386 4957 2702 5029 χριστοειδεί
2728 4954 3124 5024 προσετρίψατο
3152 4953 3294 5021 ψυχῇ
3318 4967 3332 4981 ·
3359 4949 3665 5020 κρείττονος
3691 4958 3831 5016 μετα-

2301 5052 2427 5119 6ολῆ
2436 5067 2462 5112 ς
2485 5047 2702 5108 τούτους
2734 5046 3035 5116 κατηξίωσε
3053 5045 3127 5098 δέ·
3146 5043 3223 5114 τῷ
3241 5043 3462 5106 ἐναντίῳ
3483 5042 3592 5110 γὰρ
3624 5037 3832 5108 ἀτεχνῶς

2301 5137 2600 5205 τούναντίον
2619 5136 2924 5206 ἐξιώμενος,
2948 5137 3009 5189 τὸ
3031 5135 3260 5204 σκληρὸν
3283 5134 3378 5204 μὲν
3405 5131 3582 5184 αὐτῶν
3601 5132 3698 5199 τῆς
3717 5141 3834 5194 καρ-

2301 5232 2413 5288 δίας
2439 5230 2529 5278 καὶ
2560 5226 2843 5290 δυσπειθὲς
2878 5228 2972 5278 καὶ
3005 5226 3302 5294 ἀγέρωχον,
3333 5223 3409 5291 τῷ
3441 5220 3637 5289 ἀπαλῷ
3655 5237 3711 5271 τε
3737 5216 3834 5288 seu

2303 5321 2393 5372 καὶ
2451 5317 2693 5385 μειλιχίῳ
2739 5317 3112 5385 κατεμάλαττε
3143 5314 3233 5367 καὶ
3264 5315 3460 5383 πραεῖ’
3496 5312 3555 5364 τὸ
3581 5312 3833 5380 ἀνήμερον

2303 5411 2355 5463 δὲ
2387 5411 2476 5461 καὶ
2499 5409 2739 5462 ’ὕπουλον
2773 5410 2866 5462 καὶ
2909 5409 3113 5470 σκαιὸν,
3142 5405 3217 5475 τῷ
3240 5401 3543 5472 ἀγαθοειδεῖ
3575 5404 3679 5473 τῆς

2307 5517 2430 5569 μης.
2462 5500 2702 5568 ἁπλοῖκῷ
2728 5517 2785 5552 τε
2815 5499 2905 5549 καὶ
2935 5498 3194 5566 προσηνεῖ
3228 5494 3597 5548 κατεδυσὼπει
3623 5511 3637 5524 ·
3656 5492 3740 5544 καὶ
3769 5484 3834 5552 τῷ

2304 5592 2409 5644 τῶν
2434 5593 2604 5659 λόγων
2627 5592 2682 5642 δὲ
2702 5588 3006 5658 μελιρῤύτῳ
3034 5588 3126 5640 καὶ
3141 5588 3218 5656 τῷ
3242 5588 3336 5640 τοῦ
3364 5589 3565 5657 τρόπου
3591 5587 3651 5639 δὲ
3668 5582 3833 5644 ὲνθέῳ.

2307 5681 2395 5732 καὶ
2431 5681 2507 5751 τῷ
2535 5681 2640 5733 τῶν
2673 5677 2846 5746 ἔργων
2879 5677 2932 5729 δὲ
2968 5677 3298 5747 μεγαλοδόξῳ
3345 5673 3732 5740 καταπλήττων
3757 5665 3835 5718 αὑο
