3922 6314
191 240 307 302 281

883 233 1159 293 ORATIO
1188 233 1337 292 XIV.
1396 257 1462 266 -
1502 227 1585 296 ΙΝ
1641 232 1762 292 LM

1867 232 1941 288 ΞΜ
1988 232 2047 289 S.
2085 232 2393 290 ΜΑΤΙΙΗΕ
2427 233 2678 292 APOST.

3306 241 3414 306 282

189 355 334 416 τοὺς
365 353 461 405 καὶ
490 348 752 416 ἐκφοϐῶν.
785 349 860 411 εις
887 346 1280 414 συγκατάθεσίν
1324 343 1466 397 οὕτω
1511 347 1606 415 τῆς
1631 345 1762 413 ἁλη-

1868 345 1965 398 bus
1993 345 2266 412 rectisque
2302 345 2548 398 moribus
2569 362 2632 399 ac
2657 346 2955 417 magniﬁcis
2986 347 3263 416 operibus,
3295 360 3410 406 stu-

194 443 362 506 θείας
381 437 505 512 ἦγε.
546 441 606 493 ’Β
634 437 856 509 ἀλήθεια
886 439 942 490 at
961 437 1075 500 sic;

278 625 502 688 Γνῶτε,
539 628 716 696 φησιν,
746 619 793 678 ὦ
841 622 1073 688 ἄνδρες,
1114 622 1294 690 γνῶτε
1345 621 1441 674 διὰ
1481 620 1585 674 τοῦ
1620 619 1766 688 πρὸς

197 714 371 784 ὑμᾶς
399 717 855 783 ἀπεσταλμένου
905 713 1011 766 τὸν
1066 711 1510 768 ἀπεσταλκότα’
1544 714 1639 766 καὶ
1698 713 1766 765 ἐν

197 805 362 873 ἐμοὶ,
399 808 500 860 τὸν
537 805 609 858 δι’
638 805 781 874 ἐμοῦ
810 802 1240 872 κηρυττόμενον
1265 805 1600 871 γνωρίσατε.
1658 804 1766 855 Τὸν

198 897 280 948 ἐν
301 896 428 965 ἐμοὶ
462 893 767 960 λαλοῦντα
815 893 911 945 καὶ
939 893 1120 952 ζῶντα
1161 893 1245 961 μὴ
1297 895 1560 959 ἀγνοεῖτε
1593 893 1760 948 Θεόν.

201 988 358 1052 Θεὸς
386 988 493 1055 γὰρ
530 978 704 1049 οὗτος
730 985 959 1050 ἀληθής
1001 984 1129 1036 ἐστι
1160 986 1357 1051 μόνος,
1386 1057 1402 1063 _
1409 987 1593 1053 μόνος
1627 983 1763 1047 Θεὸς

197 1077 382 1140 θεῶν,
426 1080 637 1144 Κύριος
669 1075 903 1141 κυρίων,
933 1076 1028 1127 καὶ
1063 1075 1254 1142 Ἄγιος
1280 1074 1544 1142 πέφυκεν
1587 1076 1766 1142 ἁγίων

192 1169 427 1234 μόνος·
463 1167 531 1230 ὃς
561 1166 650 1219 ἀεὶ
687 1166 788 1230 ὢν,
843 1165 939 1218 καὶ
985 1166 1126 1228 ὅλος
1159 1166 1273 1231 τὴν
1315 1167 1498 1232 φύσιν
1549 1168 1766 1232 ἀγαθὸς

192 1259 308 1322 ὢν,
339 1262 450 1313 οὐκ
500 1259 775 1311 ἐϐούλετο
802 1257 985 1324 μόνος
1008 1255 1221 1308 ἑαυτοῦ
1253 1255 1656 1323 κατατρυφᾷν·
1689 1258 1766 1322 ὡς

194 1348 277 1400 ἂν
302 1349 372 1401 δὲ
395 1349 638 1412 πλείους
660 1345 779 1401 εἷεν
805 1350 858 1399 ol
883 1348 1376 1416 εὐεργετούμενοι,
1404 1347 1634 1415 πρῶτον
1653 1349 1768 1416 μὲν

195 1438 310 1490 τὸν
337 1439 526 1492 ἀῦλον
581 1441 810 1507 κόσμον
858 1439 954 1492 καί
1003 1440 1367 1506 νοούμενον·
1409 1439 1609 1490 ἔπειτα
1664 1439 1768 1490 τὸν

191 1529 420 1582 ὑλικὸν
452 1529 549 1582 καὶ
583 1530 882 1598 ὁρώμενον
916 1530 1128 1583 τοῦτον
1153 1531 1222 1582 ἐν
1269 1530 1450 1597 σοφίᾳ
1480 1528 1765 1593 κατεστή-

189 1629 354 1669 σατο
379 1633 393 1646 ο
426 1617 494 1669 ὲν
519 1609 566 1681 ᾦ
598 1617 786 1684 μόνον
808 1617 914 1669 τὸν
956 1617 1265 1684 ἄνθρωπον
1308 1621 1466 1686 λόγῳ
1497 1617 1591 1670 καὶ
1630 1619 1767 1670 αὐτο

1866 449 2052 503 porem
2082 443 2453 503 terroremque
2485 435 2775 498 incutiens,
2820 437 2885 490 ad
2913 439 3156 492 veritatis
3183 454 3414 494 consen-

1866 540 1985 577 sum
2021 525 2293 578 trahebat.
2325 527 2390 578 At
2420 533 2664 593 quaenam
2695 527 2938 580 veritas?

1933 617 2223 684 Agnoscite,
2253 616 2452 683 inquit,
2478 631 2506 668 ο
2539 617 2654 674 viri.
2694 619 2949 686 agnoscite
2972 635 3063 688 per
3093 635 3206 672 eum
3239 619 3328 690 qui
3347 619 3416 672 ad

1865 723 1949 759 vos
1981 707 2163 758 missus
2194 717 2288 769 est,
2328 707 2496 774 ipsum
2536 709 2622 773 qui
2651 710 2788 760 misit
2820 726 2837 760 :
2885 718 3036 777 atque
3069 711 3122 761 in
3166 726 3265 774 me,
3296 727 3416 766 sunt

1865 798 1952 865 qui
2000 783 2088 863 per
2137 811 2216 846 me
2273 796 2611 859 praedicatur,
2663 799 2967 864 cognoscite.
3023 796 3192 849 Nolite
3247 798 3412 852 Deum

1864 888 2105 955 ignorare
2146 888 2235 955 qui
2259 889 2331 937 -in
2367 902 2444 937 me
2496 885 2742 955 loquitur,
2785 904 2846 939 ac
2885 887 3048 940 Deum
3086 890 3275 942 vivum.
3321 891 3416 944 Hic

1865 983 2002 1031 enim
2019 978 2159 1031 solus
2181 994 2329 1030 verus
2357 976 2490 1029 Deus
2521 986 2591 1029 est
2617 994 2632 1030 :
2678 978 2818 1030 solus
2851 976 2988 1030 Deus
3025 977 3260 1040 deorum,
3308 975 3416 1032 Do-

1865 1070 2033 1120 minus
2088 1068 2490 1130 dominantium,
2541 1067 2680 1119 solus
2719 1065 2940 1120 Sanctus
2978 1075 3296 1120 sanctorum.
3343 1069 3414 1132 Is,

1864 1176 1979 1210 cum
2011 1175 2209 1227 semper
2237 1165 2390 1221 esset,
2423 1175 2484 1210 ac
2515 1167 2650 1210 totus
2694 1166 2887 1210 natura
2926 1158 3084 1210 bonus
3130 1159 3415 1225 exsisteret,

1866 1248 2029 1300 noluit
2054 1247 2194 1301 solus
2212 1251 2318 1317 ipse
2340 1264 2393 1300 se
2416 1249 2520 1315 frui
2543 1265 2604 1300 ac
2619 1250 2796 1300 beatus
2822 1263 2950 1300 esse.
2969 1246 3069 1301 Sed
3090 1257 3144 1300 ut
3166 1250 3217 1301 in
3241 1247 3441 1317 plures'

1867 1337 2165 1403 beneficium
2197 1338 2465 1399 transiret,
2497 1339 2666 1406 primo
2711 1338 2917 1406 quidem
2957 1337 3206 1389 mundum
3242 1339 3420 1391 condi-

1867 1428 1962 1489 dit,
1995 1429 2082 1496 qui
2114 1437 2260 1479 extra
2294 1428 2568 1482 materiam
2596 1435 2693 1490 est,
2736 1445 2796 1480 ac
2848 1435 3016 1479 mente
3068 1427 3376 1497 intelligitur
3400 1445 3420 1483 :

1869 1524 2076 1585 tumque
2099 1519 2232 1568 hunc
2257 1520 2425 1585 ipsum
2463 1501 2727 1570 constituit
2762 1519 2984 1571 materia
3018 1527 3311 1571 concretum
3359 1534 3422 1572 ac

1869 1607 2118 1660 visibilem
2140 1625 2158 1672 ;
2192 1610 2246 1660 in
2272 1624 2370 1677 quo
2393 1625 2553 1660 unum
2576 1610 2833 1661 hominem
2860 1611 3063 1661 ratione
3092 1617 3336 1662 ornatum
3359 1625 3422 1662 ac

188 1676 581 1774 εξουσιότητι
598 1676 1015 1775 τετιμημένον,
1046 1676 1156 1761 οὐκ
1182 1711 1267 1772 είς
1287 1676 1469 1772 τέλος
1507 1711 1537 1761 ό
1587 1711 1762 1773 ὑπερ-

1870 1699 2017 1751 liberi
2049 1699 2253 1751 arbitrii
2287 1676 2543 1767 facultate
2581 1700 2875 1768 praeditum,
2911 1716 3012 1756 non
3045 1701 3097 1752 in
3130 1700 3290 1767 finem
3322 1700 3419 1752 de-

187 1797 420 1863 άγαθος
451 1797 728 1864 παρεῖδεν
749 1813 764 1828 ·
799 1798 937 1850 ἀλλ’
975 1797 1157 1863 αὐτὸς
1188 1799 1416 1863 ἐκεῖνος
1442 1801 1474 1852 ό
1512 1799 1767 1865 σύνθρο-

187 1903 304 1949 νος
334 1885 434 1939 καὶ
464 1886 750 1954 συμφυὴς
780 1884 860 1950 τῷ
889 1887 1066 1954 Πατρῑ
1098 1881 1309 1956 Λόγος,
1339 1889 1372 1940 ό
1404 1888 1698 1956 ὁμότιμος,
1735 1889 1768 1940 ό

188 1977 449 2045 όμόθεος
472 2019 484 2039 ,
533 1980 566 2030 ό
583 1975 937 2045 μονογενὴς,
991 1979 1170 2044 αὐτὸς
1217 1979 1635 2044 ἀναλλοιώτως
1668 1979 1766 2032 καὶ

187 2064 502 2132 ἀτρέπτως
531 2066 599 2118 ἐν
627 2063 706 2130 τῷ
728 2067 986 2120 τετοκότι
1007 2066 1221 2135 μένων,
1253 2069 1344 2120 ἐπ’
1364 2067 1624 2137 ἐσχάτου
1652 2067 1770 2120 τῶν

188 2155 434 2223 ἡμερῶν
455 2157 679 2209 τούτων
697 2155 1248 2224 ὲνανθρωπισθῆναι
1274 2156 1372 2210 διὰ
1411 2157 1515 2210 τὸν
1551 2159 1770 2226 ἀνθρω-

187 2260 315 2297 ⁴πον
362 2246 692 2313 ἠνέσχετο,
727 2246 823 2298 καὶ
865 2247 1087 2313 λύτρον
1145 2247 1362 2300 ἑαυτὸν
1411 2248 1558 2315 ὑπὲρ
1601 2248 1769 2317 ἡμῶν

187 2334 490 2399 δεδωκὼς,
522 2335 959 2402 ἐξητοράσατοθ
1001 2336 1098 2388 καὶ
1130 2336 1203 2389 δι’
1231 2337 1446 2390 ἑαυτοῦ
1480 2337 1558 2402 τῷ
1588 2339 1767 2406 Πατρι

190 2424 730 2490 προσῳκειώσατοο
771 2426 866 2479 διὰ
912 2427 1176 2492 σταυροῦ
1199 2426 1452 2494 μὲν,τόν
1476 2429 1770 2495 τύραννσν

190 2515 470 2566 καθελών
493 2531 508 2548 ο
536 2514 612 2567 δι’
626 2514 1011 2580 ἀναστάσεως
1029 2515 1096 2567 δὲ
1125 2512 1454 2584 τριημῖρου,
1483 2517 1595 2584 τὴν
1624 2519 1764 2584 ἠμε-

189 2602 376 2668 τέραν
410 2602 644 2667 ζωώσας
689 2604 784 2655 καὶ
838 2603 1063 2667 θεώσας
1080 2588 1318 2670 μορφήν
1342 2619 1357 2633 ⁶
1411 2600 1588 2670 οὗτος
1618 2606 1759 2658 ἀνα·-

189 2692 648 2758 λαμϐανόμενος
681 2692 828 2758 πρὸς
850 2691 954 2744 τὸν
981 2693 1051 2744 ἐν
1080 2692 1352 2758 οὐρανοῖς
1374 2693 1620 2760 Πατέρα,
1656 2693 1762 2746 δώ⁹

190 2776 338 2831 (Saxa
357 2779 501 2843 τοὺς
521 2779 749 2844 πάντας
785 2779 942 2847 ἡμᾶς
975 2779 1091 2832 τῶν
1121 2781 1304 2833 αὐτοῦ
1326 2773 1604 2847 μαθητῶν
1627 2781 1766 2846 τοὺς

190 2867 486 2934 ἀρίστους
522 2869 905 2931 ἀποστέλλει,
952 2872 1199 2932 ταύτην
1232 2870 1311 2932 τῷ
1359 2872 1561 2938 κόσμῳ
1589 2871 1767 2924 παντὶ

190 2957 308 3022 τὴν
335 2957 636 3021 σωτήριον
663 2958 1004 3023 οἰκονομίαν
1027 2960 1562 3025 καταγγέλλοντας.

277 3045 566 3113 Ὀρῶντες
615 3041 747 3112 οὖν,
781 3042 827 3100 ὦ
869 3046 1083 3115 ἄνδρες
1111 3047 1430 3116 ἐχέφρονες
1483 3050 1578 3101 καὶ
1614 3066 1764 3102 συν-

191 3137 335 3200 ετοὶ,
366 3136 487 3188 τῶν
525 3139 789 3205 σημείων
827 3138 938 3204 τὴν
969 3138 1222 3206 δύναμιν
1274 3138 1390 3191 τῶν
1415 3140 1763 3207 ἐνεργουμέ-

189 3241 312 3279 νων
339 3227 412 3281 ἐν
455 3227 616 3294 ἡμῖν,
660 3227 779 3280 τῶν
828 3227 1054 3294 νεκρῶν
1083 3230 1195 3295 τὴν
1248 3229 1609 3292 ἀνάστασιν,
1642 3231 1763 3282 τῶν

193 3319 440 3387 τυφλῶν
464 3319 577 3384 τὴν
611 3319 964 3386 ἀνάϐλεψιη
998 3321 1096 3372 καὶ
1130 3319 1249 3373 τῶν
1275 3321 1469 3386 κακῶς
1497 3323 1762 3393 πασχόν-

192 3427 309 3463 των
355 3409 601 3462 πάντων
651 3411 764 3476 τὴν
799 3409 984 3471 τασιν,
1038 3409 1136 3463 διὰ
1168 3413 1394 3464 τούτων
1433 3412 1762 3474 πιστώθητε

192 3502 266 3568 τῇ
293 3500 571 3566 ἀληθείᾳ,
609 3500 1001 3566 κραταιώθητε
1032 3499 1112 3564 τῷ
1163 3502 1320 3569 λόγῳ
1346 3500 1422 3565 τῷ
1457 3504 1764 3570 εὐαγγελι-

193 3587 413 3657 ζομένῳ
442 3590 560 3642 νῦν
583 3590 652 3642 ἐν
675 3590 836 3657 ὑμῖν,
865 3591 962 3643 καὶ
993 3589 1107 3656 τὴν
1127 3593 1388 3642 παλαιὰν
1405 3590 1646 3656 πλάνην
1668 3591 1762 3642 καὶ

194 3673 401 3733 πᾶσαν
421 3678 849 3744 ἀπανθρωπίαν
875 3678 971 3730 καὶ
994 3678 1270 3731 ἀσέϐειαν
1299 3679 1762 3746 ἐκτιναξάμενοι,

191 3769 536 3822 ἐνδύσασθε
586 3766 692 3820 τὸν
742 3768 959 3834 Κύριον
998 3765 1166 3835 ἡμῶν
1209 3769 1439 3836 Ἰησοῦν
1475 3770 1760 3835 Χριστόνο

193 3857 262 3910 δι’
295 3853 371 3912 οὔ
403 3856 503 3910 και
525 3857 810 3920 λαϐόντες
841 3857 907 3908 τὸ
948 3858 1188 3925 Πνεῦμα
1215 3856 1322 3923 τῆς
1352 3859 1610 3926 χάριτος,
1658 3860 1753 3911 καὶ

195 3945 268 4012 τῷ
295 3948 399 4016 τῆς
431 3949 890 4015 παλιγγενεσίας
941 3947 1466 4011 ἀνακαινισθέντες
1505 3949 1754 4014 λουτρῷ,

195 4038 256 4091 τὸ
283 4023 571 4106 θηριῶδες
615 4035 730 4104 μὲν
757 4035 866 4100 τῆς
893 4034 1126 4103 γνώμης
1162 4039 1254 4088 καὶ
1289 4037 1634 4103 δύστροπον
1674 4041 1760 4101 είς

1867 1790 2052 1857 spexit,
2090 1788 2176 1856 qui
2218 1803 2378 1856 supra
2410 1804 2567 1857 quam
2602 1787 2760 1840 bonus
2792 1807 2852 1842 ac
2887 1789 3132 1859 benignus
3174 1791 3418 1855 exsistit:

1866 1879 1955 1932 sed
1976 1880 2018 1932 is
2041 1880 2149 1948 ipse
2177 1875 2357 1932 Sermo
2389 1876 2542 1930 Patri
2570 1895 2829 1932 consessor
2870 1881 3201 1948 ejusdemque
3231 1897 3292 1932 ac
3330 1878 3420 1940 ille

1869 1980 2096 2035 naturae,
2141 1970 2332 2022 honore
2372 1985 2605 2038 compar,
2658 1970 2857 2038 pariter
2891 1970 3048 2033 Deus,
3077 1972 3375 2039 unigenitus
3400 2009 3417 2033 ,

1868 2062 2018 2116 nulla
2055 2063 2340 2116 mutatione
2379 2068 2470 2113 aut
2504 2059 2617 2112 labe
2663 2061 2717 2112 in
2747 2076 2804 2112 eo
2840 2077 3056 2114 manens
3102 2062 3190 2128 qui
3224 2062 3418 2128 genuit,

1869 2156 2113 2208 extremis
2139 2155 2274 2206 hisce
2301 2153 2476 2204 diebus
2507 2145 2774 2204 hominum
2796 2167 2954 2203 causa
2996 2150 3146 2232 homo
3173 2150 3288 2217 fieri
3325 2165 3424 2200 un-

1869 2248 2002 2311 nuit,
2042 2263 2102 2298 ac
2138 2245 2365 2313 seipsum
2409 2244 2542 2295 dans
2584 2258 2676 2310 pro
2711 2241 2853 2293 nobis
2884 2243 3128 2309 pretium,
3170 2238 3425 2302 redemit;

1865 2353 2064 2407 suaque
2091 2339 2198 2405 ipse
2224 2351 2383 2404 opera
2415 2349 2476 2386 ac
2522 2333 2886 2386 intercessione
2920 2330 3070 2384 Patri
3109 2329 3421 2392 conciliavit,

1868 2445 1961 2498 per
2008 2443 2210 2484 crucem
2251 2426 2458 2496 quidem
2497 2423 2701 2477 sublato
2745 2432 2990 2493 tyranno,
3033 2420 3279 2474 triduana
3305 2435 3424 2472 vero

1868 2519 2240 2572 resurrectione
2281 2514 2540 2581 viviﬁcata
2569 2515 2634 2566 ac
2656 2512 2901 2580 deiﬁcata
2938 2519 3116 2564 nostra
3158 2510 3424 2561 hominum

1865 2609 2056 2676 forma.
2091 2607 2184 2659 llic
2213 2606 2281 2658 ad
2309 2603 2524 2657 Patrem
2552 2603 2607 2655 in
2637 2601 2788 2680 caelos
2817 2608 3073 2670 receptus,
3111 2613 3288 2652 omnes
3329 2613 3422 2650 nos

1865 2699 2131 2750 duodecim
2159 2696 2302 2749 illius
2338 2696 2626 2764 pracipuos
2660 2690 2938 2759 discipulos
2959 2691 3135 2750 mittit,
3171 2689 3259 2756 qui
3280 2686 3423 2739 omni

1867 2787 2058 2839 mundo
2093 2785 2382 2838 salutarem
2398 2786 2532 2836 hanc
2565 2781 3006 2851 dispensationem
3038 2778 3421 2830 annuntiemus.

1937 3051 2066 3118 Cum
2092 3054 2270 3120 igitur,
2302 3053 2400 3104 viri
2427 3050 2709 3119 prudentes
2737 3063 2798 3100 ac
2836 3047 3116 3114 sapientes,
3151 3045 3419 3114 signorum

1863 3148 2040 3214 quain
2059 3147 2200 3196 nobis
2218 3145 2346 3211 fiunt
2369 3145 2468 3196 vim
2485 3143 2808 3212 perspiciatis
2829 3141 3141 3193 :suscitatos
3165 3149 3416 3208 mortuos,

1861 3253 2016 3290 cacas
2048 3235 2145 3287 luci
2175 3236 2418 3297 redditos,
2465 3233 2601 3286 male
2630 3233 2929 3285 habentium
2964 3247 3125 3300 genus
3161 3247 3309 3284 omne
3335 3248 3423 3284 sa-

1863 3336 2033 3385 natos,
2073 3341 2161 3392 per
2186 3326 2293 3377 hac
2321 3324 2476 3389 ﬁdem
2500 3323 2707 3374 veritati
2738 3327 3001 3388 prazstate.
3026 3317 3424 3385 Confirmamini

1864 3433 1924 3467 ea
1951 3415 2185 3466 doctrina
2213 3428 2328 3481 quis
2357 3413 2495 3480 apud
2524 3427 2609 3464 vos
2637 3411 2786 3462 modo
2808 3407 3150 3479 prt'rdicatur,
3172 3417 3422 3461 veterem-

1829 3552 1836 3556 .
1867 3521 1964 3572 que
1994 3519 2221 3555 errorem
2253 3518 2313 3553 ac
2355 3518 2560 3554 omnem
2595 3496 2975 3552 immanitatem
3007 3499 3423 3565 impietatemque

1867 3597 2194 3653 excutientes,
2213 3593 2487 3644 induimini
2517 3591 2793 3643 Dominum
2815 3597 3047 3642 nostrum
3067 3588 3243 3640 Iesum
3268 3586 3422 3642 Chri-

1866 3697 2047 3749 stum;
2083 3701 2174 3753 per
2206 3700 2357 3753 quem
2397 3689 2604 3750 accepto
2641 3680 2841 3748 Spiritu
2871 3681 3072 3749 gratia,
3112 3695 3174 3731 ac
3212 3694 3423 3747 regene-

1867 3776 2084 3826 rationis
2107 3773 2340 3824 innovati
2366 3771 2600 3833 lavacro,
2631 3771 2805 3832 animi,
2830 3769 3094 3835 feritatem
3134 3785 3192 3820 ac
3219 3783 3424 3820 morum

1862 3867 2172 3935 pravitatem
2214 3864 2268 3914 in
2301 3861 2564 3913 lenitatem
2610 3861 2914 3912 convertetis
2931 3835 3015 3910 /ac
3050 3859 3361 3911 modestiam
3397 3899 3416 3922 δ

1863 3968 2056 4022 proque
2087 3968 2144 4004 eo
2180 3967 2240 4004 ac
2270 3948 2497 4003 homines
2526 3952 2661 4010 sitis,
2692 3949 2790 4015 ﬁlii
2828 3948 2920 4001 Dei
2951 3964 3039 4014 per
3060 3950 3285 4017 gratiam
3323 3962 3424 4000 ca-

1837 4039 1982 4098 _lesti
2012 4037 2162 4090 Patri
2192 4037 2590 4104 adoptabimini,
2622 4039 2676 4087 in
2701 4035 2900 4090 Christo
2924 4035 3069 4089 Iesu.
3100 4035 3286 4089 Amen.

195 4126 485 4193 ήπιότητα
518 4124 1070 4192 μεταποιηθήσεσθε
1099 4124 1196 4176 καὶ
1228 4125 1548 4177 ἐπιείκειαν
1573 4144 1585 4156 ·
1624 4128 1754 4179 ἀντὶ
1795 4128 2122 4193 ἀνθρώπων
2156 4127 2242 4189 δὲ,
2277 4128 2393 4179 vlol
2455 4125 2602 4178 Θεοῦ
2634 4128 2780 4178 κατὰ
2802 4124 2994 4192 χάριν,
3034 4124 3111 4188 τῷ
3172 4123 3424 4191 οὐρανίῳ

196 4213 698 4281 εἰσποιηθήσεσθε
721 4213 919 4280 Πατρὶ,
951 4215 1017 4266 ὲν
1044 4213 1530 4282 Χριστῷ⁸⁶1ησοῦ.
1562 4217 1758 4284 Ἀμήν.

261 4305 484 4359 Τούτων
513 4307 561 4358 οί
593 4305 818 4375 ἀπηνεῖς
842 4306 1035 4357 ἐκεῖνοι
1062 4306 1202 4358 κατὰ
1244 4306 1343 4376 τὴν
1387 4307 1562 4359 αὐτῶν
1590 4309 1756 4360 διάλε-

1931 4309 2027 4363 His
2079 4309 2243 4378 igitur
2287 4308 2522 4362 immites
2569 4308 2644 4363 illi
2690 4307 2890 4362 divinis
2941 4306 3421 4376 pmdicationibus

199 4413 317 4448 κτον
346 4397 633 4458 ἐπαΐοντες
662 4397 768 4448 τῶν
803 4396 1110 4464 Θεολογιῶν,
1160 4397 1253 4449 καὶ
1279 4399 1377 4466 τὴν
1409 4399 1575 4468 ὀργὴν
1619 4400 1756 4452 καθ-

202 4487 466 4553 υφιέντες,
497 4485 591 4537 καὶ
618 4485 714 4554 τὴν
741 4486 968 4555 ἀπειλὴν
1003 4487 1401 4555 μετατιθέντες,
1451 4490 1628 4541 πίστιν
1662 4490 1758 4558 μὲν

200 4574 312 4628 ἀντὶ
340 4577 446 4645 τῆς·
475 4574 776 4640 ἀπειθείας,
809 4578 927 4628 ἀντὶ
950 4577 1046 4646 τῆς
1073 4579 1261 4648 πρώην
1285 4579 1342 4630 δὲ
1362 4582 1556 4648 μανίας
1590 4582 1758 4634 ἐπιεί-

204 4683 366 4729 κειαν,
391 4666 488 4719 καὶ
520 4666 616 4735 τὴν
642 4666 840 4736 ἀρετὴν
869 4671 967 4736 τῆς
999 4669 1198 4732 κακίας
1225 4671 1662 4740 ἀπηλλάττοντο.

265 4757 421 4824 Παρὰ
463 4755 687 4819 τούτοις,
714 4751 756 4808 ὦ
790 4758 1164 4823 παναγέστατε
1208 4761 1412 4827 Mallia,
1437 4763 1529 4814 ἐπὶ
1552 4764 1762 4832 χρόνοις

211 4846 528 4916 μιμενηκὼς
553 4849 774 4912 ἱκανοῖς,
799 4850 893 4900 καὶ
928 4849 1152 4913 πολλοὺς
1178 4852 1278 4918 μὲν
1317 4855 1407 4904 ἐπὶ
1432 4854 1490 4906 τὸ
1520 4858 1762 4922 κρεῖττον

210 4937 528 5005 ὴλλοιωκὼς.
556 4940 647 4992 καὶ
670 4941 963 5009 ἐκκλησίας
989 4942 1310 5012 ἀφιερωκὼς
1340 4944 1415 5014 τῷ
1434 4945 1552 5014 Θεῴ
1573 4964 1585 4976 ·
1608 4948 1761 4999 πλείο

213 5045 345 5094 σταις
373 5031 431 5084 δὲ
461 5030 673 5100 θλίψεσι
708 5033 856 5101 παρὰ
877 5032 983 5085 τῶν
1012 5019 1348 5088 ἀσεϐούντων
1380 5038 1470 5089 καὶ
1497 5039 1760 5102 κινδύνοις

212 5120 531 5189 περιπεσὼν,
567 5120 1077 5192 ἐπιϐουλευόμενος,
1116 5121 1619 5194 βλασφημούμενος,
1653 5145 1757 5194 μα-

217 5209 570 5279 στιγούμενος,
619 5211 1187 5281 προπηλακιζόμενος
1227 5217 1315 5267 καὶ
1367 5214 1509 5268 οὓτω
1557 5217 1757 5270 τέλειον

216 5297 267 5350 τὸ
295 5299 588 5369 μαρτύριον
620 5299 898 5364 ἀποδιδοὺς
923 5300 999 5370 τῷ
1025 5302 1162 5370 Θεῷ.
1195 5304 1542 5366 καταλείπεις
1575 5306 1673 5373 μὲν
1696 5308 1756 5358 τὸ

218 5390 421 5458 σαρκίον
445 5388 521 5449 ὡς
549 5387 712 5456 ἄχθος
742 5389 832 5439 ἐπὶ
859 5390 952 5457 τῆς
981 5390 1101 5458 γῆς,
1149 5391 1307 5452 αὐτὸς
1337 5391 1392 5443 δὲ
1424 5392 1622 5461 κοῦφος
1661 5393 1753 5445 ἀν-

215 5477 369 5549 έπτης
403 5479 483 5541 εἰς
503 5476 767 5547 οὐρανούς
787 5494 801 5507 ·
825 5481 919 5530 καὶ
941 5482 1066 5542 τοὺς
1101 5479 1335 5550 μέλανας
1374 5483 1752 5552 ἀπεκδύσάμε-

219 5585 314 5634 νος,
331 5573 451 5635 ταῖς
479 5569 946 5638 φωτοειδεστάτοις
977 5572 1399 5642 προσεχώρησας
1445 5576 1550 5630 τῶν
1587 5577 1750 5646 οὐρα-

1862 4398 1979 4465 ipso
2010 4398 2226 4450 illorum
2265 4397 2519 4449 idiomate
2561 4397 2782 4459 auditis,
2823 4397 3010 4463 iraque
3048 4396 3323 4464 mitigata,
3356 4411 3420 4451 ac

1864 4489 2055 4542 missas
2099 4488 2362 4554 facientes,
2399 4489 2593 4551 minas,
2638 4503 2738 4557 pro
2797 4487 3173 4541 incredulitate
3235 4485 3419 4552 ﬁdem,

1863 4595 1963 4648 pro
1993 4579 2220 4647 pristina
2251 4578 2460 4632 feritate
2502 4587 2665 4647 atque
2699 4577 2888 4632 furore
2919 4579 3193 4632 lenitatem
3225 4586 3282 4631 et
3303 4592 3418 4630 mo-

1863 4671 2112 4734 destiam,
2152 4687 2250 4740 pro
2275 4671 2406 4724 vitio
2436 4671 2690 4724 virtutem
2723 4655 3157 4724 commutaverei

1932 4761 2222 4829 Postquam
2268 4771 2446 4814 autem
2508 4776 2679 4814 annos
2723 4769 2803 4814 sat
2854 4760 3054 4812 multos
3107 4758 3248 4827 apud
3294 4774 3413 4812 eam

1861 4860 2098 4920 gentem,
2127 4851 2470 4904 sanctissime
2498 4850 2722 4910 Mathia,
2744 4861 2990 4903 versatus
3014 4863 3180 4913 esses,
3208 4848 3414 4916 plures-

1860 4957 1965 5009 que
2015 4942 2078 4994 ad
2122 4940 2398 4994 meliorem
2451 4941 2658 5010 frugem
2699 4955 3111 5000 revocasses.ac
3152 4939 3411 4993 ecclesias

1861 5032 1970 5084 Deo
2015 5045 2386 5084 consecrasses
2429 5047 2444 5093 ;
2494 5029 2906 5099 quamplurimis
2959 5045 3054 5098 per
3121 5029 3408 5096 impiorum

1859 5133 2061 5176 struem
2093 5120 2411 5190 perfunctus
2435 5120 2711 5182 aerumnis,
2743 5131 3107 5189 exceptusque
3129 5109 3400 5186 periculis,

1858 5213 2071 5267 insidiis
2107 5214 2400 5281 appetitus,
2433 5211 2788 5279 blasphemiis
2824 5211 3121 5270 lacessitus,
3155 5207 3405 5261 verberi-

1857 5305 1962 5357 bus
1999 5303 2407 5364 dehonestatus,
2453 5302 2691 5356 ludibrio
2722 5303 2940 5358 habitus
2982 5316 3042 5353 sc
3074 5299 3400 5363 vellicatus;

1858 5396 2019 5463 inque
2050 5396 2199 5448 hunc
2237 5393 2457 5448 modum
2490 5393 2790 5462 perfectum
2832 5395 2937 5447 Deo
2970 5389 3202 5442 reddens
3253 5389 3404 5442 testi-

1856 5487 2119 5548 monium,
2151 5486 2295 5539 velut
2333 5485 2541 5537 sarcina
2573 5484 2895 5555 corpusculo
2930 5482 2984 5533 in
3011 5489 3152 5534 terra
3185 5480 3398 5541 relicto,

1857 5562 1968 5642 ipsc
2014 5583 2073 5627 ut
2127 5572 2261 5628 levis
2310 5572 2363 5626 in
2414 5572 2581 5628 cados
2630 5570 2902 5635 evolasti;
2958 5569 3215 5640 nigraque
3274 5575 3397 5628 cute
