3922 6314
96 249 197 312 289

855 248 1136 307 ORATIO
1174 249 1290 306 XV.
1320 274 1383 282 --
1429 249 1505 308 ΙΝ
1539 249 1844 308 LAUDEM
1887 251 1945 308 S.
1991 251 2224 309 MARCl
2249 252 2499 315 APOST.

3142 254 3288 317 190

91 351 174 404 καὶ
221 344 624 415 εὐαγγελιστὴν,
672 348 959 416 προσθήσω
1004 347 1060 398 δὲ
1091 349 1181 399 καὶ
1217 349 1492 418 ίεράρχην,
1543 350 1634 401 καὶ

1748 363 1880 404 Stam
1908 391 1922 415 ,
1955 352 2143 404 addam
2173 368 2301 406 vero
2326 364 2376 406 et
2401 355 2713 437 antistitem,
2737 355 2971 426 Jesuque
2994 357 3290 425 majestatis

90 441 179 507 τῆς
226 437 402 505 Ἰησοῦ
452 441 867 506 μεγαλειότητος
892 437 1140 505 μάρτυρα
1167 437 1389 506 Μάρκον
1419 437 1638 504 ἀφηγῆ-

91 543 170 578 σαι
189 541 203 554 ·
234 526 326 576 καὶ
359 518 562 587 τοῖςὲκ
592 525 699 577 τῶν
725 524 898 589 λόγων
941 523 1179 585 ἐπαίνοις
1199 525 1272 586 ὡς
1308 526 1520 578 ἄνθεσιν
1549 526 1640 578 εὐ-

89 615 301 669 ωδιάσαι
319 615 413 667 καὶ
439 616 869 681 κατακοσμῆσαι.
893 608 1058 675 Οὗτος
1083 615 1188 683 γάρ
1219 617 1365 683 ἡμᾶς
1384 618 1634 685 σήμερον,

87 706 156 776 τῷ
179 704 425 774 γλυκερῷ
454 704 550 775 μὲν
581 703 674 756 καὶ
702 703 898 772 ἡδίστῳ
929 703 1026 771 τῆς
1057 705 1218 758 αὑτοῦ
1262 707 1477 774 μνήμης
1506 709 1637 775 πρὸς

86 797 270 847 οίκεῖον
298 792 667 861 άναζωπυρῶν
697 788 843 844 αῖνον
863 811 876 824 ·
901 793 976 863 τῷ
999 794 1222 860 ποικίλῳ
1243 796 1296 847 δὲ
1318 797 1410 862 τῆς
1443 797 1638 867 ἀρετῆς

89 885 172 935 καὶ
209 883 636 952 μεγαλοπρεπεῖ,
695 883 785 934 τὸν
830 884 984 937 ὄκνον
1027 886 1156 956 ημῖν
1182 887 1364 947 ἐνιεὶς.
1403 887 1637 953 ἀγωνίας

87 991 140 1025 τε
176 972 286 1043 άμα
316 972 410 1025 καὶ
445 970 748 1042 προθυμίας
783 973 1137 1042 ἐμπίπλησιν.
1180 975 1314 1027 Ἀλλ’
1362 978 1520 1044 ἡμεῖς
1544 975 1636 1027 τοῦ

89 1063 390 1132 Πνεύματος
416 1061 529 1132 τὴν
574 1063 880 1133 ἐνέργειαν,
934 1065 1027 1116 καὶ
1089 1064 1183 1138 τοῦ
1221 1065 1635 1135 εὺιρημουμένου

87 1155 175 1224 τὴν
203 1153 448 1219 θεολόγον
472 1155 929 1223 ἐπικαλεσάμενοι
959 1156 1164 1225 φωνὴν,
1200 1155 1405 1224 βραχέα
1443 1156 1636 1226 τούτῳ,

88 1247 169 1300 καὶ
216 1247 314 1298 ὅσα
368 1244 528 1298 δώσει
583 1245 1088 1316 προσλαλήσωμεν·
1134 1245 1274 1297 οὕτω
1307 1246 1414 1315 γάρ
1459 1247 1640 1299 καὶτὸ

91 1336 230 1406 χρέος
259 1335 337 1406 τῷ
365 1337 674 1405 λογιωτάτῳ
701 1336 794 1387 τοῦ
825 1335 996 1403 Λόγου
1028 1338 1169 1388 κατὰ
1189 1335 1420 1403 δύναμιν
1448 1335 1654 1403 ὑφέξο-¹

91 1445 178 1496 μεν
217 1428 451 1497 μαθητῇ,
493 1428 582 1480 καὶ
617 1429 682 1496 τῇ
741 1426 1034 1496 Ἐκκλησία
1079 1427 1174 1479 τοῦ
1223 1413 1476 1479 Θεοῦπὺν
1501 1428 1640 1496 ἱερὸν

88 1518 488 1586 ἀφοσιωσόμεθα
521 1516 706 1569 πόθον.
881 1500 883 1502 ’
1296 1508 1301 1512 ’

150 1600 309 1672 υῦτος
331 1608 512 1659 τοίνυν
542 1609 570 1659 6
602 1605 854 1670 ἐκλεκτὸς
882 1609 972 1659 καὶ
1005 1602 1227 1676 δόκιμος
1253 1608 1641 1679 εὖαγγελιστὴς

1743 449 1932 494 testem
1965 440 2201 495 Marcum
2236 442 2487 498 laudibus
2504 447 2861 510 celebremus,
2888 463 2952 502 ac
2979 447 3125 501 velut
3155 463 3284 501 sua-

1740 531 2080 584 veolentibus
2112 528 2358 592 ﬂoribus,
2394 535 2779 589 encomiastico
2805 551 3054 590 sermone
3099 551 3291 605 asper-

1741 635 1931 688 gamus
1959 634 2018 672 ac
2052 635 2402 673 exornemus.
2432 622 2531 675 Hic
2551 625 2689 676 enim
2715 627 2993 682 nos.hodie
3015 627 3157 682 dulci
3190 643 3289 682 sua

1741 709 2175 776 suavissimaque
2208 708 2489 772 memoria,
2525 711 2577 764 in
2621 727 2770 764 suam
2796 715 2994 770 excitat
3038 716 3287 781 laudem;

1741 795 1992 865 idemque
2047 795 2406 848 nihilominus
2438 797 2590 850 vario
2621 812 2683 852 ac
2735 803 3133 871 praemagnilico
3169 819 3292 859 sna-

1741 902 1858 938 rum
1896 885 2155 938 virtutum
2208 885 2380 950 cultu,
2433 893 2707 954 torporem
2760 891 3032 958 injiciens,
3101 895 3293 950 timore

1740 977 1942 1048 pariter
1971 991 2034 1029 ac
2066 975 2346 1028 alacritate
2370 977 2650 1044 adimplet.
2683 977 2794 1032 Nos
2821 981 3098 1035 enimvero
3130 983 3286 1037 invo-

1740 1074 1864 1121 cato
1911 1066 2151 1136 Spiritus
2175 1065 2378 1129 aliiatu,
2412 1066 2643 1136 ejusque
2679 1068 2854 1137 ipsius
2879 1072 2969 1138 qui
3001 1073 3173 1127 laudis
3206 1090 3294 1127 ar-

1739 1167 1994 1226 gumento
2019 1159 2334 1226 propositus
2357 1168 2455 1222 est,
2478 1159 2662 1212 divina
2692 1159 2847 1213 nobis
2871 1161 3109 1214 adhibita
3139 1178 3290 1230 voce,

1741 1261 1910 1316 pauca
1967 1248 2064 1312 illi,
2103 1256 2154 1301 et
2209 1264 2330 1317 quae
2389 1248 2693 1311 donaverit,
2743 1251 3148 1318 proloquamur.
3207 1255 3298 1308 Sic

1739 1339 1903 1394 enim.
1939 1346 2055 1389 tum
2091 1339 2538 1407 eloquentissimo
2591 1338 2751 1392 Verbi
2784 1337 3048 1410 discipulo
3093 1359 3190 1411 pro
3221 1347 3302 1396 vi-

1741 1426 1826 1479 rili
1860 1437 2041 1481 nostra
2066 1427 2306 1482 debitum
2336 1429 2695 1486 exsolvemus.
2729 1436 2839 1480 tum
2865 1444 3022 1483 sacro
3052 1429 3301 1486 Ecclesiae

1742 1513 1832 1567 Dei
1858 1514 2130 1566 desiderio
2156 1514 2538 1581 defungemur.

1814 1601 1911 1657 Hic
1943 1606 2106 1674 igitur
2135 1606 2397 1672 probatus
2428 1613 2593 1674 atque
2634 1607 2844 1662 electus
2891 1607 3018 1663 Jesu
3060 1624 3298 1678 evange-

86 1696 168 1749 τοῦ
206 1665 399 1764 Ἰησοῦ,
434 1699 463 1749 6
490 1696 740 1767 λαμπρὸς
769 1665 869 1765 τῆς
907 1665 1332 1766 οίκονομίαςτοῦ
1363 1665 1500 1751 δέοὖ

1748 1693 1886 1756 lista,
1947 1665 2039 1747 [Sci
2085 1693 2245 1748 Verbi
2301 1665 2729 1764 dispensationis
2759 1699 2942 1753 clarus
2995 1665 3299 1768 theologus,

87 1802 173 1857 γον
209 1785 496 1853 θεολόγος·
548 1788 576 1837 ό
630 1785 1111 1853 φωτοφανέστατος
1165 1787 1263 1856 τῆς
1318 1786 1642 1855 Ἐκκλησίας

87 1877 330 1947 λαμπτήρ
350 1888 366 1902 ⁸
390 1878 418 1928 6
439 1878 513 1947 μὴ
539 1876 716 1945 λόγοις
751 1877 908 1946 μόνον
946 1881 1150 1943 σοφοῖς,
1182 1877 1317 1930 ἀλλὰ
1349 1879 1441 1930 καὶ
1461 1878 1644 1945 ἁγίαις

88 1967 336 2037 Γραφαίς,
365 1965 500 2018 ἀλλὰ
525 1969 619 2018 καὶ
657 1966 830 2034 ἀγῶσι
867 1969 1134 2038 στερροῖς,
1171 1966 1305 2020 ἀλλὰ
1338 1969 1430 2021 καὶ
1473 1970 1646 2038 παθή-

91 2073 240 2125 μασιν
269 2058 581 2129 ἀθλητικοῖς
635 2056 1030 2128 ὑπέρλαμπρον
1055 2059 1116 2110 τὺ
1169 2059 1288 2114 κατ’
1320 2058 1480 2112 αὑτὸν
1509 2077 1646 2128 μαρ-

88 2149 256 2217 τύριον
306 2147 728 2218 ἀποπληρώσας.
764 2148 842 2219 τῷ
884 2148 1026 2218 Θεῷ.
1084 2141 1271 2212 Οὗτος,
1330 2149 1429 2219 τὴν
1477 2151 1645 2217 ἀκοὴν

89 2238 336 2306 πρότερον
388 2237 645 2308 ἀκηκοὼς
703 2237 797 2294 τοῦ
829 2237 1027 2309 Ἰησοῦ,
1072 2239 1172 2292 οὐκ
1219 2239 1379 2292 ἐϐυσε
1430 2240 1498 2292 τά
1531 2234 1645 2292 ὦτα

88 2329 214 2382 κατὰ
234 2330 360 2391 τοὺς
393 2328 640 2391 ἀπειθεῖς
660 2368 676 2392 ,
711 2327 820 2384 οὐδ’
850 2329 1052 2398 ἢκουσε
1097 2331 1215 2398 μὲν,
1250 2332 1528 2393 ἀσυνέτως
1553 2331 1607 2383 δέ
1627 2347 1643 2363 ο

88 2419 195 2471 οὐδὲ
223 2419 458 2482 συνετῶς
485 2419 602 2491 μὲν,
637 2420 695 2472 οὑ
726 2420 864 2490 μετὰ
894 2419 1136 2484 πίστεως
1171 2421 1228 2474 δέ
1249 2439 1262 2452 ο
1292 2422 1412 2476 οὐδὲ
1433 2422 1647 2484 ’πιστῶς

93 2512 199 2581 μὲν,
225 2510 445 2580 ἀμελῶς
481 2511 537 2565 δὲ
581 2509 658 2580 τῷ
691 2511 1080 2581 κηρυττομένῳ
1126 2515 1430 2583 προσφοιτᾷ
1457 2514 1597 2582 λόγῳ
1627 2527 1639 2541 ο

91 2600 255 2666 πάσης
303 2600 360 2652 δὲ
402 2599 542 2653 κατά
592 2600 770 2670 σάρκα
800 2601 1139 2667 συγγενείας,
1174 2603 1353 2673 πάσης
1399 2605 1644 2671 κτήσεως

91 2691 170 2745 καὶ
194 2686 564 2761 προσπαθᾶας
582 2689 638 2744 δὲ
665 2690 844 2760 πάσης
867 2691 975 2743 τῶν
1007 2692 1208 2761 γηΐνων
1238 2693 1452 2763 τελείως
1480 2695 1577 2745 ὑπε
1589 2710 1645 2762 ρ-

95 2780 222 2848 ιόὼν,
252 2781 442 2852 ὥσπερ
491 2783 686 2850 ἔλαφος
725 2783 959 2853 ἔδραμεν
988 2785 1044 2834 ὲν
1067 2783 1225 2851 δίψει,
1256 2783 1361 2838 τῶν
1391 2785 1642 2855 (omnis-

91 2889 186 2928 των
212 2875 450 2946 Χριστοῦ
483 2875 927 2948 πλησθησόμενος
949 2877 1160 2945 πηγῶν.

150 3057 211 3111 Τί
235 3057 327 3112 οὖν
350 3059 379 3113 6
399 3057 624 3126 Κύριος,
652 3057 686 3126 ή
712 3054 863 3126 πηγὴ
891 3055 1000 3109 τῶν
1030 3056 1265 3123 δωρεῶν,
1287 3058 1348 3109 τὸ
1374 3057 1643 3129 πλήρωμα

92 3149 188 3202 τῶν
216 3148 457 3216 ἀγαθῶν,
487 3149 516 3201 6
535 3147 630 3202 τοῦ
658 3149 868 3218 [ἰατρὸς
892 3148 1307 3218 ἀπαράλλακτος
1340 3151 1644 3221 χαρακτὴρ,

92 3241 116 3295 ὁ
147 3238 232 3292 τοῦ
256 3237 519 3293 θιωτικοῦ
543 3237 855 3308 Πνεύματος
875 3238 1039 3308 δοτήρ
1063 3255 1077 3303 ;
1113 3238 1222 3302 πῶς
1253 3233 1426 3300 οὗτος,
1460 3238 1493 3309 ἢ
1522 3241 1647 3308 ποίᾳ

93 3328 308 3382 διαθέσει
331 3328 425 3382 τὸν
449 3326 650 3398 θερμὸν
679 3325 821 3382 οὕτω
841 3328 1155 3398 προσήκατο
1177 3329 1436 3399 φοιτητήν
1459 3345 1473 3393 ;
1503 3325 1648 3399 Ἆρά

93 3439 148 3488 γε
172 3421 352 3473 τοῦτον
370 3419 445 3484 ὡς
471 3419 571 3471 οὐκ
599 3416 814 3471 εὖθιτον
843 3416 1134 3484 ἀπώσατο;
1174 3417 1206 3488 ἢ
1238 3416 1395 3483 λόγου
1421 3417 1647 3488 βραχέος

94 3512 304 3582 ἀξιοῖςῆ
334 3511 414 3583 τῷ
449 3508 628 3579 πολλῷ
675 3507 871 3578 πλήθει
917 3509 1240 3578 συναριθμεῖ
1265 3509 1374 3561 τῶν
1404 3510 1645 3574 πιστῶν;

95 3603 244 3674 ἡτῶν
297 3599 800 3674 πρωτοαποστόλων
852 3600 996 3661 τινὸς
1029 3601 1174 3678 ἥττω
1211 3599 1516 3668 παρέσχετο
1549 3600 1646 3666 τὴν

95 3694 276 3764 τιμήνς
314 3692 613 3762 Οῦμενουν.
653 3691 817 3761 Ὁμοῦ
845 3691 899 3744 δὲ
919 3685 1027 3744 εἶδε
1052 3690 1256 3755 τοῦτον,
1287 3691 1379 3744 καὶ
1400 3689 1474 3760 τῷ
1497 3690 1649 3759 βάθει

95 3781 182 3850 τῆς
205 3783 431 3854 καρδίας
479 3780 643 3835 αὑτοῦ
691 3780 972 3847 ἐνέϐλεψεν
1017 3780 1091 3843 ὡς
1121 3781 1273 3843 Θεὸς,
1329 3784 1424 3833 καὶ
1454 3777 1511 3833 ὃν
1546 3782 1650 3850 πρὸ

96 3873 380 3942 καταϐολῆς
413 3873 533 3942 ᾔδει
567 3871 659 3928 τοῦ
693 3872 908 3949 κόσμου.
939 3871 1018 3942 τῷ
1051 3871 1215 3923 αὑτοῦ
1271 3871 1479 3939 σώματι
1511 3871 1648 3940 σύμ-

103 3981 284 4034 μορφον
315 3965 597 4031 ἐσόμενον,
628 3964 813 4017 τοῦτον
866 3965 960 4016 καὶ
994 3963 1318 4029 σωματικῶς
1369 3963 1493 4033 ἄρτι
1522 3972 1649 4031 ’φοι-

99 4053 250 4108 τῶντα
273 4054 402 4124 παρ’
429 4053 592 4106 αὑτὸν
621 4051 762 4113 ίδὼν,
798 4052 894 4121 τὴν
915 4051 1006 4103 τοῦ
1039 4053 1155 4111 νοὸς
1188 4050 1347 4114 εὐθὺς
1393 4053 1645 4121 ᾐρέτισεν

101 4123 365 4217 εὐθύτητα,
427 4144 522 4198 καὶ
559 4144 619 4197 τὸ
652 4144 946 4213 ἀκραιφνὲς
993 4143 1206 4212 ἠγάσθη
1258 4143 1357 4209 τῆς
1387 4123 1640 4204 πίστεως,

103 4239 179 4290 καὶ
195 4238 249 4290 τὸ
266 4237 507 4306 καθαρὸν
523 4235 775 4305 ἠγάπησε
799 4235 895 4302 τῆς
928 4234 1183 4295 διανοίας,
1209 4234 1301 4285 καὶ
1330 4232 1390 4285 τὸ
1420 4232 1645 4300 ἀληθευ-

1745 1785 2001 1839 Ecclesim
2029 1787 2427 1841 lucidissimum
2466 1788 2643 1841 lumen
2670 1829 2685 1851 ,
2720 1792 2810 1858 qui
2843 1791 3042 1844 nedum
3074 1792 3296 1860 sapien-

1744 1875 1969 1928 tissimis
2005 1877 2370 1938 sermonibus,
2406 1876 2500 1930 sed
2544 1887 2596 1930 et
2625 1877 2923 1946 Scripturis
2971 1879 3168 1944 sacris,
3201 1879 3299 1934 sed

1743 1972 1797 2018 et
1821 1966 2028 2020 robusti
2051 1967 2214 2019 animi
2243 1968 2652 2030 certaminibus.
2678 1969 2769 2022 sed
2798 1980 2849 2023 et
2878 1971 3148 2023 athleticis
3173 1984 3299 2036 pas-

1746 2056 2011 2116 sionibus.
2041 2071 2204 2125 supra
2237 2057 2455 2110 modum
2493 2059 2717 2112 illustre
2766 2060 3083 2127 umrtyrium
3140 2073 3299 2112 suum

1749 2147 1857 2200 Deo
1909 2147 2241 2215 adimplevit.
2288 2146 2360 2211 Is,
2405 2146 2588 2201 audita
2634 2150 2783 2218 prius
2825 2145 2952 2204 Jesu
3007 2150 3301 2210 auditione,

1747 2236 2166 2306 haudquaquam
2197 2237 2599 2294 incredulorum
2623 2254 2771 2293 more
2797 2254 2956 2294 aures
2986 2241 3256 2296 obturavit
3284 2257 3299 2305 ;

1747 2342 1846 2380 nec
1874 2343 2002 2381 vero
2035 2327 2241 2383 audivit
2286 2337 2517 2393 tantum,
2551 2337 2607 2382 at
2659 2331 2776 2385 sine
2840 2331 3152 2396 intellectu;
3202 2330 3301 2388 nec

1744 2434 1866 2473 cum
1899 2418 2175 2472 intellecut
2224 2417 2465 2487 quidem,
2514 2428 2567 2472 at
2596 2406 2712 2473 sine
2744 2419 2882 2484 ﬁde;
2916 2437 3015 2475 nec
3045 2420 3149 2475 ﬁde
3177 2421 3300 2489 qui-

1745 2512 1892 2570 dem,
1933 2518 1987 2560 at
2023 2510 2189 2562 animi
2233 2508 2480 2562 socordia
2515 2511 2879 2578 praedicationi
2929 2513 3171 2564 auditum
3194 2513 3304 2566 .ad-

1744 2601 1911 2653 movit
1944 2617 1956 2652 :
1988 2599 2235 2668 quinimo
2276 2599 2479 2653 carnali
2521 2602 2668 2653 omni
2721 2610 2902 2670 spreta
2951 2607 3301 2671 cogitatione,

1742 2690 1890 2742 omni
1931 2691 2183 2758 despecta
2218 2689 2549 2752 substantia,
2600 2700 2937 2746 terrenarum
2989 2694 3135 2746 omni
3182 2692 3306 2747 libi—

1744 2780 1868 2833 dine
1901 2779 2136 2849 perfecte
2159 2789 2490 2845 contempta,
2519 2780 2662 2852 cervi
2701 2780 2754 2832 in
2794 2796 3019 2845 morem,
3052 2782 3306 2851 vitalibus

1742 2872 1946 2926 Christi
1981 2873 2233 2927 laticibus
2260 2873 2616 2932 inebriandos
2659 2889 2721 2928 ac
2751 2874 3083 2944 proluendus
3113 2887 3305 2928 accut'v

1743 2963 1814 3017 rit
1845 2963 1895 3016 in
1928 2964 2016 3017 siti
2046 2963 2112 3015 ⁸³.
3060 2998 3065 3009 ι
3247 2963 3251 2968 '

1820 3073 2154 3142 Quid‘igitur
2180 3073 2459 3138 Dominus,
2500 3073 2620 3128 fons
2658 3074 2748 3127 ille
2787 3074 3079 3136 donorum,
3134 3072 3307 3126 bono-

1747 3179 1866 3218 rum
1894 3164 2192 3234 plenitudo,
2223 3162 2401 3217 Patris
2425 3163 2882 3218 incommutabilis
2911 3164 3100 3229 ﬁgura,
3126 3160 3304 3216 deiﬁci

1748 3253 1983 3322 Spiritus
2012 3252 2209 3306 dator?
2241 3251 2288 3306 Is
2309 3253 2578 3306 nimirum
2603 3267 2834 3320 quanam
2879 3253 3104 3314 ratione,
3127 3266 3304 3321 quove

1749 3345 1949 3399 mentis
1985 3342 2202 3406 affectu,
2233 3351 2384 3396 tanto
2409 3350 2589 3395 actum
2617 3342 2827 3396 fervore
2855 3342 3180 3410 discipulum
3206 3342 3305 3395 ad—

1748 3433 1938 3488 misit?
1977 3433 2116 3486 Num
2144 3432 2302 3500 quasi
2338 3432 2520 3484 minus
2543 3430 2796 3483 idoneum
2817 3430 3052 3500 repulit?
3079 3439 3176 3484 aut
3201 3429 3306 3483 mi-

1747 3523 1907 3578 noris.
1937 3521 2110 3584 fecit?
2143 3521 2225 3574 vel
2267 3520 2592 3588 promiscuae
2633 3518 2868 3572 lldelium
2911 3519 3083 3570 turba:
3129 3532 3306 3571 annu-

1748 3613 1957 3667 merat?
1986 3619 2078 3665 aut
2111 3611 2320 3664 minore
2351 3611 2560 3663 honore
2607 3609 2767 3662 habet
2807 3623 2868 3661 ac
2919 3607 3086 3658 ullum
3142 3605 3307 3673 primi

1747 3707 1955 3760 ordinis
1995 3701 2334 3772 apostolum?
2380 3700 2849 3769 Minimegentium
2897 3715 2909 3749 :
2943 3699 3072 3765 quin
3096 3710 3217 3748 mox
3243 3708 3306 3748 ac

1748 3795 1904 3855 vidit,
1934 3802 1988 3848 et
2019 3795 2165 3846 velut
2214 3791 2374 3851 Dens,
2418 3790 2563 3841 illius
2599 3788 2705 3840 alta
2740 3787 2974 3854 pectoris
3032 3787 3303 3850 inspexit;

1747 3903 1905 3953 quem
1936 3894 2060 3937 ante
2087 3881 2272 3934 tnuudi
2304 3879 2747 3932 constitutionem
2786 3891 2887 3930 suo
2918 3876 3132 3941 corpori
3166 3888 3298 3925 con-

1748 3975 1978 4028 formeni
2023 3974 2136 4024 fore
2177 3976 2436 4022 noverat:
2467 3969 2530 4018 ad
2573 3981 2629 4020 se
2663 3966 2774 4033 jam
2829 3966 2988 4017 etiam
3032 3963 3300 4030 corporali

1707 4118 1712 4119 ,
1746 4080 1933 4134 gressu
1963 4064 2265 4115 Venientem
2300 4073 2551 4120 cernens,
2590 4055 2709 4123 ejus
2728 4057 2912 4107 statim
2945 4055 3110 4105 animi
3144 4054 3304 4106 recti-

1736 4151 1996 4202 tudinem
2041 4147 2325 4215 probavit;
2362 4145 2478 4197 fidei
2521 4144 2887 4197 sinceritatem
2938 4142 3165 4194 miratus
3195 4149 3302 4204 est,

1747 4241 1944 4294 mentis
1997 4239 2284 4306 puritatem
2312 4235 2537 4296 dilexit;
2577 4231 3019 4305 moresqueveri
3080 4239 3304 4284 tenaces

104 4331 226 4385 τικδν
251 4332 343 4386 τοῦ
382 4332 588 4400 τρόπον
620 4330 716 4382 καὶ¹
743 4329 1016 4382 ἄπλαστον
1043 4325 1376 4396 πεφιληκὼς,
1403 4329 1513 4392 τοῖς
1548 4343 1638 4378 πιο

1748 4341 1907 4398 atque
1940 4328 2213 4395 simplices
2259 4340 2470 4386 amans,
2523 4322 2961 4376 ﬁdelissimorum
3005 4321 3308 4390 discipulov

106 4423 352 4484 ποτάτοις
385 4421 672 4474 συντάττει
696 4421 804 4473 τῶν
835 4419 1126 4490 ὁμιλητῶν.

161 4512 258 4571 Καὶ
312 4510 510 4579 ἐπειδὴ
580 4511 691 4576 τοῖς
742 4507 1136 4579 πρεσϐυτάτοις
1211 4507 1649 4575 ὲγκαταλεγῆναι

107 4602 336 4656 ἀδύνατον
353 4597 451 4672 ἦν,
492 4601 592 4672 ἠδη
624 4599 722 4668 τῆς
753 4601 900 4671 ἱερᾶς
927 4599 1222 4660 δωδεκάδος
1249 4600 1650 4668 συμπεπληρω-

110 4693 278 4762 μένηςο
328 4696 445 4757 τοῖς
493 4690 763 4760 δευτέροις
791 4690 889 4757 μὲν
913 4687 1008 4760 τὴν
1041 4688 1192 4752 τάξιν
1216 4688 1496 4756 ἐναριθμεί
1519 4699 1534 4715 ⁶
1583 4690 1646 4755 τῇ

109 4784 405 4856 ἑϐδοματικῇ
465 4784 610 4850 λέγω
667 4781 849 4850 λογάδι
903 4779 1012 4832 τῶν
1068 4780 1358 4849 μαθητῶνο
1412 4781 1508 4850 τῆς
1540 4780 1648 4831 τῶν

111 4871 308 4938 πρῶτων
333 4874 389 4927 δὲ
421 4873 646 4942 χάριτος
677 4869 922 4935 καταξιοί
949 4869 1041 4922 καὶ
1069 4868 1232 4938 τιμῆς
1254 4884 1266 4899 ·
1303 4864 1402 4931 οἷς,
1429 4868 1520 4923 καὶ
1556 4868 1646 4920 τοῦ

111 4960 411 5030 Etiamne-3
451 4964 648 5020 σεπτὸν
677 4963 956 5032 ὑποφήτην
985 4961 1145 5014 αὑτὸν
1181 4961 1316 5030 μετὰ
1345 4960 1535 5026 ταῦτα,
1556 4958 1656 5019 καὶ,

111 5053 321 5115 ἀξιόθεον
340 5054 726 5114 ἀποδείκνυσιν
750 5050 1098 5122 ἱεροφάντην.
1160 5049 1376 5118 Ἐπειδὴ
1411 5048 1517 5118 γὰρ
1539 5050 1647 5102 τῶν

113 5142 209 5196 κατ’
243 5145 392 5197 αὐτὸν
427 5145 746 5215 μυστηρίων
783 5141 1076 5214 ἀκροατὴν,
1109 5141 1202 5197 καὶ
1239 5140 1345 5191 τῶν
1385 5140 1642 5192 θεοτελῶν

109 5231 262 5299 ἔργων
314 5235 576 5298 ἐκείνων,
641 5233 736 5287 καὶ
791 5231 900 5286 τῶν
940 5230 1216 5295 ζωοποιῶν
1261 5229 1638 5298 παθημάτων,

1749 4437 1866 4474 rum
1896 4417 2125 4483 collegio
2155 4415 2418 4483 adjnngit.

1817 4509 2085 4574 Quoniam
2109 4521 2240 4559 vero
2279 4504 2417 4557 haud
2455 4502 2568 4555 ﬁeri
2629 4508 2862 4570 poterat,
2901 4507 2959 4552 ttt
3009 4514 3166 4555 sacro
3191 4499 3306 4567 jam

1746 4597 2080 4653 duodenario
2127 4593 2395 4661 completo
2451 4604 2702 4652 numero,
2756 4589 3150 4656 antiquissimis
3199 4588 3307 4642 illis

1746 4689 2040 4756 primisque
2065 4689 2407 4745 accenseret;
2433 4680 2497 4733 iis
2524 4685 2796 4740 accensct,
2824 4679 2914 4744 qui
2941 4675 3162 4734 secundi
3187 4675 3306 4748 qui:

1749 4779 1869 4831 dem
1910 4775 2117 4829 ordinis
2161 4781 2341 4829 essent
2384 4769 2761 4840 (septuaginta
2812 4767 3065 4821 nimirum
3119 4765 3307 4828 electis

1749 4863 2083 4934 discipulis),
2126 4871 2182 4915 at
2218 4862 2514 4930 primorum
2565 4868 2740 4912 tamen
2775 4856 2946 4923 gratia
2992 4863 3047 4908 et
3099 4855 3307 4915 honore

1748 4966 1948 5027 auget;
1985 4972 2090 5026 qua
2118 4963 2170 5009 et
2198 4952 2542 5024 postmodum
2575 4947 2846 5016 Evangelii
2879 4948 3197 5016 praeclarum
3231 4948 3305 5000 iu~

1750 5057 2064 5117 terpretetn,
2101 5046 2454 5111 divinumque
2489 5052 2768 5114 sacrorum
2817 5039 3117 5092 antistitem
3153 5036 3300 5096 facit,

1751 5140 1905 5206 Quod
1938 5140 2084 5194 enim
2113 5150 2332 5191 suorum
2372 5143 2422 5186 te
2454 5129 2835 5200 mysteriorum
2865 5127 3186 5187 auditorem,
3216 5124 3313 5215 div.

1749 5232 2108 5296 vitiorumque
2136 5236 2356 5293 operum
2384 5220 2620 5283 illorum,
2650 5230 2712 5270 ac
2732 5215 3066 5272 vivificarum
3094 5211 3311 5279 passio-’

111 5322 190 5374 καὶ
242 5322 334 5390 τῆς
384 5323 740 5384 ἀναστάσεως
803 5323 894 5376 καὶ
940 5321 1036 5390 τῆς
1099 5319 1416 5390 ἀναλήψεως
1478 5320 1640 5374 αὑτὸν

1748 5338 1899 5386 nutn,
1940 5313 2459 5379 resurrectionisque
2492 5319 2658 5378 atque
2709 5308 2761 5364 in
2796 5306 2990 5364 coelum
3028 5310 3311 5399 recepttoql.

111 5414 328 5484 ἀπέφηνε
378 5416 588 5484 μύστην
649 5412 742 5464 καὶ
798 5412 1017 5483 θεατήνσ
1088 5412 1182 5465 καὶ
1248 5411 1338 5468 τοῦ
1394 5410 1642 5481 ῐινεύμα-

1752 5413 1837 5466 nis
1886 5409 2190 5479 cognitione
2252 5403 2536 5465 imbuerat,
2596 5400 2899 5469 horumque
2941 5399 3303 5463 spectatorem

166 5589 210 5625 ⁸⁸
229 5589 366 5647 Psal.
407 5607 516 5664 ιιι,
548 5589 601 5645 5.
