3922 6314
79 209 174 270 293

838 209 1116 270 ORATIO
1137 201 1258 269 XV.
1300 234 1368 248 -
1432 209 1512 270 IN
1543 205 1854 268 LAUDEM
1887 206 1948 265 S.
1988 205 2225 267 MARCI
2257 207 2505 274 APOST.

3169 207 3275 272 294

138 317 265 369 Auct
291 314 425 384 γοῦν
453 318 565 378 τοῖς
595 317 855 372 ἀνωτάτω
884 317 974 370 τοῦ
1006 297 1317 387 Πνεύματος
1345 311 1613 387 χδρίσμα·

1792 313 1996 383 Duplici
2025 315 2207 384 itaque
2237 331 2489 385 supremo
2518 314 2754 384 Spiritus
2778 331 2998 373 munere
3023 317 3270 386 (aposto-

78 426 170 472 σιν,
201 405 543 476 ἀποστολικῷ
593 423 653 459 τε
706 409 798 460 καὶ
848 407 1144 478 ἱεραρχικῷ
1171 409 1618 479 κατηρτισμένος,

75 497 142 566 τῷ
171 497 266 566 μὲν
295 495 431 566 πρὸς
478 498 602 560 τοὺς
652 497 753 561 ἔξω
805 500 903 566 τῆς
958 489 1209 564 πίστεως,
1257 500 1333 569 τῷ
1385 501 1440 552 δέ
1488 501 1621 568 πρὸς

74 588 186 650 τοὺς
209 587 276 640 δι’
312 587 476 641 αὐτοῦ
521 589 870 650 πιστεύοντας
896 592 922 642 ὁ
959 590 1370 660 μακαριώτατος
1401 592 1618 662 ἐχρῆτοο

74 681 158 734 καὶ
183 673 270 732 οἶα
326 681 424 748 μὲν
457 681 768 747 ἀπόστολος,
822 681 955 751 πρὸς
985 683 1106 744 τοὺς
1139 683 1509 749 ἐλληνὶξοντας
1542 687 1620 738 ἔτι

74 771 590 842 παρρησιαζόμενος,
647 772 978 841 παρακαλῶν
1005 811 1019 836 ,
1061 772 1341 835 νουθετῶν,
1386 775 1620 844 ἐλέγχων

73 861 160 928 τὴν
189 860 461 925 ἀσέϐειαν,
498 861 769 932 διασύρων
810 863 907 930 τὴν
937 864 1242 929 ἀσέλγειαν,
1269 864 1619 935 θριαμϐεύων

75 951 158 1021 τὴν
207 950 308 1019 τῆς
352 949 644 1020 θρησκείας
696 953 1062 1021 ματαιότητα,
1112 955 1621 1024 παραδειγματίζων

74 1042 168 1094 τῶν
213 1042 574 1110 σεδασμάτων
614 1042 712 1112 τὴν
755 1042 1081 1112 σαθρότητα,
1123 1045 1622 1117 διαμαρτυρόμενος

73 1132 123 1183 δὲ
149 1131 235 1183 τδν
266 1130 374 1182 τῶν
405 1131 543 1184 ὅλων
565 1133 904 1201 Δημιουργδν
938 1134 1031 1186 καὶ
1056 1136 1282 1204 συνοχὲα
1311 1135 1461 1190 Θεόν.
1497 1138 1621 1186 Δια-

76 1218 470 1288 μαρτυρόμενος
497 1220 778 1273 πιστεύειν
800 1221 915 1290 Θεῷ
943 1219 1105 1284 ζῶντι
1135 1224 1224 1275 καὶ
1248 1223 1501 1293 ἀληθινῷ,
1529 1226 1622 1276 καὶ

71 1307 139 1376 τῷ
165 1308 327 1360 αὑτοῦ
364 1309 520 1378 Λόγῳ
581 1310 656 1372 ὡς
726 1315 960 1380 συμφυεῖ
1015 1315 1107 1365 καὶ
1160 1316 1493 1383 συνανάρχῳ,
1547 1316 1622 1378 ὡς

73 1398 384 1468 πρωτοτόκῳ
441 1400 623 1468 πάσης⁹
661 1401 907 1476 κτίσεως,
937 1401 1033 1454 καὶ
1065 1401 1357 1469 Μονογενεῖ
1379 1419 1391 1433 ·
1424 1404 1622 1456 εἰδέναι

71 1489 118 1540 δὲ
149 1488 238 1540 καὶ
271 1487 492 1558 Πνεῦμα
540 1489 600 1541 τὸ
653 1489 806 1557 ἅγιον
851 1490 926 1553 ὡς
986 1491 1242 1561 ὁμότιμον
1283 1493 1493 1553 τούτοις
1527 1494 1620 1546 καὶ

73 1575 343 1643 σύνθρονον
393 1577 488 1639 καὶ
518 1577 761 1646 συμφυές
783 1595 797 1607 ο
828 1578 1113 1644 διδάσκων,
1151 1582 1245 1632 καὶ
1293 1582 1622 1649 παρακαλῶν

1724 403 1829 457 lico
1851 405 2060 459 scilicet
2090 413 2143 459 et
2166 406 2505 461 hierarchico
2523 421 2616 459 seu
2643 405 2939 475 pontiﬁcio)
2971 406 3236 474 perfectus
3257 441 3273 472 ,

1721 496 1890 549 altero
1920 496 2134 563 quidem
2163 498 2244 549 vir
2276 498 2621 552 beatissimus
2642 513 2762 566 erga
2799 513 2890 551 eos
2917 491 3277 569 utebatttrhui

1721 595 1966 640 extranei
1994 602 2024 639 a
2062 588 2164 641 tide
2189 599 2377 651 erant,
2419 591 2589 642 altero
2612 589 2663 642 in
2688 604 2800 655 eos,
2825 589 2914 657 qui
2945 589 3088 643 illius
3112 603 3276 660 opera

1721 675 1786 727 ad
1843 673 1998 729 fidem
2047 678 2446 740 accessissent;
2503 693 2586 741 ac,
2634 693 2728 746 pro
2778 679 3004 746 apostoli
3056 678 3272 743 quidem

1722 781 1966 830 munere,
2011 767 2074 819 ad
2101 783 2194 821 eos
2225 769 2316 836 qui
2345 766 2658 820 Graecanico
2690 769 2865 820 adhuc
2903 784 3089 822 errore
3121 777 3271 822 tene-

1724 863 1912 908 rentur
1951 858 2178 924 loquens
2225 858 2416 922 libere,
2454 859 2773 920 obsecrans,
2829 860 3137 927 increpans,
3187 875 3279 913 ar-

1722 960 1890 1013 guens
1918 945 2271 1013 impietatem,
2306 947 2703 1013 impudicitiam
2749 961 3033 1010 aecusans,
3087 961 3280 1014 super-

1723 1036 1960 1088 stitionis
1984 1037 2273 1088 vanitatem
2301 1036 2612 1092 traducens.
2639 1035 2921 1087 numinum
2945 1036 3276 1088 debilitatem

1722 1126 2053 1194 suggillatis;
2098 1127 2583 1194 universorumque
2618 1126 2924 1196 Creatorem
2963 1135 3014 1180 et
3058 1141 3280 1179 conser-

1723 1224 1960 1269 νοιυνοιιι
2023 1215 2191 1268 Deum
2247 1225 2578 1270 contestans.
2613 1217 2963 1271 ‘Contestans
3022 1217 3278 1269 nimirum

1725 1303 1832 1358 Deo
1857 1306 1975 1357 vivo
2014 1321 2075 1359 ac
2099 1322 2224 1359 vero
2255 1308 2498 1364 credere.
2530 1307 2757 1374 ejusque
2787 1306 2985 1371 Verbo,
3036 1307 3277 1374 ejusdem

1723 1396 1932 1448 scilicet
1964 1411 2026 1448 ac
2059 1395 2147 1447 ille
2181 1404 2410 1458 naturae,
2443 1411 2503 1448 ac
2537 1405 2830 1458 coaeterno,
2864 1409 3118 1459 tan-utam
3156 1397 3271 1463 pri-

1725 1488 1996 1557 mogenito
2041 1489 2220 1540 omnis
2265 1498 2530 1543 creaturae
2563 1490 2630 1547 ⁸⁸.
2665 1498 2717 1542 et
2755 1488 3064 1556 Unigenito.
3125 1489 3279 1542 Scire

1724 1596 1851 1633 vero
1910 1583 2067 1632 etiam
2129 1579 2390 1648 Spiritum
2444 1591 2711 1641 sanctum,
2767 1589 3022 1645 tanquam
3066 1579 3177 1647 pari
3216 1593 3278 1631 ac

71 1665 330 1718 πιστεύειν
363 1667 458 1719 καὶ
493 1671 839 1737 προσκυνεῖν,
882 1669 1098 1738 Πατέρα
1136 1671 1232 1738 μὲν
1278 1671 1353 1732 ὡς
1395 1671 1613 1741 ἀγέννη-

1723 1670 1794 1721 illi
1856 1673 2058 1721 honore
2111 1676 2162 1722 et
2208 1670 2502 1736 dignitate,
2566 1671 2860 1736 eademque
2914 1672 3039 1723 scale
3104 1669 3279 1722 Subli-

68 1772 150 1807 τον
173 1757 265 1808 καὶ
285 1756 394 1809 τῶν
428 1758 564 1811 ὅλων
594 1759 787 1821 αἴτιον,
825 1759 916 1810 καὶ
949 1759 1300 1828 προάναρχον
1325 1761 1430 1812 τῶν
1456 1761 1622 1814 ὄντων

69 1845 272 1898 πάντων
309 1849 520 1917 ἀρχὴν·
558 1847 686 1901 Υἱδν
709 1845 890 1909 δέ,·ὠς
942 1850 1005 1901 ἐκ
1055 1848 1147 1901 τοῦ
1183 1851 1389 1919 Harpe;
1423 1850 1622 1918 γεννώ-

72 1951 217 2002 μενον
250 1936 597 2004 προαιωνῐως
648 1938 740 1990 καὶ
787 1937 1141 2006 ὑπερουσίωςο
1189 1941 1283 1992 καὶ
1315 1941 1535 2008 Πνεῦμα
1566 1940 1622 1992 δὲ

67 2024 119 2075 τὸ
144 2025 315 2090 ἅγιον,
349 2026 422 2087 ὡς
448 2027 510 2076 ἐκ
531 2026 630 2090 τῆς
661 2025 831 2093 αὐτῆς
857 2026 1034 2089 αἰτίας
1056 2027 1444 2097 ὑπερανάρχως
1468 2029 1621 2094 ἐξαλ-

68 2113 296 2182 λόμενον.
332 2113 621 2184 Παραινῶν
644 2115 698 2166 δὲ
730 2116 824 2168 καὶ
854 2116 1307 2186 παρεγγυώμενος
1340 2119 1433 2190 ὅλῃ
1465 2119 1622 2172 δυνά-

70 2219 146 2269 μει
176 2204 388 2257 καὶτοῦ
420 2205 538 2268 ἐνὸς
570 2205 667 2273 τῆς
709 2207 1029 2275 ὑπερουσίου
1067 2208 1268 2277 ταύτης
1301 2211 1394 2262 καὶ
1422 2228 1619 2282 μοναρ-

68 2293 210 2361 χικῆς
247 2294 480 2364 Τριάδος
510 2295 609 2363 τὴν
633 2295 1009 2366 φιλάνθρωπον
1041 2298 1268 2350 κένωσιν
1299 2299 1616 2365 ἐπιγνῶναι,

68 2381 274 2434 καὶτοῦ
308 2381 447 2436 Θεοῦ
468 2376 650 2451 ’Λόγου
705 2385 803 2454 τὴν
866 2387 1138 2454 σάρκωσιν
1199 2388 1272 2457 μὴ
1328 2389 1618 2442 ἀπαναίνε-

70 2472 199 2523 σθαι·
226 2472 365 2526 ἀλλά
408 2475 501 2526 καὶ
554 2474 656 2544 τὴν
705 2475 762 2540 ἐξ
815 2475 984 2544 ἁγνῆς
1012 2476 1185 2544 κόρης
1215 2477 1488 2547 γέννησιν,
1524 2480 1617 2532 καὶ

67 2559 151 2630 τὴν
177 2560 264 2613 διά
293 2559 388 2612 τοῦ
433 2560 675 2614 Ἰωάννου
704 2562 980 2631 βάπτισιν,
1010 2566 1102 2616 καὶ
1128 2564 1226 2634 τὴν
1256 2566 1617 2636 εὐαγγελικὴν

65 2650 269 2720 διδαχὴν
319 2653 533 2714 πᾶσαν,
581 2651 959 2722 ἀκρωτήριον
1014 2653 1221 2724 πάντας
1260 2656 1616 2725 ἀποδέχεσθαι

66 2743 212 2808 νόμον
257 2742 357 2794 καὶ
413 2742 671 2811 ἀληθείας
694 2741 958 2812 ’δόγματα
1000 2746 1319 2816 παρεκάλει·
1372 2748 1505 2816 πρὸς
1534 2747 1612 2810 δέ,

67 2831 150 2881 καὶ
196 2831 295 2900 τὴν
357 2831 492 2900 ὑπὲρ
539 2831 696 2902 ἡμῶν
754 2833 1075 2902 σταύρωσιν,
1108 2837 1328 2889 καὶιτὸν
1361 2837 1611 2900 θάνατον,

68 2921 147 2970 καὶ
188 2921 284 2989 τὴν
322 2921 548 2991 λόγχην.
591 2923 684 2975 καὶ
728 2923 825 2992 τὴν
861 2925 1038 2993 ταφὴν
1081 2925 1155 2994 μὴ
1197 2928 1612 2996 ἐπαισχύνεσθαι

66 3008 130 3070 ὡς
155 3011 357 3080 ἀσθενῆ
387 3012 480 3063 καὶ
517 3012 877 3066 ἐπονείδιστα·
905 3014 1037 3066 άλλά
1071 3016 1166 3085 τὴν
1191 3015 1248 3078 ἐξ
1292 3017 1419 3086 ᾅδου
1469 3035 1556 3088 τρι
1581 3046 1607 3056 -

67 3100 253 3170 ήμερον
269 3101 388 3170 μετ’
405 3102 652 3166 ἐξουσίας
668 3104 904 3173 ἔγερσιν,
925 3107 1018 3157 καὶ
1034 3105 1131 3170 τὴν
1157 3110 1610 3171 συνεξανάστασιν

67 3190 160 3241 τῶν
183 3191 412 3260 νεκρῶν,
450 3193 545 3245 καὶ
571 3193 669 3263 τὴν
700 3197 778 3256 εἰς
808 3195 1036 3265 οὐρανὸν
1059 3197 1249 3249 άνοδον
1269 3197 1610 3268 θεωροῦντας

69 3283 144 3330 καὶ
171 3282 544 3346 πιστεύοντας,
573 3283 1047 3354 ἐλλαμπρύνεσθαι
1086 3286 1286 3354 μᾶλλον
1317 3289 1410 3339 καὶ
1451 3288 1608 3352 δοξάο

69 3371 274 3435 ζεσθαι,
316 3374 476 3443 εἴπερ
533 3373 666 3426 Θεοῦ
708 3376 988 3444 δυνάμεως
1033 3377 1207 3428 ταῦτα
1257 3377 1610 3448 γνωρίσματα

73 3462 218 3530 σαφῆ·
251 3464 561 3534 προσδοκᾷν
588 3464 650 3517 δε
674 3466 767 3518 καὶ
799 3465 895 3534 τὴν
926 3463 985 3528 ἐξ
1009 3466 1237 3534 οὐρανοῦ
1288 3469 1449 3521 πάλιν
1490 3469 1610 3521 δευ-

71 3550 213 3620 τέραν
239 3555 399 3626 ’μετά
420 3553 578 3621 δόξης
607 3556 942 3623 ἐπιφάνειαν,
970 3556 1064 3608 καὶ
1099 3558 1295 3620 παντὸς
1339 3558 1489 3612 τοῦδε
1518 3559 1610 3614 τοῦ

71 3642 252 3708 κόσμου
289 3645 390 3714 τὴν
432 3647 523 3697 ἐπὶ
590 3645 650 3698 τὸ
693 3648 936 3716 κρεῖττον
983 3647 1267 3702 ἀλλοίωσιν
1315 3650 1410 3702 καὶ
1446 3667 1612 3718 μετα-

74 3729 288 3798 ποίησιν,
339 3733 435 3784 καὶ
483 3731 591 3784 τῶν
631 3733 843 3802 νεκρῶν
869 3735 970 3802 τὴν
1011 3736 1327 3800 ἀνάστασιν,
1364 3740 1457 3790 καὶ
1505 3738 1613 3791 τῶν

71 3813 269 3867 δικαίων
310 3819 411 3886 τὴν
458 3817 691 3881 ζώωσιν,
730 3820 823 3871 καὶ
861 3818 967 3871 τῶν
995 3821 1336 3890 ἁμαρτωλῶν
1367 3823 1464 3894 τὴν
1510 3841 1609 3877 κα-

71 3902 317 3973 τάκρισιν.

1725 1777 1861 1815 mem
1914 1777 1974 1814 ac
2006 1760 2245 1827 ejusdem
2303 1769 2531 1812 natum.
2598 1761 2803 1813 Docens
2841 1761 3115 1821 nimirum,
3151 1761 3275 1811 hor-

1723 1861 1957 1919 ta‘hsqne
1990 1864 2052 1904 ac
2082 1852 2398 1908 obsecrans.
2432 1850 2718 1902 crederent
2750 1863 2798 1902 et
2829 1857 3138 1912 a-lnrarcnt,
3176 1848 3275 1900 Pa-

1721 1951 1857 1996 trem
1896 1941 2111 2009 quidem
2143 1949 2199 1991 ut
2231 1938 2524 2006 ingenllllm
2571 1955 2858 2006 rerumque
2899 1942 3272 1992 universarum

1721 2042 2016 2092 auctorem,
2056 2032 2298 2085 omnium
2343 2027 2575 2101 denique
2605 2029 2929 2097 pi-incipium
2963 2043 3123 2101 omne
3173 2042 3272 2079 an-

1721 2122 1976 2175 tecedens
2029 2120 2356 2188 principium
2397 2137 2413 2172 :
2449 2118 2642 2171 Filium
2695 2133 2843 2183 vero,
2892 2128 2947 2170 ut
2995 2133 3056 2172 ex
3117 2118 3277 2172 Patre

1722 2219 2037 2278 prmterne
2061 2222 2123 2261 ac
2153 2206 2753 2276 supersubstantialiter
2779 2217 3008 2259 natum:
3034 2221 3096 2258 ac
3127 2207 3273 2258 deni-

1719 2315 1823 2367 que
1858 2298 2116 2366 Spiritum
2159 2283 2434 2358 sanctum,
2468 2307 2525 2349 ut
2555 2298 2646 2364 qui
2676 2298 2863 2350 eodem
2898 2305 3122 2348 auctore
3146 2311 3278 2363 pra:-

1717 2396 1918 2442 mterne
1939 2387 2208 2456 prosiliat.
2239 2384 2474 2439 Hortans
2504 2387 2634 2438 totis
2665 2387 2875 2439 viribus
2911 2395 3074 2455 atque
3096 2388 3277 2439 admo-

1720 2495 1898 2542 nens,
1971 2478 2136 2532 unius
2203 2493 2416 2546 quoque
2491 2479 3032 2546 snpersubstantialis
3111 2478 3274 2545 hujus

1717 2569 2009 2623 Trinitatis
2052 2583 2269 2637 unoque
2303 2570 2609 2639 principatu
2650 2569 2901 2637 pollentis
2948 2570 3268 2638 benignissi-

1717 2675 1859 2712 mam
1883 2658 2307 2712 exinanitionem
2332 2665 2708 2725 agnoscerent,
2747 2657 2946 2725 Deique
2982 2656 3138 2710 Verbi
3185 2658 3273 2711 in-

1716 2749 2087 2802 carnationem
2110 2763 2237 2801 Anon
2280 2749 2598 2801 abnuerent.
2636 2747 2775 2812 Quin
2801 2758 2852 2799 et
2885 2749 3145 2801 suadebat
3177 2764 3276 2801 na—

1714 2849 1827 2892 tum
1865 2856 1926 2893 ex
1954 2840 2260 2892 castissima
2295 2840 2493 2907 puella,
2539 2849 2591 2892 et
2632 2854 2660 2890 a
2693 2838 2907 2892 Joanne
2960 2840 3270 2905 intinctam,

1713 2946 2037 2998 omnemque
2058 2931 2420 2997 evangelicam
2453 2931 2784 2994 doctrinam,
2820 2945 2917 2984 ceu
2977 2932 3269 2984 salutarem

1714 3021 1880 3086 legem
1901 3034 1964 3070 ac
1994 3019 2239 3071 veritatis
2278 3018 2520 3079 decreta,
2551 3014 2743 3070 omnes
2770 3020 3093 3085 reciperent.
3129 3018 3271 3072 Prae-

1713 3118 1858 3163 terea
1893 3123 2021 3161 vero
2051 3109 2215 3162 etiam
2265 3119 2482 3177 propter
2543 3122 2642 3162 nos
2672 3124 2982 3176 StISCPplam
3032 3124 3274 3174 crucem,

1710 3209 2050 3269 Ittortetnque
2079 3207 2132 3253 et
2160 3201 2519 3268 sepulturam,
2552 3208 2609 3252 ut
2647 3198 2859 3252 inlirtna
2901 3207 2954 3252 et
3003 3202 3257 3266 probrum

1713 3290 1962 3344 habentia
1993 3305 2099 3343 non
2136 3289 2555 3352 erubescerent;
2588 3288 2681 3341 sed
2708 3289 2798 3356 qui
2852 3289 3160 3341 triduanum
3199 3305 3265 3342 ex

1714 3380 1905 3433 inferis
1925 3395 2046 3432 cum
2079 3387 2345 3447 potestate
2373 3378 2806 3440 suseitationem,
2829 3388 3272 3446 mortuorumquo

1709 3471 1910 3538 pariter
1945 3464 2350 3528 excitationem,
2405 3477 2565 3537 atque
2613 3470 2665 3520 in
2719 3468 2913 3520 ccelum
2975 3482 3262 3521 ascensum

1709 3559 2121 3613 considerarent
2168 3572 2233 3611 ac
2284 3559 2566 3611 crederent
2618 3557 2929 3609 laetarentur
2981 3559 3152 3625 magis
3204 3572 3267 3610 ac

1710 3653 2071 3718 gloriarentur
2097 3667 2110 3702 :
2139 3649 2334 3717 quippe
2357 3664 2478 3701 cum
2519 3649 2632 3701 haec
2660 3649 2856 3701 divina:
2887 3649 3101 3700 virtutis
3146 3663 3265 3714 per-

1712 3740 1898 3808 spicua
1933 3739 2129 3792 indicia
2160 3746 2344 3791 essent
2379 3755 2392 3790 :
2429 3745 2805 3806 exspectarent
2845 3739 3073 3805 denique
3103 3739 3262 3791 etiam

1718 3825 2007 3878 secundam
2065 3837 2096 3876 e
2154 3825 2292 3876 caelo
2347 3837 2561 3876 rursum
2607 3838 2730 3874 cum
2782 3823 3059 3889 tttajcstate
3102 3839 3265 3890 appa-

1710 3912 1984 3975 ritionem,
2051 3911 2345 3979 mundique
2398 3913 2631 3965 universi
2682 3911 2733 3963 in
2769 3913 2959 3965 melius
3000 3912 3265 3966 immuta-

73 4000 271 4058 tiom-m.
298 4013 509 4053 necnon
541 4007 874 4051 mortuorum
900 4004 1376 4066 resurrectionem,
1413 4005 1795 4074 iustorumque
1818 4002 2234 4057 viviﬁcationem
2267 4014 2330 4053 ac
2362 4011 2703 4069 peceatorum
2738 4000 3261 4054 condennuttiouem.

102 4092 140 4121 “
161 4091 366 4145 Coloss.
416 4109 454 4155 ι,
479 4092 565 4146 15.

75 4224 387 4289 θεραπευτὰς
417 4239 512 4277 seu
541 4225 780 4278 cultores
820 4224 1163 4279 Christianos
1187 4226 1296 4293 jam
1332 4235 1445 4279 tum
1483 4240 1602 4278 mo-

73 4294 252 4346 nachos
284 4293 608 4363 fuisse,_qui
629 4294 806 4347 Marco
837 4294 1063 4347 doctore
1097 4294 1435 4363 Alexandria:
1459 4310 1598 4363 pra:-

77 4372 270 4442 starent.
300 4339 1254 4442 quod'Je'rosolymisutidelesnquos
1285 4339 1492 4417 Lucasr
1514 4339 1602 4442 ξέ-
1639 4339 1681 4392 ί)

77 4431 181 4491 lert,
233 4431 476 4484 venditis
508 4431 981 4500 posseSsionibus,
1035 4432 1098 4485 ad
1129 4433 1292 4500 pedes
1327 4433 1608 4500 apostolo-

78 4512 177 4550 rum
208 4501 444 4568 pretium
488 4499 771 4562 detulisse,
827 4499 1190 4567 habuisseqUe
1237 4499 1417 4553 omnia
1458 4515 1608 4554 com-

79 4569 268 4638 munia;
298 4584 426 4637 qua:
457 4569 618 4638 nobis
653 4569 825 4622 forma
858 4569 1120 4638 religiosae
1166 4570 1518 4638 paupertatis,
1551 4571 1603 4622 in

82 4635 253 4706 Christi
299 4635 415 4706 ipsa
448 4637 654 4690 familia
684 4647 740 4690 et
765 4635 1034 4706 apostolis
1083 4635 1418 4690 consecrata.
1450 4637 1602 4702 Quod

85 4705 143 4756 ita
161 4705 380 4760 senserit
418 4706 691 4759 Eusebius
719 4715 775 4759 et
800 4705 1127 4774 scripserit,
1157 4708 1395 4774 graviter
1421 4723 1606 4775 repre-

85 4775 244 4827 hendit
287 4775 704 4844 Scaligerglibro
734 4790 786 4828 V‘l
826 4776 898 4828 De
937 4776 1138 4828 emend.
1186 4786 1494 4844 temporum,
1527 4777 1606 4828 ei-

84 4857 172 4907 que
201 4842 492 4897 assentitur
524 4842 742 4896 llenric.
805 4844 1052 4898 Valesius
1115 4846 1182 4896 ad
1208 4842 1459 4896 eumdem
1495 4845 1604 4897 Eu-

86 4911 298 4981 sebium;
325 4927 429 4966 nec
462 4919 654 4981 putem
684 4912 983 4966 abhorrere
1012 4927 1150 4981 quos
1181 4927 1369 4981 omnes
1415 4912 1469 4964 in
1499 4928 1608 4966 ma-

88 4980 232 5048 nibus
262 4981 418 5035 Μαι-οἰ
467 4980 790 5034 laudatores
839 4980 1228 5048 babeoiBeda
1279 4990 1506 5048 excepto
1553 4993 1607 5036 et

89 5046 355 5118 Damiano),
411 5050 686 5110 Nicetam.
750 5046 1081 5118 Procopium
1136 5050 1323 5118 rhet.,
1363 5046 1605 5102 Lauren-

90 5116 434 5184 tiumJustin.,
462 5127 600 5180 etc..
646 5118 789 5187 quod
825 5118 879 5172 in
928 5116 1043 5172 suis
1097 5117 1360 5187 encomiis
1403 5119 1605 5170 nullam

90 5187 189 5251 ejus
212 5190 282 5241 rei
314 5185 932 5250 mentionem’fecerint,
967 5198 1026 5240 ut
1063 5201 1164 5239 nec
1201 5185 1370 5239 Gneci
1411 5187 1463 5239 in
1494 5187 1604 5240 Me-

90 5258 230 5327 tueis:
271 5271 510 5327 quorum
551 5255 797 5327 proinde
845 5271 945 5324 ego
986 5255 1254 5327 judicium
1308 5270 1417 5308 non
1438 5256 1602 5327 facile

90 5323 356 5390 rejecerint.
386 5327 454 5381 Ut
475 5323 624 5379 enim
655 5323 903 5391 placeant
936 5323 1327 5378 menachorum
1366 5325 1606 5393 origines

90 5395 153 5443 sic
181 5397 426 5463 antiquae,
461 5409 570 5448 non
619 5403 799 5446 tamen
839 5393 1009 5463 facile
1033 5402 1138 5463 est.
1190 5403 1333 5463 tanta
1362 5409 1480 5460 qua:
1504 5393 1603 5445 oh-

89 5461 556 5533 slantdecoquere.
604 5463 772 5533 Erant
806 5461 1209 5533 Alexandrizea
1234 5462 1404 5533 prima
1435 5463 1604 5528 capti-

91 5529 698 5599 t'itate_intninierabiles
716 5529 925 5599 Judaei;
960 5531 1058 5599 ipsi
1083 5530 1215 5599 legis
1237 5530 1598 5599 matulatores,

88 5597 132 5647 iu
184 5601 375 5667 quibus
413 5611 571 5656 erant
613 5601 661 5651 oi
719 5598 785 5651 τά
831 5597 1031 5666 πάτρια
1084 5597 1513 5668 φιλοσοφοῦντες,
1549 5609 1604 5653 et

1711 4225 2024 4286 ἀσκοῦντες,
2061 4225 2152 4292 qui
2187 4224 2296 4277 vita
2322 4223 2582 4277 severiori
2608 4225 2945 4276 sanctitatem
2971 4225 3259 4289 quamdam

1710 4297 1872 4364 vulgo
1891 4297 2150 4363 majorem
2178 4294 2518 4364 praeferrent,
2549 4308 2685 4359 quos
2710 4293 2929 4364 latuisse
2957 4293 3257 4364 l_’hilonem,

1709 4361 1950 4418 Judieine
1978 4361 2167 4416 essent
2201 4378 2268 4414 an
2297 4361 2616 4423 Christiani,
2643 4375 2764 4413 cum
2793 4363 2902 4428 ipse
2929 4362 3260 4418 Alexandriae

1708 4441 1912 4500 ageret.
1955 4446 2244 4500 rerumque
2282 4430 2632 4500 .lntlaicarum
2683 4431 3047 4498 peritissimus
3092 4442 3256 4491 eSset.

1708 4497 1808 4553 nec
1843 4516 1966 4553 eum
2026 4515 2113 4552 res
2169 4499 2493 4551 Christiana:
2553 4497 2985 4567 laterent,aegre
3039 4501 3257 4553 suaderi

1747 4580 1906 4622 otest.
1962 4567 2241 4620 Accedunt
2298 4568 2399 4618 alia
2454 4581 2574 4633 quae
2611 4568 2956 4634 prosequitur
3019 4568 3258 4622 Valesius

1747 4585 1906 4622 οιρει.
1962 4585 2241 4620 Λοοιειιιιιιι
2298 4585 2399 4618 ana
2454 4585 2574 4633 qua:
2611 4585 2956 4634 ρτοδριμιιιυι*
3026 4585 3251 4622 νωθείας

1708 4585 1864 4706 lbnge
1894 4638 2108 4690 diversa
2133 4636 2349 4706 abillis
2374 4649 2495 4701 qua:
2548 4644 2703 4687 erant
2747 4635 3039 4706 Christiani
3091 4639 3251 4702 ritus,

1706 4704 1907 4776 etqum
1940 4714 2158 4776 recepta
2206 4704 2944 4776 Christianorum_morihus
2973 4705 3262 4776 ‘Jerosnly-

1709 4773 1815 4828 mis
1865 4790 1964 4828 nos
1995 4775 2156 4826 docet
2190 4774 2420 4826 Actuum
2457 4773 2616 4825 liber.
2658 4773 2907 4826 Diversus
2937 4773 3004 4826 ab
3035 4773 3256 4829 l'lssenis

1706 4844 1949 4896 ostendit
2003 4842 2247 4894 Valesius
2305 4851 2493 4893 contra
2540 4842 2895 4908 Scaligerum.
2955 4842 3084 4894 Mihi
3148 4860 3254 4898 non

1707 4913 1834 4966 licet
1886 4913 2040 4979 plura
2091 4913 2387 4978 inquirere.
2439 4910 2821 4962 Monachorum
2881 4909 3254 4979 .‘Egyptiorum

1705 4981 1966 5048 origines.
2001 4989 2120 5048 post
2156 4979 2275 5032 illas
2303 4979 2652 5047 Jerosolymis
2676 4980 2814 5048 etin
2867 4981 3126 5045 apostolis
3157 4982 3252 5034 de-

1709 5047 2069 5117 signationes.
2107 5050 2333 5100 maxime
2365 5049 2554 5117 probo,
2582 5062 2716 5114 quas
2739 5047 2795 5098 in
2825 5048 3102 5101 monachis
3130 5049 3253 5101 Bai-

1709 5116 1893 5170 thtmis
1919 5126 1973 5170 et
1999 5116 2223 5169 Sinaitis
2256 5117 2418 5168 habet
2471 5116 2788 5168 Ammonius
2829 5130 2858 5167 a
2907 5131 2990 5168 me
3047 5118 3250 5184 produ-

1706 5195 1845 5248 ctus,
1877 5186 2224 5251 insinuatque
2267 5185 2482 5238 Antonii
2535 5184 2672 5246 Vita,
2703 5192 2758 5236 et
2800 5185 2948 5236 Pauli
2983 5186 3246 5245 Eremiue,

1706 5269 1768 5307 ac
1789 5255 1832 5306 si
1870 5254 1998 5322 quid
2024 5254 2304 5307 exstathis
2361 5252 2660 5320 antiquius,
2717 5253 2878 5305 modo
2932 5269 3070 5304 sanze
3101 5253 3247 5312 lidei,

1705 5338 1812 5374 non
1865 5323 2299 5390 apocryphorum
2356 5323 2641 5374 insomniis
2665 5330 3012 5390 nutans,aut
3071 5323 3249 5374 minus

1705 5389 2064 5464 exploratum.
2125 5391 2312 5444 Sicui
2360 5401 2555 5464 tamen
2591 5390 2838 5451 Eusebii,
2901 5389 3244 5464 Hieronymi,

1705 5457 2017 5527 Epiphanii.
2047 5469 2176 5520 etc.,
2207 5462 2477 5513 sententia
2506 5461 2701 5527 placet,
2731 5468 2790 5510 ut
2811 5526 2817 5527 ί
2839 5457 3002 5527 magis
3053 5457 3136 5521 pia
3189 5466 3246 5509 et

1705 5522 1893 5582 larens
1948 5529 2196 5582 instituto
2264 5522 2693 5591 monachorum,
2759 5522 3245 5580 adeat'llarontum

1707 5613 1795 5648 an.
1827 5599 1910 5650 (54.
