3922 6314
539 368 647 433 295
1235 357 1240 385 ⁵

1756 339 2043 401 ΝΙΟΕΤίΕ
2071 280 2591 395 PAPIILAGOONIS

3633 317 3748 380 296

628 479 749 533 llaec
780 475 991 546 quidem
1040 472 1152 533 ille,
1211 483 1304 522 ceu
1337 465 1490 534 plane
1537 472 1693 512 verax
1745 469 1805 507 ac
1845 451 2085 506 veritatis

2256 443 2436 494 Ταῦτα
2457 445 2481 494 ό
2508 441 2624 508 μὲν,
2649 440 2721 501 ὠς
2738 438 2940 507 ἀληθὴς
2955 437 3030 504 τῷ
3047 437 3157 488 όντι
3183 435 3275 486 καί
3297 431 3552 500 ἀληθείας
3571 432 3744 498 εὐαγ-

2257 533 2273 546 ι
2384 533 2393 546 ι
2483 534 2492 546 1
2630 531 2639 546 ι
2798 545 2803 546 ,
2937 530 2946 542 η
3001 522 3744 546 L__1,.-,s__..-..§.x--:._._?-

543 585 743 642 prrcco,
779 566 984 635 scripto
1026 563 1229 631 pariter
1260 557 1486 621 vivaque
1517 565 1647 602 voce
1703 546 1942 603 tradens,
1987 554 2083 608 po-

544 631 685 733 pulis
719 631 1060 729 praedicabat.
1096 652 1170 703 Ex
1208 649 1310 700 illis
1341 660 1486 704 vero,
1522 642 1606 693 alii
1639 637 1853 706 quidem
1914 631 2088 686 verbis

545 752 1018 808 assi-ntiebantur;
1069 743 1381 810 quicunque
1429 734 1636 787 scilicet
1703 737 1850 781 recto
1909 725 2088 776 animo

545 852 719 904 erant,
757 856 816 892 ac
849 849 1074 903 quorum
1111 846 1203 885 cor
1253 826 1540 880 invisibilis
1597 820 1830 888 Spiritus
1883 814 2090 867 afﬂatus

557 932 822 999 tetigerat.
856 926 962 978 Hos
985 922 1237 974 nimirum
1272 915 1478 968 veritati
1511 912 1768 965 doctrinae
1800 906 2090 957 admovens

545 1038 607 1093 ac
633 1037 769 1089 aqua
794 1015 1111 1074 emnndans,
1145 1009 1457 1077 Spirituque
1515 1000 1845 1054 illutninans.
1883 1007 2089 1046 necnon

546 1128 654 1164 sae:
673 1114 714 1163 is
734 1110 1035 1161 divinorum
1068 1099 1239 1169 signis
1259 1097 1480 1148 initians
1505 1102 1662 1157 atque
1681 1095 2090 1141 consummatis,

549 1198 683 1248 titius
711 1190 1083 1245 immaculatos
1113 1201 1208 1254 per
1234 1186 1501 1236 lavacrum
1524 1174 1946 1242 regnuerationis
1971 1171 2077 1223 Deo

547 1285 889 1350 obsignabat.
938 1281 1258 1343 Quicunque
1309 1281 1487 1325 autem
1544 1281 1710 1334 pravo
1742 1261 1904 1316 corde
1934 1268 2093 1327 atque

473 1399 476 1401 -
549 1375 694 1439 impii
744 1377 916 1432 erant,
960 1369 1011 1418 in
1049 1364 1283 1417 divinam
1334 1355 1712 1412 contumeliosi
1769 1351 2092 1409 doctrinam,

548 1462 782 1530 superbo
804 1459 984 1512 animo
1015 1469 1077 1508 ac
1104 1455 1237 1505 dura
1293 1456 1471 1502 mente
1513 1447 1772 1498 adversus
1803 1437 2099 1503 disertissi-

503 1581 506 1586 -
550 1533 1085 1609 mum‘contumaces
1113 1555 1435 1615 praconem,
1469 1537 1637 1590 nimio
1673 1533 1853 1586 furore
1907 1527 2095 1594 perciti

553 1645 804 1698 dentibus
840 1642 891 1694 in
915 1654 1035 1694 eum
1069 1633 1402 1694 stridebant;
1433 1626 1820 1690 struebantque
1847 1619 2094 1678 insidias,

550 1753 656 1805 qua
686 1741 868 1803 aperta
904 1730 1181 1783 molitione
1210 1729 1543 1794 grassantes,
1567 1731 1672 1782 qua
1712 1713 1944 1768 occultis
1969 1725 2098 1763 con-

2191 533 2461 603 γελισεὴς,
2479 531 2766 598 ἐγγράφως
2790 545 2847 578 τε
2867 530 2958 580 καὶ
2991 526 3250 596 ἀγράφως
3278 522 3598 592 παραδιδοὺς
3627 522 3749 584 τοῖς

2194 626 2338 682 λαοῖς
2365 619 2759 688 εὐηγγελίζετο·
2782 617 2884 667 τῶν
2908 617 2961 666 δὲ
2990 617 3036 666 ot
3067 614 3161 681 μὲν
3191 610 3422 663 ἐτίθεντο
3452 611 3561 671 τοῖς
3589 608 3751 674 λεγοι

2194 711 2516 779 μὲνοις.ὃσοι
2535 708 2621 758 τὸν
2654 706 2773 759 νοῦν
2794 702 2929 773 ἦσαν
2959 705 3155 766 εύθεῖς,
3173 705 3263 754 καὶ
3289 697 3362 754 ὧν
3394 699 3490 767 τῆς
3514 697 3750 766 καρδίας

2191 801 2440 868 ἀοράτως
2473 799 2531 848 τὸ
2564 795 2782 863 Πνεῦμα
2803 794 3203 863 κατεδρὰττετο·
3246 790 3464 849 τούτους
3493 787 3568 856 τῷ
3599 787 3750 855 λόγῳ

2191 895 2287 960 τῆς
2320 889 2571 959 ἀληθείας
2607 887 3028 956 προσαγόμενος,
3054 885 3145 938 καὶ
3161 884 3236 952 τῷ
3262 883 3409 935 ὕδατι
3443 881 3748 950 καθαίρων,

2192 981 2404 1048 καὶτῷ
2458 978 2728 1047 Πνεύματι
2763 977 3029 1044 φωτίζων,
3072 977 3167 1028 καὶ
3212 973 3548 1042 ἱερομύστοις
3589 971 3752 1023 τελε-

2194 1073 2458 1142 σιουργῶν
2508 1070 2923 1130 θεοπλαστίαις,
2981 1065 3256 1136 ἀμώμητοι
3299 1065 3461 1115 τέκνα
3514 1063 3602 1115 διὰ
3646 1063 3752 1130 τῆς

2204 1162 2618 1231 παλιγγενεσίας
2642 1159 2932 1228 ἐσφράγιζε
2961 1157 3097 1227 Θεῷ·
3135 1159 3246 1208 ὅσοι
3275 1156 3329 1207 δὲ
3358 1154 3573 1214 σκολιᾶς
3595 1153 3753 1212 ὄντες

2197 1254 2488 1321 ἐτύγχανον
2537 1250 2758 1319 καρδίας
2794 1249 2885 1300 καὶ
2937 1245 3242 1310 δυσσεϐοῦς,
3297 1244 3429 1313 πρὸς
3473 1243 3560 1293 τὸν
3605 1241 3754 1293 θεῖον

2197 1342 2350 1408 λόγον
2402 1337 2791 1406 ἐξυϐρίζοντες,
2835 1337 2926 1387 καὶ
2963 1333 3176 1396 ἀλαζόνι
3225 1333 3377 1401 φρενὶ
3420 1329 3510 1382 καὶ
3557 1329 3757 1396 γνώμῃ

2201 1431 2411 1500 σκληρᾷ
2447 1428 2540 1479 τοῦ
2569 1426 2895 1493 λογιωτάτου
2937 1426 3170 1492 κήρυκος
3205 1419 3754 1484 άπαυθαδιαζόμενοι,

2199 1521 2405 1591 ἐτριζον
2464 1520 2560 1588 μὲν
2610 1519 2732 1578 τοὺς
2776 1516 2995 1575 ὀδόντας
3047 1512 3441 1581 ἐμμαινόμενοι
3476 1505 3750 1576 σφοδρῶς

2200 1611 2549 1665 ἐπεϐούλευον
2606 1609 2697 1683 δέ·
2755 1606 2910 1658 τοῦτο
2965 1605 3072 1672 μὲν
3113 1603 3410 1670 ἀναφανδὸν
3441 1599 3555 1651 κατ’
3588 1596 3758 1650 αὑτοῦ

2200 1701 2671 1770 συσκευαζόμενος,
2700 1696 2854 1750 τοῦτο
2883 1697 2938 1748 δέ
2982 1695 3072 1746 καὶ
3121 1692 3301 1762 κρυφῆ
3337 1689 3759 1759 σκαιωροῦντες,

551 1778 656 1805 ,μυ
686 1778 868 1803 Ὕν.--
1165 1778 1172 1779 ,
1210 1778 1238 1794 υ
1531 1778 1538 1781 _
1585 1778 1599 1782 _

551 1827 688 1879 sitiis
717 1823 1093 1891 malignantes,
1127 1825 1288 1884 atque
1317 1827 1411 1865 eos
1435 1810 1524 1879 qui
1551 1814 1732 1861 essent
1759 1819 1825 1858 ex
1862 1801 2098 1854 Ecclesia

2215 1795 2293 1845 (αἱ
2331 1794 2456 1853 τοὺς
2499 1790 2607 1841 ἀπὸ
2649 1788 2747 1855 τῆς
2797 1785 3114 1855 Ἐκκλησίας
3167 1781 3616 1853 συναρπάζοντες,
3665 1778 3763 1828 καὶ

2263 1885 2283 1891 -
2409 1881 2423 1891 ι
2515 1882 2526 1891 .
2889 1876 2900 1891 ρ
3159 1889 3178 1891 _
3217 1867 3604 1891 _,_s_...___f"._.---
3661 1866 3726 1891 P.-

551 1889 926 1984 corripicutes,
961 1905 1479 1977 magistratibusque
1513 1914 1583 1976 ac
1611 1895 1932 1965 praesidibus
1961 1889 2094 1944 olfe-

555 2013 755 2065 rentes,
785 2000 1205 2058 calumniantes,
1240 1994 1524 2046 facultates
1553 1987 1882 2046 auferentes,
1922 1980 2101 2033 modis

553 2096 808 2149 omnibus
835 2089 1227 2158 aggredientes,
1255 2081 1400 2135 otnni
1438 2076 1686 2132 machina
1716 2084 1937 2138 arteque
1969 2066 2104 2119 allii-

557 2191 744 2253 gentes
781 2181 796 2248 (
824 2151 1156 2246 ejvu—scemodi
1182 2170 1436 2224 nimirum
1468 2161 1664 2216 diaboli
1691 2155 1962 2210 aunulatio
1980 2151 2102 2218 est)

555 2275 840 2342 omnisque
866 2267 1078 2338 generis
1109 2261 1342 2315 inventis
1366 2265 1645 2311 creaturos
1700 2263 1758 2302 se
1802 2244 2102 2303 molestiam

557 2337 831 2430 animique
877 2337 1189 2426 angustam
1269 2348 1583 2403 beatissimo
1656 2343 1769 2394 viro
1833 2337 2105 2388 arbitran-

558 2460 659 2507 tes.
1751 2478 1753 2481 ι

629 2543 677 2595 Is
708 2548 906 2599 autem,
938 2535 1075 2589 haud
1104 2547 1261 2587 secus
1285 2545 1346 2583 ac
1371 2526 1592 2598 grandis
1622 2522 1863 2591 qtmdam
1899 2516 2107 2572 marina

562 2647 723 2699 rupes
757 2641 913 2692 atque
937 2625 1204 2694 praedura,
1234 2622 1430 2688 vixque
1459 2633 1564 2670 non
1589 2616 1788 2673 dicant,
1817 2614 1924 2663 imo
1951 2621 2106 2660 terr-.e

563 2720 683 2773 sinu
752 2717 1010 2774 radicata,
1068 2710 1386 2763 irruentium
1461 2706 1716 2756 ﬂuctuum
1797 2692 2108 2752 incursibus

563 2807 811 2862 munibus
837 2819 899 2856 ac
947 2799 1241 2868 reciprocis
1274 2797 1520 2856 restibus,
1553 2794 1872 2856 cunctisque
1926 2797 2109 2839 vento-

564 2913 684 2951 rum
720 2893 966 2946 violentis
1015 2889 1225 2941 llatibus
1276 2887 1601 2938 inconcussa
1666 2880 1960 2945 iullcxaque
1995 2891 2110 2927 nta-

567 2991 685 3045 nct;
726 2981 802 3033 sic
830 2991 957 3031 sane
985 2975 1071 3026 hic
1092 2970 1328 3041 quoque,
1373 2969 1486 3020 alto
1519 2967 1672 3017 valde
1704 2965 1930 3016 cnnsilio
1953 2970 2114 3029 atque

567 3074 770 3134 animo,
807 3069 859 3121 in
901 3081 1046 3125 vera,
1083 3073 1135 3117 et
1164 3076 1284 3130 qua:
1325 3068 1503 3112 mente
1540 3057 1878 3122 intelligitur,
1919 3053 2110 3104 funda-

2203 1885 2312 1945 τοῖς
2339 1881 2436 1932 πολ
2449 1882 2693 1949 ιτάρχαις
2735 1876 3116 1946 προσάγοντες.
3149 1867 3628 1937 συκοφαντοῦντες,
3658 1866 3762 1933 ζη-

2205 1973 2471 2042 μιοῦντες,
2525 1971 2657 2022 πᾶσι
2704 1961 3364 2036 τρόποιςέπιχειροῦντες,
3403 1960 3548 2027 πάσῃ
3579 1973 3766 2026 μηχα-

2204 2065 2265 2130 νῇ
2293 2061 2586 2120 κακοῦντες
2610 2055 2862 2125 (τοιοῦτος
2887 2054 2990 2123 γάρ
3047 2056 3074 2106 ό
3125 2050 3219 2103 τοῦ
3253 2047 3494 2114 διαϐόλου
3544 2044 3757 2112 ζῆλος).

2204 2151 2297 2203 καὶ
2330 2150 2527 2209 πάσαις
2574 2145 2839 2207 ἐπινοίαις
2872 2144 2961 2195 τὸν
3020 2138 3432 2211 μακαριώτατον
3479 2135 3645 2204 ἄνδρα
3682 2134 3765 2184 δο-

2205 2240 2424 2301 κοῦντες
2451 2239 2660 2290 λυπεῖν.

2287 2512 2344 2564 '0
2377 2511 2451 2572 δέ,
2485 2509 2732 2578 καθάπερ
2756 2525 2834 2569 τις
2863 2506 3038 2576 πέτρα
3073 2503 3251 2566 πελιδς
3284 2501 3488 2572 μεγάλη
3514 2499 3607 2552 καὶ
3640 2513 3769 2550 στε-

2210 2605 2328 2674 ρεά,
2368 2605 2443 2663 εἰς
2468 2600 2626 2670 βάθος
2653 2600 2774 2666 γῆς,
2804 2598 2862 2649 ού
2903 2599 2997 2664 μὲν
3027 2595 3118 2648 οὖν
3148 2595 3269 2672 ὅσον
3298 2594 3493 2652 εἰπεῖν,
3527 2588 3767 2658 ἐρῤιζω·

2213 2664 2369 2760 μένη,
2396 2664 2594 2750 πάσαις
2643 2664 2737 2756 μὲν
2791 2685 3044 2754 χυμάτων
3078 2664 3387 2752 ἐμπτιῦσεσι
3432 2680 3523 2732 καὶ
3567 2678 3768 2747 παλιρ-

2217 2782 2410 2853 ροίαις,
2444 2773 2639 2841 πάσαις
2673 2779 2726 2830 δὲ
2773 2777 2910 2846 βίαις
2942 2777 3258 2845 πνευμάτων
3306 2775 3396 2827 καὶ
3445 2770 3772 2843 προσϐολαῖς

2211 2871 2478 2942 ἄρρηκτός
2524 2887 2580 2921 τε
2607 2869 2752 2938 μένει
2802 2867 2893 2919 καὶ
2942 2866 3182 2936 ἀκλινὴς,
3215 2865 3355 2916 οὕτω
3385 2863 3448 2935 δὴ
3471 2864 3562 2914 καὶ
3590 2855 3769 2924 οὗτος,

2217 2965 2402 3034 βαθείᾳ
2434 2962 2635 3030 σφόδρα
2674 2960 2880 3030 διανοίᾳ
2927 2962 2990 3027 τῇ
3017 2958 3243 3027 ἀληθινῇ
3274 2956 3447 3025 πέτρᾳ
3475 2954 3570 3006 καὶ
3600 2955 3768 3022 νοητῇ

2213 3052 2693 3120 τεθεμελιωμένος,
2737 3050 2829 3103 καὶ
2878 3049 3151 3118 λογισμοῖς
3207 3045 3514 3106 εὐθυτάτοις
3567 3059 3626 3096 τε
3674 3043 3772 3094 καὶ

569 3115 770 3134 ........-»,
1096 3115 1129 3117 μ
1182 3115 1194 3130 ,
1718 3115 1742 3122 ν

569 3168 656 3212 tus
685 3169 851 3226 petra,
880 3145 1327 3215 .rectissiniisque
1372 3162 1434 3201 ac
1469 3145 1778 3198 fortissimis
1812 3136 2110 3195 rationibus

2219 3115 2590 3210 στερροτάτοις
2645 3115 3046 3200 άκατασείστως
3102 3134 3463 3208 ἐῤῥιζωμένος
3524 3130 3770 3201 Χριστῷ,

571 3249 896 3301 inconcusse
929 3243 981 3295 in
1040 3241 1258 3294 Christo
1300 3237 1589 3298 radicatus,
1648 3223 1912 3285 concinne
1965 3239 2113 3281 tran-

569 3339 846 3407 quillaque
903 3332 1197 3387 securitate
1251 3329 1303 3381 in
1335 3341 1399 3381 eo
1440 3325 1802 3385 consistebat;
1861 3321 2116 3387 nulloque

569 3425 888 3479 terrentium
916 3420 1119 3474 insultu
1150 3417 1397 3486 pavidus.
1452 3414 1523 3476 ei,
1559 3413 1648 3480 qui
1685 3413 1982 3465 secundum
2028 3409 2118 3460 do-

555 3517 804 3574 ,ctrinam
847 3522 949 3577 est,
981 3509 1122 3562 ﬁdeli
1170 3504 1405 3560 sermoni
1439 3501 1814 3564 incumbebat;
1862 3507 2022 3566 atque
2051 3497 2116 3550 ad

568 3616 729 3656 omne
764 3601 1026 3654 tentantis
1058 3595 1353 3665 periculum
1388 3601 1700 3657 struetnque
1755 3587 2116 3653 impercussus

572 3699 735 3758 atque
770 3687 1018 3739 innexus
1051 3683 1297 3744 manens,
1340 3680 1631 3734 Ecclesiam
1680 3690 1833 3730 suam
1894 3675 2117 3728 ﬁrmiter

572 3775 756 3840 tutans
785 3781 1118 3848 stipansque,
1140 3775 1206 3828 ab
1233 3773 1632 3827 adversantium
1663 3769 1885 3821 ﬂatuutn
1922 3765 2116 3834 injuria

576 3873 800 3925 illwsam
833 3865 1213 3921 conservabat.
1457 3920 1484 3925 Α

645 3962 778 4015 Eum
812 3961 864 4011 in
900 3959 1118 4010 modum
1148 3955 1229 4007 vir
1263 3953 1494 4022 inclths
1520 3951 1753 4008 Marcus,
1781 3962 1899 4014 qua:
1927 3947 1976 3999 in
2004 3960 2121 4019 ver-

552 4052 658 4121 bis
689 4051 858 4118 posita
891 4055 969 4101 est
1011 4043 1356 4115 (quandoque
1383 4057 1508 4095 vero
1529 4042 1690 4093 etiam
1719 4054 1838 4108 quae
1870 4039 1920 4088 in
1951 4037 2119 4104 signis

578 4148 741 4208 atque
767 4137 1048 4206 portentis)
1085 4133 1430 4202 apostolicam
1462 4133 1714 4184 virtutem
1745 4144 1867 4198 erga
1904 4128 2120 4182 Graecus

579 4231 890 4289 ostendens,
929 4225 1352 4279 domesticorum
1392 4222 1514 4275 ﬁdei
1557 4229 1808 4287 tanquam
1846 4219 2121 4272 divinissi-

582 4335 700 4372 mus
726 4321 947 4371 antistes
975 4317 1201 4370 salutem
1257 4311 1601 4380 adimplebat.
1655 4308 1785 4372 Quis
1845 4310 2120 4363 enimvero

583 4411 699 4477 ejus
735 4409 1012 4475 implenda:
1042 4405 1236 4458 modus
1256 4405 1278 4457 ?
1298 4405 1499 4458 Divinas
1531 4401 1803 4469 sapientia;
1839 4400 2016 4453 verbis
2047 4407 2122 4452 at-
2156 4435 2198 4487 υ

585 4512 687 4568 que
713 4498 965 4551 doctrinae
1013 4496 1267 4564 Spiritus,
1306 4507 1494 4545 eorum
1537 4491 1776 4560 quotidie
1831 4498 2037 4543 mentes
2066 4489 2124 4541 il-

584 4587 878 4649 lustrabat;
932 4599 992 4635 ac
1035 4584 1306 4637 carnalem
1347 4581 1560 4650 quidem
1619 4581 1907 4632 amicitiam
1961 4589 2122 4646 atquc

580 4677 791 4754 peccati
853 4673 1299 4728 consuetudinem
1353 4672 1621 4735 inhibens,
1655 4671 1881 4738 spiritus
1910 4670 2023 4737 lege
2061 4682 2124 4721 ac

578 4768 786 4833 {amoris
818 4767 866 4817 vi
901 4765 1119 4817 Christo
1154 4762 1638 4830 despondebat;-ab
1665 4762 1920 4828 Omnique
1961 4761 2120 4812 noxia

577 4858 898 4925 cupiditate,
933 4871 997 4908 ac
1022 4861 1360 4909 terrenoruin
1390 4853 1619 4906 dementi
1656 4853 1884 4910 ratione,
1913 4850 2122 4918 appeti-

579 4948 734 5002 tione
771 4960 983 5006 arcens,
1015 4943 1314 4997 ccelestium
1363 4942 1624 4996 duntaxat
1658 4950 1710 4996 et
1742 4942 2040 5008 stabilium,
2069 4924 2123 4996 et

589 5050 705 5103 qua!
740 5047 861 5087 vera
884 5034 1022 5087 bona
1053 5033 1179 5096 sint,
1209 5031 1536 5086 desiderium
1574 5033 1890 5085 instillabat.

592 5145 595 5148 ⁴
662 5122 752 5176 Sic
800 5122 983 5185 igitur,
1018 5130 1073 5175 ut
1123 5122 1305 5189 paucis
1337 5121 1534 5183 dicam,
1582 5121 1750 5173 sacris
1778 5121 2122 5175 sermonibus

592 5217 754 5277 atque
776 5208 1020 5260 doctrina
1071 5206 1300 5262 ﬁdelium
1335 5216 1538 5260 mentes
1572 5207 1859 5269 arditicans,
1905 5224 2124 5261 rursus-

588 5312 690 5365 que
719 5295 967 5374 operibus
1000 5310 1182 5351 sacras
1214 5302 1685 5350 sacrosanctorum
1740 5299 2119 5366 mysteriorum

663 5440 770 5514 (56)
787 5444 909 5514 fde
939 5447 1093 5514 ἱερὰς
1138 5447 1252 5497 τῶν
1305 5443 1500 5514 Ιερῶνγ
1518 5449 1864 5513 μυστηρίων
1903 5451 2124 5512 ἱεροτυ-

592 5513 754 5583 πίαςέ
781 5513 873 5566 Est
904 5529 1064 5583 grave
1087 5515 1201 5583 hoc
1234 5513 1726 5583 testimonium'pro
1751 5518 1909 5570 Marci
1944 5519 2126 5572 Litur-

589 5581 691 5709 gia,
723 5595 823 5649 qua
875 5580 929 5634 et
974 5582 1134 5659 modo
1187 5589 1409 5631 utuntur
1462 5580 1716 5653 1Egyptii,
1771 5587 2124 5653 meminitque

611 5651 886 5709 talsatnon,
918 5658 1016 5700 ctsr
1049 5650 1197 5702 locus
1228 5661 1332 5698 non
1379 5654 1634 5709 occurrit.
1691 5669 1798 5709 qua
1841 5666 2015 5708 tamen
2045 5655 2124 5708 cis

611 5651 886 5712 talsatnon,
918 5651 1016 5700 ctsi
1049 5650 1197 5702 locus
1228 5661 1332 5698 non
1379 5650 1634 5715 occurrit,
1691 5669 1799 5721 qua
1841 5666 2015 5708 tamen
2038 5650 2124 5708 cis

2213 3232 2402 3300 ἔμενεν
2435 3231 2532 3298 μὲν
2581 3227 2860 3298 ἀραρότως
2904 3227 2998 3280 καὶ
3051 3224 3270 3298 άπαθῶς
3306 3224 3363 3276 ἐν
3392 3221 3557 3290 αὐτῷ·
3585 3220 3772 3300 άντιίο

2215 3291 2336 3390 χετο
2368 3291 2544 3372 δέσοῦ
2575 3291 2714 3371 κατά
2737 3319 2834 3387 τὴν
2863 3291 3090 3386 διδαχὴν.
3116 3313 3305 3368 πιστοῦ
3337 3314 3513 3381 λόγου,
3545 3291 3774 3382 ούδεμιᾷ

2216 3411 2552 3480 πτυρόμενος
2584 3410 2691 3461 τῶν
2723 3407 3050 3478 νομιζόντων
3092 3407 3276 3475 φοϐεῖν
3316 3404 3605 3475 προσῦολῇ·
3630 3403 3771 3456 ἀκα-

2215 3504 2519 3572 τάπληκτος
2567 3502 2620 3553 δὲ
2667 3502 2842 3570 μένων
2897 3500 3031 3568 πρὸς
3073 3501 3252 3552 πᾶσαν
3282 3497 3373 3551 τοῦ
3419 3495 3772 3565 πειράζοντος

2217 3598 2408 3663 πεῖραν
2443 3593 2535 3645 καὶ
2573 3593 2840 3663 άρῤεπὴς,
2872 3591 2964 3643 καὶ
3015 3590 3111 3658 τὴν
3159 3589 3278 3641 κατ’
3305 3587 3468 3641 αύτοῦ
3514 3585 3774 3657 ἀρῤαγῶς

2230 3681 2550 3750 Ἐκκλησίαν
2582 3679 2914 3749 συγκροτῶν,
2939 3679 3036 3746 τῆς
3058 3677 3163 3730 ἀπὸ
3183 3676 3291 3729 τῶν
3321 3674 3573 3729 ἐναντίων
3603 3690 3773 3727 πνιυ⁸

2221 3773 2402 3842 μάτων
2429 3771 2683 3840 ἐπηρείας
2719 3769 3121 3840 ἀνεπηρέαστον
3145 3768 3348 3838 ἐτήρει.
3368 3773 3382 3781 “

2287 3948 2471 4009 Οὕτως
2504 3948 2531 3998 ό
2577 3945 2745 4014 μέγας
2774 3944 2995 4012 Μάρκος
3038 3943 3170 4012 πρὸς
3207 3944 3329 4003 τοὺς
3366 3941 3768 4011 ἑλληνίζοντας,

2218 4038 2312 4107 τὴν
2344 4040 2400 4088 ἐν
2433 4039 2542 4098 τοῖς
2571 4036 2767 4101 λόγοις,
2805 4035 2914 4085 ἐστι
2958 4034 3000 4084 δ’
3039 4034 3125 4084 ὅτε
3169 4033 3259 4084 καὶ
3291 4033 3386 4099 τὴν
3427 4035 3482 4084 ἐν
3526 4034 3774 4102 σημείοις

2218 4129 2310 4178 καὶ
2356 4126 2594 4194 τέρασιν,
2626 4123 2981 4191 άποστολικὴν
3022 4121 3244 4189 δύναμιν
3294 4121 3771 4190 ἐπιδεικνύμενος,

2218 4216 2326 4268 τῶν
2350 4215 2561 4266 οἰκείων
2591 4214 2735 4282 αὐτῷ
2767 4211 2902 4265 κατὰ
2942 4213 3119 4265 πίστιν
3151 4211 3222 4274 ὡς
3285 4213 3546 4280 ἱεροὶρχης
3574 4210 3772 4265 ἐνθεὼ-

2218 4321 2374 4366 τατος
2411 4303 2508 4372 τὴν
2553 4303 2823 4372 σωτηρίαν
2876 4303 3164 4371 ίερούργει.
3203 4301 3359 4353 Ἀλλά
3393 4303 3474 4363 τίς
3503 4304 3530 4353 ό
3569 4301 3668 4372 τῆς
3697 4304 3774 4354 ἱε-

2225 4395 2472 4465 ρουργίας
2497 4394 2723 4462 τρόπος;
2754 4392 2943 4459 Λόγοις
2973 4394 3067 4461 μὲν
3095 4393 3373 4458 θεοσοφίας
3407 4394 3498 4444 καὶ
3519 4391 3772 4446 διδασκα-

2223 4486 2342 4546 λίας
2370 4485 2462 4536 τοῦ
2497 4484 2827 4552 Πνεύματος,
2868 4485 2964 4546 τὰς
2999 4483 3176 4535 αὐτῶν
3231 4482 3499 4552 ὁσημέραι
3528 4483 3774 4550 κατεφώ-

2225 4577 2339 4641 τιζε
2369 4575 2560 4644 ψυχάς*
2604 4576 2696 4626 καὶ⁸
2728 4574 2822 4643 τὴν
2855 4575 3122 4643 σαρκικὴν
3176 4575 3272 4642 μὲν
3316 4575 3518 4643 φιλίαν,
3549 4576 3644 4626 καί¹
3675 4573 3771 4644 τὴν

2227 4667 2509 4736 συνήθειαν
2554 4665 2652 4734 τῆς
2696 4665 2965 4734 ἁμαρτίας
3002 4665 3329 4727 ἐπικόπτων,
3393 4665 3470 4732 τῷ
3499 4664 3648 4733 νόμῳ
3680 4663 3771 4716 τοῦ

2226 4757 2533 4825 Πνεύματος
2562 4758 2653 4809 καὶ
2679 4754 2754 4824 τῷ
2787 4755 2987 4825 φίλτρῳ
3004 4758 3352 4823 κατηγγυᾱτο
3381 4755 3634 4824 Χριστοῦ·
3668 4754 3771 4807 πά-

2232 4867 2329 4919 σης
2376 4849 2430 4903 δὲ
2485 4847 2752 4918 βλαϐερᾶς
2797 4847 3085 4915 ἐπιθυμίας
3139 4846 3395 4916 ἐξείργων
3438 4845 3537 4914 τῆς
3595 4844 3772 4912 ἀλογι-

2232 4943 2379 5006 στίας
2416 4942 2522 4993 τῶν
2571 4941 2660 4991 ἐπὶ
2698 4940 2818 5006 γῆς,
2857 4939 3013 5006 μόνον
3044 4938 3149 4989 τῶν
3184 4937 3446 5007 οὐρανίων
3481 4937 3575 4990 καὶ
3605 4935 3769 4993 ἑστώ-

2227 5049 2353 5092 των,
2385 5034 2474 5083 καὶ
2507 5031 2668 5088 ὅντως
2699 5030 2875 5081 καλῶν
2908 5030 3004 5097 τὴν
3048 5027 3225 5097 ὄρεξιν
3258 5028 3556 5090 ἐνέσταζεν.

2306 5124 2394 5183 Ὠς
2443 5123 2496 5171 ἐν
2550 5119 2740 5187 βραχεῖ
2776 5119 2872 5188 μὲν
2900 5116 2993 5172 οὖν
3030 5121 3092 5187 δὴ
3122 5121 3312 5182 εἰπεῖν,
3349 5120 3520 5181 οὕτως
3558 5121 3615 5172 ἐν
3659 5120 3768 5181 τοῖς

2234 5213 2393 5277 ἱεροῖς
2424 5207 2596 5271 λόγοις
2625 5208 2719 5269 τὰς
2755 5207 2956 5259 πιστῶν
2986 5207 3248 5277 ᾠκοδόμει
3276 5209 3475 5277 ,ψυχάςο
3509 5207 3686 5276 ἔργοις
3717 5206 3770 5257 δὲ

2232 5300 2404 5368 πάλινε
2421 5296 2513 5357 τὰς
2529 5297 2677 5366 ἱερὰς
2695 5299 2801 5351 τῶν
2830 5299 2987 5368 ἱερῶν
3012 5302 3320 5369 μυστηρίων
3345 5297 3769 5371 ίεροτυπίας(56)

2234 5452 2310 5503 uti
2338 5465 2444 5502 non
2501 5466 2720 5518 prorsus
2759 5452 2992 5522 liberum
3044 5453 3113 5506 sit
3161 5453 3650 5522 Constantinopoli,
3677 5455 3768 5511 sed

2233 5535 2293 5601 ea
2343 5535 2502 5601 quam
2536 5524 2732 5601 passim
2771 5521 2824 5572 in
2879 5522 3047 5575 sacris
3095 5523 3319 5601 adhibet
3362 5521 3602 5576 Ecclesia
3635 5523 3772 5579 Con-

2234 5591 2711 5669 stantinopolim-na
2741 5629 2814 5669 ,___
2848 5605 3042 5669 nempe
3079 5591 3478 5669 "Chrysostomi
3513 5609 3527 5656 ;
3609 5595 3772 5648 certis

2230 5667 2391 5711 etiam
2418 5658 2607 5713 diebus
2640 5658 2836 5713 Basilii.
2872 5659 3055 5715 Edidit
3078 5658 3238 5716 Marci
3266 5659 3566 5719 Liturttiam
3616 5663 3769 5718 Joan.
