  <div class='ocr_page' id='page_1' title='image "/cluster/home/n/w/nwhite01/storage/ocr_20150623/105/pst.000005714155/166.png"; bbox 0 0 3922 6314; ppageno 0'>
   <div class='ocr_carea' id='block_1_1' title="bbox 147 416 237 483">
    <p class='ocr_par' dir='ltr' id='par_1_1' title="bbox 147 416 237 483">
     <span class='ocr_line' id='line_1_1' title="bbox 147 416 237 483; baseline 0.067 -6"><span class='ocrx_word' id='word_1_1' title='bbox 147 416 237 483; x_wconf 75' lang='lat'><strong>297</strong></span> 
     </span>
    </p>
   </div>
   <div class='ocr_carea' id='block_1_2' title="bbox 923 415 2576 479">
    <p class='ocr_par' dir='ltr' id='par_1_2' title="bbox 923 415 2576 479">
     <span class='ocr_line' id='line_1_2' title="bbox 923 415 2576 479; baseline 0.002 -4"><span class='ocrx_word' id='word_1_2' title='bbox 923 415 1202 476; x_wconf 76' lang='lat' dir='ltr'><strong>ORATIO</strong></span> <span class='ocrx_word' id='word_1_3' title='bbox 1241 417 1357 476; x_wconf 78' lang='lat' dir='ltr'><strong>XV.</strong></span> <span class='ocrx_word' id='word_1_4' title='bbox 1397 442 1464 452; x_wconf 88' lang='lat'><strong>-</strong></span> <span class='ocrx_word' id='word_1_5' title='bbox 1499 417 1582 479; x_wconf 85' lang='grc' dir='ltr'><strong>ῘΝ</strong></span> <span class='ocrx_word' id='word_1_6' title='bbox 1621 419 1933 479; x_wconf 73' lang='lat' dir='ltr'><strong>LAUDEM</strong></span> <span class='ocrx_word' id='word_1_7' title='bbox 1961 417 2019 478; x_wconf 89' lang='lat' dir='ltr'><strong>S.</strong></span> <span class='ocrx_word' id='word_1_8' title='bbox 2052 417 2285 477; x_wconf 80' lang='lat' dir='ltr'><strong>MARCI</strong></span> <span class='ocrx_word' id='word_1_9' title='bbox 2327 419 2576 479; x_wconf 80' lang='lat' dir='ltr'><strong>APOST.</strong></span> 
     </span>
    </p>
   </div>
   <div class='ocr_carea' id='block_1_3' title="bbox 3262 423 3364 482">
    <p class='ocr_par' dir='ltr' id='par_1_3' title="bbox 3262 423 3364 482">
     <span class='ocr_line' id='line_1_3' title="bbox 3262 423 3364 482; baseline 0.02 -2"><span class='ocrx_word' id='word_1_10' title='bbox 3262 423 3364 482; x_wconf 71' lang='lat'><strong>293</strong></span> 
     </span>
    </p>
   </div>
   <div class='ocr_carea' id='block_1_4' title="bbox 149 529 1692 607">
    <p class='ocr_par' dir='ltr' id='par_1_4' title="bbox 149 529 1692 600">
     <span class='ocr_line' id='line_1_4' title="bbox 149 529 1692 600; baseline -0.003 -14"><span class='ocrx_word' id='word_1_11' title='bbox 149 534 403 600; x_wconf 80' lang='grc' dir='ltr'>πανιέρως</span> <span class='ocrx_word' id='word_1_12' title='bbox 435 530 942 600; x_wconf 74' lang='grc' dir='ltr'>διασκευαζόμενος,</span> <span class='ocrx_word' id='word_1_13' title='bbox 999 533 1094 582; x_wconf 83' lang='grc' dir='ltr'>καὶ</span> <span class='ocrx_word' id='word_1_14' title='bbox 1133 529 1442 599; x_wconf 80' lang='grc' dir='ltr'>προσευχὰς</span> <span class='ocrx_word' id='word_1_15' title='bbox 1495 531 1692 598; x_wconf 76' lang='grc' dir='ltr'>ἐγγρά-</span> 
     </span>
    </p>
   </div>
   <div class='ocr_carea' id='block_1_5' title="bbox 1803 529 3371 607">
    <p class='ocr_par' dir='ltr' id='par_1_5' title="bbox 1803 531 3371 607">
     <span class='ocr_line' id='line_1_5' title="bbox 1803 531 3371 607; baseline 0.006 -25"><span class='ocrx_word' id='word_1_16' title='bbox 1803 531 2154 584; x_wconf 69' lang='grc' dir='ltr'>ραετοιηοηίθς</span> <span class='ocrx_word' id='word_1_17' title='bbox 2234 536 2602 589; x_wconf 85' lang='lat' dir='ltr'><strong>sacratissime</strong></span> <span class='ocrx_word' id='word_1_18' title='bbox 2655 550 2989 606; x_wconf 84' lang='lat' dir='ltr'><strong>componens</strong></span> <span class='ocrx_word' id='word_1_19' title='bbox 3045 551 3108 590; x_wconf 87' lang='lat' dir='ltr'><strong>ac</strong></span> <span class='ocrx_word' id='word_1_20' title='bbox 3181 553 3371 607; x_wconf 74' lang='lat' dir='ltr'><strong>preces</strong></span> 
     </span>
    </p>
   </div>
   <div class='ocr_carea' id='block_1_6' title="bbox 146 620 1692 691">
    <p class='ocr_par' dir='ltr' id='par_1_6' title="bbox 146 620 1692 691">
     <span class='ocr_line' id='line_1_6' title="bbox 146 620 1692 691; baseline -0.001 -15"><span class='ocrx_word' id='word_1_21' title='bbox 146 639 263 690; x_wconf 65' lang='grc' dir='ltr'>(ρους</span> <span class='ocrx_word' id='word_1_22' title='bbox 293 621 636 690; x_wconf 69' lang='grc' dir='ltr'>παραδιδοὺς,</span> <span class='ocrx_word' id='word_1_23' title='bbox 669 623 762 674; x_wconf 74' lang='grc' dir='ltr'><strong>καὶ</strong></span> <span class='ocrx_word' id='word_1_24' title='bbox 789 623 888 690; x_wconf 85' lang='grc' dir='ltr'><strong>τὴν</strong></span> <span class='ocrx_word' id='word_1_25' title='bbox 920 620 1184 691; x_wconf 83' lang='grc' dir='ltr'>μυστικὴν</span> <span class='ocrx_word' id='word_1_26' title='bbox 1216 622 1309 673; x_wconf 80' lang='grc' dir='ltr'><strong>καὶ</strong></span> <span class='ocrx_word' id='word_1_27' title='bbox 1358 621 1692 690; x_wconf 81' lang='grc' dir='ltr'>ἀναίμακτον</span> 
     </span>
    </p>
   </div>
   <div class='ocr_carea' id='block_1_7' title="bbox 143 712 1692 784">
    <p class='ocr_par' dir='ltr' id='par_1_7' title="bbox 143 712 1692 784">
     <span class='ocr_line' id='line_1_7' title="bbox 143 712 1692 784; baseline 0 -18"><span class='ocrx_word' id='word_1_28' title='bbox 143 714 226 766; x_wconf 75' lang='grc' dir='ltr'>τοῦ</span> <span class='ocrx_word' id='word_1_29' title='bbox 266 712 576 784; x_wconf 79' lang='grc' dir='ltr'>ζωαρχικοῦ</span> <span class='ocrx_word' id='word_1_30' title='bbox 624 713 876 781; x_wconf 84' lang='grc' dir='ltr'>σώματος</span> <span class='ocrx_word' id='word_1_31' title='bbox 924 712 1020 763; x_wconf 74' lang='grc' dir='ltr'>καὶ</span> <span class='ocrx_word' id='word_1_32' title='bbox 1051 712 1692 782; x_wconf 80' lang='grc' dir='ltr'>αἴματοςίεροτελεστέαν</span> 
     </span>
    </p>
   </div>
   <div class='ocr_carea' id='block_1_8' title="bbox 144 801 1693 875">
    <p class='ocr_par' dir='ltr' id='par_1_8' title="bbox 144 801 1693 875">
     <span class='ocr_line' id='line_1_8' title="bbox 144 801 1693 875; baseline -0.001 -19"><span class='ocrx_word' id='word_1_33' title='bbox 144 823 196 856; x_wconf 86' lang='grc' dir='ltr'><strong>τε</strong></span> <span class='ocrx_word' id='word_1_34' title='bbox 252 807 342 861; x_wconf 72' lang='grc' dir='ltr'><strong>καὶ</strong></span> <span class='ocrx_word' id='word_1_35' title='bbox 399 805 759 875; x_wconf 83' lang='grc' dir='ltr'>λειτουργίαν,</span> <span class='ocrx_word' id='word_1_36' title='bbox 810 801 1169 864; x_wconf 81' lang='grc' dir='ltr'>θεοτυπὼτοις</span> <span class='ocrx_word' id='word_1_37' title='bbox 1219 804 1564 874; x_wconf 64' lang='grc' dir='ltr'>παραδόσεῖσι,</span> <span class='ocrx_word' id='word_1_38' title='bbox 1600 805 1693 856; x_wconf 80' lang='grc' dir='ltr'><strong>καὶ</strong></span> 
     </span>
    </p>
   </div>
   <div class='ocr_carea' id='block_1_9' title="bbox 143 893 1689 964">
    <p class='ocr_par' dir='ltr' id='par_1_9' title="bbox 143 893 1689 964">
     <span class='ocr_line' id='line_1_9' title="bbox 143 893 1689 964; baseline -0.001 -16"><span class='ocrx_word' id='word_1_39' title='bbox 143 893 378 963; x_wconf 73' lang='grc' dir='ltr'>ἀμώμοις</span> <span class='ocrx_word' id='word_1_40' title='bbox 416 893 495 964; x_wconf 79' lang='grc' dir='ltr'>τῷ</span> <span class='ocrx_word' id='word_1_41' title='bbox 543 894 815 964; x_wconf 70' lang='grc' dir='ltr'>πνεύματι</span> <span class='ocrx_word' id='word_1_42' title='bbox 863 893 1290 963; x_wconf 81' lang='grc' dir='ltr'>διατυποὺμενος</span> <span class='ocrx_word' id='word_1_43' title='bbox 1330 895 1689 958; x_wconf 78' lang='grc' dir='ltr'>ἀκολουθίαις,</span> 
     </span>
    </p>
   </div>
   <div class='ocr_carea' id='block_1_10' title="bbox 144 984 1690 1058">
    <p class='ocr_par' dir='ltr' id='par_1_10' title="bbox 144 984 1690 1058">
     <span class='ocr_line' id='line_1_10' title="bbox 144 984 1690 1058; baseline 0.001 -22"><span class='ocrx_word' id='word_1_44' title='bbox 144 986 295 1038; x_wconf 65' lang='grc' dir='ltr'>τύπον</span> <span class='ocrx_word' id='word_1_45' title='bbox 340 1004 399 1039; x_wconf 87' lang='grc' dir='ltr'><strong>τε</strong></span> <span class='ocrx_word' id='word_1_46' title='bbox 438 987 548 1038; x_wconf 88' lang='grc' dir='ltr'><strong>τῶν</strong></span> <span class='ocrx_word' id='word_1_47' title='bbox 578 984 906 1056; x_wconf 76' lang='grc' dir='ltr'>βαπτισμῶν</span> <span class='ocrx_word' id='word_1_48' title='bbox 963 993 1058 1039; x_wconf 72' lang='grc' dir='ltr'><strong>καὶ</strong></span> <span class='ocrx_word' id='word_1_49' title='bbox 1108 986 1452 1058; x_wconf 83' lang='grc' dir='ltr'>χειροτονιῶν</span> <span class='ocrx_word' id='word_1_50' title='bbox 1509 988 1690 1058; x_wconf 86' lang='grc' dir='ltr'>ίερῶν,</span> 
     </span>
    </p>
   </div>
   <div class='ocr_carea' id='block_1_11' title="bbox 143 1075 1689 1149">
    <p class='ocr_par' dir='ltr' id='par_1_11' title="bbox 143 1075 1689 1149">
     <span class='ocr_line' id='line_1_11' title="bbox 143 1075 1689 1149; baseline 0.002 -23"><span class='ocrx_word' id='word_1_51' title='bbox 143 1075 225 1127; x_wconf 64' lang='grc' dir='ltr'><strong>καὶ</strong></span> <span class='ocrx_word' id='word_1_52' title='bbox 273 1078 450 1129; x_wconf 78' lang='grc' dir='ltr'>πᾶσαν</span> <span class='ocrx_word' id='word_1_53' title='bbox 499 1076 685 1138; x_wconf 81' lang='grc' dir='ltr'>ἁπλῶς</span> <span class='ocrx_word' id='word_1_54' title='bbox 730 1076 829 1146; x_wconf 77' lang='grc' dir='ltr'>τὴν</span> <span class='ocrx_word' id='word_1_55' title='bbox 875 1076 1332 1149; x_wconf 74' lang='grc' dir='ltr'>ἐκκλησιαστικὴν</span> <span class='ocrx_word' id='word_1_56' title='bbox 1387 1079 1689 1148; x_wconf 81' lang='grc' dir='ltr'>ίεραρχίαν,</span> 
     </span>
    </p>
   </div>
   <div class='ocr_carea' id='block_1_12' title="bbox 141 1166 1694 1239">
    <p class='ocr_par' dir='ltr' id='par_1_12' title="bbox 141 1166 1694 1239">
     <span class='ocr_line' id='line_1_12' title="bbox 141 1166 1694 1239; baseline 0.002 -21"><span class='ocrx_word' id='word_1_57' title='bbox 141 1168 302 1236; x_wconf 81' lang='grc' dir='ltr'>εὐχῶν</span> <span class='ocrx_word' id='word_1_58' title='bbox 348 1185 408 1219; x_wconf 87' lang='grc' dir='ltr'><strong>τε</strong></span> <span class='ocrx_word' id='word_1_59' title='bbox 445 1166 724 1237; x_wconf 78' lang='grc' dir='ltr'>μυστικῶν</span> <span class='ocrx_word' id='word_1_60' title='bbox 779 1168 1122 1238; x_wconf 87' lang='grc' dir='ltr'>ίερολογίαις,</span> <span class='ocrx_word' id='word_1_61' title='bbox 1178 1169 1274 1221; x_wconf 75' lang='grc' dir='ltr'>καὶ</span> <span class='ocrx_word' id='word_1_62' title='bbox 1336 1169 1694 1239; x_wconf 71' lang='grc' dir='ltr'>συμϐολικαῖς</span> 
     </span>
    </p>
   </div>
   <div class='ocr_carea' id='block_1_13' title="bbox 140 1260 1694 1331">
    <p class='ocr_par' dir='ltr' id='par_1_13' title="bbox 140 1260 1694 1331">
     <span class='ocr_line' id='line_1_13' title="bbox 140 1260 1694 1331; baseline -0.002 -20"><span class='ocrx_word' id='word_1_63' title='bbox 140 1260 507 1329; x_wconf 80' lang='grc' dir='ltr'>θεσμοθεσίαις</span> <span class='ocrx_word' id='word_1_64' title='bbox 537 1261 907 1324; x_wconf 80' lang='grc' dir='ltr'>ἀποστολικῶς</span> <span class='ocrx_word' id='word_1_65' title='bbox 940 1261 1352 1330; x_wconf 83' lang='grc' dir='ltr'>διαταξάμενος,</span> <span class='ocrx_word' id='word_1_66' title='bbox 1382 1261 1442 1312; x_wconf 83' lang='grc' dir='ltr'><strong>οὐ</strong></span> <span class='ocrx_word' id='word_1_67' title='bbox 1475 1263 1540 1331; x_wconf 82' lang='grc' dir='ltr'>τῇ</span> <span class='ocrx_word' id='word_1_68' title='bbox 1572 1261 1694 1314; x_wconf 84' lang='grc' dir='ltr'>κατ’</span> 
     </span>
    </p>
   </div>
   <div class='ocr_carea' id='block_1_14' title="bbox 141 1353 1692 1424">
    <p class='ocr_par' dir='ltr' id='par_1_14' title="bbox 141 1353 1692 1424">
     <span class='ocr_line' id='line_1_14' title="bbox 141 1353 1692 1424; baseline 0.001 -21"><span class='ocrx_word' id='word_1_69' title='bbox 141 1353 288 1405; x_wconf 78' lang='grc' dir='ltr'>αὑτὸν</span> <span class='ocrx_word' id='word_1_70' title='bbox 311 1354 473 1423; x_wconf 79' lang='grc' dir='ltr'>γενεᾷ</span> <span class='ocrx_word' id='word_1_71' title='bbox 509 1354 688 1422; x_wconf 84' lang='grc' dir='ltr'>μόνον,</span> <span class='ocrx_word' id='word_1_72' title='bbox 740 1354 875 1407; x_wconf 87' lang='grc' dir='ltr'><strong>ἀλλά</strong></span> <span class='ocrx_word' id='word_1_73' title='bbox 926 1355 1020 1407; x_wconf 73' lang='grc' dir='ltr'><strong>καὶ</strong></span> <span class='ocrx_word' id='word_1_74' title='bbox 1061 1355 1259 1416; x_wconf 87' lang='grc' dir='ltr'>πάσαις</span> <span class='ocrx_word' id='word_1_75' title='bbox 1294 1354 1441 1422; x_wconf 80' lang='grc' dir='ltr'>ἑξῆς,</span> <span class='ocrx_word' id='word_1_76' title='bbox 1491 1353 1692 1424; x_wconf 78' lang='grc' dir='ltr'>ἱεροθέ-</span> 
     </span>
    </p>
   </div>
   <div class='ocr_carea' id='block_1_15' title="bbox 134 1439 1698 1513">
    <p class='ocr_par' dir='ltr' id='par_1_15' title="bbox 134 1439 1698 1513">
     <span class='ocr_line' id='line_1_15' title="bbox 134 1439 1698 1513; baseline 0.002 -22"><span class='ocrx_word' id='word_1_77' title='bbox 134 1458 223 1508; x_wconf 81' lang='grc' dir='ltr'><strong>της</strong></span> <span class='ocrx_word' id='word_1_78' title='bbox 258 1443 544 1512; x_wconf 83' lang='grc' dir='ltr'><strong>σωτήριος,</strong></span> <span class='ocrx_word' id='word_1_79' title='bbox 597 1443 693 1495; x_wconf 80' lang='grc' dir='ltr'><strong>καὶ</strong></span> <span class='ocrx_word' id='word_1_80' title='bbox 736 1444 929 1513; x_wconf 83' lang='grc' dir='ltr'>καινῆς</span> <span class='ocrx_word' id='word_1_81' title='bbox 981 1439 1243 1513; x_wconf 77' lang='grc' dir='ltr'>διαθήκης</span> <span class='ocrx_word' id='word_1_82' title='bbox 1271 1442 1490 1512; x_wconf 79' lang='grc' dir='ltr'>ἄριστος</span> <span class='ocrx_word' id='word_1_83' title='bbox 1537 1457 1698 1510; x_wconf 88' lang='grc' dir='ltr'>νομο-</span> 
     </span>
    </p>
   </div>
   <div class='ocr_carea' id='block_1_16' title="bbox 139 1533 696 1604">
    <p class='ocr_par' dir='ltr' id='par_1_16' title="bbox 139 1533 696 1604">
     <span class='ocr_line' id='line_1_16' title="bbox 139 1533 696 1604; baseline 0.007 -21"><span class='ocrx_word' id='word_1_84' title='bbox 139 1533 289 1601; x_wconf 79' lang='grc' dir='ltr'>θέτης</span> <span class='ocrx_word' id='word_1_85' title='bbox 325 1534 696 1604; x_wconf 80' lang='grc' dir='ltr'><strong>ἀναπέφηνεν.</strong></span> 
     </span>
    </p>
   </div>
   <div class='ocr_carea' id='block_1_17' title="bbox 198 1622 1696 1696">
    <p class='ocr_par' dir='ltr' id='par_1_17' title="bbox 198 1622 1696 1696">
     <span class='ocr_line' id='line_1_17' title="bbox 198 1622 1696 1696; baseline 0.003 -22"><span class='ocrx_word' id='word_1_86' title='bbox 198 1623 300 1675; x_wconf 77' lang='grc' dir='ltr'><strong>Καὶ</strong></span> <span class='ocrx_word' id='word_1_87' title='bbox 331 1623 429 1693; x_wconf 79' lang='grc' dir='ltr'><strong>οὐχ</strong></span> <span class='ocrx_word' id='word_1_88' title='bbox 470 1622 659 1694; x_wconf 85' lang='grc' dir='ltr'>ὥσπερ</span> <span class='ocrx_word' id='word_1_89' title='bbox 697 1625 902 1694; x_wconf 79' lang='grc' dir='ltr'>Μωσῆς</span> <span class='ocrx_word' id='word_1_90' title='bbox 944 1625 1150 1688; x_wconf 72' lang='grc' dir='ltr'>ἐκεῖνος</span> <span class='ocrx_word' id='word_1_91' title='bbox 1188 1625 1217 1678; x_wconf 89' lang='grc' dir='ltr'><strong>ό</strong></span> <span class='ocrx_word' id='word_1_92' title='bbox 1262 1624 1428 1689; x_wconf 83' lang='grc' dir='ltr'>πάνυ,</span> <span class='ocrx_word' id='word_1_93' title='bbox 1460 1627 1696 1696; x_wconf 76' lang='grc' dir='ltr'>κραταιᾷ</span> 
     </span>
    </p>
   </div>
   <div class='ocr_carea' id='block_1_18' title="bbox 134 1714 1697 1788">
    <p class='ocr_par' dir='ltr' id='par_1_18' title="bbox 134 1714 1697 1788">
     <span class='ocr_line' id='line_1_18' title="bbox 134 1714 1697 1788; baseline -0.006 -22"><span class='ocrx_word' id='word_1_94' title='bbox 134 1714 264 1783; x_wconf 73' lang='grc' dir='ltr'>χειρὶ</span> <span class='ocrx_word' id='word_1_95' title='bbox 326 1717 441 1776; x_wconf 87' lang='grc' dir='ltr'>τοῖς</span> <span class='ocrx_word' id='word_1_96' title='bbox 498 1716 813 1783; x_wconf 78' lang='grc' dir='ltr'><strong>Αἰγυπτίοις</strong></span> <span class='ocrx_word' id='word_1_97' title='bbox 852 1715 1209 1786; x_wconf 71' lang='grc' dir='ltr'>ὲμπεπαιχὼς</span> <span class='ocrx_word' id='word_1_98' title='bbox 1231 1732 1245 1747; x_wconf 84' lang='lat'><strong><em>°</em></strong></span> <span class='ocrx_word' id='word_1_99' title='bbox 1279 1717 1415 1787; x_wconf 82' lang='grc' dir='ltr'>πρὸς</span> <span class='ocrx_word' id='word_1_100' title='bbox 1444 1718 1542 1786; x_wconf 73' lang='grc' dir='ltr'><strong>τὴν</strong></span> <span class='ocrx_word' id='word_1_101' title='bbox 1570 1716 1697 1788; x_wconf 73' lang='grc' dir='ltr'>έρη-</span> 
     </span>
    </p>
   </div>
   <div class='ocr_carea' id='block_1_19' title="bbox 133 1805 1695 1880">
    <p class='ocr_par' dir='ltr' id='par_1_19' title="bbox 133 1805 1695 1880">
     <span class='ocr_line' id='line_1_19' title="bbox 133 1805 1695 1880; baseline 0.003 -24"><span class='ocrx_word' id='word_1_102' title='bbox 133 1822 225 1872; x_wconf 81' lang='grc' dir='ltr'><strong>μον</strong></span> <span class='ocrx_word' id='word_1_103' title='bbox 253 1805 306 1857; x_wconf 70' lang='grc' dir='ltr'>δὲ</span> <span class='ocrx_word' id='word_1_104' title='bbox 337 1806 434 1859; x_wconf 71' lang='grc' dir='ltr'><strong>καὶ</strong></span> <span class='ocrx_word' id='word_1_105' title='bbox 487 1807 549 1858; x_wconf 83' lang='grc' dir='ltr'>τὸ</span> <span class='ocrx_word' id='word_1_106' title='bbox 593 1807 723 1878; x_wconf 76' lang='grc' dir='ltr'>ὅρος</span> <span class='ocrx_word' id='word_1_107' title='bbox 763 1808 1129 1880; x_wconf 58' lang='grc' dir='ltr'>διαϐεϐηκώς</span> <span class='ocrx_word' id='word_1_108' title='bbox 1159 1807 1378 1866; x_wconf 73' lang='grc' dir='ltr'>ἐδέξατο</span> <span class='ocrx_word' id='word_1_109' title='bbox 1427 1809 1527 1878; x_wconf 81' lang='grc' dir='ltr'>μὲν</span> <span class='ocrx_word' id='word_1_110' title='bbox 1555 1809 1695 1862; x_wconf 81' lang='grc' dir='ltr'>ἀνω-</span> 
     </span>
    </p>
   </div>
   <div class='ocr_carea' id='block_1_20' title="bbox 1801 619 3374 694">
    <p class='ocr_par' dir='ltr' id='par_1_20' title="bbox 1801 619 3374 694">
     <span class='ocr_line' id='line_1_20' title="bbox 1801 619 3374 694; baseline 0.004 -21"><span class='ocrx_word' id='word_1_111' title='bbox 1801 619 2008 688; x_wconf 86' lang='lat' dir='ltr'><strong>scripto</strong></span> <span class='ocrx_word' id='word_1_112' title='bbox 2038 621 2281 683; x_wconf 89' lang='lat' dir='ltr'><strong>tradens,</strong></span> <span class='ocrx_word' id='word_1_113' title='bbox 2315 626 2708 694; x_wconf 86' lang='lat' dir='ltr'><strong>mysticamque</strong></span> <span class='ocrx_word' id='word_1_114' title='bbox 2740 635 2791 679; x_wconf 92' lang='lat' dir='ltr'><strong>et</strong></span> <span class='ocrx_word' id='word_1_115' title='bbox 2851 626 3195 681; x_wconf 78' lang='lat' dir='ltr'><strong>incruentam</strong></span> <span class='ocrx_word' id='word_1_116' title='bbox 3236 627 3374 680; x_wconf 60' lang='lat' dir='ltr'><strong>vivi»</strong></span> 
     </span>
    </p>
   </div>
   <div class='ocr_carea' id='block_1_21' title="bbox 1801 711 3372 784">
    <p class='ocr_par' dir='ltr' id='par_1_21' title="bbox 1801 711 3372 784">
     <span class='ocr_line' id='line_1_21' title="bbox 1801 711 3372 784; baseline 0.006 -20"><span class='ocrx_word' id='word_1_117' title='bbox 1801 712 1888 765; x_wconf 90' lang='lat' dir='ltr'><strong>lici</strong></span> <span class='ocrx_word' id='word_1_118' title='bbox 1921 711 2171 780; x_wconf 90' lang='lat' dir='ltr'><strong>corporis</strong></span> <span class='ocrx_word' id='word_1_119' title='bbox 2200 720 2364 781; x_wconf 80' lang='lat' dir='ltr'><strong>alque</strong></span> <span class='ocrx_word' id='word_1_120' title='bbox 2390 718 2669 784; x_wconf 78' lang='lat' dir='ltr'><strong>sanguinis</strong></span> <span class='ocrx_word' id='word_1_121' title='bbox 2709 719 3136 773; x_wconf 83' lang='lat' dir='ltr'><strong>celebrationem</strong></span> <span class='ocrx_word' id='word_1_122' title='bbox 3175 721 3372 774; x_wconf 90' lang='lat' dir='ltr'><strong>ritum-</strong></span> 
     </span>
    </p>
   </div>
   <div class='ocr_carea' id='block_1_22' title="bbox 1800 801 3376 881">
    <p class='ocr_par' dir='ltr' id='par_1_22' title="bbox 1800 801 3376 881">
     <span class='ocr_line' id='line_1_22' title="bbox 1800 801 3376 881; baseline 0.008 -28"><span class='ocrx_word' id='word_1_123' title='bbox 1800 817 1907 870; x_wconf 87' lang='lat' dir='ltr'><strong>que</strong></span> <span class='ocrx_word' id='word_1_124' title='bbox 1932 801 2133 856; x_wconf 86' lang='lat' dir='ltr'><strong>divinis</strong></span> <span class='ocrx_word' id='word_1_125' title='bbox 2166 803 2577 869; x_wconf 91' lang='lat' dir='ltr'><strong>traditionibus,</strong></span> <span class='ocrx_word' id='word_1_126' title='bbox 2607 822 2670 861; x_wconf 86' lang='lat' dir='ltr'><strong>ac</strong></span> <span class='ocrx_word' id='word_1_127' title='bbox 2702 810 2848 862; x_wconf 91' lang='lat' dir='ltr'><strong>omni</strong></span> <span class='ocrx_word' id='word_1_128' title='bbox 2904 811 3026 865; x_wconf 84' lang='lat' dir='ltr'><strong>labe</strong></span> <span class='ocrx_word' id='word_1_129' title='bbox 3060 812 3215 881; x_wconf 86' lang='lat' dir='ltr'><strong>puris</strong></span> <span class='ocrx_word' id='word_1_130' title='bbox 3259 812 3376 865; x_wconf 81' lang='lat' dir='ltr'><strong>olli—</strong></span> 
     </span>
    </p>
   </div>
   <div class='ocr_carea' id='block_1_23' title="bbox 1802 895 3372 971">
    <p class='ocr_par' dir='ltr' id='par_1_23' title="bbox 1802 895 3372 971">
     <span class='ocr_line' id='line_1_23' title="bbox 1802 895 3372 971; baseline 0.007 -23"><span class='ocrx_word' id='word_1_131' title='bbox 1802 896 1904 948; x_wconf 86' lang='lat' dir='ltr'><strong>eiis</strong></span> <span class='ocrx_word' id='word_1_132' title='bbox 1936 895 2275 959; x_wconf 85' lang='lat' dir='ltr'><strong>informans;</strong></span> <span class='ocrx_word' id='word_1_133' title='bbox 2308 898 2695 966; x_wconf 84' lang='lat' dir='ltr'><strong>baptismatum</strong></span> <span class='ocrx_word' id='word_1_134' title='bbox 2731 902 2964 971; x_wconf 88' lang='lat' dir='ltr'><strong>denique</strong></span> <span class='ocrx_word' id='word_1_135' title='bbox 2997 918 3059 956; x_wconf 88' lang='lat' dir='ltr'><strong>ac</strong></span> <span class='ocrx_word' id='word_1_136' title='bbox 3093 917 3372 959; x_wconf 84' lang='lat' dir='ltr'><strong>sacrarum</strong></span> 
     </span>
    </p>
   </div>
   <div class='ocr_carea' id='block_1_24' title="bbox 1800 987 3376 1061">
    <p class='ocr_par' dir='ltr' id='par_1_24' title="bbox 1800 987 3376 1061">
     <span class='ocr_line' id='line_1_24' title="bbox 1800 987 3376 1061; baseline 0.004 -21"><span class='ocrx_word' id='word_1_137' title='bbox 1800 987 2208 1040; x_wconf 82' lang='lat' dir='ltr'><strong>ordinationum</strong></span> <span class='ocrx_word' id='word_1_138' title='bbox 2267 987 2452 1053; x_wconf 92' lang='lat' dir='ltr'><strong>ritum,</strong></span> <span class='ocrx_word' id='word_1_139' title='bbox 2486 1005 2810 1061; x_wconf 90' lang='lat' dir='ltr'><strong>omnemque</strong></span> <span class='ocrx_word' id='word_1_140' title='bbox 2851 1008 3079 1061; x_wconf 91' lang='lat' dir='ltr'><strong>prorsus</strong></span> <span class='ocrx_word' id='word_1_141' title='bbox 3121 995 3376 1049; x_wconf 88' lang='lat' dir='ltr'><strong>ecclesia-</strong></span> 
     </span>
    </p>
   </div>
   <div class='ocr_carea' id='block_1_25' title="bbox 1802 1078 3378 1152">
    <p class='ocr_par' dir='ltr' id='par_1_25' title="bbox 1802 1078 3378 1152">
     <span class='ocr_line' id='line_1_25' title="bbox 1802 1078 3378 1152; baseline 0.004 -19"><span class='ocrx_word' id='word_1_142' title='bbox 1802 1079 1997 1133; x_wconf 84' lang='lat' dir='ltr'><strong>sticam</strong></span> <span class='ocrx_word' id='word_1_143' title='bbox 2032 1078 2396 1135; x_wconf 85' lang='lat' dir='ltr'><strong>hierarchiam</strong></span> <span class='ocrx_word' id='word_1_144' title='bbox 2432 1096 2652 1149; x_wconf 80' lang='lat' dir='ltr'><strong>precum</strong></span> <span class='ocrx_word' id='word_1_145' title='bbox 2679 1087 3027 1152; x_wconf 83' lang='lat' dir='ltr'><strong>mystiearum</strong></span> <span class='ocrx_word' id='word_1_146' title='bbox 3064 1088 3237 1141; x_wconf 89' lang='lat' dir='ltr'><strong>sacris</strong></span> <span class='ocrx_word' id='word_1_147' title='bbox 3267 1102 3378 1140; x_wconf 82' lang='lat' dir='ltr'><strong>ser-</strong></span> 
     </span>
    </p>
   </div>
   <div class='ocr_carea' id='block_1_26' title="bbox 1803 1171 3375 1247">
    <p class='ocr_par' dir='ltr' id='par_1_26' title="bbox 1803 1171 3375 1247">
     <span class='ocr_line' id='line_1_26' title="bbox 1803 1171 3375 1247; baseline 0.007 -26"><span class='ocrx_word' id='word_1_148' title='bbox 1803 1171 2059 1224; x_wconf 85' lang='lat' dir='ltr'><strong>monibus</strong></span> <span class='ocrx_word' id='word_1_149' title='bbox 2095 1184 2159 1225; x_wconf 89' lang='lat' dir='ltr'><strong>ac</strong></span> <span class='ocrx_word' id='word_1_150' title='bbox 2213 1171 2532 1241; x_wconf 88' lang='lat' dir='ltr'><strong>symbolieis</strong></span> <span class='ocrx_word' id='word_1_151' title='bbox 2583 1174 3022 1231; x_wconf 85' lang='lat' dir='ltr'><strong>institutionibus</strong></span> <span class='ocrx_word' id='word_1_152' title='bbox 3075 1180 3375 1247; x_wconf 87' lang='lat' dir='ltr'><strong>apostolico</strong></span> 
     </span>
    </p>
   </div>
   <div class='ocr_carea' id='block_1_27' title="bbox 1801 1262 3374 1330">
    <p class='ocr_par' dir='ltr' id='par_1_27' title="bbox 1801 1262 3374 1330">
     <span class='ocr_line' id='line_1_27' title="bbox 1801 1262 3374 1330; baseline 0.005 -18"><span class='ocrx_word' id='word_1_153' title='bbox 1801 1274 1965 1312; x_wconf 88' lang='lat' dir='ltr'><strong>sensu</strong></span> <span class='ocrx_word' id='word_1_154' title='bbox 2002 1269 2244 1329; x_wconf 90' lang='lat' dir='ltr'><strong>nutuque</strong></span> <span class='ocrx_word' id='word_1_155' title='bbox 2273 1262 2590 1324; x_wconf 86' lang='lat' dir='ltr'><strong>instituens,</strong></span> <span class='ocrx_word' id='word_1_156' title='bbox 2615 1264 2827 1330; x_wconf 65' lang='lat' dir='ltr'><strong>{nedum</strong></span> <span class='ocrx_word' id='word_1_157' title='bbox 2863 1279 2997 1329; x_wconf 81' lang='lat' dir='ltr'><strong>suae,</strong></span> <span class='ocrx_word' id='word_1_158' title='bbox 3027 1267 3120 1320; x_wconf 88' lang='lat' dir='ltr'><strong>sed</strong></span> <span class='ocrx_word' id='word_1_159' title='bbox 3163 1279 3216 1321; x_wconf 89' lang='lat' dir='ltr'><strong>et</strong></span> <span class='ocrx_word' id='word_1_160' title='bbox 3239 1283 3374 1321; x_wconf 89' lang='lat' dir='ltr'><strong>eun-</strong></span> 
     </span>
    </p>
   </div>
   <div class='ocr_carea' id='block_1_28' title="bbox 1801 1350 3373 1424">
    <p class='ocr_par' dir='ltr' id='par_1_28' title="bbox 1801 1350 3373 1424">
     <span class='ocr_line' id='line_1_28' title="bbox 1801 1350 3373 1424; baseline 0.006 -21"><span class='ocrx_word' id='word_1_161' title='bbox 1801 1351 1904 1403; x_wconf 88' lang='lat' dir='ltr'><strong>ctis</strong></span> <span class='ocrx_word' id='word_1_162' title='bbox 1933 1350 2194 1422; x_wconf 84' lang='lat' dir='ltr'><strong>deinceps</strong></span> <span class='ocrx_word' id='word_1_163' title='bbox 2213 1353 2491 1416; x_wconf 66' lang='lat' dir='ltr'><strong>aetatibus,</strong></span> <span class='ocrx_word' id='word_1_164' title='bbox 2521 1353 2779 1408; x_wconf 86' lang='lat' dir='ltr'><strong>salutaris</strong></span> <span class='ocrx_word' id='word_1_165' title='bbox 2803 1370 3088 1409; x_wconf 89' lang='lat' dir='ltr'><strong>sacrorum</strong></span> <span class='ocrx_word' id='word_1_166' title='bbox 3120 1359 3373 1424; x_wconf 85' lang='lat' dir='ltr'><strong>antistes,</strong></span> 
     </span>
    </p>
   </div>
   <div class='ocr_carea' id='block_1_29' title="bbox 1801 1443 3208 1516">
    <p class='ocr_par' dir='ltr' id='par_1_29' title="bbox 1801 1443 3208 1516">
     <span class='ocr_line' id='line_1_29' title="bbox 1801 1443 3208 1516; baseline 0.004 -21"><span class='ocrx_word' id='word_1_167' title='bbox 1801 1443 2038 1512; x_wconf 88' lang='lat' dir='ltr'><strong>novique</strong></span> <span class='ocrx_word' id='word_1_168' title='bbox 2064 1445 2376 1499; x_wconf 79' lang='lat' dir='ltr'><strong>testamenti</strong></span> <span class='ocrx_word' id='word_1_169' title='bbox 2405 1446 2648 1514; x_wconf 88' lang='lat' dir='ltr'><strong>optimus</strong></span> <span class='ocrx_word' id='word_1_170' title='bbox 2675 1446 2956 1516; x_wconf 81' lang='lat' dir='ltr'><strong>legislator</strong></span> <span class='ocrx_word' id='word_1_171' title='bbox 2985 1446 3208 1502; x_wconf 85' lang='lat' dir='ltr'><strong>ell‘ulsit.</strong></span> 
     </span>
    </p>
   </div>
   <div class='ocr_carea' id='block_1_30' title="bbox 1872 1621 3373 1682">
    <p class='ocr_par' dir='ltr' id='par_1_30' title="bbox 1872 1621 3373 1682">
     <span class='ocr_line' id='line_1_30' title="bbox 1872 1621 3373 1682; baseline 0.005 -7"><span class='ocrx_word' id='word_1_172' title='bbox 1872 1621 1981 1677; x_wconf 85' lang='lat' dir='ltr'><strong>Nec</strong></span> <span class='ocrx_word' id='word_1_173' title='bbox 2015 1624 2154 1678; x_wconf 88' lang='lat' dir='ltr'><strong>sicut</strong></span> <span class='ocrx_word' id='word_1_174' title='bbox 2185 1625 2580 1681; x_wconf 89' lang='lat' dir='ltr'><strong>celeberrimus</strong></span> <span class='ocrx_word' id='word_1_175' title='bbox 2623 1626 2713 1680; x_wconf 93' lang='lat' dir='ltr'><strong>ille</strong></span> <span class='ocrx_word' id='word_1_176' title='bbox 2749 1625 2925 1681; x_wconf 76' lang='lat' dir='ltr'><strong>Moses</strong></span> <span class='ocrx_word' id='word_1_177' title='bbox 2961 1627 3014 1680; x_wconf 93' lang='lat' dir='ltr'><strong>in</strong></span> <span class='ocrx_word' id='word_1_178' title='bbox 3050 1643 3215 1682; x_wconf 81' lang='lat' dir='ltr'><strong>manu</strong></span> <span class='ocrx_word' id='word_1_179' title='bbox 3247 1628 3373 1682; x_wconf 80' lang='lat' dir='ltr'><strong>forti</strong></span> 
     </span>
    </p>
   </div>
   <div class='ocr_carea' id='block_1_31' title="bbox 1803 1716 3376 1788">
    <p class='ocr_par' dir='ltr' id='par_1_31' title="bbox 1803 1716 3376 1788">
     <span class='ocr_line' id='line_1_31' title="bbox 1803 1716 3376 1788; baseline 0.005 -21"><span class='ocrx_word' id='word_1_180' title='bbox 1803 1717 2082 1784; x_wconf 87' lang='lat' dir='ltr'><strong>percussis</strong></span> <span class='ocrx_word' id='word_1_181' title='bbox 2113 1716 2405 1787; x_wconf 66' lang='lat' dir='ltr'><strong>Egyptiis,</strong></span> <span class='ocrx_word' id='word_1_182' title='bbox 2432 1725 2597 1788; x_wconf 88' lang='lat' dir='ltr'><strong>atque</strong></span> <span class='ocrx_word' id='word_1_183' title='bbox 2651 1717 2705 1772; x_wconf 91' lang='lat' dir='ltr'><strong>in</strong></span> <span class='ocrx_word' id='word_1_184' title='bbox 2761 1718 3040 1773; x_wconf 89' lang='lat' dir='ltr'><strong>desertum</strong></span> <span class='ocrx_word' id='word_1_185' title='bbox 3091 1721 3376 1784; x_wconf 89' lang='lat' dir='ltr'><strong>secedens,</strong></span> 
     </span>
    </p>
   </div>
   <div class='ocr_carea' id='block_1_32' title="bbox 1802 1811 3376 1881">
    <p class='ocr_par' dir='ltr' id='par_1_32' title="bbox 1802 1811 3376 1881">
     <span class='ocr_line' id='line_1_32' title="bbox 1802 1811 3376 1881; baseline 0.004 -21"><span class='ocrx_word' id='word_1_186' title='bbox 1802 1821 2218 1877; x_wconf 83' lang='lat' dir='ltr'><strong>conscensoque</strong></span> <span class='ocrx_word' id='word_1_187' title='bbox 2247 1817 2432 1864; x_wconf 89' lang='lat' dir='ltr'><strong>monte</strong></span> <span class='ocrx_word' id='word_1_188' title='bbox 2456 1811 2676 1865; x_wconf 65' lang='lat' dir='ltr'><strong>caelitus</strong></span> <span class='ocrx_word' id='word_1_189' title='bbox 2703 1811 2948 1881; x_wconf 88' lang='lat' dir='ltr'><strong>quidem,</strong></span> <span class='ocrx_word' id='word_1_190' title='bbox 2984 1823 3039 1866; x_wconf 89' lang='lat' dir='ltr'><strong>at</strong></span> <span class='ocrx_word' id='word_1_191' title='bbox 3074 1813 3128 1866; x_wconf 89' lang='lat' dir='ltr'><strong>in</strong></span> <span class='ocrx_word' id='word_1_192' title='bbox 3188 1814 3376 1867; x_wconf 78' lang='lat' dir='ltr'><strong>littera</strong></span> 
     </span>
    </p>
   </div>
   <div class='ocr_carea' id='block_1_33' title="bbox 131 1885 1692 1981">
    <p class='ocr_par' dir='ltr' id='par_1_33' title="bbox 131 1897 1691 1981">
     <span class='ocr_line' id='line_1_33' title="bbox 131 1897 1691 1981; baseline 0.002 -33"><span class='ocrx_word' id='word_1_193' title='bbox 131 1897 213 1949; x_wconf 84' lang='grc' dir='ltr'><strong>θεν</strong></span> <span class='ocrx_word' id='word_1_194' title='bbox 238 1897 421 1966; x_wconf 78' lang='grc' dir='ltr'>νόμον,</span> <span class='ocrx_word' id='word_1_195' title='bbox 455 1898 549 1951; x_wconf 77' lang='grc' dir='ltr'><strong>τὸν</strong></span> <span class='ocrx_word' id='word_1_196' title='bbox 598 1901 656 1952; x_wconf 75' lang='grc' dir='ltr'>ὲν</span> <span class='ocrx_word' id='word_1_197' title='bbox 693 1900 980 1970; x_wconf 81' lang='grc' dir='ltr'><strong>γράμματι</strong></span> <span class='ocrx_word' id='word_1_198' title='bbox 1014 1901 1099 1954; x_wconf 78' lang='grc' dir='ltr'>δέ’</span> <span class='ocrx_word' id='word_1_199' title='bbox 1132 1902 1227 1954; x_wconf 76' lang='grc' dir='ltr'>καὶ</span> <span class='ocrx_word' id='word_1_200' title='bbox 1261 1901 1540 1981; x_wconf 78' lang='grc' dir='ltr'>νομοθετεῖ</span> <span class='ocrx_word' id='word_1_201' title='bbox 1570 1900 1691 1969; x_wconf 86' lang='grc' dir='ltr'>μὲν,</span> 
     </span>
    </p>
   </div>
   <div class='ocr_carea' id='block_1_34' title="bbox 1803 1885 3377 1981">
    <p class='ocr_par' dir='ltr' id='par_1_34' title="bbox 1803 1899 3377 1973">
     <span class='ocr_line' id='line_1_34' title="bbox 1803 1899 3377 1973; baseline 0.006 -25"><span class='ocrx_word' id='word_1_202' title='bbox 1803 1905 1980 1952; x_wconf 86' lang='lat' dir='ltr'><strong>tamen</strong></span> <span class='ocrx_word' id='word_1_203' title='bbox 2013 1899 2245 1965; x_wconf 85' lang='lat' dir='ltr'><strong>positam</strong></span> <span class='ocrx_word' id='word_1_204' title='bbox 2273 1899 2468 1970; x_wconf 81' lang='lat' dir='ltr'><strong>Legem</strong></span> <span class='ocrx_word' id='word_1_205' title='bbox 2501 1902 2742 1971; x_wconf 87' lang='lat' dir='ltr'><strong>accepit;</strong></span> <span class='ocrx_word' id='word_1_206' title='bbox 2767 1916 2832 1956; x_wconf 88' lang='lat' dir='ltr'><strong>ac</strong></span> <span class='ocrx_word' id='word_1_207' title='bbox 2859 1902 2977 1966; x_wconf 78' lang='lat' dir='ltr'><strong>lege</strong></span> <span class='ocrx_word' id='word_1_208' title='bbox 3003 1902 3223 1973; x_wconf 80' lang='lat' dir='ltr'><strong>quidem</strong></span> <span class='ocrx_word' id='word_1_209' title='bbox 3257 1919 3377 1958; x_wconf 86' lang='lat' dir='ltr'><strong>san-</strong></span> 
     </span>
    </p>
   </div>
   <div class='ocr_carea' id='block_1_35' title="bbox 132 1988 1690 2063">
    <p class='ocr_par' dir='ltr' id='par_1_35' title="bbox 132 1988 1690 2063">
     <span class='ocr_line' id='line_1_35' title="bbox 132 1988 1690 2063; baseline 0.003 -23"><span class='ocrx_word' id='word_1_210' title='bbox 132 1990 270 2058; x_wconf 81' lang='grc' dir='ltr'>μόνῳ</span> <span class='ocrx_word' id='word_1_211' title='bbox 300 1988 379 2059; x_wconf 84' lang='grc' dir='ltr'><strong>τῷ</strong></span> <span class='ocrx_word' id='word_1_212' title='bbox 425 1990 642 2060; x_wconf 79' lang='grc' dir='ltr'>Ἰσραὴλ</span> <span class='ocrx_word' id='word_1_213' title='bbox 686 1992 742 2044; x_wconf 86' lang='grc' dir='ltr'><strong>δέ</strong></span> <span class='ocrx_word' id='word_1_214' title='bbox 763 2007 778 2020; x_wconf 83' lang='lat'><strong><em>°</em></strong></span> <span class='ocrx_word' id='word_1_215' title='bbox 829 1992 954 2044; x_wconf 88' lang='grc' dir='ltr'>ἀλλ’·</span> <span class='ocrx_word' id='word_1_216' title='bbox 977 1991 1296 2060; x_wconf 76' lang='grc' dir='ltr'>Αἰγυπτίοις</span> <span class='ocrx_word' id='word_1_217' title='bbox 1330 1992 1429 2061; x_wconf 76' lang='grc' dir='ltr'>μὲν</span> <span class='ocrx_word' id='word_1_218' title='bbox 1458 1995 1690 2063; x_wconf 78' lang='grc' dir='ltr'>νοητοῖς,</span> 
     </span>
    </p>
   </div>
   <div class='ocr_carea' id='block_1_36' title="bbox 129 2069 1696 2156">
    <p class='ocr_par' dir='ltr' id='par_1_36' title="bbox 129 2069 1696 2156">
     <span class='ocr_line' id='line_1_36' title="bbox 129 2069 1696 2156; baseline 0.004 -26"><span class='ocrx_word' id='word_1_219' title='bbox 129 2084 240 2141; x_wconf 82' lang='grc' dir='ltr'>ταῖς</span> <span class='ocrx_word' id='word_1_220' title='bbox 280 2082 769 2150; x_wconf 84' lang='grc' dir='ltr'>ἀντιτεταγμέναις</span> <span class='ocrx_word' id='word_1_221' title='bbox 801 2082 1084 2154; x_wconf 83' lang='grc' dir='ltr'>δυνάμεσι,</span> <span class='ocrx_word' id='word_1_222' title='bbox 1123 2086 1233 2156; x_wconf 54' lang='grc' dir='ltr'>καὶ</span> <span class='ocrx_word' id='word_1_223' title='bbox 1265 2069 1398 2139; x_wconf 81' lang='grc' dir='ltr'>πᾶσι</span> <span class='ocrx_word' id='word_1_224' title='bbox 1426 2072 1538 2148; x_wconf 84' lang='grc' dir='ltr'>τοῖς</span> <span class='ocrx_word' id='word_1_225' title='bbox 1564 2085 1696 2137; x_wconf 84' lang='grc' dir='ltr'>ἀσε-</span> 
     </span>
    </p>
   </div>
   <div class='ocr_carea' id='block_1_37' title="bbox 130 2171 1694 2246">
    <p class='ocr_par' dir='ltr' id='par_1_37' title="bbox 130 2171 1694 2246">
     <span class='ocr_line' id='line_1_37' title="bbox 130 2171 1694 2246; baseline 0.005 -24"><span class='ocrx_word' id='word_1_226' title='bbox 130 2173 271 2224; x_wconf 74' lang='grc' dir='ltr'>ὅέσιν</span> <span class='ocrx_word' id='word_1_227' title='bbox 293 2171 405 2225; x_wconf 76' lang='grc' dir='ltr'><strong>τῶν</strong></span> <span class='ocrx_word' id='word_1_228' title='bbox 431 2175 747 2243; x_wconf 73' lang='grc' dir='ltr'>Αἰγυπτίων</span> <span class='ocrx_word' id='word_1_229' title='bbox 785 2176 1253 2246; x_wconf 80' lang='grc' dir='ltr'>συμπλεκόμενος,</span> <span class='ocrx_word' id='word_1_230' title='bbox 1288 2178 1386 2230; x_wconf 77' lang='grc' dir='ltr'>καὶ</span> <span class='ocrx_word' id='word_1_231' title='bbox 1415 2176 1694 2245; x_wconf 84' lang='grc' dir='ltr'>κατακρά-</span> 
     </span>
    </p>
   </div>
   <div class='ocr_carea' id='block_1_38' title="bbox 128 2265 1692 2340">
    <p class='ocr_par' dir='ltr' id='par_1_38' title="bbox 128 2265 1692 2340">
     <span class='ocr_line' id='line_1_38' title="bbox 128 2265 1692 2340; baseline 0.002 -23"><span class='ocrx_word' id='word_1_232' title='bbox 128 2282 209 2328; x_wconf 84' lang='grc' dir='ltr'><strong>τος</strong></span> <span class='ocrx_word' id='word_1_233' title='bbox 236 2265 462 2327; x_wconf 77' lang='grc' dir='ltr'>τούτους</span> <span class='ocrx_word' id='word_1_234' title='bbox 509 2267 880 2340; x_wconf 75' lang='grc' dir='ltr'>τροπούμενος</span> <span class='ocrx_word' id='word_1_235' title='bbox 925 2268 1021 2320; x_wconf 76' lang='grc' dir='ltr'><strong>καὶ</strong></span> <span class='ocrx_word' id='word_1_236' title='bbox 1068 2266 1379 2340; x_wconf 85' lang='grc' dir='ltr'>καθαιρῶν·</span> <span class='ocrx_word' id='word_1_237' title='bbox 1416 2268 1692 2339; x_wconf 53' lang='lat' dir='ltr'><strong>climaci-</strong></span> 
     </span>
    </p>
   </div>
   <div class='ocr_carea' id='block_1_39' title="bbox 129 2335 1694 2430">
    <p class='ocr_par' dir='ltr' id='par_1_39' title="bbox 129 2335 1694 2430">
     <span class='ocr_line' id='line_1_39' title="bbox 129 2335 1694 2430; baseline 0.003 -22"><span class='ocrx_word' id='word_1_238' title='bbox 129 2358 271 2410; x_wconf 72' lang='grc' dir='ltr'>ὄειαν</span> <span class='ocrx_word' id='word_1_239' title='bbox 298 2358 354 2410; x_wconf 75' lang='grc' dir='ltr'>δὲ</span> <span class='ocrx_word' id='word_1_240' title='bbox 387 2335 566 2410; x_wconf 79' lang='grc' dir='ltr'>αὐτῶν</span> <span class='ocrx_word' id='word_1_241' title='bbox 595 2335 689 2412; x_wconf 58' lang='grc' dir='ltr'>καὶ</span> <span class='ocrx_word' id='word_1_242' title='bbox 722 2335 1028 2427; x_wconf 67' lang='grc' dir='ltr'><strong>⁷ἀσέλγειαν</strong></span> <span class='ocrx_word' id='word_1_243' title='bbox 1057 2335 1394 2430; x_wconf 76' lang='grc' dir='ltr'>ἀπημάντως</span> <span class='ocrx_word' id='word_1_244' title='bbox 1428 2335 1505 2422; x_wconf 79' lang='grc' dir='ltr'><strong>ὡς</strong></span> <span class='ocrx_word' id='word_1_245' title='bbox 1543 2355 1694 2430; x_wconf 80' lang='grc' dir='ltr'>Ἐρυο</span> 
     </span>
    </p>
   </div>
   <div class='ocr_carea' id='block_1_40' title="bbox 128 2451 1694 2522">
    <p class='ocr_par' dir='ltr' id='par_1_40' title="bbox 128 2451 1694 2522">
     <span class='ocr_line' id='line_1_40' title="bbox 128 2451 1694 2522; baseline 0.001 -20"><span class='ocrx_word' id='word_1_246' title='bbox 128 2452 357 2521; x_wconf 41' lang='grc' dir='ltr'>θράνιὲν</span> <span class='ocrx_word' id='word_1_247' title='bbox 403 2451 626 2522; x_wconf 81' lang='grc' dir='ltr'>Χριστῷ</span> <span class='ocrx_word' id='word_1_248' title='bbox 668 2451 843 2520; x_wconf 82' lang='grc' dir='ltr'>Ἰησοῦ</span> <span class='ocrx_word' id='word_1_249' title='bbox 892 2453 1104 2518; x_wconf 79' lang='grc' dir='ltr'>διαϐὰς,</span> <span class='ocrx_word' id='word_1_250' title='bbox 1139 2453 1233 2506; x_wconf 80' lang='grc' dir='ltr'>καὶ</span> <span class='ocrx_word' id='word_1_251' title='bbox 1277 2452 1413 2522; x_wconf 79' lang='grc' dir='ltr'>πρὸς</span> <span class='ocrx_word' id='word_1_252' title='bbox 1439 2454 1539 2522; x_wconf 81' lang='grc' dir='ltr'>τὴν</span> <span class='ocrx_word' id='word_1_253' title='bbox 1570 2454 1694 2522; x_wconf 77' lang='grc' dir='ltr'>ἠρε-</span> 
     </span>
    </p>
   </div>
   <div class='ocr_carea' id='block_1_41' title="bbox 131 2541 1693 2613">
    <p class='ocr_par' dir='ltr' id='par_1_41' title="bbox 131 2541 1693 2613">
     <span class='ocr_line' id='line_1_41' title="bbox 131 2541 1693 2613; baseline 0 -19"><span class='ocrx_word' id='word_1_254' title='bbox 131 2541 284 2608; x_wconf 83' lang='grc' dir='ltr'>μαίαν</span> <span class='ocrx_word' id='word_1_255' title='bbox 310 2542 406 2595; x_wconf 85' lang='grc' dir='ltr'>τοῦ</span> <span class='ocrx_word' id='word_1_256' title='bbox 433 2542 528 2595; x_wconf 82' lang='grc' dir='ltr'>νοῦ</span> <span class='ocrx_word' id='word_1_257' title='bbox 559 2542 895 2596; x_wconf 87' lang='grc' dir='ltr'>κατάστασιν</span> <span class='ocrx_word' id='word_1_258' title='bbox 927 2544 1020 2595; x_wconf 79' lang='grc' dir='ltr'>καὶ</span> <span class='ocrx_word' id='word_1_259' title='bbox 1050 2542 1326 2613; x_wconf 80' lang='grc' dir='ltr'>γαλήνιον,</span> <span class='ocrx_word' id='word_1_260' title='bbox 1359 2542 1435 2606; x_wconf 85' lang='grc' dir='ltr'>ὡς</span> <span class='ocrx_word' id='word_1_261' title='bbox 1483 2541 1693 2612; x_wconf 68' lang='grc' dir='ltr'>ἔρημον</span> 
     </span>
    </p>
   </div>
   <div class='ocr_carea' id='block_1_42' title="bbox 127 2633 1693 2707">
    <p class='ocr_par' dir='ltr' id='par_1_42' title="bbox 127 2633 1693 2707">
     <span class='ocr_line' id='line_1_42' title="bbox 127 2633 1693 2707; baseline 0.003 -22"><span class='ocrx_word' id='word_1_262' title='bbox 127 2636 479 2706; x_wconf 80' lang='grc' dir='ltr'>προσ-χωρῶν,</span> <span class='ocrx_word' id='word_1_263' title='bbox 528 2635 622 2688; x_wconf 74' lang='grc' dir='ltr'>καὶ</span> <span class='ocrx_word' id='word_1_264' title='bbox 663 2633 742 2705; x_wconf 81' lang='grc' dir='ltr'><strong>τῷ</strong></span> <span class='ocrx_word' id='word_1_265' title='bbox 794 2636 892 2704; x_wconf 83' lang='grc' dir='ltr'><strong>τῆς</strong></span> <span class='ocrx_word' id='word_1_266' title='bbox 931 2633 1209 2701; x_wconf 86' lang='grc' dir='ltr'>θεολογίας</span> <span class='ocrx_word' id='word_1_267' title='bbox 1243 2636 1693 2707; x_wconf 60' lang='grc' dir='ltr'>προσαναὼίνων</span> 
     </span>
    </p>
   </div>
   <div class='ocr_carea' id='block_1_43' title="bbox 125 2714 1694 2798">
    <p class='ocr_par' dir='ltr' id='par_1_43' title="bbox 125 2714 1694 2798">
     <span class='ocr_line' id='line_1_43' title="bbox 125 2714 1694 2798; baseline 0.003 -23"><span class='ocrx_word' id='word_1_268' title='bbox 125 2725 232 2793; x_wconf 81' lang='grc' dir='ltr'>δρει</span> <span class='ocrx_word' id='word_1_269' title='bbox 263 2726 441 2795; x_wconf 80' lang='grc' dir='ltr'>στόμα</span> <span class='ocrx_word' id='word_1_270' title='bbox 471 2727 612 2779; x_wconf 85' lang='grc' dir='ltr'>κατὰ</span> <span class='ocrx_word' id='word_1_271' title='bbox 655 2725 830 2795; x_wconf 83' lang='grc' dir='ltr'>στόμα</span> <span class='ocrx_word' id='word_1_272' title='bbox 873 2725 1168 2796; x_wconf 84' lang='grc' dir='ltr'>προσλα).εῖ</span> <span class='ocrx_word' id='word_1_273' title='bbox 1198 2714 1276 2796; x_wconf 70' lang='grc' dir='ltr'>τῷ</span> <span class='ocrx_word' id='word_1_274' title='bbox 1305 2727 1445 2798; x_wconf 80' lang='grc' dir='ltr'><strong>Θεῷ·</strong></span> <span class='ocrx_word' id='word_1_275' title='bbox 1482 2729 1576 2780; x_wconf 76' lang='grc' dir='ltr'>καὶ</span> <span class='ocrx_word' id='word_1_276' title='bbox 1602 2726 1694 2780; x_wconf 81' lang='grc' dir='ltr'><strong>τὸν</strong></span> 
     </span>
    </p>
   </div>
   <div class='ocr_carea' id='block_1_44' title="bbox 126 2815 1691 2888">
    <p class='ocr_par' dir='ltr' id='par_1_44' title="bbox 126 2815 1691 2888">
     <span class='ocr_line' id='line_1_44' title="bbox 126 2815 1691 2888; baseline 0.004 -23"><span class='ocrx_word' id='word_1_277' title='bbox 126 2815 280 2882; x_wconf 83' lang='grc' dir='ltr'>νόμον</span> <span class='ocrx_word' id='word_1_278' title='bbox 323 2817 540 2868; x_wconf 72' lang='grc' dir='ltr'>ἐκεῖθεν</span> <span class='ocrx_word' id='word_1_279' title='bbox 573 2815 633 2867; x_wconf 79' lang='grc' dir='ltr'><strong>οὐ</strong></span> <span class='ocrx_word' id='word_1_280' title='bbox 660 2816 752 2868; x_wconf 83' lang='grc' dir='ltr'>τοῦ</span> <span class='ocrx_word' id='word_1_281' title='bbox 783 2816 1133 2886; x_wconf 83' lang='grc' dir='ltr'>γράμματος,</span> <span class='ocrx_word' id='word_1_282' title='bbox 1161 2817 1296 2870; x_wconf 82' lang='grc' dir='ltr'>ἀλλὰ</span> <span class='ocrx_word' id='word_1_283' title='bbox 1323 2816 1417 2870; x_wconf 83' lang='grc' dir='ltr'>τοῦ</span> <span class='ocrx_word' id='word_1_284' title='bbox 1448 2818 1691 2888; x_wconf 86' lang='grc' dir='ltr'>πνεύμα-</span> 
     </span>
    </p>
   </div>
   <div class='ocr_carea' id='block_1_45' title="bbox 128 2891 1690 2980">
    <p class='ocr_par' dir='ltr' id='par_1_45' title="bbox 128 2891 1690 2980">
     <span class='ocr_line' id='line_1_45' title="bbox 128 2891 1690 2980; baseline 0.004 -24"><span class='ocrx_word' id='word_1_285' title='bbox 128 2922 207 2967; x_wconf 84' lang='grc' dir='ltr'><strong>τος</strong></span> <span class='ocrx_word' id='word_1_286' title='bbox 240 2891 651 2976; x_wconf 83' lang='grc' dir='ltr'>νομοθετεῖται·</span> <span class='ocrx_word' id='word_1_287' title='bbox 677 2908 775 2959; x_wconf 81' lang='grc' dir='ltr'><strong>καὶ</strong></span> <span class='ocrx_word' id='word_1_288' title='bbox 825 2907 1161 2978; x_wconf 79' lang='grc' dir='ltr'>ἱερουργίαν,</span> <span class='ocrx_word' id='word_1_289' title='bbox 1188 2909 1247 2961; x_wconf 82' lang='grc' dir='ltr'>οὐ</span> <span class='ocrx_word' id='word_1_290' title='bbox 1277 2909 1378 2980; x_wconf 78' lang='grc' dir='ltr'><strong>τὴν</strong></span> <span class='ocrx_word' id='word_1_291' title='bbox 1411 2910 1469 2961; x_wconf 77' lang='grc' dir='ltr'>ὲν</span> <span class='ocrx_word' id='word_1_292' title='bbox 1503 2907 1690 2972; x_wconf 85' lang='grc' dir='ltr'>τύποις</span> 
     </span>
    </p>
   </div>
   <div class='ocr_carea' id='block_1_46' title="bbox 124 2997 1695 3070">
    <p class='ocr_par' dir='ltr' id='par_1_46' title="bbox 124 2997 1695 3070">
     <span class='ocr_line' id='line_1_46' title="bbox 124 2997 1695 3070; baseline 0.004 -24"><span class='ocrx_word' id='word_1_293' title='bbox 124 3013 176 3046; x_wconf 90' lang='grc' dir='ltr'><strong>τε</strong></span> <span class='ocrx_word' id='word_1_294' title='bbox 228 3001 322 3049; x_wconf 72' lang='grc' dir='ltr'><strong>καὶ</strong></span> <span class='ocrx_word' id='word_1_295' title='bbox 359 3001 563 3061; x_wconf 84' lang='grc' dir='ltr'>σκιαῖς,</span> <span class='ocrx_word' id='word_1_296' title='bbox 592 2998 729 3051; x_wconf 88' lang='grc' dir='ltr'><strong>ἀλλά</strong></span> <span class='ocrx_word' id='word_1_297' title='bbox 757 2997 854 3068; x_wconf 77' lang='grc' dir='ltr'><strong>τὴν</strong></span> <span class='ocrx_word' id='word_1_298' title='bbox 907 3003 963 3052; x_wconf 76' lang='grc' dir='ltr'>ὲν</span> <span class='ocrx_word' id='word_1_299' title='bbox 992 2999 1220 3070; x_wconf 78' lang='grc' dir='ltr'><strong>ἀληθείᾳ</strong></span> <span class='ocrx_word' id='word_1_300' title='bbox 1274 3000 1371 3052; x_wconf 79' lang='grc' dir='ltr'>καὶ</span> <span class='ocrx_word' id='word_1_301' title='bbox 1422 2998 1695 3070; x_wconf 82' lang='grc' dir='ltr'>πνεύματι</span> 
     </span>
    </p>
   </div>
   <div class='ocr_carea' id='block_1_47' title="bbox 125 3086 1698 3160">
    <p class='ocr_par' dir='ltr' id='par_1_47' title="bbox 125 3086 1698 3160">
     <span class='ocr_line' id='line_1_47' title="bbox 125 3086 1698 3160; baseline 0.004 -23"><span class='ocrx_word' id='word_1_302' title='bbox 125 3086 499 3157; x_wconf 82' lang='grc' dir='ltr'>θεωρουμένην</span> <span class='ocrx_word' id='word_1_303' title='bbox 520 3087 1014 3158; x_wconf 77' lang='grc' dir='ltr'>’μυσταγωγηθεὶς,</span> <span class='ocrx_word' id='word_1_304' title='bbox 1043 3089 1103 3141; x_wconf 83' lang='grc' dir='ltr'><strong>οὐ</strong></span> <span class='ocrx_word' id='word_1_305' title='bbox 1136 3091 1203 3160; x_wconf 76' lang='grc' dir='ltr'>τῇ</span> <span class='ocrx_word' id='word_1_306' title='bbox 1231 3089 1353 3142; x_wconf 89' lang='grc' dir='ltr'>κατ’</span> <span class='ocrx_word' id='word_1_307' title='bbox 1380 3089 1546 3143; x_wconf 79' lang='grc' dir='ltr'>αὑτὸν</span> <span class='ocrx_word' id='word_1_308' title='bbox 1576 3090 1698 3143; x_wconf 83' lang='grc' dir='ltr'><strong>Ἐκ-</strong></span> 
     </span>
    </p>
   </div>
   <div class='ocr_carea' id='block_1_48' title="bbox 125 3178 1692 3252">
    <p class='ocr_par' dir='ltr' id='par_1_48' title="bbox 125 3178 1692 3252">
     <span class='ocr_line' id='line_1_48' title="bbox 125 3178 1692 3252; baseline 0.005 -26"><span class='ocrx_word' id='word_1_309' title='bbox 125 3178 315 3247; x_wconf 64' lang='grc' dir='ltr'>κλησίᾳ</span> <span class='ocrx_word' id='word_1_310' title='bbox 346 3180 529 3248; x_wconf 85' lang='grc' dir='ltr'>μόνον,</span> <span class='ocrx_word' id='word_1_311' title='bbox 567 3179 702 3231; x_wconf 83' lang='grc' dir='ltr'><strong>ἀλλά</strong></span> <span class='ocrx_word' id='word_1_312' title='bbox 732 3182 797 3250; x_wconf 78' lang='grc' dir='ltr'>τῇ</span> <span class='ocrx_word' id='word_1_313' title='bbox 831 3179 1093 3251; x_wconf 79' lang='grc' dir='ltr'>καθολικῇ</span> <span class='ocrx_word' id='word_1_314' title='bbox 1132 3180 1432 3250; x_wconf 87' lang='grc' dir='ltr'>νομοθετεῖ.</span> <span class='ocrx_word' id='word_1_315' title='bbox 1465 3182 1575 3236; x_wconf 74' lang='grc' dir='ltr'>Καὶ</span> <span class='ocrx_word' id='word_1_316' title='bbox 1593 3184 1692 3252; x_wconf 84' lang='grc' dir='ltr'><strong>οὐχ</strong></span> 
     </span>
    </p>
   </div>
   <div class='ocr_carea' id='block_1_49' title="bbox 124 3270 1691 3350">
    <p class='ocr_par' dir='ltr' id='par_1_49' title="bbox 124 3270 1691 3350">
     <span class='ocr_line' id='line_1_49' title="bbox 124 3270 1691 3350; baseline 0.006 -32"><span class='ocrx_word' id='word_1_317' title='bbox 124 3270 196 3319; x_wconf 76' lang='grc' dir='ltr'>ἑνὶ</span> <span class='ocrx_word' id='word_1_318' title='bbox 221 3270 384 3339; x_wconf 88' lang='grc' dir='ltr'>μόνον</span> <span class='ocrx_word' id='word_1_319' title='bbox 409 3271 576 3336; x_wconf 74' lang='grc' dir='ltr'>ἔθνει,</span> <span class='ocrx_word' id='word_1_320' title='bbox 601 3272 695 3324; x_wconf 80' lang='grc' dir='ltr'>καὶ</span> <span class='ocrx_word' id='word_1_321' title='bbox 726 3270 900 3341; x_wconf 86' lang='grc' dir='ltr'>τούτῳ</span> <span class='ocrx_word' id='word_1_322' title='bbox 937 3271 1118 3344; x_wconf 86' lang='grc' dir='ltr'>μικρῷ</span> <span class='ocrx_word' id='word_1_323' title='bbox 1145 3273 1241 3327; x_wconf 72' lang='grc' dir='ltr'><strong>καὶ</strong></span> <span class='ocrx_word' id='word_1_324' title='bbox 1276 3273 1446 3342; x_wconf 82' lang='grc' dir='ltr'>ὁρίοις</span> <span class='ocrx_word' id='word_1_325' title='bbox 1474 3276 1691 3350; x_wconf 80' lang='grc' dir='ltr'>μικροῖς</span> 
     </span>
    </p>
   </div>
   <div class='ocr_carea' id='block_1_50' title="bbox 121 3353 1694 3437">
    <p class='ocr_par' dir='ltr' id='par_1_50' title="bbox 121 3353 1694 3437">
     <span class='ocr_line' id='line_1_50' title="bbox 121 3353 1694 3437; baseline 0.005 -26"><span class='ocrx_word' id='word_1_326' title='bbox 121 3353 505 3433; x_wconf 75' lang='grc' dir='ltr'>διὲιλημμὲνῳ,</span> <span class='ocrx_word' id='word_1_327' title='bbox 544 3365 610 3434; x_wconf 75' lang='grc' dir='ltr'>τῇ</span> <span class='ocrx_word' id='word_1_328' title='bbox 651 3363 945 3435; x_wconf 73' lang='grc' dir='ltr'>οἰκουμένῃ</span> <span class='ocrx_word' id='word_1_329' title='bbox 977 3363 1035 3417; x_wconf 80' lang='grc' dir='ltr'>δὲ</span> <span class='ocrx_word' id='word_1_330' title='bbox 1075 3365 1248 3437; x_wconf 78' lang='grc' dir='ltr'>πάσῃ,</span> <span class='ocrx_word' id='word_1_331' title='bbox 1285 3366 1378 3418; x_wconf 76' lang='grc' dir='ltr'>καὶ</span> <span class='ocrx_word' id='word_1_332' title='bbox 1423 3365 1587 3419; x_wconf 76' lang='grc' dir='ltr'>παντὶ</span> <span class='ocrx_word' id='word_1_333' title='bbox 1616 3365 1694 3436; x_wconf 83' lang='grc' dir='ltr'>τῷ</span> 
     </span>
    </p>
   </div>
   <div class='ocr_carea' id='block_1_51' title="bbox 123 3452 1691 3525">
    <p class='ocr_par' dir='ltr' id='par_1_51' title="bbox 123 3452 1691 3525">
     <span class='ocr_line' id='line_1_51' title="bbox 123 3452 1691 3525; baseline 0.003 -20"><span class='ocrx_word' id='word_1_334' title='bbox 123 3453 496 3524; x_wconf 84' lang='grc' dir='ltr'>Χριστωνύμῳ</span> <span class='ocrx_word' id='word_1_335' title='bbox 544 3452 869 3524; x_wconf 82' lang='grc' dir='ltr'>πληρώματι</span> <span class='ocrx_word' id='word_1_336' title='bbox 920 3456 1198 3525; x_wconf 86' lang='grc' dir='ltr'>μυστικῶς</span> <span class='ocrx_word' id='word_1_337' title='bbox 1253 3458 1553 3511; x_wconf 77' lang='grc' dir='ltr'>ἐπιστατεῖ·</span> <span class='ocrx_word' id='word_1_338' title='bbox 1593 3457 1691 3511; x_wconf 81' lang='grc' dir='ltr'>καὶ</span> 
     </span>
    </p>
   </div>
   <div class='ocr_carea' id='block_1_52' title="bbox 122 3541 1693 3619">
    <p class='ocr_par' dir='ltr' id='par_1_52' title="bbox 122 3541 1693 3619">
     <span class='ocr_line' id='line_1_52' title="bbox 122 3541 1693 3619; baseline 0.006 -27"><span class='ocrx_word' id='word_1_339' title='bbox 122 3541 346 3612; x_wconf 80' lang='grc' dir='ltr'>διαθήκη</span> <span class='ocrx_word' id='word_1_340' title='bbox 367 3545 551 3614; x_wconf 80' lang='grc' dir='ltr'>καινὴ.</span> <span class='ocrx_word' id='word_1_341' title='bbox 579 3546 676 3598; x_wconf 77' lang='grc' dir='ltr'>καὶ</span> <span class='ocrx_word' id='word_1_342' title='bbox 703 3544 997 3616; x_wconf 73' lang='grc' dir='ltr'>παράδοσις</span> <span class='ocrx_word' id='word_1_343' title='bbox 1029 3548 1383 3619; x_wconf 81' lang='grc' dir='ltr'>ἀποστολικὴ,</span> <span class='ocrx_word' id='word_1_344' title='bbox 1409 3548 1506 3601; x_wconf 75' lang='grc' dir='ltr'><strong>καὶ</strong></span> <span class='ocrx_word' id='word_1_345' title='bbox 1530 3547 1693 3618; x_wconf 87' lang='grc' dir='ltr'>νόμος</span> 
     </span>
    </p>
   </div>
   <div class='ocr_carea' id='block_1_53' title="bbox 123 3637 1689 3712">
    <p class='ocr_par' dir='ltr' id='par_1_53' title="bbox 123 3637 1689 3712">
     <span class='ocr_line' id='line_1_53' title="bbox 123 3637 1689 3712; baseline 0.001 -23"><span class='ocrx_word' id='word_1_346' title='bbox 123 3637 394 3706; x_wconf 72' lang='grc' dir='ltr'>ἀληθείας,</span> <span class='ocrx_word' id='word_1_347' title='bbox 437 3641 546 3692; x_wconf 78' lang='grc' dir='ltr'>πᾶν</span> <span class='ocrx_word' id='word_1_348' title='bbox 568 3639 629 3692; x_wconf 80' lang='grc' dir='ltr'>τὸ</span> <span class='ocrx_word' id='word_1_349' title='bbox 658 3640 788 3710; x_wconf 76' lang='grc' dir='ltr'>παρ’</span> <span class='ocrx_word' id='word_1_350' title='bbox 822 3639 1033 3693; x_wconf 70' lang='grc' dir='ltr'>ἐκείνου</span> <span class='ocrx_word' id='word_1_351' title='bbox 1065 3640 1275 3710; x_wconf 80' lang='grc' dir='ltr'>λεχθὲν,</span> <span class='ocrx_word' id='word_1_352' title='bbox 1302 3640 1336 3710; x_wconf 78' lang='grc' dir='ltr'>ἢ</span> <span class='ocrx_word' id='word_1_353' title='bbox 1367 3641 1689 3712; x_wconf 78' lang='grc' dir='ltr'>παραδοθὲν,</span> 
     </span>
    </p>
   </div>
   <div class='ocr_carea' id='block_1_54' title="bbox 121 3728 1688 3802">
    <p class='ocr_par' dir='ltr' id='par_1_54' title="bbox 121 3728 1688 3802">
     <span class='ocr_line' id='line_1_54' title="bbox 121 3728 1688 3802; baseline 0.005 -24"><span class='ocrx_word' id='word_1_354' title='bbox 121 3729 176 3778; x_wconf 77' lang='grc' dir='ltr'><strong>οὐ</strong></span> <span class='ocrx_word' id='word_1_355' title='bbox 205 3731 316 3794; x_wconf 86' lang='grc' dir='ltr'>τοῖς</span> <span class='ocrx_word' id='word_1_356' title='bbox 358 3728 770 3802; x_wconf 77' lang='grc' dir='ltr'>’Δλεξανδρεῦσι</span> <span class='ocrx_word' id='word_1_357' title='bbox 802 3731 1004 3801; x_wconf 85' lang='grc' dir='ltr'>μόνοις,</span> <span class='ocrx_word' id='word_1_358' title='bbox 1037 3731 1176 3784; x_wconf 84' lang='grc' dir='ltr'><strong>ἀλλά</strong></span> <span class='ocrx_word' id='word_1_359' title='bbox 1197 3732 1291 3785; x_wconf 80' lang='grc' dir='ltr'>καὶ</span> <span class='ocrx_word' id='word_1_360' title='bbox 1324 3731 1524 3796; x_wconf 88' lang='grc' dir='ltr'>πάσαις</span> <span class='ocrx_word' id='word_1_361' title='bbox 1551 3731 1688 3786; x_wconf 82' lang='grc' dir='ltr'>καθ-</span> 
     </span>
    </p>
   </div>
   <div class='ocr_carea' id='block_1_55' title="bbox 124 3816 1353 3892">
    <p class='ocr_par' dir='ltr' id='par_1_55' title="bbox 124 3816 1353 3892">
     <span class='ocr_line' id='line_1_55' title="bbox 124 3816 1353 3892; baseline 0.005 -24"><span class='ocrx_word' id='word_1_362' title='bbox 124 3816 235 3870; x_wconf 85' lang='grc' dir='ltr'>όλου</span> <span class='ocrx_word' id='word_1_363' title='bbox 262 3820 384 3882; x_wconf 89' lang='grc' dir='ltr'>ταῖς</span> <span class='ocrx_word' id='word_1_364' title='bbox 411 3821 585 3888; x_wconf 75' lang='grc' dir='ltr'>ἱεραῖς</span> <span class='ocrx_word' id='word_1_365' title='bbox 631 3818 981 3888; x_wconf 86' lang='grc' dir='ltr'>Ἐκκλησίαις</span> <span class='ocrx_word' id='word_1_366' title='bbox 1009 3821 1353 3892; x_wconf 71' lang='grc' dir='ltr'>χρηματίζει.</span> 
     </span>
    </p>
   </div>
   <div class='ocr_carea' id='block_1_56' title="bbox 203 3909 1690 3983">
    <p class='ocr_par' dir='ltr' id='par_1_56' title="bbox 203 3909 1690 3983">
     <span class='ocr_line' id='line_1_56' title="bbox 203 3909 1690 3983; baseline 0.003 -22"><span class='ocrx_word' id='word_1_367' title='bbox 203 3909 357 3963; x_wconf 79' lang='grc' dir='ltr'>Ἐπεὶ</span> <span class='ocrx_word' id='word_1_368' title='bbox 395 3909 457 3963; x_wconf 73' lang='grc' dir='ltr'>δὶ</span> <span class='ocrx_word' id='word_1_369' title='bbox 502 3910 705 3973; x_wconf 78' lang='grc' dir='ltr'>πάσαις</span> <span class='ocrx_word' id='word_1_370' title='bbox 746 3910 850 3980; x_wconf 81' lang='grc' dir='ltr'>μὲν</span> <span class='ocrx_word' id='word_1_371' title='bbox 896 3912 1286 3977; x_wconf 84' lang='grc' dir='ltr'>ἀποστολικαῖς</span> <span class='ocrx_word' id='word_1_372' title='bbox 1315 3912 1690 3983; x_wconf 84' lang='grc' dir='ltr'>θεοσημείαις,</span> 
     </span>
    </p>
   </div>
   <div class='ocr_carea' id='block_1_57' title="bbox 1801 1988 3376 2065">
    <p class='ocr_par' dir='ltr' id='par_1_57' title="bbox 1801 1988 3376 2065">
     <span class='ocr_line' id='line_1_57' title="bbox 1801 1988 3376 2065; baseline 0.006 -25"><span class='ocrx_word' id='word_1_373' title='bbox 1801 1988 1895 2053; x_wconf 76' lang='lat' dir='ltr'><strong>&#39;cit,</strong></span> <span class='ocrx_word' id='word_1_374' title='bbox 1929 2005 2118 2044; x_wconf 85' lang='lat' dir='ltr'><strong>verum</strong></span> <span class='ocrx_word' id='word_1_375' title='bbox 2170 1991 2272 2046; x_wconf 87' lang='lat' dir='ltr'><strong>soli</strong></span> <span class='ocrx_word' id='word_1_376' title='bbox 2310 1990 2495 2047; x_wconf 89' lang='lat' dir='ltr'><strong>lsraeli</strong></span> <span class='ocrx_word' id='word_1_377' title='bbox 2527 2011 2540 2046; x_wconf 91' lang='lat'><strong>:</strong></span> <span class='ocrx_word' id='word_1_378' title='bbox 2575 1993 2824 2062; x_wconf 89' lang='lat' dir='ltr'><strong>quinimo</strong></span> <span class='ocrx_word' id='word_1_379' title='bbox 2865 2009 2989 2051; x_wconf 90' lang='lat' dir='ltr'><strong>cum</strong></span> <span class='ocrx_word' id='word_1_380' title='bbox 3027 1995 3376 2065; x_wconf 84' lang='lat' dir='ltr'><strong>spiritalibus</strong></span> 
     </span>
    </p>
   </div>
   <div class='ocr_carea' id='block_1_58' title="bbox 1804 2081 3379 2157">
    <p class='ocr_par' dir='ltr' id='par_1_58' title="bbox 1804 2081 3379 2157">
     <span class='ocr_line' id='line_1_58' title="bbox 1804 2081 3379 2157; baseline 0.005 -20"><span class='ocrx_word' id='word_1_381' title='bbox 1804 2081 2072 2156; x_wconf 67' lang='lat' dir='ltr'><strong>Egyptiis</strong></span> <span class='ocrx_word' id='word_1_382' title='bbox 2107 2086 2462 2152; x_wconf 87' lang='lat' dir='ltr'><strong>(adversariis</strong></span> <span class='ocrx_word' id='word_1_383' title='bbox 2490 2088 2703 2143; x_wconf 77' lang='lat' dir='ltr'><strong>scilicet</strong></span> <span class='ocrx_word' id='word_1_384' title='bbox 2735 2090 3099 2157; x_wconf 84' lang='lat' dir='ltr'><strong>potestatibus</strong></span> <span class='ocrx_word' id='word_1_385' title='bbox 3130 2090 3379 2145; x_wconf 76' lang='lat' dir='ltr'><strong>cunetis~</strong></span> 
     </span>
    </p>
   </div>
   <div class='ocr_carea' id='block_1_59' title="bbox 1803 2173 3380 2249">
    <p class='ocr_par' dir='ltr' id='par_1_59' title="bbox 1803 2173 3380 2249">
     <span class='ocr_line' id='line_1_59' title="bbox 1803 2173 3380 2249; baseline 0.004 -22"><span class='ocrx_word' id='word_1_386' title='bbox 1803 2188 1910 2242; x_wconf 92' lang='lat' dir='ltr'><strong>que</strong></span> <span class='ocrx_word' id='word_1_387' title='bbox 1939 2173 2322 2245; x_wconf 63' lang='lat' dir='ltr'><strong>Egyptiorum</strong></span> <span class='ocrx_word' id='word_1_388' title='bbox 2354 2175 2560 2246; x_wconf 84' lang='lat' dir='ltr'><strong>impiis)</strong></span> <span class='ocrx_word' id='word_1_389' title='bbox 2583 2191 2937 2246; x_wconf 84' lang='lat' dir='ltr'><strong>congressus,</strong></span> <span class='ocrx_word' id='word_1_390' title='bbox 2969 2179 3143 2248; x_wconf 84' lang='lat' dir='ltr'><strong>iisque</strong></span> <span class='ocrx_word' id='word_1_391' title='bbox 3163 2181 3380 2249; x_wconf 81' lang='lat' dir='ltr'><strong>penitus</strong></span> 
     </span>
    </p>
   </div>
   <div class='ocr_carea' id='block_1_60' title="bbox 1805 2263 3380 2335">
    <p class='ocr_par' dir='ltr' id='par_1_60' title="bbox 1805 2263 3380 2335">
     <span class='ocr_line' id='line_1_60' title="bbox 1805 2263 3380 2335; baseline 0.003 -18"><span class='ocrx_word' id='word_1_392' title='bbox 1805 2263 1944 2318; x_wconf 80' lang='lat' dir='ltr'><strong>fusis</strong></span> <span class='ocrx_word' id='word_1_393' title='bbox 1979 2279 2042 2317; x_wconf 86' lang='lat' dir='ltr'><strong>ac</strong></span> <span class='ocrx_word' id='word_1_394' title='bbox 2103 2263 2427 2334; x_wconf 79' lang='lat' dir='ltr'><strong>proﬂigatis,</strong></span> <span class='ocrx_word' id='word_1_395' title='bbox 2479 2278 2692 2319; x_wconf 84' lang='lat' dir='ltr'><strong>necnon</strong></span> <span class='ocrx_word' id='word_1_396' title='bbox 2751 2265 2968 2319; x_wconf 90' lang='lat' dir='ltr'><strong>illorum</strong></span> <span class='ocrx_word' id='word_1_397' title='bbox 3011 2266 3291 2335; x_wconf 84' lang='lat' dir='ltr'><strong>impietate</strong></span> <span class='ocrx_word' id='word_1_398' title='bbox 3316 2282 3380 2322; x_wconf 90' lang='lat' dir='ltr'><strong>ac</strong></span> 
     </span>
    </p>
   </div>
   <div class='ocr_carea' id='block_1_61' title="bbox 1805 2352 3376 2418">
    <p class='ocr_par' dir='ltr' id='par_1_61' title="bbox 1805 2352 3376 2418">
     <span class='ocr_line' id='line_1_61' title="bbox 1805 2352 3376 2418; baseline 0.004 -13"><span class='ocrx_word' id='word_1_399' title='bbox 1805 2353 2050 2418; x_wconf 80' lang='lat' dir='ltr'><strong>lascivia,</strong></span> <span class='ocrx_word' id='word_1_400' title='bbox 2087 2353 2264 2410; x_wconf 89' lang='lat' dir='ltr'><strong>instar</strong></span> <span class='ocrx_word' id='word_1_401' title='bbox 2290 2353 2457 2410; x_wconf 86' lang='lat' dir='ltr'><strong>maris</strong></span> <span class='ocrx_word' id='word_1_402' title='bbox 2480 2352 2652 2409; x_wconf 81' lang='lat' dir='ltr'><strong>Rubri</strong></span> <span class='ocrx_word' id='word_1_403' title='bbox 2678 2357 2898 2412; x_wconf 81' lang='lat' dir='ltr'><strong>innoxie</strong></span> <span class='ocrx_word' id='word_1_404' title='bbox 2925 2358 2978 2410; x_wconf 90' lang='lat' dir='ltr'><strong>in</strong></span> <span class='ocrx_word' id='word_1_405' title='bbox 3001 2356 3220 2413; x_wconf 85' lang='lat' dir='ltr'><strong>Christo</strong></span> <span class='ocrx_word' id='word_1_406' title='bbox 3249 2356 3376 2412; x_wconf 82' lang='lat' dir='ltr'><strong>Jesu</strong></span> 
     </span>
    </p>
   </div>
   <div class='ocr_carea' id='block_1_62' title="bbox 1803 2446 3374 2520">
    <p class='ocr_par' dir='ltr' id='par_1_62' title="bbox 1803 2446 3374 2520">
     <span class='ocr_line' id='line_1_62' title="bbox 1803 2446 3374 2520; baseline 0.004 -22"><span class='ocrx_word' id='word_1_407' title='bbox 1803 2452 2088 2513; x_wconf 88' lang='lat' dir='ltr'><strong>superata;</strong></span> <span class='ocrx_word' id='word_1_408' title='bbox 2124 2446 2381 2516; x_wconf 87' lang='lat' dir='ltr'><strong>velutque</strong></span> <span class='ocrx_word' id='word_1_409' title='bbox 2433 2448 2486 2500; x_wconf 89' lang='lat' dir='ltr'><strong>in</strong></span> <span class='ocrx_word' id='word_1_410' title='bbox 2527 2446 2833 2515; x_wconf 83' lang='lat' dir='ltr'><strong>desertum,</strong></span> <span class='ocrx_word' id='word_1_411' title='bbox 2886 2449 2951 2504; x_wconf 90' lang='lat' dir='ltr'><strong>ad</strong></span> <span class='ocrx_word' id='word_1_412' title='bbox 3019 2452 3374 2520; x_wconf 88' lang='lat' dir='ltr'><strong>tranquillum</strong></span> 
     </span>
    </p>
   </div>
   <div class='ocr_carea' id='block_1_63' title="bbox 1801 2540 3378 2612">
    <p class='ocr_par' dir='ltr' id='par_1_63' title="bbox 1801 2540 3378 2612">
     <span class='ocr_line' id='line_1_63' title="bbox 1801 2540 3378 2612; baseline 0.003 -23"><span class='ocrx_word' id='word_1_413' title='bbox 1801 2540 2002 2592; x_wconf 86' lang='lat' dir='ltr'><strong>mentis</strong></span> <span class='ocrx_word' id='word_1_414' title='bbox 2030 2545 2230 2592; x_wconf 88' lang='lat' dir='ltr'><strong>statum</strong></span> <span class='ocrx_word' id='word_1_415' title='bbox 2264 2540 2618 2610; x_wconf 87' lang='lat' dir='ltr'><strong>quietumque</strong></span> <span class='ocrx_word' id='word_1_416' title='bbox 2649 2541 2930 2604; x_wconf 80' lang='lat' dir='ltr'><strong>secedens,</strong></span> <span class='ocrx_word' id='word_1_417' title='bbox 2962 2549 3188 2612; x_wconf 80' lang='lat' dir='ltr'><strong>tumque</strong></span> <span class='ocrx_word' id='word_1_418' title='bbox 3211 2547 3378 2598; x_wconf 65' lang='lat' dir='ltr'><strong>abun.</strong></span> 
     </span>
    </p>
   </div>
   <div class='ocr_carea' id='block_1_64' title="bbox 1802 2621 3375 2698">
    <p class='ocr_par' dir='ltr' id='par_1_64' title="bbox 1802 2621 3375 2698">
     <span class='ocr_line' id='line_1_64' title="bbox 1802 2621 3375 2698; baseline 0.006 -18"><span class='ocrx_word' id='word_1_419' title='bbox 1802 2626 1870 2680; x_wconf 87' lang='lat' dir='ltr'><strong>de</strong></span> <span class='ocrx_word' id='word_1_420' title='bbox 1905 2642 2210 2683; x_wconf 84' lang='lat' dir='ltr'><strong>conscenso</strong></span> <span class='ocrx_word' id='word_1_421' title='bbox 2247 2630 2533 2698; x_wconf 72' lang='lat' dir='ltr'><strong>theologia:</strong></span> <span class='ocrx_word' id='word_1_422' title='bbox 2560 2639 2764 2694; x_wconf 88' lang='lat' dir='ltr'><strong>monte,</strong></span> <span class='ocrx_word' id='word_1_423' title='bbox 2799 2647 2893 2692; x_wconf 88' lang='lat' dir='ltr'><strong>ore</strong></span> <span class='ocrx_word' id='word_1_424' title='bbox 2923 2621 3080 2687; x_wconf 75' lang='lat' dir='ltr'><strong>ados</strong></span> <span class='ocrx_word' id='word_1_425' title='bbox 3114 2650 3236 2688; x_wconf 88' lang='lat' dir='ltr'><strong>cum</strong></span> <span class='ocrx_word' id='word_1_426' title='bbox 3267 2635 3375 2690; x_wconf 90' lang='lat' dir='ltr'><strong>Deo</strong></span> 
     </span>
    </p>
   </div>
   <div class='ocr_carea' id='block_1_65' title="bbox 1802 2723 3380 2799">
    <p class='ocr_par' dir='ltr' id='par_1_65' title="bbox 1802 2723 3380 2799">
     <span class='ocr_line' id='line_1_65' title="bbox 1802 2723 3380 2799; baseline 0.007 -28"><span class='ocrx_word' id='word_1_427' title='bbox 1802 2734 2086 2775; x_wconf 87' lang='lat' dir='ltr'><strong>sermones</strong></span> <span class='ocrx_word' id='word_1_428' title='bbox 2146 2723 2370 2788; x_wconf 91' lang='lat' dir='ltr'><strong>miscet;</strong></span> <span class='ocrx_word' id='word_1_429' title='bbox 2416 2723 2652 2792; x_wconf 88' lang='lat' dir='ltr'><strong>indeque</strong></span> <span class='ocrx_word' id='word_1_430' title='bbox 2693 2737 2799 2777; x_wconf 92' lang='lat' dir='ltr'><strong>non</strong></span> <span class='ocrx_word' id='word_1_431' title='bbox 2859 2725 3076 2791; x_wconf 69' lang='lat' dir='ltr'><strong>litteraa,</strong></span> <span class='ocrx_word' id='word_1_432' title='bbox 3115 2729 3212 2782; x_wconf 83' lang='lat' dir='ltr'><strong>sed</strong></span> <span class='ocrx_word' id='word_1_433' title='bbox 3269 2733 3380 2799; x_wconf 89' lang='lat' dir='ltr'><strong>spi-</strong></span> 
     </span>
    </p>
   </div>
   <div class='ocr_carea' id='block_1_66' title="bbox 1799 2812 3372 2885">
    <p class='ocr_par' dir='ltr' id='par_1_66' title="bbox 1799 2812 3372 2885">
     <span class='ocr_line' id='line_1_66' title="bbox 1799 2812 3372 2885; baseline 0.008 -21"><span class='ocrx_word' id='word_1_434' title='bbox 1799 2812 1941 2867; x_wconf 87' lang='lat' dir='ltr'><strong>ritus</strong></span> <span class='ocrx_word' id='word_1_435' title='bbox 1974 2812 2146 2883; x_wconf 83' lang='lat' dir='ltr'><strong>legem</strong></span> <span class='ocrx_word' id='word_1_436' title='bbox 2182 2814 2446 2882; x_wconf 89' lang='lat' dir='ltr'><strong>docetur;</strong></span> <span class='ocrx_word' id='word_1_437' title='bbox 2495 2830 2823 2885; x_wconf 83' lang='lat' dir='ltr'><strong>sacramque</strong></span> <span class='ocrx_word' id='word_1_438' title='bbox 2867 2817 3230 2885; x_wconf 85' lang='lat' dir='ltr'><strong>lunctionem,</strong></span> <span class='ocrx_word' id='word_1_439' title='bbox 3266 2839 3372 2877; x_wconf 89' lang='lat' dir='ltr'><strong>non</strong></span> 
     </span>
    </p>
   </div>
   <div class='ocr_carea' id='block_1_67' title="bbox 1799 2904 3379 2981">
    <p class='ocr_par' dir='ltr' id='par_1_67' title="bbox 1799 2904 3379 2981">
     <span class='ocr_line' id='line_1_67' title="bbox 1799 2904 3379 2981; baseline 0.007 -25"><span class='ocrx_word' id='word_1_440' title='bbox 1799 2919 1919 2973; x_wconf 74' lang='lat' dir='ltr'><strong>qua:</strong></span> <span class='ocrx_word' id='word_1_441' title='bbox 1950 2904 2004 2957; x_wconf 89' lang='lat' dir='ltr'><strong>in</strong></span> <span class='ocrx_word' id='word_1_442' title='bbox 2048 2905 2237 2974; x_wconf 83' lang='lat' dir='ltr'><strong>ﬁguris</strong></span> <span class='ocrx_word' id='word_1_443' title='bbox 2267 2914 2322 2960; x_wconf 91' lang='lat' dir='ltr'><strong>et</strong></span> <span class='ocrx_word' id='word_1_444' title='bbox 2372 2906 2618 2969; x_wconf 85' lang='lat' dir='ltr'><strong>umbris.</strong></span> <span class='ocrx_word' id='word_1_445' title='bbox 2675 2909 2771 2962; x_wconf 91' lang='lat' dir='ltr'><strong>sed</strong></span> <span class='ocrx_word' id='word_1_446' title='bbox 2799 2924 2919 2977; x_wconf 56' lang='lat' dir='ltr'><strong>qua;</strong></span> <span class='ocrx_word' id='word_1_447' title='bbox 2978 2910 3032 2963; x_wconf 91' lang='lat' dir='ltr'><strong>in</strong></span> <span class='ocrx_word' id='word_1_448' title='bbox 3089 2912 3284 2981; x_wconf 79' lang='lat' dir='ltr'><strong>Spiritu</strong></span> <span class='ocrx_word' id='word_1_449' title='bbox 3323 2924 3379 2967; x_wconf 90' lang='lat' dir='ltr'><strong>et</strong></span> 
     </span>
    </p>
   </div>
   <div class='ocr_carea' id='block_1_68' title="bbox 1799 2993 3373 3068">
    <p class='ocr_par' dir='ltr' id='par_1_68' title="bbox 1799 2993 3373 3068">
     <span class='ocr_line' id='line_1_68' title="bbox 1799 2993 3373 3068; baseline 0.007 -25"><span class='ocrx_word' id='word_1_450' title='bbox 1799 2994 2030 3046; x_wconf 84' lang='lat' dir='ltr'><strong>veritate</strong></span> <span class='ocrx_word' id='word_1_451' title='bbox 2057 2993 2418 3064; x_wconf 76' lang='lat' dir='ltr'><strong>intelligatur,</strong></span> <span class='ocrx_word' id='word_1_452' title='bbox 2442 2995 2724 3061; x_wconf 91' lang='lat' dir='ltr'><strong>hauriens,</strong></span> <span class='ocrx_word' id='word_1_453' title='bbox 2754 2997 2953 3051; x_wconf 90' lang='lat' dir='ltr'><strong>nedum</strong></span> <span class='ocrx_word' id='word_1_454' title='bbox 2977 3014 3090 3053; x_wconf 69' lang='lat' dir='ltr'><strong>suae</strong></span> <span class='ocrx_word' id='word_1_455' title='bbox 3116 3001 3249 3068; x_wconf 89' lang='lat' dir='ltr'><strong>ipse,</strong></span> <span class='ocrx_word' id='word_1_456' title='bbox 3281 3003 3373 3054; x_wconf 86' lang='lat' dir='ltr'><strong>sed</strong></span> 
     </span>
    </p>
   </div>
   <div class='ocr_carea' id='block_1_69' title="bbox 1799 3084 3379 3152">
    <p class='ocr_par' dir='ltr' id='par_1_69' title="bbox 1799 3084 3379 3152">
     <span class='ocr_line' id='line_1_69' title="bbox 1799 3084 3379 3152; baseline 0.003 -15"><span class='ocrx_word' id='word_1_457' title='bbox 1799 3091 1853 3137; x_wconf 91' lang='lat' dir='ltr'><strong>et</strong></span> <span class='ocrx_word' id='word_1_458' title='bbox 1911 3084 2209 3138; x_wconf 74' lang='lat' dir='ltr'><strong>universali</strong></span> <span class='ocrx_word' id='word_1_459' title='bbox 2259 3085 2439 3139; x_wconf 89' lang='lat' dir='ltr'><strong>sancit</strong></span> <span class='ocrx_word' id='word_1_460' title='bbox 2499 3084 2793 3152; x_wconf 54' lang='lat' dir='ltr'><strong>Ecclesia;</strong></span> <span class='ocrx_word' id='word_1_461' title='bbox 2825 3102 2924 3141; x_wconf 91' lang='lat' dir='ltr'><strong>nec</strong></span> <span class='ocrx_word' id='word_1_462' title='bbox 2975 3089 3066 3141; x_wconf 89' lang='lat' dir='ltr'><strong>uni</strong></span> <span class='ocrx_word' id='word_1_463' title='bbox 3111 3088 3379 3142; x_wconf 77' lang='lat' dir='ltr'><strong>dumtaxat</strong></span> 
     </span>
    </p>
   </div>
   <div class='ocr_carea' id='block_1_70' title="bbox 1800 3168 3378 3249">
    <p class='ocr_par' dir='ltr' id='par_1_70' title="bbox 1800 3168 3378 3249">
     <span class='ocr_line' id='line_1_70' title="bbox 1800 3168 3378 3249; baseline 0.004 -21"><span class='ocrx_word' id='word_1_464' title='bbox 1800 3174 2157 3249; x_wconf 84' lang='lat' dir='ltr'><strong>genti.eique</strong></span> <span class='ocrx_word' id='word_1_465' title='bbox 2195 3168 2582 3245; x_wconf 41' lang='lat' dir='ltr'><strong>ejusmodl,&#39;ut</strong></span> <span class='ocrx_word' id='word_1_466' title='bbox 2634 3179 2750 3246; x_wconf 89' lang='lat' dir='ltr'><strong>ipsa</strong></span> <span class='ocrx_word' id='word_1_467' title='bbox 2811 3179 3009 3248; x_wconf 76' lang='lat' dir='ltr'><strong>exigua</strong></span> <span class='ocrx_word' id='word_1_468' title='bbox 3049 3180 3378 3249; x_wconf 79' lang='lat' dir='ltr'><strong>angustiori-</strong></span> 
     </span>
    </p>
   </div>
   <div class='ocr_carea' id='block_1_71' title="bbox 1797 3247 3376 3334">
    <p class='ocr_par' dir='ltr' id='par_1_71' title="bbox 1797 3247 3376 3334">
     <span class='ocr_line' id='line_1_71' title="bbox 1797 3247 3376 3334; baseline 0.002 -16"><span class='ocrx_word' id='word_1_469' title='bbox 1797 3265 2011 3332; x_wconf 87' lang='lat' dir='ltr'><strong>busque</strong></span> <span class='ocrx_word' id='word_1_470' title='bbox 2060 3247 2311 3319; x_wconf 74' lang='lat' dir='ltr'><strong>terminis</strong></span> <span class='ocrx_word' id='word_1_471' title='bbox 2366 3265 2766 3334; x_wconf 87' lang='lat' dir='ltr'><strong>comprehensa</strong></span> <span class='ocrx_word' id='word_1_472' title='bbox 2815 3247 2921 3330; x_wconf 73' lang='lat' dir='ltr'><strong>sit,</strong></span> <span class='ocrx_word' id='word_1_473' title='bbox 2955 3265 3052 3322; x_wconf 89' lang='lat' dir='ltr'><strong>sed</strong></span> <span class='ocrx_word' id='word_1_474' title='bbox 3116 3247 3376 3322; x_wconf 79' lang='lat' dir='ltr'><strong>universo</strong></span> 
     </span>
    </p>
   </div>
   <div class='ocr_carea' id='block_1_72' title="bbox 1796 3353 3375 3424">
    <p class='ocr_par' dir='ltr' id='par_1_72' title="bbox 1796 3353 3375 3424">
     <span class='ocr_line' id='line_1_72' title="bbox 1796 3353 3375 3424; baseline 0.001 -18"><span class='ocrx_word' id='word_1_475' title='bbox 1796 3361 2068 3413; x_wconf 90' lang='lat' dir='ltr'><strong>terrarum</strong></span> <span class='ocrx_word' id='word_1_476' title='bbox 2099 3355 2218 3409; x_wconf 88' lang='lat' dir='ltr'><strong>orbi</strong></span> <span class='ocrx_word' id='word_1_477' title='bbox 2251 3369 2315 3407; x_wconf 89' lang='lat' dir='ltr'><strong>ac</strong></span> <span class='ocrx_word' id='word_1_478' title='bbox 2367 3353 2808 3408; x_wconf 84' lang='lat' dir='ltr'><strong>Christianorum</strong></span> <span class='ocrx_word' id='word_1_479' title='bbox 2847 3353 2994 3412; x_wconf 90' lang='lat' dir='ltr'><strong>omni</strong></span> <span class='ocrx_word' id='word_1_480' title='bbox 3029 3355 3200 3408; x_wconf 72' lang='grc' dir='ltr'>εοειυί</span> <span class='ocrx_word' id='word_1_481' title='bbox 3251 3370 3375 3424; x_wconf 86' lang='lat' dir='ltr'><strong>my-</strong></span> 
     </span>
    </p>
   </div>
   <div class='ocr_carea' id='block_1_73' title="bbox 1796 3447 3371 3516">
    <p class='ocr_par' dir='ltr' id='par_1_73' title="bbox 1796 3447 3371 3516">
     <span class='ocr_line' id='line_1_73' title="bbox 1796 3447 3371 3516; baseline -0.001 -15"><span class='ocrx_word' id='word_1_482' title='bbox 1796 3447 1935 3502; x_wconf 89' lang='lat' dir='ltr'><strong>stice</strong></span> <span class='ocrx_word' id='word_1_483' title='bbox 1965 3447 2315 3516; x_wconf 68' lang='lat' dir='ltr'><strong>prazscribit;</strong></span> <span class='ocrx_word' id='word_1_484' title='bbox 2369 3462 2685 3515; x_wconf 87' lang='lat' dir='ltr'><strong>novumque</strong></span> <span class='ocrx_word' id='word_1_485' title='bbox 2714 3455 3106 3500; x_wconf 85' lang='lat' dir='ltr'><strong>testamentum</strong></span> <span class='ocrx_word' id='word_1_486' title='bbox 3143 3456 3196 3500; x_wconf 90' lang='lat' dir='ltr'><strong>et</strong></span> <span class='ocrx_word' id='word_1_487' title='bbox 3237 3461 3371 3515; x_wconf 88' lang='lat' dir='ltr'><strong>apo-</strong></span> 
     </span>
    </p>
   </div>
   <div class='ocr_carea' id='block_1_74' title="bbox 1794 3536 3372 3607">
    <p class='ocr_par' dir='ltr' id='par_1_74' title="bbox 1794 3536 3372 3607">
     <span class='ocr_line' id='line_1_74' title="bbox 1794 3536 3372 3607; baseline -0.003 -14"><span class='ocrx_word' id='word_1_488' title='bbox 1794 3539 1992 3593; x_wconf 88' lang='lat' dir='ltr'><strong>stolica</strong></span> <span class='ocrx_word' id='word_1_489' title='bbox 2025 3539 2270 3604; x_wconf 85' lang='lat' dir='ltr'><strong>traditio,</strong></span> <span class='ocrx_word' id='word_1_490' title='bbox 2301 3539 2499 3607; x_wconf 77' lang='lat' dir='ltr'><strong>lexque</strong></span> <span class='ocrx_word' id='word_1_491' title='bbox 2519 3537 2766 3592; x_wconf 84' lang='lat' dir='ltr'><strong>veritatis</strong></span> <span class='ocrx_word' id='word_1_492' title='bbox 2796 3537 2971 3600; x_wconf 86' lang='lat' dir='ltr'><strong>audit,</strong></span> <span class='ocrx_word' id='word_1_493' title='bbox 3002 3536 3268 3606; x_wconf 87' lang='lat' dir='ltr'><strong>quidquid</strong></span> <span class='ocrx_word' id='word_1_494' title='bbox 3304 3537 3372 3589; x_wconf 88' lang='lat' dir='ltr'><strong>ab</strong></span> 
     </span>
    </p>
   </div>
   <div class='ocr_carea' id='block_1_75' title="bbox 1795 3621 3369 3696">
    <p class='ocr_par' dir='ltr' id='par_1_75' title="bbox 1795 3621 3369 3696">
     <span class='ocr_line' id='line_1_75' title="bbox 1795 3621 3369 3696; baseline -0.002 -13"><span class='ocrx_word' id='word_1_495' title='bbox 1795 3643 1861 3683; x_wconf 90' lang='lat' dir='ltr'><strong>eo</strong></span> <span class='ocrx_word' id='word_1_496' title='bbox 1888 3627 2089 3684; x_wconf 89' lang='lat' dir='ltr'><strong>nedum</strong></span> <span class='ocrx_word' id='word_1_497' title='bbox 2113 3621 2527 3696; x_wconf 79' lang='lat' dir='ltr'><strong>Alexandrinis,</strong></span> <span class='ocrx_word' id='word_1_498' title='bbox 2565 3627 2659 3683; x_wconf 89' lang='lat' dir='ltr'><strong>sed</strong></span> <span class='ocrx_word' id='word_1_499' title='bbox 2688 3635 2742 3683; x_wconf 92' lang='lat' dir='ltr'><strong>et</strong></span> <span class='ocrx_word' id='word_1_500' title='bbox 2793 3629 3010 3683; x_wconf 90' lang='lat' dir='ltr'><strong>cunctis</strong></span> <span class='ocrx_word' id='word_1_501' title='bbox 3071 3628 3369 3683; x_wconf 84' lang='lat' dir='ltr'><strong>universim</strong></span> 
     </span>
    </p>
   </div>
   <div class='ocr_carea' id='block_1_76' title="bbox 1796 3719 3156 3802">
    <p class='ocr_par' dir='ltr' id='par_1_76' title="bbox 1796 3719 3156 3802">
     <span class='ocr_line' id='line_1_76' title="bbox 1796 3719 3156 3802; baseline -0.001 -27"><span class='ocrx_word' id='word_1_502' title='bbox 1796 3722 2004 3776; x_wconf 79' lang='lat' dir='ltr'><strong>sanctis</strong></span> <span class='ocrx_word' id='word_1_503' title='bbox 2030 3719 2296 3776; x_wconf 87' lang='lat' dir='ltr'><strong>Eeclesiis</strong></span> <span class='ocrx_word' id='word_1_504' title='bbox 2329 3721 2539 3775; x_wconf 90' lang='lat' dir='ltr'><strong>dictum</strong></span> <span class='ocrx_word' id='word_1_505' title='bbox 2566 3728 2660 3773; x_wconf 89' lang='lat' dir='ltr'><strong>aut</strong></span> <span class='ocrx_word' id='word_1_506' title='bbox 2685 3719 2948 3773; x_wconf 86' lang='lat' dir='ltr'><strong>traditum</strong></span> <span class='ocrx_word' id='word_1_507' title='bbox 2990 3721 3080 3774; x_wconf 87' lang='lat' dir='ltr'><strong>sit.</strong></span> <span class='ocrx_word' id='word_1_508' title='bbox 3143 3794 3156 3802; x_wconf 36' lang='lat'>‘</span> 
     </span>
    </p>
   </div>
   <div class='ocr_carea' id='block_1_77' title="bbox 1867 3897 3369 3968">
    <p class='ocr_par' dir='ltr' id='par_1_77' title="bbox 1867 3897 3369 3968">
     <span class='ocr_line' id='line_1_77' title="bbox 1867 3897 3369 3968; baseline 0 -15"><span class='ocrx_word' id='word_1_509' title='bbox 1867 3898 2024 3964; x_wconf 80' lang='lat' dir='ltr'><strong>Quod</strong></span> <span class='ocrx_word' id='word_1_510' title='bbox 2085 3913 2217 3953; x_wconf 85' lang='lat' dir='ltr'><strong>vero</strong></span> <span class='ocrx_word' id='word_1_511' title='bbox 2273 3898 2552 3954; x_wconf 83' lang='lat' dir='ltr'><strong>universis</strong></span> <span class='ocrx_word' id='word_1_512' title='bbox 2604 3898 2931 3968; x_wconf 88' lang='lat' dir='ltr'><strong>apostolicis</strong></span> <span class='ocrx_word' id='word_1_513' title='bbox 2980 3897 3157 3968; x_wconf 81' lang='lat' dir='ltr'><strong>signis</strong></span> <span class='ocrx_word' id='word_1_514' title='bbox 3185 3898 3369 3953; x_wconf 81' lang='lat' dir='ltr'><strong>divina</strong></span> 
     </span>
    </p>
   </div>
   <div class='ocr_carea' id='block_1_78' title="bbox 1795 3989 3372 4057">
    <p class='ocr_par' dir='ltr' id='par_1_78' title="bbox 1795 3989 3372 4057">
     <span class='ocr_line' id='line_1_78' title="bbox 1795 3989 3372 4057; baseline -0.001 -11"><span class='ocrx_word' id='word_1_515' title='bbox 1795 3992 1999 4047; x_wconf 86' lang='lat' dir='ltr'><strong>virtute</strong></span> <span class='ocrx_word' id='word_1_516' title='bbox 2057 3991 2338 4055; x_wconf 78' lang='lat' dir='ltr'><strong>exhibitis,</strong></span> <span class='ocrx_word' id='word_1_517' title='bbox 2389 3991 2717 4057; x_wconf 83' lang='lat' dir='ltr'><strong>cunctisque</strong></span> <span class='ocrx_word' id='word_1_518' title='bbox 2777 3989 2954 4046; x_wconf 87' lang='lat' dir='ltr'><strong>sacris</strong></span> <span class='ocrx_word' id='word_1_519' title='bbox 2992 3989 3372 4044; x_wconf 70' lang='lat' dir='ltr'><strong>[unctionibus</strong></span> 
     </span>
    </p>
   </div>
   <div class='ocr_carea' id='block_1_79' title="bbox 125 4000 1696 4074">
    <p class='ocr_par' dir='ltr' id='par_1_79' title="bbox 125 4000 1696 4074">
     <span class='ocr_line' id='line_1_79' title="bbox 125 4000 1696 4074; baseline 0.003 -23"><span class='ocrx_word' id='word_1_520' title='bbox 125 4001 317 4064; x_wconf 78' lang='grc' dir='ltr'>πάσαις</span> <span class='ocrx_word' id='word_1_521' title='bbox 343 4001 401 4054; x_wconf 79' lang='grc' dir='ltr'>δὲ</span> <span class='ocrx_word' id='word_1_522' title='bbox 441 4000 918 4074; x_wconf 61' lang='grc' dir='ltr'>θείαιςχρώμενος</span> <span class='ocrx_word' id='word_1_523' title='bbox 947 4002 1302 4074; x_wconf 66' lang='grc' dir='ltr'>ἱερουργίαις,</span> <span class='ocrx_word' id='word_1_524' title='bbox 1331 4002 1393 4056; x_wconf 81' lang='grc' dir='ltr'><strong>τὸ</strong></span> <span class='ocrx_word' id='word_1_525' title='bbox 1420 4002 1582 4074; x_wconf 72' lang='grc' dir='ltr'>ἔργον</span> <span class='ocrx_word' id='word_1_526' title='bbox 1611 4004 1696 4055; x_wconf 72' lang='lat' dir='ltr'><strong>eo.</strong></span> 
     </span>
    </p>
   </div>
   <div class='ocr_carea' id='block_1_80' title="bbox 123 4078 1692 4174">
    <p class='ocr_par' dir='ltr' id='par_1_80' title="bbox 123 4078 1692 4165">
     <span class='ocr_line' id='line_1_80' title="bbox 123 4078 1692 4165; baseline 0.003 -24"><span class='ocrx_word' id='word_1_527' title='bbox 123 4091 345 4158; x_wconf 79' lang='grc' dir='ltr'>ἀρεστον</span> <span class='ocrx_word' id='word_1_528' title='bbox 382 4089 626 4160; x_wconf 79' lang='grc' dir='ltr'>Θεῷκαὶ</span> <span class='ocrx_word' id='word_1_529' title='bbox 656 4091 865 4144; x_wconf 84' lang='grc' dir='ltr'>τέλειον</span> <span class='ocrx_word' id='word_1_530' title='bbox 902 4091 1001 4162; x_wconf 82' lang='grc' dir='ltr'>τῆς</span> <span class='ocrx_word' id='word_1_531' title='bbox 1029 4091 1194 4146; x_wconf 77' lang='grc' dir='ltr'>αὐτοῦ</span> <span class='ocrx_word' id='word_1_532' title='bbox 1233 4078 1546 4165; x_wconf 80' lang='grc' dir='ltr'>παρέστησε</span> <span class='ocrx_word' id='word_1_533' title='bbox 1575 4093 1692 4146; x_wconf 82' lang='grc' dir='ltr'>δια-</span> 
     </span>
    </p>
   </div>
   <div class='ocr_carea' id='block_1_81' title="bbox 1803 4078 3372 4174">
    <p class='ocr_par' dir='ltr' id='par_1_81' title="bbox 1803 4080 3372 4152">
     <span class='ocr_line' id='line_1_81' title="bbox 1803 4080 3372 4152; baseline -0.003 -15"><span class='ocrx_word' id='word_1_534' title='bbox 1803 4082 2385 4152; x_wconf 81' lang='lat' dir='ltr'><strong>peraetis,-ministerii</strong></span> <span class='ocrx_word' id='word_1_535' title='bbox 2437 4084 2698 4152; x_wconf 78' lang='lat' dir='ltr'><strong>sui&#39;opus</strong></span> <span class='ocrx_word' id='word_1_536' title='bbox 2726 4097 2890 4151; x_wconf 89' lang='lat' dir='ltr'><strong>quam</strong></span> <span class='ocrx_word' id='word_1_537' title='bbox 2932 4093 3217 4150; x_wconf 85' lang='lat' dir='ltr'><strong>acceptum</strong></span> <span class='ocrx_word' id='word_1_538' title='bbox 3263 4080 3372 4135; x_wconf 87' lang='lat' dir='ltr'><strong>Deo</strong></span> 
     </span>
    </p>
   </div>
   <div class='ocr_carea' id='block_1_82' title="bbox 125 4173 1692 4254">
    <p class='ocr_par' dir='ltr' id='par_1_82' title="bbox 125 4181 1692 4254">
     <span class='ocr_line' id='line_1_82' title="bbox 125 4181 1692 4254; baseline 0.002 -21"><span class='ocrx_word' id='word_1_539' title='bbox 125 4183 436 4248; x_wconf 76' lang='grc' dir='ltr'>κονίας,καὶ</span> <span class='ocrx_word' id='word_1_540' title='bbox 471 4181 702 4245; x_wconf 75' lang='grc' dir='ltr'>πολλοὺς</span> <span class='ocrx_word' id='word_1_541' title='bbox 735 4182 832 4252; x_wconf 85' lang='grc' dir='ltr'><strong>μὲν</strong></span> <span class='ocrx_word' id='word_1_542' title='bbox 862 4183 941 4254; x_wconf 74' lang='grc' dir='ltr'>τῷ</span> <span class='ocrx_word' id='word_1_543' title='bbox 968 4183 1230 4254; x_wconf 79' lang='grc' dir='ltr'>χρίσματι</span> <span class='ocrx_word' id='word_1_544' title='bbox 1256 4184 1357 4252; x_wconf 87' lang='grc' dir='ltr'>τῆς</span> <span class='ocrx_word' id='word_1_545' title='bbox 1393 4183 1692 4253; x_wconf 71' lang='grc' dir='ltr'>ἱερωσύνης</span> 
     </span>
    </p>
   </div>
   <div class='ocr_carea' id='block_1_83' title="bbox 1803 4173 3370 4254">
    <p class='ocr_par' dir='ltr' id='par_1_83' title="bbox 1803 4173 3370 4244">
     <span class='ocr_line' id='line_1_83' title="bbox 1803 4173 3370 4244; baseline 0 -17"><span class='ocrx_word' id='word_1_546' title='bbox 1803 4173 2206 4244; x_wconf 81' lang='lat' dir='ltr'><strong>perfectumque</strong></span> <span class='ocrx_word' id='word_1_547' title='bbox 2285 4174 2632 4240; x_wconf 87' lang='lat' dir='ltr'><strong>reddiderat,</strong></span> <span class='ocrx_word' id='word_1_548' title='bbox 2695 4173 2994 4243; x_wconf 92' lang='lat' dir='ltr'><strong>multisque</strong></span> <span class='ocrx_word' id='word_1_549' title='bbox 3038 4173 3370 4228; x_wconf 82' lang='lat' dir='ltr'><strong>sacerdotali</strong></span> 
     </span>
    </p>
   </div>
   <div class='ocr_carea' id='block_1_84' title="bbox 123 4259 1692 4343">
    <p class='ocr_par' dir='ltr' id='par_1_84' title="bbox 123 4271 1691 4343">
     <span class='ocr_line' id='line_1_84' title="bbox 123 4271 1691 4343; baseline 0.003 -22"><span class='ocrx_word' id='word_1_550' title='bbox 123 4271 500 4335; x_wconf 81' lang='grc' dir='ltr'>τετε).ειωκὼ;⁶</span> <span class='ocrx_word' id='word_1_551' title='bbox 545 4273 894 4341; x_wconf 75' lang='grc' dir='ltr'>παμπόλλους</span> <span class='ocrx_word' id='word_1_552' title='bbox 939 4273 996 4326; x_wconf 82' lang='grc' dir='ltr'>δὲ</span> <span class='ocrx_word' id='word_1_553' title='bbox 1025 4275 1124 4343; x_wconf 79' lang='grc' dir='ltr'>τῆς</span> <span class='ocrx_word' id='word_1_554' title='bbox 1154 4272 1439 4341; x_wconf 77' lang='grc' dir='ltr'>είδωλικῆς</span> <span class='ocrx_word' id='word_1_555' title='bbox 1465 4274 1691 4343; x_wconf 80' lang='grc' dir='ltr'>ἀπάτης</span> 
     </span>
    </p>
   </div>
   <div class='ocr_carea' id='block_1_85' title="bbox 1803 4259 3366 4343">
    <p class='ocr_par' dir='ltr' id='par_1_85' title="bbox 1803 4259 3366 4337">
     <span class='ocr_line' id='line_1_85' title="bbox 1803 4259 3366 4337; baseline -0.003 -15"><span class='ocrx_word' id='word_1_556' title='bbox 1803 4271 2052 4322; x_wconf 85' lang='lat' dir='ltr'><strong>unctione</strong></span> <span class='ocrx_word' id='word_1_557' title='bbox 2075 4259 2496 4330; x_wconf 83' lang='lat' dir='ltr'><strong>consummatis,</strong></span> <span class='ocrx_word' id='word_1_558' title='bbox 2520 4267 2837 4337; x_wconf 85' lang='lat' dir='ltr'><strong>complures</strong></span> <span class='ocrx_word' id='word_1_559' title='bbox 2869 4280 2897 4319; x_wconf 92' lang='lat' dir='ltr'><strong>a</strong></span> <span class='ocrx_word' id='word_1_560' title='bbox 2936 4265 3366 4321; x_wconf 86' lang='lat' dir='ltr'><strong>simulacrorum</strong></span> 
     </span>
    </p>
   </div>
   <div class='ocr_carea' id='block_1_86' title="bbox 125 4355 1692 4435">
    <p class='ocr_par' dir='ltr' id='par_1_86' title="bbox 125 4362 1690 4435">
     <span class='ocr_line' id='line_1_86' title="bbox 125 4362 1690 4435; baseline -0.001 -19"><span class='ocrx_word' id='word_1_561' title='bbox 125 4368 207 4417; x_wconf 76' lang='grc' dir='ltr'>καὶ</span> <span class='ocrx_word' id='word_1_562' title='bbox 235 4365 448 4434; x_wconf 81' lang='grc' dir='ltr'>πλάνης</span> <span class='ocrx_word' id='word_1_563' title='bbox 491 4365 832 4434; x_wconf 75' lang='grc' dir='ltr'>ῥυσάμενος,</span> <span class='ocrx_word' id='word_1_564' title='bbox 868 4363 956 4417; x_wconf 78' lang='grc' dir='ltr'>διὰ</span> <span class='ocrx_word' id='word_1_565' title='bbox 986 4364 1222 4426; x_wconf 84' lang='grc' dir='ltr'>πίστεως</span> <span class='ocrx_word' id='word_1_566' title='bbox 1265 4364 1582 4435; x_wconf 87' lang='grc' dir='ltr'>προσήγαγε</span> <span class='ocrx_word' id='word_1_567' title='bbox 1612 4362 1690 4434; x_wconf 83' lang='grc' dir='ltr'>τῷ</span> 
     </span>
    </p>
   </div>
   <div class='ocr_carea' id='block_1_87' title="bbox 1803 4355 3340 4435">
    <p class='ocr_par' dir='ltr' id='par_1_87' title="bbox 1803 4355 3340 4430">
     <span class='ocr_line' id='line_1_87' title="bbox 1803 4355 3340 4430; baseline -0.004 -16"><span class='ocrx_word' id='word_1_568' title='bbox 1803 4361 1941 4414; x_wconf 73' lang='lat' dir='ltr'><strong>cultu</strong></span> <span class='ocrx_word' id='word_1_569' title='bbox 1973 4358 2140 4430; x_wconf 85' lang='lat' dir='ltr'><strong>atque</strong></span> <span class='ocrx_word' id='word_1_570' title='bbox 2172 4373 2364 4417; x_wconf 86' lang='lat' dir='ltr'><strong>errore</strong></span> <span class='ocrx_word' id='word_1_571' title='bbox 2394 4359 2656 4413; x_wconf 84' lang='lat' dir='ltr'><strong>liberatos</strong></span> <span class='ocrx_word' id='word_1_572' title='bbox 2683 4373 2779 4426; x_wconf 87' lang='lat' dir='ltr'><strong>per</strong></span> <span class='ocrx_word' id='word_1_573' title='bbox 2809 4358 2969 4412; x_wconf 77' lang='lat' dir='ltr'><strong>{idem</strong></span> <span class='ocrx_word' id='word_1_574' title='bbox 3004 4356 3232 4410; x_wconf 85' lang='lat' dir='ltr'><strong>Christo</strong></span> <span class='ocrx_word' id='word_1_575' title='bbox 3272 4355 3340 4408; x_wconf 91' lang='lat' dir='ltr'><strong>ad</strong></span> 
     </span>
    </p>
   </div>
   <div class='ocr_carea' id='block_1_88' title="bbox 126 4445 1692 4527">
    <p class='ocr_par' dir='ltr' id='par_1_88' title="bbox 126 4454 1688 4527">
     <span class='ocr_line' id='line_1_88' title="bbox 126 4454 1688 4527; baseline 0.003 -21"><span class='ocrx_word' id='word_1_576' title='bbox 126 4455 356 4524; x_wconf 83' lang='grc' dir='ltr'>Χριστῷ,</span> <span class='ocrx_word' id='word_1_577' title='bbox 393 4455 544 4519; x_wconf 79' lang='grc' dir='ltr'>ἀξιον</span> <span class='ocrx_word' id='word_1_578' title='bbox 576 4454 825 4525; x_wconf 82' lang='grc' dir='ltr'>κέκριται</span> <span class='ocrx_word' id='word_1_579' title='bbox 867 4455 1002 4526; x_wconf 71' lang='grc' dir='ltr'>μηδὲ</span> <span class='ocrx_word' id='word_1_580' title='bbox 1046 4455 1148 4525; x_wconf 85' lang='grc' dir='ltr'><strong>τῆς</strong></span> <span class='ocrx_word' id='word_1_581' title='bbox 1176 4454 1539 4527; x_wconf 80' lang='grc' dir='ltr'>ἀθλοφορικῆς</span> <span class='ocrx_word' id='word_1_582' title='bbox 1574 4454 1688 4525; x_wconf 86' lang='grc'><strong>(57)</strong></span> 
     </span>
    </p>
   </div>
   <div class='ocr_carea' id='block_1_89' title="bbox 1803 4445 3372 4527">
    <p class='ocr_par' dir='ltr' id='par_1_89' title="bbox 1803 4445 3372 4517">
     <span class='ocr_line' id='line_1_89' title="bbox 1803 4445 3372 4517; baseline -0.003 -15"><span class='ocrx_word' id='word_1_583' title='bbox 1803 4449 2071 4515; x_wconf 87' lang='lat' dir='ltr'><strong>iunxerat,</strong></span> <span class='ocrx_word' id='word_1_584' title='bbox 2109 4463 2291 4516; x_wconf 69' lang='lat' dir='ltr'><strong>operae</strong></span> <span class='ocrx_word' id='word_1_585' title='bbox 2349 4450 2583 4517; x_wconf 87' lang='lat' dir='ltr'><strong>pretium</strong></span> <span class='ocrx_word' id='word_1_586' title='bbox 2644 4449 2824 4502; x_wconf 87' lang='lat' dir='ltr'><strong>visum</strong></span> <span class='ocrx_word' id='word_1_587' title='bbox 2863 4455 2970 4511; x_wconf 85' lang='lat' dir='ltr'><strong>est,</strong></span> <span class='ocrx_word' id='word_1_588' title='bbox 2998 4463 3068 4501; x_wconf 84' lang='lat' dir='ltr'><strong>ne</strong></span> <span class='ocrx_word' id='word_1_589' title='bbox 3098 4458 3151 4501; x_wconf 90' lang='lat' dir='ltr'><strong>et</strong></span> <span class='ocrx_word' id='word_1_590' title='bbox 3176 4445 3372 4499; x_wconf 85' lang='lat' dir='ltr'><strong>trium-</strong></span> 
     </span>
    </p>
   </div>
   <div class='ocr_carea' id='block_1_90' title="bbox 125 4541 1692 4618">
    <p class='ocr_par' dir='ltr' id='par_1_90' title="bbox 125 4545 919 4618">
     <span class='ocr_line' id='line_1_90' title="bbox 125 4545 919 4618; baseline 0.01 -23"><span class='ocrx_word' id='word_1_591' title='bbox 125 4547 274 4598; x_wconf 76' lang='grc' dir='ltr'>αὐτὸν</span> <span class='ocrx_word' id='word_1_592' title='bbox 304 4545 699 4616; x_wconf 77' lang='grc' dir='ltr'>ἀπολελεῖφθαι</span> <span class='ocrx_word' id='word_1_593' title='bbox 729 4547 919 4618; x_wconf 83' lang='grc' dir='ltr'>τιμῆς.</span> 
     </span>
    </p>
   </div>
   <div class='ocr_carea' id='block_1_91' title="bbox 1803 4541 2867 4618">
    <p class='ocr_par' dir='ltr' id='par_1_91' title="bbox 1803 4541 2867 4614">
     <span class='ocr_line' id='line_1_91' title="bbox 1803 4541 2867 4614; baseline -0.002 -17"><span class='ocrx_word' id='word_1_594' title='bbox 1803 4545 1956 4600; x_wconf 64' lang='lat' dir='ltr'><strong>thalia</strong></span> <span class='ocrx_word' id='word_1_595' title='bbox 1997 4560 2122 4599; x_wconf 87' lang='lat' dir='ltr'><strong>eum</strong></span> <span class='ocrx_word' id='word_1_596' title='bbox 2145 4557 2342 4614; x_wconf 65' lang='lat' dir='ltr'><strong>pugna:</strong></span> <span class='ocrx_word' id='word_1_597' title='bbox 2379 4544 2555 4597; x_wconf 91' lang='lat' dir='ltr'><strong>honor</strong></span> <span class='ocrx_word' id='word_1_598' title='bbox 2585 4541 2867 4606; x_wconf 84' lang='lat' dir='ltr'><strong>deﬁceret.</strong></span> 
     </span>
    </p>
   </div>
   <div class='ocr_carea' id='block_1_92' title="bbox 127 4698 3376 4776">
    <p class='ocr_par' dir='ltr' id='par_1_92' title="bbox 127 4698 3376 4776">
     <span class='ocr_line' id='line_1_92' title="bbox 127 4698 3376 4776; baseline -0.001 -19"><span class='ocrx_word' id='word_1_599' title='bbox 127 4718 150 4756; x_wconf 86' lang='lat' dir='ltr'><strong>a</strong></span> <span class='ocrx_word' id='word_1_600' title='bbox 176 4705 638 4766; x_wconf 84' lang='lat' dir='ltr'><strong>Sancto-Andrea,</strong></span> <span class='ocrx_word' id='word_1_601' title='bbox 707 4705 974 4776; x_wconf 71' lang='lat' dir='ltr'><strong>Ecclesiae</strong></span> <span class='ocrx_word' id='word_1_602' title='bbox 1004 4705 1331 4761; x_wconf 85' lang='lat' dir='ltr'><strong>Parisiensis</strong></span> <span class='ocrx_word' id='word_1_603' title='bbox 1376 4704 1694 4776; x_wconf 84' lang='lat' dir='ltr'><strong>canonicus,</strong></span> <span class='ocrx_word' id='word_1_604' title='bbox 1725 4707 1779 4766; x_wconf 82' lang='grc' dir='ltr'><strong>Ι)</strong></span> <span class='ocrx_word' id='word_1_605' title='bbox 1805 4703 2176 4776; x_wconf 75' lang='lat' dir='ltr'><strong>singulariter</strong></span> <span class='ocrx_word' id='word_1_606' title='bbox 2196 4718 2255 4757; x_wconf 90' lang='lat' dir='ltr'><strong>se</strong></span> <span class='ocrx_word' id='word_1_607' title='bbox 2297 4702 2524 4776; x_wconf 85' lang='lat' dir='ltr'><strong>missum</strong></span> <span class='ocrx_word' id='word_1_608' title='bbox 2556 4717 2584 4756; x_wconf 88' lang='lat' dir='ltr'><strong>a</strong></span> <span class='ocrx_word' id='word_1_609' title='bbox 2617 4700 2825 4776; x_wconf 76' lang='lat' dir='ltr'><strong>Spiritu</strong></span> <span class='ocrx_word' id='word_1_610' title='bbox 2858 4709 3062 4776; x_wconf 80' lang='lat' dir='ltr'><strong>sancto</strong></span> <span class='ocrx_word' id='word_1_611' title='bbox 3091 4698 3376 4768; x_wconf 79' lang='lat' dir='ltr'><strong>professus</strong></span> 
     </span>
    </p>
   </div>
   <div class='ocr_carea' id='block_1_93' title="bbox 126 4770 3374 4853">
    <p class='ocr_par' dir='ltr' id='par_1_93' title="bbox 126 4770 3374 4853">
     <span class='ocr_line' id='line_1_93' title="bbox 126 4770 3374 4853; baseline -0.002 -24"><span class='ocrx_word' id='word_1_612' title='bbox 126 4791 186 4853; x_wconf 66' lang='lat' dir='ltr'><strong>ex</strong></span> <span class='ocrx_word' id='word_1_613' title='bbox 208 4777 329 4853; x_wconf 78' lang='lat' dir='ltr'><strong>cod.</strong></span> <span class='ocrx_word' id='word_1_614' title='bbox 351 4776 669 4853; x_wconf 78' lang='lat' dir='ltr'><strong>monasterii</strong></span> <span class='ocrx_word' id='word_1_615' title='bbox 698 4775 754 4828; x_wconf 89' lang='lat' dir='ltr'><strong>S.</strong></span> <span class='ocrx_word' id='word_1_616' title='bbox 777 4776 960 4853; x_wconf 52' lang='grc' dir='ltr'>Μεινίῳ</span> <span class='ocrx_word' id='word_1_617' title='bbox 986 4777 1083 4846; x_wconf 82' lang='grc' dir='ltr'>τῆς</span> <span class='ocrx_word' id='word_1_618' title='bbox 1117 4775 1473 4853; x_wconf 60' lang='grc' dir='ltr'>Ὀῥηγητρίας</span> <span class='ocrx_word' id='word_1_619' title='bbox 1500 4776 1559 4853; x_wconf 76' lang='lat' dir='ltr'><strong>in</strong></span> <span class='ocrx_word' id='word_1_620' title='bbox 1586 4774 1691 4853; x_wconf 69' lang='grc' dir='ltr'><strong>(ξε-</strong></span> <span class='ocrx_word' id='word_1_621' title='bbox 1804 4770 2033 4853; x_wconf 69' lang='grc' dir='ltr'>εἱι,ἠοῃ</span> <span class='ocrx_word' id='word_1_622' title='bbox 2069 4772 2578 4853; x_wconf 84' lang='lat' dir='ltr'><strong>ad_baptizandum,</strong></span> <span class='ocrx_word' id='word_1_623' title='bbox 2613 4770 2696 4853; x_wconf 81' lang='lat' dir='ltr'><strong>vel</strong></span> <span class='ocrx_word' id='word_1_624' title='bbox 2722 4772 2887 4853; x_wconf 73' lang='lat' dir='ltr'><strong>etiam</strong></span> <span class='ocrx_word' id='word_1_625' title='bbox 2913 4770 2979 4823; x_wconf 90' lang='lat' dir='ltr'><strong>ad</strong></span> <span class='ocrx_word' id='word_1_626' title='bbox 3020 4772 3159 4824; x_wconf 89' lang='lat' dir='ltr'><strong>ritus</strong></span> <span class='ocrx_word' id='word_1_627' title='bbox 3179 4783 3374 4853; x_wconf 60' lang='lat' dir='ltr'><strong>sacros</strong></span> 
     </span>
    </p>
   </div>
   <div class='ocr_carea' id='block_1_94' title="bbox 129 4837 3372 4913">
    <p class='ocr_par' dir='ltr' id='par_1_94' title="bbox 129 4837 3372 4913">
     <span class='ocr_line' id='line_1_94' title="bbox 129 4837 3372 4913; baseline -0 -20"><span class='ocrx_word' id='word_1_628' title='bbox 129 4845 312 4909; x_wconf 76' lang='lat' dir='ltr'><strong>labria,’</strong></span> <span class='ocrx_word' id='word_1_629' title='bbox 331 4845 684 4901; x_wconf 66' lang='lat' dir='ltr'><strong>ex~eribente</strong></span> <span class='ocrx_word' id='word_1_630' title='bbox 710 4854 872 4913; x_wconf 88' lang='lat' dir='ltr'><strong>atque</strong></span> <span class='ocrx_word' id='word_1_631' title='bbox 891 4837 1141 4900; x_wconf 76' lang='lat' dir='ltr'><strong>mittente</strong></span> <span class='ocrx_word' id='word_1_632' title='bbox 1165 4837 1368 4899; x_wconf 56' lang='lat' dir='ltr'><strong>Sirle&#39;to</strong></span> <span class='ocrx_word' id='word_1_633' title='bbox 1387 4844 1688 4898; x_wconf 89' lang='lat' dir='ltr'><strong>cardinale.</strong></span> <span class='ocrx_word' id='word_1_634' title='bbox 1794 4837 2257 4900; x_wconf 81' lang='lat' dir='ltr'><strong>conscribendum</strong></span> <span class='ocrx_word' id='word_1_635' title='bbox 2288 4861 2301 4896; x_wconf 87' lang='lat'><strong>:</strong></span> <span class='ocrx_word' id='word_1_636' title='bbox 2339 4858 2652 4913; x_wconf 89' lang='lat' dir='ltr'><strong>quanquam</strong></span> <span class='ocrx_word' id='word_1_637' title='bbox 2683 4840 2974 4895; x_wconf 84' lang='lat' dir='ltr'><strong>tradidisse</strong></span> <span class='ocrx_word' id='word_1_638' title='bbox 3026 4855 3150 4892; x_wconf 90' lang='lat' dir='ltr'><strong>eum</strong></span> <span class='ocrx_word' id='word_1_639' title='bbox 3176 4837 3372 4913; x_wconf 45' lang='lat' dir='ltr'><strong>Corinf</strong></span> 
     </span>
    </p>
   </div>
   <div class='ocr_carea' id='block_1_95' title="bbox 129 4911 3368 4987">
    <p class='ocr_par' dir='ltr' id='par_1_95' title="bbox 129 4911 3368 4987">
     <span class='ocr_line' id='line_1_95' title="bbox 129 4911 3368 4987; baseline -0.002 -22"><span class='ocrx_word' id='word_1_640' title='bbox 129 4912 457 4987; x_wconf 78' lang='lat' dir='ltr'><strong>Fuerintque</strong></span> <span class='ocrx_word' id='word_1_641' title='bbox 477 4916 618 4987; x_wconf 81' lang='lat' dir='ltr'><strong>adeo</strong></span> <span class='ocrx_word' id='word_1_642' title='bbox 646 4915 755 4987; x_wconf 86' lang='lat' dir='ltr'><strong>duo</strong></span> <span class='ocrx_word' id='word_1_643' title='bbox 778 4911 955 4984; x_wconf 83' lang='lat' dir='ltr'><strong>magni</strong></span> <span class='ocrx_word' id='word_1_644' title='bbox 986 4915 1380 4987; x_wconf 81' lang='lat' dir='ltr'><strong>antistitesipsi</strong></span> <span class='ocrx_word' id='word_1_645' title='bbox 1407 4930 1690 4968; x_wconf 88' lang='lat' dir='ltr'><strong>sacrorum</strong></span> <span class='ocrx_word' id='word_1_646' title='bbox 1796 4915 1950 4977; x_wconf 85' lang='lat' dir='ltr'><strong>thiis,</strong></span> <span class='ocrx_word' id='word_1_647' title='bbox 1973 4984 1981 4987; x_wconf 84' lang='lat'><strong><em>_</em></strong></span> <span class='ocrx_word' id='word_1_648' title='bbox 2005 4930 2126 4987; x_wconf 66' lang='lat' dir='ltr'><strong>qua:</strong></span> <span class='ocrx_word' id='word_1_649' title='bbox 2164 4911 2545 4987; x_wconf 64' lang='lat' dir='ltr'><strong>_Eucharistiaa</strong></span> <span class='ocrx_word' id='word_1_650' title='bbox 2602 4912 2767 4987; x_wconf 84' lang='lat' dir='ltr'><strong>ritum</strong></span> <span class='ocrx_word' id='word_1_651' title='bbox 2809 4918 3146 4987; x_wconf 78' lang='lat' dir='ltr'><strong>spectarent,</strong></span> <span class='ocrx_word' id='word_1_652' title='bbox 3192 4917 3267 4987; x_wconf 82' lang='lat' dir='ltr'><strong>et_</strong></span> <span class='ocrx_word' id='word_1_653' title='bbox 3302 4911 3368 4962; x_wconf 83' lang='lat' dir='ltr'><strong>ad</strong></span> 
     </span>
    </p>
   </div>
   <div class='ocr_carea' id='block_1_96' title="bbox 130 4979 3367 5059">
    <p class='ocr_par' dir='ltr' id='par_1_96' title="bbox 130 4979 3367 5059">
     <span class='ocr_line' id='line_1_96' title="bbox 130 4979 3367 5059; baseline -0.001 -26"><span class='ocrx_word' id='word_1_654' title='bbox 130 4979 394 5040; x_wconf 75' lang='lat' dir='ltr'><strong>antistites</strong></span> <span class='ocrx_word' id='word_1_655' title='bbox 440 4995 496 5042; x_wconf 88' lang='lat' dir='ltr'><strong>et</strong></span> <span class='ocrx_word' id='word_1_656' title='bbox 547 4979 1360 5059; x_wconf 46' lang='lat' dir='ltr'><strong>divinarum&#39;caeremoniarum</strong></span> <span class='ocrx_word' id='word_1_657' title='bbox 1389 4992 1688 5059; x_wconf 64' lang='lat' dir='ltr'><strong>auctores,</strong></span> <span class='ocrx_word' id='word_1_658' title='bbox 1796 4979 2053 5059; x_wconf 71' lang='grc' dir='ltr'>εὐταξίαν</span> <span class='ocrx_word' id='word_1_659' title='bbox 2078 4983 2433 5059; x_wconf 78' lang='lat' dir='ltr'><strong>in_Ecelesia,</strong></span> <span class='ocrx_word' id='word_1_660' title='bbox 2469 4983 2685 5059; x_wconf 76' lang='lat' dir='ltr'><strong>aliaque</strong></span> <span class='ocrx_word' id='word_1_661' title='bbox 2711 4982 2828 5059; x_wconf 76' lang='lat' dir='ltr'><strong>ejus</strong></span> <span class='ocrx_word' id='word_1_662' title='bbox 2863 4979 3146 5059; x_wconf 44' lang='lat' dir='ltr'><strong>generis,“</strong></span> <span class='ocrx_word' id='word_1_663' title='bbox 3165 4979 3367 5059; x_wconf 75' lang='lat' dir='ltr'><strong>nedum</strong></span> 
     </span>
    </p>
   </div>
   <div class='ocr_carea' id='block_1_97' title="bbox 131 5048 3370 5129">
    <p class='ocr_par' dir='ltr' id='par_1_97' title="bbox 131 5048 3370 5129">
     <span class='ocr_line' id='line_1_97' title="bbox 131 5048 3370 5129; baseline -0.002 -22"><span class='ocrx_word' id='word_1_664' title='bbox 131 5055 283 5129; x_wconf 78' lang='lat' dir='ltr'><strong>ambo</strong></span> <span class='ocrx_word' id='word_1_665' title='bbox 321 5057 554 5123; x_wconf 85' lang='lat' dir='ltr'><strong>apostoli</strong></span> <span class='ocrx_word' id='word_1_666' title='bbox 586 5055 814 5129; x_wconf 78' lang='lat' dir='ltr'><strong>secundi</strong></span> <span class='ocrx_word' id='word_1_667' title='bbox 845 5053 1078 5116; x_wconf 91' lang='lat' dir='ltr'><strong>ordinis,</strong></span> <span class='ocrx_word' id='word_1_668' title='bbox 1100 5054 1214 5129; x_wconf 86' lang='lat' dir='ltr'><strong>_viri</strong></span> <span class='ocrx_word' id='word_1_669' title='bbox 1252 5054 1494 5129; x_wconf 60' lang='lat' dir='ltr'><strong>maxime</strong></span> <span class='ocrx_word' id='word_1_670' title='bbox 1524 5053 1692 5120; x_wconf 87' lang='lat' dir='ltr'><strong>spiri-</strong></span> <span class='ocrx_word' id='word_1_671' title='bbox 1797 5055 2025 5124; x_wconf 84' lang='lat' dir='ltr'><strong>scripto,</strong></span> <span class='ocrx_word' id='word_1_672' title='bbox 2053 5053 2160 5129; x_wconf 80' lang='lat' dir='ltr'><strong>sed</strong></span> <span class='ocrx_word' id='word_1_673' title='bbox 2189 5054 2354 5106; x_wconf 86' lang='lat' dir='ltr'><strong>etiam</strong></span> <span class='ocrx_word' id='word_1_674' title='bbox 2389 5048 2921 5129; x_wconf 46' lang='lat' dir='ltr'><strong>ver_bo,_’ex_ejus_ad</strong></span> <span class='ocrx_word' id='word_1_675' title='bbox 2949 5064 3046 5129; x_wconf 79' lang='lat' dir='ltr'><strong>eos</strong></span> <span class='ocrx_word' id='word_1_676' title='bbox 3083 5048 3370 5129; x_wconf 55' lang='lat' dir='ltr'><strong>Epistolis</strong></span> 
     </span>
    </p>
   </div>
   <div class='ocr_carea' id='block_1_98' title="bbox 132 5119 3368 5197">
    <p class='ocr_par' dir='ltr' id='par_1_98' title="bbox 132 5119 3368 5197">
     <span class='ocr_line' id='line_1_98' title="bbox 132 5119 3368 5197; baseline -0.001 -24"><span class='ocrx_word' id='word_1_677' title='bbox 132 5123 277 5197; x_wconf 81' lang='lat' dir='ltr'><strong>tales,</strong></span> <span class='ocrx_word' id='word_1_678' title='bbox 322 5119 561 5179; x_wconf 65' lang='lat' dir='ltr'><strong>Iacobus</strong></span> <span class='ocrx_word' id='word_1_679' title='bbox 600 5136 655 5197; x_wconf 74' lang='lat' dir='ltr'><strong>et</strong></span> <span class='ocrx_word' id='word_1_680' title='bbox 703 5124 946 5176; x_wconf 84' lang='lat' dir='ltr'><strong>Marcus:</strong></span> <span class='ocrx_word' id='word_1_681' title='bbox 1006 5122 1149 5197; x_wconf 84' lang='lat' dir='ltr'><strong>unde</strong></span> <span class='ocrx_word' id='word_1_682' title='bbox 1191 5121 1385 5197; x_wconf 85' lang='lat' dir='ltr'><strong>reliqui</strong></span> <span class='ocrx_word' id='word_1_683' title='bbox 1433 5119 1691 5192; x_wconf 80' lang='lat' dir='ltr'><strong>tanquam</strong></span> <span class='ocrx_word' id='word_1_684' title='bbox 1790 5119 2432 5197; x_wconf 37' lang='lat' dir='ltr'><strong>eoin—pertissimumest.</strong></span> <span class='ocrx_word' id='word_1_685' title='bbox 2468 5121 2762 5197; x_wconf 75' lang='lat' dir='ltr'><strong>peJacobo</strong></span> <span class='ocrx_word' id='word_1_686' title='bbox 2797 5119 2934 5197; x_wconf 79' lang='lat' dir='ltr'><strong>alias</strong></span> <span class='ocrx_word' id='word_1_687' title='bbox 2985 5120 3202 5197; x_wconf 60' lang='lat' dir='ltr'><strong>dixiin</strong></span> <span class='ocrx_word' id='word_1_688' title='bbox 3244 5134 3368 5170; x_wconf 85' lang='lat' dir='ltr'><strong>meo</strong></span> 
     </span>
    </p>
   </div>
   <div class='ocr_carea' id='block_1_99' title="bbox 132 5189 3368 5264">
    <p class='ocr_par' dir='ltr' id='par_1_99' title="bbox 132 5189 3368 5264">
     <span class='ocr_line' id='line_1_99' title="bbox 132 5189 3368 5264; baseline -0.002 -21"><span class='ocrx_word' id='word_1_689' title='bbox 132 5193 602 5264; x_wconf 72' lang='lat' dir='ltr'><strong>exlimpidissimo</strong></span> <span class='ocrx_word' id='word_1_690' title='bbox 628 5193 799 5257; x_wconf 76' lang='lat' dir='ltr'><strong>fonte,</strong></span> <span class='ocrx_word' id='word_1_691' title='bbox 830 5208 949 5261; x_wconf 60' lang='lat' dir='ltr'><strong>qua}</strong></span> <span class='ocrx_word' id='word_1_692' title='bbox 984 5193 1103 5260; x_wconf 84' lang='lat' dir='ltr'><strong>ejus</strong></span> <span class='ocrx_word' id='word_1_693' title='bbox 1126 5189 1341 5264; x_wconf 80' lang='lat' dir='ltr'><strong>generis</strong></span> <span class='ocrx_word' id='word_1_694' title='bbox 1369 5189 1565 5264; x_wconf 72' lang='lat' dir='ltr'><strong>sancta</strong></span> <span class='ocrx_word' id='word_1_695' title='bbox 1588 5200 1697 5264; x_wconf 18' lang='lat' dir='ltr'><strong>ira-1</strong></span> <span class='ocrx_word' id='word_1_696' title='bbox 1790 5189 2091 5264; x_wconf 15' lang='lat' dir='ltr'><strong>llipp—olytii</strong></span> <span class='ocrx_word' id='word_1_697' title='bbox 2129 5193 2394 5254; x_wconf 83' lang='lat' dir='ltr'><strong>indiculo,</strong></span> <span class='ocrx_word' id='word_1_698' title='bbox 2450 5192 2626 5264; x_wconf 84' lang='lat' dir='ltr'><strong>deque</strong></span> <span class='ocrx_word' id='word_1_699' title='bbox 2673 5189 2925 5264; x_wconf 65' lang='lat' dir='ltr'><strong>regendas</strong></span> <span class='ocrx_word' id='word_1_700' title='bbox 2989 5189 3249 5264; x_wconf 64' lang='lat' dir='ltr'><strong>Ecclesiae</strong></span> <span class='ocrx_word' id='word_1_701' title='bbox 3304 5203 3368 5239; x_wconf 87' lang='lat' dir='ltr'><strong>ae</strong></span> 
     </span>
    </p>
   </div>
   <div class='ocr_carea' id='block_1_100' title="bbox 132 5259 3363 5327">
    <p class='ocr_par' dir='ltr' id='par_1_100' title="bbox 132 5259 3363 5327">
     <span class='ocr_line' id='line_1_100' title="bbox 132 5259 3363 5327; baseline -0.001 -17"><span class='ocrx_word' id='word_1_702' title='bbox 132 5259 398 5323; x_wconf 80' lang='lat' dir='ltr'><strong>diderunt,</strong></span> <span class='ocrx_word' id='word_1_703' title='bbox 445 5264 762 5327; x_wconf 86' lang='lat' dir='ltr'><strong>hauserint;</strong></span> <span class='ocrx_word' id='word_1_704' title='bbox 797 5259 909 5316; x_wconf 71' lang='lat' dir='ltr'><strong>sive</strong></span> <span class='ocrx_word' id='word_1_705' title='bbox 950 5259 1148 5316; x_wconf 50' lang='lat' dir='ltr'><strong>etiam&#39;</strong></span> <span class='ocrx_word' id='word_1_706' title='bbox 1177 5262 1304 5323; x_wconf 89' lang='lat' dir='ltr'><strong>illis,</strong></span> <span class='ocrx_word' id='word_1_707' title='bbox 1339 5277 1436 5314; x_wconf 90' lang='lat' dir='ltr'><strong>ceu</strong></span> <span class='ocrx_word' id='word_1_708' title='bbox 1468 5260 1697 5314; x_wconf 46' lang='lat' dir='ltr'><strong>solidis;</strong></span> <span class='ocrx_word' id='word_1_709' title='bbox 1790 5259 2147 5317; x_wconf 75' lang='lat' dir='ltr'><strong>instituenda:</strong></span> <span class='ocrx_word' id='word_1_710' title='bbox 2193 5264 2270 5315; x_wconf 91' lang='lat' dir='ltr'><strong>sic</strong></span> <span class='ocrx_word' id='word_1_711' title='bbox 2326 5264 2468 5316; x_wconf 87' lang='lat' dir='ltr'><strong>inter</strong></span> <span class='ocrx_word' id='word_1_712' title='bbox 2509 5259 2659 5314; x_wconf 90' lang='lat' dir='ltr'><strong>illum</strong></span> <span class='ocrx_word' id='word_1_713' title='bbox 2682 5267 2738 5313; x_wconf 89' lang='lat' dir='ltr'><strong>et</strong></span> <span class='ocrx_word' id='word_1_714' title='bbox 2760 5259 2984 5312; x_wconf 89' lang='lat' dir='ltr'><strong>Petrum</strong></span> <span class='ocrx_word' id='word_1_715' title='bbox 3009 5275 3071 5310; x_wconf 84' lang='lat' dir='ltr'><strong>ac</strong></span> <span class='ocrx_word' id='word_1_716' title='bbox 3098 5259 3363 5312; x_wconf 85' lang='lat' dir='ltr'><strong>Joannem</strong></span> 
     </span>
    </p>
   </div>
   <div class='ocr_carea' id='block_1_101' title="bbox 131 5331 3260 5408">
    <p class='ocr_par' dir='ltr' id='par_1_101' title="bbox 131 5331 3260 5408">
     <span class='ocr_line' id='line_1_101' title="bbox 131 5331 3260 5408; baseline 0.001 -26"><span class='ocrx_word' id='word_1_717' title='bbox 131 5332 262 5408; x_wconf 74' lang='lat' dir='ltr'><strong>Simo</strong></span> <span class='ocrx_word' id='word_1_718' title='bbox 287 5332 668 5408; x_wconf 77' lang='lat' dir='ltr'><strong>fundamento,</strong></span> <span class='ocrx_word' id='word_1_719' title='bbox 703 5348 800 5408; x_wconf 85' lang='lat' dir='ltr'><strong>sua</strong></span> <span class='ocrx_word' id='word_1_720' title='bbox 856 5348 956 5401; x_wconf 92' lang='lat' dir='ltr'><strong>pro</strong></span> <span class='ocrx_word' id='word_1_721' title='bbox 997 5336 1330 5408; x_wconf 78' lang='lat' dir='ltr'><strong>temporum&quot;</strong></span> <span class='ocrx_word' id='word_1_722' title='bbox 1355 5332 1566 5408; x_wconf 82' lang='lat' dir='ltr'><strong>ratione</strong></span> <span class='ocrx_word' id='word_1_723' title='bbox 1599 5331 1683 5385; x_wconf 85' lang='lat' dir='ltr'><strong>vel</strong></span> <span class='ocrx_word' id='word_1_724' title='bbox 1791 5333 2403 5408; x_wconf 35' lang='lat' dir='ltr'><strong>distributo‘muncre._</strong></span> <span class='ocrx_word' id='word_1_725' title='bbox 2431 5404 2445 5408; x_wconf 33' lang='grc' dir='ltr'><strong>Α</strong></span> <span class='ocrx_word' id='word_1_726' title='bbox 2470 5404 2484 5408; x_wconf 83' lang='lat'><em>_</em></span> <span class='ocrx_word' id='word_1_727' title='bbox 2718 5397 2743 5408; x_wconf 79' lang='lat'>_</span> <span class='ocrx_word' id='word_1_728' title='bbox 2830 5397 2877 5408; x_wconf 82' lang='lat'><strong>__</strong></span> <span class='ocrx_word' id='word_1_729' title='bbox 2982 5397 2991 5407; x_wconf 37' lang='grc' dir='ltr'>ι</span> <span class='ocrx_word' id='word_1_730' title='bbox 3160 5403 3171 5408; x_wconf 89' lang='lat'>_</span> <span class='ocrx_word' id='word_1_731' title='bbox 3251 5395 3260 5406; x_wconf 43' lang='grc' dir='ltr'>ι</span> 
     </span>
    </p>
   </div>
   <div class='ocr_carea' id='block_1_102' title="bbox 130 5397 1692 5474">
    <p class='ocr_par' dir='ltr' id='par_1_102' title="bbox 130 5397 1685 5474">
     <span class='ocr_line' id='line_1_102' title="bbox 130 5397 1685 5474; baseline 0.002 -23"><span class='ocrx_word' id='word_1_732' title='bbox 130 5402 477 5474; x_wconf 76' lang='lat' dir='ltr'><strong>cxplieatoria</strong></span> <span class='ocrx_word' id='word_1_733' title='bbox 507 5403 589 5454; x_wconf 83' lang='lat' dir='ltr'><strong>vel</strong></span> <span class='ocrx_word' id='word_1_734' title='bbox 619 5397 888 5474; x_wconf 66' lang='lat' dir='ltr'><strong>breviata,</strong></span> <span class='ocrx_word' id='word_1_735' title='bbox 924 5418 1014 5474; x_wconf 71' lang='lat' dir='ltr'><strong>seu</strong></span> <span class='ocrx_word' id='word_1_736' title='bbox 1043 5397 1201 5456; x_wconf 80' lang='lat' dir='ltr'><strong>aliter</strong></span> <span class='ocrx_word' id='word_1_737' title='bbox 1237 5402 1558 5474; x_wconf 75' lang='lat' dir='ltr'><strong>composita,</strong></span> <span class='ocrx_word' id='word_1_738' title='bbox 1591 5415 1685 5474; x_wconf 84' lang='lat' dir='ltr'><strong>su-</strong></span> 
     </span>
    </p>
   </div>
   <div class='ocr_carea' id='block_1_103' title="bbox 1803 5397 3363 5474">
    <p class='ocr_par' dir='ltr' id='par_1_103' title="bbox 1864 5397 3363 5474">
     <span class='ocr_line' id='line_1_103' title="bbox 1864 5397 3363 5474; baseline -0.004 -18"><span class='ocrx_word' id='word_1_739' title='bbox 1864 5404 1970 5468; x_wconf 77' lang='lat' dir='ltr'><strong>(57l</strong></span> <span class='ocrx_word' id='word_1_740' title='bbox 2010 5401 2174 5474; x_wconf 73' lang='grc' dir='ltr'>Μηδὲ</span> <span class='ocrx_word' id='word_1_741' title='bbox 2214 5402 2316 5466; x_wconf 72' lang='grc' dir='ltr'>τῆς</span> <span class='ocrx_word' id='word_1_742' title='bbox 2375 5397 2801 5474; x_wconf 53' lang='grc' dir='ltr'>τξθλοςρορικῆς.</span> <span class='ocrx_word' id='word_1_743' title='bbox 2830 5397 3363 5474; x_wconf 63' lang='lat' dir='ltr'><strong>li&#39;larci_itiartyrium</strong></span> 
     </span>
    </p>
   </div>
   <div class='ocr_carea' id='block_1_104' title="bbox 137 5470 1716 5540">
    <p class='ocr_par' dir='ltr' id='par_1_104' title="bbox 137 5470 1716 5540">
     <span class='ocr_line' id='line_1_104' title="bbox 137 5470 1716 5540; baseline 0.001 -16"><span class='ocrx_word' id='word_1_744' title='bbox 137 5473 566 5538; x_wconf 85' lang='lat' dir='ltr'><strong>perstruxerint;</strong></span> <span class='ocrx_word' id='word_1_745' title='bbox 601 5471 716 5523; x_wconf 88' lang='lat' dir='ltr'><strong>sive</strong></span> <span class='ocrx_word' id='word_1_746' title='bbox 758 5470 810 5524; x_wconf 92' lang='lat' dir='ltr'><strong>id</strong></span> <span class='ocrx_word' id='word_1_747' title='bbox 845 5472 917 5525; x_wconf 87' lang='lat' dir='ltr'><strong>ita</strong></span> <span class='ocrx_word' id='word_1_748' title='bbox 966 5473 1072 5526; x_wconf 89' lang='lat' dir='ltr'><strong>illis</strong></span> <span class='ocrx_word' id='word_1_749' title='bbox 1121 5480 1443 5540; x_wconf 90' lang='lat' dir='ltr'><strong>usurpatum</strong></span> <span class='ocrx_word' id='word_1_750' title='bbox 1498 5470 1687 5525; x_wconf 87' lang='lat' dir='ltr'><strong>divino</strong></span> <span class='ocrx_word' id='word_1_751' title='bbox 1707 5475 1716 5485; x_wconf 83' lang='lat'><strong><em>&quot;</em></strong></span> 
     </span>
    </p>
   </div>
   <div class='ocr_carea' id='block_1_105' title="bbox 131 5540 1685 5611">
    <p class='ocr_par' dir='ltr' id='par_1_105' title="bbox 131 5540 1685 5611">
     <span class='ocr_line' id='line_1_105' title="bbox 131 5540 1685 5611; baseline 0.001 -18"><span class='ocrx_word' id='word_1_752' title='bbox 131 5541 410 5598; x_wconf 85' lang='lat' dir='ltr'><strong>instinctu.</strong></span> <span class='ocrx_word' id='word_1_753' title='bbox 443 5557 506 5594; x_wconf 86' lang='lat' dir='ltr'><strong>ac</strong></span> <span class='ocrx_word' id='word_1_754' title='bbox 535 5549 852 5611; x_wconf 20' lang='lat' dir='ltr'><strong>spontedea</strong></span> <span class='ocrx_word' id='word_1_755' title='bbox 903 5552 1179 5611; x_wconf 87' lang='lat' dir='ltr'><strong>assumpta</strong></span> <span class='ocrx_word' id='word_1_756' title='bbox 1225 5540 1528 5611; x_wconf 85' lang='lat' dir='ltr'><strong>provincia.</strong></span> <span class='ocrx_word' id='word_1_757' title='bbox 1572 5540 1685 5595; x_wconf 88' lang='lat' dir='ltr'><strong>sive</strong></span> 
     </span>
    </p>
   </div>
   <div class='ocr_carea' id='block_1_106' title="bbox 128 5609 1682 5679">
    <p class='ocr_par' dir='ltr' id='par_1_106' title="bbox 128 5609 1682 5679">
     <span class='ocr_line' id='line_1_106' title="bbox 128 5609 1682 5679; baseline 0.002 -19"><span class='ocrx_word' id='word_1_758' title='bbox 128 5612 247 5677; x_wconf 86' lang='lat' dir='ltr'><strong>quia</strong></span> <span class='ocrx_word' id='word_1_759' title='bbox 273 5611 505 5679; x_wconf 86' lang='lat' dir='ltr'><strong>majores</strong></span> <span class='ocrx_word' id='word_1_760' title='bbox 535 5609 771 5677; x_wconf 82' lang='lat' dir='ltr'><strong>apostoli</strong></span> <span class='ocrx_word' id='word_1_761' title='bbox 819 5609 964 5662; x_wconf 89' lang='lat' dir='ltr'><strong>istud</strong></span> <span class='ocrx_word' id='word_1_762' title='bbox 1012 5609 1260 5665; x_wconf 77' lang='lat' dir='ltr'><strong>muneris</strong></span> <span class='ocrx_word' id='word_1_763' title='bbox 1293 5611 1373 5664; x_wconf 89' lang='lat' dir='ltr'><strong>eis</strong></span> <span class='ocrx_word' id='word_1_764' title='bbox 1426 5609 1682 5678; x_wconf 79' lang='lat' dir='ltr'><strong>iniunxe-</strong></span> 
     </span>
    </p>
   </div>
   <div class='ocr_carea' id='block_1_107' title="bbox 129 5679 1679 5750">
    <p class='ocr_par' dir='ltr' id='par_1_107' title="bbox 129 5679 1679 5750">
     <span class='ocr_line' id='line_1_107' title="bbox 129 5679 1679 5750; baseline 0.003 -20"><span class='ocrx_word' id='word_1_765' title='bbox 129 5688 269 5738; x_wconf 90' lang='lat' dir='ltr'><strong>runt.</strong></span> <span class='ocrx_word' id='word_1_766' title='bbox 302 5681 432 5735; x_wconf 89' lang='lat' dir='ltr'><strong>dum</strong></span> <span class='ocrx_word' id='word_1_767' title='bbox 466 5680 565 5743; x_wconf 89' lang='lat' dir='ltr'><strong>illi,</strong></span> <span class='ocrx_word' id='word_1_768' title='bbox 592 5679 660 5750; x_wconf 86' lang='lat' dir='ltr'><strong>iis</strong></span> <span class='ocrx_word' id='word_1_769' title='bbox 680 5693 802 5746; x_wconf 70' lang='lat' dir='ltr'><strong>quae</strong></span> <span class='ocrx_word' id='word_1_770' title='bbox 829 5687 958 5750; x_wconf 86' lang='lat' dir='ltr'><strong>sunt</strong></span> <span class='ocrx_word' id='word_1_771' title='bbox 986 5683 1210 5749; x_wconf 88' lang='lat' dir='ltr'><strong>propius</strong></span> <span class='ocrx_word' id='word_1_772' title='bbox 1245 5680 1530 5750; x_wconf 88' lang='lat' dir='ltr'><strong>apostolici</strong></span> <span class='ocrx_word' id='word_1_773' title='bbox 1556 5695 1679 5734; x_wconf 88' lang='lat' dir='ltr'><strong>mu-</strong></span> 
     </span>
    </p>
   </div>
   <div class='ocr_carea' id='block_1_108' title="bbox 127 5749 1684 5819">
    <p class='ocr_par' dir='ltr' id='par_1_108' title="bbox 127 5749 1684 5819">
     <span class='ocr_line' id='line_1_108' title="bbox 127 5749 1684 5819; baseline 0.001 -19"><span class='ocrx_word' id='word_1_774' title='bbox 127 5751 292 5819; x_wconf 79' lang='lat' dir='ltr'><strong>neris,</strong></span> <span class='ocrx_word' id='word_1_775' title='bbox 331 5751 425 5804; x_wconf 91' lang='lat' dir='ltr'><strong>toti</strong></span> <span class='ocrx_word' id='word_1_776' title='bbox 449 5749 894 5819; x_wconf 12' lang='lat' dir='ltr'><strong>incumbunt_,rid</strong></span> <span class='ocrx_word' id='word_1_777' title='bbox 921 5757 1024 5810; x_wconf 85' lang='lat' dir='ltr'><strong>est.</strong></span> <span class='ocrx_word' id='word_1_778' title='bbox 1079 5749 1491 5818; x_wconf 69' lang='lat' dir='ltr'><strong>prazdicationi;</strong></span> <span class='ocrx_word' id='word_1_779' title='bbox 1521 5765 1684 5819; x_wconf 85' lang='lat' dir='ltr'><strong>quam</strong></span> 
     </span>
    </p>
   </div>
   <div class='ocr_carea' id='block_1_109' title="bbox 129 5817 1686 5889">
    <p class='ocr_par' dir='ltr' id='par_1_109' title="bbox 129 5817 1686 5889">
     <span class='ocr_line' id='line_1_109' title="bbox 129 5817 1686 5889; baseline 0.003 -19"><span class='ocrx_word' id='word_1_780' title='bbox 129 5817 329 5874; x_wconf 81' lang='lat' dir='ltr'><strong>Paulus</strong></span> <span class='ocrx_word' id='word_1_781' title='bbox 362 5821 432 5874; x_wconf 88' lang='lat' dir='ltr'><strong>sic</strong></span> <span class='ocrx_word' id='word_1_782' title='bbox 457 5818 743 5889; x_wconf 90' lang='lat' dir='ltr'><strong>proprium</strong></span> <span class='ocrx_word' id='word_1_783' title='bbox 767 5817 872 5871; x_wconf 87' lang='lat' dir='ltr'><strong>&#39;sibi</strong></span> <span class='ocrx_word' id='word_1_784' title='bbox 895 5817 1095 5873; x_wconf 85' lang='lat' dir='ltr'><strong>munus</strong></span> <span class='ocrx_word' id='word_1_785' title='bbox 1145 5822 1338 5885; x_wconf 81' lang='lat' dir='ltr'><strong>voluit,</strong></span> <span class='ocrx_word' id='word_1_786' title='bbox 1378 5829 1437 5874; x_wconf 91' lang='lat' dir='ltr'><strong>ut</strong></span> <span class='ocrx_word' id='word_1_787' title='bbox 1465 5817 1555 5874; x_wconf 71' lang='lat' dir='ltr'><strong>ad</strong></span> <span class='ocrx_word' id='word_1_788' title='bbox 1581 5821 1686 5875; x_wconf 87' lang='lat' dir='ltr'><strong>hoc</strong></span> 
     </span>
    </p>
   </div>
   <div class='ocr_carea' id='block_1_110' title="bbox 458 5908 1048 5972">
    <p class='ocr_par' dir='ltr' id='par_1_110' title="bbox 458 5908 1048 5972">
     <span class='ocr_line' id='line_1_110' title="bbox 458 5908 1048 5972; baseline -0.002 -1"><span class='ocrx_word' id='word_1_789' title='bbox 458 5912 728 5972; x_wconf 73' lang='grc' dir='ltr'>ΡΑτιιοι.</span> <span class='ocrx_word' id='word_1_790' title='bbox 769 5910 886 5971; x_wconf 80' lang='lat' dir='ltr'><strong>Gn.</strong></span> <span class='ocrx_word' id='word_1_791' title='bbox 921 5908 1048 5970; x_wconf 81' lang='lat' dir='ltr'><strong>CV.</strong></span> 
     </span>
    </p>
   </div>
   <div class='ocr_carea' id='block_1_111' title="bbox 1791 5466 3359 5540">
    <p class='ocr_par' dir='ltr' id='par_1_111' title="bbox 1791 5466 3359 5540">
     <span class='ocr_line' id='line_1_111' title="bbox 1791 5466 3359 5540; baseline -0.003 -18"><span class='ocrx_word' id='word_1_792' title='bbox 1791 5466 2023 5540; x_wconf 85' lang='lat' dir='ltr'><strong>perinde</strong></span> <span class='ocrx_word' id='word_1_793' title='bbox 2092 5473 2292 5525; x_wconf 71' lang='lat' dir='ltr'><strong>Mentca</strong></span> <span class='ocrx_word' id='word_1_794' title='bbox 2330 5466 2608 5533; x_wconf 78' lang='lat' dir='ltr'><strong>referunt,</strong></span> <span class='ocrx_word' id='word_1_795' title='bbox 2656 5469 2921 5538; x_wconf 80' lang='lat' dir='ltr'><strong>Metaph.,</strong></span> <span class='ocrx_word' id='word_1_796' title='bbox 2956 5466 3210 5534; x_wconf 76' lang='lat' dir='ltr'><strong>Niceph.,</strong></span> <span class='ocrx_word' id='word_1_797' title='bbox 3252 5476 3359 5540; x_wconf 76' lang='lat' dir='ltr'><strong>etc.</strong></span> 
     </span>
    </p>
   </div>
   <div class='ocr_carea' id='block_1_112' title="bbox 1791 5535 3363 5612">
    <p class='ocr_par' dir='ltr' id='par_1_112' title="bbox 1791 5535 3363 5612">
     <span class='ocr_line' id='line_1_112' title="bbox 1791 5535 3363 5612; baseline -0.002 -20"><span class='ocrx_word' id='word_1_798' title='bbox 1791 5535 1946 5606; x_wconf 71' lang='lat' dir='ltr'><strong>Quod</strong></span> <span class='ocrx_word' id='word_1_799' title='bbox 1977 5544 2155 5612; x_wconf 82' lang='lat' dir='ltr'><strong>ignem</strong></span> <span class='ocrx_word' id='word_1_800' title='bbox 2182 5542 2477 5612; x_wconf 78' lang='lat' dir='ltr'><strong>accessisse</strong></span> <span class='ocrx_word' id='word_1_801' title='bbox 2499 5540 2565 5612; x_wconf 82' lang='lat' dir='ltr'><strong>ad</strong></span> <span class='ocrx_word' id='word_1_802' title='bbox 2599 5535 2819 5612; x_wconf 66' lang='lat' dir='ltr'><strong>reliqua</strong></span> <span class='ocrx_word' id='word_1_803' title='bbox 2848 5547 3133 5612; x_wconf 80' lang='lat' dir='ltr'><strong>tormenta</strong></span> <span class='ocrx_word' id='word_1_804' title='bbox 3165 5535 3363 5612; x_wconf 80' lang='lat' dir='ltr'><strong>scribit</strong></span> 
     </span>
    </p>
   </div>
   <div class='ocr_carea' id='block_1_113' title="bbox 1794 5607 3362 5679">
    <p class='ocr_par' dir='ltr' id='par_1_113' title="bbox 1794 5607 3362 5679">
     <span class='ocr_line' id='line_1_113' title="bbox 1794 5607 3362 5679; baseline -0.003 -15"><span class='ocrx_word' id='word_1_805' title='bbox 1794 5607 2032 5676; x_wconf 65' lang='lat' dir='ltr'><strong>l‘iieetas,</strong></span> <span class='ocrx_word' id='word_1_806' title='bbox 2076 5612 2297 5665; x_wconf 87' lang='lat' dir='ltr'><strong>videtur</strong></span> <span class='ocrx_word' id='word_1_807' title='bbox 2353 5610 2650 5679; x_wconf 83' lang='lat' dir='ltr'><strong>singulare.</strong></span> <span class='ocrx_word' id='word_1_808' title='bbox 2703 5610 2886 5661; x_wconf 87' lang='lat' dir='ltr'><strong>Potuit</strong></span> <span class='ocrx_word' id='word_1_809' title='bbox 2935 5608 3016 5679; x_wconf 86' lang='lat' dir='ltr'><strong>sic</strong></span> <span class='ocrx_word' id='word_1_810' title='bbox 3080 5607 3237 5679; x_wconf 82' lang='lat' dir='ltr'><strong>turba</strong></span> <span class='ocrx_word' id='word_1_811' title='bbox 3277 5614 3362 5659; x_wconf 87' lang='lat' dir='ltr'><strong>tu-</strong></span> 
     </span>
    </p>
   </div>
   <div class='ocr_carea' id='block_1_114' title="bbox 1793 5677 3364 5744">
    <p class='ocr_par' dir='ltr' id='par_1_114' title="bbox 1793 5677 3364 5744">
     <span class='ocr_line' id='line_1_114' title="bbox 1793 5677 3364 5744; baseline -0.003 -10"><span class='ocrx_word' id='word_1_812' title='bbox 1793 5682 2100 5736; x_wconf 84' lang='lat' dir='ltr'><strong>multuante</strong></span> <span class='ocrx_word' id='word_1_813' title='bbox 2130 5697 2192 5735; x_wconf 89' lang='lat' dir='ltr'><strong>ac</strong></span> <span class='ocrx_word' id='word_1_814' title='bbox 2217 5677 2563 5744; x_wconf 67' lang='lat' dir='ltr'><strong>saeviente,ut</strong></span> <span class='ocrx_word' id='word_1_815' title='bbox 2585 5678 3180 5733; x_wconf 86' lang='lat' dir='ltr'><strong>estAlexandrinorum</strong></span> <span class='ocrx_word' id='word_1_816' title='bbox 3213 5677 3364 5730; x_wconf 74' lang='lat' dir='ltr'><strong>ferox</strong></span> 
     </span>
    </p>
   </div>
   <div class='ocr_carea' id='block_1_115' title="bbox 1796 5747 3361 5820">
    <p class='ocr_par' dir='ltr' id='par_1_115' title="bbox 1796 5747 3361 5820">
     <span class='ocr_line' id='line_1_115' title="bbox 1796 5747 3361 5820; baseline -0.001 -18"><span class='ocrx_word' id='word_1_817' title='bbox 1796 5751 2099 5818; x_wconf 87' lang='lat' dir='ltr'><strong>ingenium,</strong></span> <span class='ocrx_word' id='word_1_818' title='bbox 2134 5752 2368 5804; x_wconf 87' lang='lat' dir='ltr'><strong>cadaver</strong></span> <span class='ocrx_word' id='word_1_819' title='bbox 2401 5751 2455 5802; x_wconf 90' lang='lat' dir='ltr'><strong>in</strong></span> <span class='ocrx_word' id='word_1_820' title='bbox 2514 5750 2693 5820; x_wconf 87' lang='lat' dir='ltr'><strong>ignem</strong></span> <span class='ocrx_word' id='word_1_821' title='bbox 2741 5748 2978 5820; x_wconf 85' lang='lat' dir='ltr'><strong>conjici;</strong></span> <span class='ocrx_word' id='word_1_822' title='bbox 3019 5747 3163 5820; x_wconf 85' lang='lat' dir='ltr'><strong>unde</strong></span> <span class='ocrx_word' id='word_1_823' title='bbox 3197 5747 3361 5801; x_wconf 83' lang='lat' dir='ltr'><strong>Marci</strong></span> 
     </span>
    </p>
   </div>
   <div class='ocr_carea' id='block_1_116' title="bbox 1795 5818 3122 5889">
    <p class='ocr_par' dir='ltr' id='par_1_116' title="bbox 1795 5818 3122 5889">
     <span class='ocr_line' id='line_1_116' title="bbox 1795 5818 3122 5889; baseline 0.001 -17"><span class='ocrx_word' id='word_1_824' title='bbox 1795 5821 2049 5889; x_wconf 80' lang='lat' dir='ltr'><strong>discipuli</strong></span> <span class='ocrx_word' id='word_1_825' title='bbox 2079 5828 2383 5875; x_wconf 82' lang='lat' dir='ltr'><strong>extractum</strong></span> <span class='ocrx_word' id='word_1_826' title='bbox 2417 5818 2717 5874; x_wconf 84' lang='lat' dir='ltr'><strong>honorilice</strong></span> <span class='ocrx_word' id='word_1_827' title='bbox 2778 5818 3122 5887; x_wconf 76' lang='lat' dir='ltr'><strong>sepelierint.</strong></span> 
     </span>
    </p>
   </div>
   <div class='ocr_carea' id='block_1_117' title="bbox 2799 5907 2867 5970">
    <p class='ocr_par' dir='ltr' id='par_1_117' title="bbox 2799 5907 2867 5970">
     <span class='ocr_line' id='line_1_117' title="bbox 2799 5907 2867 5970; baseline -0.074 0"><span class='ocrx_word' id='word_1_828' title='bbox 2799 5907 2867 5970; x_wconf 88' lang='grc'>10</span> 
     </span>
    </p>
   </div>
  </div>
