3922 6314
447 316 550 378 29')

519 421 781 490 tlumjam
812 421 994 488 itaque
1047 429 1244 486 prmsto
1298 428 1445 473 esset
1478 417 1849 488 emigrationie
1882 423 2019 469 tem-
2053 422 2099 478 Α

452 530 551 584 pus
582 530 644 566 ac
674 512 893 583 praemia
919 509 1252 564 conferenda
1285 519 1495 569 essent,
1560 513 1848 578 derepente
1893 506 2019 558 Ale-

454 606 844 659 xandrinorum
909 603 1272 671 nequissimis
1305 604 1457 656 zelus
1487 602 1814 664 inardescit;
1872 598 2024 652 zelus

454 696 664 749 Scilicet
727 692 1055 747 dannoniaci
1099 691 1303 746 furoris
1353 709 1417 746 ac
1475 694 1558 746 sui
1608 692 1897 760 impotens.
1937 687 2022 751 lli,

451 783 739 841 consilium
766 786 818 837 in
851 795 1101 838 sanetum
1127 783 1401 847 ineuntes,
1434 793 1596 852 atque
1622 783 1674 835 iu
1730 780 1854 849 eius
1878 780 2024 834 aedes

451 879 937 940 invadentes,eum
968 875 1312 929 Dominieum
1362 890 1498 944 opus
1550 879 1797 943 agentem
1849 871 2023 925 οπεο-

451 972 684 1031 disserit,
772 968 1011 1021 violenta
1065 983 1230 1022 manu
1301 970 1608 1035 abreptum,
1694 963 1793 1018 soli
1863 962 2026 1032 pavi-

454 1069 638 1115 mento
679 1059 956 1125 allidunt;
1005 1068 1234 1130 tumque
1295 1059 1478 1128 ligatis
1507 1074 1536 1112 e
1571 1056 1710 1112 collo
1781 1054 2022 1116 funibus,

451 1152 539 1204 alii
572 1151 793 1219 quidem
830 1150 1010 1206 media
1040 1150 1372 1205 Alexandria
1401 1148 1635 1202 ludibrio
1669 1144 2027 1214 propudiosa-

453 1260 556 1312 que
586 1245 901 1312 spectaculo
925 1245 992 1298 ab
1028 1252 1152 1297 ante
1178 1242 1489 1305 trahebant,
1526 1240 1614 1293 alii
1648 1237 1820 1292 secuti
1863 1236 2024 1289 fusti--

452 1335 959 1403 huslapidibusque
998 1331 1307 1386 tondebant
1341 1349 1354 1384 :
1391 1346 1497 1398 qua
1522 1330 1566 1382 is
1600 1328 1826 1385 smvitia.
1867 1340 2024 1381 saera
2065 1344 2070 1348 κ

454 1425 674 1493 linoque
705 1424 902 1478 dilecta
935 1438 995 1475 ac
1032 1422 1348 1492 gratissima
1375 1421 1594 1473 victima
1623 1418 1856 1470 exstitit.

523 1601 657 1652 Eum
684 1601 737 1653 in
763 1598 1003 1659 modum,
1026 1595 1396 1664 apostolorum
1421 1607 1634 1648 summa
1667 1592 2027 1645 admiratione

453 1691 634 1756 digne,
685 1701 972 1742 sacrorum
1033 1684 1339 1736 antistitum
1398 1682 1795 1742 sacratissime,
1826 1682 2024 1734 trium-

1640 306 1931 368 meum
1969 304 2498 368 PAPHLAGONIS
3606 308 3700 368 3ου

2217 414 2365 467 Ἐπεὶ
2397 414 2452 467 δὲ
2481 412 2581 484 τῆς
2606 413 2917 476 ἀναλύσεως
2947 414 3040 465 καὶ
3075 413 3180 464 τῶν
3213 416 3494 484 στεφάνων
3522 416 3551 468 ὀ
3583 431 3698 469 και-

2133 507 2222 577 ρὸς
2263 505 2364 575 ἥδη
2409 505 2628 576 παρῆν,
2663 505 2822 569 ζῆλος
2868 504 2965 574 μὶν
3006 502 3234 567 ἐξάπινα
3270 509 3382 570 τοῖς
3410 508 3522 560 τῶν
3564 508 3700 559 Ἀλε-

2127 595 2397 665 ξανδρέων
2428 595 2730 648 άνάπτεται
2765 595 3174 666 πονηροτάτοιςο
3203 597 3361 666 ζῆλος
3397 597 3700 668 δαιμωνιώ-

2127 688 2242 758 δης,
2269 687 2363 739 καλ⁷
2395 687 2453 739 οὐ
2481 685 2765 749 καθεκτόςο
2804 689 2853 740 oi
2886 682 3208 757 συμϐούλιον
3245 691 3366 741 κατ’
3408 690 3577 743 αὐτοῦ
3608 692 3700 745 λα-

2128 779 2335 843 ϐόντες,
2376 780 2469 831 καὶ⁵
2513 779 2611 849 τὴν
2669 779 2848 832 οἰκίαν
2892 780 2985 833 τοῦ
3027 781 3302 852 μακαρίου
3337 784 3698 849 πεφθακότις,

2111 869 2220 920 καὶ
2245 867 2430 920 τοῦτον
2460 866 2552 920 τοῦ
2586 865 2793 938 Κυρίου
2823 869 2883 921 τὸ
2917 869 3076 939 ἔργον
3112 869 3515 934 καταλαδόντες
3539 873 3699 942 ἤργα-

2129 957 2378 1026 ζόμενον,
2412 959 2822 1026 συναρπάζουσί
2847 976 2904 1036 τε
2942 960 3206 1031 σφοδρῶς,
3240 960 3442 1030 καὶτῷ
3469 961 3569 1031 τῆς
3605 964 3700 1032 γῆς

2127 1049 2316 1116 ἐδάφει
2355 1049 2849 1120 προσαράσσουσιν.
2898 1048 3032 1104 Εῐτα
3077 1053 3360 1114 καλωδίοις
3401 1051 3572 1105 αὐτοῦ
3614 1056 3701 1106 τὸν

2129 1137 2399 1207 τράχηλον
2448 1138 2780 1208 ἐξάψαντες,
2825 1141 2874 1192 οἱ
2918 1141 3015 1210 μὲν
3046 1140 3358 1211 ἔμπροσθεν
3408 1135 3592 1197 εἷλκον
3621 1142 3705 1196 διὰ

2133 1229 2308 1297 μέσης
2345 1229 2755 1302 Ἀλεξανδρείας
2808 1231 3180 1304 θεατρίζοντες
3227 1237 3320 1286 καὶ
3355 1235 3606 1302 παίγνιον
3633 1251 3706 1287 τι·

2130 1319 2331 1381 θέντες·
2359 1323 2412 1382 ,οἱ
2461 1322 2517 1374 δὲ
2552 1322 2727 1387 ξύλοις
2764 1325 2854 1378 καὶ
2905 1323 3076 1389 λίθοις
3109 1325 3362 1392 ἑπόμενοι
3396 1326 3700 1381 κατέκλων·

2135 1414 2223 1463 καὶ
2248 1412 2395 1482 θῦμα
2439 1414 2580 1483 ἱερὸν
2621 1414 2763 1466 οὕτω
2796 1415 2889 1467 καὶ
2931 1415 3083 1483 φίλον
3109 1414 3228 1484 Θεῷ
3257 1416 3350 1468 καὶ
3380 1418 3700 1487 εὐχάριστον

2135 1502 2397 1574 ἱέρευσαν.

2201 1595 2390 1657 Οὕτως
2419 1635 2432 1658 ,
2478 1589 2522 1646 ὦ
2565 1593 2980 1664 θαυμασιώτατε
3040 1596 3148 1648 τῶν
3199 1597 3542 1664 ἀποστόλων,
3596 1597 3702 1650 τῶν

2141 1687 2409 1758 ἱεραρχῶν
2468 1687 3033 1754 ίεροτελεστικώκατε’
3070 1687 3177 1740 τῶν
3203 1689 3528 1760 ἀοληφόρων
3548 1692 3700 1764 στερ-

453 1781 746 1846 phatorttm
779 1776 1108 1831 athletarum
1152 1775 1455 1829 fortissime
1486 1789 1548 1826 ae
1576 1773 2020 1843 generosissime,

2135 1780 2323 1850 ρότατε
2361 1781 2456 1832 καὶ
2493 1780 2867 1847 γενναιότατε,
2919 1781 2979 1832 τὸ
3012 1783 3265 1851 σάρκινον
3302 1782 3522 1852 ἔλυτρον
3551 1801 3699 1853 μιαι-

450 1877 737 1921 cruentum
761 1867 940 1923 adhuc
973 1867 1286 1920 necantium
1343 1866 1597 1918 manibus
1640 1866 1880 1919 scissum
1911 1880 2027 1918 car-

449 1962 534 2013 nis
559 1959 994 2028 integumentum
1017 1956 1358 2024 relinquens,
1388 1958 1452 2010 ad
1494 1958 1815 2011 certaminis
1847 1956 2023 2024 ipsum

452 2049 732 2120 praesidem
767 2065 829 2103 ac
856 2046 1204 2104 Servatorem
1235 2046 1516 2101 Christum
1545 2062 1743 2099 corona
1815 2045 2026 2098 redimi-

451 2153 539 2194 tus
564 2148 819 2208 receptus
859 2154 948 2205 es;
996 2146 1301 2206 posteaque
1351 2153 1512 2191 sacro
1559 2138 1649 2191 illo
1698 2137 2025 2206 corpusculo

452 2233 561 2299 igni
607 2230 940 2292 sacriﬁcate,
975 2229 1050 2282 ita
1101 2230 1342 2298 mutique
1397 2228 1468 2290 ei,
1516 2245 1676 2299 quem
1731 2229 2020 2291 dilexeras.

450 2326 629 2374 lactus
664 2321 864 2385 hostia,
908 2319 1291 2373 holocaustum
1349 2319 1650 2389 perfectura
1712 2319 2021 2373 immacula-

452 2423 562 2463 tum
598 2412 648 2462 in
676 2410 898 2465 odorem
933 2411 1221 2464 suavitatis
1275 2410 1491 2464 oblatus
1514 2425 1594 2464 es.

518 2501 854 2567 Aveitaque,
888 2499 1068 2553 divine
1120 2500 1415 2568 divinoque
1469 2515 1632 2554 sensu
1658 2502 2020 2569 evangelista!

447 2590 655 2648 Gaude,
674 2589 815 2654 quod
835 2588 937 2642 etsi
958 2587 1204 2641 inferiori
1229 2586 1516 2640 duodecim
1532 2588 1722 2640 ordine
1745 2604 1805 2641 ac
1825 2588 2022 2652 classe,

449 2679 720 2749 Evangelii
782 2688 965 2733 tamen
1019 2677 1302 2732 iunctione
1349 2693 1410 2731 ac
1436 2678 1702 2732 Paraclcti
1731 2681 1909 2742 donis.
1955 2683 2023 2734 ab

449 2787 638 2826 eorum
684 2771 818 2824 nihil
850 2769 1188 2839 perfectione
1223 2771 1475 2826 delicias.

522 2947 711 3000 Gaude
737 2946 878 3014 quod
909 2945 1174 3014 apostolis
1235 2955 1292 2999 ut
1339 2947 1636 3015 apostolus,
1677 2949 2024 3016 evangelistis

451 3045 712 3105 tanquam
769 3037 1129 3104 evangelista,
1189 3039 1515 3105 patriarchis
1578 3045 1634 3091 ut
1691 3039 2017 3105 patriarcha,

452 3139 613 3196 atque
645 3136 702 3179 ut
727 3139 933 3197 martyr
964 3129 1295 3197 martyribus
1351 3139 1782 3189 eonttumeratus
1835 3131 1910 3184 sis
1957 3145 2019 3184 ac

450 3229 766 3288 cooptatus;
835 3221 1071 3287 hineque
1150 3223 1282 3276 \at'ii
1331 3223 1547 3292 generis
1590 3238 1790 3276 corona
1827 3225 2024 3277 eximie

451 3309 807 3378 praefulgens,
839 3325 1054 3363 summo
1087 3312 1330 3363 omnium
1373 3310 1502 3383 Regi
1541 3323 1718 3366 astare
1751 3328 1779 3365 a
1816 3313 2021 3366 dextris

451 3406 480 3452 tl
511 3416 648 3469 gnua
676 3401 893 3454 habitus
926 3416 1005 3454 es.

524 3491 735 3553 Gaude,
794 3493 939 3558 quod
984 3507 1089 3543 non
1123 3492 1312 3555 sentcl,
1361 3491 1454 3545 sed
1511 3500 1564 3546 et
1624 3484 1844 3561 saepius.
1879 3493 2021 3547 bono

450 3583 576 3636 Jtzsu
619 3581 932 3635 testimonio
977 3581 1323 3648 perfunctus,
1371 3598 1543 3651 neque
1585 3579 1754 3636 sentt-1
1808 3586 2021 3637 vinctus

455 3674 697 3732 l'unihus,
737 3672 908 3724 media
953 3673 1173 3725 civitate
1203 3683 1434 3738 tractus,
1468 3685 1520 3726 et
1550 3672 1822 3726 laceratus
1850 3674 2023 3726 carni-

452 3766 550 3815 hus
599 3762 756 3826 es,'et
809 3770 898 3813 tuo
956 3763 1127 3829 ipsius
1174 3777 1370 3816 cruore
1429 3763 1713 3816 infectus:
1757 3765 1849 3816 sed
1898 3773 2022 3832 post

450 3855 679 3922 primaut
731 3852 1023 3913 lanienam,
1077 3851 1378 3905 semivivus
1421 3853 1472 3904 in
1516 3868 1794 3905 carcerem
1832 3854 2018 3922 conje-

446 3955 592 4007 (itus,
629 3960 691 3997 ae
727 3955 889 3997 noctu
931 3945 1174 4011 angelica
1202 3959 1332 3998 voce
1364 3954 1589 3999 sanatus
1625 3957 1788 4013 atque
1820 3947 2020 4001 anima-

446 4048 569 4100 tus,
609 4037 744 4089 etin
807 4037 1111 4089 craSLinum
1150 4037 1312 4090 simili
1361 4038 1539 4090 adhuc
1582 4039 1793 4090 ratione
1825 4039 2020 4107 ligatus

449 4138 764 4195 tractusque
795 4166 807 4188 ,
846 4128 1010 4195 inque
1039 4144 1162 4179 eum
1201 4128 1421 4179 modum
1451 4131 1682 4182 astantis
1710 4129 1922 4180 Dom‘ni
1958 4143 2020 4181 ae

447 4219 596 4284 pacis
623 4219 810 4269 osculo
845 4217 1103 4269 donantis
1134 4225 1354 4283 aspectu
1389 4227 1670 4269 recreatus
1725 4218 1868 4268 nulla
1901 4233 2020 4269 ver-

448 4308 640 4357 horum
675 4305 721 4355 vi
758 4305 1063 4372 explit-aliili
1092 4308 1290 4373 gaudio
1317 4319 1370 4360 et
1402 4306 1766 4360 exsultatione
1797 4309 1861 4359 ad
1895 4322 2017 4361 eum

447 4400 748 4464 emigrasti.
1885 4387 1891 4400 ⁷

516 4488 724 4549 Gautle,
760 4488 958 4552 Marce,
1029 4489 1235 4540 [εἱειειείεί
1305 4491 1615 4541 mandatum
1666 4508 1725 4543 ex
1781 4493 2020 4547 nominis

449 4582 565 4647 ipsa
603 4571 838 4629 ratione.
909 4577 1047 4630 Vere
1098 4579 1239 4630 rnim
1296 4581 1557 4632 Allissitni
1622 4583 2017 4649 prepemodum

451 4672 766 4723 mandatum
801 4673 1084 4730 exstitisti,
1109 4671 1421 4738 justiiieans
1453 4688 1547 4726 eos
1580 4674 1671 4740 qui
1724 4690 2022 4742 sequeren-

452 4770 556 4818 tur,
581 4774 642 4811 ae
664 4759 1039 4812 condemnatis
1061 4775 1178 4820 eos,
1200 4762 1290 4827 qui
1320 4768 1413 4812 tuo
1439 4759 1731 4829 Evangelio
1758 4763 2020 4818 increduli

449 4847 649 4902 essent.
691 4847 880 4902 Gaude
906 4859 959 4902 et
986 4849 1192 4912 laetare,
1234 4850 1422 4918 tuique
1448 4853 1750 4904 memorum
1790 4868 2016 4917 memor,

451 4951 555 4994 tum
588 4957 686 4994 nos
711 4941 979 4995 claritatis
1027 4950 1079 4994 et
1138 4942 1347 5009 gratiae,
1402 4949 1507 4994 tuae
1541 4943 1591 4993 in
1645 4943 1800 4996 caelis
1827 4947 2020 5011 jucunv

449 5034 634 5086 uitatis
692 5041 745 5085 et
777 5033 1081 5101 splendoris
1119 5036 1416 5101 participes
1471 5035 1727 5102 precibus
1763 5035 1933 5099 ellice,
1964 5037 2015 5088 in

445 5125 662 5177 tlhristo
692 5123 819 5177 Jcsu
848 5123 1074 5177 Domino
1113 5135 1322 5189 nostro,
1358 5124 1445 5177 cui
1481 5133 1562 5178 est
1595 5125 1786 5187 honor,
1846 5128 2015 5197 gloria

447 5224 498 5265 et
524 5225 762 5281 potestas
791 5224 1013 5285 aeterna.
1059 5215 1255 5267 Amen.

2129 1865 2306 1931 φόνοις
2338 1864 2419 1918 ἔτι
2455 1865 2791 1936 ῥηγνύμενον
2826 1869 3014 1937 χερσὶν
3039 1870 3219 1938 ἀφεὶς,
3252 1871 3386 1940 πρὸς
3421 1873 3511 1925 τὸν
3552 1873 3699 1939 ἀγω·

2127 1953 2350 2021 νοθέτην
2393 1954 2486 2005 κα)⁵
2519 1954 2746 2024 Σωτῆρα
2779 1959 3202 2028 στεφανηφορῶν
3232 1961 3537 2030 ἁνελήφθης
3567 1962 3700 2031 Χρι-

2129 2043 2272 2096 στόν·
2309 2044 2402 2096 καὶ
2437 2045 2498 2095 τὸ
2530 2045 2672 2114 ἱερὸν
2705 2046 2761 2098 δὲ
2796 2046 2932 2114 μετὰ
2972 2048 3143 2102 ταῦτα
3179 2050 3452 2118 σωμάτιον
3483 2052 3571 2105 διὰ
3599 2069 3707 2104 stu--

2130 2138 2221 2203 (2";
2266 2137 2739 2205 ἱερουργούμενος,
2782 2140 2875 2189 καὶ
2897 2139 3058 2199 οὕτω,
3092 2141 3176 2192 διὰ
3209 2141 3424 2194 πάντων
3460 2143 3538 2211 τῷ
3560 2145 3697 2212 ἠγα-

2126 2227 2332 2297 πηκότι
2363 2245 2419 2279 σε
2452 2229 2892 2299 καθιερούμενος,
2918 2231 3286 2301 ὀλοκάρπωμα
3317 2233 3520 2287 τέλειον
3546 2234 3696 2304 ἀμω-

2129 2335 2228 2389 μον
2257 2319 2337 2382 εἰς
2369 2319 2545 2390 ὀσμὴν
2581 2320 2806 2382 εὐωδίας
2849 2322 3148 2393 ἀνηνέχθης
3179 2323 3347 2393 αὐτῷ.

2197 2491 2367 2562 Χαῖρε
2393 2491 2593 2553 τοίνυν,
2632 2486 2676 2545 ὦ
2722 2493 2971 2563 θεσπέσιε
3023 2495 3116 2549 καὶ
3146 2495 3371 2565 θεόφρον
3410 2496 3697 2565 εὐαγγελι-

2128 2582 2248 2634 στά.
2283 2583 2474 2652 Χαῖρε,
2501 2583 2582 2636 ὃτι
2610 2585 2657 2636 εἰ
2683 2584 2776 2637 καὶ
2815 2586 2911 2654 τὴν
2937 2587 3087 2652 τάξιν
3115 2589 3211 2656 τῆς
3237 2587 3534 2650 δωδεκάδος
3563 2588 3692 2640 ὐπο-

2125 2670 2367 2741 δέὸηκας
2393 2713 2406 2736 ,
2436 2673 2573 2726 ἀλλά
2606 2678 2673 2744 τῇ
2702 2677 2977 2747 ἱερουργίᾳ
3002 2678 3091 2730 τοῦ
3117 2679 3448 2745 Εὐαγγελῖου
3473 2679 3565 2731 καὶ
3590 2680 3696 2742 τοῖς

2124 2762 2217 2816 τοῦ
2287 2765 2645 2836 Παρακλήτου
2709 2769 3040 2838 χαρίσμασιν
3115 2769 3267 2822 οὐδὲν
3318 2771 3416 2840 τῆς
3474 2772 3696 2823 ἐκείνων

2125 2853 2379 2925 ἐλείφθης
2421 2857 2540 2909 τελε
2550 2857 2782 2924 ιότητος.

2197 2945 2392 3015 Χαῖρε,
2448 2947 2528 2998 ὃτι
2579 2951 2690 3009 τοῖς
2737 2949 3050 3010 ἀποστόλοις
3079 2949 3154 3012 ὡς
3211 2950 3542 3014 ἀπόστολος,
3589 2953 3697 3013 τοῖς

2129 3036 2540 3103 εὐαγγελισταῖς
2578 3038 2652 3101 ὡς
2685 3038 3103 3106 εὐαγγελιστὴς,
3162 3041 3255 3092 καὶ
3288 3042 3398 3102 τοῖς
3431 3042 3700 3110 πατριάρ⁴

2124 3143 2244 3195 καις
2277 3126 2376 3194 μὲν
2421 3126 2494 3190 ὼς
2533 3128 2893 3199 πατριάρχης,
2928 3128 3002 3190 ὼς
3063 3130 3267 3199 μάρτυς
3300 3130 3354 3180 δὲ
3406 3131 3518 3191 τοῖς
3561 3129 3699 3199 μάρ-

2123 3233 2246 3266 τυσι
2306 3217 2772 3287 συνηριθμημένος
2838 3218 2929 3292 καί
2964 3218 3413 3288 συντεταγμένος,
3448 3220 3544 3272 καὶ⁸
3577 3236 3696 3272 ποι-

2126 3305 2259 3376 κίλῳ
2289 3308 2538 3378 στεφάνῳ
2574 3307 2658 3360 διὰ
2691 3307 2863 3360 ταῦτα
2896 3309 3387 3378 καθωραῖζόμενος,
3419 3311 3481 3362 ἐκ
3512 3309 3697 3377 δεξιῶι

2124 3396 2474 3467 παραστῆναι
2501 3399 2574 3468 τῷ
2602 3399 2937 3470 Παμόασιλεί
2967 3399 3339 3464 καταξιοῦσαι.

2193 3491 2388 3558 Χαῖρε,
2418 3492 2611 3560 ὃτιούχ
2634 3492 2782 3556 ἂπαξ
2828 3493 2927 3559 τὴν
2966 3491 3133 3560 καλὴν
3175 3490 3347 3559 Ἰησοῦ
3387 3491 3697 3560 μαρτυρίαν

2123 3579 2534 3650 ἐμαρτύρησας,
2619 3582 2905 3636 πλεονάκις
2948 3581 3005 3633 δέ
3033 3597 3046 3610 ·
3094 3580 3198 3632 οὐδ’
3254 3580 3399 3645 ἅπαξ
3441 3580 3698 3649 σχοινίοις

2124 3672 2438 3734 καταδεθεὶς
2492 3671 2579 3723 διὰ
2634 3672 2804 3740 μέσης
2847 3671 2944 3741 τῆς
2985 3672 3193 3734 πόλεως
3242 3671 3568 3740 είλκύσθης,
3606 3672 3698 3724 καὶ

2122 3761 2219 3823 τὰς
2251 3763 2458 3831 σάρκας
2517 3762 2919 3832 κατετρύφθης,
2984 3765 3076 3816 καὶ
3123 3763 3202 3833 τῷ
3261 3763 3445 3828 οἰκείῳ
3500 3763 3697 3831 αἵματι

2124 3853 2352 3921 ἐδάφης·
2386 3853 2520 3905 άλλά
2565 3855 2702 3923 μετὰ
2749 3856 2836 3904 τὸν
2883 3856 3213 3923 σπαραγμὸν
3249 3854 3337 3906 τὸν
3373 3854 3590 3924 πρῶτον
3617 3857 3696 3917 είς

2123 3942 2348 4012 εἱρκτὴν
2399 3941 2666 4013 ἡμιθανὴς
2709 3942 3022 4010 ἐμϐληθεὶς,
3069 3944 3161 3995 καὶ
3202 3943 3266 3994 δι’
3310 3941 3541 4009 ἀγγέλου
3583 3960 3695 4010 φω-

2122 4035 2217 4102 νῆς
2251 4032 2441 4094 νυκτὸς
2473 4032 2641 4093 ἰαθεὶς
2673 4033 2767 4084 καὶ
2801 4031 3316 4101 προθυμοποιηθείς·
3343 4031 3438 4085 καὶ
3471 4033 3538 4100 τῇ
3568 4032 3694 4100 ἑξῆς

2121 4123 2276 4184 αὖθις
2323 4124 2524 4191 ὁμοίως
2559 4122 2735 4184 δεθεὶς
2799 4125 2891 4174 καὶ
2951 4125 3304 4194 κατασυρεὶς,
3367 4124 3461 4175 καὶ
3525 4123 3699 4187 οὕτως

2121 4214 2420 4266 ἐπιστάντα
2465 4213 2557 4265 τὸν
2610 4213 2812 4282 Κύριον
2853 4219 2944 4267 καὶ
2996 4216 3287 4285 εἰρηνικῶς
3316 4216 3701 4284 ἀσπαζόμενον

2121 4304 2468 4373 τεθεαμένος,
2501 4305 2638 4375 μετὰ
2666 4308 2837 4376 χαρᾶς
2862 4307 3140 4375 ἀφράστου
3190 4307 3282 4358 καὶ
3325 4306 3700 4373 ἀγαλλιάσεως

2045 4425 2099 4482 D
2127 4398 2466 4468 ὲξεδὴμησας
2507 4400 2645 4465 πρῖς
2671 4398 2853 4451 αὐτόν.

2196 4491 2388 4559 Χαῖρε,
2417 4490 2611 4559 Μάρκε
2634 4529 2646 4552 ,
2673 4491 2710 4556 ἡ
2737 4491 2841 4543 τοῦ
2860 4490 3122 4558 Ὑψηλοῦ
3146 4490 3385 4557 ἐντολὴ,
3427 4490 3572 4543 κατά
3600 4491 3699 4560 τὴν

2127 4582 2405 4650 σημασίαν
2459 4581 2549 4633 τοῦ
2604 4582 2903 4651 ὀνόματος·
2956 4582 3194 4653 καὶγὰρ
3235 4582 3448 4651 ἀληθῶς
3496 4583 3699 4651 τρόπον

2126 4672 2246 4725 τινὰ
2297 4671 2391 4725 τοῦ
2442 4672 2693 4740 Ὑψίστου
2729 4674 2977 4740 γέγονας
3008 4674 3218 4744 ἐντολὴ,
3277 4671 3562 4726 δικαιοῦσα
3603 4673 3699 4741 μὲν

2127 4760 2254 4822 τοὺς
2287 4763 2607 4831 ἑπομένους,
2636 4763 3039 4833 κατακρίνουσα
3082 4763 3137 4816 δὲ
3179 4764 3302 4826 τοὺς
3332 4763 3699 4824 ἀπειθοῦντας

2125 4852 2202 4920 τῷ
2239 4851 2548 4920 Εὐαγγελίῳ
2602 4870 2714 4906 σου·
2760 4860 2916 4926 χαῖρε
2963 4857 3056 4910 καὶ
3112 4855 3430 4924 εὐφραίνου,
3464 4855 3698 4907 καὶτῶν

2127 4946 2488 5014 μεμνημένων
2545 4963 2637 4998 σου
2676 4947 3041 5015 μεμνημένος,
3097 4949 3197 5016 τῆς
3254 4946 3350 5015 σῆς
3392 4945 3552 5016 δόξης
3604 4951 3697 5000 καί

2123 5036 2363 5104 χάριτος,
2395 5040 2493 5104 τῆς
2523 5037 2619 5105 σῆς
2663 5041 2722 5090 ὲν
2768 5040 3014 5108 οὐρανοῖς
3057 5036 3394 5107 εὐφροσύνης
3438 5039 3532 5089 καὶ
3559 5037 3694 5107 λαμ-

2122 5129 2392 5195 πρότητος
2456 5129 2756 5197 πρόσευξαι
2809 5131 3120 5198 μετασχεῖν·
3160 5131 3218 5182 ἐν
3252 5127 3475 5198 Χριστῷ
3517 5129 3694 5199 Ἰησοῦ

2120 5219 2194 5286 τῷ
2228 5220 2412 5287 Κυρίῳ
2441 5220 2615 5288 ἡμῶν,
2643 5216 2684 5288 ᾧ
2715 5223 2748 5289 ἡ
2777 5221 2921 5285 δόξα,
2949 5221 3083 5290 τιμὴ
3105 5221 3197 5273 καὶ
3218 5221 3418 5291 κράτος
3450 5220 3692 5277 αἰώνιον.

2137 5308 2189 5357 Ἀ
2199 5311 2324 5378 μήν.
