3922 6314
405 397 510 461 303

1578 379 1866 442 NICETZE
1897 375 2418 438 PAPHLAGONIS

3532 367 3644 429 304

408 518 492 562 est
528 498 1008 558 sanetiticationem
1041 494 1197 549 nobis
1229 493 1584 554 asciscamus,
1617 489 1965 558 condignam-

2102 503 2244 550 lSVOt,
2289 486 2382 537 τὸν
2434 483 2564 553 παρ’
2597 481 2774 534 αὐτῶν
2835 479 2930 549 μὲν
2966 479 3233 548 ἁγιασμὸν
3271 477 3354 546 ἐφ’
3407 479 3646 538 ἑαυτοὺς

409 612 516 667 que
551 595 656 649 illis
686 592 878 651 vicem,
913 587 1144 641 salutem
1177 592 1422 637 nostram
1455 581 1768 634 olIeramus.

481 767 736 821 Sanctum
756 759 972 830 quidem
992 771 1054 810 ac
1069 752 1661 814 convenientissimum,
1683 746 1847 815 utqui
1865 744 1974 799 Deo

414 857 803 928 propinquant,
851 863 1042 903 omnes
1078 843 1336 899 laudibus
1381 852 1542 911 atque
1588 841 1792 893 honore
1845 852 1972 905 pro-

415 959 726 1015 sequamur,
755 941 848 996 sed
876 953 969 993 eos
999 938 1255 998 maxime,
1302 933 1396 1003 qui
1447 931 1696 1019 maxima
1722 929 1832 981 Deo
1880 942 1975 980 ne-

413 1034 745 1090 cessitudine
774 1029 1097 1098 junguntur.
1138 1025 1259 1078 Non
1310 1016 1454 1078 enim
1506 1033 1693 1074 omnes
1729 1016 1972 1084 ejusdem

414 1125 622 1178 ordinis
651 1136 712 1174 ac
733 1120 926 1173 classis
948 1118 1248 1179 exsistunt;
1277 1113 1369 1168 sed
1405 1115 1456 1165 in
1477 1103 1647 1180 primo
1669 1107 1758 1161 alii
1783 1122 1974 1171 censu,

414 1217 505 1269 alii
565 1214 620 1266 in
683 1220 960 1281 postremo
1014 1195 1302 1264 habentur.
1367 1205 1458 1259 Uti
1510 1203 1766 1255 nimirum
1810 1198 1989 1270 ctiam,

419 1305 558 1375 apud
593 1318 747 1373 reges
779 1312 936 1356 terra:
965 1315 1071 1353 non
1099 1312 1242 1353 unus
1297 1297 1550 1363 idemque
1580 1292 1820 1344 omnium
1847 1304 1978 1342 con—

417 1413 604 1453 sessus
639 1394 970 1465 gradusque,
1024 1391 1117 1444 sed
1174 1389 1264 1441 alii
1307 1387 1506 1456 primo,
1559 1383 1645 1438 alii
1703 1389 1978 1451 postremo

414 1491 691 1544 habentur
742 1505 753 1538 :
802 1484 1024 1553 quidam
1081 1481 1242 1535 etiam
1299 1477 1498 1536 medio,
1557 1486 1655 1540 pro
1710 1470 1979 1540 cujusque

412 1577 635 1628 virtutis
658 1574 886 1635 ratione,
921 1577 1014 1623 aut
1042 1569 1162 1634 ejus
1188 1565 1278 1633 qui
1302 1569 1500 1632 praeest
1523 1562 1588 1614 ad
1614 1575 1710 1615 eos
1742 1573 1931 1612 amore
1961 1578 1976 1612 :

418 1666 494 1718 ita
549 1663 808 1717 nimirum
865 1661 1025 1714 etiam
1062 1658 1116 1710 in
1168 1655 1478 1709 coelestibus
1527 1650 1782 1716 arbitror,
1841 1649 1980 1704 alios

421 1756 731 1825 superiores
758 1750 1275 1816 eminentioresque,
1307 1745 1445 1800 alios
1472 1744 1762 1798 inferiores
1789 1752 1979 1796 nactos

415 1846 597 1907 sedes,
621 1858 682 1898 ea
720 1851 834 1895 rata
883 1842 1110 1905 ratione,
1140 1853 1244 1907 qua
1277 1853 1306 1890 a
1335 1836 1527 1905 primis
1579 1837 1785 1888 minore
1844 1847 1981 1902 pra:-

420 1937 622 1993 stantia
699 1943 862 2002 atque
924 1933 1124 1986 virtute
1182 1930 1463 1984 recedunt.
1511 1926 1664 1992 Quod
1719 1927 1762 1979 si
1794 1939 1982 1978 omnes

422 2028 563 2081 beati
600 2025 793 2079 merito
830 2023 1156 2094 praedicandi
1181 2033 1345 2089 atque
1374 2020 1621 2072 laudibus
1647 2016 1982 2078 celebrandi,

424 2120 579 2188 longe
612 2119 764 2186 prius
797 2116 888 2184 qui
927 2116 1101 2183 primo
1131 2114 1182 2164 in
1219 2114 1326 2166 illis
1354 2111 1529 2180 gradu
1579 2117 1724 2172 sunt,
1781 2107 1983 2175 prima-

424 2226 532 2280 que
550 2209 772 2262 Christo
805 2205 1216 2260 necessitudine
1246 2203 1506 2256 devincti.

496 2300 614 2366 Quo
647 2301 810 2370 igitur
853 2298 974 2350 loco
1029 2294 1286 2349 Theclam
1347 2291 1762 2353 collocabinius,
1816 2303 1988 2343 sacrze

432 2395 557 2447 lidei
587 2394 842 2446 decorum
865 2389 1082 2460 pignus,
1117 2385 1438 2440 venerandae
1486 2383 1816 2452 virginitatis
1866 2396 1986 2434 mo-

364 2533 368 2542 τ
428 2486 559 2545 nile,
595 2485 854 2536 intactam
896 2479 1099 2532 Christi
1150 2491 1429 2546 sponsam,
1481 2476 1843 2528 inviolabilem
1897 2489 1989 2543 ge-

429 2579 629 2631 nialem
690 2569 1080 2644 lectum?Ubi
1139 2570 1385 2638 inquam,
1445 2583 1620 2636 quove
1673 2567 1863 2620 ordine
1925 2580 1988 2618 ac

428 2672 546 2726 lcco
602 2676 922 2728 statuemus,
987 2677 1148 2730 quam
1194 2661 1244 2714 ei
1290 2658 1702 2713 convenientem
1770 2657 1986 2710 laudem

429 2755 662 2812 oblaturi
695 2768 881 2807 sumus
903 2752 925 2803 ’ἔ
945 2750 1131 2804 Iliisne
1158 2747 1537 2803 accensebitur
1559 2745 1651 2814 qui
1679 2745 1989 2813 virginitate

433 2824 751 2912 sanctisque
802 2841 1050 2893 moribus
1113 2839 1277 2891 vitam
1331 2838 1705 2897 instituerunt,
1759 2843 1818 2886 ut
1867 2846 1988 2902 qua:

436 2935 692 2988 nimirum
728 2930 907 2985 omnis
938 2927 1208 2982 castitatis
1241 2927 1471 2991 vitaeque
1502 2924 1769 2993 religiosae
1796 2935 1986 2975 norma

440 3026 641 3079 mundo
695 3020 1010 3076 exstiteritf!
1053 3016 1208 3070 llaud
1264 3017 1540 3068 enimvero
1589 3029 1619 3067 a
1678 3010 1988 3080 triumphali

437 3119 650 3186 agmine
683 3113 875 3166 abesse
921 3110 1202 3178 patiatur;
1238 3117 1290 3160 at
1335 3120 1510 3173 neque
1563 3105 1792 3172 primam
1845 3116 1990 3154 mar-

438 3207 563 3278 tyrii
602 3207 840 3259 lauream
873 3202 966 3255 ulli
1003 3200 1315 3254 mortalium
1347 3197 1505 3250 cedat
1539 3212 1554 3261 ;
1586 3210 1707 3263 qua:
1740 3193 1995 3248 videlicet

438 3296 726 3351 mulierum
772 3293 966 3359 prima,
997 3287 1344 3343 contentione
1379 3284 1651 3344 certandi,
1684 3282 1996 3350 ingentique

436 3385 740 3439 animorum
776 3380 848 3446 vi,
877 3377 1160 3432 muliebris
1201 3391 1365 3429 sexus
1389 3373 1650 3442 probrum
1676 3371 1994 3435 sustulerit,

440 3477 729 3545 primaque
792 3469 1078 3547 spirituale
1153 3467 1495 3535 pancratium
1573 3463 1923 3517 desudaverit
1980 3477 1994 3526 ;

441 3578 561 3634 qua:
627 3560 826 3615 teneris
886 3555 1113 3626 pedibus
1173 3554 1462 3606 draconem
1527 3552 1675 3603 illum
1744 3561 1997 3616 magnum

443 3653 778 3727 protriverit,
833 3663 896 3702 ac
951 3649 1096 3700 velut
1175 3645 1356 3712 regina
1412 3658 1442 3694 a
1511 3640 1718 3695 dextris
1796 3637 1992 3692 summi

441 3744 682 3798 omnium
739 3739 900 3807 Regis
951 3751 1151 3789 corona
1202 3732 1456 3800 insignita
1483 3733 1572 3784 sit.
1626 3727 1765 3793 Quid
1813 3727 1996 3794 igitur,

447 3831 760 3900 triumphali
795 3826 996 3895 agmini
1026 3823 1402 3876 accensobitur
1430 3820 1452 3872 ?
1483 3819 1769 3872 Enimvero
1827 3815 1997 3867 Paulo

448 3920 850 3995 praedicationis
881 3917 1050 3980 socia,
1082 3928 1314 3981 eumque
1352 3910 1707 3976 doctrinisac
1740 3906 1997 3974 "Oper-ibus

449 4018 677 4075 imitata,
729 4008 1113 4071 communique
1162 4004 1601 4074 persecutionum
1647 4013 1709 4052 ac
1755 3997 2004 4052 tentatio-

446 4120 576 4160 num
612 4101 812 4164 stadio,
843 4097 1044 4152 Christi
1081 4094 1208 4150 Jesu
1257 4094 1538 4163 apostolus
1578 4091 1743 4151 facta,
1797 4097 2003 4157 marty-

449 4211 568 4249 rum
621 4200 764 4246 ccetu
822 4188 1062 4244 coerceri
1115 4187 1273 4239 nolit.
1330 4183 1577 4249 Quonam
1636 4181 1801 4250 igitur
1845 4181 2003 4232 modo

448 4287 570 4350 ejus
603 4283 856 4336 laudibus
882 4279 1266 4347 deiungentes,
1295 4290 1414 4344 qua:
1456 4283 1610 4343 grata
1639 4259 1827 4325 'l'utura
1872 4272 2003 4334 sint,

451 4371 901 4441 praestiterimus?
927 4368 1064 4420 Num
1106 4365 1283 4435 plane,
1323 4379 1431 4418 non
1479 4371 1733 4430 tanquam
1787 4375 1853 4415 ex
1899 4375 2005 4412 una

453 4463 689 4516 alterave
734 4461 911 4516 solum
943 4456 1284 4520 excellentia,
1337 4455 1430 4509 sed
1480 4469 1544 4507 ex
1591 4452 1842 4505 omnibus
1884 4450 2003 4518 ejus

455 4553 630 4605 sacris
655 4550 948 4610 institutis,
982 4546 1179 4613 quibus
1210 4559 1418 4596 summe
1449 4541 1734 4604 claruisse,
1760 4539 2012 4608 egregiaq

453 4643 571 4699 dari
607 4647 823 4708 excptet
854 4651 919 4690 ac
949 4633 1292 4689 admirationi
1326 4631 1554 4683 haberi?

528 4733 638 4798 (59)
677 4725 1030 4798 Ἀσκητιίιοῦ
1048 4725 1189 4798 βίον
1205 4722 1542 4798 νομοθεσία.
1579 4720 1802 4784 Norma,
1825 4721 2005 4789 regula

455 4794 574 4856 vita:
600 4794 878 4866 r'eligiosa'.
921 4796 1010 4866 Sic
1042 4794 1234 4845 merito
1266 4794 1506 4858 σεμνεῖον
1566 4799 1722 4866 vocat
1760 4807 2003 4866 sequen:

456 4871 624 4930 tibus,
659 4859 938 4921 :e'diculam
999 4864 1054 4914 in
1117 4869 1296 4912 monte
1343 4875 1505 4927 prope
1561 4859 1883 4922 Seleuciam,
1918 4859 2004 4910 ubi

458 4944 694 5007 quietam
727 4938 889 4988 vitam
923 4933 1309 5007 agebat,cx_tra
1346 4931 1556 5007 civium
1577 4931 1792 5007 turbas,
1812 4938 1863 5007 et
1900 4943 2006 4995 quo

461 4998 607 5060 i'llam
663 5005 875 5058 femina:
933 4998 986 5054 ct
1043 5001 1226 5068 aegroti
1285 4998 1830 5068 conveniebant;ubi
1882 5009 1933 5050 et
1980 5014 2005 5047 a

462 5087 609 5141 petra
633 5090 794 5128 orans
826 5066 1112 5138 absorpta,
1132 5078 1181 5141 ut
1205 5069 1272 5119 ab
1296 5066 1508 5141 spurcis
1538 5066 1846 5141 hominibus
1870 5075 2012 5141 esset

463 5135 537 5197 illi
571 5154 704 5205 tuta,
733 5143 938 5195 illibata
966 5135 1268 5205 virginitas.
1316 5137 1398 5188 Sit
1449 5136 1629 5202 itaque
1675 5136 1898 5199 Thecla,
1937 5135 2012 5187 uti

465 5221 784 5282 martyrum,
812 5212 889 5264 sic
913 5219 966 5263 et
997 5222 1275 5262 sacrarum
1320 5206 1611 5282 Virginum,
1656 5207 1768 5282 ‘sub
1830 5214 2015 5257 sancto

466 5275 714 5334 instituto
751 5282 1001 5346 princeps
1027 5288 1314 5337 etnorlna,
1361 5289 1486 5346 vere
1534 5275 1851 5346 d_qxﬁrpsta,
1898 5277 2015 5342 ejus

469 5353 544 5404 illi
569 5340 800 5404 instituti
833 5340 1047 5400 auctore
1104 5360 1296 5413 magno
1322 5345 1508 5398 Paulo.
1562 5340 1738 5394 Nostri
1775 5340 2014 5396 l‘horen-

469 5436 556 5474 ses
577 5421 710 5471 hanc
735 5419 944 5470 laudem
977 5417 1190 5467 Martha:
1214 5415 1480 5473 tribuunt,
1512 5413 1623 5464 sive
1646 5413 1805 5464 etiam
1845 5413 2019 5465 Maria!

471 5489 815 5555 Magdaleme,
846 5501 965 5552 quae
1014 5487 1092 5538 sic
1145 5483 1653 5555 religiosamvitam
1710 5482 2016 5555 coluerint;

471 5552 767 5622 ecquidem
807 5556 1066 5606 Martham
1116 5555 1368 5607 similium
1425 5553 1689 5620 virginum
1749 5552 2016 5611 sodalitio,

473 5626 614 5692 quod
649 5625 801 5675 [idem
837 5625 1072 5685 haberet,
1104 5625 1201 5676 nisi
1242 5633 1359 5674 acta
1422 5622 1753 5692 laboiarent,
1795 5635 1914 5685 quae
1969 5628 2020 5672 ct

475 5689 599 5746 Pius
632 5692 668 5743 V
700 5709 728 5744 e
759 5692 912 5742 Boni.
949 5692 1219 5744 Breviario
1250 5707 1459 5741 movere
1489 5689 1780 5757 cogitabat,
1816 5703 1871 5740 nt
1905 5697 2020 5742 erat

475 5763 899 5818 cniunctissima‘
937 5763 1104 5824 naris,
1135 5770 1186 5812 et
1216 5759 1292 5812 sic
1344 5759 1564 5810 incertis
1602 5759 1742 5824 piam
1783 5757 2015 5812 ﬁdelium

2077 575 2531 645 ὲπισπασώμεθα·
2591 575 2826 645 ἀμοιϐὴν
2871 573 2926 626 δὲ
2975 573 3158 633 αὐτοῖς
3191 572 3513 643 ἀξιόχρεων,
3541 572 3649 638 τὴν

2076 669 2235 740 ἡμῶν
2273 665 2546 736 σωτηρίαν
2575 663 3029 732 ἀφοσιωσὼμεθα.

2149 757 2360 818 Πάντας
2393 755 2494 824 μὲν
2524 748 2618 806 οῦν
2655 753 2842 821 ὑμνεῖν
2865 751 2957 803 καὶ
2979 752 3143 822 τιμᾷν
3171 752 3295 813 τοὺς
3325 753 3651 820 ὲγγὶζοντας

2075 847 2157 915 τῷ
2183 843 2320 913 Θεῷ,
2349 842 2494 896 ὅσιόν
2526 857 2585 894 τε
2614 837 2750 910 ὁμοῦ
2778 840 2870 892 καὶ
2907 840 3376 910 πρεπωδέστατον·
3406 843 3653 911 μάλιστα

2076 938 2134 989 δὲ
2159 937 2284 998 τοὺς
2331 934 2560 1006 μάλιστα
2611 932 2785 999 τούτῳ
2840 933 3379 1002 προσῳκειωμένους.
3418 935 3490 985 Οὐ
3537 937 3654 1002 γὰρ

2078 1031 2174 1098 τῆς
2206 1027 2373 1094 αὐτῆς
2401 1020 2538 1077 εἶναι
2569 1026 2779 1083 πάντας
2813 1023 3022 1085 τάξεως
3051 1023 3142 1075 καὶ
3166 1023 3429 1086 στάσεως·
3456 1023 3611 1076 ῶσπε
3621 1043 3657 1093 ρ

2076 1118 2140 1187 δὴ
2171 1119 2266 1170 καὶ
2313 1117 2462 1185 παρά
2511 1117 2622 1176 τοῖς
2660 1108 2918 1182 κρατοῦσι
2966 1112 3087 1180 γῆς,
3120 1113 3180 1165 οὐ
3233 1115 3359 1183 μιᾶς
3399 1115 3517 1166 οὐδὲ
3546 1116 3658 1184 τῆς

2078 1210 2248 1278 αὐτῆς
2304 1208 2503 1268 πάντες
2565 1204 2829 1274 καθέδρας
2875 1203 2907 1273 ἢ
2967 1205 3209 1266 στάσεως
3267 1210 3657 1275 τυγχάνουσιν·

2079 1298 2192 1352 ἀλλ’
2219 1299 2266 1350 οἱ
2300 1297 2397 1366 μὲν
2425 1278 2666 1365 πρώτης,
2706 1294 2755 1346 οί
2797 1295 2853 1346 δὲ
2895 1293 3152 1363 ἐσχάτης
3183 1295 3330 1348 ἄλλοι
3360 1296 3415 1348 δὲ
3444 1296 3660 1349 τούτων

2084 1387 2283 1458 μεταξὺ
2320 1387 2438 1440 κατ’
2465 1387 2752 1452 ἀναλογίαν
2782 1385 2880 1453 τῆς
2907 1386 3132 1456 ἀρετῆς,
3168 1388 3198 1452 ἢ
3227 1388 3324 1456 τῆς
3351 1387 3443 1439 τοῦ
3485 1389 3664 1457 ὑπερ-

2081 1483 2296 1550 έχοντος
2331 1477 2466 1548 πρὸς
2494 1478 2690 1542 αὐτοὺς
2721 1476 3095 1530 διατάττονται
3129 1475 3432 1544 φιλότητος·
3478 1476 3665 1538 οὕτως

2082 1569 2320 1640 ἡγοῦμαι
2369 1571 2470 1626 κάν
2520 1571 2630 1631 τοῖς
2683 1569 2971 1637 οὐρανίοις,
3005 1571 3130 1630 τοὺς
3180 1567 3277 1637 μὲν
3319 1568 3661 1638 ὑπερτέραςν

2081 1661 2207 1724 τοὺς
2240 1661 2296 1714 δὲ
2323 1660 2746 1727 καταδεεστέρας
2776 1660 2957 1728 λαχεῖν
2986 1659 3212 1725 τάξεως,
3248 1659 3523 1726 ἀναλόγως
3547 1660 3658 1727 τῆς

2090 1749 2390 1819 μειωτικῆς
2417 1748 2524 1801 άπὸ
2556 1748 2664 1801 τῶν
2717 1748 2951 1818 πρώτων
3001 1749 3242 1816 ὺφέσεως
3303 1749 3395 1801 καὶ
3454 1750 3670 1803 ὐποὸά-

2011 1858 2058 1915 Β
2089 1841 2336 1902 σεως..Εί
2358 1839 2415 1891 δὲ
2445 1840 2775 1908 μακαριστοὶ⁵
2814 1839 3038 1901 πάντες,
3072 1839 3162 1890 καὶ
3192 1838 3388 1901 πάντες
3428 1840 3667 1890 ἐπαινε-

2085 1933 2189 1995 col,
2213 1930 2392 1999 πολλῴ
2417 1930 2630 1999 πρῶτον
2655 1933 2704 1982 οἱ
2738 1930 2944 2000 πρῶτοι
2966 1931 3063 1998 τὴν
3086 1930 3239 1994 τάξιν
3269 1932 3490 2001 καὶ-τὴν
3520 1933 3670 2000 πρὸς

2086 2021 2176 2074 τὸν
2211 2019 2445 2089 Χριστὸν
2485 2021 2781 2073 οἱκείωσιν.

2157 2275 2267 2329 Ποῦ
2307 2277 2482 2330 τοίνυν
2509 2277 2744 2347 θήσομεν
2779 2276 3004 2342 Θέκλαν,
3033 2279 3092 2330 τὸ
3113 2279 3211 2348 τῆς
3249 2279 3396 2346 ἱερᾶς
3424 2277 3676 2340 πίστεως

2087 2367 2347 2437 ἄγαλμα,
2397 2367 2459 2420 τὸ
2531 2371 2630 2438 τῆς
2710 2366 2911 2436 σεπτῆς
2982 2368 3274 2437 παρθενίας
3353 2368 3671 2438 κειμήλιον,

2087 2460 2184 2529 τὴν
2233 2459 2506 2528 ἄψαυστον
2553 2459 2646 2511 τοῦ
2699 2457 2933 2527 Χριστοῦ
2977 2459 3194 2528 νύμφην
3225 2460 3316 2511 καὶ
3338 2459 3678 2512 ἀνεπίϐατον

2091 2551 2339 2603 παστάδα
2365 2568 2378 2614 ;
2413 2552 2520 2603 Ποῦ
2550 2551 2774 2620 ταύτην,
2809 2549 2901 2601 καὶ
2926 2551 2983 2602 ὲν
3013 2549 3148 2619 ποίῳ
3172 2549 3383 2620 θέμενοι
3402 2551 3675 2620 τάγματι,

2091 2644 2188 2712 τὴν
2228 2644 2364 2712 αὐτῇ
2400 2643 2714 2710 πρέπουσαν
2744 2641 2948 2694 αῖνεσιν
2975 2643 3343 2712 προσάξομεν;
3364 2645 3494 2704 Ταῖς
3519 2662 3675 2712 παρ-

2089 2733 2312 2786 Θενικῶς
2370 2735 2460 2784 καὶ
2504 2734 2664 2795 ὁσίως
2721 2733 3065 2801 βεϐιωκυίαις
3129 2735 3526 2797 συντετάξεται,
3593 2736 3679 2798 ὼς

2087 2823 2378 2891 ἁγνότητος
2399 2825 2576 2893 πάσης
2595 2825 2686 2875 καὶ
2704 2824 2998 2894 ἁσκητικοῦ
3024 2825 3137 2894 βίου
3155 2825 3440 2894 νομοθεσία
3455 2827 3565 2895 (59)
3588 2827 3680 2896 τῷ

2091 2912 2191 2983 βίῳ
2217 2914 2514 2983 γενομένης
2546 2915 2685 2966 Ἀλλ’
2722 2916 2820 2967 οὐκ
2850 2916 2915 2968 ἂν
2948 2919 3046 2983 τῆς
3077 2916 3433 2984 ἀθλοφορικῆς
3458 2917 3682 2971 άπολείυ

2089 3004 2284 3056 πεσθαι
2315 3004 2515 3069 τάξεως
2538 3006 2842 3074 ἀνάσχοιτοο
2860 3007 2970 3059 ἀλλ’
2992 3006 3107 3059 οὐδὲ
3127 3007 3191 3059 τὰ
3214 3009 3545 3077 πρωτοτόκια
3567 3010 3682 3079 τῆς

2097 3094 2399 3164 μαρτυρίας
2449 3095 2592 3162 ἄλλῳ
2625 3098 2879 3165 παρεῖναι
2941 3097 3312 3159 καταδέξαιτοο
3350 3098 3537 3168 πρώτη
3565 3117 3682 3167 γυ-

2018 3183 2063 3244 C
2095 3183 2296 3234 ναικῶν
2323 3185 2552 3247 ὲντόνοις
2571 3186 2827 3253 ἀγωνίαις
2849 3186 2908 3238 τὸ
2925 3188 3020 3255 τῆς
3050 3187 3268 3258 Θηλείας
3286 3189 3498 3257 φύσεως
3523 3191 3680 3242 δνει-

2097 3275 2184 3335 δος
2206 3275 2548 3343 περιελοῦσα,
2573 3281 2665 3329 καὶ
2689 3277 2874 3347 πρώτη
2902 3279 3088 3347 νοητὸν
3113 3281 3447 3349 παγκράτιον
3467 3282 3680 3347 διαγω-

2103 3366 2381 3434 νισαμένη·
2429 3367 2521 3418 καὶ
2544 3369 2700 3419 ποσὶν
2737 3369 2959 3431 ἁπαλοῖς
2997 3371 3087 3422 τὸν
3123 3371 3386 3438 δράκοντα
3416 3388 3682 3424 καταπα-

2104 3457 2313 3525 τήσασα
2355 3457 2446 3509 τὸν
2480 3458 2673 3527 μέγαν·
2703 3459 2798 3513 καὶ
2827 3461 3160 3530 στεφηφόρος
3180 3455 3270 3515 οἷα
3295 3460 3574 3530 βασίλισσα
3606 3464 3682 3516 ἐκ

2105 3546 2294 3609 δεξιῶν
2337 3548 2410 3616 τῷ
2442 3549 2800 3617 Παμὸασιλεϊ.
2828 3551 2892 3602 Τί
2917 3548 3046 3616 οῦν;
3073 3555 3180 3614 τοῖς
3211 3552 3525 3620 ἀθλοφόροις
3543 3570 3682 3604 συν-

2105 3639 2382 3703 τετάξεται
2400 3658 2412 3703 ;
2441 3640 2579 3691 Ἀλλ’
2605 3641 2739 3711 αὑτὴ
2760 3641 2953 3710 Παύλῳ
2966 3644 3059 3696 τοῦ
3076 3644 3389 3712 εὐαγγελίου
3407 3648 3681 3717 κοινωνήο

2108 3745 2244 3782 σασα
2286 3730 2418 3798 (60),
2463 3734 2556 3782 καὶ
2593 3734 2656 3800 τῇ
2693 3736 2921 3801 μιμήσει
2951 3734 3059 3785 τῶν
3111 3734 3283 3801 λόγων
3328 3735 3550 3788 καὶιτῶν
3577 3735 3682 3804 ιρ-

2104 3835 2236 3886 γων·
2264 3822 2358 3872 καὶ
2382 3824 2445 3889 τῇ
2471 3824 2728 3892 κοινωνίᾳ
2757 3824 2864 3874 τῶν
2911 3824 3163 3892 διωγμῶν
3195 3827 3287 3877 καὶ
3325 3826 3675 3895 πειρασμῶν,

2107 3909 2398 3971 ἀπόστολος
2441 3909 2614 3977 Ἰησοῦ
2650 3909 2888 3980 Χριστοῦ
2923 3913 3286 3980 γεγενημένη,
3318 3912 3415 3963 οὐκ
3457 3911 3522 3963 ἂν
3549 3909 3680 3963 ἐθέ-

2110 4001 2188 4051 λοι
2221 4002 2332 4062 τοῖς
2362 4001 2600 4082 μάρτυσι
2630 4002 3008 4070 περιωρίσθαι.
3043 4003 3163 4064 Πῶς
3193 3998 3284 4055 οὖν
3317 4003 3482 4067 αὐτὴν
3512 4004 3681 4055 ἐπαι-

2111 4089 2348 4152 νοῦντες,
2379 4079 2749 4158 κεχαρισμένα
2791 4089 3090 4160 δράσαιμεν
3126 4093 3232 4156 άν;
3278 4092 3348 4143 ’Ὴ
3382 4092 3536 4160 δῆλον
3574 4079 3679 4154 ὗς

2111 4179 2211 4229 οὐκ
2255 4176 2313 4239 ἐξ
2357 4177 2475 4239 ἐνὸς
2531 4177 2564 4246 ἢ
2605 4177 2871 4246 δευτέρους
2910 4181 3069 4246 μόνον
3117 4182 3554 4251 προτερήματος·
3607 4183 3680 4234 ἐκ

2112 4268 2328 4320 πάντων
2387 4268 2442 4319 δὲ
2489 4267 2596 4319 τῶν
2652 4269 2809 4339 ἱερῶν
2861 4271 3027 4340 αὐτῆς
3078 4271 3518 4339 ἐπιτηδευμάτων
3540 4267 3680 4334 poi;

2115 4359 2255 4412 κατὰ
2310 4359 2370 4412 τὸ
2419 4359 2718 4428 ἀκρότατον
2763 4361 3244 4438 ,ἐνευδοκιμηκὲναι
3324 4364 3683 4436 μεμαρτύρη.

2038 4439 2078 4491 D
2106 4465 2220 4511 ται,
2257 4450 2493 4521 ἀγαπῴη
2525 4449 2590 4503 ἂν
2624 4451 2961 4503 ἐπαινεῖσθαι
3008 4455 3099 4505 καὶ
3135 4452 3524 4523 θαυμάζεσθαι.

2021 4554 2085 4590 ue
2154 4539 2311 4593 laude
2373 4539 2713 4607 perfunctam
2767 4555 2907 4605 esse,
2957 4542 3312 4610 conspicuum
3378 4555 3480 4610 est,
3548 4546 3679 4602 lau-

2112 4719 2488 4771 credulitatem
2518 4720 2734 4771 onerari
2767 4735 2908 4787 aigre
2940 4721 3169 4778 ferebat.

2184 4788 2294 4855 (60)
2317 4788 2781 4868 nauseam-elice
2807 4792 3243 4868 xoirwriquea.
3273 4795 3360 4848 Sic
3384 4797 3679 4864 evangelii.

2114 4873 2208 4911 seu
2239 4857 2640 4925 prardicationis
2669 4860 2815 4910 socia
2867 4860 3033 4914 Paulo
3088 4861 3286 4917 Thecla
3329 4857 3554 4927 exstitit',
3616 4857 3682 4920 ut

2117 4942 2221 4980 non
2255 4928 2352 4980 nisi
2389 4928 2638 4996 privatim
2673 4942 2734 4980 ac
2769 4931 3112 4994 necessitate,
3157 4935 3269 4987 sive
3320 4931 3469 4986 Pauli
3535 4936 3654 4990 alio

2115 4998 2774 5066 rumquemiinistrorum
2838 4999 3097 5062 absentia,
3175 5003 3400 5056 docendi
3473 5019 3683 5059 munus

2118 5068 2393 5140 usurparit
2421 5086 2433 5118 :
2464 5067 2611 5140 quod
2638 5069 2950 5140 certe_ipsis
2978 5068 3134 5140 Pauli
3164 5071 3370 5140 legibus
3393 5087 3454 5124 ac
3483 5071 3684 5130 Eccle-

2117 5140 2229 5198 siae,
2259 5139 2324 5189 tle
2368 5137 2650 5187 mulierum
2689 5139 2739 5188 in
2786 5137 2899 5189 Ecci
2936 5139 3022 5190 sia
3077 5137 3313 5203 sileniio,
3351 5156 3454 5193 non
3490 5157 3680 5199 nocet.

2118 5207 2270 5270 Quod
2300 5220 2430 5278 ergo
2464 5205 2758 5268 ἀπόστολος
2789 5208 2990 5258 dienur
3018 5209 3276 5276 singulari
3327 5213 3681 5278 excellentia,

2120 5291 2268 5327 more
2302 5273 2609 5325 Graicorum
2663 5286 2764 5338 est,
2812 5279 2901 5343 qui
2957 5273 3226 5342 apostolos
3293 5282 3525 5347 proclive
3572 5273 3682 5335 vo;

2120 5353 2244 5396 cant
2277 5360 2369 5396 eos
2395 5358 2583 5417 omnes
2621 5347 2839 5417 qui_in
2876 5361 3017 5417 rem!
3043 5347 3161 5399 lidei
3217 5353 3432 5416 majoris
3466 5350 3682 5417 aliquid

2123 5429 2300 5479 operte
2317 5413 2688 5490 contulerunt.
2715 5414 2810 5490 ξω
2833 5416 2937 5490 illis
2965 5415 3232 5490 discipuli
3261 5413 3450 5473 omnes
3480 5413 3687 5487 primi-

2127 5497 2229 5559 que
2262 5482 2488 5559 ministri
2515 5483 2766 5547 apostoli,
2826 5485 2904 5559 sic
2958 5482 3343 5559 Constantinus
3397 5482 3689 5556 Angustus

2129 5551 2494 5622 [5aﬁ63710):9§,
2522 5567 2618 5622 par
2649 5551 2895 5622 apostolis
2953 5554 3122 5622 eisque
3164 5570 3446 5621 censor—lus,
3483 5551 3547 5609 iit
3576 5561 3687 5614 Sc-

2128 5636 2286 5696 vc‘rns
2320 5621 2369 5670 in
2398 5618 2649 5696 Mar‘tino.
2681 5619 2769 5670 Sic
2802 5618 3048 5696 “Menam,
3103 5626 3212 5693 Τῆς
3239 5628 3398 5692 ἁγίας
3436 5618 3695 5696 μεγαλο-

2129 5689 2400 5770 μάρτυρος
2437 5688 2530 5769 καὶ
2559 5690 2904 5768 ξσαποστόὶου
2953 5688 3180 5762 Θέκληςξ
3228 5688 3697 5766 Λιιίιιοί.’πρωτο-

2132 5776 2334 5826 μαρτυς
2360 5773 2640 5810 αποστολε.
