3922 6314
187 315 269 378 305
967 315 1254 375 ORATIO
1281 316 1433 377 XVI.
1468 341 1537 353 -
1571 318 1651 376 ΙΝ
1685 318 2000 380 LAUDEM
2040 319 2099 377 S.
2143 317 2476 379 THECL/E.

3312 326 3419 390 306

248 427 460 494 Πρῶτον
491 429 588 498 μὲν
617 421 710 482 οὗν
739 411 839 498 τῆν
869 428 1209 499 παρθενικὴν
1238 429 1406 500 αὐτῆς
1451 430 1515 483 ὲκ
1547 431 1736 501 νεότη-

1912 431 2155 485 Primum
2215 431 2399 500 itaque
2471 435 2790 506 virginalem
2864 439 2986 507 ejus
3044 456 3072 493 a
3127 438 3418 508 juventute

186 537 260 584 τος
296 520 661 591 ἀναστροφὴν,
701 521 902 592 μᾶλλον
939 521 996 574 δὲ
1061 521 1161 591 τὴν
1208 523 1289 584 είς
1329 522 1567 592 Χριστὸν
1604 522 1741 590 ἀγά-

190 628 327 682 πησιν
377 613 471 666 κα)⁸
522 612 706 667 πίστιν
754 613 897 666 κατὰ
947 611 1178 683 δύναμιν
1242 611 1627 683 ὲπαινὼμεθα·
1670 613 1739 668 δι’

187 697 256 772 ἧς.
293 701 325 771 ἡ
382 719 441 754 τε
489 701 759 772 παρθενία
803 704 898 755 καὶ
929 704 963 772 ή
1017 701 1247 774 ἄθλησις
1285 703 1735 771 ύπερανθήσασα,

189 795 254 856 εἰς
292 792 388 863 τὴν
427 791 1001 862 ἀποστολικὴναύτὴν
1036 792 1469 863 προσανύψωσεν
1496 794 1742 867 κορυφὴν

187 884 539 954 ἢπεριωπήν.
579 883 738 953 Ἀρτι
775 883 885 956 γὰρ
906 883 1000 936 τοῦ
1060 884 1304 954 μεγάλου
1348 887 1448 955 τῆς
1485 887 1742 958 ἀληθείας

187 974 590 1043 εὐαγγελιστοῦ,
643 975 744 1044 τῆς
779 975 1039 1046 οὐρανίας
1072 977 1167 1029 καὶ
1217 978 1742 1051 μεγαλοφωνοτάτης

185 1067 265 1121 τοῦ
293 1067 622 1135 Εὑαγγελίου
660 1066 914 1138 βροντῆς,
943 1068 1044 1135 τῆς
1070 1068 1399 1137 ύπερφώτου
1428 1069 1536 1122 τῶν
1564 1072 1744 1142 ἔργων

188 1155 403 1225 Χριστοῦ
435 1157 527 1209 καί⁵
558 1156 736 1225 λόγων
781 1156 1073 1226 ἀστραπῆς
1125 1157 1273 1226 (61)·
1322 1158 1533 1213 Παύλου
1575 1161 1741 1228 λέγω,

187 1247 558 1318 τοῦστόματος
615 1247 809 1317 Ἰησοῦ,
843 1246 938 1301 τοῦ
984 1247 1219 1319 ὀργάνου
1269 1249 1364 1303 τοῦ
1404 1251 1743 1320 Πνεύματος,

187 1340 270 1409 τῆς
295 1339 666 1409 εύηχεστάτης
703 1339 839 1393 Θεοῦ
897 1339 1220 1408 σάλπιγγος,
1266 1342 1366 1410 τῆς
1419 1342 1488 1395 τὰ
1543 1343 1746 1412 πέρατα

187 1429 647 1502 συγκαλουμένης·
680 1430 896 1495 τούτου,
930 1433 978 1484 τ’
1008 1431 1143 1486 ἄλλα
1188 1450 1247 1486 τε
1282 1433 1383 1502 τῆς
1421 1434 1746 1503 οἰκουμένης

185 1523 399 1585 διιόντος
449 1522 613 1593 μέρη,
664 1523 758 1576 καὶ
785 1522 877 1575 τὸν
919 1525 1018 1592 τῆς
1066 1524 1214 1592 ζωῆς
1270 1523 1428 1592 λόγον
1467 1523 1656 1594 ὥσπερ
1691 1543 1744 1578 τι

188 1617 316 1670 θεῖον
365 1596 846 1686 καταϐαλλομένου
890 1617 1116 1687 σπέρμα
1151 1633 1164 1646 ·
1216 1615 1298 1669 ῐτι
1353 1617 1410 1669 δὲ
1469 1617 1606 1685 πρὸς
1636 1620 1747 1679 τοῖς

187 1710 348 1772 ἄλλοις
395 1709 492 1762 καὶ⁵
549 1709 770 1763 Ἰκόνιον
821 1708 1233 1778 κατειληφότος,
1283 1710 1378 1762 καὶ
1426 1708 1557 1779 παρ’
1593 1709 1745 1778 ἀνδρὶ

192 1800 653 1870 ξεναγωγουμένου
685 1800 878 1870 πιστῷ·
919 1801 1014 1854 καὶ
1036 1776 1212 1871 -άρτῲ
1248 1800 1348 1871 μὲν
1390 1800 1469 1871 τῷ
1500 1776 1609 1854 άπὸ
1639 1776 1746 1869 γῆς

1859 1801 1955 1855 lem
2031 1794 2233 1870 hospes
2287 1810 2472 1872 ageret
2519 1818 2534 1867 ;

187 1895 241 1946 τὸ
277 1893 553 1962 σωμάτιον
600 1891 1013 1962 στηριζομένου·
1069 1893 1219 1964 ἄρτῳ
1266 1891 1321 1944 δὲ
1364 1891 1600 1962 οὐρανίῳ
1637 1891 1746 1945 τῶν

187 1987 648 2055 ὲπισυναγομένων
677 1982 1029 2054 στηρίζοντος
1064 1984 1310 2055 καρδίας·
1364 1985 1458 2037 καὶ
1492 1983 1628 2038 θεῶν
1650 1984 1749 2054 μὲν

186 2077 369 2141 ἀθέων,
430 2076 528 2130 καὶ
596 2075 886 2148 συνηθείας
929 2079 1139 2146 κακῆς,
1202 2077 1296 2130 καὶ
1356 2075 1751 2146 δεισιδαίμονος

188 2168 394 2236 ἀγωγῆς
440 2167 500 2219 τὸ
551 2167 844 2235 θεοστυγὲς
899 2166 1246 2237 διασύροντος
1312 2168 1406 2220 καὶ
1477 2166 1749 2238 μυσαρόν·

187 2256 436 2326 ὑψοῦντος
487 2257 542 2309 δὲ
594 2260 691 2328 τὴν
741 2256 902 2322 δόξαν
955 2259 1049 2311 τοῦ
1088 2259 1312 2328 ὑψίστου
1346 2258 1506 2322 Θεοῦ,
1532 2259 1626 2311 καὶ
1651 2258 1752 2328 τὴν

186 2351 413 2421 ᾰρῤητον
469 2351 749 2420 σάρκωσιν
792 2350 885 2403 τοῦ
930 2350 1128 2419 Ἰησοῦ·
1169 2352 1230 2403 τό
1255 2369 1313 2405 τε
1354 2351 1616 2416 ζωοποιὸν
1650 2352 1753 2404 πά-

185 2441 267 2502 Θος
304 2441 398 2494 καὶ
446 2441 734 2510 σωτήριον·
763 2442 862 2511 τήν
914 2458 974 2494 τε
996 2442 1299 2513 τριήμερον
1343 2442 1652 2497 ἀνάστασιν
1681 2443 1746 2496 ὲκ

186 2531 409 2602 νεκρῶν,
454 2533 548 2585 καὶ
584 2534 684 2604 τὴν
724 2533 1312 2605 τεσσαρακονθήμερον
1345 2534 1612 2604 ἀνάληψιν
1644 2536 1753 2588 ἀπὸ

184 2621 302 2691 γῆς·
332 2622 428 2676 καὶ
456 2622 553 2692 τὴν
575 2623 866 2692 οὐρανόθεν
901 2619 1067 2687 αὖθις
1092 2625 1416 2692 ἐπιφάνειαν
1432 2624 1527 2679 καὶ
1545 2623 1749 2694 κρίσιν·

188 2711 272 2763 καὶ
301 2710 401 2782 τὴν
441 2698 656 2764 δικαίαν
687 2713 797 2765 τῶν
849 2711 1196 2782 βεϐιωμένων
1234 2713 1490 2767 ἀπόδοσιν
1535 2713 1754 2783 φιλοσοο

186 2805 425 2872 φοῦντος,
459 2806 554 2858 καὶ
582 2807 792 2877 ῥήμασι
824 2807 1045 2876 χάριτος
1066 2805 1362 2876 ὑμνοῦντος
1392 2808 1632 2875 μεστοῖς·
1667 2807 1757 2859 ναὶ

190 2898 288 2967 μὴν
331 2897 426 2950 καὶ
460 2898 551 2950 τὸν
586 2896 833 2968 ἡδυπαθῆ
869 2897 968 2968 μὲν
1014 2900 1109 2950 καὶ
1149 2897 1449 2951 ἀκόλαστον
1481 2898 1595 2967 βίον
1636 2898 1758 2949 ὲπι-

189 2987 528 3052 σκώπτοντος
561 2988 637 3050 ὡς
676 2987 982 3058 βδελυκτόν·
1008 2989 1098 3042 τὸν
1127 2989 1356 3060 ἄμωμον
1382 2989 1440 3042 δὲ
1462 2989 1557 3044 καὶ
1594 2988 1757 3059 άγνδν

1847 522 2349 587 conversationem,
2397 525 2529 592 quin
2580 529 2779 596 potius,
2820 546 2927 601 qua
2959 530 3241 586 Christum
3289 547 3419 601 pro-

1845 621 2036 669 secuta
2075 621 2182 679 est,
2207 614 2560 671 dilectionem
2599 632 2664 670 ac
2693 618 2873 686 ﬁdem,
2920 637 3021 692 pro
3051 623 3194 677 virili
3227 632 3418 679 nostra

1846 703 2133 761 laudemus
2168 743 2186 770 ,
2216 705 2374 774 cujus
2415 706 2673 760 nimirum
2713 723 2834 779 ope,
2880 712 3165 783 virginitas
3208 713 3418 782 pariter

1846 796 2114 866 vigorque
2174 796 2494 851 certaminis
2552 797 2750 853 altiore
2809 803 3086 856 cumulata
3145 801 3301 868 ﬂore,
3350 803 3418 857 ad

1849 887 2220 957 apostolicum
2251 886 2424 958 ipsam
2469 903 2742 943 summum
2772 894 3030 947 verticem
3080 909 3178 948 seu
3226 909 3419 963 specu-

1847 978 1955 1032 lam
2001 978 2219 1034 abunde
2254 990 2641 1049 provexerunt.
2685 978 2804 1035 Jam
2837 985 2980 1036 enim
3026 1001 3224 1056 magno
3271 987 3417 1041 veri-

1849 1071 1979 1125 tatis
2027 1085 2304 1140 pratcone,
2373 1071 2584 1126 caelesti
2633 1073 3093 1145 vocalissimoque
3141 1076 3418 1146 Evangelii

1848 1163 2110 1228 tonitru,
2145 1163 2265 1217 luce
2306 1163 2457 1239 omni
2505 1164 2743 1218 clariore
2785 1152 2989 1220 Christi
3037 1181 3262 1235 operum
3304 1184 3420 1223 ser-

1857 1269 2195 1323 monumque
2257 1253 2515 1324 fulgetro,
2566 1254 2737 1309 Paulo
2788 1257 3071 1319 nimirum,
3122 1254 3251 1311 Jesu
3303 1274 3420 1323 ore,

1848 1343 2090 1415 Spiritus
2115 1361 2346 1415 organo,
2391 1346 2484 1399 Dei
2533 1346 2843 1401 clarissima
2887 1347 3037 1410 tuba,
3083 1347 3237 1400 orbis
3285 1361 3423 1402 con-

1849 1447 2081 1491 vocante
2151 1436 2286 1492 lines
2336 1454 2349 1490 :
2398 1437 2575 1503 hoc,-
2605 1439 2850 1507 inquam,
2904 1453 3030 1492 cum
3085 1439 3224 1494 alias
3275 1439 3425 1496 orbis

1852 1536 2172 1598 peragrante
2201 1536 2400 1597 partes,
2437 1543 2499 1582 ac
2537 1529 2760 1582 verbum
2809 1529 2930 1582 vitae
2991 1528 3139 1583 velut
3185 1528 3424 1582 divinam

1853 1620 2145 1688 quamdam
2181 1614 2479 1675 sementem
2509 1620 2866 1689 jaciente;ac
2898 1634 3022 1673 cum
3074 1630 3274 1690 praeter
3320 1618 3428 1674 alia

1855 1709 1972 1762 loca
2004 1709 2168 1762 etiam
2208 1707 2455 1763 Iconium
2489 1710 2755 1774 venisset,
2795 1718 2849 1764 et
2885 1708 3031 1779 I-plld
3079 1709 3258 1763 virum
3291 1708 3424 1764 iide-

2587 1816 2652 1856 ac
2715 1817 2858 1873 pane
2922 1801 3146 1871 quidem
3203 1809 3430 1858 terreno
3499 1827 3507 1832 -

1852 1889 2242 1957 corpusculum
2304 1886 2678 1950 conﬁrmaret,
2735 1888 2948 1942 cmlesti
3014 1902 3163 1951 vero,
3234 1902 3432 1942 eorum

1824 1981 1944 2051 'qui
2002 1980 2068 2034 ad
2132 1994 2256 2034 eum
2323 1977 2825 2048 cengregarenlur,
2896 1982 3111 2034 animos
3169 1979 3424 2044 l'ulciret,

1852 2071 2210 2141 inauiumque
2244 2070 2473 2125 deorum
2514 2080 2568 2126 et
2612 2087 2794 2141 pravae
2839 2071 3277 2135 consuetudinis,
3334 2086 3428 2125 su.

1853 2161 2734 2240 perstitiosaaque.institutionis,
2798 2163 3034 2219 invisum
3089 2162 3200 2218 Deo
3249 2164 3431 2220 scelus

1854 2254 2349 2324 detestandamque
2384 2254 2722 2322 traduceret,
2777 2255 2980 2325 Deique
3022 2256 3277 2312 altissimi
3312 2256 3428 2325 glo-

1855 2347 2014 2413 riam,
2049 2356 2102 2400 et
2145 2360 2402 2400 arcanam
2454 2344 2582 2402 Jesu
2637 2348 3072 2403 incarnationem
3128 2348 3433 2414 exaltaret,

1854 2438 2238 2509 viviﬁcamque
2266 2447 2320 2494 et
2347 2439 2642 2494 salutarem
2671 2440 2982 2510 passionem
3008 2440 3433 2511 triduanantque

1855 2546 1920 2586 ex
1951 2531 2182 2585 mortuis
2214 2532 2696 2593 resurrectionem,
2731 2540 2895 2601 atque
2929 2548 2958 2587 e
2992 2532 3157 2587 terris
3190 2531 3432 2601 quadra-

1854 2622 2062 2692 gesimo
2109 2620 2196 2676 die
2238 2623 2291 2676 in
2347 2623 2518 2677 caelos
2569 2623 2965 2691 receptionem,
3021 2637 3357 2694 rursumque
3404 2639 3440 2678 ev

1856 2715 2014 2770 uelis
2073 2714 2498 2784 apparitionem,
2550 2715 2932 2785 judiciumque
2976 2730 3040 2770 ac
3078 2715 3282 2785 justam
3336 2731 3442 2786 pro

1859 2808 1982 2860 vita:
2020 2806 2238 2861 meritis
2270 2810 2321 2860 in
2352 2821 2526 2875 eaque
2542 2807 2726 2876 ‘gestis
2760 2807 3180 2862 retributionem
3211 2809 3433 2876 sapien-

1859 2906 1945 2952 ter
1968 2896 2302 2963 declararet,
2337 2912 2401 2952 ac
2452 2899 2635 2953 verbis
2667 2900 2857 2967 gratiae
2905 2899 3082 2968 plenis
3135 2899 3381 2953 laudaret
3417 2915 3432 2951 :

1860 3003 2074 3043 net-non
2133 2989 2296 3042 etiam
2352 2982 2717 3059 voluptariam
2745 3004 2808 3044 ac
2863 2991 3214 3045 libidinosam
3265 2991 3430 3042 vitam

189 3080 578 3149 μακαρίζοντος
625 3080 720 3132 καὶ
750 3078 1098 3151 παρθενικδν,
1140 3081 1217 3144 ὡς
1244 3083 1444 3134 οίκεῖον
1483 3080 1752 3151 ὅνταΘεῷ

1862 3079 2010 3132 velut
2037 3077 2417 3132 detestabilem
2453 3072 2794 3147 suggillaret,
2830 3079 3171 3147 impollutam
3210 3094 3342 3132 vero
3379 3087 3435 3133 et

186 3174 269 3224 καὶ
299 3172 550 3242 ἀρεστόν.

252 3353 436 3406 Ταῦτα
468 3353 564 3407 τοῦ
596 3354 802 3425 ὑψηλοῦ
845 3357 1087 3425 κήρυκος
1130 3355 1241 3417 τοῖς
1275 3352 1411 3424 πρὸς
1446 3354 1609 3406 αὑτὸν
1641 3354 1756 3406 εἰσ-

192 3441 358 3496 ιοῦσιν
389 3443 705 3512 ὁμιλοῦντος
726 3460 741 3475 ·
793 3446 887 3496 καὶ
912 3444 1076 3497 τινῶν
1111 3443 1212 3514 μὲν
1242 3445 1413 3514 ἡδέως
1456 3445 1550 3498 καὶ
1586 3461 1759 3514 προσ-

190 3533 329 3600 ηνῶς
361 3534 733 3606 ἀκροωμένων
757 3550 768 3562 ·
805 3535 965 3587 τινῶν
990 3534 1059 3596 δέ
1072 3534 1208 3604 πρὸς
1232 3534 1327 3586 τὸν
1354 3534 1510 3602 λόγον
1535 3537 1761 3587 ἀνεπαι-

189 3624 395 3695 σθήτως
413 3624 820 3693 διατιθεμένων·
842 3621 1008 3696 ἐ[σ]τι
1025 3625 1069 3676 δ’
1093 3618 1167 3677 ὧν
1192 3625 1285 3676 καὶ
1307 3624 1760 3695 ὑποτονθορυζόν-

189 3732 308 3780 των,
344 3717 441 3770 καὶ
471 3718 685 3788 πονηρὰ
735 3715 1101 3786 λογιζομένων
1150 3717 1269 3768 ἀντὶ
1306 3715 1546 3783 ἀγαθῶν,
1584 3717 1762 3768 Θέκλα

189 3809 383 3873 νεᾶνις,
414 3808 663 3878 θυγάτηρ
696 3808 795 3878 μὲν
824 3808 1112 3870 Θεοκλείας
1139 3848 1152 3870 ,
1192 3811 1402 3877 μνηστὴ
1436 3809 1492 3860 δὲ
1519 3807 1763 3878 Θαμύριο

190 3898 294 3960 δος,
321 3897 382 3962 ἐξ
409 3901 653 3965 ὑπογύου
696 3899 937 3968 μένουσα
964 3897 1199 3963 τούτοις,
1235 3901 1328 3951 καὶ
1357 3899 1445 3951 διὰ
1472 3902 1569 3970 τῆς
1607 3899 1761 3970 θυρί-

189 3991 270 4052 δος
302 3992 365 4044 τὸ
397 3992 493 4054 οῦς
538 3991 885 4060 ὑποσχομένη
913 4031 927 4053 ,
973 3991 1085 4043 τῶν
1143 3991 1357 4043 Παύλου
1401 3991 1762 4045 διδασκαλιῶν

194 4083 523 4152 ἐπηκροᾶτο.
557 4077 665 4135 καὶ
698 4081 758 4134 τὸ
802 4081 1094 4150 πρόσωπον
1132 4081 1231 4150 μὲν
1272 4083 1404 4151 ὸρᾷν
1442 4082 1542 4134 ούκ
1585 4079 1762 4151 εἶχεν·

1860 3174 2069 3217 castam
2104 3178 2168 3217 ac
2200 3164 2545 3233 virginalem,
2589 3168 2848 3234 tanquam
2901 3165 3008 3220 Deo
3065 3167 3434 3222 necessariam

1859 3255 2023 3324 eique
2049 3256 2305 3324 placitam
2342 3257 2556 3311 beatam
2589 3257 2938 3326 praedicaret.

1932 3350 2058 3404 Haec
2095 3351 2280 3420 itaque
2302 3349 2525 3405 sublimi
2555 3365 2811 3420 praecone
2842 3350 2909 3404 ad
2941 3365 3066 3405 eum
3099 3349 3441 3406 adeuntibus

1863 3451 2176 3511 perorante,
2213 3456 2276 3495 ac
2300 3456 2425 3496 cum
2466 3442 2558 3496 alii
2595 3443 2814 3512 quidem
2849 3442 3087 3496 dulciter
3117 3442 3439 3512 placideque

1863 3531 2138 3596 audirent,
2172 3531 2264 3586 alii
2292 3547 2421 3587 vero
2452 3532 2604 3586 nullo
2643 3535 2917 3587 sermonis
2945 3549 3111 3587 sensu
3155 3532 3440 3587 alliceren-

1863 3632 1974 3689 tur,
2038 3624 2130 3677 alii
2171 3623 2338 3677 etiam
2375 3625 2812 3688 uiurmurarent,
2859 3638 2924 3678 ae
2970 3639 3069 3693 pro
3110 3624 3267 3678 bonis
3301 3625 3442 3678 mala

1863 3716 2183 3786 cogitarent,
2237 3715 2438 3770 Thecla
2475 3717 2674 3784 puella.
2715 3715 2996 3772 Theodeae
3042 3715 3260 3785 quidem
3312 3714 3441 3778 ﬁlia,

1864 3821 2066 3877 sponsa
2120 3821 2251 3862 vero
2301 3806 2677 3877 Tltamyridis,
2710 3807 2960 3873 evicino
3008 3808 3155 3863 aedes
3206 3807 3442 3871 habens,

1865 3912 1929 3952 ac
1957 3912 2052 3967 per
2101 3897 2395 3951 fenestram
2420 3911 2606 3950 aurem
2643 3899 3087 3962 accommodans,
3116 3896 3283 3964 ,Pauli
3322 3896 3445 3952 doc-

1868 3980 2033 4045 trinis
2087 3989 2452 4044 auscultabat.
2505 3989 2583 4044 Ac
2613 3989 2833 4058 quidem
2873 3989 3066 4045 faciem
3113 3988 3300 4044 videre
3335 4003 3444 4043 non

1869 4081 2071 4136 licebat
2118 4073 2143 4146 ξ
2171 4080 2255 4136 sic
2320 4094 2448 4134 vero
2492 4094 2522 4133 a
2554 4080 2805 4135 doctrina
2857 4081 3086 4150 ejusque
3132 4094 3446 4134 sermonum

192 4173 328 4225 οὕτω
357 4174 415 4226 δὲ
442 4177 538 4242 τῆς
571 4173 790 4242 διδαχῆς
820 4173 912 4225 καὶ
964 4172 1070 4225 τῶν
1101 4173 1264 4226 αὑτοῦ
1299 4174 1470 4240 λόγων
1500 4175 1752 4245 ὲξήρτητι

1871 4172 2224 4227 institutione
2260 4171 2554 4241 pendebat,
2591 4180 2649 4225 ut
2699 4179 2815 4226 tota
2863 4187 3095 4242 prorsus
3129 4186 3159 4226 e
3190 4170 3448 4233 terrenis,

198 4265 604 4332 μυσταγωγίας,
655 4264 730 4326 ὡς
761 4263 887 4334 ὃλην
917 4264 982 4316 δι’
1013 4265 1133 4316 ὅλου
1161 4264 1268 4316 τῶν
1319 4266 1603 4335 παρόντων
1659 4268 1752 4318 ἁπ-

1869 4266 1934 4316 ad
1975 4264 2256 4319 Christum
2280 4264 2373 4333 qui
2408 4263 2862 4330 annuntiabatur,
2914 4264 3098 4318 animo
3143 4263 3449 4317 tolleretur.

194 4355 524 4413 αναστᾶσαν,
558 4355 693 4423 πρὸς
722 4355 814 4406 τὸν
845 4353 1332 4423 εὐαγγελιζόμενον
1373 4354 1604 4424 ἀρθῆναι
1629 4355 1752 4425 Χρι·

1871 4355 1963 4411 Sic
1989 4371 2055 4412 ex
2088 4357 2266 4426 primo
2292 4358 2473 4411 statim
2504 4356 2693 4410 auditu
2724 4356 2798 4426 (o
2828 4357 2959 4410 iides
2980 4357 2996 4409 ί
3019 4358 3037 4424 )
3060 4353 3294 4411 excessit
3327 4354 3452 4424 qui-

196 4446 304 4497 atéx
320 4485 333 4497 .
364 4444 561 4507 Οὕτως
580 4449 645 4498 ὲκ
667 4443 889 4515 πρώτης
910 4437 1070 4507 εὐθὺς
1100 4446 1290 4516 ἀκοῆς.
1307 4445 1351 4500 ὢ
1374 4447 1474 4516 της
1499 4446 1731 4510 πίστεως

1874 4447 1997 4503 dem
2041 4448 2227 4512 dumo,
2271 4447 2510 4503 excessit
2548 4457 2601 4502 et
2631 4449 2813 4518 seipsa
2852 4463 2866 4512 ;
2903 4446 3068 4516 idque
3113 4460 3238 4500 cum
3276 4461 3454 4513 neque

196 4536 380 4607 ἐξέστη
408 4538 509 4607 μὲν
541 4536 649 4590 τῶν
679 4538 894 4590 οἰκείων
913 4553 926 4566 ⁸
949 4537 1143 4608 ἐξέστη
1183 4538 1239 4591 δὲ
1270 4539 1441 4610 αὐτῆς
1461 4554 1475 4568 '
1513 4541 1608 4595 καὶ
1635 4543 1752 4612 μήτι

1876 4541 2157 4610 signorum
2227 4542 2662 4610 experimentum
2724 4541 2893 4594 ullum
2963 4538 3210 4601 fecisset,
3275 4551 3453 4606 neque

199 4628 436 4693 σημείων
471 4629 669 4694 πεῖραν
692 4625 953 4689 λαϐοῦσα,
987 4627 1124 4696 μήτε
1153 4626 1328 4697 χρόνῳ
1360 4627 1452 4680 τὸν
1487 4625 1645 4695 λόγον
1677 4626 1752 4680 toi

1884 4633 2159 4702 Evangelii
2222 4633 2529 4686 doctrinam
2594 4647 2690 4701 per
2747 4641 2960 4700 tempus
2999 4630 3305 4703 probasset
3353 4637 3457 4681 :at

201 4717 533 4786 Εύαγγελίου
573 4718 950 4786 δοκιμάσασα,
993 4716 1129 4770 ἀλλὰ
1168 4716 1304 4802 μηδὲ
1349 4717 1439 4770 τὸν
1493 4717 1752 4786 εύαγγελι

1882 4736 2061 4788 neque
2109 4721 2522 4791 praedicatorem
2599 4722 2745 4788 (rem
2800 4735 3012 4774 summe
3075 4715 3455 4774 inauditam!)

204 4811 348 4879 στὴν,
389 4814 454 4864 τὸ
503 4809 961 4880 παραδοξότατον,
1002 4808 1214 4878 ὖμμασι
1261 4809 1601 4884 τεθεαμένη,
1635 4808 1752 4860 οὓτο

1879 4812 2056 4865 oculis
2104 4819 2442 4878 usurpasset,
2485 4811 2565 4864 sic
2606 4810 2823 4862 veritati
2860 4808 3103 4862 assensit
3159 4807 3321 4877 eique
3358 4823 3455 4876 per

203 4903 458 4956 κατέθετο
489 4907 556 4974 τῇ
583 4902 812 4973 ἀληθείᾳ
832 4941 848 4967 ,
897 4900 993 4955 καὶ⁹
1041 4901 1180 4971 πρὸς
1225 4901 1395 4969 αὐτῆς
1425 4901 1512 4952 διὰ
1541 4895 1752 4952 πίστεω

1883 4901 2042 4955 ﬁdem
2095 4900 2346 4964 adllatsit,
2401 4909 2460 4954 ut
2510 4900 2695 4954 triduo
2738 4899 2984 4955 omnium
3034 4899 3205 4954 oblita
3255 4898 3350 4962 sit,
3401 4905 3456 4950 et

203 4992 432 5058 ἐγένετο,
470 4995 547 5058 ὡς
586 4995 680 5048 ἐπὶ
729 4989 910 5065 τρισὶν
970 4993 1206 5064 ἡμέραις
1260 4993 1561 5062 ἀμνηστεῑν
1607 4990 1752 5059 αὐτὴ·

1882 4993 1990 5049 cibi
2016 5002 2070 5047 et
2095 5003 2277 5062 potus.

205 5084 394 5148 πάντα,
433 5088 531 5138 καὶ
556 5085 864 5156 βρώματος,
897 5086 990 5138 καὶ
1022 5084 1283 5153 πόματος.
1773 5093 1777 5098 ’

272 5179 380 5229 Καὶ
442 5180 630 5248 μήτηρ
674 5178 772 5248 μὲν
815 5177 1153 5248 φιλοστόργῳ
1202 5175 1308 5229 τινὶ
1348 5175 1442 5229 καὶ⁵
1500 5173 1780 5243 φιλοψύχῳ

208 5266 442 5322 διαθέσει
485 5268 608 5339 περῖ
640 5269 809 5339 αὐτὴν
846 5268 1111 5331 είσιοῦσα,
1145 5267 1238 5320 καὶ
1270 5267 1527 5320 στένουσα
1555 5267 1647 5320 καὶ
1669 5266 1781 5317 δια-

1959 5166 2129 5220 Mater
2163 5182 2290 5221 vero
2332 5166 2560 5221 materni
2609 5166 2846 5235 quadam
2895 5164 3099 5218 amoris
3135 5163 3205 5227 vi,
3241 5162 3458 5229 impen-

1873 5260 2138 5327 sioreque
2167 5259 2220 5312 in
2254 5274 2372 5313 eam
2402 5257 2608 5312 carnali
2642 5256 2836 5312 aﬂ‘ectu
2890 5257 3159 5325 ingressa,
3205 5266 3458 5322 gemens-

207 5360 551 5430 πονουμένη·
592 5359 685 5412 καὶ
713 5359 766 5410 τί
807 5359 915 5431 γὰρ
947 5361 980 5430 ὴ
1011 5359 1228 5430 μήτηρ;
1269 5358 1344 5427 πῆ
1382 5357 1480 5427 μὲν
1511 5355 1752 5408 κολακεύ

1893 5369 2000 5424 que
2033 5368 2094 5408 ac
2125 5354 2420 5422 quiritans,
2453 5351 2604 5421 (quid
2642 5351 2789 5405 enim
2814 5349 2959 5404 aliud
2999 5347 3251 5416 mater?)
3294 5344 3458 5398 modo

208 5469 362 5516 ουσα,
399 5452 502 5506 καὶ
551 5449 825 5520 αἱμυλίοις
850 5450 1257 5520 ύποποιουμένη
1298 5448 1497 5516 λόγοις.
1536 5448 1752 5503 Τέκνον

1894 5446 2111 5514 quidem
2144 5443 2456 5506 blandiens,
2492 5441 2817 5511 lenibusque
2838 5440 3020 5495 verbis
3054 5437 3369 5492 demulceus
3393 5451 3458 5486 ac

208 5542 355 5606 ἐϐόα,
390 5541 689 5612 φίλτατον
709 5554 725 5571 ·
760 5536 977 5592 τέκνον
1009 5537 1264 5605 ἣδιστόν
1303 5539 1355 5607 γ’
1391 5532 1506 5591 οὖν
1531 5536 1631 5591 καὶ
1658 5553 1752 5605 τερ

1892 5536 1995 5591 sibi
2029 5535 2348 5601 concilians,
2393 5533 2537 5588 Filia
2565 5534 2876 5599 ,clamabat,
2912 5531 3228 5585 charissima
3258 5527 3276 5580 !
3313 5525 3458 5580 Filia

281 5722 393 5790 (iil)
432 5719 546 5789 Τῆς
569 5712 916 5787 ὐπερφώτου
943 5713 1273 5783 ἀστραπῆς.
1311 5712 1513 5782 Fulgur
1557 5732 1704 5769 omne

1859 5731 1927 5767 της
1971 5715 2160 5767 lumen.
2202 5711 2353 5767 l’auli
2392 5712 2585 5766 scitum
2607 5712 2920 5782 cpitbelum,
