3922 6314
670 329 776 395 307

1852 322 2140 388 NICETIE
2173 322 2695 385 PAPHLAGONIS
3787 325 3865 389 308

677 441 808 495 mihi
843 455 970 494 sane
1011 435 1341 498 dulcissima,
1387 435 1795 504 gratissimaque
1847 454 1911 490 ac
1961 436 2232 491 desidera-

2336 435 2631 486 πνότατον
2659 431 3214 494 καὶφποθεινότατον
3235 448 3246 460 ’
3287 432 3345 486 τί
3373 433 3470 486 σοι
3513 433 3610 486 καὶ
3644 435 3718 498 τῷ
3742 435 3866 500 ξένῳ

677 533 915 593 tissima,
959 531 1086 598 quid
1143 526 1235 581 tibi
1283 536 1331 580 et
1374 526 1645 594 peregrino
1690 527 1772 580 illi
1819 544 1880 579 ac
1918 525 2178 580 seductori
2210 525 2235 577 2

680 620 878 692 Ecquid
907 619 1082 675 causw
1107 632 1207 686 est,
1253 636 1346 673 cur
1393 620 1459 671 ad
1504 619 1617 685 ejus
1669 616 1951 670 absurdam
1993 615 2127 666 hanc
2174 629 2235 664 ac

675 710 972 764 inauditam
1024 711 1401 778 fabulationem
1473 723 1650 761 aurem
1710 704 2234 762 accommodaveris?

678 800 822 866 Quid
845 812 921 856 est
950 802 1087 870 quod
1107 800 1394 863 excessisti,
1441 809 1797 867 portentosum
1839 800 1973 850 hunc
2015 795 2235 848 horren-

674 893 898 959 dumque
925 907 1194 945 excessum
1224 893 1248 946 .’
1274 889 1382 944 Cur
1414 900 1524 944 tota
1549 892 1749 954 anima,
1781 882 1897 957 post
1920 888 2234 942 seductionis

677 980 831 1047 hujus
868 980 1019 1033 verba
1046 980 1224 1033 abiisti
1255 981 1281 1033 ?
1312 977 1581 1047 Revertere
1616 980 1684 1033 ad
1713 980 2016 1048 genitricem
2067 986 2232 1042 tuam,

675 1080 792 1136 quae
822 1079 870 1122 te
896 1071 1157 1123 educavit.
1222 1070 1410 1140 Aspice
1437 1073 1489 1124 in
1519 1085 1618 1134 me,
1665 1072 1781 1140 ﬁlia
1827 1086 1960 1123 mea.
2000 1066 2235 1136 Loquere

677 1157 745 1210 ad
776 1173 856 1210 me
889 1159 1098 1210 verbum
1123 1174 1142 1222 ;
1173 1159 1379 1228 loquere
1412 1163 1479 1211 ad
1528 1175 1624 1223 me,
1654 1160 1850 1212 viscera
1881 1173 1994 1210 mea
2022 1174 2040 1220 ;
2072 1155 2235 1225 ‘abje-

676 1255 861 1314 ctaque
881 1247 978 1300 hac
1000 1248 1280 1307 dementia.
1305 1264 1523 1316 exsurge
1539 1260 1592 1301 ut
1611 1249 1779 1299 cibum
1802 1263 2000 1308 sumas,
2027 1261 2056 1298 ο
2079 1246 2195 1312 ﬁlia
2214 1245 2234 1296 .'

676 1351 896 1405 exsurge
947 1347 1003 1389 ut
1055 1338 1220 1391 bibas.
1265 1339 1404 1405 Quid
1443 1355 1619 1392 causa:
1665 1347 1740 1391 est
1797 1353 1891 1390 cur
1940 1338 2016 1391 ita
2059 1353 2232 1391 vecors

680 1429 964 1497 ruentisque
997 1430 1142 1496 inops
1172 1430 1348 1483 sedeas
1378 1430 1404 1482 l’

747 1604 836 1657 Sic
869 1604 1027 1659 modo
1053 1603 1270 1673 quidem
1321 1604 1640 1664 obsecrans,
1679 1596 1840 1656 modo
1882 1616 2009 1656 vero
2067 1602 2230 1655 etiam

675 1695 1072 1749 austerioribus
1119 1697 1186 1747 ad
1227 1711 1342 1748 eam
1386 1697 1584 1758 verbis,
1617 1693 1724 1748 Cur
1756 1709 1894 1754 vero,
1925 1694 2061 1745 velut
2105 1693 2233 1745 insi-

673 1789 924 1854 pientium
977 1804 1103 1849 una,
1155 1787 1490 1855 increpabat,
1547 1787 1766 1854 teipsam
1813 1784 2115 1853 desperans,
2171 1800 2232 1836 ac

672 1881 822 1950 quasi
855 1896 970 1948 qum
1007 1896 1216 1932 sensum
1256 1862 1457 1930 omnem
1486 1879 1672 1930 mentis
1709 1863 2086 1945 consiliumque
2114 1890 2232 1942 per-

673 1969 891 2031 dideris,
924 1971 1000 2029 sic
1032 1966 1472 2024 irrationabiliter
1501 1968 1645 2021 sedes
1675 1965 1965 2020 ?Reverere
1988 1975 2230 2027 matrem,

671 2076 790 2125 quae
815 2065 868 2114 in
895 2072 941 2115 te
964 2064 1236 2115 erubescit.
1273 2059 1518 2113 Reverere
1555 2067 1826 2126 cognatos,
1862 2057 2078 2118 amicos,
2102 2071 2236 2108 cow-

675 2162 878 2204 saneos.
914 2151 1117 2204 Pudeat
1153 2168 1184 2202 a
1213 2151 1348 2218 facie
1376 2165 1637 2202 servorum
1669 2158 1898 2202 tuorum.
1945 2145 2043 2199 Ubi
2079 2146 2236 2214 virgi-

674 2258 799 2294 neus
822 2224 1060 2308 'pudoris
1111 2242 1271 2294 rubor
1297 2245 1321 2294 ?
1355 2241 1444 2293 ubi
1487 2243 1716 2293 incessus
1749 2227 1887 2292 Ῥυὺὶ
1936 2238 2172 2307 gravitas
2208 2237 2232 2290 ?

671 2330 759 2384 ubi
798 2331 928 2384 ordo
959 2333 982 2384 ?
1015 2332 1103 2384 ubi
1133 2333 1277 2397 prior
1302 2332 1395 2383 illa
1433 2332 1679 2383 honestas
1709 2332 1732 2384 ll
1765 2327 1953 2382 Nescis
1991 2343 2103 2381 esse
2136 2343 2228 2381 nos

671 2423 870 2487 primos
918 2421 1055 2474 inter
1105 2419 1276 2474 lcanii
1309 2423 1465 2484 cives,
1520 2430 1786 2488 totamque
1828 2419 1897 2472 ad
1950 2435 2042 2471 nos
2091 2419 2236 2471 urbis

671 2511 1055 2564 (salutationem
1109 2522 1360 2578 spectare,
1416 2527 1595 2579 resque
1659 2521 1870 2563 nostras
1928 2518 2236 2562 cunctorum

669 2603 934 2668 expositas
974 2602 1298 2654 sermonibus
1334 2617 1465 2663 esse,
1505 2603 1610 2654 sive
1645 2600 1754 2655 ιιιω
1792 2601 1974 2670 fausto
2007 2618 2068 2653 ac
2103 2602 2237 2654 omi-

674 2701 797 2744 nato
827 2703 1030 2750 eventu.
1071 2693 1175 2744 sive
1209 2709 1352 2744 secus
1382 2692 1679 2744 succedant.
1738 2692 1844 2745 Cur
1880 2709 2002 2759 ergo
2032 2701 2082 2745 te
2118 2694 2233 2759 ipsa

673 2781 870 2833 invidis
933 2779 1208 2849 gaudium,
1263 2769 1448 2833 amicis
1509 2797 1627 2834 vero
1674 2781 2122 2848 reprehensionem
2175 2798 2235 2834 ac

671 2869 919 2937 probrum
957 2869 1153 2937 praebes
1179 2869 1203 2920 ?

748 3043 825 3096 En
848 3053 898 3096 et
919 3060 1138 3111 sponsus
1166 3044 1331 3098 adest.
1373 3043 1450 3097 En
1481 3045 1667 3097 civium
1705 3044 1824 3111 ﬂos,
1843 3045 2123 3113 wqualium
2145 3046 2236 3096 de-

675 3149 787 3194 cor,
829 3131 997 3184 Iconii
1034 3134 1237 3187 ovulus.
1286 3132 1361 3185 En
1405 3143 1522 3185 tuus
1552 3132 1853 3201 Thamyris,
1887 3133 2098 3186 Thecla.
2133 3131 2240 3188 Ea:-

674 3238 846 3290 surge.
906 3225 958 3274 in
1017 3224 1283 3290 amplexus
1331 3241 1441 3288 rue,
1495 3223 1752 3276 osculare.
1818 3222 1962 3275 Scito
2017 3225 2104 3275 cui
2163 3224 2236 3275 sis

674 3320 1010 3378 desponsata,
1044 3315 1128 3364 cui
1153 3315 1475 3379 nuptialibus
1506 3315 1677 3381 pactis
1708 3315 1985 3367 obstricta.
2035 3313 2116 3366 Ne
2149 3329 2236 3380 spe

676 3420 916 3466 vacuum,
952 3420 1012 3456 ne
1047 3415 1252 3458 tuarum
1276 3415 1534 3474 expertem
1563 3406 1876 3473 gratiarum,
1904 3422 1964 3459 ne
2008 3415 2094 3458 tuo
2128 3407 2238 3472 pri-

675 3506 852 3550 vatum
887 3499 1142 3566 colloquio
1177 3503 1343 3554 virum
1381 3502 1657 3565 repuleris.

746 3679 1036 3749 Thamyris
1073 3697 1224 3741 vero,
1274 3684 1366 3749 qui
1413 3690 1466 3734 ct
1513 3682 1628 3750 ipse
1675 3681 1882 3746 aderat,
1941 3680 2069 3750 quid
2127 3693 2232 3732 non

677 3774 930 3834 faciebat,
993 3774 1121 3841 quid
1181 3789 1285 3826 non
1345 3773 1684 3841 loquebatur,
1753 3770 1953 3841 quibus
1999 3771 2234 3826 emolliri

676 3873 899 3916 noverat
966 3864 1200 3914 animum
1259 3870 1419 3930 atque
1467 3879 1494 3916 a
1556 3864 1867 3916 constantia
1939 3874 2236 3929 tenoreque

680 3951 936 4005 inﬂecti?
976 3951 1184 4011 Thecla,
1253 3952 1452 4014 aiebat,
1523 3954 1652 4005 mihi
1702 3953 2033 4022 gratissima,
2107 3954 2235 4005 mihi

673 4046 985 4119 desponsata
1015 4055 1167 4112 atque
1198 4055 1380 4111 aptata
1409 4043 1698 4098 .'Converte
1733 4056 1994 4111 aspectum
2025 4046 2079 4096 in
2117 4059 2235 4110 pro-

673 4152 791 4188 cum
825 4145 969 4187 tuum
999 4151 1014 4187 :
1048 4152 1274 4187 reverere
1307 4151 1476 4202 vocem
1518 4137 1693 4201 sponsi
1725 4136 1822 4189 tui.
1864 4135 1992 4187 Veni
2039 4135 2107 4186 ad
2156 4151 2236 4187 me

673 4227 762 4296 qui
805 4244 975 4280 amem
1006 4237 1073 4291 te,
1111 4229 1201 4296 qui
1259 4235 1304 4279 te
1357 4228 1601 4296 diligant,
1659 4228 1845 4295 quique
1890 4226 2070 4277 omnia
2120 4242 2233 4277 mea

676 4333 976 4385 omnemque
1019 4334 1186 4369 meam
1235 4319 1610 4378 substantiam,
1666 4333 1839 4384 meque
1887 4320 2056 4380 ipsum
2115 4331 2234 4366 cum

2338 527 2523 588 τούτῳ
2556 523 2727 591 ἀνδρὶ
2757 524 2854 575 καὶ
2880 526 3079 592 γόητις
3110 525 3206 578 καὶ
3243 524 3343 578 ἵνα
3376 525 3435 578 τί
3461 524 3610 590 πρὸς
3647 524 3756 591 τὴν
3782 531 3865 580 αὑ-

2338 615 2448 673 τοῦ
2487 613 2707 668 λαλιὰν
2755 613 2871 679 τὴν
2902 615 3240 668 ἀλλόκοτον
3288 601 3512 678 ταύτην
3555 614 3654 666 καὶ
3716 615 3866 678 ξένην

2337 705 2632 772 προσέθου
2683 703 2796 771 τὴν
2825 704 3052 768 ἀκοήν;
3080 691 3202 760 ἰνα
3257 707 3314 758 τί
3346 704 3596 774 ἐξέστης
3627 705 3867 767 ἐξαισίων

2337 799 2561 862 ταύτην
2592 797 2883 850 ἔκστασιν
2915 795 3010 846 καὶ
3034 796 3307 863 φρικτήν;
3335 797 3458 849 Ἵνα
3484 797 3541 848 τί
3582 795 3698 860 ὅλῃ
3725 797 3866 862 ψυχῇ

2336 887 2529 948 ὀπίσω
2559 885 2676 939 τῶν
2701 887 2897 953 λόγων
2930 886 3148 950 ταύτης
3198 887 3478 952 άπήχθης
3529 883 3640 950 τῆς
3672 889 3867 950 πλανή-

2335 993 2525 1042 σεως;
2561 961 2956 1044 Ἐπίστρεψον
2987 975 3132 1042 πρὸς
3169 974 3282 1040 τὴν
3309 976 3762 1044 γεννησαμένην
3793 991 3863 1035 σε,

2335 1069 2450 1134 τὴν
2480 1068 2982 1135 ἀναθρεψαμένην
3001 1083 3075 1119 σε
3095 1083 3106 1096 ·
3133 1068 3377 1134 βλέψον
3395 1069 3543 1132 πρός
3572 1083 3670 1134 με,
3688 1068 3868 1118 τέκνω-

2335 1160 2479 1227 ἐμόν
2499 1175 2514 1190 ο
2539 1158 2784 1227 φθέγξαι
2809 1159 2956 1224 πρὸς
2986 1157 3088 1225 ἐμὲ
3116 1160 3302 1225 λόγον
3323 1174 3335 1186 ·
3368 1157 3638 1224 φθέγξαι,
3666 1159 3867 1223 σπλάγ-

2335 1267 2486 1318 χνον
2546 1251 2728 1318 ἐμὸν,
2792 1249 2886 1301 καὶ
2961 1249 3418 1318 ἀπορῤιψαμένη
3489 1249 3734 1314 ταυτηνὶ
3784 1250 3870 1313 τὴν

2335 1339 2705 1408 παραφορὰν,
2758 1338 3053 1404 ἀνάστηθι
3103 1339 3203 1392 ἐπὶ
3228 1339 3486 1406 βρωτὸν,
3521 1333 3567 1391 ὦ
3619 1341 3867 1406 θύγατερ·

2334 1429 2626 1496 ἀνάστηθι
2651 1429 2748 1482 ἐπὶ
2776 1429 2962 1482 ποτόν
2981 1445 2994 1459 ο
3021 1429 3118 1481 καὶ
3152 1430 3252 1481 ἵνα
3286 1430 3341 1480 τί
3369 1428 3553 1494 οὕτως
3575 1428 3871 1494 decores-on-

2332 1518 2486 1586 μένη
2522 1520 2672 1585 κάθῃ
2697 1536 2716 1585 ;

2409 1608 2493 1675 Πῆ
2527 1609 2624 1676 μὲν
2655 1609 2746 1661 οὖν
2789 1609 2986 1661 οὑτωσὶ
3025 1609 3421 1678 παρακαλοῦσα,
3443 1650 3456 1674 ,
3493 1610 3568 1680 πῆ
3593 1611 3655 1663 δὲ
3688 1610 3774 1663 καὶ
3796 1611 3870 1662 αὑ-

2338 1697 2663 1768 στηρότερον
2700 1700 2836 1768 αὐτῇ
2869 1699 3165 1772 χρωμένη,
3193 1702 3326 1754 ἰνα
3377 1703 3466 1763 τί,
3517 1703 3598 1767 ὠς
3636 1703 3743 1769 μία
3782 1700 3873 1751 τῶν

2264 1768 2306 1822 Β
2333 1786 2626 1854 ἀφρόνων,
2670 1768 3025 1856 ἐπέπληττεν,
3075 1788 3293 1855 ἑαυτῆς
3350 1768 3744 1856 (istem-axitia.
3799 1789 3873 1840 καὶ

2335 1879 2536 1946 ῶσπερ
2592 1878 3012 1933 ἀπολωλεκυῖα
3057 1881 3317 1934 σύνεσιν
3363 1881 3459 1933 καὶ
3519 1882 3764 1946 βουλὴν
3788 1899 3873 1932 na-

2328 1972 2598 2039 ραλόγως
2653 1969 2872 2023 οὑτωσὶ
2921 1969 3104 2038 πάθῃς
3153 1972 3471 2038 Αιὸέσθητι
3497 1973 3727 2039 μητέρα
3776 1971 3874 2023 δια-

2335 2057 2706 2127 τρεπομένην
2757 2059 2826 2110 ἐν
2878 2060 3009 2111 σοι·
3059 2059 3365 2126 αἱδέσθητι
3414 2061 3748 2128 συγγενεῖς,
3801 2063 3872 2127 φί-

2335 2152 2503 2213 λους,
2538 2148 2834 2215 ὁμήλικας
2863 2165 2875 2176 ·
2938 2151 3290 2216 αὶσχύνθητι
3319 2149 3387 2202 ἐκ
3419 2149 3743 2215 προσώπου
3782 2149 3875 2199 τῶν

2337 2236 2464 2292 σῶν
2489 2237 2757 2291 οίκετῶν.
2785 2238 2910 2290 Ποῦ
2933 2240 2997 2290 τὸ
3033 2237 3350 2305 παρθένοις
3376 2238 3607 2306 πρέπον
3639 2239 3873 2306 ἐρύθημα

2338 2329 2448 2396 τῆς
2484 2329 2722 2395 αὶὸοὗς;
2753 2329 2872 2381 ποῦ
2911 2329 2974 2380 τὸ
3021 2330 3324 2399 βάδισμα;
3353 2331 3469 2383 ποῦ
3499 2331 3537 2395 ἡ
3572 2332 3875 2398 σεμνότης;

2339 2419 2456 2472 ποῦ
2492 2421 2528 2484 ἠ
2560 2419 2747 2484 τάξις,
2777 2420 2872 2471 καὶ
2917 2421 2953 2486 ἡ
2995 2421 3248 2487 προτέρα
3273 2423 3630 2488 κοσμιότης;
3675 2423 3786 2474 Οὐκ
3814 2417 3875 2470 οἱ..

2338 2515 2456 2564 σθα
2483 2511 2560 2574 ὡς
2590 2510 2805 2577 πρῶτοι
2845 2509 2964 2562 τῶν
3005 2510 3298 2564 Ἰκονιέων
3320 2511 3508 2580 ἡμεῖς,
3545 2513 3640 2563 καί
3672 2514 3703 2564 d
3725 2510 3875 2575 ζῆλος

2336 2602 2446 2668 τῆς
2471 2602 2700 2666 πόλεως
2727 2602 2876 2668 πρὸς
2906 2601 3062 2668 ἡμᾶς
3091 2602 3234 2666 ὅλος
3255 2642 3268 2664 ,
3302 2602 3400 2653 καὶ
3423 2603 3493 2654 τὰ
3526 2602 3776 2668 ἡμέτερα
3801 2600 3876 2653 λά-

2336 2694 2496 2759 λημα
2521 2691 2728 2754 πᾶσιν,
2773 2692 2892 2744 εἴτε
2919 2691 3130 2756 δεξιῶς
3149 2731 3163 2752 ,
3197 2692 3253 2744 εἴ
3259 2709 3317 2745 τε
3346 2690 3460 2746 οὖν
3486 2692 3701 2760 ἑτέρως
3741 2693 3875 2757 exat;

2337 2783 2439 2834 Διά
2493 2782 2548 2835 τί
2594 2777 2746 2846 οὖν,
2807 2781 3001 2850 χάρμα
3044 2783 3159 2848 μὲν
3215 2782 3334 2848 τοῖς
3395 2784 3872 2846 βασκαίνουσιν,

2339 2873 2592 2940 ἔλεγχον
2621 2872 2688 2924 δὲ
2724 2873 2820 2925 καὶ
2861 2872 3089 2937 ὄνειδος
3143 2872 3266 2937 τοῖς
3302 2875 3505 2940 φίλοις
3543 2874 3873 2942 ἐμπαρέχεις

2339 2962 2610 3028 σαυτήν;

2430 3052 2583 3106 Ἰδού
2613 3067 2711 3105 σοι
2745 3049 2842 3104 καὶ
2873 3054 2906 3105 ό
2927 3052 3226 3120 μνηστήρ.
3280 3051 3436 3106 Ἰδοὺ
3465 3052 3532 3104 τὸ
3571 3051 3755 3114 ἄνθος
3784 3051 3876 3104 τῶν

2342 3144 2618 3207 πολιτῶν,
2647 3143 2711 3196 τὸ
2743 3143 2970 3206 κάλλος
3013 3140 3125 3195 τῶν
3173 3144 3498 3211 ὁμηλίκων,
3535 3147 3566 3196 ό
3618 3143 3724 3195 τοῦ
3765 3144 3875 3194 Ἰκο-

2337 3236 2470 3286 νίου
2531 3234 2865 3301 ὀφθαλμόςο
2911 3233 3039 3286 ἰδοὺ
3096 3235 3129 3285 ό
3175 3234 3286 3298 σὸς
3345 3233 3634 3300 Θάμυρις,
3679 3231 3874 3284 Θέκλα·

2337 3324 2651 3388 ἀνάστηθι,
2687 3324 2957 3376 ᾶσπασαι
2984 3325 3186 3377 αὐτόν.
3210 3323 3402 3377 Γνῶθι
3433 3323 3538 3376 τὸν
3565 3321 3878 3391 νυμφευσά-

2332 3431 2535 3481 μενον,
2551 3415 2656 3464 τὸν
2680 3411 3266 3481 κατεγγυησάμενονο
3277 3413 3363 3480 μὴ
3383 3413 3562 3464 κενὸν
3593 3412 3710 3464 τῶν·
3735 3411 3877 3464 ἐλπι-

2335 3503 2473 3565 δων,
2499 3501 2584 3568 μὴ
2621 3502 2739 3553 τῶν
2769 3501 2898 3553 σῶν
2926 3503 3172 3570 ἄμοιρον
3197 3504 3470 3570 χαρίτων,
3507 3501 3608 3554 καὶ
3643 3500 3749 3569 τῆς
3775 3499 3873 3566 σῆς

2335 3591 2696 3659 ἀποπέμψ-ῃς
2721 3592 3100 3657 ἀστοχοῦντα
3140 3591 3540 3659 προσλαλιᾶς.

2405 3683 2647 3751 Θάμυρις
2676 3684 2733 3734 δὲ
2761 3682 2949 3752 παρὼν
2976 3683 3069 3735 καὶ
3099 3683 3279 3746 αὐτὸς,
3313 3684 3365 3734 τε
3395 3684 3508 3749 μὲν,
3532 3684 3631 3735 οὐκ
3665 3683 3808 3751 ἔδρα,
3837 3680 3875 3731 τί

2336 3772 2380 3824 δ’
2415 3773 2473 3824 οὐ
2506 3773 2827 3841 προσελάλει
2881 3774 2993 3826 τῶν
3019 3775 3118 3826 ὅσα
3162 3774 3394 3840 χαυνοῦν
3433 3770 3540 3828 οἵδε
3591 3775 3684 3825 καὶ
3735 3787 3874 3823 κατα-

2341 3865 2630 3932 μαλάττειν
2651 3863 2848 3931 ψυχήν;
2873 3864 3086 3925 Θέιιλα,
3109 3865 3305 3929 λέγων,
3327 3864 3453 3932 ἐμοὶ
3480 3865 3873 3931 κεχαρισμένη,

2336 3956 2462 4023 ἐμοὶ
2515 3956 2886 4023 ἡρμοσμένῃ.
2948 3955 3041 4008 καὶ
3098 3954 3678 4022 νυμφοστολουμένη
3734 3954 3869 4020 ἐμεί-

2335 4047 2701 4113 ἐπίστρεψον
2747 4047 2810 4098 τὸ
2837 4046 3078 4113 βλέμμα
3115 4047 3262 4112 πρὸς
3296 4045 3618 4114 μνηστῆρα
3646 4046 3873 4098 τὸν-θήν·

2335 4137 2637 4200 αἱδέσθητι
2693 4137 2896 4204 φωνῆς
2926 4137 3188 4204 νυμφίου
3229 4137 3334 4189 τοῦ
3364 4137 3478 4189 σοῦ
3501 4152 3514 4166 ⁸
3546 4139 3726 4203 γενοῦ
3753 4137 3872 4203 πρίς

2335 4228 2479 4294 ἐμοῦ
2515 4229 2616 4279 τοῦ
2652 4229 3054 4295 πεφιληκότος
3091 4210 3198 4291 σε,
3260 4229 3365 4281 τοῦ
3399 4230 3771 4295 ήγαπηιιότος
3798 4245 3869 4283 σε.

2338 4318 2433 4368 καὶ
2465 4317 2660 4369 πάντα
2694 4317 2763 4368 τὰ
2793 4316 2922 4382 ἐμὰ,
2983 4317 3080 4367 καὶ
3118 4315 3324 4370 πᾶσαν
3373 4315 3592 4383 κτῆσιν
3651 4320 3744 4369 καὶ
3789 4319 3872 4368 ῦπ-

677 4405 942 4466 οιηηίὸιιιι,
978 4408 1078 4457 tuis
1118 4406 1357 4456 manibus
1397 4405 1627 4458 credam.
1684 4405 2011 4464 Convertere,
2047 4413 2093 4455 et
2124 4403 2233 4454 vide

2341 4405 2511 4471 αρξιν
2533 4446 2546 4468 ,
2597 4404 2692 4454 καὶ
2744 4402 3003 4471 ἐμαυτὸν
3035 4403 3183 4469 πρὸς
3221 4403 3340 4468 τοῖς
3373 4402 3544 4464 πᾶσι,
3603 4403 3728 4467 ταῖς
3758 4403 3868 4465 σαῖς

679 4503 824 4546 tuum
885 4495 1190 4561 Thamyrin,
1257 4494 1469 4556 Thecla,
1535 4496 1681 4562 eique
1753 4495 1891 4560 loqui
1959 4495 2235 4559 dignare;

675 4587 881 4656 eosdem
912 4587 1266 4652 percipiamus
1299 4586 1437 4637 sales
1466 4603 1485 4649 ;
1519 4602 1601 4649 ac,
1631 4587 1675 4636 si
1706 4583 1866 4644 lubet,
1898 4599 2032 4635 nunc
2059 4583 2238 4634 statim

682 4695 927 4732 canamus
963 4678 1308 4746 hymena’um.
1351 4675 1444 4728 Sin
1500 4684 1673 4728 autem
1723 4692 1882 4743 neque
1931 4681 2024 4725 hoc
2077 4674 2236 4732 lubet,

679 4770 794 4824 iube
851 4770 1000 4829 mihi,
1058 4777 1106 4820 et
1169 4769 1368 4820 veniam
1425 4767 1491 4818 ad
1541 4767 2099 4832 te;qucmadmodum
2147 4779 2238 4832 ego

680 4872 824 4912 totus
857 4876 970 4912 sum
1003 4868 1056 4910 ut
1094 4859 1463 4926 tibiplaceam,
1502 4869 1604 4910 tua:
1638 4859 1895 4927 obsequar
1947 4857 2230 4920 voluntati,

681 4963 768 5005 tuo
810 4950 1067 5004 desiderio
1126 4960 1263 5004 totus
1319 4961 1493 5003 tenear
1534 4969 1550 5013 ;
1585 4949 1739 5002 modo
1796 4965 1965 5002 vocem
1998 4947 2234 5008 audiam,

681 5038 833 5091 modo
876 5039 1234 5092 dulcissimam
1282 5042 1411 5092 mihi
1447 5039 1855 5106 fabulatiouem,
1915 5038 2066 5090 modo
2113 5054 2237 5088 con-

681 5129 856 5180 silium
883 5139 1025 5180 tuum
1043 5133 1287 5195 sentiam,
1319 5132 1468 5183 modo
1502 5147 1602 5181 non
1626 5130 1841 5180 surdum
1875 5128 1942 5179 ad
1967 5138 2011 5180 te
2043 5129 2240 5195 ingres-

682 5236 814 5278 sum,
849 5237 948 5274 non
997 5240 1205 5282 vanum,
1239 5241 1340 5274 non
1376 5225 1604 5286 inanem,
1657 5239 1685 5270 ο
1719 5221 2054 5281 charissima,
2089 5220 2156 5270 ad
2189 5230 2236 5272 te

657 5312 811 5365 -mihi
842 5317 1070 5380 pra'beas
1107 5317 1406 5367 adventum.

750 5569 934 5637 Neque
984 5570 1063 5622 bis
1113 5569 1375 5621 duntaxat
1427 5570 1627 5630 verbis,
1683 5572 1852 5624 sedat
1903 5574 2123 5625 nutibus
2170 5572 2235 5624 ad

680 5662 1059 5716 inﬂectcnclum
1089 5663 1326 5714 animum
1355 5665 1672 5729 compositis
1716 5665 1936 5718 allicere
1981 5667 2226 5727 studt-us,

2340 4494 2762 4562 ἐγχειρίζοντος
2819 4495 3052 4560 χερσίν.
3095 4495 3511 4562 Ἑπίστρεψον,
3545 4495 3644 4549 καὶ
3675 4495 3757 4546 ιδε
3792 4493 3872 4544 τίν

2338 4583 2453 4635 σὺν
2487 4583 2764 4650 Θάμυριν,
2804 4583 3016 4644 Θέιιλα,
3076 4584 3172 4636 καὶ
3220 4586 3406 4652 λόγου
3451 4586 3710 4652 μετάδος
3737 4601 3748 4613 ·
3795 4581 3868 4632 καὶ

2337 4671 2500 4724 ἀλῶν
2524 4672 2912 4740 μετάσχωμεν
2949 4671 3062 4724 τῶν
3104 4673 3333 4730 αὐτῶν·
3384 4674 3504 4735 καὶ,
3560 4679 3613 4726 εὶ
3661 4675 3867 4736 βούλει.

2337 4763 2549 4816 αὐτίκα
2579 4763 2692 4815 νῦν
2715 4763 2945 4830 ᾄδωμεν
2967 4763 3072 4814 τὸν
3106 4763 3410 4830 ὑμέναιον.
3445 4766 3512 4815 Εἰ
3543 4763 3595 4813 δ’
3629 4757 3735 4815 οὖν
3761 4761 3867 4812 οὔτε

2338 4867 2435 4904 σοι
2473 4853 2654 4920 φίλον
2702 4852 2894 4913 τοῦτο,
2925 4850 3235 4910 σύνταξον
3284 4849 3436 4915 ἐμοὶ,
3467 4849 3566 4900 καὶ
3607 4848 3726 4913 ἢξω
3754 4844 3870 4909 ιιι-[ς

2339 4942 2446 4995 σέ·
2495 4944 2568 5005 ὡς
2597 4942 2775 5008 ἔγωγε
2805 4939 2910 5007 τῆς
2943 4939 3061 5005 σῆς
3105 4940 3248 5003 ὅλος
3276 4939 3624 5006 ἀρεσκείας,
3657 4936 3752 4986 τοῦ
3779 4933 3867 4984 acii

2338 5030 2688 5095 θελήματος,
2709 5028 2805 5079 καὶ
2827 5027 2931 5092 τῆς
2966 5027 3284 5093 ἐπιθυμίας
3309 5026 3450 5089 ὅλος
3480 5025 3596 5091 ειμι
3633 5023 3734 5089 τῆς
3757 5019 3865 5081 σῆς·

2338 5125 2523 5186 μόνον
2558 5120 2798 5170 ἀκούσω
2825 5117 3058 5186 φωνῆς·
3111 5119 3304 5185 μόνον
3354 5115 3464 5182 τῆς
3495 5116 3743 5180 ἡδίστης
3768 5111 3863 5180 ἑμιὲ

2338 5208 2578 5273 λαλιᾶς·
2611 5207 2717 5273 τῆς
2738 5209 2976 5275 βουλῆς
3015 5211 3206 5274 μόνον
3246 5209 3569 5271 αἰσθοίμην
3621 5205 3725 5271 τῆς
3755 5203 3864 5264 σῆς.

2334 5302 2537 5354 Μόνον
2559 5297 2642 5365 μὴ
2675 5299 2882 5365 κωφὴν
2909 5299 3021 5365 τὴν
3057 5299 3137 5362 ὠς
3176 5299 3251 5350 σὲ
3285 5298 3548 5359 εισοδον,
3576 5299 3662 5368 μὴ
3693 5298 3862 5359 κενὴν.

2332 5390 2416 5458 μὴ
2467 5389 2811 5453 ἀνήνυτον,
2873 5385 2919 5442 ὦ
2955 5390 3240 5458 φιλτάτη,
3292 5391 3757 5459 παρασκευάσῃς
3787 5403 3862 5454 prs

2340 5481 2452 5544 τὴν
2481 5480 2835 5544 παρουσίαν.

2411 5573 2514 5623 Καὶ
2542 5571 2602 5621 οὐ
2637 5572 2794 5638 μόνον
2825 5569 3032 5630 τούτοις
3057 5573 3165 5632 τοῖς
3200 5572 3459 5640 ῥήμασιν,
3494 5572 3631 5624 ἀλλὰ
3655 5570 3739 5622 καὶ
3767 5567 3859 5616 ἰε-3-

2343 5680 2469 5731 μαπι
2496 5663 2886 5729 δυσίυπητικοῖς
2915 5661 3206 5716 ἐπικλίνειν
3235 5663 3427 5730 δοκῶν,
3456 5665 3592 5719 ἀλλὰ
3626 5665 3711 5717 καὶ
3733 5661 3856 5730 φιλή-
