3922 6314
236 235 345 300 309

1095 204 1670 308 ORAT10X\'I.—-;
1730 254 1807 311 1x
1848 257 2156 318 manem
2212 260 2274 319 s.
2314 260 2646 324 'l‘iiECL.E.

3389 262 3491 326 δί’)

237 364 372 416 μασι
399 349 752 416 χαυνωτικοῖς
771 364 786 380 ⁸
818 348 1000 419 ἡρέμα
1030 350 1085 403 δὲ
1113 353 1205 405 καὶ
1235 354 1335 423 τῆς
1362 354 1554 425 ὀθόνης
1584 359 1808 426 ἐπαφώ-

1915 363 2008 416 sed
2033 373 2086 418 et
2114 364 2371 421 mollibus
2402 369 2606 423 osculis
2629 412 2644 436 ,
2692 370 2896 424 sensim
2929 387 3058 426 vero
3084 374 3251 427 etiam
3293 392 3489 446 appre~

237 453 422 506 μενος,
450 437 544 490 καὶ
572 439 705 508 πρὸς
738 440 932 491 ἑαυτὸν
963 440 1346 511 ἐφελκόμενος,
1383 447 1661 514 "Ere/par,
1696 449 1807 516 φά-

233 542 451 595 γωμεν,
492 527 674 598 ἔλεγεν
696 547 708 561 ·
758 529 910 599 τάχα
941 531 1052 598 γὰρ
1083 532 1183 586 καί
1225 535 1264 603 ἡ
1293 536 1494 590 ἀσιτία
1532 538 1597 591 τὸ
1651 541 1808 593 πολὺ

233 617 412 686 μέρος
437 621 805 689 ἐξέστησε-ν·
842 622 1130 689 τραπέζης
1163 625 1232 678 δὲ
1259 631 1677 698 μετασχοῦσα,
1712 634 1810 685 καί

230 709 638 780 ἀταϐυνθεῖσα
665 712 780 780 τὴν
816 713 1085 781 καρδίαν,
1119 702 1516 789 ἑαυτῆοὲσῃ,
1562 723 1661 776 καί
1705 725 1810 776 τὸν

231 804 420 868 γόητα
448 803 661 856 τοῦτον
687 804 877 871 ἄνδρα
899 808 999 859 καί
1025 810 1314 877 πονηρὸν,
1341 813 1423 877 ὠς
1452 813 1688 881 ἀλήτην
1709 816 1808 869 καί

232 893 473 948 πλάνον
515 897 990 965 ἀποσεισαμένη.
1019 901 1205 966 οὕτως
1255 905 1498 970 τελείως
1549 906 1808 976 ἀνακάμ·

231 987 374 1053 tit-etc
405 985 548 1055 ἡμῖν
573 1003 586 1016 ·
627 988 725 1040 καί
763 990 870 1042 τὸν
898 980 1176 1060 γαμεταῖς
1207 995 1598 1065 προσήκοντα
1622 1000 1809 1052 πόθον

231 1079 385 1147 πρὸς
439 1078 598 1146 ἡμᾶς
653 1080 1150 1152 ἀνανεωσαμένη,
1207 1086 1318 1154 τῆς
1366 1091 1808 1158 νενομισμένης

229 1171 454 1224 αὐτίκα
479 1172 893 1241 συγκυρήσεις
915 1176 1174 1242 ὁμιλίας.

302 1261 369 1315 Τί
399 1262 490 1316 οὖν
539 1265 574 1334 ἡ
611 1265 910 1332 παρθένοςς
945 1262 1034 1336 ἆρ’
1070 1268 1335 1338 ἑπέὸλεψε
1382 1270 1519 1339 πρὸς
1558 1273 1657 1342 τὴν
1699 1291 1804 1342 μη-

229 1353 410 1426 τέρας
447 1350 554 1425 ἆρα
579 1356 656 1424 τῷ
693 1358 954 1426 μνήστορι
1008 1359 1344 1429 προσέσχεν;
1382 1357 1492 1427 ἇρά
1522 1379 1668 1426 τινος
1696 1364 1804 1417 τῶν

226 1443 454 1498 οἰκείων
487 1445 518 1514 ἢ
552 1447 719 1513 φίλων
753 1447 1068 1517 ἡττηθεῖσα,
1117 1449 1176 1502 τὸ
1209 1449 1307 1516 τῆς
1357 1450 1672 1520 ἀκροάσεως
1715 1454 1803 1507 ὲν-

227 1539 533 1607 τεταμένον
566 1539 941 1613 ῥπεχάλασεη
973 1540 1239 1611 Οὐδαμῶς
1259 1556 1272 1571 '
1301 1541 1492 1612 ὥσπερ
1516 1542 1574 1595 δὲ
1601 1543 1805 1613 ὀρνέων

230 1632 404 1702 ἠχὴν,
437 1635 468 1705 ἢ
497 1609 766 1703 σωμάτων
787 1635 1011 1707 ἀψύχων
1035 1609 1208 1704 ψόςρον
1239 1637 1336 1699 τὰς
1363 1609 1616 1702 τοιαύτας
1633 1609 1806 1710 ⁷ἡγου-

228 1723 372 1793 μένη
404 1725 773 1794 προσλαλιέκ,
829 1729 923 1780 καὶ
962 1726 1152 1797 ὥσπερ
1197 1727 1254 1780 δὲ
1297 1728 1524 1797 θάμνος,
1569 1729 1804 1803 ἥπέτρα

229 1813 526 1886 βαθύριζος
549 1858 564 1880 ,
599 1819 712 1880 τοῖς
744 1817 995 1870 ἕλκουσιν
1027 1818 1125 1887 οὐχ
1169 1820 1410 1889 ἑπομένη
1435 1860 1452 1883 ,
1497 1821 1665 1892 μόνης
1697 1824 1804 1875 τῶν

225 1903 411 1972 λᾶγων
461 1907 673 1960 Παύλου
719 1908 818 1978 τῆς
852 1909 1072 1980 χάριτος
1103 1911 1162 1962 ὲν
1207 1911 1451 1982 ἠρεμαίᾳ
1495 1912 1586 1966 νοῦ
1637 1931 1807 1968 κατα-

223 1999 439 2066 στάσει,
463 2002 557 2052 καὶ
588 2000 940 2071 συναισθήσει
965 2003 1237 2073 κατήκουε
1263 2003 1460 2074 ψυχῆς.

301 2176 420 2230 Καὶ
464 2172 533 2246 ἦν
577 2179 729 2244 ἄξιον
795 2182 966 2246 ὅντως
1011 2184 1071 2238 τὸ
1124 2185 1413 2254 γινόμενον
1471 2186 1803 2256 ἐκπλήξεως.

223 2269 494 2339 Τρυφερὰ
528 2272 686 2342 κόρη,
739 2275 1006 2346 ἀμυτιήτῳ
1034 2277 1220 2331 κάλλει
1251 2279 1347 2332 καὶ
1377 2279 1670 2348 ὠραιότητι
1701 2281 1805 2333 σώ-

225 2377 405 2429 ματος
434 2364 614 2425 πάσας
651 2365 957 2434 ἀνθρώπων
985 2369 1084 2431 τὰς
1135 2369 1443 2439 θυγατέρας
1473 2373 1804 2440 παρευδοκι-

225 2449 432 2519 μοῦσα,
476 2452 534 2504 δν
565 2453 714 2522 αὑτῷ
739 2455 838 2521 τῆς
885 2455 1101 2525 ἡλικίας
1127 2457 1203 2527 τῷ
1242 2457 1414 2520 ἄνθει,
1442 2460 1501 2511 ὲν
1533 2459 1670 2528 αὐτῇ
1707 2461 1800 2527 τῆς

221 2539 480 2607 νεςτητος
525 2545 591 2612 τῇ
632 2543 819 2613 ἀκμῇ·
881 2546 972 2597 καὶ
1005 2547 1112 2616 γὰρ
1150 2542 1218 2615 ἦν
1245 2546 1550 2616 ἐπίγαμος,
1585 2549 1666 2610 είς
1707 2549 1804 2616 ὲφο

219 2628 398 2699 ἠσους
419 2631 521 2700 ἢδη
545 2632 790 2686 τελοῦσω
814 2637 905 2687 καὶ
934 2636 1094 2707 αῦτη,
1126 2638 1260 2706 μήτε
1292 2639 1533 2706 Γραφαῖς
1559 2656 1795 2708 προπαι-

218 2718 496 2786 διυθεῐσα,
543 2725 679 2793 μήτε
711 2728 860 2795 νόμῳ
885 2728 1019 2787 Θεοῦ
1046 2730 1139 2781 καὶ
1185 2731 1497 2799 προφήταις
1523 2731 1796 2798 παιδαγω-

220 2813 457 2880 γηθεϊσα
477 2854 492 2878 ,
524 2816 600 2879 ὡς
629 2819 788 2886 μόνον
818 2820 917 2888 τῆς
951 2821 1314 2888 εὐαγγελικῆς
1347 2820 1616 2892 ὲπῄσθετο
1645 2825 1802 2890 φθογ-

219 2906 349 2973 γῆς,
383 2898 474 2959 καὶ
505 2907 708 2977 ταύτης
732 2910 792 2960 οὐ
828 2912 947 2964 κατ’
998 2912 1234 2972 εὐθεῖαν,
1286 2910 1402 2962 ἀλλ’
1450 2913 1512 2964 ἐκ
1566 2913 1801 2978 πλαγίας

222 2995 312 3046 ἐπ’
363 2996 533 3066 αὐτὴν
573 2997 781 3066 ἰούσης,
841 2998 1033 3069 ἐξέστη
1067 3000 1167 3069 μὲν
1213 3002 1448 3071 στοργῆς
1483 3002 1758 3071 μητρικῆς
1783 3021 1797 3035 ·

222 3085 421 3154 ἐξίστη
472 3087 528 3138 δὲ
560 3090 739 3158 πάσης
773 3091 1069 3160 ἐπιθυμίας
1127 3093 1350 3160 σαρκός.
1387 3093 1461 3144 Οὐ
1509 3095 1669 3160 μόνον
1718 3094 1798 3158 δὲ,

220 3177 363 3229 ἀλλὰ
393 3173 486 3231 καὶ
515 3181 715 3249 ἑαυτῆς
747 3182 988 3235 ὲκστᾶσα
1020 3183 1097 3252 τῷ
1125 3183 1416 3253 πνεύματι,
1464 3185 1556 3238 καὶ
1592 3185 1800 3254 διανοίᾳ

221 3267 448 3338 καθαρᾷ
479 3271 573 3322 καὶ
607 3271 919 3341 πιστοτάτῳ
945 3271 1026 3324 νοῒ
1051 3313 1065 3334 ,
1095 3271 1189 3325 τὸν
1237 3271 1693 3339 εὐαγγελισθέντα
1723 3272 1798 3324 λό-

222 3374 318 3425 γον
350 3361 514 3422 εὐθὺς
545 3361 935 3430 είσῖεξαμένητ
998 3364 1057 3414 ὲν
1105 3363 1273 3433 ἑαυτῇ
1305 3364 1364 3417 δὲ’
1396 3364 1582 3418 τοῦτον
1643 3365 1801 3433 ἐδρά-

223 3467 390 3515 σασα,
425 3451 518 3502 καὶ
560 3450 882 3518 ὲδρασθεῖσα
918 3452 1129 3521 παγίως
1162 3454 1220 3505 ὲν
1251 3454 1434 3524 αὐτῷ,
1487 3454 1668 3532 ὡρᾶτρ
1701 3453 1798 3522 μὲν

224 3540 316 3591 Earl;
343 3541 448 3608 γῆς
481 3535 638 3600 οὖσα,
671 3544 782 3603 τοῖς
815 3541 965 3594 οῦτιν
997 3545 1058 3595 ἐκ
1103 3546 1205 3613 γῆς
1227 3560 1238 3572 ·
1275 3540 1342 3613 ἦν
1372 3545 1430 3596 δὲ
1464 3547 1522 3596 ἐν
1548 3546 1799 3614 οὐρανοῖς

221 3635 461 3705 ἀληθῶς,
493 3638 586 3687 καὶ
620 3623 728 3686 τῶν
761 3637 920 3705 ἱερῶν
963 3637 1177 3689 Παύλου
1233 3638 1450 3703 λογίων,
1488 3638 1561 3699 ὡς
1596 3641 1660 3690 ὲκ
1703 3639 1798 3692 τοῦ

225 3728 622 3797 ὑπερουρανίου
666 3727 803 3780 Θεοῦ
863 3728 1271 3787 κατακούσασα,
1336 3731 1593 3798 οὐδεμιᾶς
1643 3731 1797 3799 ἠξίου

221 3824 348 3880 τοὺς
389 3818 501 3871 ἀπὸ
542 3820 646 3888 γῆς
674 3813 986 3886 φωνοῦντας
1020 3821 1375 3889 ἑπιστρνιφῆς.
1413 3822 1517 3873 Καὶ
1547 3821 1798 3891 καθάπερ

225 3910 386 3979 ἡμεῖς
421 3910 553 3978 περὶ
583 3910 691 3960 τῶν
748 3910 1061 3976 ἀναγκαίων
1094 3909 1239 3971 τινος
1295 3911 1431 3978 πρὸς
1465 3911 1574 3962 τῶν
1628 3913 1798 3981 ὑπερ-

225 4001 458 4067 εχόντων
508 4001 665 4070 ἡμῶν
732 3999 1269 4070 παραγγελλόμενα,
1348 4003 1558 4070 νηπίων
1627 4004 1796 4055 ἐνίοτε

227 4090 689 4160 παραληρούντων
733 4091 1004 4159 εἰώθαμεν
1033 4093 1427 4160 παραφρονεῖν,
1460 4092 1545 4144 ἵνα
1590 4093 1665 4162 μὴ
1701 4093 1794 4145 τοῦ

225 4180 534 4248 κρείττονος
578 4180 737 4246 λόγου
793 4179 1220 4247 διαμάρτωμεν·
1252 4180 1427 4241 οὕτως
1472 4183 1504 4250 ἠ
1555 4182 1796 4252 μακαρία

232 4272 523 4341 παρθένος,
575 4272 695 4324 ὅλον
724 4260 1045 4341 ἀκραιφνῶς
1073 4271 1160 4324 διὰ
1190 4271 1534 4343 θερμοτάτης
1559 4273 1797 4333 πίστεως

1913 457 2084 510 benso
2119 458 2287 511 linteo
2339 458 2405 512 ad
2459 475 2624 528 seque
2676 462 2917 528 trahens,
2983 464 3173 536 Surge,
3236 468 3486 534 edamus,

1913 548 2108 609 aiebat,
2142 549 2279 616 forte
2316 566 2430 602 vero
2459 552 2639 605 inedia
2689 572 2928 624 magnum
2977 570 3183 626 partem
3217 574 3489 628 stuporem

1883 640 2106 707 _injecit.
2147 639 2245 694 Ubi
2290 649 2465 694 autem
2515 660 2705 698 mensa:
2758 649 3042 716 particeps,
3114 651 3330 706 meliore
3369 653 3485 720 jam

1909 733 2085 784 animo
2122 732 2268 799 facta
2303 734 2492 800 fueris.
2529 744 2621 787 tua
2649 737 2811 802 ipsius
2849 741 2974 802 eris,
3028 741 3268 811 [tuncque
3320 745 3488 796 virum

1907 823 2353 890 pra'stigiatorem
2408 841 2470 875 ac
2521 827 2918 895 nequissimum,
2977 829 3111 882 velut
3161 832 3488 886 seductorem

1879 911 2223 984 planumque
2258 914 2586 982 submovens,
2631 921 2708 972 sic
2747 920 2972 988 perfecte
3026 923 3094 974 ad
3123 941 3215 978 nos
3262 927 3481 989 redibis,

1908 1003 2309 1076 instauratoque
2337 1024 2528 1083 umore
2565 1009 2855 1078 conjugalt',
2893 1022 3194 1067 consuetum
3229 1018 3484 1069 sermonis

1909 1109 2060 1145 usum
2087 1099 2333 1150 continue
2364 1100 2721 1164 recuperabis.

1979 1272 2118 1338 Quid
2173 1276 2338 1347 igitur
2380 1279 2587 1348 virgo?
2639 1279 2775 1333 Num
2824 1283 2889 1334 ad
2921 1290 3148 1334 matrem
3207 1284 3492 1351 respexit?

1907 1358 2042 1414 Num
2088 1366 2153 1417 ad
2200 1382 2424 1433 procum
2463 1369 2706 1422 animum
2761 1373 2995 1425 attendit
3024 1374 3046 1425 ?
3075 1373 3211 1426 Num
3262 1375 3358 1427 ulli
3397 1389 3489 1429 ce-

1907 1451 2041 1504 dens
2083 1456 2525 1510 necessariorum
2564 1468 2657 1511 aut
2695 1461 3025 1524 amicorum,
3077 1462 3297 1516 auditus
3343 1464 3487 1532 rigo-

1909 1553 2019 1590 rem
2068 1540 2382 1594 relaxavit?
2414 1543 2771 1615 Nequaquam
2805 1564 2820 1612 ;
2857 1549 2951 1601 sed
2999 1550 3149 1601 velut
3197 1563 3487 1617 passercu-

1910 1627 2085 1681 lorum
2139 1631 2401 1686 stridulas
2465 1651 2645 1695 voces.
2710 1637 3146 1706 inanimiumque
3193 1653 3484 1707 corporum

1909 1716 2174 1789 fragorem
2241 1723 2545 1778 istiusmodi
2599 1728 2762 1781 verba
2797 1729 3188 1798 alloquenlium
3239 1731 3485 1796 ducens;

1906 1810 2002 1865 sed
2048 1819 2102 1865 et
2136 1812 2275 1865 sicut
2321 1813 2663 1881 fruticetntn,
2703 1830 2797 1873 aut
2841 1830 2991 1888 petra
3047 1822 3156 1874 alta
3237 1822 3484 1876 radicata

1907 1902 2096 1970 humo,
2147 1905 2451 1959 trahentem
2497 1923 2599 1960 non
2641 1913 2912 1979 sequitur,
2969 1914 3141 1966 solam
3191 1913 3480 1968 verborum

1905 1990 2056 2046 Pauli
2125 1996 2377 2064 gratiam,
2442 2001 2741 2068 tranquillo
2818 2003 3016 2055 mentis
3094 2009 3238 2056 sta‘tu
3321 2014 3490 2073 atque

1907 2085 2073 2138 animi
2103 2101 2268 2140 sensu
2304 2087 2581 2144 audiebat.

1983 2176 2219 2245 Eratque
2258 2193 2388 2233 sane
2428 2182 2570 2249 quod
2606 2184 2897 2252 gerebatur
2936 2186 3232 2256 ejusmodi,
3268 2193 3326 2239 ut
3366 2197 3484 2241 stu-

1907 2279 2093 2333 porem
2140 2268 2337 2320 merito
2403 2271 2693 2338 ingereret.
2750 2273 2952 2344 Nempe
3000 2277 3174 2345 puella
3229 2277 3480 2341 delicata,

1907 2353 2172 2410 immensa
2193 2357 2604 2415 pulchritudine
2631 2377 2693 2415 ac
2717 2367 2964 2433 corporis
2990 2375 3271 2419 venustate
3293 2382 3482 2420 oman

1905 2442 2188 2498 hominum
2215 2447 2354 2502 ﬁlias
2386 2450 2545 2519 longe
2576 2467 2865 2520 superans,
2900 2455 2951 2507 in
2987 2457 3102 2523 ipso
3126 2459 3302 2510 aetatis
3330 2457 3480 2517 ﬂore,

1903 2531 1956 2584 in
1994 2534 2109 2599 ipso
2136 2534 2448 2599 iuventutis
2473 2540 2658 2610 vigore
2679 2544 2903 2609 (etenim
2938 2546 3090 2614 virgo
3117 2549 3315 2601 nubilis
3342 2558 3478 2608 erat,

1903 2621 2045 2676 inter
2084 2628 2325 2694 ephebos
2363 2630 2473 2698 jam
2511 2633 2853 2700 constituta),
2901 2635 3124 2705 bamque
3162 2640 3317 2694 adeo.
3359 2656 3483 2693 cum

1901 2730 2002 2767 nec
2051 2728 2178 2770 ante
2214 2719 2517 2788 Seripturis
2563 2726 2778 2794 erudita
2824 2726 3036 2791 fuisset,
3091 2745 3188 2781 nec
3246 2729 3332 2781 Dei
3370 2731 3485 2798 lege.

1903 2812 2064 2868 atque
2089 2809 2368 2874 prophetis
2407 2811 2661 2864 instituta
2685 2854 2700 2877 ,
2736 2815 2823 2866 ubi
2864 2816 3037 2869 Solum
3076 2818 3351 2886 Evango-lii
3391 2837 3485 2872 so-

1903 2906 2031 2943 nusn
2085 2898 2348 2964 percepit,
2382 2887 2622 2968 eumque
2659 2919 2767 2955 non
2815 2914 2983 2964 reuta.
3019 2907 3112 2958 sed
3160 2922 3222 2958 ex
3261 2909 3482 2976 obliquo

1902 2985 1967 3036 ad
2001 3002 2118 3039 eam
2149 2990 2473 3053 venientem,
2514 3004 2756 3047 materna
2788 2998 3050 3048 continuo
3079 3000 3312 3052 excessit
3338 3015 3480 3050 amo-

1907 3077 1980 3128 ris
2008 3078 2055 3129 vi
2093 3095 2107 3141 ;
2141 3082 2285 3132 omni
2321 3097 2446 3136 vero
2467 3086 2651 3137 carnis
2671 3084 2971 3161 cupiditate.
2994 3091 3232 3141 excessit
3259 3104 3270 3138 :
3307 3105 3482 3156 nerille

1905 3168 1955 3221 id
1985 3171 2184 3235 solum,
2221 3171 2314 3225 sed
2345 3181 2398 3227 et
2432 3174 2545 3241 ipsa
2566 3178 2743 3243 seipsa
2778 3179 3045 3232 excedens
3075 3181 3290 3247 spiritu,
3328 3197 3479 3233 men-

1903 3267 2061 3326 teque
2101 3276 2233 3328 pura
2272 3277 2334 3316 ac
2376 3263 2693 3319 ﬁdelissimo
2746 3270 2949 3328 animo,
2991 3285 3152 3336 quam
3192 3271 3476 3332 audierat,

1901 3350 2083 3402 statim
2117 3363 2332 3421 arrepta
2367 3354 2639 3416 doctrina,
2675 3365 2840 3425 atque
2876 3358 3023 3409 illius
3064 3360 3184 3411 sinu
3232 3359 3337 3412 abe
3369 3361 3480 3412 col-

1902 3441 2098 3505 locata,
2137 3444 2362 3512 ipsaque
2399 3449 2452 3499 in
2487 3447 2575 3500 illa
2605 3449 2832 3502 ﬁrmiter
2863 3452 3231 3515 constabilita,
3264 3452 3480 3504 videba-

1901 3541 1991 3583 tur
2013 3533 2231 3599 quidem
2268 3536 2321 3588 in
2354 3547 2497 3589 terra
2524 3540 2750 3599 versari.
2783 3540 2869 3593 his
2899 3544 2988 3609 qui
3019 3550 3175 3594 erant
3197 3542 3262 3595 de
3290 3552 3430 3594 terra
3461 3583 3475 3605 ,

1902 3639 2028 3675 vero
2074 3635 2253 3679 tamen
2291 3627 2346 3679 in
2399 3628 2552 3683 ωαξης
2607 3632 2948 3694 versabatur,
3004 3633 3285 3701 sacrisque
3326 3631 3477 3686 Pauli

1901 3713 2134 3782 eloquiis
2164 3719 2307 3769 velut
2343 3734 2406 3771 ex
2444 3722 2824 3788 supercmlesti
2875 3722 2981 3775 Deo
3012 3723 3235 3783 auditis,
3285 3739 3351 3777 ne
3398 3726 3480 3777 vei

1903 3806 2185 3858 minimum
2219 3810 2462 3862 converti
2500 3811 2563 3862 ad
2597 3827 2692 3864 eos
2716 3812 3062 3881 dignabatur,
3091 3815 3181 3880 qui
3213 3817 3480 3868 vocabant

1902 3900 1968 3951 de
2001 3909 2163 3954 terra.
2198 3903 2276 3954 At:
2303 3904 2447 3956 sicut
2489 3920 2610 3966 nos,
2643 3907 2769 3958 dum
2812 3922 2838 3958 a
2878 3907 3011 3960 viris
3045 3910 3384 3977 principibus
3415 3927 3481 3964 ac

1904 3991 2208 4057 majoribus
2258 3991 3013 4066 necessariorumquidpiam
3063 4000 3350 4068 jubemur,
3397 4003 3481 4055 in-

1901 4083 2131 4136 fantium
2176 4086 2505 4152 quandoque
2557 4105 2731 4155 nugas
2778 4105 2839 4143 ac
2881 4089 3076 4143 deliria
3127 4105 3479 4148 contemnere

1899 4169 2158 4234 solemus,
2184 4191 2249 4225 ne
2269 4191 2361 4241 per
2381 4177 2468 4228 illa
2492 4178 2713 4243 majoris
2734 4181 2990 4232 momenti
3016 4196 3322 4235 sermonem
3367 4200 3472 4237 non

1899 4265 2032 4314 satis
2065 4278 2424 4332 assequamur
2459 4269 2590 4330 ;.sic
2623 4270 2773 4320 beata
2803 4271 2978 4339 virgo,
3015 4287 3135 4338 quae
3160 4280 3330 4324 totum
3363 4275 3478 4327 sin-

228 4363 562 4429 ξλλαὸομὲνη
617 4362 709 4414 τὸν
743 4361 970 4434 Ἰησοῦν,
1021 4362 1254 4425 συνετῶς
1301 4363 1396 4415 καὶ
1442 4363 1795 4434 πανευλαϐὦς

1906 4367 2022 4406 cere
2045 4353 2447 4409 ferventissimo
2473 4357 2576 4412 title
2601 4361 2765 4411 animi
2785 4361 2907 4414 sinu
2933 4364 3236 4431 accepisset
3267 4363 3474 4429 Jesum,

1621 4432 1645 4454 ς

225 4451 411 4521 ὑπεῖχε
444 4451 521 4519 τῷ
553 4452 762 4505 ἐκείνου
810 4455 1013 4522 κήρυκι
1062 4453 1122 4522 τὸ
1156 4449 1269 4515 οὖς,
1325 4454 1413 4506 ἵνα
1459 4455 1572 4517 τοῖς
1631 4449 1795 4506 αὑτοῦ

227 4541 449 4608 λογίοις,
475 4543 533 4594 τὸ
563 4543 653 4594 τοῦ
687 4543 1025 4609 γνωσθέντος
1067 4545 1203 4613 αὐτῇ
1236 4543 1368 4596 Θεοῦ
1397 4545 1606 4615 θέλημα
1636 4546 1797 4613 γνοῦ-

231 4651 315 4693 σα,
342 4633 633 4687 καὶτοῦτο
675 4634 1168 4704 καταπραξαμένη,
1229 4635 1445 4705 βέϐαιον
1501 4638 1661 4706 ἑαυτῇ
1703 4640 1798 4690 καὶ

230 4724 497 4793 ἄτρεπτον
521 4724 582 4776 τὸ
614 4723 864 4792 οὐράνιον
897 4724 1101 4791 ἀγαθὸν
1129 4725 1532 4795 διατηρήσειεν.

293 4904 657 4973 Σωφροσύνην
707 4906 837 4970 γοῦν
861 4903 960 4956 καὶ
996 4902 1327 4971 ἐγκράτειαν
1348 4944 1363 4965 ,
1397 4903 1667 4971 ἀκτησίαν
1703 4905 1797 4955 καὶ

233 4993 563 5062 παρθενίαν,
618 4996 801 5049 πίστιν
837 5012 898 5046 τε
932 4994 1027 5046 καὶ
1053 4994 1294 5063 ἀγάπην,
1351 4993 1424 5055 ὡς
1476 4993 1797 5061 βεσαιοῦντα
1828 5036 1833 5040 .

234 5085 452 5155 Χριστῷ
487 5086 584 5156 τὴν
615 5088 790 5158 ψυχὴν
823 5086 1179 5142 ὲπακούσασα
1215 5085 1629 5154 μακαριζόμενα
1651 5127 1664 5147 ,
1701 5085 1792 5154 ἔρ-

236 5193 344 5243 γοις
375 5179 574 5232 αὐτίκα
610 5180 704 5231 καὶ
734 5180 1028 5249 πράξεσιν,
1072 5179 1169 5248 τὴν
1203 5177 1355 5247 ἱερὰν
1407 5175 1598 5247 μετῄει
1650 5177 1794 5229 διδα-

238 5268 331 5337 xliv
353 5287 364 5300 ν
399 5268 496 5322 καὶ
543 5271 640 5336 τῆς
677 5267 1002 5335 ἐγκρατείας
1047 5270 1380 5338 περιείχετο,
1431 5268 1523 5319 καὶ
1554 5270 1619 5335 τῇ
1654 5283 1794 5336 παρ-

241 5357 381 5428 Θενίᾳ
414 5357 783 5427 προσιφύετο,
818 5360 908 5410 καὶ
942 5360 1044 5428 τὴν
1074 5359 1339 5427 ἁκτησίαν
1380 5356 1693 5429 ᾑρετίξετο·
1727 5356 1791 5408 δι’

238 5441 308 5502 ὢν
336 5450 416 5513 είς
444 5448 625 5502 πίστιν
651 5447 746 5501 τοῦ
785 5449 1152 5516 ἀγαπωμένου
1197 5448 1596 5519 κραταιουμένη
1659 5447 1790 5514 Χρι-

241 5538 381 5600 στοῦ,
413 5539 714 5608 ἕκπληκτος
749 5539 846 5610 μὲν
880 5537 1048 5592 ἐδόκει
1092 5541 1204 5601 τοῖς
1250 5542 1327 5601 είς
1360 5540 1527 5608 αὐτὴν
1556 5538 1788 5609 ὁρῶσιν,

241 5627 332 5700 ὅλη
361 5629 416 5682 δὲ
445 5631 550 5706 ἄρα
582 5626 650 5702 ἦν
684 5629 960 5699 egenam
985 5632 1051 5701 τῇ
1081 5629 1283 5700 θεωρίᾳ
1311 5627 1401 5682 τοῦ
1434 5629 1591 5682 Θεοῦ.

1903 4446 2197 4509 prudenter
2227 4448 2485 4512 omnique
2507 4451 2807 4503 reverentia
2831 4467 2893 4504 ac
2917 4452 3179 4520 religione
3205 4455 3478 4523 ejnsprae-

1901 4538 2023 4588 euni
2074 4542 2259 4591 aurem
2322 4539 2618 4607 praebebat,
2660 4549 2715 4594 ut
2767 4542 2912 4595 illius
2966 4543 3217 4610 eloquiis,
3256 4544 3346 4597 Dei
3402 4546 3476 4600 illi

1900 4628 2101 4696 cogniti
2155 4631 2369 4697 cognita
2428 4631 2723 4693 voluntate,
2775 4647 3004 4700 cari-que
3073 4646 3331 4686 exsecuta
3388 4635 3478 4687 lir-

1900 4733 2047 4770 mum
2094 4721 2195 4773 sibi
2238 4738 2298 4771 uc
2335 4721 2612 4774 immobile
2643 4721 2869 4774 οωιοειο
2911 4723 3108 4774 bonmn
3155 4739 3376 4778 Servare
3413 4728 3478 4778 li-

1899 4817 2068 4860 ceret.

1968 4896 2285 4950 Castitalem
2337 4899 2503 4967 igitur
2535 4908 2592 4953 et
2622 4902 3039 4964 continentiam.
3096 4918 3470 4972 paupertatem

1896 4995 1950 5039 et
1995 4989 2383 5057 virginitatem,
2428 4993 2699 5059 iidemque
2735 5003 2786 5047 et
2816 4994 3139 5049 eharitatcm
3186 4999 3470 5064 praedicari

1897 5080 2148 5142 audiens,
2187 5092 2243 5134 ut
2270 5098 2391 5150 qua:
2422 5084 2642 5136 Christo
2673 5085 2913 5137 animum
2945 5088 3171 5139 lirmiter
3202 5088 3470 5157 astringe-

1897 5178 2039 5227 rent,
2068 5186 2229 5238 opere
2259 5173 2441 5224 statim
2473 5187 2534 5222 ac
2558 5173 2769 5226 actione
2803 5189 3015 5226 sacrant
3051 5178 3236 5228 colens
3264 5177 3468 5228 doctri-

1897 5274 2043 5321 nam,
2082 5260 2434 5314 continentiae
2478 5259 2752 5328 studebat,
2791 5278 2853 5315 ac
2889 5264 3180 5331 virginitati
3224 5265 3464 5316 animum

1896 5350 2210 5410 adhibebat,
2241 5359 2401 5418 atque
2431 5360 2805 5418 paupertatem
2849 5355 2951 5406 sibi
2995 5355 3300 5418 «luligelml:
3346 5361 3466 5420 qui-

1896 5443 1997 5495 bus
2027 5441 2302 5495 inCliristi
2332 5441 2626 5508 pra‘dilecti
2656 5446 2907 5498 roborata
2942 5447 3062 5500 title.
3093 5456 3312 5510 stupore
3343 5462 3436 5498 eor

1896 5542 2042 5600 repta
2077 5540 2242 5602 atque
2275 5532 2478 5600 percita
2516 5536 2873 5588 cernentibus
2911 5536 2961 5586 in
2997 5550 3113 5585 eam
3154 5534 3459 5595 videbatur,

1893 5637 2016 5675 eum
2053 5623 2237 5692 utique
2274 5621 2365 5678 Dei
2403 5627 2862 5694 contemplatione.
2897 5634 3006 5678 tota
3041 5626 3391 5680 excessisset.
