3922 6314
518 249 618 342 an

1721 253 2015 315 NICETA‘I
2054 252 2499 312 PAPl-ILAGON
2508 253 2578 310 IS

3685 238 3786 300 312
3886 207 3887 210 γ

589 366 729 432 Quid
764 366 930 437 igitur
958 364 1246 434 Thamyris
1273 365 1296 417 ?
1324 366 1522 418 Ainara
1583 358 1709 422 inde
1735 366 2100 427 :enmlationc,

2278 367 2341 418 Τί
2372 364 2463 417 οὖν
2506 365 2534 413 ὁ
2566 362 2849 430 aenum;
2897 357 3066 426 Ζήλου
3112 353 3332 424 πικροῦ,
3376 350 3550 421 θυμοῦ
3595 367 3659 401 τε
3696 353 3786 400 καὶ

520 459 714 523 iraque
743 463 797 509 et
829 453 1013 509 lu'ro‘re
1045 453 1322 523 impletur.
1360 452 1642 522 Ejusmodi
1682 457 1826 509 enim
1863 463 1946 507 est
1979 470 2103 506 cor-

523 545 672 613 poris
699 543 988 612 philtrum.
1025 541 1288 609 Quandiu
1314 544 1532 612 quidem
1561 545 1714 600 adest
1740 545 1882 614 quod
1921 545 1972 597 in
2007 544 2102 599 de—

523 635 664 688 liciis
709 644 816 696 est,
875 635 1024 688 velut
1053 634 1195 704 ignis
1229 635 1379 691 illius
1429 636 1729 706 cupiditate
1764 637 2100 701 accenditur,

523 725 668 794 quod
705 723 880 789 amori
908 724 1144 778 habetur
1169 741 1183 789 ;
1217 725 1303 781 sin
1323 735 1501 779 autem
1529 726 1839 782 desiderato
1874 725 2102 780 frustre-

525 827 636 881 tur,
668 824 882 871 mutata
926 819 1112 872 statim
1142 823 1418 886 passione,
1453 820 1708 875 desiderii
1734 820 2006 873 ﬂammam
2045 820 2100 873 in

525 909 620 963 iras
664 908 842 979 ignem
886 910 1158 974 accendit,
1195 910 1464 966 adversus
1492 928 1615 966 eum
1657 914 1748 981 qui
1785 911 1931 965 illius
1960 911 2103 965 inhi-

527 1003 652 1055 bere
675 994 1031 1069 cupiditatem
1055 1003 1429 1068 existimatur.
1459 1003 1550 1058 Sic
1579 1013 1630 1057 et
1650 1004 1739 1058 ille
1756 1002 2105 1056 milittlatione

523 1079 811 1153 exmst'ual,
849 1088 1002 1155 furit,
1046 1090 1304 1159 injuriam
1339 1094 1608 1162 queritur,
1647 1090 1977 1150 incenditur,
2023 1100 2105 1144 to-

525 1189 755 1249 tumque
791 1181 1082 1235 succendit
1132 1181 1378 1236 Iconium
1408 1224 1421 1246 ,
1468 1197 1794 1251 omnemque
1845 1173 2105 1251 populum

524 1271 793 1337 civitatis,
824 1286 887 1325 ac
915 1273 1090 1329 turbae
1119 1288 1337 1328 omnem
1357 1272 1619 1328 adversus
1636 1289 1758 1328 eum
1783 1275 2104 1328 concionem

526 1365 693 1434 cogit,
731 1379 760 1417 a
792 1379 904 1434 quo
941 1365 1102 1420 laesus
1149 1365 1352 1435 injuria
1383 1366 1690 1420 videbatur.
1740 1365 1840 1420 Ubi
1889 1366 2107 1421 diluxe-

528 1463 637 1520 rat,
678 1454 1010 1526 Onesiphori
1045 1457 1267 1511 domum
1305 1458 1584 1526 irrumpit,
1635 1458 1878 1528 injuriis,
1919 1460 2107 1524 minis,

530 1546 839 1601 maledictis
873 1562 1098 1616 procax,
1137 1548 1457 1618 turpissime
1492 1549 1719 1604 Paulum
1762 1565 1821 1605 se
1853 1551 2111 1604 multatu-

530 1651 648 1688 rum
675 1636 871 1704 jurans
900 1651 915 1700 ;
952 1637 1174 1691 trahens
1209 1638 1449 1707 primum
1476 1638 1530 1692 in
1571 1638 1749 1694 lorum
1779 1647 1834 1693 et
1861 1639 1927 1692 ad
1961 1639 2112 1708 prin-

2205 458 2374 527 ὀργῆς
2400 454 2649 508 ἐντεῦθεν
2681 450 3126 518 ἀναπίμπλαται’
3154 445 3393 500 τοιοῦτον
3436 443 3543 513 γὰρ
3571 444 3639 496 τὸ
3667 442 3787 508 φίλ-

2204 565 2332 618 τρον
2359 547 2455 599 τοῦ
2488 545 2740 615 σώματος
2763 560 2775 573 ·
2801 543 2907 606 ἕως
2934 542 3032 610 μὲν
3058 541 3123 594 ἂν
3155 539 3303 608 παρῇ
3325 535 3385 588 τὸ
3415 534 3786 602 καταθύμιον,

2205 642 2280 703 ὡς
2307 639 2420 708 πῦρ
2448 637 2769 690 ἀνακαίεται
2786 637 2853 704 τῇ
2877 634 3006 704 περὶ
3035 633 3097 685 τὸ
3122 629 3446 698 φιλούμενον
3473 621 3749 696 ἐπιθυμίᾳ
3771 645 3782 658 ·

2205 731 2451 802 ἀστοχῶν
2485 729 2541 782 δὲ
2593 727 2686 781 τοῦ
2726 725 3191 794 ὲπιθυμουμένου,
3229 720 3483 791 ἐνήλλαξε
3518 720 3580 772 τὸ
3615 719 3790 781 πάθος

2207 823 2390 888 εὐθὺς,
2423 821 2515 874 καὶ
2539 821 2638 890 τὴν
2659 819 2832 886 φλόγα
2855 818 2954 886 τῆς
2986 817 3282 886 ἐπιθυμίας
3309 817 3390 875 εἰς
3435 813 3549 881 πῦρ
3576 811 3789 879 ἀνῆψεν

2206 915 2397 983 ὀργῆς.
2423 898 2564 966 κατᾶ
2590 911 2684 964 τοῦ
2716 909 3047 963 ἀνακόπτειν
3080 908 3246 961 αὑτοῦ
3277 909 3373 977 τὴν
3404 907 3592 974 ἔφεσιν
3629 920 3786 972 νομι-

2208 1003 2474 1074 ζομένου-
2542 1000 2685 1054 οὕτω
2746 1002 3018 1062 κάκεῖνος,
3093 999 3386 1067 ζηλοτυπεῖ
3418 1037 3432 1056 ,
3498 995 3789 1065 μαίνεται,

2211 1092 2553 1164 ὑδριοπαθεῖ,
2591 1091 2904 1156 ἐξάπτεται,
2936 1090 3030 1142 καὶ
3060 1089 3180 1142 ὅλον
3201 1089 3422 1152 ἐξάπτει
3452 1085 3512 1138 τὸ
3541 1087 3790 1144 Ἰκόνιον,

2210 1186 2306 1239 καὶ
2358 1184 2537 1238 πάντα
2587 1183 2679 1236 τὸν
2727 1183 2898 1253 δῆμον
2929 1181 3027 1251 τῆς
3060 1177 3305 1242 πόλεως,
3340 1180 3433 1232 καὶ
3464 1178 3648 1231 πάντα
3703 1175 3791 1227 τὸν

2210 1277 2387 1347 ὕχλον,
2417 1277 2557 1330 κατὰ
2609 1275 2702 1329 τοῦ
2737 1277 2966 1328 ὑπονοου
2979 1272 3142 1342 μένου
3190 1272 3385 1324 λυπεῖν
3433 1269 3750 1339 ὀχλαγωγεί
3775 1284 3786 1295 ·

2211 1359 2431 1438 ὄρθρος,
2479 1368 2572 1420 καὶ
2605 1365 2695 1419 τὸν
2730 1363 3082 1435 Ὀνησιφόρου
3116 1361 3418 1417 κατέλαϐεν
3465 1358 3618 1412 οἷκον
3659 1357 3789 1425 (62),

2215 1459 2474 1530 ὑϐρίζων,
2510 1457 2772 1522 ἀπειλῶν,
2825 1454 3184 1526 βλασφημῶν,
3241 1450 3477 1506 καὶτοῦ
3529 1451 3793 1520 αἴσχιστα

2215 1549 2427 1604 Παῦλον
2471 1550 2748 1619 διαθήσειν
2779 1545 3137 1618 διομνύμενος
3161 1560 3173 1574 ·
3208 1543 3381 1616 ἕλκων
3410 1542 3504 1596 ἐπὶ
3531 1542 3634 1604 τὰς
3666 1541 3795 1608 ἀγο-

2221 1643 2319 1714 ρὰς
2342 1643 2557 1712 πρῶτον
2601 1641 2696 1695 καὶ
2726 1641 2856 1704 τοὺς
2886 1640 3242 1710 πολιταρχας,
3292 1636 3547 1706 λυμεῶνα
3578 1633 3792 1694 τοῦτον,

453 1737 462 1744 '
528 1729 679 1797 clpes
717 1729 974 1793 civitatis,
1018 1741 1225 1800 pestem
1262 1745 1387 1784 eum
1442 1746 1712 1788 accusans
1761 1747 1823 1788 ac
1869 1734 2110 1790 civitatis

2226 1735 2421 1805 φθορέα
2473 1737 2572 1804 τῆς
2622 1733 2867 1798 πόλεως,
2923 1730 3004 1785 ἔτι
3051 1731 3109 1785 δὲ
3155 1732 3250 1784 καὶ
3305 1730 3405 1800 τῆς
3455 1725 3605 1796 αὐτῷ
3669 1726 3798 1779 καθ-

529 1831 910 1890 corruptorem
940 1839 956 1888 ;
1010 1823 1191 1878 adhuc
1221 1839 1350 1878 vero
1386 1825 1552 1878 etiam
1592 1824 1735 1896 ejus,
1775 1842 1895 1894 qua:
1918 1827 1995 1882 illi
2026 1825 2113 1881 de-

530 1922 789 1979 sponsata
816 1919 962 1966 esset
996 1912 1284 1978 ;eumdem
1323 1923 1509 1983 postea
1543 1916 1707 1970 etiam
1734 1916 1798 1969 ad
1829 1917 2114 1985 praesidem

530 2004 760 2058 ducens.
778 2003 1051 2073 Quodque
1069 2015 1323 2060 coactum
1347 2005 1614 2075 judicium
1638 2017 1778 2071 erat,
1805 2022 2116 2076 praesesque

535 2111 631 2164 pro
661 2096 922 2150 tribunali
948 2096 1194 2161 sedebat,
1229 2112 1293 2151 ac
1322 2107 1517 2166 praesto
1547 2098 1765 2169 judiccs
1799 2114 2112 2154 assessores

532 2197 715 2250 erant,
759 2188 1111 2257 populusque
1153 2187 1528 2243 circumfusus
1583 2190 1786 2244 stabat.
1825 2205 1887 2243 ac
1936 2203 2115 2258 praeco

532 2272 811 2336 silentium
851 2282 1150 2346 indicebat,
1198 2282 1512 2352 Paulusque
1571 2283 1845 2338 adductus
1876 2283 1928 2337 in
1965 2283 2122 2350 judi-

533 2371 679 2426 cium
703 2381 842 2435 erat,
872 2371 1161 2443 Thamyris
1196 2387 1468 2428 accusans
1507 2374 1618 2426 ait:

608 2463 722 2518 Nec
783 2473 1014 2518 vestram
1061 2466 1390 2533 potentiam,
1434 2466 2121 2535 magniﬁcentissimamque

539 2559 726 2611 mentis
767 2557 1061 2621 solertiam,
1095 2573 1187 2610 nec
1223 2558 1562 2626 prtereutium
1604 2574 1920 2628 quemquam
1959 2559 2120 2628 igno-

540 2575 726 2611 meutts
767 2575 1061 2621 aeternam,
1095 2575 1187 2610 nec
1223 2575 1562 2626 prementium
1639 2575 1920 2628 uemquam
1968 2575 2118 2628 igno-

540 2634 942 2707 rarearbitror,
974 2664 1090 2716 qute
1127 2664 1364 2700 mearum
1399 2664 1573 2700 rerum
1604 2575 1747 2700 ΚΑΜ.
1785 2647 1945 2701 Scitis
1977 2665 2118 2711 vero,

541 2753 651 2794 tum
683 2740 810 2792 mihi
843 2756 1007 2808 genus
1034 2739 1539 2810 splendidumhtum
1581 2741 1729 2810 longe
1773 2757 1980 2810 gravent
2008 2757 2120 2794 esse

539 2829 924 2892 substantiam,
989 2829 1361 2896 honoremque,
1395 2829 1482 2896 qui
1510 2828 1616 2894 ipse
1656 2845 1811 2896 opum
1843 2829 2120 2897 affluentia

538 2920 760 2987 paribus
786 2917 957 2972 modis
983 2918 1319 2988 respondeat.
1352 2918 1566 2971 Accedit
1596 2928 1643 2972 et
1669 2917 1853 2987 farina:
1877 2929 2122 2973 venustas

539 3017 656 3077 ipsa
681 3011 913 3078 elegans,
932 3021 1225 3077 cunctaque
1247 3008 1508 3074 illustria,
1533 3025 1594 3061 ac
1609 3020 1799 3062 cuncta
1817 3011 2120 3076 conspicua.

540 3103 615 3155 Ac
640 3120 702 3156 ne
735 3100 900 3156 verbis
930 3100 1218 3153 obtundere
1251 3102 1453 3165 videar,
1501 3116 1613 3153 mea
1657 3102 1834 3152 omnia
1862 3100 2124 3168 ejusmodi

540 3207 683 3259 sunt,
718 3208 769 3246 ut
794 3194 976 3247 merito
1009 3208 1241 3246 amorem
1270 3195 1443 3244 cieant
1473 3208 1533 3242 ac
1559 3191 1973 3244 annulationem.
2021 3190 2125 3244 Sed

541 3299 589 3341 et
624 3287 752 3338 mihi
784 3301 1003 3338 uxorem
1033 3283 1310 3352 despondi.
1350 3280 1531 3334 Nostis
1557 3298 1735 3333 omnes
1767 3281 2077 3334 Theocleam
2104 3297 2124 3343 ;

541 3381 654 3446 ejus
683 3380 811 3448 ﬁlia’
838 3378 1083 3432 addictus
1108 3386 1246 3430 sum;
1277 3375 1478 3428 Parata
1496 3375 1612 3442 jam
1639 3375 1814 3426 omnia
1845 3392 1858 3438 ;
1895 3384 2125 3441 tempus-

542 3490 638 3536 que
655 3473 953 3538 nuptiarum
977 3471 1180 3536 aderat,
1198 3487 1258 3522 ac
1279 3477 1467 3521 cuncta
1493 3468 1558 3520 ad
1581 3484 1667 3521 eas
1687 3470 1962 3523 ambitioso
1986 3469 2129 3523 cultu

545 3567 830 3618 instructa.
867 3562 1091 3629 Repente
1126 3577 1245 3614 vero
1289 3559 1431 3612 malo
1468 3561 1618 3629 genio
1648 3560 1801 3612 homo
1834 3561 1930 3613 iste
1961 3562 2130 3613 homi-

547 3657 698 3709 nibus
731 3657 864 3719 lues,
892 3655 1122 3724 mihique
1140 3670 1252 3722 pra:
1272 3655 1474 3706 cunctis
1497 3654 1714 3707 exitium
1742 3652 1971 3720 (fabellis
1992 3656 2129 3706 enim

545 3750 732 3801 dilatis
785 3762 976 3800 uxores
1028 3746 1359 3806 dementans,
1408 3747 1634 3815 virgines
1683 3745 1975 3809 seducens;
2035 3746 2130 3799 has

545 3837 755 3905 quidem
788 3855 889 3890 non
913 3837 1038 3889 sinit
1074 3836 1323 3905 legitimis
1345 3837 1539 3900 nuptiis
1576 3837 1698 3889 viris
1727 3835 1985 3903 copulari,
2006 3837 2129 3890 illas

546 3947 664 3983 rero
705 3931 841 3983 viros
897 3937 1226 3982 contemnere
1271 3929 1446 3996 facit),
1505 3945 1624 3981 cum
1688 3928 1927 3982 omnibus
1969 3938 2130 3982 etiam

547 4037 716 4074 meam
757 4019 1261 4088 Theclamcorrupit
1296 4035 1314 4083 ;
1356 4019 1598 4072 Theclam
1644 4019 1773 4072 mihi
1816 4035 2064 4086 sponsam
2099 4036 2131 4072 a

549 4126 682 4161 sana
721 4119 889 4161 mente
939 4108 1148 4177 dejecit.
1186 4107 1460 4169 Siquidem
1489 4108 1653 4177 igitur
1690 4109 1900 4162 sinatur
1942 4109 2026 4161 hic
2058 4109 2131 4161 vi-

551 4217 683 4261 rere.
712 4200 1155 4267 praestantissime
1182 4217 1398 4268 prazses.
1435 4217 1526 4254 nec
1550 4199 1726 4253 urbem
1751 4199 2028 4254 habiturus
2049 4217 2125 4255 es.

551 4289 798 4355 Corrupit
821 4291 1084 4353 Iconium,
1111 4291 1262 4357 periit
1289 4299 1338 4342 et
1356 4291 1524 4343 omnis
1553 4290 1923 4343 circumvicina
1945 4291 2086 4359 regio
2109 4305 2127 4342 :

2219 1827 2600 1897 ηρμοσμένη’ς,
2667 1823 3203 1896 διαλοιδορούμενος’
3259 1823 3472 1888 ὲνὰγων
3543 1819 3602 1872 δὲ
3661 1818 3799 1886 μετὰ

2218 1918 2392 1971 ταῦτα
2421 1917 2514 1971 καὶ
2541 1917 2635 1970 ἐπὶ
2658 1917 2749 1970 τὸν
2783 1917 3031 1987 ἡγεμόνα
3051 1931 3064 1945 °
3103 1914 3198 1968 καὶ
3234 1913 3421 1984 ἐπειδὴ
3451 1911 3511 1964 τὸ
3535 1911 3801 1978 δικαστή-

2223 2031 2335 2085 ριον
2370 2010 2740 2082 ωνεκροτήθη
2765 2049 2780 2074 ,
2814 2008 2907 2061 καὶ
2952 2011 2979 2061 ὁ
3032 2006 3257 2077 ἡγεμὼν
3298 2004 3393 2057 ἐπὶ
3422 2005 3611 2074 θρόνου
3646 2001 3800 2053 δικα-

2222 2105 2445 2167 στικοῦ,
2501 2103 2595 2158 καὶ
2628 2104 2676 2156 ot
2733 2101 2980 2172 σύνεδροι
3029 2100 3159 2169 περὶ
3211 2097 3396 2160 αὑτὸν,
3433 2097 3548 2148 καὶ·
3579 2092 3746 2162 πέριξ
3776 2093 3800 2142 ὁ

2219 2199 2414 2266 δῆμος,
2469 2198 2563 2249 καὶ
2610 2195 2823 2266 σιωπὴν
2873 2194 2901 2246 ὁ
2963 2191 3143 2262 κήρυξ
3189 2187 3593 2262 παρήγγελλεν,
3629 2184 3727 2238 καὶ
3773 2182 3801 2231 ὁ

2223 2289 2435 2354 Παῦλος
2465 2289 2542 2359 τῷ
2577 2287 2785 2359 βήματι
2831 2285 3110 2356 παρῆκτο,
3142 2282 3238 2336 καὶ
3296 2283 3324 2334 ὁ
3381 2279 3634 2349 Θάμυρις
3668 2291 3801 2329 κατ-

2221 2382 2440 2452 ηγορῶν
2472 2381 2612 2450 ιφη·

2297 2471 2445 2524 Οὔτε
2488 2470 2556 2523 τὸ
2604 2468 2901 2537 ὑμέτερον
2948 2465 3195 2533 κράτος,
3239 2463 3338 2516 καὶ
3380 2461 3494 2528 τὴν
3544 2460 3778 2530 μονα.ιο

2222 2561 2572 2631 φυεστάτην
2597 2560 2914 2629 ἀγχίνοιαν
2942 2557 3053 2624 τῆς
3092 2555 3381 2618 διανοίας.
3415 2553 3554 2606 οὔτε
3579 2551 3651 2604 δέ
3672 2563 3800 2635 τινα

2221 2655 2341 2708 τῶν
2375 2654 2686 2722 παρόντων
2719 2648 2964 2720 ἀγνοεῖν
3007 2644 3165 2715 οἶμαι
3199 2646 3271 2700 τὰ
3303 2644 3434 2698 κατ’
3465 2641 3591 2712 ἐμέ.
3647 2639 3801 2693 Ἐπί-

2222 2748 2452 2799 στασθε
2507 2742 2595 2805 δὲ,
2641 2742 2732 2795 ὅτι
2785 2741 2884 2795 καὶ
2945 2738 3120 2809 γένος
3171 2737 3300 2806 ἐμοὶ
3343 2734 3644 2804 λαμπρὸν,
3706 2728 3799 2783 καὶ

2227 2837 2545 2904 περιουσία
2578 2834 2815 2904 σφόδρα
2869 2831 3104 2897 πολλὴ,
3139 2829 3237 2882 καὶ
3293 2825 3432 2896 τιμὴ
3492 2823 3644 2877 κατὰ
3698 2820 3802 2872 τὸν

2226 2927 2513 2982 πλοῦτον.
2573 2924 2730 2993 Πρὸς
2782 2925 2870 2991 δὲ,
2932 2924 3031 2976 καὶ
3078 2920 3234 2988 ὥρας
3275 2919 3502 2984 ἔλαχον
3529 2911 3799 2983 ἀγαθῆς’

2230 3019 2323 3072 καὶ
2360 3018 2558 3071 πάντα
2583 3018 2872 3084 ἐπίσημα,
2901 3014 3000 3069 καὶ
3045 3010 3662 3078 πάνταπερίίῖλεπτα·
3709 3001 3800 3055 καὶ

2230 3114 2330 3165 ἵνα
2348 3111 2434 3180 prii
2465 3108 2953 3178 πολυρῤημονεῖν
2980 3105 3138 3160 δοκῶ
3156 3146 3170 3171 ,
3203 3102 3399 3156 πάντα
3427 3100 3500 3154 τὰ
3525 3099 3652 3154 κατ’
3701 3094 3803 3163 ἐμὲ

2232 3200 2489 3268 ζηλωτὰ·
2516 3199 2972 3269 μεμνήστευμαι
3009 3195 3084 3249 δὲ
3111 3193 3211 3248 καὶ
3241 3191 3498 3262 γυναῖκα
3527 3183 3762 3259 ἐμαυτῷ
3786 3199 3796 3213 ·

2227 3294 2345 3361 ,τὴν
2403 3293 2728 3346 Θεόκλειαν
2776 3290 3043 3352 ἅπαντες
3086 3285 3314 3341 οῖδατε·
3371 3282 3592 3348 ταύτης
3621 3289 3802 3347 προσ-

2229 3386 2452 3454 εθέμην
2475 3383 2550 3451 τῇ
2582 3384 2829 3451 θυγατρί
2845 3399 2858 3413 υ
2880 3380 2978 3433 καὶ
3008 3378 3126 3447 ἤδη
3163 3378 3367 3444 ἕτοιμα
3391 3374 3588 3428 πάντα
3606 3387 3620 3401 ·
3649 3367 3748 3422 καὶ
3770 3369 3802 3419 ό

2232 3475 2435 3546 καιρὸς
2466 3476 2571 3531 τοῦ
2598 3475 2788 3546 γόμου
2815 3472 3038 3542 παρῆν,
3065 3469 3164 3524 καὶ
3194 3468 3390 3523 πάντα
3413 3464 3560 3534 πρὸς
3590 3460 3808 3516 τοῦτον

2233 3572 2552 3640 φιλοτίμως
2614 3567 3119 3635 παρεσκεύαστο·
3171 3559 3467 3626 ἐξαπίνης
3523 3555 3592 3609 δὲ
3644 3549 3800 3640 κακῴ

2233 3639 2474 3731 δαίμονι
2514 3664 2546 3713 ὀ
2572 3660 2882 3725 ἄνθρωπος
2911 3649 3110 3719 οὗτος,
3131 3649 3378 3720 ὄλεθρος
3407 3644 3686 3713 ἀνδράσι,

2243 3729 2358 3818 πρὸ
2403 3749 2646 3802 πάντων
2669 3745 2797 3814 ἐμοὶ
2861 3741 3226 3814 (λοτυδρίοις
3258 3741 3369 3809 γὰρ
3393 3729 3798 3804 κεκομψευμέ-

2233 3859 2364 3904 νοις
2393 3840 2500 3905 τὰς
2553 3837 2837 3908 γυναῖκας
2883 3831 3275 3902 συλαγωγῶν,
3326 3830 3434 3895 τὰς
3474 3823 3801 3893 παρθένους

2232 3930 2571 3997 ἐξαπατῶν·
2624 3929 2730 3994 τὰς
2754 3927 2870 3996 μὲν
2897 3929 3009 3980 οὐκ
3039 3923 3111 3993 ἐᾷ
3143 3922 3271 3980 καθ’
3300 3922 3330 3975 ὃ
3359 3921 3525 3990 θέμις
3552 3910 3797 3982 ἀνδράσι

2235 4022 2603 4094 γαμηθῆναι·
2640 4021 2746 4085 τὰς
2799 4017 2868 4071 δὲ
2901 4019 3220 4072 συνεύνων
3261 4008 3564 4080 ὑπερορᾶν
3616 4023 3795 4074 παραυ

2234 4112 2557 4183 σκευάζει),
2585 4111 2735 4182 μετὰ
2758 4109 3002 4164 πάντων
3023 4107 3121 4161 καὶ
3150 4106 3264 4174 τὴν
3293 4105 3448 4171 ἐμὴν
3479 4101 3796 4170 διέφθειρεν

2236 4211 2470 4263 Θέκλαν
2489 4222 2502 4235 ’
2541 4205 2653 4271 τὴν
2685 4201 2815 4270 ἐμοὶ
2852 4195 3358 4267 καθηρμοσμένην
3382 4193 3679 4259 ἐξέστησε
3703 4186 3796 4240 Θέ-

2234 4304 2410 4352 κλαν.
2438 4291 2635 4350 Εὶοῦν
2664 4292 2862 4358 eaeam
2880 4288 2988 4358 ζῆν
3004 4286 3200 4353 οὗτος,
3229 4287 3432 4348 πόλιν,
3454 4279 3501 4338 ὦ
3531 4282 3797 4351 κράτιστε

551 4397 712 4451 neque
743 4383 797 4434 id
829 4383 1007 4446 modo,
1041 4383 1130 4434 sed
1160 4391 1208 4435 et
1233 4383 1404 4434 omnis
1430 4383 1698 4450 provincia
1732 4392 1889 4451 atque
1920 4385 2120 4451 civitas,

2237 4390 2494 4459 ἡγεμὼν,
2524 4389 2635 4441 οὐκ
2665 4385 2857 4452 ἔχεις-ο
2895 4383 3190 4452 διέφθειρε
3224 4379 3591 4433 τὸἸκόνιον·
3624 4376 3799 4428 ὤλετο

549 4475 597 4528 si
627 4473 695 4526 ad
729 4474 875 4527 illius
911 4473 1036 4542 legis
1071 4474 1230 4524 ritum
1265 4490 1432 4526 mores
1465 4491 1773 4541 componere
1807 4475 1864 4527 in
1894 4477 2130 4528 animum

552 4565 796 4626 inducat,
832 4565 974 4616 haud
1003 4565 1223 4616 evaserit
1255 4566 1381 4631 quin
1413 4573 1639 4630 tempore
1675 4565 1958 4618 liberorum
1988 4567 2132 4618 orbi-

553 4671 658 4711 tate
687 4660 932 4711 intereat.
965 4655 1176 4707 Etenim
1214 4655 1256 4706 si
1291 4655 1488 4723 nuptiw
1523 4658 1574 4708 in
1608 4673 1770 4708 causa
1799 4667 1919 4709 sunt
1949 4666 2003 4708 ut
2038 4673 2130 4726 pe-

553 4766 706 4802 renne
739 4750 809 4803 sit
850 4750 1142 4800 humanum
1178 4763 1338 4816 genus
1379 4765 1440 4800 ac
1484 4751 1769 4817 generatio,
1816 4765 2032 4819 quisque
2068 4763 2133 4802 ea:

551 4843 673 4895 aliis
696 4842 927 4894 aliorum
957 4842 1220 4894 successio
1249 4850 1326 4893 est
1359 4859 1377 4905 ;
1426 4842 1676 4893 nimirum
1705 4841 1980 4896 caelibatus
2005 4841 2132 4895 libe-

551 4949 733 4987 rorum
761 4932 1042 4986 orbitatem
1063 4933 1292 4986 inducit.
1335 4934 1664 4998 universique
1703 4934 1905 4999 generis
1945 4933 2128 4986 interi-

554 5041 662 5080 tum
689 5029 864 5090 a/i'ert.
914 5038 917 5040 ’

627 5253 739 5324 (62)
780 5253 889 5306 Τὸν
950 5254 1343 5324 Ὀνησιφόρρυ
1381 5247 1712 5324 κατέλαϐεν
1747 5244 1935 5324 οἷκον.
1971 5247 2132 5324 iiuna

555 5318 954 5392 Onesiphorum
969 5321 1249 5392 existimat
1262 5321 1332 5369 Ba
1343 5334 1462 5369 ron.
1486 5318 1662 5392 ipsum
1677 5333 1798 5372 esse
1817 5320 1950 5384 quia
1967 5321 2137 5392 l’aulo

557 5388 896 5452 nominatur,
930 5409 967 5444 ιι
1006 5391 1068 5442 ad
1095 5389 1235 5441 Tim.
1258 5405 1286 5457 ίι
1315 5398 1368 5440 et
1401 5404 1474 5446 ιν,
1506 5388 1708 5456 quique
1742 5388 2136 5457 martyrhabe-

559 5476 643 5518 tur
670 5466 719 5516 in
750 5464 907 5514 Rom.
941 5459 1141 5511 tabulis
1186 5460 1214 5510 7
1251 5456 1398 5525 Sept.
1455 5457 1581 5510 Sola
1645 5456 1966 5523 conjectura
2029 5466 2132 5511 est.

557 5535 757 5587 Nemea
797 5531 888 5581 illo
916 5528 1023 5588 die,
1056 5528 1335 5595 iungentia
1376 5526 1602 5592 Evodio,
1659 5531 1835 5592 primo
1882 5539 2001 5595 post
2034 5527 2134 5580 Pc-

558 5617 701 5653 trunt
734 5597 990 5668 Antioch.
1028 5600 1326 5668 episcopo:
1357 5597 1459 5647 Τὸν
1502 5598 1556 5649 δὲ
1634 5599 2012 5668 Ὀνησιφόρον,
2075 5599 2132 5650 ὃν

558 5677 612 5727 ὲν
642 5673 705 5740 τῇ
769 5667 904 5738 πρὸς
951 5667 1212 5737 Τιμόθεον
1252 5665 1537 5739 Ἐπιστολῇ
1575 5669 1601 5720 ὀ
1640 5665 1960 5734 Ἀτιόστολος
1994 5687 2128 5739 παρ-

2233 4483 2332 4536 καὶ
2382 4480 2551 4534 πᾶσα
2612 4477 2936 4546 περιοικίς·
2981 4474 3082 4528 καὶ
3129 4476 3200 4527 οὐ
3251 4472 3463 4540 μόνον,
3497 4469 3659 4524 ἀλλὰ
3706 4463 3794 4518 καὶ

2233 4573 2400 4627 πᾶσα
2430 4570 2588 4639 χώρα
2619 4568 2718 4624 καὶ
2748 4569 2946 4632 πόλις,
3004 4565 3058 4618 ει
3087 4581 3151 4632 γε
3183 4562 3259 4629 δὴ
3297 4561 3447 4616 κατὰ
3484 4561 3590 4614 τὸν
3622 4553 3792 4611 αὑτοῦ

2229 4666 2420 4730 νόμον
2456 4661 2784 4728 ἀνάσχοιτο
2808 4656 3011 4722 βιοῦν,
3043 4658 3152 4709 οὐκ
3191 4654 3266 4707 ἂν
3299 4652 3585 4722 φθάνοιεν
3619 4650 3796 4718 χρόνῳ

2231 4753 2306 4806 δι’
2335 4751 2613 4815 ἀτεκνίας
2666 4750 3142 4811 ἐξαπολωλότες.
3196 4745 3308 4798 Καὶ
3339 4746 3452 4813 γὰρ
3479 4746 3532 4796 εὶ
3559 4745 3592 4796 ό
3626 4739 3794 4811 γάμος

2231 4842 2490 4908 ἀειζωΐας
2520 4842 2625 4896 τοῦ
2655 4841 2874 4910 γένους
2917 4837 3180 4908 ἀφορμὴ,
3237 4837 3334 4891 καὶ
3374 4835 3562 4901 αἷτιος
3591 4827 3791 4897 ἀνθρὼ-

2238 4951 2375 4999 ποις
2408 4933 2735 5003 γενέσεως·
2796 4930 2896 4984 καὶ
2936 4929 3047 4998 τῆς
3094 4931 3160 4993 ἐξ
3200 4930 3406 4981 ἄλλων
3441 4929 3528 4991 εις
3576 4925 3790 4980 ἄλλους

2237 5024 2458 5094 ἐφεξῆς
2494 5023 2805 5092 διαδοχῆςί
2854 5023 3136 5087 ἀπαιδίας
3167 5021 3243 5074 ἂν
3268 5022 3384 5086 εἴη,
3421 5017 3518 5072 καὶ
3546 5016 3791 5071 καθόλου

2239 5119 2345 5171 τοῦ
2377 5117 2592 5186 γένους
2615 5115 2998 5183 ἀναιρέσεως,
3023 5114 3061 5178 ἡ
3093 5115 3314 5180 ἀγαμία
3335 5110 3592 5179 δηλαδή.

2239 5253 2482 5318 εισάγει,
2552 5249 2899 5316 Κολοφωνίας
2977 5249 3271 5301 ἐπίσκοπον
3341 5247 3574 5317 εὕρομεν
3651 5259 3790 5318 γεγο-

2239 5317 2394 5373 νότα·
2429 5321 2600 5385 δεξιὸν
2638 5324 2694 5372 εν
2725 5324 2835 5381 τοῖς
2874 5319 3054 5386 λόγοις
3083 5321 3177 5370 καὶ
3210 5319 3592 5386 ἀλκιμώτατον
3622 5317 3789 5386 μέχρις

2239 5393 2471 5460 αἵματος
2498 5390 2662 5442 αὑτοῦ
2688 5391 2784 5458 τὴν
2811 5392 2990 5440 πίστιν
3015 5389 3380 5460 κρατύνανξα.
3404 5387 3790 5460 Onesiphorum.

2242 5457 2394 5528 cujus
2422 5461 2707 5527 Apostolus
2741 5457 2905 5511 Obiter
2937 5457 3166 5510 meminit
3196 5460 3248 5509 in
3275 5457 3516 5524 Epistola
3551 5460 3619 5510 ad
3646 5458 3786 5510 Timo-

2240 5527 2431 5587 theum,
2451 5531 2739 5581 invenimus
2760 5529 2920 5595 fuisse
2939 5528 3278 5595 Colophonia:
3294 5530 3619 5595 episcopum,
3645 5527 3788 5596 virtuti

2237 5604 2441 5667 eloquio
2472 5601 2679 5663 facilem
2706 5615 2764 5648 ac
2791 5600 3160 5662 fortissimum,
3194 5599 3282 5665 qui
3313 5599 3381 5648 ad
3410 5613 3568 5663 usque
3595 5606 3788 5663 sangui-

2241 5688 2356 5724 nem
2388 5671 2705 5723 roborarerit
2739 5669 2913 5734 (idem.
2951 5668 3176 5738 Reliqua
3205 5667 3360 5722 nobis
3385 5668 3622 5722 obscura
3659 5667 3783 5720 suulo
