3922 6314
177 303 285 370 313

1025 321 1306 383 ORATIO
1335 326 1489 387 XVI.
1531 353 1585 364 α-
1620 331 1701 391 ΙΝ
1745 331 2057 395 LAUDEM
2100 337 2159 396 S.
2188 338 2520 403 THECLAE.

3321 348 3426 418 3H

259 422 598 490 Ἑνδοθέντος
618 426 672 481 δὲ
705 427 796 482 καὶ
832 428 908 500 τῷ
945 432 1140 504 Παύλῳ
1171 434 1238 487 τὰ
1269 439 1387 488 κατ’
1422 439 1584 492 αὑτὸν
1623 443 1753 494 ἀπο-

1935 444 2096 499 Fat-ta
2117 447 2296 505 autem
2316 459 2368 504 et
2394 449 2556 506 l’aulo
2579 454 2814 523 seipsum
2837 455 3162 514 defendendi
3187 459 3422 528 licentia,

169 510 478 595 λογείσθαι,
517 516 656 586 Ἐγὼ
683 520 799 587 μέν
820 523 933 589 εἶμι
961 520 1270 595 ἄνθρωπος
1306 526 1607 595 Ἰουδαῖος,
1645 532 1752 584 ἀπ-

169 575 700 672 έκρινατοξτῷτοέ
734 575 994 677 οὐρανοῦ
1186 575 1295 683 τῆς
1337 617 1450 686 γῆς
1644 635 1752 687 νη-

170 697 388 748 πιόθεν
434 699 858 768 ἀνακείμενοςο
892 702 990 755 και
1037 704 1132 758 διὰ
1169 708 1367 788 τοῦτο,
1415 711 1573 779 νόμῳ
1604 713 1752 766 Θεοῦ

166 788 669 859 παιδαγωγηθείς,
731 792 832 845 καὶ
899 793 1028 860 ταῖς
1071 797 1344 865 ἐντολαῖς
1396 804 1753 869 προπαιδευη

163 879 320 944 θεὶς,
351 880 536 946 δεκτῷ
569 883 750 950 καιρῷ
803 887 1099 956 θειοτέρας
1163 895 1529 964 κατηξίωμαι
1556 915 1749 966 μυστ-

160 971 460 1038 αγωγίας·
493 972 592 1025 καὶ
630 973 699 1026 ἐν
738 975 928 1043 ἡμέρᾳ
955 979 1100 1033 ποτε
1121 983 1282 1051 μέσῃ
1314 982 1494 1048 εἶδον,
1519 983 1565 1041 ὦ
1596 991 1751 1058 λαμ-

159 1064 431 1126 πρότατε
479 1063 714 1132 ἡγεμὼν
743 1104 758 1129 ,
806 1068 1134 1135 οὐρανόθεν
1182 1077 1638 1146 περιαστράψαν
1674 1098 1750 1149 με

157 1149 302 1218 φῶς
331 1153 483 1221 ὑπὲρ
516 1154 624 1207 τὸν
658 1155 840 1223 ἥλιον
866 1173 878 1187 ·
911 1159 1010 1213 καὶ
1045 1161 1250 1229 φωνῆς
1288 1164 1523 1232 ἤκουσα
1557 1169 1749 1238 ζώσης

157 1246 269 1299 καὶ
303 1245 740 1316 διατρανούσης
771 1250 841 1303 ἐν
866 1251 993 1319 ἐμοὶ
1024 1254 1282 1320 Χριστὸν
1317 1257 1588 1323 Ἰησοῦνο
1613 1264 1748 1328 Χριο

155 1339 325 1392 στὸν
376 1341 627 1406 ἐκεῖνον,
665 1343 737 1396 ὃν
786 1345 1024 1414 ἀγνοῶν
1068 1348 1362 1416 πρότερον
1395 1350 1646 1406 ἐδίωκον
1680 1355 1749 1408 ἐν

153 1431 422 1500 ἀπιστίᾳ
444 1451 456 1465 ·
486 1433 838 1503 ἐπεγνωκὼς
863 1435 931 1490 δὲ
957 1438 1055 1492 διὰ
1078 1439 1417 1508 κρείττονος
1446 1442 1747 1499 ἀποκαλύο

153 1528 352 1590 ψεως,
395 1529 474 1594 ὡς
497 1530 680 1594 αὑτός
700 1530 872 1584 ἐστιν
894 1531 1080 1598 ὄντως
1105 1535 1137 1586 ό
1159 1534 1463 1602 ἀγαπητὸς
1483 1537 1613 1602 nec
1640 1537 1747 1590 τοῦ

157 1616 347 1681 Θεοῦ,
382 1618 448 1684 ὃς
475 1621 571 1673 καὶ
618 1621 750 1687 υίὸς
791 1620 1104 1690 ἀνθρώπου
1137 1624 1237 1678 διὰ
1295 1630 1747 1696 φιλανθρωπίαν

152 1709 546 1776 ὑπερουσίως
602 1713 1059 1784 κεχρημάτικεν,
1122 1717 1223 1772 ἵνα
1272 1717 1386 1785 τὴν
1450 1720 1745 1788 ἡμετέραν

1862 533 1970 602 Ego
2012 537 2237 601 quidem,
2276 543 2574 609 respondit,
2613 547 2764 600 homo
2801 547 3019 604 Judteus
3049 567 3163 604 sum
3201 590 3214 614 ,
3242 552 3304 604 ab
3341 554 3426 605 in-

1857 622 2032 691 fantia
2062 624 2166 678 Deo
2206 626 2324 680 coeli
2342 638 2390 680 et
2421 639 2573 684 terra:
2595 633 2834 689 addictus
2866 653 2884 689 :
2921 655 2982 691 ac
3021 649 3294 706 propterea
3330 640 3424 694 Dei

1856 709 1964 779 lege
1989 713 2225 768 eruditus
2258 725 2412 785 atque
2436 720 2698 773 mandatis
2723 724 3029 793 instructus,
3058 741 3268 787 accepto
3296 740 3426 784 tem-

1854 819 1980 869 pore
2020 805 2274 858 diviniore
2303 796 2550 877 dignatus
2602 828 2718 864 sum
2759 815 3106 872 institutione.
3157 820 3425 888 Medioque

1853 897 2164 965 quandoque
2193 897 2278 951 die
2302 900 2431 965 vidi,
2455 903 2749 958 clarissime
2777 922 2988 973 pra'ses,
3012 912 3420 983 circumfnlgen-

1854 993 1955 1038 tem
2003 994 2086 1039 me
2129 1003 2156 1040 e
2185 988 2310 1040 caelo
2344 989 2512 1042 lucem
2556 991 2666 1045 sole
2696 995 3121 1063 splendidiorem,
3157 989 3423 1072 viv‘amque

1853 1076 2033 1130 audiri
2069 1094 2264 1142 vocem,
2296 1097 2356 1133 ac
2397 1082 2450 1134 in
2489 1098 2568 1136 me
2597 1083 2866 1139 Christum
2903 1081 3086 1144 Jeium
3131 1093 3424 1161 explanan-

1854 1179 1953 1222 tem
1980 1170 2048 1234 ",
2087 1186 2268 1238 nempe
2315 1171 2583 1227 Christum
2620 1174 2796 1240 illum,
2824 1194 2972 1247 quem
3002 1182 3249 1250 ignorans
3274 1185 3422 1247 prius

1851 1267 2198 1333 persequebar
2253 1268 2305 1319 in
2350 1267 2724 1324 incredulitate
2752 1271 2819 1327 ⁵⁸.
2869 1271 2969 1326 Ubi
3018 1285 3190 1328 autem
3241 1276 3424 1330 divina
3509 1302 3512 1305 ·

1854 1356 2167 1411 reuelatione
2197 1360 2410 1427 cognovi
2447 1375 2558 1413 esse
2582 1361 2732 1414 illum
2788 1378 2903 1416 vere
2943 1363 3144 1418 Filium
3178 1366 3276 1420 Dei
3304 1369 3425 1422 cha-

1852 1447 2142 1511 rissimam,
2174 1451 2264 1519 qui
2292 1461 2339 1504 et
2370 1451 2519 1520 ﬁlius
2551 1452 2780 1508 hominis
2812 1455 3116 1524 impensiori
3146 1460 3200 1513 in
3230 1462 3423 1514 huma-

1852 1553 1978 1590 num
2013 1556 2176 1608 genus
2221 1541 2497 1597 clementia
2539 1545 3004 1618 misericordiaque
3041 1551 3321 1613 exstiterit,
3366 1560 3423 1603 ut

1850 1630 1964 1696 ejus
1981 1619 2242 1685 extremas
2260 1633 2410 1700 [ωερε
2433 1636 2612 1689 altiori
2627 1654 2785 1704 quam
2802 1638 2936 1706 ferat
2952 1639 3250 1695 substantia
3270 1646 3426 1696 modo

1852 1723 2222 1777 instauraret:
2258 1741 2526 1795 omneque,
2562 1745 2626 1784 ne
2663 1731 2764 1784 sint
2803 1731 3084 1799 prolixior,
3128 1736 3424 1802 potioribus

151 1796 461 1865 ἐσχατιὰν
517 1802 1008 1873 ἁνακαλέσηται·
1078 1809 1178 1862 καὶ
1237 1785 1740 1884 πᾶσανίῖνα-μὴ

1845 1815 2008 1868 verbis
2075 1815 2168 1878 Dei
2216 1817 2402 1872 doctus
2466 1821 2770 1892 consilium,
2824 1839 2916 1891 per
2964 1841 3102 1889 cum,
3140 1835 3191 1880 et
3245 1827 3312 1881 ab
3361 1845 3422 1883 eo

146 1890 546 1958 μακρηγορῶ,
581 1894 698 1959 τὴν
735 1895 840 1949 τοῦ
878 1898 1026 1952 Θεοῦ
1074 1899 1319 1968 ,ϐουλὴν
1343 1920 1731 1973 μεμυσταγω-

151 1979 426 2047 τημένος
450 1987 751 2050 κρείττοσι
777 1989 984 2058 λόγοις
1029 1990 1102 2044 δι’
1157 1992 1364 2058 αὐτοῦ,
1391 1997 1529 2063 παρ’
1557 1996 1744 2051 αὑτοῦ

153 2070 284 2136 τοῖς
305 2073 556 2128 ἔθνεσιν
573 2076 1020 2149 ἐξαπεστάλην,
1047 2082 1352 2139 διδάσκων
1391 2087 1588 2142 πάντα
1626 2089 1739 2142 ἆν-

150 2163 423 2230 θρωπον,
453 2168 552 2220 καὶ
584 2172 892 2226 νουθετῶν
919 2173 1302 2244 ἐπιστρέφειν
1331 2178 1430 2232 ἐπὶ
1459 2179 1566 2232 τὸν
1594 2180 1746 2235 Θεὸν

150 2254 286 2306 τὸν·
322 2257 582 2325 ἰσχυρὸν
611 2262 718 2315 τὸν
753 2262 962 2323 ζῶντιν
1000 2268 1096 2320 καὶ
1130 2269 1510 2337 παρακλήσει
1545 2272 1742 2327 πάντα

147 2344 480 2412 ἄνθρωπον
512 2355 897 2422 παρακαλῶν,
931 2359 1137 2413 πᾶσαν
1183 2363 1300 2430 μὲν
1345 2364 1603 2432 ἀνομίαν
1639 2367 1739 2420 καὶ

150 2439 404 2494 ἀδικίαν
429 2445 914 2515 ἀποστρέφεσθαι
937 2466 950 2480 ·
995 2452 1395 2522 δικαιοσύνην
1435 2456 1504 2509 δὲ
1533 2456 1740 2513 πᾶσαν

149 2532 253 2584 καί
285 2535 644 2628 ἁὲοιωσύνην
667 2539 738 2592 ἐν
765 2542 930 2608 φόϐῳ
955 2544 1409 2634 κατεργιξζὲσθαι
1436 2548 1542 2603 τοῦ
1566 2550 1733 2604 Θεοῦ’

1840 1906 2080 1975 gentibus
2118 1909 2306 1962 missus
2336 1925 2473 1972 sum,
2507 1912 2890 1987 ad‘docendum
2921 1934 3124 1994 omnem
3159 1921 3420 1976 hominem

1841 2015 1906 2052 ac
1935 1999 2322 2067 admonendum
2356 2006 2588 2058 converti
2616 2007 2684 2061 ad
2719 2007 2880 2062 Deum
2909 2011 3096 2079 fortem
3132 2016 3300 2068 vivum
3327 2017 3372 2049 "
3402 2034 3419 2083 ;

1840 2103 1890 2145 et
1922 2101 1976 2143 ut
2001 2091 2266 2146 hortando
2296 2095 2542 2150 hortarer
2562 2113 2762 2164 omnes,
2795 2116 3000 2155 omnem
3030 2105 3416 2172 improbitatem

1843 2197 1904 2234 ac
1935 2181 2253 2250 injustitiam
2289 2188 2546 2253 aversari,
2574 2205 2879 2260 omnemque
2904 2193 3177 2261 justitiam
3202 2214 3272 2251 ac
3293 2216 3389 2252 san

1846 2274 2084 2327 ctitatem
2123 2273 2177 2328 in
2215 2278 2401 2332 timore
2451 2278 2543 2334 Dei
2587 2283 2842 2349 operari;
2873 2285 2963 2350 qui
3008 2302 3190 2356 nempe
3229 2291 3421 2355 sciant,

1845 2367 2097 2421 statuisse
2120 2367 2280 2434 diem,
2305 2371 2360 2423 in
2390 2387 2490 2441 quo
2517 2374 2618 2427 sibi
2637 2375 2747 2443 ipse
2773 2391 2924 2429 omne
2951 2375 3236 2432 humanum
3260 2396 3421 2451 genus

1845 2463 2015 2526 sistet,
2069 2479 2132 2514 ac
2170 2464 2451 2535 unicuique
2493 2483 2590 2536 pro
2640 2483 2861 2522 suarum
2917 2470 3102 2523 merito
3152 2471 3419 2526 actionum

1853 2551 2055 2607 reddet.

145 2611 414 2696 εἰδότας,
443 2631 534 2686 ὄτι
569 2634 837 2702 ἔστησεν
866 2611 1113 2707 ἡμέραν,
1231 2637 1270 2713 ᾖ
1288 2646 1501 2711 μέλλει
1522 2645 1732 2701 πᾶσαν
1767 2647 1958 2714 ἐαυτῷ
1989 2650 2102 2717 τὴν
2125 2651 2554 2719 ἁνθρωπότητα
2578 2651 2902 2720 παριστᾷν,
2983 2653 3082 2707 καί
3139 2652 3420 2707 ἀποδιδό-

147 2739 251 2776 me
281 2725 520 2792 ἑκάστῳ
548 2728 697 2782 κατὰ
729 2730 845 2797 τὴν
870 2731 1090 2799 πρᾶξιν
1127 2738 1335 2794 αὑτοῦ.

218 2818 335 2880 Kal
361 2820 429 2872 οὔ
449 2837 548 2887 μοι
572 2825 822 2889 σκοπὸς.
849 2820 896 2878 ὦ
932 2826 1260 2883 δικαιότατε
1287 2830 1563 2899 δικαστὰ,
1597 2841 1737 2890 καθ-

146 2906 316 2972 άπαξ
366 2909 482 2962 τὸν
544 2911 731 2979 γάμον
784 2916 1079 2983 ἀναιρεῖν·
1135 2921 1285 2987 αὕτη
1334 2924 1541 2991 σαφὴς
1606 2927 1737 2979 καθ’

148 3000 324 3067 ἡμῶν
349 3002 478 3055 ἐστι
496 3011 874 3072 συκοφαντία
894 3025 907 3040 ο
937 3006 1109 3064 ’ἀλλὰ
1151 3016 1438 3079 πορνείαν
1463 3017 1582 3085 μὲν
1629 3016 1737 3072 πᾶ-

147 3108 271 3144 σαν
328 3093 428 3145 καὶ
483 3097 776 3173 μοιχείαν,
831 3100 926 3153 καὶ
962 3101 1169 3157 πᾶσαν
1220 3107 1591 3174 ἀκαθαρσίαν
1636 3110 1736 3162 καὶ

145 3181 473 3251 ἐπιθυμίαν
485 3170 721 3252 κακήν·
757 3190 852 3242 καί
887 3190 1002 3244 πᾶν
1034 3194 1223 3260 πάθος
1247 3170 1552 3252 ἐκκλίνειν
1581 3216 1735 3267 παρ-

144 3274 328 3327 αινῶο
363 3277 553 3345 γάμον
593 3278 660 3331 δὲ
703 3279 809 3333 τὸν
846 3269 1104 3350 ἔννομον
1139 3289 1235 3354 καὶ
1283 3290 1597 3359 ἔνθεσμον,
1657 3293 1736 3357 ὡς

145 3364 442 3431 ἀμίαντον
469 3367 834 3437 ἀποδέχομαι
876 3371 972 3424 καὶ
1023 3373 1186 3441 τιμῶ.
1221 3379 1286 3429 El
1317 3377 1382 3430 δέ
1422 3396 1511 3444 τις
1562 3382 1734 3450 ψυχὴ

145 3454 363 3520 apudet
406 3455 503 3506 καὶ
547 3457 834 3523 ἐπιεικὴς,
879 3459 976 3513 διὰ
1023 3463 1167 3525 ,ϐίου
1222 3467 1447 3533 παντὸς
1476 3469 1738 3537 ἀγαμίαν

145 3544 242 3596 καὶ
269 3546 600 3612 παρθενίαν
627 3548 904 3616 ἑλομένη,
934 3553 1098 3618 μόνῳ
1121 3555 1277 3621 μόνη
1310 3556 1630 3623 σχολάζειν
1657 3558 1738 3624 τῷ

147 3639 365 3703 Κυρ·’φ,
401 3637 496 3690 καί
519 3638 650 3703 ταῖς
678 3641 1050 3708 προσευχαῖς
1086 3643 1555 3714 ἀπερισπάστως
1581 3652 1736 3718 alpe-

147 3729 332 3788 τίσαι.
355 3730 887 3801 τοῦτοκάλλιστον
911 3733 1025 3801 ἐγὼ
1051 3735 1249 3801 κρίνω,
1293 3737 1388 3789 καὶ
1426 3740 1530 3792 τοῦ
1559 3740 1736 3793 ἐπαι-

147 3819 329 3872 νέτου
382 3800 947 3892 ἀξιεέτᾶινετὼτερυν
971 3866 985 3889 ,
1029 3828 1126 3879 καὶ
1162 3827 1266 3881 τοῦ
1316 3831 1509 3897 τιμίου
1544 3831 1735 3900 γάμου

148 3910 509 3978 τιμιώτερον,
543 3913 622 3977 ὠς
651 3913 874 3967 οἰκεῖον
905 3915 1093 3982 ὅντως
1126 3916 1198 3984 ὃν
1221 3919 1316 3971 καί
1337 3919 1580 3988 μᾶλλον
1599 3923 1734 3990 ἀρε-

149 4007 298 4058 στὸν
325 4005 404 4070 τῷ
423 4005 543 4070 Θεῷ
564 4023 576 4035 °
601 4008 681 4072 ὡς
700 4009 893 4062 ἄῢλον
920 4012 1017 4063 καὶ
1045 4014 1261 4080 νοερὰν
1281 4017 1518 4082 θυσίαν,
1536 4019 1733 4085 ἀῦλως

149 4095 242 4148 καὶ
263 4095 532 4165 θελητὼς
553 4096 632 4162 τῷ
654 4091 969 4168 ὑπεραῢλῳ
999 4103 1482 4172 προσαγομένην.

215 4356 440 4412 Τούτων
491 4361 697 4425 ἐκεῖνος
750 4362 826 4425 ὡς
881 4365 1082 4434 ἢκουσε
1122 4367 1230 4422 τῶν
1278 4370 1492 4438 φωνῶν,
1540 4374 1724 4446 ἐπειδὴ

1921 2833 2030 2889 Nec
2064 2835 2116 2887 id
2150 2835 2277 2887 mihi
2316 2837 2643 2901 propositum
2671 2844 2770 2898 est,
2803 2836 3099 2904 tequissime
3134 2836 3321 2904 judez,
3360 2849 3416 2891 ut

1844 2943 2019 2980 omnes
2053 2941 2267 2993 prorsus
2299 2927 2510 2992 nuptias
2542 2927 2780 2980 sublatas
2807 2927 2998 2992 velint;
3025 2929 3134 2981 haec
3165 2930 3414 2990 nimirum

1844 3017 2122 3070 adversum
2178 3033 2279 3078 nos,
2339 3027 2523 3084 aperta
2581 3019 2852 3071 calumnia
2899 3030 3026 3083 est;
3069 3020 3158 3074 sed
3209 3038 3409 3076 onmem

1839 3106 2048 3173 quidem
2084 3106 2490 3171 fornicationem
2525 3117 2572 3160 et
2618 3109 2909 3174 tntae/tiam,
2961 3126 3263 3178 omnemque
3309 3113 3410 3164 im-

1841 3198 2158 3251 munditiam
2191 3213 2251 3250 ac
2305 3200 2784 3265 concupiscentiam
2823 3188 3111 3266 malam“,
3153 3204 3406 3278 quidquid

1838 3286 2043 3339 demum
2077 3287 2310 3341 libidinis
2343 3298 2419 3341 est
2450 3329 2465 3354 ,
2495 3290 2661 3342 vitare
2715 3291 2908 3344 suadeo
2941 3309 2960 3356 ;
3013 3293 3407 3345 matrimonium

1837 3392 1953 3429 vero
1980 3376 2271 3444 legitimum
2293 3386 2610 3447 statumque,
2635 3391 2692 3432 ut
2719 3366 3188 3433 incontaminatum
3215 3385 3406 3449 recipio

1839 3481 1902 3518 ac
1915 3465 2051 3518 colo.
2072 3464 2162 3519 Sin
2184 3479 2356 3528 autem
2378 3469 2555 3520 mitior
2576 3470 2817 3536 quadam
2841 3471 3171 3538 modestaque
3202 3472 3403 3535 anima,

1836 3570 1926 3622 per
1949 3547 2112 3608 vitain
2146 3572 2349 3608 onmem
2377 3557 2577 3610 delecto
2609 3559 2854 3612 caelibatu
2884 3576 2944 3612 ac
2969 3561 3279 3629 virginitate,
3305 3562 3407 3615 soli

1839 3646 2065 3699 Domino
2100 3649 2213 3708 sola
2247 3664 2456 3712 vacare,
2501 3665 2562 3700 ac
2598 3652 2837 3715 precibus
2877 3651 3191 3707 indistracta
3240 3663 3408 3708 mente

1837 3739 2038 3791 instare
2085 3739 2225 3800 relit,
2274 3739 2328 3790 id
2372 3756 2463 3807 ego
2508 3740 2922 3806 pulcherrimum
2954 3741 3184 3809 judico;
3229 3759 3411 3812 nempe

1838 3827 2096 3880 laudabili
2152 3829 2352 3896 majore
2410 3829 2626 3898 dignum
2675 3832 2853 3895 laude,
2901 3835 3260 3903 connubioque
3314 3833 3409 3888 lto-

1835 3919 2066 3973 norabili
2094 3919 2497 3982 honorabilius;
2527 3929 2594 3999 ut.
2625 3908 2762 3998 quid
2787 3922 2896 3976 Deo
2924 3940 3038 3978 vere
3058 3928 3410 3979 necessarium

1836 4030 1898 4066 ac
1946 4013 2114 4081 magis
2151 4011 2428 4077 placitum,
2476 4001 2611 4066 velut
2657 4012 2856 4067 scilicet
2911 4015 3022 4068 sine
3073 4017 3294 4069 materia
3346 4033 3407 4069 ac

1833 4103 2206 4172 intelligentem
2246 4103 2494 4167 hostiam,
2530 4103 2885 4158 immateriate
2931 4120 2992 4158 ac
3037 4105 3311 4159 voluntate
3359 4108 3406 4159 ei

1833 4193 2088 4257 oblatam,
2109 4192 2197 4262 qui
2216 4190 2358 4245 omni
2381 4190 2463 4243 illi
2486 4191 2623 4261 quod
2653 4201 2806 4245 extra
2827 4193 3105 4247 materiam
3126 4205 3224 4260 est,
3240 4235 3242 4239 .
3257 4194 3407 4264 longe

1830 4286 2042 4338 eminet.

1902 4376 1998 4430 llis
2031 4376 2121 4430 ille
2153 4374 2357 4429 auditis
2389 4374 2633 4435 vocibus.
2668 4373 2812 4443 quod
2847 4373 3091 4430 veritatis
3127 4375 3403 4445 vimjudi-

150 4449 348 4517 κρίνειν
369 4450 469 4502 οὐκ
487 4451 600 4521 ᾔδει
627 4453 725 4522 τὴν
754 4454 984 4526 δύναμιν
1009 4457 1109 4526 τῆς
1126 4459 1406 4526 ἀληθείαςι
1431 4462 1596 4533 (ψυχὴ
1615 4465 1721 4536 γὰρ
1748 4482 1753 4540 ς

1845 4485 1956 4524 :are
2000 4486 2106 4523 non
2157 4477 2380 4520 noverat
2429 4467 2723 4536 (quisquis
2773 4470 2916 4521 enim
2972 4473 3187 4523 animus
3276 4469 3401 4521 huic

153 4541 316 4607 πᾶσα,
355 4540 438 4607 τῷ
471 4543 566 4595 νῦν
594 4544 750 4597 αἰῶνι
773 4547 868 4598 καὶ
892 4551 1010 4611 ταῖς
1045 4550 1284 4614 ἀπάταις
1307 4551 1401 4605 τοῦ
1432 4554 1546 4622 βίου
1589 4572 1721 4625 σφο-

1827 4561 2026 4616 smeulo
2070 4560 2295 4628 vittaque
2334 4559 2614 4614 erroribus
2672 4559 3049 4614 vehementius
3108 4561 3400 4615 immersus

152 4635 395 4706 δρὸτερον
450 4638 871 4712 ὲμπεφυρμένη,
929 4645 1028 4696 οὐκ
1101 4640 1241 4697 οἶδεν
1306 4649 1722 4719 ἀσκαρδαμυκτὶ

1845 4663 1930 4719 εει,
1962 4653 2232 4706 irretortis
2261 4651 2434 4706 oculis
2466 4652 2713 4706 veritatis
2746 4650 2984 4723 fulgores
3017 4654 3260 4706 contueri
3287 4669 3395 4707 non

153 4725 278 4795 πρὸς
305 4727 406 4789 τὰς
441 4729 539 4795 τῆς
571 4729 828 4800 ἀληθείας
878 4734 1052 4800 αὐγὰς
1104 4738 1431 4810 ἁντωπείν·)
1461 4740 1527 4792 δι’
1567 4741 1594 4793 ὃ
1626 4743 1720 4794 καὶ

1845 4744 1996 4815 novit)
2033 4762 2046 4797 :
2078 4743 2428 4812 quamobrem
2463 4743 2625 4796 etiam
2677 4744 2786 4803 ille,
2823 4758 2944 4796 cum
2986 4757 3087 4796 nec
3115 4743 3394 4797 adversati

150 4818 321 4883 αὐτὸς,
383 4819 508 4889 μήτ’
560 4821 880 4874 ἀντιτείνειν
928 4824 1088 4894 ἔχων,
1117 4829 1254 4897 μήτε
1285 4829 1342 4881 δὲ
1379 4831 1718 4885 συντίθεσθαι

1845 4842 2029 4897 )osset,
2056 4847 2155 4887 nec
2194 4848 2320 4886 vero
2361 4832 2618 4886 assentiri
2644 4832 2794 4885 Pauli
2823 4832 3022 4896 verbis,
3058 4847 3165 4887 non
3200 4849 3395 4888 vacare

151 4911 251 4970 τοῖς
288 4909 395 4961 ὑπὸ
416 4909 508 4962 τοῦ
551 4911 762 4966 Παύλου
794 4913 1167 4984 λαλουμένοις,
1200 4918 1462 4988 ἀσχολίαν
1505 4938 1564 4972 τε
1588 4928 1718 4991 προ-

153 4999 448 5064 φασίζεται,
499 5003 594 5054 καὶ
617 5000 1152 5075 τοῦτον-δεσμεύσας,
1178 5007 1560 5080 καθείργνυσιν
1599 5012 1716 5081 εἰρ-

151 5101 259 5140 κτῆ.

183 5090 272 5230 taTi
298 5176 391 5233 οὖν
421 5183 452 5252 ἡ
484 5183 699 5251 Θέκλα;
728 5179 855 5255 'Ap’
877 5187 1154 5258 ὑπεστάλη
1189 5190 1422 5260 φρίξασα
1453 5193 1588 5262 πρὸς
1615 5194 1713 5263 τὴν

151 5267 232 5320 τοῦ
271 5273 506 5341 κήρυκος
557 5275 896 5346 ἀπαγωγήν;
953 5277 987 5347 ἢ
1024 5280 1218 5348 μικρὸν
1268 5281 1398 5349 γοῦν
1423 5284 1708 5353 καθυφῆκε

1825 4924 1926 4979 sibi
1964 4937 2056 4993 per
2096 4923 2269 4977 otium
2306 4922 2549 4991 simulat,
2582 4923 2934 4993 vinctumque
2964 4924 3016 4978 in
3058 4939 3278 4980 carcere
3308 4926 3392 4978 in-

1822 5015 2011 5070 cludit.

1889 5193 2026 5258 Quid
2072 5193 2237 5261 igitur
2279 5191 2473 5246 Thecla
2516 5193 2537 5245 ?
2583 5191 2804 5248 Timore
2839 5193 3108 5249 inhorruit
3155 5195 3386 5249 abducto

1816 5285 2096 5354 praecone?
2141 5295 2233 5339 aut
2282 5300 2468 5354 parum
2546 5285 2750 5354 aliquid
2814 5287 3074 5357 propositi
3138 5295 3383 5340 tenorem

152 5359 240 5425 τῆς
268 5362 607 5431 προθέσεωςς
648 5367 679 5436 ἦ
714 5369 951 5432 διανοίας
985 5370 1174 5440 βάθεσι.
1215 5373 1351 5436 τέως
1405 5376 1502 5446 τὴν
1538 5377 1707 5445 αὐτῆς

1846 5377 2065 5431 emisit?
2095 5385 2187 5429 aut
2217 5378 2326 5430 alto
2355 5376 2551 5430 mentis
2583 5378 2704 5431 sinu
2738 5378 2996 5432 hactenus
3030 5377 3190 5431 ﬁdem
3227 5394 3380 5431 suam

152 5451 319 5503 πίστιν
349 5455 852 5529 ὲγκατέκρυψενςῆ
894 5461 953 5512 οὐ
992 5463 1196 5530 σφόδρα
1245 5464 1446 5533 ταύτην
1489 5466 1708 5535 ἐθριάμ·

152 5539 296 5594 Gaude
330 5546 672 5614 περιφανῶςς
714 5547 745 5616 ἦ
781 5548 1098 5619 Θοιαμόεύει
1132 5557 1250 5623 μὲν,
1276 5557 1335 5607 οὐ
1356 5558 1585 5620 συνετῶς
1606 5557 1693 5622 δὲ;

1816 5469 2110 5521 occultavit
2145 5469 2166 5521 ?
2194 5480 2286 5520 aut
2316 5482 2421 5519 non
2460 5468 2742 5534 splendide
2775 5484 2889 5522 eam
2921 5468 3261 5537 publicant?
3290 5479 3382 5521 aut

1807 5560 2101 5629 publicavit
2148 5559 2362 5628 quidem
2407 5566 2571 5627 atque
2609 5560 2814 5624 edidit,
2866 5558 2957 5614 sed
3005 5558 3382 5628 imprudenti-

213 5719 254 5751 "
283 5723 396 5777 Act.
429 5726 554 5792 tx,5
587 5743 600 5792 ;
640 5743 782 5795 XXVI,
820 5731 899 5786 15.
979 5732 1021 5761 ⁵⁵
1064 5731 1248 5786 l'l‘im.
1289 5749 1324 5797 ι,
1367 5734 1442 5786 15.
1518 5735 1557 5766 ³⁷
1590 5735 1729 5790 l’sal.

1845 5738 1952 5802 1,5.
2035 5736 2078 5766 ⁸⁸
2116 5735 2327 5789 Coluss.
2368 5751 2447 5800 ιιι,
2492 5735 2524 5790 5
2558 5753 2570 5801 ;
2617 5735 2773 5788 llcbr.
2806 5732 3003 5797 “11,4.
