3922 6314
593 312 700 374 319
1716 309 1763 368 Ν
1773 306 2006 367 lCET/E
2045 301 2569 364 PAPHLAGONIS
3738 288 3829 348 320

589 426 717 494 ipse
760 422 1018 478 Dominus
1065 422 1139 477 rei
1200 421 1457 476 misertus
1487 429 1592 475 est.
1626 420 1725 486 Qui
1763 422 1907 474 enim
1949 427 2160 489 poterat

2293 414 2537 468 Emi-xui.
2553 409 2719 470 αὐτὸς
2748 409 2776 460 ὁ
2805 406 3006 488 Κύριος
3041 404 3100 456 τὸ
3135 399 3415 469 γινόμενον
3446 395 3832 467 ἠλέησεν.·1(α“ι

604 525 662 569 ιιι
691 531 793 568 non
825 515 943 580 eius
975 515 1344 577 misereretur,
1365 528 1484 582 quae
1515 513 1721 590 absque
1744 514 1865 567 ullis
1883 513 2163 580 signisat-

597 620 704 673 que
756 607 1042 673 portentis,
1095 607 1212 658 sola
1267 605 1531 674 praeconis
1585 618 1738 667 voce,
1792 605 2017 673 ejusque
2072 602 2162 666 Qui

600 700 836 760 vinctus,
865 697 954 765 qui
991 696 1257 766 profugus
1289 704 1454 760 esset,
1485 698 1565 750 sic
1602 697 1678 750 illi
1725 696 2068 755 credidiSSct,
2108 699 2165 745 ut

599 789 795 841 nedum
824 801 1048 842 matrem
1080 799 1132 842 et
1164 788 1495 840 domesticos
1519 795 1572 840 et
1613 797 1893 856 cognatos,
1929 798 2166 853 opesque

600 888 653 931 ct
700 880 918 946 nuptias
959 889 1011 932 et
1044 879 1268 932 delicias
1299 891 1492 932 omnes
1536 888 1591 932 et
1625 880 1935 940 illecebras,
1987 875 2080 928 sed
2115 885 2167 928 et

605 968 781 1038 ipsam
835 969 954 1038 ejus
987 971 1158 1036 gratia
1188 977 1564 1024 contemneret
1597 969 1870 1022 animam?
1899 966 2165 1031 Quoniam

600 1075 733 1114 vero
764 1061 1096 1113 mirabilium
1136 1059 1277 1115 Dens
1298 1062 1363 1118 de
1388 1062 1527 1115 cwlo
1552 1062 1604 1113 in
1636 1048 1835 1112 ter/ram
1859 1066 2167 1127 aspexerat,

603 1150 764 1218 plane
799 1167 1019 1205 necesse
1048 1163 1190 1214 erat,
1227 1162 1283 1206 ut.
1312 1153 1453 1221 quod
1483 1153 1668 1216 ﬁebat,
1694 1149 1941 1204 facientis
1965 1153 2172 1218 magni-

605 1237 818 1292 ficentia
845 1236 1068 1301 dignum
1089 1243 1352 1293 eluceret.

676 1416 739 1468 At
765 1417 1036 1483 quodnam
1069 1415 1280 1468 Domini
1310 1416 1607 1483 judicium!
1637 1413 1754 1468 1am
1801 1429 1968 1484 rogus
2045 1415 2170 1484 qui-

605 1507 730 1560 dem
764 1509 909 1560 circa
952 1509 1214 1575 virginem
1260 1522 1527 1560 accensus
1553 1516 1705 1570 erat;
1732 1505 1961 1570 necdum
1998 1517 2172 1559 tamen

605 1599 870 1651 intactum
916 1613 1117 1666 corpus
1170 1597 1390 1651 flamma
1427 1599 1703 1667 attigerat,
1763 1613 1888 1650 cum
1952 1607 2175 1666 repente

605 1690 695 1744 illa
727 1701 1134 1758 comprecante,
1181 1706 1413 1764 magnus
1436 1707 1473 1756 _e
1499 1697 1641 1743 terra
1672 1691 1850 1758 erupit
1871 1692 2116 1749 sonitus;
2140 1704 2170 1741 e

2265 508 2382 568 πῶς
2411 506 2518 574 γὰρ
2549 503 2646 554 οὐκ
2676 485 2898 570 ἔμελλεν
2928 491 3083 559 οὗτος
3100 496 3268 547 ἐλεεῖν
3297 492 3392 560 τὴν
3425 490 3554 543 ἄνευ
3591 489 3826 558 σημείων

2279 598 2373 650 καὶ
2393 595 2652 665 τεράτων,
2671 592 2757 644 διὰ
2784 593 2913 660 μιᾶς
2939 588 3120 656 φωνῆς
3141 587 3400 654 κήρυκος,
3427 581 3520 633 καὶ
3541 578 3733 631 τούτου
3764 579 3838 629 δε-

2268 686 2447 754 σμίου,
2489 684 2581 735 καὶ
2619 680 2807 732 τούτου
2866 675 3124 745 φυγάδος,
3165 672 3340 732 οὕτως
3376 668 3523 738 αὑτῷ
3553 682 3837 717 πεπιστευ-

2267 780 2441 836 κυῖαν,
2469 774 2607 826 ὥστε
2640 773 2715 841 μὴ
2752 771 2908 840 μόνον
2943 767 3170 838 μητρὸς,
3209 765 3300 816 καὶ
3330 761 3564 824 οἰκείων,
3596 758 3692 809 καὶ
3719 774 3838 822 συγ-

2272 867 2464 935 γενῶν,
2498 865 2588 916 καὶ
2635 859 2883 922 πλούτου,
2930 857 3024 910 xui.
3075 855 3275 921 γάμου,
3311 849 3404 903 καὶ
3447 847 3626 912 πάσης
3659 843 3839 912 ἡδονῆς

2279 957 2374 1009 καὶ
2400 957 2606 1024 τρυφῆς
2629 993 2644 1014 ,
2683 951 2815 1004 ἀλλὰ
2848 949 2940 1001 καὶ
2970 945 3138 1013 αὐτῆς
3166 942 3438 1010 ὑπεριδεῖν
3463 938 3532 992 δι’
3559 935 3724 991 αὑτὸν
3753 936 3839 1001 τῆς

2271 1046 2484 1116 ψυχῆς
2528 1042 2677 1094 Ἐπεὶ
2704 1040 2760 1094 δὲ
2792 1041 2819 1090 ὁ
2852 1039 2960 1091 τῶν
2989 1033 3306 1104 Θαυμασίων
3329 1030 3459 1090 Θεὸς
3509 1027 3568 1092 ὲξ
3621 1025 3838 1095 οὐρανοῦ

2271 1139 2364 1190 ἐπὶ
2416 1137 2514 1205 τὴν
2563 1134 2668 1202 γῆν
2719 1130 3040 1198 ἐπέϐλεψεν,
3073 1126 3222 1189 ἄξιον
3276 1123 3380 1175 ἔδει
3411 1121 3629 1180 πάντως
3667 1116 3762 1168 καὶ
3790 1116 3841 1165 τὸ

2270 1229 2550 1296 γινόμενον
2574 1225 2672 1294 τῆς
2713 1223 2805 1276 τοῦ
2850 1219 3128 1282 ποιοῦντος
3184 1211 3612 1270 ἀποδείκνυσθαι
3679 1222 3840 1276 μεγαο

2273 1316 2570 1382 λειότητος.

2351 1406 2510 1460 Ἀλλὰ
2555 1405 2637 1468 τίς
2689 1406 2721 1472 ἡ
2760 1401 2853 1454 τοῦ
2899 1399 3104 1469 Κυρίου
3158 1395 3380 1466 κρίσις;
3432 1390 3715 1458 ’Υφῆπται
3760 1387 3842 1454 μὲν

2279 1497 2440 1566 πέριξ
2468 1499 2564 1566 τῆς
2602 1495 2871 1564 παρθένου
2900 1492 2961 1542 τὸ
2993 1489 3102 1559 πῦρ
3136 1504 3150 1517 ·
3175 1486 3327 1539 οὔπω
3356 1485 3410 1535 δὲ
3440 1481 3535 1534 τοῦ
3568 1478 3840 1544 ἀνεπάφον

2278 1585 2529 1654 σώματος
2574 1584 2820 1652 ὲθίγετο,
2860 1581 2954 1634 καὶ
3011 1578 3246 1648 ἀθρόως,
3307 1573 3612 1642 εὐχομένης
3659 1569 3840 1633 αὐτῆς,

2277 1673 2410 1746 ἦχος
2446 1677 2546 1746 μὲν
2581 1678 2750 1746 μέγας
2773 1673 2936 1742 γῆθεν
2969 1669 3242 1740 ἀνερράγη
3279 1683 3290 1696 ·
3345 1664 3549 1718 ἄνωθεν
3583 1662 3637 1714 δὲ
3659 1660 3842 1726 νεφέλη

605 1782 856 1852 ςωιοιιιιθ
903 1761 1269 1836 circumstans
1306 1779 1500 1834 .nubes
1566 1781 1671 1833 vim
1718 1788 1923 1833 tantam
1973 1781 2166 1847 pluvia:

2288 1769 2596 1837 τεριστᾶσα,
2631 1766 2882 1819 τοσοῦτον
2911 1763 3052 1831 ὕδωρ
3097 1762 3186 1813 καὶ
3227 1755 3475 1828 χάλαζαν
3530 1752 3840 1820 κατέχυσεν,

611 1869 1010 1939 grandinisque
1033 1869 1248 1934 effudit,
1277 1879 1398 1924 utet
1427 1870 1674 1938 pluribus
1706 1869 1777 1922 ibi
1811 1876 2052 1922 creatum
2085 1884 2175 1937 pe-

606 1962 861 2023 riculum,
919 1961 1166 2030 ignisq‘ue
1201 1961 1526 2023 exstinctus,
1589 1977 1650 2013 ac
1703 1960 1901 2014 Thecla
1961 1969 2175 2013 servata

608 2051 700 2105 sit.
735 2050 858 2105 ΙΙωο
882 2051 1191 2106 celsitatum
1227 2049 1368 2106 Deus
1411 2051 1674 2104 mirabilis
1703 2052 1759 2104 in
1786 2051 2174 2119 majestatibus,

594 2141 804 2209 faciens
858 2141 1104 2210 prodigia
1151 2141 1370 2195 ".llaac
1425 2143 1515 2212 qui
1567 2142 1892 2212 Babylonica
1945 2157 2176 2197 excussa

610 2231 850 2296 fornace,
919 2243 1027 2284 tres
1078 2231 1132 2284 iu
1183 2234 1273 2286 illa
1315 2248 1513 2302 pueros
1572 2244 1824 2288 cantores
1857 2232 2178 2291 incolumes

607 2320 847 2373 servavit
883 2319 946 2372 ⁸³.
983 2319 1132 2375 Istud
1168 2337 1293 2377 vere
1349 2314 1500 2392 illius
1530 2338 1724 2382 manus
1750 2339 1918 2392 opus;
1959 2334 2069 2376 tum
2100 2323 2182 2384 ni-

607 2410 806 2478 mirum
856 2411 1129 2465 roscidam
1189 2391 1465 2468 fornacem
1527 2423 1808 2483 praestare,
1872 2423 1985 2468 tum
2032 2392 2178 2483 quod

607 2507 830 2568 repente
893 2517 923 2556 e
975 2502 1115 2555 caelo
1168 2519 1307 2572 aqua
1361 2504 1666 2560 inundante
1725 2520 1842 2559 eam
1900 2508 2180 2561 exstinxe-

589 2591 702 2642 .rit.

685 2681 794 2734 Hoc
831 2684 1083 2752 primum-
1117 2682 1318 2738 Thecla
1349 2685 1402 2740 in
1431 2686 1515 2740 sui
1559 2688 1792 2756 gratiam
1836 2689 1970 2742 vidit
2000 2697 2180 2756 patra-
2252 2700 2254 2705 ³

615 2783 729 2825 tum
765 2774 1114 2838 miraculum,
1161 2775 1390 2846 ﬁdeique
1445 2778 1624 2841 (idem,
1677 2778 1880 2848 Deique
1903 2781 2180 2834 dilectioni

609 2862 967 2916 excellentem
1030 2864 1281 2932 adjunxit
1320 2866 1685 2920 dilectionem.
1744 2870 1895 2936 Aqua
1939 2869 2052 2922 haec
2091 2884 2185 2921 ne-

610 2951 740 3004 dum
772 2952 972 3022 ignem,
1008 2953 1103 3008 sed
1129 2963 1183 3008 et
1217 2954 1500 3013 Theoclem
1527 2956 1788 3021 furorem,
1816 2959 1909 3012 sed
1943 2969 1997 3012 et
2041 2958 2184 3011 Tha-

613 3039 837 3108 tnyridis
875 3042 1038 3110 (ignis
1091 3043 1144 3096 in
1199 3059 1402 3097 morem
1449 3048 1701 3112 accensa)
1748 3049 2178 3110 aemulationem,

608 3131 958 3199 exstinguens
1019 3131 1294 3186 t'abefecit.
1336 3135 1447 3204 lgni
1480 3137 1624 3187 enim
1659 3139 1867 3190 cmlesti
1923 3140 2176 3207 praeclara

613 3223 763 3290 virgo
800 3223 982 3276 animo
1017 3223 1262 3286 incensa,
1301 3228 1500 3279 terreni
1539 3228 1674 3296 ignis
1709 3230 1962 3282 virtutem
1980 3231 2187 3284 exstin-

613 3312 711 3362 xit.
731 3311 848 3374 Qua
877 3327 1006 3364 vero
1033 3313 1194 3365 etiam
1233 3315 1439 3369 ratione
1461 3316 1678 3370 leonum
1701 3333 1797 3370 ora
1823 3319 2182 3382 obstruxerit,

613 3415 791 3468 operte
816 3401 1048 3470 pretium
1091 3402 1162 3455 sit
1194 3412 1251 3454 ut
1287 3405 1589 3460 videamus.

681 3573 837 3640 Quod
899 3576 1042 3630 enim
1073 3576 1142 3630 ab
1189 3592 1255 3630 eo
1305 3579 1548 3646 periculo
1583 3579 1809 3652 liberata
1865 3580 2060 3646 fuerat,
2085 3581 2186 3635 .do-

615 3667 860 3723 mesticis
893 3669 1149 3722 omnibus
1186 3669 1365 3722 soluta
1432 3671 1700 3724 molestiis
1767 3687 1830 3725 ac
1859 3672 2058 3733 turbis,
2095 3689 2186 3727 ve-

616 3757 784 3826 stigio
817 3759 1136 3826 magistrum
1176 3762 1424 3828 sequitur
1456 3777 1605 3830 :quo
1659 3762 1880 3817 invento
1937 3765 1989 3816 in
2024 3774 2184 3820 terra:

613 3846 849 3915 quodam
888 3848 1160 3903 foramine
1197 3865 1293 3916 pro
1319 3850 1433 3919 ipsa
1471 3859 1685 3915 orante,
1726 3862 2061 3921 acceptoque
2086 3870 2180 3922 per

613 3939 788 4002 illum,
847 3941 991 4008 quod
1051 3948 1135 3994 est
1197 3943 1248 3994 in
1315 3943 1553 4007 Christo,
1589 3943 1895 4011 signaculo,
1954 3961 2078 3998 cum
2116 3961 2179 3998 eo

614 4038 805 4098 postea
865 4030 1210 4084 Antiochiam
1277 4032 1524 4086 intravit.
1586 4030 1834 4104 lngrcssa
1892 4045 2071 4089 autem
2125 4037 2178 4089 in

687 4205 731 4237 “
758 4203 924 4259 Exod.
959 4221 1046 4270 xv,
1080 4207 1165 4260 ll.
1242 4205 1287 4237 “
1319 4206 1450 4259 Dan.
1489 4222 1571 4273 ιιι,
1596 4207 1688 4262 2i.

2278 1858 2417 1911 ὥστε
2449 1858 2674 1918 πολλοὺς
2712 1857 2809 1924 μὲν
2839 1856 2954 1906 ἐκεῖ
2980 1849 3320 1904 κινδυνεῦσαι
3357 1865 3369 1877 ·
3399 1847 3458 1898 τὸ
3493 1843 3606 1910 πῦρ
3642 1842 3697 1893 δὲ
3728 1840 3844 1891 σεε-

2281 1954 2471 2022 σθῆναι
2493 1969 2507 1983 ο
2541 1952 2748 2004 Θέκλαν
2771 1950 2829 2001 δὲ
2863 1948 3118 2016 σωθῆναι.
3148 1943 3330 1996 Ταῦτα
3358 1943 3384 1994 ὁ
3415 1939 3522 1992 τῶν
3548 1937 3843 2005 ὑψωμάτων

2277 2045 2427 2107 Θεὸς,
2443 2046 2473 2096 ό
2490 2041 2834 2109 θαυμαστὸς
2853 2040 2922 2091 ἐν
2938 2036 3163 2100 δόξαις,
3180 2038 3212 2088 ὀ
3225 2033 3407 2086 ποιῶν
3419 2031 3653 2097 τέρατα.
3671 2027 3845 2079 Ταῦτα

2279 2136 2306 2184 ὁ
2329 2133 2425 2198 τὴν
2452 2130 2795 2183 Βαϐυλωνίαν
2829 2128 3057 2195 κάμινον
3092 2123 3530 2188 ἐκτιναξάμενος,
3566 2118 3660 2170 καὶ
3711 2118 3842 2183 τρεῖς

2279 2228 2337 2277 ὲν
2371 2225 2507 2294 αὐτῇ
2557 2221 2750 2281 παῖδας
2805 2217 3082 2286 ὑμνῳδοὺς
3143 2212 3614 2284 περισωσάμενος.
3659 2211 3847 2276 Ἔργον

2279 2314 2437 2368 τοῦτο
2458 2315 2553 2383 τῆς
2580 2310 2749 2378 αὐτῆς
2778 2309 2958 2380 χειρὸς
2995 2305 3207 2372 ἀληθῶς
3233 2321 3245 2335 ο
3273 2303 3590 2374 δροσοϐόλον
3614 2316 3670 2352 τε
3697 2298 3847 2365 κάμι·

2279 2423 2369 2460 νον
2386 2405 2685 2472 ἀποφῆναι,
2711 2403 2803 2453 καὶ
2840 2398 3100 2465 ἐξαπίνης
3139 2394 3343 2448 ἄνωθεν
3394 2393 3602 2459 ταύτην
3635 2387 3846 2441 ἐπικλὺ-

2284 2510 2373 2546 σαι
2402 2492 2477 2562 τῷ
2508 2490 2659 2545 ὕδατι
2699 2487 2794 2541 καὶ
2825 2484 3180 2538 κατασϐέσαι.

2355 2672 2525 2725 Τοῦτο
2559 2668 2772 2737 πρῶτον
2804 2661 2942 2718 εἶδεν
2974 2660 3203 2733 ήΘέκλα
3244 2654 3546 2725 Θαυμάσιον
3577 2651 3718 2720 ὑπὲρ
3766 2647 3847 2700 αὖ·

2281 2769 2378 2836 τῆς
2431 2761 2817 2833 γεγενημένον,
2900 2758 2992 2808 καὶ
3042 2757 3109 2822 τῇ
3169 2751 3349 2802 πίστει
3393 2747 3574 2799 πίστιν
3609 2783 3624 2804 ,
3673 2743 3846 2836 καὶτῇ

2282 2833 2375 2908 τοῦ
2432 2852 2566 2906 Θεοῦ
2609 2852 2796 2920 ἀγάπῃ
2848 2848 2946 2917 τὴν
3010 2845 3128 2898 καθ’
3185 2839 3490 2910 ὑπερϐολὴν
3519 2833 3848 2904 προσέθηκεν

2285 2947 2525 3015 ἀγάπην.
2587 2943 2758 2996 Τοῦτο
2807 2941 2868 2992 τὸ
2913 2939 3076 3006 ὓδωρ,
3125 2937 3183 2988 οὐ
3235 2933 3395 3003 μόνον
3423 2931 3484 2984 τὸ
3515 2929 3624 2997 πῦρ
3664 2928 3846 2983 έκεῖνο,

2286 3038 2421 3091 ἀλλὰ
2455 3037 2548 3088 καὶ
2578 3034 2863 3093 Θεοκλείας
2887 3033 2984 3098 τὴν
3012 3029 3206 3097 μανίαν
3233 3066 3246 3088 ,
3285 3023 3419 3076 ἀλλὰ
3474 3021 3568 3073 καὶ
3626 3016 3848 3085 Θαμύρι·

2235 3105 2252 3165 Ῐ
2284 3128 2371 3188 δος
2402 3125 2489 3177 τὸν
2525 3123 2707 3191 ζῆλον,
2736 3121 2810 3182 ὡς
2840 3119 2948 3186 πῦρ
2976 3115 3330 3183 ἐκκαιόμενοι,
3366 3111 3567 3163 σϐέσαν
3619 3105 3850 3173 κατεμά-

2292 3237 2470 3288 ραιιεν.
2511 3217 2648 3286 [lupi
2672 3216 2778 3283 γὰρ
2820 3212 3058 3280 οὐρανίῳ
3086 3209 3182 3278 τὴν
3217 3207 3446 3276 καρδίαν
3494 3208 3526 3273 ἡ
3566 3201 3850 3266 καλλιπάρ-

2284 3312 2435 3372 θενος,⁹
2486 3307 2851 3374 ἐκκαιομένη,
2903 3303 2994 3355 τοῦ
3043 3301 3151 3354 ἀπὸ
3203 3300 3304 3366 γῆς
3365 3296 3586 3352 ἔσϐεσεν
3639 3293 3850 3357 δύναμιν

2287 3402 2474 3470 πυρός.
2542 3399 2728 3458 Ὅπως
2781 3396 2836 3447 δὲ
2895 3391 2988 3445 καὶ
3037 3391 3263 3443 λεόντων
3299 3386 3564 3456 ἐνέφραξε
3595 3383 3844 3451 στόματα,

2288 3491 2439 3555 ἄξιον
2477 3490 2624 3542 ἰδεῖν.

2362 3580 2520 3634 Ἐπεὶ
2549 3580 2656 3647 γὰρ
2692 3578 2900 3652 ἐκείνου
2930 3573 3172 3644 ἐρῤύσθη
3201 3570 3295 3622 τοῦ
3327 3568 3597 3629 κινδύνου,
3648 3567 3848 3618 πάντων

2289 3671 2670 3738 ἀπαλλαγεῖσα
2701 3666 3044 3747 τῶνρῖκοθεν
3067 3663 3333 3733 ὀχληρῶν,
3368 3661 3487 3712 κατ’
3543 3660 3684 3728 ῐχνος
3731 3658 3846 3708 ἐδάι-

2280 3763 2392 3826 διζε
2427 3762 2521 3814 τοῦ
2555 3761 2880 3814 διδασκάλου
2919 3772 2932 3785 ’
2962 3758 3020 3810 ὃν
3052 3758 3108 3806 ὲν
3148 3757 3252 3824 ’5πῇ
3286 3771 3393 3805 τινι
3431 3752 3534 3820 γῆς
3561 3751 3672 3820 (64)
3718 3749 3844 3815 ὑπὲρ

2283 3855 2451 3923 αὐτῆς
2483 3852 2915 3922 προσευχόμενον
2945 3847 3327 3901 καταλαϐοῦσα
3355 3862 3367 3875 ·
3403 3844 3643 3897 λαϐοῦσα
3689 3842 3741 3894 δὲ
3789 3841 3830 3891 δι

2281 3945 2442 3998 αὐτοῦ
2469 3946 2566 4014 τὴν
2595 3947 2650 3998 ὲν
2676 3942 2895 4013 Χριστῷ
2931 3941 3220 4009 σφραγῖῖα,
3256 3937 3349 3989 σὺν
3371 3937 3520 4006 αὑτῷ
3558 3937 3695 4005 μετὰ
3724 3931 3842 3984 ταῦ-

2275 4055 2343 4091 τα
2382 4037 2480 4107 τὴν
2516 4038 2842 4106 Ἀντιόχειαν
2884 4032 3057 4103 εἰσῄει.
3117 4031 3254 4102 (65).
3290 4028 3550 4082 Εἱσιοῦσα
3606 4028 3684 4092 δὲ,
3732 4040 3845 4076 νεω-

661 4355 772 4426 (64)
790 4354 1019 4421 Ἐνόπῆ
1033 4371 1145 4407 τινι
1163 4356 1292 4421 γῆς.
1322 4354 1379 4407 1η
1398 4365 1546 4410 terra:
1564 4357 1786 4426 quodam
1802 4368 1973 4410 meatu
1986 4373 2048 4408 ac
2068 4357 2183 4426 [ora

2308 4357 2359 4410 in
2384 4357 2534 4412 Actis
2571 4355 2899 4426 Antiochiam
2941 4353 3158 4407 Pisidia?
3187 4353 3547 4426 legisser;sic
3570 4354 3710 4408 enim
3757 4352 3839 4405 ait.

621 4425 788 4488 mine;
828 4426 879 4475 in
909 4428 1156 4484 autro,in
1193 4425 1582 4491 specu.Basil.,
1604 4428 1706 4492 ἔξω
1731 4445 1832 4479 που
1869 4426 1962 4478 τοῦ
1996 4425 2194 4490 ἄστεος

618 4494 676 4545 ἔν
700 4511 808 4545 τινι
825 4493 1035 4561 τύμϐῳ.
1061 4493 1122 4544 In
1137 4495 1360 4562 quodam
1384 4497 1621 4561 sepulcro
1641 4507 1787 4548 extra
1818 4498 2016 4548 urbem.
2042 4495 2203 4547 Meta-

620 4566 768 4630 plir.,
789 4566 844 4614 ὲν
871 4562 1209 4633 μνημείῳ,ἰιι
1234 4575 1578 4617 munumento
1627 4567 1902 4631 additque,
1941 4566 2078 4616 κατὰ
2106 4565 2200 4633 τὴν

617 4632 734 4684 ὁδὸν
757 4633 870 4700 ,τὴν
917 4632 1024 4702 ano
1057 4632 1277 4684 Ἰκονίου
1309 4635 1386 4694 είς
1416 4635 1631 4699 Δάφνην
1693 4634 1960 4702 φέρουσαν
1985 4651 1997 4664 ’
2044 4632 2199 4701 juxta

621 4699 887 4770 viamqure
914 4699 1090 4772 Iconio
1119 4703 1281 4754 tendit
1313 4703 1379 4754 ad
1407 4703 1693 4772 Daphnem.
1730 4699 2077 4772 Prosequitur
2104 4705 2198 4756 Ni-

621 4779 769 4824 cctas
812 4771 1086 4838 accepisse
1103 4772 1197 4842 τὴν
1214 4776 1270 4824 ὲν
1291 4771 1508 4840 Χριστῷ
1525 4772 1816 4840 σφραγῖδα·
1855 4771 2103 4830 Basilius.
2140 4789 2197 4826 ro

622 4856 782 4908 gnsse
811 4842 1145 4908 utacciperet
1173 4860 1185 4894 :
1223 4842 1616 4909 Metuphrastvs
1635 4843 1945 4903 obscurius,
1967 4842 2198 4896 Patienti

625 4911 894 4962 animosis
924 4921 1145 4977 oportet.
1181 4921 1229 4964 et
1283 4910 1420 4962 illud
1451 4913 1645 4962 donum
1681 4911 1751 4962 ad
1795 4920 1844 4963 te
1902 4914 2197 4978 perveniet;

623 4980 779 5051 quasi
819 4979 982 5032 dilata
1015 4979 1195 5051 fuerit,
1231 4997 1335 5032 non
1373 4991 1507 5032 tunc
1541 4981 1747 5033 Christi
1788 4981 2069 5051 signaculo
2104 4983 2190 5036 in-

627 5049 824 5116 signita
859 5065 872 5112 ;
899 5050 1042 5119 quod
1073 5066 1285 5103 sacrum
1314 5053 1581 5118 baptisma
1610 5051 1802 5103 merito
1825 5049 2188 5119 tittelligatur:

627 5133 797 5186 eoque
829 5127 960 5172 tunc
989 5118 1198 5170 initiata
1231 5121 1300 5168 sit
1345 5135 1430 5186 per
1483 5136 1602 5172 eam
1640 5118 2041 5185 remissionem,
2070 5136 2192 5176 cmn

628 5189 713 5239 vix
745 5198 869 5241 ante
901 5189 1165 5241 licuisset.
1192 5187 1493 5240 Obscurius
1533 5199 1707 5242 tamen
1766 5191 2005 5242 locutum
2050 5201 2192 5244 vete-

627 5271 738 5309 rem
763 5269 1049 5320 auctorem,
1067 5255 1262 5309 fatetur
1278 5256 1525 5327 Basilius,
1555 5270 1608 5312 ut
1633 5260 1716 5311 vix
1733 5262 1857 5313 sciri
1879 5260 2048 5327 possit
2066 5261 2191 5327 quid

628 5342 721 5392 per
747 5327 1014 5393 σφραγῖδα
1042 5326 1372 5378 intellexerit
1405 5345 1416 5380 :
1453 5329 1786 5384 intellexisse
1826 5326 2031 5395 aliquid
2059 5326 2191 5396 prte-

627 5396 770 5468 vium
811 5396 1167 5468 haptismopet
1217 5397 1702 5465 consignationem,
1752 5415 1857 5468 qtta
1927 5401 2078 5466 quasi
2139 5401 2188 5452 in

627 5465 752 5514 albo
780 5464 1199 5540 competentiutn
1227 5464 1539 5540 poneretur,
1576 5480 1636 5540 ut
1682 5464 1876 5540 deinde
1931 5464 2190 5540 sequere-

630 5541 717 5606 t_ur
779 5531 1064 5606 intinctio,
1135 5541 1188 5586 et
1211 5531 1304 5606 Sco
1364 5536 1506 5589 θεῖον
1574 5538 1826 5606 λουτρόν,
1872 5531 2025 5590 lllilli‘
2057 5538 2189 5593 satis

627 5601 850 5668 durum,
885 5602 984 5652 etsi
1020 5609 1168 5668 putat
1210 5602 1470 5659 Pantinus
1507 5601 1775 5659 indicasse
1804 5607 2078 5661 Brisilitun.

702 5667 812 5736 (65)
849 5669 963 5737 Τὴν
1001 5667 1360 5742 Ἀντιόχειαν
1376 5677 1584 5741 εἰσῄει.
1641 5676 1851 5729 l’utavit
1883 5678 2075 5731 Baron.
2125 5694 2187 5732 sc

2307 4426 2438 4481 Cant
2470 4429 2605 4480 enim
2634 4428 2684 4478 in
2716 4425 2895 4477 iisdem
2957 4426 3100 4477 Actis
3155 4424 3288 4475 illud
3344 4425 3500 4476 etiam
3565 4435 3837 4477 enarratur.

2301 4509 2539 4549 sanctam
2580 4495 2822 4548 Theclam
2860 4512 2890 4546 a
2934 4495 3204 4546 tormentis
3244 4494 3484 4555 liberam,
3519 4495 3660 4547 cer-hi
3716 4494 3840 4557 cupi—

2302 4568 2450 4629 dam,
2490 4566 2732 4634 magistri
2778 4565 3008 4623 avidam,
3073 4565 3410 4616 Antiochiam
3475 4564 3711 4626 Pisidiae,
3757 4579 3840 4630 quo

2301 4646 2540 4688 sanctum
2586 4635 2814 4687 Paulum
2866 4635 3155 4700 profectum
3203 4635 3470 4696 audierat,
3534 4636 3835 4686 adventasse.

2302 4705 2412 4771 Ego
2441 4717 2616 4758 tamen
2650 4707 2702 4758 in
2747 4705 2909 4756 nullis
2930 4704 3182 4772 invenio,
3213 4716 3571 4772 praaterquam
3601 4705 3652 4754 in
3678 4701 3836 4754 Sirlcti

2305 4775 2624 4844 Menologio.
2661 4776 2747 4826 ubi
2775 4787 2878 4836 est,
2915 4771 3144 4824 Paulum
3178 4784 3386 4826 secutus
3421 4785 3498 4844 est
3556 4787 3712 4844 usque
3748 4772 3838 4844 ᾼνι-

2299 4841 2550 4898 tiochiam
2586 4844 2800 4898 Pisidia
2830 4861 2854 4896 ε
2879 4858 2943 4896 ex
2977 4858 3086 4908 quo
3133 4845 3294 4894 etiam
3362 4843 3549 4894 habuit
3583 4841 3835 4899 Duronius,

2297 4917 2387 4979 t|ni
2424 4916 2534 4969 fere
2566 4931 2731 4966 unum
2768 4914 2896 4965 illud
2933 4911 3358 4980 Menologiorum
3419 4911 3684 4975 meminit,
3721 4920 3835 4961 utet

2298 4983 2462 5040 llcur.
2495 4985 2677 5038 Canis.
2711 4983 3022 5035 observavit
3059 4999 3071 5034 :
3110 4981 3336 5042 idcirco,
3406 4989 3554 5047 puto.
3585 4983 3720 5048 quod
3749 4980 3835 5030 alia

2297 5053 2486 5108 Latine
2512 5053 2720 5106 reddita
2765 5067 2870 5104 non
2934 5052 3143 5104 habuit.
3188 5050 3252 5101 At
3284 5050 3521 5103 Basilius
3589 5060 3758 5116 aperte
3796 5050 3834 5099 i.|

2294 5125 2516 5191 excipit,
2549 5124 2668 5185 etsi,
2699 5123 2896 5190 inquit,
2930 5120 3126 5191 Pisida:
3177 5120 3254 5171 ita
3283 5120 3465 5191 velint.
3488 5119 3698 5174 Nic-etas
3725 5136 3836 5191 quu-

2294 5187 2486 5258 que'et
2519 5187 2928 5256 Metaphricum
2984 5189 3353 5242 Alexandrum
3408 5187 3621 5242 Thecla:
3676 5189 3834 5241 Antio—

2294 5263 2427 5313 chiae
2456 5276 2678 5328 procum
2720 5263 2924 5314 diserte
2947 5259 3219 5311 hominem
3273 5258 3468 5326 Syrum
3511 5258 3749 5320 doceant,
3785 5272 3833 5308 ac

2293 5332 2534 5382 civitatis
2568 5330 2679 5382 fere
2721 5331 3042 5398 principem,
3068 5329 3240 5394 ipsam
3288 5328 3455 5398 Syria:
3499 5341 3834 5398 magnamque

2291 5400 2634 5451 Antiochiam
2688 5395 2952 5452 indicant.
2990 5395 3348 5466 Hieronymus
3379 5398 3444 5450 ad
3485 5395 3746 5450 Oceanum
3772 5395 3832 5447 illi

2293 5471 2494 5521 relatus
2526 5468 2681 5521 aliter
2709 5470 2966 5534 loquitur,
3006 5466 3199 5518 Thecla
3227 5478 3343 5534 post
3377 5470 3706 5521 lentationem
3728 5482 3832 5533 pas-

2290 5541 2453 5592 sionis
2487 5539 2801 5606 Antiochia),
2823 5554 2851 5587 a
2877 5536 3044 5588 Paulo
3076 5537 3377 5605 prohibetur
3395 5539 3593 5604 pariter
3621 5547 3832 5606 pergere;

2289 5625 2408 5676 quae
2432 5619 2577 5662 certe
2599 5603 2724 5661 toto
2753 5607 2894 5676 cmlo
2921 5603 3124 5659 distant
3155 5609 3221 5660 ab
3255 5609 3364 5659 illis
3396 5603 3636 5659 Barouii.
3662 5603 3831 5670 Nempe

2292 5675 2462 5733 ivcrat
2489 5678 2692 5731 Thecla
2728 5693 2848 5732 cum
2883 5675 3052 5730 l’aulo
3087 5676 3454 5740 Antiochiam,
3512 5676 3691 5744 ibique
3737 5685 3830 5727 tcu-
