3922 6314
41 375 131 435 3'2l

912 375 1191 435 ORATIO
1228 374 1382 433 XVI.
1426 399 1486 408 -
1521 371 1599 430 ΙΝ
1643 374 1947 432 LAUDEM
1980 375 2039 433 S.
2081 376 2414 438 TIIECLIE.

3155 383 3261 444 322

39 493 173 558 τέρῳ
188 489 297 542 τινὶ
319 486 512 552 δέοντι,
537 490 626 542 καί
651 487 742 539 τοῦ
767 487 1012 556 σώματος
1029 486 1126 553 τὴν
1140 485 1320 554 ἀκμὴν
1342 484 1613 556 σερριγῶν-

1713 492 2034 538 testuantcm
2073 488 2357 554 quemdam
2385 492 2660 556 juvenem,
2693 498 2992 560 vegetoque
3035 507 3261 563 corpore

39 581 435 649 τιπεριπίπτει.
458 581 512 633 ’0
535 579 588 632 δὲ
609 575 674 649 ἦν
700 579 867 646 Σύρος
893 578 987 646 μὲν
1011 577 1094 646 τῷ
1109 578 1274 644 γένει,
1291 574 1608 645 Ἀντιοχέων

39 673 91 723 δὲ
117 669 366 743 πρῶτοςή
391 669 738 738 Ἀλέξανδρος
760 669 815 720 δὲ
829 667 1064 736 τοῦνομα
1090 684 1102 695 ·
1132 659 1283 728 οὗτος
1307 665 1373 718 δι’
1406 667 1606 735 ὀφθαλο

45 758 153 828 μῶν
169 759 426 822 ἑαλωκὼς
457 760 552 828 τῆς
583 759 769 826 κόρης,
803 756 897 808 καὶ
923 756 1039 818 ὅλος
1060 756 1152 808 τοῦ
1168 757 1363 824 ἔρωτος
1387 756 1608 825 γενόμεσ-

41 867 122 911 νος
166 849 243 918 (δε
254 850 338 914 ινὴ
366 851 472 919 γὰρ
488 850 622 900 νέων
643 847 763 915 ὄψις
779 846 1090 910 ἀκόλαστος,
1109 845 1169 897 τὸ
1191 846 1498 915 προσπεσὸν
1522 845 1608 897 αὑ-

39 941 96 1006 τῇ
113 938 304 1000 κάλλος
334 935 444 991 οἷόν
473 955 524 990 τι
547 937 711 1004 γλυκε
721 936 957 1006 ρώτατον
989 935 1138 1004 βέλος
1152 940 1262 998 τοῖς
1278 935 1495 1005 βάθεσιν
1513 938 1605 1002 ὲγ-

40 1031 403 1098 κατασπεῖραι
425 1029 524 1095 τῆς
563 1027 832 1096 καρδίας),
879 1027 1091 1097 πρῶτον
1143 1027 1239 1095 μὲν
1299 1026 1604 1096 ὲξελιπᾶρει

39 1120 258 1181 Παῦλον,
296 1119 464 1188 μυρία
487 1118 654 1188 δῶρα,
695 1117 763 1171 τὰ
795 1119 894 1189 μὲν
921 1119 1126 1184 ζαὺτίκα
1176 1119 1371 1183 διδοὺς,
1424 1118 1492 1170 τὰ
1547 1118 1630 1195 δὲ.

38 1211 521 1279 ἐπαγγελλόμενος,
564 1210 618 1262 ετ
670 1226 734 1278 γε
793 1210 966 1280 τούτῳ
1018 1211 1264 1278 γαμετὴν
1316 1209 1602 1279 ἐπιτρέψαι

37 1303 230 1354 λαϐεῖν.
263 1301 372 1353 Τδν
397 1301 477 1366 δὲ,
513 1301 783 1372 μηδεμίαν
813 1300 957 1369 ἔχειν
1004 1301 1083 1361 είς
1131 1299 1299 1367 αὐτὴν
1355 1298 1603 1361 ἐξουσίαν

37 1389 429 1457 ἀποκρίνασθαι
454 1406 468 1422 ·
517 1389 677 1444 ἄλλου
711 1390 820 1460 γᾲρ
863 1385 1022 1453 εἶναι,
1060 1390 1154 1441 καὶ
1212 1388 1354 1456 ἄλλῳ
1403 1387 1603 1456 καθηρ-

41 1479 249 1548 μόσθαι.

99 1569 159 1620 Τί
186 1568 280 1621 οὖν
303 1571 330 1621 ὁ
351 1569 601 1632 νεανίας;
631 1568 920 1621 Δύσοιστον
948 1569 1056 1638 γὰρ
1083 1567 1110 1619 ό
1144 1565 1282 1636 ἔρως
1312 1581 1326 1594 ο
1353 1566 1601 1634 νεότητος

39 1661 101 1723 δὲ,
125 1663 216 1713 καὶ
243 1661 416 1730 τύφου
447 1660 542 1713 καὶ
571 1660 824 1730 ποικίλης
865 1660 1072 1729 τρυφῆς
1104 1656 1395 1726 ἐπιτυχὼν,
1455 1657 1601 1723 γίνε-

39 1769 114 1802 ται
148 1750 494 1820 ἀνύποιστος.
541 1750 710 1820 Ὥραν
760 1745 871 1814 οὖν,
919 1750 996 1808 ὡς
1057 1747 1330 1817 ἐνόμιζεν,
1384 1747 1600 1799 εὔθετον

38 1840 461 1910 ὲπιτετηρηκὼς,
512 1842 672 1903 αὐτὸς
707 1840 844 1911 αὐτῇ
898 1841 955 1905 έν
1012 1839 1239 1908 ἀμφόδῳ
1277 1838 1384 1891 τινὶ
1440 1855 1600 1906 περι·
1635 1873 1676 1926 Β

39 1934 312 1986 επλέκετο.
371 1933 588 2002 Ἐκείνη
642 1931 701 1984 δὲ
747 1931 830 1997 τί;
868 1931 1089 2001 Πρῶτον
1143 1931 1239 1998 μὲν
1265 1932 1378 1993 τοῖς
1425 1930 1604 1997 λόγοις

38 2022 377 2093 ἁπημύνετο,
409 2024 506 2075 καὶ
537 2023 635 2092 τὴν
661 2024 928 2095 ἀκρασίαν
955 2021 1048 2075 τοῦ
1075 2022 1216 2084 νέου,
1245 2021 1338 2074 καὶ
1362 2022 1459 2090 τὴν
1483 2021 1612 2073 ἀκό-

41 2118 217 2166 λαστον
242 2114 552 2183 ἀνεχαίτιζε
594 2107 916 2183 προσϐολὴν,
949 2111 1044 2179 Μὴ
1085 2112 1319 2179 βιάζου,
1352 2112 1608 2179 λέγουσα,

40 2205 139 2273 τὴν
169 2204 362 2271 ξένην
394 2220 406 2235 ·
424 2205 511 2273 μὴ
544 2205 913 2268 ἀπαιδεύτως
945 2203 1269 2257 ἐπιτίθεσο.
1303 2203 1605 2257 ’Ῑκονιέων

39 2299 138 2365 εἰμὶ
165 2297 392 2364 πρώτη,
417 2297 516 2349 καὶ
552 2296 886 2366 γαμηθῆναι
909 2295 988 2359 τῷ
1014 2283 1219 2362 πρώτῳ
1248 2281 1355 2363 τῆς
1380 2295 1610 2360 πόλεως

40 2393 98 2441 οὺ
107 2389 480 2457 βουλομένη,
502 2387 617 2442 τῶν⁹
637 2389 868 2441 οἰκείων
884 2388 1184 2454 ἀπῶσμαι·
1203 2387 1340 2440 ἀλλ’
1353 2387 1614 2452 (indum-

43 2486 107 2542 tit,
137 2480 432 2546 ἄνθρωπε.
466 2479 612 2532 Θεοῦ
635 2480 901 2546 ὑψίστου
955 2479 1143 2543 δούλη
1197 2479 1317 2546 ειμί
1342 2492 1354 2506 ·
1383 2475 1613 2543 Χριστῷ

43 2573 432 2639 tarem-tingat
467 2569 670 2636 Ἰησοῦ
696 2584 710 2599 ·
745 2566 971 2636 Χριστῷ
995 2559 1466 2646 μεμνήστευμαι.
1517 2566 1611 2632 Μὴ

44 2665 131 2714 ire
135 2667 262 2730 κλει
287 2663 623 2731 τοιγαροῦν.
640 2661 734 2728 Μὴ
752 2659 931 2730 πειρῶ
953 2661 1142 2728 θίγειν.
1154 2661 1256 2716 τοῦ
1270 2659 1365 2712 σοὶ
1377 2659 1460 2727 μὴ
1475 2661 1612 2711 κοθ-

43 2756 302 2819 ήιιοντος.
327 2755 422 2821 Μὴ
444 2752 623 2822 πειρῶ
643 2755 862 2822 ψαύειν
876 2753 1194 2821 άψαύστου
1211 2750 1503 2819 σώματος,
1526 2750 1608 2818 μή

47 2846 175 2898 ποτέ
191 2862 291 2898 σοι
321 2845 714 2912 μεταμελήσῃ
736 2843 842 2910 τῆς
861 2842 1143 2908 ἀναιδοῦς
1166 2834 1609 2910 ἐπιχειρήσάος.

48 2938 178 3006 Καὶὴ
202 2935 303 3005 μὲν
318 2936 512 2988 ταῦτα.
533 2935 590 2987 '0
601 2935 657 2987 δὲ
673 2935 848 3003 εἴχετο
874 2952 967 2986 κατ
977 2935 1231 3002 ακράτος.
1249 2934 1312 2985 Ἦ
1332 2931 1387 2983 δὲ
1404 2931 1611 2998 τδνίη-

50 3027 159 3077 σοῦν
189 3026 661 3095 ἐπικαλεσαμένη,
691 3024 998 3093 περισχίςει
1029 3024 1124 3091 μὲν
1159 3021 1304 3090 αὑτῷ
1339 3021 1435 3091 τὴν
1479 3015 1610 3090 χλα-

53 3120 174 3186 μύδα
203 3135 218 3151 ·
255 3118 534 3181 ἀκοντίζει
561 3117 618 3169 δὲ
653 3116 857 3189 καὶιτὸν
882 3116 1142 3182 στέφανον
1172 3114 1277 3166 ἀπὸ
1309 3112 1408 3180 τῆς
1435 3127 1610 3180 κεφα·

1713 576 2097 639 luxuriantem,
2122 577 2328 631 incidit.
2361 578 2487 633 Erat
2511 581 2578 644 is,
2615 581 2785 653 Syrus
2817 598 3039 652 genere,
3071 585 3261 636 Antio-

1653 711 1662 720 κ
1708 665 2004 719 chenorum
2045 667 2277 734 primus,
2334 665 2639 725 Alexander
2663 665 2902 727 nemine.
2938 672 3035 726 Hic
3070 674 3262 742 puellae

1705 763 1900 824 captus
1957 756 2152 821 oculis,
2186 765 2440 826 totusque
2491 776 2674 817 amore
2725 763 2984 818 incensus
3029 753 3264 831 (validus

1705 849 1849 900 enim
1905 848 2216 916 impudicus
2245 850 2504 919 juvenum
2559 862 2831 922 aspectus,
2884 863 2942 908 ut
2993 855 3261 924 obiectam

1709 938 2194 1003 pulchritudinem.
2233 939 2380 994 velut
2412 939 2785 996 dulcissimum
2835 944 3108 1014 quoddam
3145 944 3260 1013 spi-

1703 1029 1884 1082 culum
1905 1029 2026 1083 imis
2049 1031 2236 1098 inligat
2260 1032 2438 1086 cordis
2463 1033 2874 1102 penetralibus),
2895 1035 3127 1103 primum
3151 1035 3263 1104 qui-

1702 1118 1823 1172 dem
1854 1117 2080 1172 Paulum
2125 1121 2435 1187 obsecrare,
2472 1137 2576 1190 qua
2610 1124 2788 1177 statim
2818 1126 3100 1180 innumera
3125 1140 3263 1194 prae-

1700 1211 1834 1266 bens
1890 1227 2138 1276 munera,
2181 1227 2284 1281 qua
2324 1221 2377 1268 et
2443 1213 2574 1268 dare
2603 1215 2895 1283 pollicitus.
2956 1216 2999 1270 si
3029 1217 3189 1269 modo
3214 1216 3262 1268 ei

1699 1303 1987 1371 conjugem
2025 1301 2281 1357 Theclam
2315 1305 2672 1373 permitteret.
2731 1306 2809 1359 Ad
2841 1321 3000 1374 quem
3042 1305 3264 1369 Paulus,

1700 1393 1818 1460 ejus
1850 1395 1950 1448 sibi
2000 1396 2204 1449 nullam
2238 1411 2362 1451 esse
2400 1403 2751 1465 potestatem;
2790 1397 2855 1450 ad
2888 1398 3053 1450 alium
3107 1412 3265 1467 spec-

1702 1493 1834 1547 tare,
1862 1496 2021 1554 atque
2051 1488 2139 1540 alii
2169 1487 2558 1557 desponsatam
2591 1502 2736 1541 esse.

1770 1560 2110 1645 Quid'igitur
2164 1578 2421 1646 juvenis?
2482 1577 2573 1631 Est
2629 1578 2774 1632 enim
2825 1591 2979 1631 amor
3011 1592 3098 1631 res
3125 1592 3268 1648 aegre

1701 1664 1994 1718 tolerabilis
2017 1684 2030 1730 ;
2057 1668 2143 1719 ubi
2166 1683 2290 1721 vero
2314 1667 2650 1735 juventutcm
2690 1675 2742 1720 et
2769 1667 3079 1742 superbiam
3106 1669 3269 1721 varii-

1699 1769 1807 1821 que
1861 1756 2073 1823 generis
2119 1757 2345 1832 delicias
2400 1767 2589 1812 nactus
2651 1756 2830 1824 fuerit,
2893 1758 3266 1813 intolerabilis.

1701 1845 1995 1900 Observata
2056 1847 2238 1916 igitur,
2293 1855 2348 1900 ut
2378 1849 2743 1914 existimabat,
2777 1855 3077 1918 opportuna
3131 1858 3270 1903 tem-

1709 1937 1854 2004 poris
1913 1939 2069 2005 hora,
2101 1939 2155 1992 in
2188 1941 2423 2008 compito
2450 1941 2686 2008 quodam
2720 1940 2837 2009 ipse
2867 1941 2940 1993 illi
2977 1939 3267 2012 congredi-

1708 2037 1815 2081 tur.
1872 2030 2008 2094 Quid
2070 2044 2197 2083 vcro
2252 2031 2386 2082 illa?
2436 2032 2676 2084 Primum
2726 2031 2940 2100 quidem
3000 2046 3069 2084 se.
3092 2031 3268 2085 verbis

1709 2126 1913 2181 tuetur,
1947 2129 2110 2188 atque
2162 2121 2608 2189 intemperantem
2639 2121 3004 2190 lascivamque
3034 2123 3265 2176 retundit

1705 2208 1921 2276 juvenis
1969 2211 2278 2264 audaciam.
2317 2210 2397 2263 Ne
2430 2213 2555 2276 vim,
2588 2212 2785 2279 inquit,
2816 2213 3034 2280 hospita:
3063 2204 3266 2280 feceris.

1713 2298 1795 2352 Ne
1863 2314 2094 2363 proterve
2154 2301 2423 2355 insilieris.
2489 2301 2846 2357 Iconiensium
2909 2304 3078 2370 prima
3130 2319 3268 2365 sum,

1709 2391 1943 2459 quodque
1999 2391 2190 2444 nollem
2246 2393 2403 2458 primi
2453 2394 2678 2446 civitatis
2734 2394 2928 2462 nuptiis
2984 2395 3270 2462 implicari.

1710 2481 1864 2533 domo
1911 2482 2128 2547 expulsa
2180 2498 2316 2535 sum.
2377 2481 2572 2535 Verum
2625 2484 2862 2548 abscede,
2919 2485 3069 2538 homo
3103 2501 3122 2538 :
3173 2484 3272 2537 Ι)ρὲ

1712 2572 1958 2624 altissimi
2021 2573 2217 2625 ancilla
2292 2589 2439 2637 sum;
2501 2573 2710 2627 Christo
2789 2576 3044 2628 obstricta
3110 2591 3270 2642 sum;

1710 2660 1916 2715 Christo
1947 2678 2061 2714 sum
2096 2663 2430 2730 desponsata.
2473 2663 2553 2717 Ne
2588 2667 2766 2734 itaque
2798 2665 3095 2718 molestiam
3129 2667 3269 2734 [cce-

1711 2753 1802 2804 ris.
1841 2750 1920 2804 Ne
1954 2762 2113 2806 tentes
2139 2755 2414 2824 attingere,
2452 2755 2588 2821 quod
2615 2756 2694 2817 ad,
2715 2765 2762 2808 te
2797 2771 2897 2807 non
2934 2757 3140 2808 attinet.
3188 2753 3272 2808 Ne

1711 2844 2168 2911 intactumcorpus
2196 2848 2400 2896 coneris
2433 2847 2748 2913 contingere,
2777 2862 2837 2897 ne
2876 2856 2924 2897 te
2958 2845 3095 2913 forte
3119 2856 3274 2899 teme-

1713 2936 1870 2986 rariis
1912 2935 2260 3003 aggressionis
2280 2937 2548 3000 poeniteat.
2574 2937 2748 3003 Atque
2775 2937 2887 2989 haec
2917 2937 3130 3005 quidem
3148 2938 3271 2992 illa:

1713 3022 1760 3076 is
1817 3040 1945 3077 vero
1982 3025 2110 3078 tutis
2172 3026 2378 3079 viribus
2417 3026 2675 3079 instabat.
2711 3026 2846 3079 Tum
2887 3029 3054 3096 virgo,
3089 3026 3274 3082 Jesunt

1714 3112 1994 3171 invocans.
2036 3115 2182 3166 illius
2221 3114 2478 3168 discindit
2504 3116 2864 3185 chlamydem,
2894 3133 3070 3186 etque
3095 3118 3274 3186 Capite

51 3211 133 3280 λῆς
160 3228 173 3240 ·
209 3210 564 3263 ὑπεκδύνασα
593 3209 649 3261 δὲ
669 3208 778 3260 τῶν
811 3207 1010 3278 χειρῶν
1037 3208 1134 3269 τὰς
1163 3206 1353 3266 λαϐὰς.
1395 3205 1606 3271 ἀφῆκεν

1711 3221 1966 3258 coronam
2025 3207 2250 3268 excutit,
2279 3222 2446 3275 seque
2482 3207 2718 3260 tenentis
2777 3210 3027 3262 manibus
3059 3210 3270 3263 subdu-

50 3302 194 3353 αὑτὸν
217 3303 296 3363 εἰς
323 3301 432 3370 γῆν
462 3298 818 3367 ἀπωσαμένη.
891 3297 947 3349 Ὁ
977 3297 1031 3347 δὲ
1071 3295 1169 3365 τὴν
1216 3295 1475 3363 αἰσχύνην
1523 3293 1601 3362 τῷ

54 3393 236 3462 φίλτρῳ
280 3390 680 3461 κερασάμενος,
742 3390 834 3441 καὶ
884 3387 1095 3457 βαρέως
1159 3383 1470 3453 ἐζηλωκὼς,
1525 3382 1603 3452 τῷ

55 3484 260 3553 ἡγεμόνι
279 3483 384 3552 τῆς
422 3482 628 3542 πόλεως
655 3479 939 3548 ἐμφανίζει
965 3479 1081 3530 κατ’
1110 3477 1298 3545 αὐτῆς.
1358 3477 1604 3544 Ἐρωτω-

58 3573 203 3642 μένης
223 3573 301 3637 δὲ,
337 3573 432 3624 καὶ
493 3563 857 3640 ὁμολογούσης
894 3569 1034 3621 οὕτω
1081 3566 1414 3636 δεδρακέναι,
1473 3581 1603 3617 κατ-

56 3669 214 3736 έκρινε
239 3664 453 3736 Θηρίοις
482 3662 836 3731 παραϐαλεῖν.
1122 3698 1124 3700 -
1247 3652 1252 3656 ”

1291 3765 1314 3800 \

115 3844 199 3905 Τίς
225 3843 328 3894 οὐκ
358 3839 681 3903 ὲπεστέναξε
709 3841 822 3900 τοῖς
845 3839 1216 3909 κεκριμένοιςς
1264 3837 1358 3898 Τίς
1388 3835 1464 3906 τῷ
1511 3835 1607 3889 ἀν-

57 3936 166 4003 οσίῳ
199 3935 295 4004 τῆς
318 3934 555 3999 κρίσεως
585 3933 684 3984 οὐκ
708 3929 1442 3998 ἐπεστύγνατενςςἊνδρες,
1505 3945 1599 3994 γυ-

60 4030 239 4091 ναῖκες,
274 4029 370 4077 καὶ
396 4021 727 4075 πολῖταικαὶ
766 4020 922 4085 ξέκοι,
957 4021 1169 4073 ἀδικίαν
1206 4017 1344 4072 εἷναι
1373 4020 1432 4072 τὸ
1479 4019 1607 4089 ape-

64 4133 198 4182 μενον
231 4116 402 4167 ἐϐόων
440 4130 452 4141 ⁸
493 4114 658 4182 βίαιον
688 4113 748 4164 τὸ
774 4113 949 4180 δόγμα
983 4129 995 4142 ·
1027 4111 1344 4182 τυραννικὸν
1398 4111 1458 4162 τὸ
1510 4114 1602 4179 ἐγ-

62 4206 274 4273 χείρημα
302 4222 315 4234 ·
349 4205 628 4274 βιάζεσθαι
664 4203 949 4270 παρθένον,
982 4201 1270 4254 καὶταῦτα
1304 4202 1479 4269 ξένην,
1513 4203 1603 4263 καὶ

65 4297 208 4350 ταῦτα
223 4298 330 4349 τῶν
356 4294 652 4362 ἐπιφανῶν,
677 4292 953 4362 καὶταῦτα
979 4291 1085 4344 τῶν
1115 4291 1257 4344 [δίων
1284 4291 1433 4342 τοῦδε
1465 4291 1604 4342 εἵνε-

66 4405 143 4438 κεν
159 4359 541 4456 δεδιωγμένην.
560 4384 695 4438 Ἀλλ’
723 4359 923 4454 ὃμωςιό
957 4382 1300 4452 μακρόθυμος
1324 4381 1562 4450 ἠνείχετο
1585 4397 1597 4412 ·

68 4485 144 4534 καὶ
167 4485 262 4536 ὅσα
284 4485 422 4552 πρὸς
447 4483 605 4546 δόξαν
649 4479 882 4541 οἰκείων,
933 4475 1216 4546 πόρρωθεν
1271 4476 1603 4543 προητοιμάι

1706 3312 1856 3360 cens,
1895 3296 2017 3350 forti
2074 3297 2288 3366 repulsa
2317 3300 2434 3352 solo
2485 3307 2713 3353 stratum
2754 3299 3032 3366 relinquit.
3065 3300 3133 3351 At
3184 3300 3274 3353 ille

1702 3389 1960 3455 probrum
2009 3389 2206 3456 pbiltro
2263 3390 2646 3451 comrniscens,
2699 3391 2958 3458 gravique
3034 3392 3272 3458 percitus

1659 3478 2060 3534 "aemulatione
2099 3492 2215 3530 eam
2245 3485 2468 3530 accusat
2496 3477 2647 3531 urbis
2701 3478 2940 3546 praesidi.
2974 3478 3274 3547 Interroga-

1707 3576 1813 3619 tam
1848 3581 1995 3630 vero,
2031 3583 2092 3622 ac
2125 3584 2247 3621 cum
2280 3569 2359 3621 sic
2394 3567 2593 3623 fecisse
2620 3568 2898 3630 fateretur,
2935 3569 3126 3624 bestiis
3169 3569 3272 3622 ob—
3307 3607 3316 3615 κ

1702 3659 1993 3727 jn-ien'dam
2048 3661 2152 3711 lata
2212 3659 2265 3712 in
2325 3674 2444 3724 eam
2522 3661 2791 3714 sententia
2845 3662 3272 3729 pressesdecer-

1708 3752 1812 3803 nit.
1865 3768 1870 3774 '
2550 3747 2551 3750 “

1779 3842 1909 3907 Quis
1969 3859 2075 3895 non
2136 3844 2212 3895 rei
2293 3843 2547 3911 iudicatae
2595 3831 2912 3921 indignitate
2974 3843 3275 3912 ingemuit?

1705 3933 1838 3996 Quis
1871 3948 1974 3984 non
2008 3933 2294 3985 scelestum
2320 3933 2585 3999 judicium
2622 3933 2750 3986 illud
2783 3948 2923 4002 aegre
2946 3933 3110 3986 tulit?
3141 3931 3274 3998 Viri,

1705 4024 1976 4084 mulieres,
2012 4023 2155 4076 cives
2185 4025 2382 4089 pariter
2408 4033 2569 4091 atque
2593 4018 2851 4093 Hospites,
2886 4024 3129 4092 iniquum
3153 4038 3275 4078 esse

1712 4112 1856 4181 quod
1899 4114 2210 4182 gerebatur,
2244 4105 2689 4179 conclamarunt;
2745 4113 3037 4165 violentum
3084 4111 3277 4165 decre-

1706 4199 1839 4270 tum,
1868 4209 2200 4277 tyranuicam
2238 4208 2630 4275 aggressionem
2661 4225 2673 4261 :
2715 4208 2821 4260 vim
2852 4206 3033 4260 inferri
3055 4207 3275 4276 virgini,

1707 4297 1868 4364 idque
1922 4297 2152 4364 hospitze
2184 4298 2345 4366 idque
2385 4279 2580 4351 illustri
2614 4299 2779 4364 stirpe
2808 4307 2967 4363 satae;
3002 4299 3159 4364 idque
3182 4297 3277 4350 de-

1704 4401 1848 4438 mum
1886 4401 1945 4438 ea
1967 4388 2032 4438 de
2053 4401 2214 4439 causa
2237 4387 2402 4453 patria
2421 4386 2623 4454 ejectae.
2644 4385 2840 4440 Verum
2862 4389 3161 4466 sustinebat
3179 4388 3271 4454 qui

1703 4476 1876 4544 longae
1907 4476 2172 4545 patientia:
2202 4485 2306 4539 est,
2335 4487 2649 4546 quantaque
2694 4477 2760 4530 ad
2799 4493 3021 4532 suorum
3045 4478 3271 4546 gloriam

70 4577 169 4636 ζετο
191 4595 202 4608 ·
231 4578 322 4628 καὶ
350 4577 384 4644 ἡ
414 4574 678 4645 παρθένος
707 4573 766 4625 οὑ
812 4570 1094 4639 καθυφῆκε
1154 4567 1229 4636 τῷ
1291 4566 1564 4636 προσώπῳ
1587 4583 1600 4597 ι

1712 4578 1914 4631 essent,
1946 4570 2131 4636 procul
2157 4569 2478 4623 instruebat.
2504 4570 2580 4621 Ac
2615 4571 2764 4638 virgo
2795 4585 2900 4622 non
2936 4569 3084 4621 vultu
3140 4585 3274 4622 con-

69 4670 115 4718 οὑ
135 4668 258 4736 πρὸς
295 4669 396 4736 τὴν
419 4667 524 4718 τῶν
553 4667 778 4718 λεόντων
814 4663 1056 4716 ὤκλασεν
1081 4660 1309 4729 ἀπειλήν
1336 4674 1350 4688 ·
1382 4659 1440 4710 οὐ
1471 4659 1606 4728 πρὸς

71 4761 148 4827 τὴν
177 4761 228 4827 ἐξ
256 4758 491 4829 οὐρανοῦ
541 4758 857 4827 συμμαχίαν
910 4755 1209 4807 ἑνεδοίασεν
1243 4769 1257 4782 ·
1315 4749 1602 4802 πεποιθυῖα

71 4849 114 4898 δὲ
149 4850 357 4918 μᾶλλον,
391 4851 486 4901 καὶ
521 4849 653 4916 πρὸς
676 4849 765 4898 τὸν
799 4846 1058 4914 ἀμίαντον
1101 4847 1164 4895 ὲκ
1206 4841 1376 4909 πυρὸς
1435 4841 1603 4908 αὐτὴν

75 4939 423 4992 ἁποὸλέπουσα
491 4936 910 5004 ἂασωσὰμενον,
985 4931 1197 5000 πρῶτον
1265 4930 1361 4998 μὲν
1416 4929 1604 4999 λεαίνῃ

77 5119 250 5190 latione
291 5123 569 5190 passionis
621 5117 937 5190 perl‘uncta._
976 5116 1254 5190 liberaque
1305 5115 1528 5168 dimissa
1581 5129 1610 5166 a

77 5185 306 5250 praeside;
327 5191 550 5245 Paulum
585 5185 782 5258 Myram
817 5190 877 5258 in
921 5185 1096 5258 Lycia
1144 5193 1328 5240 secuta
1400 5193 1608 5258 στοις-ει

79 5272 165 5321 quo
185 5259 488 5321 dimittitur,
521 5271 580 5313 ut
624 5254 734 5328 j'am
785 5257 916 5328 satis
964 5256 1399 5328 conliruiata,__n_e
1429 5256 1497 5307 sit
1534 5254 1609 5305 illi
1657 5287 1662 5294 ι

80 5329 282 5394 amplius
303 5345 509 5392 comes,
551 5325 641 5383 sed
673 5329 724 5379 in
761 5326 984 5392 patriam
1019 5325 1256 5378 discedat
1301 5325 1483 5392 ibique
1515 5337 1610 5390 pro

80 5397 272 5465 modulo
302 5414 400 5452 suo
435 5412 710 5465 sexusque
735 5396 941 5447 ratione
980 5395 1256 5465 tlhristum
1301 5399 1606 5465 annuntiel.

80 5464 188 5527 Quae
215 5471 391 5520 omnia
418 5470 473 5520 in
509 5463 658 5520 Actis
713 5465 992 5517 habentur.
1022 5463 1196 5517 Vestis
1254 5464 1604 5514 mutationem

83 5538 224 5587 seriiel
251 5544 302 5588 el
334 5542 526 5589 iterum
578 5536 771 5588 merito
833 5535 1132 5601 suppressit
1167 5533 1400 5583 Nicetas.
1436 5530 1606 5601 Graeci

83 5618 274 5671 quoque
335 5607 466 5659 nihil
507 5609 627 5675 ejus
692 5600 1008 5675 meminere.
1044 5604 1106 5675 Et
1150 5611 1294 5675 certe
1333 5600 1461 5675 quid
1497 5601 1610 5654 illa

87 5676 226 5728 restis
254 5679 497 5735 mutatio,
537 5671 684 5728 'cum
747 5672 927 5725 statim
985 5672 1328 5725 Antiochiam
1367 5671 1605 5736 ingressa

87 5745 257 5797 mulier
285 5748 461 5816 agnita
491 5747 584 5810 sit,
622 5744 722 5798 nisi
761 5741 1110 5809 ingrediendo
1144 5739 1456 5814 mulicbtuuu
1485 5740 1604 5793 cul-

1713 4657 1841 4710 cidit
1877 4675 1890 4710 :
1929 4658 2124 4710 nonad
2166 4658 2380 4710 leonum
2440 4657 2616 4712 minas
2657 4659 2897 4721 nutavit;
2941 4674 3044 4710 non
3079 4659 3273 4712 desu-

1714 4763 1878 4816 pcrna
1907 4764 2006 4817 ope
2034 4748 2326 4812 dubitavit;
2355 4749 2487 4816 quin
2521 4751 2703 4816 potius
2747 4748 2942 4801 ﬁducia
2977 4749 3152 4813 plena,
3189 4748 3272 4800 in-

1709 4854 1813 4906 que
1831 4853 1949 4890 eum
1978 4837 2195 4890 intentis
2225 4839 2416 4899 oculis,
2449 4838 2537 4908 qui
2562 4854 2626 4892 ex
2655 4838 2772 4907 igne
2793 4837 3268 4889 incontaminatam

1715 4935 2044 4991 servaverat,
2105 4927 2339 4994 primum
2389 4928 2607 4997 quidem
2637 4940 2790 4980 saevae
2843 4925 3022 4977 leaenae
3056 4925 3269 4994 alligata

1711 5126 1820 5168 tum
1850 5117 2040 5168 iterum
2073 5112 2408 5182 resumpsit?
2454 5126 2571 5179 qua:
2598 5109 2771 5177 gratis
2811 5110 2954 5182 dicta
2995 5111 3262 5182 videntur.

1711 5185 1902 5239 [latum
1942 5188 2102 5237 etiam
2147 5179 2357 5236 Thecla:
2384 5190 2437 5233 ut
2471 5196 2627 5232 unam
2666 5180 2961 5234 alteramve
2986 5179 3256 5232 civitatem

1710 5256 1813 5307 sibi
1861 5264 2183 5314 assumeret,
2241 5253 2392 5319 quasi
2424 5249 2720 5319 apostolico
2759 5263 2981 5302 munere
3013 5249 3264 5319 ermlieno

1709 5324 1853 5386 dam,
1885 5325 2036 5376 valde
2068 5324 2196 5374 mihi
2239 5317 2428 5373 durum
2491 5328 2543 5370 et
2597 5318 2835 5368 alienum
2901 5333 2928 5369 a
2977 5317 3260 5384 disciplina

1707 5394 2078 5447 ecclesiastica
2119 5392 2427 5455 Christique
2465 5386 2808 5439 institutione
2837 5401 2851 5449 ;
2900 5387 3000 5440 etsi
3033 5387 3159 5439 Acta
3191 5388 3260 5438 ita

1711 5463 2036 5528 signiﬁcent.
2069 5459 2411 5528 Videturun
2435 5471 2697 5528 pugnare,
2735 5455 2875 5522 quod
2892 5467 3077 5528 sancta
3115 5456 3261 5522 virgo

1712 5524 1972 5584 ἱιῖιιιοιιιο
1989 5526 2138 5584 extra
2167 5524 2349 5581 urbem
2384 5525 2643 5578 Seleucia:
2673 5528 2721 5575 in
2747 5524 2940 5590 angulo
2966 5539 3026 5575 ac
3047 5529 3260 5591 tugurio

1708 5601 2077 5662 consenuerit,
2122 5613 2278 5664 quam
2335 5609 2517 5663 paucae
2563 5595 2772 5646 femina:
2811 5592 3101 5659 aegrotique
3151 5593 3264 5664 adi-

1709 5679 1870 5728 rent;
1910 5684 2014 5721 non
2074 5662 2191 5737 qua:
2216 5662 2347 5719 urbi
2367 5679 2426 5719 se
2492 5664 2799 5732 magistram
2844 5675 2906 5714 ac
2957 5662 3259 5728 apostolum

1709 5739 2009 5794 exhiberet.
