3922 6314
141 411 226 471 3‘20
995 400 1277 460 ORATIO
1316 400 1466 458 XVI.
1498 425 1561 434 -
1609 400 1691 480 ιΝ,
1728 398 2059 458 LAUDEM.
2096 399 2156 456 S.
2181 397 2513 457 THECL/E.

3257 397 3360 458 330

141 521 273 568 στίαν
300 515 704 584 προμεταττᾶν,
745 513 878 582 πρὸς
930 514 1025 582 τὴν
1058 513 1267 581 ἀμείνω
1315 513 1402 564 διὰ
1451 528 1685 582 προσευ-

1807 509 1961 563 Deutn
1998 508 2256 561 traduxit.
2288 507 2522 576 Totique
2546 509 2685 562 adeo
2715 507 2864 561 illius
2897 503 3084 558 domui
3113 504 3364 560 immensi

140 609 226 675 χῆς
252 605 659 675 μεταγαγοῦσαν
680 623 692 636 ·
729 605 824 656 καὶ
852 605 915 672 δὴ
943 605 1037 657 καὶ
1065 605 1172 673 ὅλῳ
1198 603 1403 671 ταύτης
1452 605 1527 672 τῷ
1554 605 1686 675 οἴκῳ

138 698 291 767 χαρᾶς
344 697 650 766 άφράστου,
694 698 786 748 καὶ
838 696 1108 765 ωτηρῖας
1155 695 1307 748 αἰτία
1363 695 1684 764 γενομένην,

139 789 270 851 αὖθις
330 789 570 858 μετιέναι
620 791 715 842 τὸν
745 787 1133 856 καθηγεμόνα·
1168 788 1227 840 ὂν
1275 787 1562 856 εὑροῦσαν,
1593 787 1688 840 καὶ

139 882 221 948 τὴν
265 883 342 931 ἐπ’
372 882 506 950 αὐτῇ
556 879 946 949 συμπεσοῦσαν
975 879 1290 948 οἰκονομίαν
1324 879 1685 948 ὑφηγησαμέ·

140 993 240 1041 νην,
268 973 408 1043 αὐτῷ
445 973 544 1041 μὲν
595 973 676 1025 ὄτι
716 972 952 1041 μάλιστα
991 972 1250 1040 πλείστης
1290 969 1688 1040 παρακλήσεως

140 1069 218 1118 καί
247 1067 579 1136 εὐφροσύνης
599 1107 614 1132 ,
643 1068 755 1128 τοῖς
787 1067 997 1127 πιστοῖς
1047 1065 1104 1116 δὲ
1145 1062 1387 1133 μεγάλης
1434 1063 1688 1133 ἀφορμὴν

142 1159 450 1228 χρηματίσαι
478 1160 793 1227 οἰκοδομῆς.

203 1249 374 1311 Οὕτως
411 1251 443 1317 ἡ
479 1248 745 1302 πανολὸία
770 1248 831 1301 τὸ
856 1244 1156 1316 μαρτύριον
1185 1243 1506 1312 ἀφοσιοῦται
1534 1242 1650 1312 θεῷ
1671 1259 1684 1273 ·

142 1339 331 1409 πρώτη,
361 1338 611 1409 καθάπερ
644 1342 671 1392 ό
699 1340 873 1407 μέγας
906 1338 1176 1405 Στέφανος
1205 1336 1483 1406 ἀνδράσιν,
1513 1317 1686 1396 οῦτῖος

141 1430 261 1498 αὕτη
291 1430 496 1482 στάδιον
530 1430 824 1499 ἀθλητικὸν
855 1427 1128 1497 ὑπερϐολῇ
1169 1427 1403 1490 πίστεως
1426 1425 1690 1488 διανοίξα-

142 1539 197 1572 σα
221 1520 450 1587 γυναιξίν
473 1536 488 1551 ο
520 1521 598 1574 διὸ
619 1520 713 1573 καὶ
749 1519 994 1590 μείζονος
1027 1521 1243 1573 πάντων
1268 1519 1365 1588 τῆς
1392 1517 1527 1587 πρὸς
1557 1518 1690 1588 Χρι-

141 1613 249 1664 στοῦ
310 1611 604 1682 τετύχηκεν
656 1613 1002 1682 ἐπικουρίας,
1051 1615 1134 1667 ὅτι
1194 1612 1396 1674 πάσαις
1446 1608 1690 1679 θηλείαις

141 1703 836 1774 ἔμελλενκπεριφανέστατον
866 1696 1173 1773 ἀρχέτυπον
1212 1701 1518 1771 μαρτυρίας
1562 1700 1689 1752 ἀνα-

137 1796 442 1850 δείκνυσθαι.

211 1886 478 1939 Ἐντεῦθεν
511 1887 691 1954 πάσης
744 1886 1048 1957 ἀνθρώπων
1099 1885 1362 1955 ἐπηρείας
1419 1886 1693 1958 ὑπερτέρα
1722 1880 1769 1940 Β

138 1979 212 2030 6-.‘1
270 1979 501 2048 Χριστὸν
568 1977 938 2048 γεγενημένη,
985 1979 1081 2030 καὶ
1140 1977 1265 2038 τοὺς
1298 1978 1692 2049 άθλοφορικοὺς

137 2069 334 2134 ἁγῶντς
367 2069 672 2139 ὑπερϐᾶσα,
705 2069 796 2120 τὸν
827 2069 1186 2122 ἀποστολικδν
1215 2068 1341 2141 ἄχρι
1368 2061 1555 2133 τέλους
1580 2070 1693 2142 βίον

138 2162 432 2229 ἀκραιφνῶς
458 2161 800 2214 ἐπολιτεύετο
822 2177 834 2189 ’
868 2161 963 2214 καὶ
997 2161 1128 2215 ποτέ
1166 2161 1263 2232 μὲν
1308 2163 1444 2232 πρὸς
1491 2162 1589 2233 τὴν
1615 2164 1693 2214 oi-

140 2251 274 2303 κ;ίαν
328 2253 628 2305 ἐπανιοῦσα
668 2253 843 2316 πόλιν,
877 2255 956 2316 είς
991 2252 1282 2324 οἰκοδομὴν
1311 2253 1419 2306 τῶν
1453 2254 1692 2317 οἰκείων,

137 2345 218 2397 καί
246 2346 374 2412 πρὸς
418 2345 551 2398 Θεὸν
607 2348 957 2416 ὑποστροφήν
978 2361 993 2376 ο
1030 2347 1105 2410 ὡς
1137 2346 1340 2398 ἐπίπαν
1366 2346 1421 2398 δὲ
1467 2346 1566 2416 τὴν
1599 2347 1696 2398 Σε-

139 2435 365 2488 λεύκεταν
394 2437 691 2507 αἱρουμένη
724 2439 1016 2499 κατοικεῖν,
1044 2438 1202 2506 μόνον
1233 2437 1391 2489 τοῦτο
1418 2437 1503 2489 διὰ
1529 2454 1694 2489 σπου-

138 2527 221 2593 δῆς
251 2526 402 2594 ἔργον
456 2523 602 2597 εἶχεν
653 2529 758 2592 ἀεὶ,
820 2529 1145 2598 μεγαλῦνειν
1200 2528 1455 2597 Χριστόν.
1517 2527 1695 2581 Μόνον

139 2616 278 2670 τοῦτο
307 2619 615 2689 φρόντισμα
653 2623 746 2672 καὶ
805 2620 1033 2690 καρδίας
1088 2619 1326 2688 ἔμμονον
1387 2618 1686 2689 μελέτημα,

139 2707 361 2771 δοξάζειν
389 2709 647 2778 Χριστόν.
673 2710 787 2764 Καὶ
814 2709 923 2781 γὰρ
951 2711 1094 2781 λόγῳ
1124 2709 1227 2778 μὲν
1254 2709 1526 2761 ἐνουθέτει
1553 2710 1692 2761 πάν-

140 2813 223 2860 τας
247 2799 335 2851 καὶ
369 2800 547 2863 πάσας
575 2801 928 2868 ἐπιστρέφειν
972 2801 1067 2853 ἐπὶ
1095 2801 1185 2853 τὸν
1215 2801 1348 2853 Θεὸν
1375 2800 1466 2852 τὸν
1490 2798 1692 2866 ζῶντα,

143 2890 220 2940 καὶ
265 2891 356 2953 τάς
387 2893 905 2963 πατροπαραδότους
936 2892 1032 2946 καὶ
1078 2893 1333 2971 μυσαρὰς
1375 2887 1692 2963 θρησκείας.

143 2981 222 3032 καὶ
250 2984 421 3047 πάσας
475 2984 765 3054 συνηθείας
801 2985 1150 3048 ἐπικλίνοντας
1203 2985 1469 3053 πονηρὰς,
1522 2987 1696 3052 μόνης

144 3073 340 3143 ἔχεσθαι
391 3075 627 3147 παρῄνει
661 3078 759 3146 τῆς
792 3078 850 3128 ἐν
892 3076 1116 3147 Χριστῷ
1147 3075 1407 3146 ἀληθείας
1462 3077 1558 3129 καὶ
1603 3077 1696 3126 πί-

146 3179 292 3227 στεως
314 3206 330 3231 ,
363 3169 530 3237 μόνης
563 3170 662 3236 τῆς
691 3169 833 3220 κατὰ
864 3165 926 3222 re
949 3168 1282 3236 Εὐαγγέλιον
1317 3165 1698 3236 ἐπιμελεῖσθαι

146 3255 270 3324 ζωῆς
295 3297 309 3322 ,
345 3259 436 3312 καὶ
461 3257 600 3328 πρὸς
629 3257 688 3308 ἓν
725 3258 888 3327 μόνον
915 3259 1070 3327 όρᾷν,
1096 3258 1156 3310 τὸ
1189 3258 1423 3328 ἀρέσκον
1447 3255 1527 3327 τῷ
1554 3255 1696 3327 Θεῷ.

205 3438 428 3494 Τοιαῦτα
456 3444 568 3506 τοῖς
602 3441 780 3510 λόγοις
809 3445 842 3513 ή
878 3444 1272 3514 μακαριωτάτη
1306 3443 1574 3514 παρθένος
1605 3442 1699 3494 καὶ

148 3532 414 3596 ἀπόστολος
469 3535 972 3607 διαμαρτυρομένη,
1016 3539 1162 3608 ἔργῳ
1210 3538 1335 3599 τοὺς
1383 3534 1698 3605 ἀρῤὡστους

147 3624 304 3676 αὐτῶν
333 3627 396 3677 δι’
432 3628 777 3698 ἐπικλήσεως
816 3629 1118 3696 ἐθεράπευε
1167 3628 1408 3698 Χριστοῦ
1434 3645 1446 3658 ο
1475 3628 1568 3679 καὶ
1596 3627 1702 3679 πᾶ-

151 3730 232 3764 σαν
259 3714 504 3784 σώματος
556 3721 827 3788 πήρωσιν,
884 3721 976 3773 καὶ
1029 3721 1211 3773 πᾶσαν
1262 3718 1534 3788 δαιμόνων
1564 3718 1702 3789 ἐπή-

151 3821 282 3862 ρειαν
304 3825 316 3837 ·
347 3810 440 3860 καὶ
468 3811 650 3864 πᾶσαν
683 3810 941 3874 καθάπαξ
967 3813 1144 3865 εἰπεῖν
1184 3811 1340 3864 νόσον
1370 3810 1464 3862 καὶ
1518 3811 1701 3863 πᾶσαν

156 3899 400 3963 μαλακίαν
435 3902 672 3973 ίωμένηο
721 3903 784 3956 οὐ
824 3904 982 3974 μόνον
1030 3903 1108 3967 δέ,
1164 3901 1299 3955 ἀλλά
1329 3903 1422 3954 καὶ
1454 3901 1532 3970 τῷ
1561 3901 1700 3970 άγίῳ

152 3990 460 4063 βαπτίσματι
493 3993 927 4064 τελετουργοῦσα
952 4011 964 4023 ·
1016 3995 1224 4064 ταύτην
1270 3993 1377 4063 γάρ
1413 3993 1552 4062 μόνη
1600 4009 1699 4057 γυ-

155 4086 331 4139 ναικῶν
359 4088 550 4156 εἴληφε
575 4087 674 4158 τὴν
697 4089 944 4154 ἐξουσίαν
972 4104 985 4117 ο
1020 4085 1180 4140 ἆθλον
1197 4086 1404 4156 δηλαδὴ
1424 4085 1584 4139 τοῦτο
1609 4085 1700 4138 καὶ
1729 4161 1735 4166 κ

156 4179 299 4249 γέρας
330 4181 607 4251 ἐξαίρετον
632 4179 743 4233 οἷον
794 4184 895 4250 τῆς
919 4181 1134 4243 τελείας
1164 4179 1440 4249 ἀθλήσεως
1479 4179 1574 4233 καὶ
1609 4178 1702 4231 πί-

161 4284 326 4332 ςτεως,
357 4272 562 4332 πάντας
591 4270 886 4340 ᾠκοδόμει,
906 4271 1000 4323 καὶ
1029 4273 1108 4332 είς
1143 4271 1282 4338 μίαν⁵
1300 4271 1462 4336 ἁγίαν
1486 4271 1543 4322 ἐν
1569 4269 1700 4339 Χριο

160 4357 248 4426 mp
284 4361 451 4430 Ἰησοῦ
497 4362 823 4430 Ἐκκλησίαν
847 4362 1224 4432 κατηρτίζετο.

224 4453 362 4506 Ἐπεὶ
388 4455 443 4507 δέ
479 4457 570 4508 τὸν
596 4457 796 4525 δρόμον
835 4456 1015 4519 καλῶς
1047 4455 1381 4518 τετελεκυία,
1408 4456 1486 4517 είς
1527 4456 1702 4524 γῆρας

161 4544 239 4613 ήδη
277 4549 390 4598 πῖον
451 4550 764 4618 κατήντησε
814 4549 906 4601 καὶ
948 4551 1216 4619 χρηστόν·
1259 4548 1346 4600 ἵνα
1385 4549 1488 4600 κάν
1529 4549 1702 4617 τούτῳ

162 4635 294 4689 πλέον
317 4639 413 4710 ἔχῃ
439 4640 552 4692 τῶν
595 4641 773 4694 ἄλλων
817 4641 1008 4708 ἀγίων,
1053 4640 1152 4711 τὴν
1185 4640 1486 4712 παράδοξον
1518 4641 1702 4693 τελευ-

163 4727 238 4799 τὴν
272 4733 359 4784 καὶ
411 4734 743 4803 ἀποκρυφήν
764 4750 776 4762 ·
811 4732 1049 4802 ἀνῆπται
1105 4734 1203 4803 μὲν
1252 4733 1443 4801 φθόνος
1476 4735 1590 4794 τοῖς
1611 4749 1705 4798 πο-

162 4824 447 4891 νηροτάτοις
468 4827 568 4895 τῆς
592 4825 799 4888 πόλεως
831 4825 952 4878 κατ’
979 4826 1148 4895 αὐτῆς
1169 4842 1182 4855 ο
1216 4825 1457 4895 ἀνῆπται
1483 4824 1540 4877 δέ
1567 4824 1704 4894 μᾶλ-

163 4911 368 4978 λον-τοίς
399 4917 626 4987 ἰατροῖς.
666 4916 737 4968 Τὸ
762 4917 806 4968 δ’
841 4916 1035 4982 αἴτιον,
1063 4917 1145 4970 ὃτι
1168 4918 1298 4987 παρ’
1340 4917 1510 4988 αὐτὴν
1541 4919 1586 4968 οί
1617 4933 1703 4967 νο·-

167 5003 357 5069 σοῦντες
413 5008 606 5072 ίόντες,
673 5007 896 5061 ἐκείνων
952 5008 1323 5079 παρημέλουν.
1372 5006 1705 5078 Συμϐοὐλιον

252 5181 289 5212 θ’
313 5187 352 5240 ll
379 5186 520 5242 Tim.
561 5203 636 5253 tv,
666 5184 752 5239 7.-
826 5186 868 5220 ⁸⁸
893 5184 1027 5241 Gen.
1061 5201 1187 5252 xxv,
1210 5187 1268 5242 8.

167 5365 322 5440 Mari-az
341 5371 764 5439 praesentatione
787 5379 839 5424 et
869 5370 1190 5424 educatione
1211 5368 1277 5440 in
1321 5372 1543 5440 templo,
1576 5385 1696 5440 quae

167 5447 258 5508 tuta
281 5438 392 5508 jam
442 5442 649 5508 recepit
686 5440 928 5494 Ecclesia
958 5457 974 5505 ;
1032 5439 1337 5508 repudiavit
1373 5438 1614 5495 Romana
1645 5443 1699 5495 in

166 5505 256 5561 Pio
275 5506 335 5569 V.
367 5505 827 5564 mitius'habente
883 5505 1221 5577 postmodum
1261 5510 1416 5562 Sixto
1452 5510 1511 5563 V.
1549 5511 1705 5575 Qua:-

165 5578 270 5630 dam
304 5580 354 5633 iu
381 5580 471 5633 illo
498 5579 643 5633 libro
677 5590 906 5649 exstant
952 5580 1111 5634 nobis
1168 5581 1475 5649 apocrypha
1543 5591 1705 5648 atque

166 5650 391 5719 reproba,
420 5650 659 5717 antiquis
683 5650 868 5714 (etiam
891 5648 1120 5714 Latinis,
1151 5648 1433 5719 magisque
1477 5649 1704 5718 Graecis)

169 5716 388 5783 laudata,
421 5730 478 5773 ut
502 5716 568 5774 de
590 5720 887 5774 obstetrice
917 5734 932 5771 :
967 5722 1019 5772 in
1059 5734 1178 5789 quae
1208 5716 1365 5772 modo
1385 5736 1490 5772 non
1523 5716 1705 5788 inquii-

169 5791 402 5857 rendum,
439 5801 488 5845 et
513 5805 579 5844 an
619 5788 754 5843 nihil
801 5803 827 5839 a
880 5789 984 5842 tide
1017 5788 1371 5855 abhorreant,
1415 5800 1501 5842 aut
1539 5791 1707 5844 divini

463 5882 722 5945 Parnm“
767 5882 858 5940 Gn
931 5881 1056 5942 CV.

1792 604 1973 673 gaudii
2015 610 2178 672 atque
2223 602 2419 657 salutis
2452 611 2646 656 auctor
2689 599 2900 664 ell‘eeta,
2933 613 3128 654 rursus
3167 612 3369 668 praecc~

1793 704 2005 766 ptorom
2029 694 2164 758 adit,
2199 696 2546 763 narratisque
2573 710 2692 763 qu.e
2715 692 3077 765 propensiore
3114 691 3205 746 Dei
3233 704 3367 747 con-

1793 786 1921 841 silio
1957 794 2109 853 gesta
2160 786 2212 838 in
2254 786 2343 838 illa
2380 797 2556 846 erant.
2586 800 2710 839 cum
2747 787 2795 841 ei
2818 784 3058 840 maxime
3090 783 3371 855 ingentem

1794 879 1953 948 plane
1982 878 2420 932 consolationem
2447 892 2510 930 ac
2533 873 2783 931 laetitiam
2815 877 3020 942 attulit,
3055 885 3168 932 tum
3203 875 3376 931 ﬁdeli-

1795 969 1897 1025 bus
1938 983 2149 1036 maguae
2183 982 2347 1022 causa
2381 966 2754 1023 aediﬁcationis
2784 967 2906 1023 fuit.

1876 1237 1931 1290 ln
1963 1251 2085 1289 eum
2124 1233 2346 1292 modum
2402 1233 2717 1288 beatissima
2758 1233 2850 1287 Dei
2885 1237 3145 1305 martyrio
3195 1237 3376 1309 fungi-

1796 1336 1886 1381 tur
1916 1346 1929 1380 :
1956 1326 2129 1396 prima
2150 1327 2432 1388 nimirum,
2470 1326 2620 1380 velut.
2641 1324 2956 1395 Stephanus
2982 1328 3136 1393 viris,
3169 1328 3251 1383 sic
3281 1329 3373 1383 illa

1799 1418 2037 1483 feminis,
2076 1420 2402 1474 excellentia
2431 1418 2554 1475 ﬁdei
2592 1420 2846 1489 aperiens
2899 1421 3221 1478 certaminis
3256 1431 3372 1477 sta-

1796 1515 1969 1569 dium.
2020 1513 2203 1580 Quare
2246 1515 2412 1570 etiam
2459 1515 2724 1585 majorem
2779 1515 3038 1571 omnibus
3069 1530 3096 1568 a
3156 1516 3380 1572 Christo

1796 1614 2090 1661 consecuta
2123 1615 2208 1662 est
2235 1607 2672 1683 opitulationem,
2711 1607 2857 1678 quod
2885 1609 3100 1664 cunctis
3132 1610 3382 1665 mulieri-

1797 1699 1900 1753 bus
1946 1698 2378 1754 illustri'ssimam
2429 1701 2743 1757 exhibitura
2794 1709 2944 1758 esset
2991 1703 3240 1773 martyrii
3276 1702 3381 1758 for-

1799 1810 1941 1848 tnam
1975 1803 2140 1864 atque
2184 1797 2484 1865 exemplar.

1870 1887 2008 1942 Hinc
2039 1889 2187 1942 omni
2216 1888 2452 1944 humana
2486 1891 2688 1960 injuria
2726 1900 2951 1961 propter
2974 1890 3260 1946 Chrismm
3293 1907 3386 1947 su-

1797 1981 1982 2049 perior
2013 1980 2230 2044 etiecta,
2284 1984 2673 2052 superatisque
2707 1983 3061 2054 triumphalis
3109 1983 3382 2053 palaesmc

1797 2074 2091 2143 agonibus,
2123 2075 2479 2142 apostolicam
2508 2077 2561 2128 in
2588 2075 2748 2130 ﬁnem
2793 2092 2965 2145 usque
3007 2077 3172 2146 plane
3203 2077 3377 2131 vitam

1795 2167 1907 2235 egit
1949 2182 1964 2219 :
2007 2180 2071 2219 ac
2092 2166 2421 2236 quandoque
2449 2167 2665 2235 quidem
2684 2168 2752 2222 ad
2781 2169 3058 2238 propriam
3095 2179 3380 2226 revertens

1796 2258 2096 2322 civitatem,
2123 2256 2189 2312 ad
2207 2257 2617 2312 aediﬁcationem
2639 2259 2966 2314 necessariis
2994 2261 3382 2328 praestandam,

1798 2352 2032 2420 illosque
2067 2349 2134 2404 ad
2165 2349 2335 2425 Deum
2387 2351 2817 2415 convertendos;
2849 2351 3176 2420 plerumque
3200 2361 3381 2426 tamen

1799 2443 2060 2498 Seleuciae
2082 2443 2292 2498 delecto
2319 2442 2574 2512 hospitio,
2606 2433 2773 2496 unum
2797 2441 2901 2497 hoc
2928 2457 3065 2511 opus
3095 2442 3385 2513 diligenter

1801 2534 2014 2605 agebat,
2065 2542 2122 2588 ut
2176 2533 2458 2589 Christum
2518 2533 2915 2602 magnilicaret.
2975 2530 3098 2587 Una‘
3141 2534 3257 2589 haec
3304 2535 3382 2589 illi

1796 2640 1932 2681 cura
1964 2626 2292 2695 assiduaque
2328 2625 2526 2679 mentis
2560 2625 2838 2694 cogitatio,
2872 2631 2930 2677 ut
2961 2624 3239 2679 Christum
3265 2628 3385 2694 glo-

1800 2711 2038 2771 riticaret
2060 2724 2225 2785 atque
2253 2715 2524 2770 laudaret.
2556 2716 2773 2771 Etenim
2821 2722 2968 2772 viros
2989 2731 3183 2771 omnes
3215 2725 3382 2787 atque

1802 2807 2059 2864 mulieres
2084 2809 2246 2864 verbo
2270 2807 2602 2863 admouebat
2623 2808 2864 2864 converti
2889 2810 2954 2863 ad
2976 2808 3144 2863 Deum
3175 2811 3381 2874 vivum,

1800 2907 2137 2969 pateruoque
2179 2914 2366 2954 errore
2409 2895 2662 2970 acceptas
2701 2902 3056 2970 impurasque
3113 2903 3384 2970 supersti-

1816 2990 2001 3044 tiones
2021 3005 2327 3061 pravasquc
2353 3006 2543 3046 onmes
2585 2993 3013 3046 consuetudines
3057 2991 3382 3058 deserendo,

1805 3081 1908 3135 soli
1948 3083 2001 3134 in
2035 3081 2263 3138 Christo
2298 3085 2512 3137 veritati
2542 3093 2709 3154 atque
2731 3084 2853 3137 ﬁdei
2883 3083 3165 3161 adhaerere
3196 3083 3398 3136 horta-

1805 3173 1999 3230 batur:
2025 3175 2151 3229 vita:
2177 3174 2443 3229 duntaxat
2472 3175 2834 3245 ert-Evangelii
2864 3176 3169 3230 rationibus
3193 3190 3384 3229 curam

1803 3266 2031 3332 habere,
2057 3268 2406 3338 inqueunum
2426 3267 2790 3338 solum,quod
2821 3267 2934 3322 Deo
2955 3267 3184 3336 placeat,
3215 3271 3385 3324 animi

1798 3375 2021 3415 sensum
2054 3361 2351 3416 attendere.
2442 3429 2450 3433 κ

1854 3451 2221 3522 ‘Ejuscemodi
2259 3453 2576 3508 beatissima
2611 3453 2768 3524 virgo
2798 3454 2982 3510 verbis
3036 3461 3380 3515 contestans.

1803 3543 2020 3599 illorum
2059 3545 2306 3598 inlirmos
2331 3543 2538 3599 Christi
2565 3545 2806 3599 nominis
2832 3543 3187 3599 invocatione
3217 3559 3383 3612 opere

1804 3634 2078 3702 curabat;
2108 3650 2381 3706 omneque
2417 3635 2666 3705 corporis
2711 3636 2927 3697 vitium,
2962 3642 3128 3704 atque
3161 3649 3383 3689 omnem

1805 3725 2112 3780 daemonum
2132 3726 2405 3781 lazsionem
2427 3745 2442 3794 ;
2467 3742 2708 3792 omnem,
2737 3734 2799 3782 ut
2834 3726 3000 3781 verbo
3018 3725 3222 3790 dicam,
3245 3739 3385 3779 mor-

1807 3817 1960 3883 butn,
1991 3824 2048 3870 et
2084 3830 2301 3870 omnem
2336 3818 2654 3886 languorem
2682 3831 2884 3872 sanans
2923 3833 2936 3869 :
2983 3830 3160 3885 neque
3191 3813 3245 3869 id
3290 3828 3385 3869 so-

1806 3907 2068 3970 lum,.sed
2102 3915 2151 3962 et
2181 3922 2341 3962 sacro
2384 3908 2713 3976 baptismate
2745 3905 2970 3961 initians
3016 3903 3193 3974 (hanc
3234 3903 3383 3958 enim

1805 3993 1918 4047 sola
1955 3994 2247 4049 mulierum
2274 4007 2433 4050 nacta
2459 4006 2541 4050 cst
2566 4003 2892 4066 potestatem
2920 4012 2934 4062 ;
2967 4009 3161 4065 nempe
3182 4008 3384 4049 munus

1805 4087 1907 4140 hoc
1925 4087 2178 4156 velutque
2200 4089 2479 4158 singulare
2503 4088 2784 4159 praemium
2809 4086 3034 4158 perfecti
3057 4084 3382 4152 certaminis

1807 4187 1968 4248 atque
1997 4179 2157 4248 tidei)
2188 4195 2379 4234 omnes
2420 4181 2744 4243 aediﬁcabat,
2801 4181 2967 4248 inque
3030 4190 3195 4231 unam
3249 4191 3380 4232 san-

1804 4280 1947 4325 ctam
1984 4271 2039 4325 in
2074 4272 2291 4327 Christo
2309 4271 2439 4327 Jesu
2469 4271 2765 4326 Ecclesium
2787 4271 3123 4341 perﬁciebat.

1879 4454 2033 4520 Quod
2070 4469 2198 4508 vero
2228 4469 2391 4508 cursu
2427 4456 2594 4522 probe
2625 4463 3009 4509 consununato
3032 4457 3100 4521 ",
3134 4459 3199 4512 ad
3236 4459 3384 4528 opti-

1741 4574 1779 4629 ο
1815 4562 1956 4600 mam
2003 4548 2114 4616 jam
2170 4547 2484 4612 bonamque
2543 4541 2883 4600 senectutem
2943 4558 3169 4603 venerat
3201 4550 3288 4611 ⁸⁸,
3326 4560 3387 4605 ut

1810 4642 1863 4694 in
1908 4641 2009 4693 hoc
2048 4653 2266 4708 quoque
2295 4653 2404 4707 pm
2433 4638 2640 4692 sanctis
2663 4639 2894 4708 reliquis
2914 4639 3176 4709 majorem
3200 4644 3387 4698 excel-

1816 4733 2042 4786 lentiam
2088 4730 2313 4784 haberet
2356 4731 2438 4799 (ut
2474 4730 2652 4784 seiliet
2705 4731 2950 4785 inaudita
2989 4743 3168 4788 morte
3197 4749 3262 4789 ac
3288 4750 3386 4790 oc—

1806 4824 1948 4878 culta
1994 4822 2305 4893 prmstaret)
2367 4823 2687 4898 accenditur
2743 4826 2795 4877 in
2826 4839 2945 4878 eam
2979 4825 3120 4879 livor
3174 4826 3378 4880 civium

1806 4915 2259 4981 scelestissimis;
2292 4917 2566 4985 praecipue
2596 4929 2726 4969 vero
2763 4917 3082 4970 accenditur
3129 4917 3377 4971 medicis.

1808 5004 1939 5072 Ejus
1968 5004 2112 5057 ratio
2155 5004 2279 5066 fuit,
2315 5008 2459 5073 quod
2525 5007 2712 5075 :cgroti
2756 5005 2822 5058 ad
2870 5006 2987 5059 eam
3029 5007 3378 5070 accedentes.

1804 5379 1994 5440 partus
2018 5374 2274 5442 puritate.
2306 5373 2377 5428 De
2408 5373 2694 5444 Triphmna
2728 5373 2865 5429 nihil
2899 5375 3180 5435 habemus,
3209 5388 3372 5441 quam

1802 5457 1924 5510 quae
1991 5452 2386 5513 repraesentant
2453 5445 2563 5498 haec
2634 5445 2850 5500 Thecla:
2908 5446 3056 5506 Acta,
3122 5450 3178 5496 et
3230 5444 3372 5511 quod

1802 5513 1921 5580 ejus
1954 5515 2197 5565 meminit
2243 5516 2534 5581 Apostolus
2593 5514 2753 5569 Rom.
2793 5532 2900 5575 xw,
2935 5515 2977 5566 si
3017 5521 3195 5566 tamen
3262 5519 3374 5566 haec

1804 5583 1918 5648 ipsa
1950 5591 2055 5648 est,
2089 5599 2250 5650 quam
2297 5584 2454 5637 llom.
2504 5585 2703 5640 tabulas
2757 5587 2906 5638 aiunt
2948 5581 3113 5636 leonii
3160 5584 3266 5635 coli
3310 5583 3375 5636 10

1805 5651 2096 5708 Novembr.
2128 5652 2328 5716 Quidni
2365 5654 2539 5723 magis
2571 5655 2896 5716 Antiochiae,
2934 5653 3026 5708 ubi
3056 5661 3207 5707 tanta
3258 5660 3374 5707 era;

1809 5723 2022 5776 l'emime
2052 5724 2350 5776 nobilitas?

2936 5881 2995 5942 11
