3922 6314
614 386 715 446 343

1792 390 2080 450 ΝΙΟΕΤᾸΞ
2127 392 2641 456 PAPIILAGONIS
3689 401 3762 460 3H

612 512 888 571 acceptam
921 519 1131 557 omnem
1161 504 1520 558 substantiam
1558 506 1694 575 (quae
1719 523 1850 561 sane
1886 509 2141 576 perampl:

2264 532 2372 565 σεν.
2407 515 2513 567 Καὶ
2542 517 2573 583 ἡ
2608 515 2724 584 μὲν,
2758 517 2884 585 ὃλην
2907 517 3070 586 αὐτῆς
3109 517 3206 587 τὴν
3232 518 3450 586 γονικὴν
3499 520 3765 584 περιουσίαν

610 603 748 662 erat)
780 594 1195 648 necessitatibus
1242 604 1550 651 sanctorum
1583 600 2012 663 communicaris,
2063 600 2158 651 im-

611 700 885 753 pensaque
927 686 1254 756 martyribus
1287 690 1489 744 amoris
1514 691 1562 743 vi
1617 690 1724 747 illis
1761 691 2158 760 quodammodo

609 777 999 845 conglutinata,
1029 793 1322 847 eorumque
1346 781 1600 848 pretiosis
1627 782 1803 837 linteis
1831 783 2036 837 saniem
2063 800 2157 836 ex-

609 873 845 929 tt-rgcns,
874 866 1207 934 vulneraque
1250 866 1542 922 infundens
1575 885 1638 923 ac
1669 871 2033 936 exosculans;
2071 880 2154 924 at—

605 966 711 1016 que
745 953 922 1005 adhuc
959 953 1221 1020 viventes,
1249 957 1427 1012 verbis
1455 959 1686 1015 fortibus
1714 962 1977 1016 roborans
2013 970 2066 1016 et
2088 963 2153 1015 ad

607 1037 1090 1098 imrnarcescibiles
1132 1061 1364 1100 coronas
1403 1051 1617 1119 egregie
1655 1052 1922 1113 animans,
1959 1052 2153 1107 derun—

603 1131 811 1197 ctisque
857 1135 1199 1190 sanctissime
1229 1137 1378 1205 justa
1425 1141 1754 1208 persolvens,
1805 1142 1885 1196 sic
1921 1143 2152 1212 seipsam

603 1224 924 1289 praeclarum
961 1226 1068 1281 illis
1099 1241 1294 1284 munus
1333 1231 1638 1300 sepulcrale
1689 1240 1871 1302 postea
1903 1235 2151 1304 prazbuit,

603 1328 696 1379 per
738 1316 915 1384 ignem
951 1318 1274 1374 holocausta
1309 1322 1509 1384 oblata,
1540 1337 1602 1377 ac
1632 1324 1684 1377 in
1717 1323 1939 1380 odorem
1966 1326 2151 1382 suavi-

601 1405 726 1459 tatis
769 1407 876 1461 Deo
914 1419 1249 1478 computata,
1291 1412 1442 1482 virgo
1475 1423 1677 1479 autem,
1714 1427 1994 1486 parentum
2039 1417 2152 1471 alii-

603 1497 880 1568 niumque,
921 1502 1246 1569 praediorum
1277 1519 1339 1556 ac
1378 1508 1729 1574 pecuniarum
1772 1508 1838 1562 ab
1884 1509 2005 1577 ipso
2039 1508 2149 1577 jam

599 1590 776 1643 aetatis
809 1592 969 1645 tertio
1000 1607 1144 1646 anno
1173 1594 1360 1648 reﬁcta
1389 1594 1646 1652 facultate
1664 1608 1829 1667 atque
1850 1601 2026 1668 copia,
2065 1617 2152 1655 re-

600 1679 914 1755 ligiosa-que
940 1683 1156 1739 cuidam
1190 1684 1374 1741 domui
1404 1688 1471 1742 ad
1510 1690 1828 1744 vicesimum
1850 1707 2028 1760 usque
2061 1708 2149 1745 an-

597 1787 726 1826 num
763 1788 827 1828 ex
855 1775 1037 1833 animo
1060 1777 1320 1842 assidua;
1359 1794 1570 1834 necnon
1607 1795 1772 1836 sacrae
1790 1783 1996 1851 sophia»
2024 1785 2148 1846 (hoc

595 1863 739 1917 enim
765 1863 840 1919 illi
873 1880 1066 1921 nomen
1104 1868 1210 1922 sub
1243 1869 1403 1939 cujus
1422 1870 1738 1940 magisterio
1767 1883 1828 1926 ac
1860 1873 2146 1943 disciplina

596 1955 832 2025 agebat),
862 1972 957 2012 seu
986 1959 1166 2028 potius
1199 1961 1370 2030 ipsius
1388 1977 1514 2018 vere
1537 1961 1626 2016 Dei
1651 1965 1924 2032 sapientiae
1945 1980 2145 2034 Opera;

597 2046 742 2101 Patri
774 2048 1050 2117 adoptata,
1085 2064 1179 2120 per
1225 2052 1394 2106 multa
1443 2053 1739 2123 graviaque
1784 2069 1882 2123 pro
1928 2055 2150 2110 Christo

594 2144 866 2200 tormenta
892 2147 945 2194 et
977 2141 1247 2208 lanienas,
1278 2143 1512 2212 abrupto
1539 2143 1629 2214 qui
1665 2144 1716 2198 in
1746 2161 1907 2199 carne.
1947 2158 2029 2200 est
2074 2147 2148 2199 in-

594 2231 798 2297 colatu,
825 2234 889 2287 ad
922 2233 1392 2290 desideratissima
1423 2235 1515 2290 Dei
1543 2236 1890 2292 tabernacula
1928 2232 2146 2293 commi-

593 2324 789 2388 gravit.

666 2412 787 2468 Hac
819 2413 981 2485 igitur
1012 2418 1190 2487 magni
1214 2417 1551 2488 illustrisque
1578 2422 1811 2476 nominis
1838 2422 2144 2485 Anastasia,

594 2506 838 2575 spiritale
869 2507 1358 2577 intemeratumque
1381 2513 1687 2566 convivium
1745 2512 1901 2568 hodie
1944 2527 2146 2568 convo-

592 2611 746 2662 cans,
778 2598 1028 2666 velutqne
1056 2601 1360 2666 opimarum
1391 2602 1584 2670 dapum
1623 2603 1931 2657 varietatem
1983 2619 2145 2659 sacra

593 2703 691 2742 sua
739 2690 1036 2743 certamina
1094 2691 1461 2764 victoriasquc
1515 2707 1812 2760 apponens,
1852 2695 2144 2764 atqueillis

592 2778 934 2834 eastissimos
966 2791 1236 2837 amatores
1273 2797 1402 2838 suos
1424 2785 1717 2853 accipiens,
1751 2785 2016 2840 immensa
2051 2801 2144 2842 eos

592 2869 848 2937 adimplet
879 2871 1080 2937 laetitia,
1115 2874 1416 2945 divinzeque
1442 2886 1723 2931 consortes
1765 2878 2144 2934 exsultationis

594 2960 741 3014 facit.
772 2960 893 3016 "me
916 2970 1160 3018 nostrum
1179 2972 1230 3019 et
1253 2965 1488 3019 animum
1514 2977 1891 3032 etsermonem
1916 2969 1979 3021 ad
2000 2967 2142 3024 illius

591 3050 905 3117 passionum
980 3055 1414 3121 exsuperantiam
1485 3045 1796 3112 l'atiscentes
1864 3057 2140 3124 excitans;

2262 605 2450 675 (πολλὴ
2480 606 2634 668 δέτις
2661 602 2745 674 ἦν)
2763 609 2877 670 ταῖς
2908 608 3013 661 τῶν
3041 608 3209 674 ἁγίων
3232 609 3438 676 χρείαις
3464 609 3764 670 κοινωνοῦσι,

2261 696 2353 746 καὶ
2382 698 2577 765 στοργῇ
2610 697 2965 767 ιριλομάρτυρι
2991 697 3192 758 τούτοις
3216 697 3411 766 τρόπον
3433 697 3550 748 τινὰ
3578 712 3791 764 cuppae.

2260 787 2420 857 μένη·
2453 789 2542 839 καὶ
2565 789 2686 851 τοὺς
2712 787 2910 858 ἰχῶρας
2940 788 3115 840 αὐτῶν
3144 788 3351 849 ὀθόναις
3378 788 3608 856 ἐντίμοις
3635 805 3766 839 καταο

2259 877 2560 946 μάσσουσα,
2583 877 2676 930 καὶ
2707 879 2772 930 τὰ
2796 877 3077 948 τραύματα
3113 876 3481 930 καταντλοῦσα
3508 879 3595 928 καὶ
3633 894 3767 927 κατα-

2257 954 2511 1032 φιλοῦσαί
2556 967 2644 1019 καὶ
2679 965 2884 1030 ζῶντας
2907 967 3002 1034 μὲν
3036 967 3134 1028 ἔτι,
3173 967 3348 1034 λόγοις
3385 967 3619 1035 στερροῖς
3649 969 3766 1033 ἐττιρ-

2258 1057 2585 1127 ρωννύουσα,
2641 1058 2731 1111 καὶ
2784 1059 2918 1128 πρὸς
2968 1060 3089 1120 τοὺς
3144 1058 3485 1126 ἁμαράντους
3533 1056 3769 1123 παραθαρο

2257 1148 2487 1216 ρύνουσα
2514 1149 2804 1216 στεφάνους
2829 1165 2840 1177 ·
2882 1149 3258 1217 ἀποιχομένοις
3303 1148 3359 1199 δέ
3400 1147 3662 1207 πανοσίως
3694 1148 3771 1212 τὴν

2254 1241 2403 1293 όσίαν
2432 1241 2807 1309 ἐπιϐάλλουσαι,
2830 1242 2997 1303 οὕτως
3015 1242 3210 1310 ἑαυτὴν
3236 1241 3395 1294 καλὸν
3421 1242 3658 1306 ἐντάφιον
3681 1241 3768 1308 (7'2)

2254 1332 2460 1396 τούτοις
2477 1332 2602 1385 ’ύστε
2612 1351 2700 1403 ρον
2725 1335 3040 1403 παρέσχετο,
3064 1334 3151 1386 διὰ
3173 1335 3337 1402 πυρὸς
3356 1332 3765 1406 ὁλοκαυτωοεῂα,

2254 1421 2348 1474 καὶ
2363 1423 2442 1485 είς
2461 1423 2632 1492 ὀσμὴν
2651 1424 2872 1486 εὐωδίας
2892 1425 3192 1491 λογισθεῖσα
3207 1425 3282 1492 τῷ
3302 1423 3436 1493 Θεῷ.
3457 1420 3519 1476 'H
3538 1424 3766 1491 παρθένος

2251 1511 2326 1576 δὲ,
2359 1514 2561 1581 γονέων
2587 1514 2678 1566 καὶ
2717 1514 3008 1581 συγγενῶν,
3053 1515 3343 1584 κτημάτων
3376 1516 3470 1566 καὶ
3510 1516 3770 1583 χρημάτων

2251 1604 2314 1654 ἐκ
2337 1603 2575 1670 τριετοῦς
2607 1604 2703 1673 τῆς
2735 1604 2944 1674 ἡλικίας
2974 1603 3159 1673 χρόνον
3183 1605 3307 1667 τοὺς
3351 1603 3771 1673 περιουσιασμοῦς

2250 1692 2497 1759 λιποῦσα,
2529 1694 2619 1746 καὶ
2651 1694 2876 1763 σεμνείῳ
2911 1693 3017 1746 τινὶ
3050 1694 3282 1762 γνησίως
3314 1695 3438 1763 ἄχρι
3467 1691 3559 1745 τοῦ
3588 1695 3770 1744 εἰκοσα-

2251 1784 2405 1847 ετοῢς
2433 1785 2955 1855 προσκαρτερήσασα
2981 1800 2996 1815 ο
3035 1784 3129 1838 καὶ
3169 1784 3255 1838 διὰ
3287 1785 3385 1852 τῆς
3418 1785 3565 1853 ἱερᾶς
3603 1784 3770 1850 Σοφίας

2253 1875 2412 1947 (οὓτω
2439 1878 2547 1947 γὰρ
2589 1878 2622 1947 ἡ
2670 1877 2982 1940 διδάσκαλος
3026 1877 3348 1947 ώνόμαστο),
3377 1876 3572 1944 μᾶλλον
3613 1875 3664 1927 δὲ
3699 1877 3768 1926 διὰ

2247 1967 2346 2037 τῆς
2377 1967 2540 2032 ὄντως
2567 1967 2700 2022 Θεοῦ
2732 1968 2918 2037 σοφίας
2942 1967 3308 2036 υίοθετηθεῖσα
3336 1966 3409 2036 τῷ
3435 1967 3621 2035 Πατρῖ,
3652 1966 3773 2016 οὕτω

2247 2058 2334 2110 διά
2361 2057 2568 2112 πολλῶν
2592 2058 2684 2112 καὶ
2721 2056 2905 2111 δεινῶν
2948 2057 3055 2109 τῶν
3093 2057 3230 2126 ὑπὲρ
3269 2056 3504 2122 Χριστοῦ
3554 2055 3774 2124 βασάνων

2247 2147 2334 2198 καὶ
2367 2145 2564 2215 τομῶν,
2611 2147 2707 2214 τῆς
2759 2146 2817 2198 ἐν
2864 2147 3021 2214 σαρκὶ
3074 2146 3171 2216 μὲν
3214 2145 3419 2216 ἐρράγη
3471 2144 3771 2212 παροικίας,

2249 2237 2381 2307 πρὸς
2405 2237 2474 2290 τὰ
2501 2237 2756 2305 ἀγαπητά
2784 2236 2838 2290 δὲ
2865 2237 2996 2289 Θεοῦ
3029 2236 3355 2307 σκηνώματα
3385 2236 3631 2306 μετέστη.

2315 2420 2460 2488 Αὕτη
2486 2421 2661 2472 τοίνυν
2693 2421 2726 2489 ἠ
2761 2419 3165 2488 μεγαλώνυμος,
3195 2420 3230 2486 ἡ
3261 2416 3598 2488 περιώνυμος
3637 2415 3773 2467 Ἀνασ

2248 2512 2461 2571 στασία,
2511 2513 2542 2581 ή
2595 2511 2963 2580 πνευματικὴν
3015 2510 3102 2561 καὶ
3146 2509 3416 2578 ἀκήρατον
3457 2507 3773 2574 ἐστιατορίαν

2245 2604 2308 2669 σή
2320 2621 2381 2671 με
2391 2620 2480 2672 ρον
2494 2591 2925 2671 συγκαλουμένη,
2945 2602 3036 2653 καὶ
3055 2595 3139 2652 οἷα
3167 2600 3228 2669 δὴ
3256 2598 3551 2650 πολυτελῶν
3568 2598 3771 2665 ἐδεσμά-

2243 2711 2347 2746 των
2384 2693 2671 2756 ποικιλίαν,
2720 2693 2841 2754 τοὺς
2878 2692 3050 2760 ἱεροὺς
3099 2690 3288 2752 ἄθλους
3335 2689 3658 2759 προτιθεῖσα,
3690 2688 3771 2739 καί

2242 2781 2448 2844 τούτοίς
2473 2784 2594 2844 τοὺς
2625 2783 2923 2848 πανάγνους
2958 2781 3155 2846 ταύτης
3201 2779 3431 2850 ἐραστὰς
3458 2777 3771 2845 δεξιουμένη,

2246 2871 2442 2940 μυρίας
2471 2870 2786 2940 ἀναπιμπλᾷ
2808 2871 2904 2940 τῆς
2932 2869 3280 2938 εὐφροσύνης,
3308 2868 3397 2921 καὶ
3425 2867 3772 2934 ἀγαλλιάσεως

2243 2963 2389 3025 Θείας
2444 2963 2698 3030 μετόχους
2748 2959 3135 3012 ἀποδείκνυσιν.
3195 2956 3337 3024 Αὕτη
3388 2958 3482 3009 καὶ
3536 2956 3653 3008 νοῦν
3693 2951 3776 3006 τὶν

2222 3053 2528 3120 .ἡμέτερον,
2561 3051 2653 3104 καὶ
2675 3051 2829 3118 λόγον
2856 3051 2988 3120 πρὸς
3016 3049 3111 3119 τὴν
3140 3047 3439 3119 ὑπερϐολὴν
3477 3047 3583 3100 τῶν
3619 3047 3772 3111 αὐτῆς

591 3141 827 3194 animum
860 3143 1076 3210 quidem
1125 3142 1227 3198 ﬁde
1263 3145 1513 3210 roborat;
1558 3161 1860 3201 sermonem
1902 3163 2029 3201 vero
2074 3149 2141 3203 ad

2244 3144 2576 3212 παθημάτων
2623 3143 2944 3208 ἐκλυόμενον
2991 3140 3261 3204 διιστῶσα,
3313 3137 3542 3207 ῥώννυσι
3599 3135 3687 3204 μὲν
3720 3137 3774 3184 ἐν

591 3230 737 3286 illius
761 3232 1064 3285 enarranda
1106 3233 1374 3287 mirabilia
1406 3234 1584 3302 erigit.

662 3417 900 3472 Primum
942 3418 1161 3486 quidem
1201 3416 1330 3470 illud
1355 3430 1544 3472 omnes
1578 3433 1739 3487 rogo;
1773 3433 1840 3474 ne
1872 3421 1996 3488 quis
2030 3421 2138 3474 sei-

590 3509 712 3563 licct
761 3508 1126 3576 comparando
1177 3517 1386 3561 natura:
1427 3507 1847 3563 imbecillitatem
1878 3524 2003 3564 cum
2036 3511 2138 3564 im-

589 3613 776 3654 mensa
824 3609 1213 3652 tormentorum
1265 3598 1338 3662 vi,
1388 3598 1613 3652 moleste
1646 3598 1828 3652 animo
1860 3599 2140 3654 habeatac

586 3690 935 3745 dubitationis
957 3688 1310 3758 cogitationes
1331 3695 1598 3751 assumat;
1623 3699 1872 3758 tanquam
1897 3690 2007 3744 ﬁeri
2033 3705 2140 3744 non

587 3783 781 3848 possit,
818 3779 1011 3835 ut'vei
1053 3778 1493 3834 robustissimum
1545 3780 1642 3833 viri
1692 3794 1906 3850 corpus,
1941 3783 2136 3834 nedum

587 3870 852 3924 muliebre
879 3884 940 3922 ac
967 3867 1196 3936 juvenili
1240 3867 1394 3920 valde
1419 3877 1594 3927 aetate,
1631 3867 1815 3920 tandiu
1849 3868 2012 3921 tantis
2037 3869 2140 3922 sic«

587 3977 693 4029 que
754 3959 1006 4013 violentis
1059 3957 1394 4010 cruciatibus
1433 3970 1495 4008 ac
1525 3957 1808 4015 tormentis
1835 3957 2007 4009 obniti
2043 3971 2138 4024 po-

590 4050 772 4103 tuerit.
830 4046 946 4101 Non
1006 4046 1148 4110 enim
1202 4044 1453 4110 corporis
1477 4043 1693 4106 robore,
1746 4044 1839 4097 sed
1871 4044 2135 4111 spiritus;

588 4153 689 4193 nec
729 4137 980 4190 ﬁrmitate
1016 4143 1242 4197 naturas,
1273 4133 1363 4187 sed
1396 4133 1515 4186 ﬁdei
1548 4131 1878 4197 fortitudine,
1908 4132 2140 4186 victoria:

581 4239 866 4299 compotes
891 4237 1159 4296 martyres
1209 4227 1484 4278 exstitere.
1517 4223 1631 4291 Ipse
1664 4224 1805 4277 enim
1839 4224 2140 4291 inaspecta-

590 4320 682 4372 bili
716 4319 930 4371 ratione
963 4315 1280 4369 certaminis
1304 4329 1500 4382 praeses
1534 4314 1638 4366 illis
1664 4313 1856 4381 Spiritu
1877 4327 2137 4382 praesens.

587 4411 679 4478 qui
706 4410 794 4463 illo
821 4406 1213 4477 defunguntdr,
1246 4403 1566 4474 illorumque
1601 4405 1854 4457 membris
1879 4415 2133 4473 tanquam

2243 3240 2418 3289 πίστει
2443 3235 2530 3287 τὸν
2552 3233 2672 3285 νοῦν
2701 3252 2712 3263 ·
2746 3231 2876 3301 πρὸς
2904 3232 3158 3300 ἐξήγησιν
3179 3230 3235 3283 δὲ
3255 3230 3361 3282 τῶν
3384 3230 3550 3298 αὐτῆς
3581 3229 3773 3297 θαυμα-

2240 3328 2372 3380 σίων
2397 3325 2484 3378 τδν
2514 3326 2667 3392 λόγον
2695 3324 2973 3393 ἐξεγείρει.

2311 3415 2529 3485 Πρῶτον
2562 3414 2659 3482 μὲν
2687 3412 2779 3464 οὖν
2825 3414 2996 3464 ἐκεῖνο
3043 3411 3245 3474 πάντας
3285 3409 3438 3475 ἀξιῶ,
3492 3410 3682 3478 μηδένα
3717 3409 3775 3459 τὸ

2243 3507 2436 3577 σαθρὸν
2465 3507 2561 3573 τῆς
2591 3505 2802 3574 φύσεως
2836 3505 2966 3577 προς
2999 3504 3096 3573 τὴν
3140 3503 3438 3572 ὑπερϐολὴν
3478 3502 3581 3556 τῶν
3622 3501 3774 3555 κολά-

2243 3613 2376 3649 σεων
2428 3595 2884 3664 παρατιθέμενον,
2934 3592 3315 3646 ἀποκναίεσθαι
3361 3593 3453 3645 τὸν
3495 3592 3643 3652 νοῦν,
3689 3589 3776 3642 καὶ

2239 3685 2485 3754 διψυχίας
2509 3683 3044 3753 κάμνεινίλογισμοῖς,
3069 3683 3141 3745 ὡς
3163 3677 3436 3751 ἀμήχανον
3463 3680 3522 3733 ὃν
3546 3681 3631 3732 καὶ
3659 3696 3775 3746 γεν-

2240 3777 2528 3830 νικώτατον
2551 3774 2735 3843 ἀνδρὸς
2763 3773 2940 3842 σῶμα,
2969 3772 3042 3842 μὴ
3076 3773 3155 3824 ὅτι
3199 3788 3262 3838 γε
3305 3770 3368 3840 ὀὴ
3412 3770 3540 3839 θῆλυ
3581 3771 3667 3822 καὶ
3689 3786 3776 3819 κο-

2243 3866 2366 3934 μιδῆ
2401 3865 2611 3933 νεαρὸν,
2645 3864 2778 3932 πρὸς
2821 3861 3150 3931 τηλικαύτην
3186 3860 3624 3930 στρεϐλωτηρίων
3661 3857 3776 3925 βίαν

2239 3959 2329 4010 ἐπὶ
2355 3955 2602 4009 τοσοῦτον
2628 3955 2893 4022 ἀντισχεῖν
2918 3969 2930 3982 ·
2957 3953 3016 4004 ού
3039 3952 3144 4020 γάρ
3173 3949 3340 4020 ἰσχύει
3365 3950 3628 4019 σώματος,
3649 3948 3776 4001 ἀλλά

2239 4047 2580 4111 πνεύματος·
2625 4040 2744 4093 οὐδὲ
2802 4039 3010 4108 φύσεως
3063 4039 3395 4108 στερρότητι,
3448 4034 3672 4098 πίστεως
3723 4037 3774 4087 δὲ

2239 4134 2588 4206 κραταιότητι
2618 4133 2754 4201 μετά
2778 4131 3062 4200 μαρτύρων
3087 4131 3118 4198 ή
3143 4131 3263 4199 νίκη
3291 4131 3599 4198 καθορᾶται.
3617 4128 3775 4189 Αὐτὸς

2239 4228 2345 4295 γὰρ
2372 4226 2612 4293 ἀοράτως
2641 4226 2667 4276 ὁ
2694 4223 2979 4289 ἀθλοθέτης
3003 4224 3134 4290 μετά
3158 4221 3264 4274 τῶν
3299 4221 3595 4274 ἀθλούντων
3634 4220 3773 4282 γινό-

2242 4331 2397 4385 μενος
2445 4313 2522 4382 τῷ
2573 4312 2856 4378 πνεύματι,
2914 4310 3005 4360 καὶ
3058 4311 3168 4370 τοῖς
3227 4308 3402 4389 αὐτῶν
3454 4308 3661 4376 μέλεσιν
3701 4307 3774 4365 ὠς

2237 4407 2453 4466 οἰκείοις
2486 4403 2836 4472 κεχρημένος,
2879 4399 3138 4466 σταθερὰν
3175 4416 3232 4450 τε
3269 4399 3358 4450 καὶ
3392 4397 3774 4466 μεγαλότολμοι)

589 4501 824 4570 propriis
850 4509 1027 4560 utens,
1055 4511 1149 4566 pro
1168 4511 1224 4550 se
1245 4496 1614 4549 laborantibus
1641 4495 1945 4548 ﬁrmitatem
1972 4495 2135 4547 animi

2244 4500 2330 4568 τὴν
2371 4497 2476 4549 τῶν
2510 4467 2837 4563 ύπέρῃαύτοῦ
2882 4491 3217 4558 πονουμένων
3253 4491 3538 4558 ἐργάζεται
3583 4489 3772 4558 ψυχήν.

587 4596 804 4656 praestat
825 4600 887 4638 ac
918 4583 1217 4637 audaciam.
1248 4581 1538 4650 ipsumque
1570 4581 1702 4635 adeo
1734 4581 1934 4648 pariter
1958 4581 2134 4635 decer-

588 4689 710 4730 tans
729 4674 1131 4742 corpusculum,
1179 4673 1335 4726 modo
1363 4671 1581 4739 quidem
1634 4673 1888 4723 intactum
1915 4671 2136 4724 omnino

585 4765 870 4820 tormentis
894 4763 1050 4828 facit;
1077 4763 1232 4816 modo
1257 4773 1432 4815 autem
1453 4762 1540 4815 ubi
1568 4762 1829 4829 tantisper
1861 4762 1967 4829 pati
2015 4777 2137 4829 per-

587 4855 824 4913 miserit,
856 4866 1014 4920 quam
1048 4851 1154 4902 cito
1181 4849 1312 4903 illud
1343 4857 1516 4908 curat,
1548 4849 1932 4917 integrumque
1959 4863 2020 4902 ac
2050 4865 2135 4901 sa-

585 4961 713 4998 num
745 4941 944 5005 reddit;
973 4940 1140 4993 donec
1161 4941 1371 4993 tandem
1391 4939 1619 4990 faustum
1642 4941 1840 4991 exitum
1867 4939 2131 5006 ﬁnemque

562 5020 918 5101 certantibus
948 5031 1193 5086 conferre
1229 5030 1277 5084 ei
1313 5030 1594 5098 placuerit.
1635 5030 1686 5082 ltl
1730 5044 1855 5082 vero
1885 5038 2128 5096 praestat,

587 5133 698 5179 tum
727 5131 783 5177 ut
809 5121 910 5177 sibi
932 5109 1178 5191 gloriam,
1206 5121 1381 5187 iisque
1407 5119 1795 5186 quitormcntis
1816 5122 2130 5174 excrucian-

588 5228 695 5281 tur,
719 5216 1124 5270 sanctimoniam
1158 5213 1434 5274 conciliet,
1466 5222 1574 5264 tum
1607 5222 1662 5265 ut
1714 5221 1766 5267 et
1797 5213 1953 5281 vulgo
1986 5213 2127 5266 salu—

587 5318 692 5362 tem
715 5307 918 5361 aﬂ'erat.
953 5305 1214 5363 Salutem,
1258 5303 1500 5370 inquam,
1533 5320 1649 5370 quae
1669 5320 1728 5355 ex
1764 5305 1865 5357 ﬁde
1894 5312 1997 5367 est,
2035 5319 2128 5355 ne-

584 5397 711 5451 dum
743 5397 848 5449 illis
875 5395 966 5463 qui
994 5406 1119 5446 tunc
1146 5390 1404 5458 temporis
1457 5393 1810 5445 certaminum
1862 5404 2128 5459 spectato-

583 5501 670 5540 res
693 5485 912 5545 fuerint,
941 5484 1031 5537 sed
1064 5489 1116 5534 et
1140 5479 1337 5531 futuris
1366 5482 1804 5547 generationibus
1827 5482 2122 5550 provideat.

658 5626 768 5689 (⁵72)
828 5622 1024 5672 Καλὸν
1079 5621 1376 5683 ἐντίὶφῖον.
1429 5621 1704 5686 Snmplum
1741 5633 1822 5675 est
1886 5621 2122 5686 Gregorii

588 5691 976 5751 Macltabmicis,
995 5691 1080 5740 ubi
1113 5690 1180 5741 ita
1204 5689 1315 5739 Bill.
1338 5708 1348 5739 :
1373 5690 1584 5741 Pulchri
1608 5692 1876 5755 rujusdam
1896 5690 2122 5755 funebris

595 5768 700 5813 luco
755 5760 972 5824 seipsam
1017 5760 1186 5812 liberis
1228 5758 1429 5823 obtulit,
1487 5769 1655 5812 mater
1729 5762 1949 5822 scilicet;
2011 5760 2120 5827 ipsa

2236 4589 2342 4640 Καὶ
2369 4587 2428 4639 τὸ
2463 4585 2748 4637 συναθλοῦν
2773 4583 2826 4634 δὲ
2867 4582 3151 4648 σωμάτιον,
3185 4582 3311 4631 ποτὲ
3362 4580 3459 4647 μὲν
3493 4579 3774 4646 ἀπρόσιτον

2235 4679 2407 4743 πάντη
2447 4677 2565 4736 ταῖς
2609 4672 2895 4740 τιμωρίαις
2947 4669 3317 4722 ἀποδείκνυσι*
3355 4669 3485 4721 ποτέ
3523 4669 3574 4720 δὲ
3613 4665 3772 4735 μικρά

2237 4769 2461 4835 πάσχειν
2488 4765 2686 4825 ἐνδοὺς,
2717 4764 2790 4823 ώς
2821 4761 3042 4828 τάχιστα
3071 4759 3222 4811 τοῦτο
3261 4758 3549 4826 θεραπεύει
3585 4775 3640 4809 τε
3680 4758 3770 4808 καὶ

2234 4852 2562 4924 καταρτίζει,
2598 4853 2784 4921 μέχρις
2823 4845 2881 4902 οὗ
2912 4850 3077 4913 δεξιὸν
3112 4849 3280 4918 πέρας
3308 4851 3413 4910 τοῖς
3449 4846 3772 4915 ἀγωνιζομέ-

2234 4965 2342 5009 νοις
2369 4943 2639 4996 ἐπιθαλείν
2667 4943 2863 5000 ἐκεῖνος
2893 4939 3001 4991 δοκι
3011 4939 3246 5008 μάσειεν.
3275 4937 3346 4990 Τὸ
3377 4938 3432 4990 δὲ
3452 4939 3604 5001 ποιεῖ,
3641 4935 3771 5005 apo-3

2239 5039 2334 5105 μὲν
2376 5034 2548 5099 ἑαυτῷ
2591 5033 2765 5094 δόξαν,
2830 5029 2920 5082 καὶ
2964 5031 3073 5090 τοῖς
3121 5029 3480 5096 αἰκιζομένοις
3512 5027 3773 5095 ἁγιασμδν

2237 5122 2708 5192 περιποιούμενος⁹
2781 5117 2911 5188 ὁμοῦ
2964 5119 3016 5169 δὲ
3063 5120 3154 5169 καὶ
3210 5119 3478 5186 σωτηρίαν
3530 5118 3770 5176 πολλοῖς⁸

2236 5212 2499 5278 σωτηρίαν
2524 5210 2597 5271 δὲ,
2624 5211 2716 5278 τὴν
2741 5214 2802 5261 ἐκ
2834 5209 3080 5273 πίστεως,
3109 5209 3169 5260 οὐ
3199 5211 3306 5270 τοῖς
3329 5210 3445 5282 1613
3473 5210 3624 5277 μόνον
3647 5207 3772 5268 τοὺς

2232 5304 2440 5368 ἀγῶνας
2466 5300 2678 5367 ὁρῶσιν,
2702 5301 2834 5353 ἀλλά
2865 5302 2953 5350 καὶ
2983 5302 3099 5360 ταῖς
3145 5301 3420 5359 ἐπιούσαις
3463 5297 3766 5367 προμηθούν

2232 5408 2385 5458 μενος
2424 5392 2650 5454 γενεαῖς.

2238 5636 2558 5686 przngressos
2590 5621 2782 5672 liberos
2817 5619 3055 5686 martyrii
3101 5619 3344 5684 palarstra
3399 5627 3597 5668 secuta.
3630 5616 3770 5667 Sunt

2230 5689 2341 5741 base
2363 5692 2428 5742 de
2456 5690 2731 5742 Anastasia
2764 5689 2921 5740 vidua
2965 5696 3214 5754 acettt'ata
3239 5701 3300 5736 ac
3340 5702 3492 5749 pura,
3526 5688 3636 5754 ipsa
3667 5700 3765 5738 ea-

2228 5760 2343 5813 dem
2369 5775 2483 5827 quae
2513 5761 2562 5812 in
2600 5756 2808 5813 Menaeis
2839 5771 2887 5812 ct
2915 5759 2967 5810 in
2995 5755 3140 5811 Actis
3174 5753 3435 5821 Metapbr.
