3922 6314
166 419 250 483 345
940 413 1216 474 ORATIO
1254 413 1434 475 XV”.
1475 440 1537 451 —-
1563 413 1642 473 IN
1677 415 1983 504 LAUDEM
2030 423 2088 483 S.
2125 423 2590 484 ANASTASUE.

3259 415 3362 481 ζίίῦ

231 522 430 592 Ἐπειδὴ
486 521 660 575 τοίνυν
702 521 855 575 ταῦθ’
903 521 1073 586 οὕτως
1119 521 1262 590 ἔχειν
1319 523 1494 585 καλῶς
1545 524 1696 575 ὑπεί-

1872 526 2319 602 Quandoquidem
2365 533 2528 603 igitur
2553 531 2664 585 haec
2696 545 2755 585 se
2779 539 2929 607 recte
2956 529 3158 584 habere
3189 531 3364 599 visum

167 621 355 688 ληπται,
388 614 518 683 φέρε
537 613 601 683 δὴ
623 615 714 666 καὶ
740 615 918 683 ἡμεῖς,
949 607 1288 684 κυϐερνήτην
1324 616 1424 682 μὲν
1452 614 1705 667 ἐπικαλε-

168 711 360 780 σάμενοι
383 706 476 758 τὸν
500 706 836 774 ἀγωνοθέτην
861 705 1092 774 Χριστόν
1112 721 1127 736 ·
1162 705 1330 775 οὐρίῳ
1355 707 1410 759 δὲ
1437 705 1707 776 πνεύματι

167 801 231 870 τῷ
253 796 581 867 Παρακλήτῳ
623 795 968 866 κεχρημένοι,
997 795 1074 862 τῷ
1124 795 1355 863 πελάγει·
1400 797 1463 866 δὴ
1512 795 1707 865 τούτῳ,

166 889 256 944 τῶν
274 888 364 956 τῆς
403 885 643 955 μεγάλης
683 884 1034 947 Ἀναστασίας
1066 885 1243 939 ἄθλων
1288 885 1378 938 τὸν
1413 885 1568 952 λόγον
1613 885 1702 937 ὲπ-

168 981 383 1050 αφῶμεν·
414 977 573 1032 τοῦτό
597 994 659 1045 γε
688 977 753 1030 δι’
785 977 946 1046 εὐχῆς
971 977 1181 1046 ἔχοντες
1212 977 1388 1048 μόνον,
1413 976 1552 1030 ὥστε
1584 993 1709 1030 κατ-

166 1071 457 1142 ευθυνθῆναι
489 1070 610 1140 μὲν
649 1072 780 1141 ἡμῖν
829 1069 889 1122 τὸ
934 1069 1137 1142 σκάφος
1181 1069 1274 1122 τοῦ
1321 1069 1411 1121 νοῦ
1452 1067 1710 1142 πρδςτρν

167 1164 249 1231 τῆς
280 1135 528 1228 ἀληθείας
565 1135 858 1223 ἀκινδύνως
903 1135 1103 1230 ὅρμον·
1151 1160 1240 1212 τὸν
1282 1135 1708 1214 παντοδαπδνίδὲ

165 1253 256 1306 τῶν
276 1251 589 1320 ἀγωγίμων,
619 1251 714 1304 σῖτ’
738 1245 829 1304 οὖν
853 1250 1085 1304 ἐπαίνων
1114 1250 1329 1320 φόρτον,
1356 1246 1443 1303 οἵα
1464 1250 1528 1321 δὴ
1552 1267 1711 1319 κεχα-

170 1343 367 1413 ρισμένα
410 1342 559 1412 δῶρα
600 1341 694 1394 καὶ
738 1342 886 1410 φίλα,
915 1343 984 1411 τῇ
1025 1340 1500 1412 παρθενομάρτυρι
1547 1355 1712 1411 προσ-

167 1435 402 1501 ενεγκεῖν.

226 1525 427 1588 Ἀλλοις
469 1524 567 1592 μὲν
603 1523 697 1576 οὖν
733 1523 964 1594 πατρίδα
1003 1523 1102 1593 τὴν
1137 1522 1381 1593 βασιλίδα
1416 1522 1507 1577 καὶ
1539 1536 1711 1591 μεγα-

165 1613 355 1667 λόπολιν
395 1612 621 1682 αὐχοῦσι
663 1612 912 1682 Ῥώμην,
959 1612 1051 1666 καὶ
1086 1613 1274 1680 γένους
1322 1612 1378 1664 δὲ
1431 1611 1539 1664 τῶν
1580 1607 1711 1679 παρ’

167 1708 326 1770 αὐτοῖς
349 1705 574 1776 λαχοῦσι
597 1705 868 1775 λαμπροῦ,
895 1705 1099 1769 ἔξεστιν
1120 1705 1248 1766 ἴσως
1273 1703 1709 1774 μεγαλοφρονεῖν,

167 1797 244 1850 καί
268 1815 317 1849 τι
337 1797 496 1849 πλέον
529 1796 635 1849 τῶν
667 1795 1035 1864 ἀγενεστέριυν
1063 1795 1205 1864 ἔχειν
1225 1778 1431 1847 δοκεῖνέ
1460 1789 1542 1855 οἷς
1561 1793 1713 1847 οὐδὲν

165 1888 349 1942 οἴκοθεν
379 1887 592 1956 ἔχουσιν
641 1887 722 1950 είς
763 1886 1140 1955 εὐδοκίμησιν.
1185 1885 1434 1938 ἐντεῦθεν
1486 1883 1704 1938 εὐκλειά

165 1996 235 2041 τις
263 1975 642 2047 προσγίνεσθαι
671 1973 983 2044 νομίζεται·
1012 1978 1079 2044 τῇ
1106 1975 1164 2028 δὲ
1209 1973 1358 2027 οὐδὲν
1386 1969 1536 2042 οἶμαι
1572 1973 1712 2044 μέγα

173 2067 370 2138 Ῥώμης
392 2066 694 2134 πεφυκέναι
724 2064 967 2135 βλαστὸν.
988 2063 1152 2118 Οὐδὲν
1171 2064 1304 2134 αὐτῇ
1338 2063 1397 2115 τὸ
1425 2062 1712 2131 ἐπίσημον,

167 2159 207 2211 εί
233 2159 413 2225 γενεᾶς
436 2153 571 2210 οὖσα
594 2155 850 2223 τυγχάνοι
887 2153 1214 2223 περιφανοῦς
1239 2170 1254 2186 ·
1284 2151 1587 2206 τούναντίον
1615 2151 1715 2221 μὲν

163 2247 451 2318 οὖν,ομέγα
497 2249 563 2316 τῇ
622 2246 775 2299 πόλει
817 2244 1122 2313 Ῥωμαίων,
1161 2243 1223 2296 τὸ
1279 2243 1486 2295 πολῖτιν
1529 2242 1716 2310 αὐχεῖν

174 2337 528 2393 ’Δ-ιαστασίαν.
574 2335 863 2405 Ἐπίσημοι
910 2334 966 2387 δὲ
1013 2334 1080 2386 δι’
1119 2333 1306 2403 αὐτὴν,
1338 2334 1451 2403 οὐχ-
1487 2333 1536 2386 οἱ
1578 2333 1715 2385 κατὰ

165 2432 306 2499 σῶμα
331 2429 612 2496 συγγενεῖς
635 2427 793 2497 μόνον
809 2467 823 2491 ,
850 2425 1027 2494 πολλῷ
1051 2425 1105 2478 δὲ
1130 2425 1290 2478 πλέον
1308 2427 1355 2476 οί
1381 2425 1466 2477 διὰ
1485 2425 1715 2486 πίστεως

164 2522 286 2589 αὐτῇ
330 2517 854 2588 προσθικειούμενοι.
887 2517 1010 2580 Πῶς
1041 2516 1132 2570 οὖν
1177 2515 1430 2586 πατρίδος
1459 2515 1491 2585 ἢ
1527 2515 1715 2582 γένους

165 2613 432 2682 σεμνότητι
480 2610 837 2679 σεμνύνεσθαι
876 2609 1112 2676 νομίζειν
1153 2608 1318 2672 εἰκὸς,
1364 2607 1458 2676 τὴν
1501 2607 1715 2669 ἁπάσας

163 2702 257 2757 τῶν
276 2703 475 2756 πιστῶν
502 2701 692 2770 γενεὰς
719 2701 785 2753 δι’
805 2701 1108 2771 ὐπερὸολὴν
1135 2700 1415 2769 ἁγιότητος
1444 2698 1714 2766 ἐξευγενί-

163 2793 344 2854 ζουσαν
365 2809 379 2857 ;
403 2792 594 2855 Οὐδεὶς
621 2792 840 2852 ἔπαινος
876 2793 1139 2861 μάρτυσιν
1163 2807 1175 2819 ·
1208 2791 1324 2843 οὐδὲ
1350 2791 1574 2842 καθόλου
1605 2791 1716 2850 τοῖς

163 2883 348 2937 ἄνωθεν
367 2899 595 2954 γεγεννη
605 2884 800 2952 μένοις,
829 2882 1070 2951 καὶπρὸς
1093 2881 1316 2951 οὐρανὸν
1341 2881 1398 2932 τὸ
1422 2879 1717 2947 πολίτευμα

164 2975 553 3044 μεταθεμένοις,
611 2974 644 3042 ή
691 2974 799 3024 τῶν
852 2974 998 3025 κάτω
1045 2973 1360 3040 λαμπρότης
1417 2971 1714 3038 συγγενῶν.

165 3064 310 3116 Ὅθεν
368 3064 465 3117 καὶ
515 3064 673 3133 ἡμεῖς
719 3063 786 3115 τὰ
841 3061 987 3115 κάτω
1034 3061 1450 3130 παραλιπόντες,
1507 3063 1569 3113 ὲκ
1611 3061 1718 3113 τῶν

163 3156 357 3208 obtein
377 3154 883 3226 ἀνδραγαθημάτων
909 3155 973 3222 τῇ
1016 3152 1249 3223 μάρτυρι
1278 3156 1400 3216 τοὺς
1429 3153 1534 3205 τῶν
1555 3151 1708 3204 ἐπαί-

1821 3173 2234 3235 transtulerunt,

163 3264 252 3299 νων
280 3245 676 3318 ἀναδησώμεθα
689 3245 1024 3314 ηστεφάνους.

229 3517 288 3572 Ἦ
315 3520 412 3589 μὲν
462 3518 555 3573 οὖν
582 3518 642 3583 ἐξ
684 3518 852 3588 ἀρχῆς
881 3517 1046 3587 αὐτῆς
1089 3518 1290 3587 βίωσις,
1335 3512 1553 3571 εἴτ”οὗν
1590 3519 1716 3571 ἀνα-

166 3613 374 3681 στροφὴ,
402 3611 543 3680 καλή
605 3628 662 3662 τε
704 3610 795 3664 καὶ
832 3610 1009 3665 δεξιά·
1060 3612 1153 3664 καὶ
1194 3611 1310 3663 οἵαν
1356 3612 1498 3672 είκὸς
1530 3613 1718 3665 ἀνατε-

164 3703 402 3771 Opi-398m,
433 3703 532 3773 τὴν
560 3702 692 3770 πρὸς
721 3701 1050 3770 τηλικαύτην
1090 3703 1484 3771 ταμιευομένην
1516 3719 1715 3771 μαρτυο

167 3794 290 3860 ρίαν.
328 3792 685 3862 Ἐγκράτειαν
735 3791 830 3861 μὲν
853 3793 959 3862 γὰρ
985 3794 1017 3861 ἡ
1045 3790 1400 3862 πανὰμωμος,
1423 3794 1519 3862 οὐχ
1550 3791 1717 3845 ὕπνου

167 3886 325 3950 μόνον,
352 3886 470 3937 οὐδὲ
504 3883 806 3954 βρωμάτων
831 3885 923 3936 καὶ
951 3885 1207 3953 πομάτων
1232 3925 1247 3949 ,
1277 3884 1407 3938 ἀλλὰ
1437 3887 1527 3937 καὶ
1551 3883 1719 3954 θυμοῦ

167 3976 346 4039 παντὸς
373 3977 469 4030 καὶ
495 3974 786 4044 ἐπιθυμίας
807 3975 1001 4042 ἀλόγου
1028 3975 1366 4043 κατορθοῦσα
1391 3993 1404 4006 ο
1427 3977 1518 4029 καὶ
1547 3974 1721 4043 γλῶσ-

166 4083 251 4117 σαν
293 4066 766 4134 χαλινοῢσα,.καὶ
826 4067 1005 4120 πᾶσαν
1058 4067 1342 4136 αἴσθησιν,
1394 4066 1489 4118 καὶ
1546 4067 1722 4119 πᾶσαν

163 4157 321 4225 ψυχῆς
367 4159 582 4226 κίνησιν
639 4156 1060 4226 παιδαγωγοῦσα
1113 4157 1207 4208 καὶ
1260 4155 1719 4224 κατακοσμοῦσα’

165 4250 322 4316 ἀενάῳ
365 4250 419 4301 δὲ
475 4252 748 4319 προσευχῇ
791 4251 883 4303 καὶ
940 4250 1140 4319 μελέτῃ
1193 4250 1300 4300 τῶν
1343 4249 1500 4318 ἱερῶν
1537 4247 1719 4318 σχολά-

166 4337 316 4398 ζουσι
349 4339 609 4408 Γραφῶν,
640 4342 822 4408 νεκροῖ
852 4329 958 4409 μὲν
981 4339 1048 4390 τὰ
1089 4337 1223 4408 μέλη
1261 4341 1326 4391 τὰ
1359 4339 1450 4390 ἐπὶ
1480 4339 1577 4407 τῆς
1602 4338 1720 4405 γῆς,

168 4431 488 4492 ζωοποιεῖται
514 4431 570 4482 δὲ
596 4431 894 4497 πνεύματιο
931 4429 1139 4492 τούτοις
1169 4429 1225 4482 δὲ
1262 4429 1360 4496 τῆς
1385 4430 1583 4498 ἀρετῆς
1613 4431 1725 4488 τοῖς

1807 631 1913 688 est,
1944 637 2041 693 age
2068 622 2324 692 jamnos
2373 637 2589 693 quoque
2616 623 2932 678 certaminis
2962 621 3189 695 praeside
3211 619 3370 676 Chri-

1808 722 1893 769 sto
1967 714 2329 784 gubernatore
2399 715 2672 776 invocato.
2749 715 3102 784 secundoque
3159 714 3367 783 Spiritu

1809 812 1972 873 atque
2023 803 2203 858 amato
2248 803 2529 861 Paracleto
2589 804 2697 870 usi,
2724 803 2852 858 huic
2891 819 3098 874 magna
3130 805 3365 858 Anasta-

1809 895 1904 950 siae
1950 895 2307 950 certaminum
2380 894 2569 965 pelago
2621 909 2925 950 sermonem
2985 894 3364 956 lmmittamus,

1811 1001 1978 1040 unum
2023 985 2125 1041 hoc
2173 985 2439 1041 duntaxat
2470 987 2524 1040 in
2554 986 2695 1040 votis
2733 985 3015 1049 habentes,
3066 995 3125 1039 ut
3173 985 3369 1040 mentis

1811 1085 2010 1131 nostrae
2029 1077 2225 1147 scapha
2250 1077 2316 1130 ad
2342 1078 2583 1132 veritatis
2611 1087 2826 1144 portum
2856 1085 2975 1132 tuto
3005 1076 3288 1147 dirigatur,
3314 1083 3371 1130 et

1809 1178 1872 1223 ut
1901 1170 2077 1224 omnis
2103 1169 2315 1240 generis
2342 1171 2602 1225 mercium
2648 1170 2892 1240 (laudum
2925 1169 3158 1225 scilicetl
3183 1178 3368 1224 vectu-

1811 1275 1934 1334 ram
1958 1258 2181 1329 (quippe
2202 1267 2352 1330 grata
2397 1275 2623 1314 munera
2664 1258 2992 1341 placitaque)
3027 1259 3261 1329 virgini.
3290 1269 3372 1312 at-

1811 1365 1917 1419 que
1953 1350 2176 1420 martyri
2220 1348 2538 1420 oﬂ'eramus.

1882 1537 2124 1608 Reliquis
2144 1538 2385 1608 quidem,
2423 1542 2514 1607 qui
2549 1541 2738 1594 urbem
2774 1546 3059 1609 augustam
3089 1551 3372 1609 magnam-

1811 1647 1917 1699 que
1985 1629 2206 1684 Romam
2286 1632 2515 1701 patriam
2580 1633 2902 1702 glorientur,
2964 1632 3167 1702 quique
3222 1628 3372 1688 claro

1812 1720 1996 1776 Romae
2021 1737 2215 1792 genere
2233 1722 2340 1775 nati
2363 1722 2673 1784 sint,liceat
2699 1721 2924 1777 forsitan
2957 1723 3125 1776 altum
3159 1737 3370 1790 sapere,

1814 1824 1978 1883 atque
2028 1813 2204 1881 majus
2235 1813 2439 1882 aliquid
2471 1829 2578 1882 pra:
2614 1811 2847 1883 ignobili
2868 1815 3028 1885 vulgo
3072 1813 3240 1869 videri
3276 1829 3371 1868 ua-

1812 1914 1931 1960 etos
1960 1919 2078 1960 esse
2110 1920 2123 1956 :
2151 1905 2349 1973 quibus
2386 1905 2639 1958 nimirum
2668 1920 2791 1960 curn
2821 1921 2848 1960 a
2884 1921 2943 1961 se
2985 1904 3120 1960 nihil
3155 1903 3375 1961 virtutis

1814 1997 1880 2052 ad
1921 1987 2219 2063 claritatem
2250 1997 2503 2059 habeant,
2539 1997 2719 2066 aliqua
2757 1999 2884 2053 inde
2910 1997 3133 2052 claritas
3184 1997 3371 2050 videa-

1817 2099 1903 2142 tur
1931 2088 2216 2151 accedere;
2244 2088 2546 2142 Anastasize
2580 2104 2729 2152 vero,
2765 2089 2899 2144 nihil
2955 2103 3211 2157 magnum
3265 2088 3374 2142 eti-

1815 2181 1976 2236 stimo
2006 2179 2189 2234 Romae
2225 2195 2439 2248 germen
2465 2180 2658 2236 fuisse.
2692 2179 2835 2235 Nihil
2858 2181 2932 2238 illi
2960 2181 3194 2244 illustre,
3225 2179 3372 2246 quod

1818 2272 2012 2326 illustri
2048 2272 2302 2340 clamque
2331 2281 2448 2325 orta
2498 2273 2752 2342 progenie
2779 2289 2794 2336 ;
2823 2287 2981 2327 secus
3013 2285 3139 2327 vero
3179 2285 3371 2339 magna

1817 2364 1930 2416 haec
1955 2360 2213 2418 Romamn
2267 2363 2501 2418 civitatis
2553 2363 2890 2432 priesmntia,
2923 2362 3210 2417 Anastasia
3258 2361 3373 2431 glo-

1799 2454 1946 2514 .riari
1975 2453 2112 2508 cive.
2150 2436 2294 2507 Cla'ri
2335 2470 2463 2509 vero
2491 2455 2611 2524 ejus
2651 2454 2848 2524 gratia,
2878 2454 3077 2528 nedum
3124 2453 3371 2523 corporis

1817 2545 1893 2598 illi
1940 2542 2198 2598 aliinitate
2225 2546 2526 2612 conjuncti,
2561 2546 2654 2600 sed
2686 2555 2741 2601 et
2799 2546 2955 2615 longe
2996 2545 3189 2615 magis,
3250 2544 3376 2599 ﬁdei

1817 2634 2011 2690 merito
2068 2635 2326 2702 cultuque
2403 2635 2453 2690 ei
2521 2635 2833 2690 necessarii.
2909 2634 3154 2699 Quonam
3214 2633 3378 2703 igitur

1819 2723 2000 2786 modo,
2032 2723 2218 2793 patria)
2246 2724 2360 2779 sive
2393 2725 2610 2794 generis
2652 2725 2900 2780 claritate
2947 2724 3221 2779 honestari
3253 2725 3379 2794 jure

1820 2815 2056 2886 putanda
2118 2816 2209 2878 sit,
2256 2815 2376 2885 quae
2421 2818 2730 2872 sanctitatis
2789 2818 3118 2872 excellentia
3149 2826 3375 2871 cunctas

1821 2905 2086 2972 praeclare,
2134 2907 2512 2973 generationes
2543 2907 2838 2961 nobilitet?
2865 2903 3082 2959 Nullam
3120 2907 3375 2976 martyri-

1823 2993 1924 3046 bus
1972 2991 2210 3056 laudem,
2273 3007 2372 3045 nec
2433 3007 2655 3059 prorsus
2703 2992 2809 3046 illis
2863 3007 3093 3060 quorum
3150 3007 3178 3047 ε
3223 2991 3378 3047 οωιίε

1822 3084 2078 3136 nativitas
2108 3090 2211 3147 est,
2241 3097 2303 3137 ac
2339 3083 2427 3150 qui
2467 3099 2624 3136 suum
2670 3084 3060 3153 municipatum
3089 3083 3141 3135 in
3176 3083 3378 3136 coelum

2321 3181 2661 3239 terrenarum
2739 3171 2960 3229 claritas
3025 3183 3376 3241 cognatorum

1744 3278 1755 3293 λ
1817 3263 2067 3318 conferre
2120 3263 2394 3318 censenda
2449 3275 2552 3318 est.
2612 3262 2975 3328 Quamobrem
3029 3266 3128 3334 ipsi
3163 3279 3380 3331 quoque

1819 3356 1924 3410 illis
1949 3355 2170 3408 omissis
2199 3369 2318 3424 quae
2347 3364 2561 3408 tcrrcna
2592 3362 2742 3414 sunt,
2783 3370 2842 3409 ex
2902 3355 3134 3422 propriis
3167 3353 3377 3406 facino-

1818 3431 1968 3502 ribus
1996 3446 2212 3500 laudum
2245 3462 2474 3502 coronas
2510 3436 2728 3517 maityri
2761 3449 3136 3501 conteratnus.

1887 3535 2022 3591 Vitae
2053 3537 2217 3607 igitur
2267 3552 2295 3589 a
2339 3536 2604 3606 principio
2655 3537 2814 3598 ratio,
2867 3536 2981 3590 sive
3015 3534 3374 3596 conversatio,

1821 3631 1984 3701 proba
2019 3637 2180 3698 atque
2216 3631 2446 3698 ingenua
2475 3630 2566 3682 fuit
2595 3647 2614 3694 ;
2663 3629 2808 3695 quali
2841 3629 3096 3682 nimirum
3156 3627 3376 3681 educari

1819 3721 2195 3792 conveniebat.
2256 3737 2376 3789 quae
2427 3721 2489 3772 ad
2541 3730 2747 3774 tantum
2797 3719 3039 3789 martyrii
3101 3728 3376 3774 certamen

1822 3821 2147 3866 servaretur.
2184 3801 2583 3865 Continentiam
2648 3811 2788 3864 enim
2839 3825 3062 3879 prorsus
3123 3811 3379 3862 immacu-

1824 3905 1951 3966 lata,
1979 3900 2173 3955 nedum
2205 3916 2234 3953 a
2267 3916 2482 3958 somno.
2526 3901 2755 3968 ciboque
2782 3908 2835 3952 et
2867 3909 2991 3967 potu
3020 3906 3252 3962 tantum,
3281 3897 3376 3951 sed

1823 3995 1876 4042 et
1912 3988 1976 4039 ad
2009 3986 2154 4038 omni
2189 3986 2264 4039 ira
2290 3988 2626 4052 adversaque
2680 3986 2869 4039 rationi
2926 3985 3219 4053 cupiditate
3277 3984 3377 4037 im-

1825 4077 1996 4146 plens,
2045 4075 2391 4145 linguamque
2461 4074 2700 4136 frenatis,
2754 4088 3081 4141 omnemque
3130 4088 3376 4136 sensum,

1824 4172 1986 4230 atque
2016 4163 2178 4214 animi
2204 4173 2403 4214 motmn
2424 4177 2637 4214 mnuum
2657 4162 2925 4230 castigans
2949 4177 3377 4230 perornatus-que,

1822 4251 1936 4321 jugi
1976 4251 2206 4320 denique
2235 4252 2464 4305 orationi
2528 4268 2917 4319 sacrarumque
2972 4253 3376 4321 Scripturarum

1830 4339 2165 4394 meditationi
2198 4355 2415 4401 vaCuns,
2451 4342 2689 4393 tnemln'a
2723 4355 2841 4408 qum
2895 4351 3024 4394 sunt
3082 4358 3245 4411 super
3272 4350 3380 4395 ter-

1831 4439 1938 4482 tam
1990 4428 2276 4483 tnortiﬁcat
2305 4429 2372 4494 ⁸⁷,
2435 4429 2844 4498 vivilicaturque
2901 4432 3145 4499 spiritu:
3215 4442 3379 4499 atque

165 4522 328 4582 ὅπλοις
360 4505 835 4592 κατοχυρωθεῖσα⁶
878 4523 1076 4590 μᾶλλον
1118 4522 1174 4574 δὲ
1212 4521 1439 4591 Χριστὸν
1469 4520 1587 4572 ὅλον
1634 4521 1717 4576 διὰ

1829 4520 1978 4573 hisce
2002 4518 2220 4571 virtutis
2253 4518 2418 4570 armis
2449 4520 2778 4570 communita
2807 4534 2821 4571 ε
2855 4534 2949 4571 seu
2983 4520 3161 4587 potius
3209 4527 3379 4571 totum

166 4613 258 4664 τῶν
282 4615 517 4684 ἀρετῶν,
544 4612 618 4675 ὡς
668 4610 890 4686 θώρακα
924 4611 1286 4682 δικαιοσύνης,
1319 4611 1392 4673 ὡς
1426 4627 1721 4679 περικεφαι

165 4699 305 4755 λαίαν
360 4703 664 4774 σωτηρίου,
714 4703 788 4765 ὡς
845 4704 1115 4772 μάχαιραν
1171 4701 1420 4767 δίστομον
1467 4700 1721 4754 καθοπλι-

169 4791 369 4845 σθεῖσα·
400 4793 590 4861 ἐπειδὴ
627 4792 760 4860 πρὸς
789 4791 1122 4859 τελειοτέραν
1159 4785 1291 4860 ἧκεν
1324 4789 1555 4857 ἠλικίαν,
1587 4788 1721 4859 πρὸς

170 4880 509 4954 ἰσχυροτέραν
560 4883 734 4952 πάλην
776 4881 869 4940 τοῦ
913 4882 1200 4950 δράκοντος
1233 4919 1246 4942 ,
1298 4877 1392 4931 τοῦ
1453 4878 1721 4931 θάλασσαν

173 4972 278 5043 μὲν,
294 4973 484 5043 ὥσπερ
507 4973 875 5039 ὲξάλειπτρον,
900 4972 1039 5024 κατὰ
1059 4973 1147 5023 τὸν
1186 4971 1324 5034 Ἰὼϐ,
1353 4970 1718 5039 ἡγησαμένων

169 5064 235 5123 είς
262 5065 564 5134 περίπατον
593 5064 648 5116 δὲ
677 5064 775 5132 τὴν
812 5063 1043 5117 ἄϐυσσον
1082 5062 1436 5130 λογισαμένου
1456 5076 1468 5089 ⁸
1507 5060 1600 5112 τοῦ
1645 5060 1725 5112 σί-

168 5152 312 5221 δηρον
350 5157 470 5222 μὲν,
513 5155 723 5224 ἄχυρα·
770 5155 964 5224 χαλκὸν
1004 5156 1082 5216 δὲ,
1120 5155 1192 5213 ὡς
1233 5153 1386 5217 ξύλον
1421 5150 1615 5220 σαθρὸν
1638 5169 1719 5202 νο-

171 5245 422 5309 μίζοντος.
453 5247 614 5300 Κατὰ
642 5246 828 5297 τούτου
875 5248 1049 5308 νεᾶνις
1093 5245 1274 5312 ἁπαλὴ
1311 5244 1401 5295 καὶ
1434 5237 1724 5313 ἀπειρόγα-

171 5350 277 5396 μος,
314 5336 523 5404 σφόδρα
561 5333 976 5402 κατευμεγεθεῖν
1019 5333 1367 5386 νεανιεύεται.
1411 5333 1467 5384 '0
1496 5331 1572 5399 δὲ,
1606 5333 1724 5393 ταῖς

169 5421 261 5473 ἀπὸ
294 5424 402 5476 τῶν
433 5422 713 5491 λογισμῶν
750 5424 814 5475 ὲκ
845 5422 1089 5490 νεότητος
1129 5422 1306 5475 ἀκίσιν
1352 5423 1721 5490 ὲναλλόμενος,

168 5514 251 5564 καὶ
275 5514 536 5576 ποικίλως
566 5517 685 5575 ταῖς
716 5515 1109 5566 ὲπαναστάσεσι
1158 5514 1244 5566 διὰ
1286 5514 1390 5564 τῶν
1431 5512 1613 5564 παθῶν
1640 5515 1728 5586 ερ-

169 5602 341 5669 ῥειγείς
361 5618 380 5634 ο
408 5604 532 5656 ἐπεὶ
559 5605 634 5673 μὴ
657 5599 764 5664 οἷός
787 5619 845 5654 τε
881 5605 1092 5669 γέγονεν
1106 5605 1202 5673 τῆς
1230 5606 1391 5672 κόρης
1427 5621 1726 5674 καταστρα-

234 5777 276 5806 ⁸⁷
313 5741 522 5862 Coloss.
560 5793 637 5841 nt,
675 5778 726 5832 5.
802 5778 845 5810 ⁸⁸
873 5777 1069 5847 Ephes.
1100 5797 1175 5844 γι,
1215 5782 1299 5835 ll.
1374 5778 1536 5849 “Job
1569 5796 1676 5843 λιι,
1710 5782 1792 5835 18.

1827 4609 2102 4662 Christum
2133 4610 2390 4661 virtutum
2419 4611 2590 4673 cultu,
2633 4610 2777 4663 velut
2801 4610 3019 4663 loricam
3052 4610 3279 4676 justitize
3309 4611 3378 4675 ⁸⁸,

1827 4703 1973 4754 velut
2002 4700 2255 4754 salutaris
2285 4700 2513 4767 galeam,
2558 4701 2703 4752 velut
2759 4699 2995 4766 gladium
3057 4702 3378 4768 ancipitem,

1827 4808 1974 4846 arma
2024 4782 2215 4854 naeta;
2251 4791 2335 4844 ubi
2360 4789 2467 4856 jam
2500 4790 2564 4842 ad
2597 4788 2974 4857 perlectiorem
3019 4800 3226 4845 :elatem
3257 4807 3376 4860 per-

1827 4891 2068 4944 venerat,
2119 4881 2184 4934 ad
2244 4881 2518 4935 fortiorem
2550 4883 2809 4937 draconis
2863 4883 3060 4936 luctam
3109 4882 3245 4951 (ejus
3274 4883 3378 4934 sci-

1822 4975 1968 5037 lit-et,
2019 4975 2110 5044 qui
2159 4983 2377 5027 auctore
2425 4971 2581 5033 Jobo,
2643 4989 2794 5028 mare
2856 4981 3069 5042 reputat
3149 4983 3208 5026 ut
3284 4989 3378 5027 vas

1821 5063 2230 5133 unguentarium
2257 5061 2322 5123 ⁸⁸,
2364 5061 2725 5130 :Ibyssumqtte
2769 5061 2927 5115 habet
2967 5063 3019 5115 in
3052 5062 3366 5115 deambula-

1821 5154 2016 5207 torium
2048 5169 2062 5216 ;
2109 5161 2269 5216 atque
2310 5137 2509 5204 terrum
2543 5152 2724 5220 paleas
2755 5153 3007 5211 mstimat.
3041 5168 3222 5219 arsque
3252 5160 3372 5202 tan-

1820 5260 1984 5313 quam
2013 5243 2198 5310 fragile
2231 5244 2473 5310 lignum)
2506 5243 2768 5297 adversus
2811 5245 2952 5297 hunc
2994 5253 3174 5295 tenera
3214 5243 3373 5292 innu-

1825 5344 2022 5403 plaque
2077 5335 2249 5397 puella
2316 5333 2454 5387 vires
2510 5335 2743 5402 experiri
2798 5336 3111 5400 fortiterque
3164 5333 3369 5387 conniti

1825 5423 2002 5476 audet.
2038 5422 2130 5475 llle
2157 5435 2320 5489 porro
2367 5422 2754 5490 cogitationum
2793 5440 2818 5475 a
2855 5424 3130 5488 juventute
3168 5420 3370 5474 aculeis

1826 5517 2073 5574 irruens,
2131 5511 2381 5579 varieque
2431 5514 2896 5581 perturbationum
2959 5510 3369 5579 insurgentibus

1831 5605 2060 5658 motibus
2087 5603 2304 5670 pulsans
2330 5611 2382 5658 et
2423 5604 2812 5675 congrediens,
2844 5601 2982 5670 quod
3015 5602 3243 5671 puellam
3275 5615 3370 5657 ex-
