3922 6314
515 234 615 298 351

1678 235 1970 299 ΝίίίΕΊῖΑἳ
2010 235 2542 298 PAPHLAGONIS

3662 243 3761 304 352

517 353 732 415 sola'io,
760 349 976 401 alaritas
1007 354 1054 400 et
1081 347 1276 415 graia.
1310 344 1525 398 Orietur
1557 345 1650 397 tibi
1681 347 1787 399 vita
1809 355 1857 399 et
1893 346 2006 412 lux,
2043 346 2092 398 in

2208 348 2336 415 νὴν,
2369 349 2453 417 μὴ
2490 349 2748 418 νομίσῃς
2775 319 3320 418 ἐγκαταλελεῖφθαι.
3356 352 3453 421 Μὴ
3486 355 3765 422 ὲκλυθῇς.

517 446 728 500 Christo
750 442 877 496 Jesu
902 457 1020 494 cum
1049 441 1222 510 gloria
1251 449 1472 494 a'terna.

2196 439 2276 502 ὡς
2315 440 2768 508 πιιρεωραμένηο
2807 441 3116 509 κάμνοντα.
3150 441 3216 494 δὲ
3255 441 3364 495 τὸν
3401 448 3693 516 λογισμὸν
3732 449 3764 512 ἡ

515 534 689 599 ἐλπὶς
732 533 1072 600 διανεχέτω.
1131 534 1358 600 Μικρὸν
1420 534 1528 602 γὰρ
1564 536 1735 599 ὅσον,
1793 533 1893 587 καὶ
1949 529 2350 599 σϐεσθήσεται
2378 530 2494 599 μὲν
2580 531 2616 597 ἢ
2666 531 2954 600 δριμύτης
3023 533 3142 586 τῶν
3201 528 3509 602 ἀλγεινῶν·
3574 541 3768 593 ἀνατε’

513 625 614 678 λεῖ
634 624 703 676 δὲ
732 623 1136 693 παράκλησις,
1166 623 1316 688 δόξα
1347 642 1410 679 τε
1432 628 1531 678 καὶ
1557 627 1750 694 χάρις.
1798 623 2105 680 Ἀνατελεῐ
2137 638 2236 678 σοι
2269 621 2380 688 ζωὴ
2421 623 2517 674 καὶ
2557 624 2707 692 φῶς,
2742 626 2811 678 ἐν
2851 628 3074 694 Χριστῷ
3151 629 3343 696 Ἰησοῦ
3377 621 3524 698 μετὰ
3591 633 3768 703 δόξης

513 719 653 770 ale
664 716 778 768 lov.

585 811 684 865 Cui
728 811 883 880 virgo
919 823 1277 878 respondens,
1341 812 1416 864 ait
1451 829 1463 865 :
1499 811 1772 867 Orationis
1822 817 1949 880 opus
1988 818 2087 873 est,

514 921 543 956 o
573 900 782 956 mater!
816 901 1027 964 impleri
1062 903 1174 954 vina
1197 905 1396 972 gratia,
1427 921 1529 972 quo
1577 914 1738 959 tantm
1788 914 2090 972 persecuto-

514 1013 633 1050 rum
686 997 1020 1064 impressioni
1084 996 1384 1050 resistatur.
1447 994 1568 1050 Non
1617 998 1756 1050 enim
1816 1004 1862 1048 te
1940 995 2088 1056 latet,

517 1092 670 1154 iuxta
713 1089 1042 1142 Dominicum
1072 1106 1383 1151 sermonem,
1422 1090 1664 1156 spiritum
1694 1088 1901 1156 quidem
1923 1103 2093 1155 prom-

517 1191 665 1249 ptum
689 1197 818 1239 esse.
860 1195 1069 1232 carnem
1110 1189 1280 1231 autem
1309 1163 1667 1245 inﬁrmanti".
1702 1177 1899 1246 Nempe
1931 1177 2097 1231 debile

517 1270 776 1340 quoddam
796 1286 881 1322 vas
897 1284 1081 1336 corpus
1097 1277 1194 1332 est,
1211 1285 1270 1321 ne
1290 1268 1362 1321 vel
1379 1269 1607 1321 minima:
1623 1268 1835 1336 injuria'
1851 1268 2098 1322 resistere

517 1361 716 1414 valens.
739 1358 834 1414 Sin
862 1371 1037 1412 autent
1064 1349 1230 1410 virtus-
1256 1358 1435 1426 aliqua
1452 1375 1478 1411 e
1499 1352 1626 1410 caelo
1658 1360 2094 1413 subministrabi-

518 1459 626 1516 tur,
663 1454 844 1506 statim
879 1452 1088 1504 aninms
1131 1451 1420 1520 vigoratur,
1449 1467 1739 1521 corpusque
1794 1453 2095 1518 roboratur,

517 1559 580 1596 ac
639 1558 782 1596 mens
817 1542 1012 1594 divinis
1050 1541 1365 1594 collustrata
1397 1542 1695 1613 fulgoribus
1724 1544 1838 1611 pias
1900 1545 2094 1614 cogita-

2272 807 2339 860 -ῚΙ
2397 808 2452 860 δὲ
2498 808 2786 876 παρθένος,
2812 811 3014 879 Εὺχῆς
3059 814 3238 883 ἔργον
3262 813 3454 877 ἐστὶν,
3489 809 3535 868 ὦ
3565 817 3769 887 μῆτερ,

2198 894 2351 953 εἶπεν
2419 901 2787 966 ὑπο>.αὗοῦσα,
2869 901 3218 972 πλησθῆναι
3272 906 3511 974 χάριτος
3564 904 3768 976 ζώσης,

2193 992 2348 1046 ὥστε
2379 992 2527 1060 πρὸς
2562 996 2862 1063 τοσαύτην
2884 995 3159 1051 ἐπίθεσιν
3186 996 3304 1050 τῶν
3331 998 3593 1052 διωκτῶν
3620 983 3775 1055 dif/tn

2195 1088 2392 1156 σχεῖν.
2427 1089 2612 1142 Οἶσθα
2658 1088 2767 1157 γὰρ
2817 1089 2897 1154 ὡς
2945 1090 3012 1142 τὸ
3053 1089 3170 1158 μὲν
3212 1091 3468 1161 πνεῦμα,
3501 1094 3649 1146 κατὰ
3674 1095 3774 1146 τὸν

2196 1178 2304 1233 τοῦ
2351 1179 2572 1246 Κυρίου
2600 1181 2807 1248 λόγον,
2843 1181 3175 1249 πρόθυμον,
3203 1182 3240 1248 ἢ
3283 1181 3350 1234 δὲ
3377 1184 3536 1252 σὰρξ
3602 1185 3775 1239 ἀσθε-

2196 1268 2331 1335 νής.
2366 1269 2590 1334 Σκεῦός
2615 1288 2667 1323 τι
2696 1272 2926 1338 σαθρόν
2953 1272 3083 1324 ἐστι
3117 1273 3180 1323 τὸ
3221 1272 3411 1342 σῶμα,
3449 1275 3606 1344 μηδὲ
3629 1276 3773 1342 πρὸς

2197 1359 2313 1427 τὴν
2360 1359 2673 1429 τυχοῦσαν
2725 1356 2855 1414 οἷον
2897 1361 3182 1429 ἐπήρειαν
3226 1363 3558 1433 ἀντιϐῆναι.
3601 1368 3703 1420 Ἂν
3728 1368 3773 1418 δ’

2193 1453 2306 1520 ἄρα
2334 1471 2422 1518 τις
2455 1453 2682 1506 ἀνωθεν
2719 1453 2970 1520 δύναμις
2994 1453 3424 1524 ἐπιχορηγηθῇ,
3456 1459 3771 1523 νευροῦτιιι

2190 1543 2306 1614 μὲν
2333 1546 2512 1608 εὐθὺς
2561 1547 2596 1613 ἡ
2627 1544 2816 1612 ψυχή·
2845 1546 3192 1612 στερεοῦτιιι
3221 1547 3289 1601 δὲ
3326 1547 3393 1602 τὸ
3431 1548 3622 1619 σῶμα·
3668 1554 3762 1602 καὶ

518 1636 681 1689 tiones
710 1650 770 1688 ae
796 1634 1114 1704 theoloyicos
1139 1650 1394 1703 propense
1419 1651 1683 1690 sermones
1711 1636 1945 1706 profert,
1985 1637 2088 1690 Do-

2208 1635 2231 1687 δ
2275 1633 2423 1699 νοῦς
2450 1634 2535 1696 δὲ,
2568 1608 2696 1698 ταῖς
2719 1608 2921 1701 ⁷θείαις
2951 1608 3495 1708 ’περιλαμπόμενος
3519 1608 3534 1619 ’
3553 1640 3770 1697 ἀκτῖσι.

517 1729 722 1781 minum
751 1742 903 1780 suum
958 1727 1282 1794 ctari/icans,
1307 1743 1494 1797 eosque
1524 1728 1849 1799 confundens
1896 1731 1984 1799 qui
2019 1730 2098 1781 illi

516 1819 888 1871 adversantur.
963 1805 1096 1871 Tota
1162 1821 1298 1872 enim
1378 1818 1489 1876 Deo
1546 1821 1840 1886 adha't’ens,
1900 1821 2090 1875 nedum

518 1926 622 1962 non
683 1910 819 1963 cedit
887 1910 1171 1980 quidquam
1229 1913 1527 1974 tormentis,
1576 1929 1750 1967 verum
1778 1914 1939 1966 etiam
1985 1925 2100 1966 non

519 2019 643 2053 raro
674 2002 877 2063 irritat,
920 2004 1009 2071 qui
1041 2011 1280 2072 torquere
1315 2003 1579 2069 videntur,
1630 2003 1767 2058 velut
1825 2005 1920 2056 hoc
1955 2020 2088 2073 quo-

519 2093 807 2145 dammodo
834 2094 1118 2155 conducat,
1150 2103 1204 2145 ut
1227 2093 1479 2148 desiderii
1503 2097 1709 2164 votique
1747 2111 1953 2163 compos
1991 2096 2098 2164 ι’ῇὶ-

519 2193 718 2235 ειαιιιικ

597 2449 789 2504 Verum
816 2467 1079 2506 sermones
1109 2451 1224 2520 hos,
1247 2454 1462 2508 domina
1483 2455 1880 2520 colendissima,
1911 2457 2100 2510 missos

519 2545 704 2613 [ut-ito,
739 2559 856 2612 qua:
888 2543 984 2597 hoc
1015 2543 1194 2612 palam
1220 2546 1380 2607 scias,
1426 2562 1505 2598 me
1548 2547 1651 2598 tuis
1695 2546 1897 2614 pridem
1927 2545 2095 2599 imbu-
2124 2536 2129 2542 ’

521 2643 628 2685 tam
657 2634 1027 2698 hortamentis,
1075 2650 1167 2686 nec
1209 2650 1438 2703 unquam
1485 2636 1642 2688 vestri
1686 2634 1845 2704 hujus
1887 2637 2101 2690 consilii

518 2742 629 2779 esse
655 2725 960 2779 obliturum.
1002 2727 1080 2778 Ad
1125 2726 1403 2779 Dominum
1447 2743 1563 2781 vero
1609 2730 1844 2782 oratione
1869 2730 2007 2799 fusa,
2038 2743 2101 2780 ac

520 2834 614 2887 pro
679 2834 923 2881 me,mea
957 2818 1038 2871 illi
1093 2829 1331 2872 terumna
1382 2819 1610 2887 supplici
1665 2829 1781 2874 voto
1818 2820 2099 2907 ‘exposita,

2197 1725 2531 1794 λογισμοὺς
2577 1725 2884 1791 εὐσεϐείας
2941 1728 3036 1780 καὶ
3111 1728 3333 1797 λόγους
3406 1729 3768 1799 καρποφορεῖ

2199 1815 2530 1884 θεολογίας,
2562 1815 2823 1880 δοξάζων
2869 1817 2984 1886 μὲν
3030 1819 3136 1872 τὸν
3173 1821 3392 1875 ἑαυτοῦ
3434 1811 3767 1888 Δεσπότην,

2199 1909 2622 1977 καταισχύνων
2672 1907 2740 1962 δὲ
2797 1909 2938 1976 τοὺς
2969 1911 3549 1983 ἀντιδιατιθεμένους
3595 1915 3773 1980 αὐτῷ.

2202 1997 2384 2063 Ὅλος
2430 2000 2540 2067 γὰρ
2596 1999 2703 2054 τοῦ
2757 2002 3097 2069 κρείττονος
3152 2003 3433 2073 γεγονὼς,
3462 2007 3533 2058 οἰ·
3586 2007 3775 2074 μόνον

2199 2090 2309 2142 οὐκ
2341 2088 2621 2143 ἐνδίδωσι
2671 2092 2821 2159 πρὸς
2853 2092 2961 2157 τὰς
2999 2093 3302 2158 κολάσεις,
3327 2094 3487 2148 ἀλλὰ
3513 2096 3610 2148 καὶ
3639 2112 3775 2163 παρ·

2198 2179 2401 2243 οξύνει
2490 2182 2786 2248 πολλάκις
2853 2183 2994 2248 τοὺς
3067 2181 3340 2252 τιμωρεῖν
3406 2183 3769 2248 δοκοῦνιας.

2200 2271 2357 2326 ὣστε
2413 2270 2790 2342 συνεργῆσαι
2839 2273 3062 2341 τρόπον
3115 2274 3250 2327 τινὰ
3289 2272 3462 2327 τοῦτο
3492 2274 3639 2341 πρὸς
3664 2273 3776 2340 τὴν

2200 2362 2311 2432 τῆς
2332 2365 2597 2433 ἐφέσεως
2625 2361 2989 2433 κατάληψιν.

2283 2453 2458 2508 Ἀλλὰ
2497 2453 2635 2519 τοὺς
2665 2454 2888 2522 λόγους
2929 2454 3044 2524 μὲν
3088 2455 3362 2521 τούτους.
3402 2450 3448 2509 ὦ
3495 2453 3673 2520 κυρία
3698 2471 3776 2508 τι·

2196 2532 2494 2613 μιωτᾶτη,
2539 2543 2747 2612 πάρεςο
2802 2544 2979 2598 τοῦτο
3032 2546 3240 2613 σαφῶς
3288 2545 3510 2606 εἰδυῖα,
3546 2547 3628 2611 ὡς
3673 2544 3777 2615 ἐμὲ

2201 2636 2386 2692 πάλαι
2432 2637 2552 2692 τῶν
2587 2634 2718 2690 σῶν
2754 2636 3095 2704 ἡρτυμένην
3135 2639 3300 2705 ἔχεις
3343 2639 3773 2706 παραινέσεων,

2202 2729 2298 2782 καὶ
2345 2713 2719 2796 οῦποτέτῆς
2762 2727 3050 2797 ὑμετέρας
3110 2729 3568 2798 ἐπιλησομένην
3620 2747 3774 2799 συμ-

2203 2819 2480 2884 ϐουλίας·
2540 2818 2636 2872 ἐπὶ
2700 2820 2806 2872 τὸν
2842 2823 3062 2887 Κύριον
3129 2820 3198 2873 δὲ
3259 2821 3372 2888 τὴν
3415 2821 3632 2887 δέησιν
3690 2824 3776 2875 ἐκ·

522 2913 690 2982 nit-gis
723 2911 936 2981 juvabis
981 2911 1095 2980 ejus
1137 2929 1348 2966 munere
1396 2914 1639 2966 virtutem
1688 2912 1893 2967 caelitus
1944 2909 2099 2965 addi-

2208 2911 2454 2979 χέουσα,
2491 2913 2588 2965 καὶ
2628 2913 2786 2978 ιιιῖ’τῷ
2814 2911 2928 2980 τὴν
2958 2913 3112 2981 ὑπὲρ
3160 2914 3308 2982 ἐμοῦ
3356 2916 3568 2982 θλίψιν
3589 2916 3776 2983 derar-

525 3016 667 3066 tura,
698 3021 802 3074 qua
830 3003 1227 3073 corruptoribus
1262 3004 1377 3058 istis
1410 3005 1602 3072 possim
1630 3004 1888 3061 resistere.

594 3277 733 3347 Ejus
792 3278 1023 3333 necdum
1085 3294 1178 3331 ore
1208 3278 1430 3332 verbum
1464 3293 1748 3374 eg’ressum
1807 3291 1943 3342 erat,
1973 3293 2098 3333 cum

531 3384 794 3438 procaces
849 3371 1067 3438 procaci
1135 3369 1336 3438 impetu
1387 3369 1704 3424 cubiculum
1754 3371 2099 3438 irrumpunt;

531 3461 774 3532 ferrique
805 3461 1044 3530 pondera
1079 3461 1428 3526 adhibentes,
1467 3477 1529 3515 ac
1557 3461 1807 3531 luporum
1839 3470 2098 3514 cruento-

532 3569 654 3606 rum
689 3567 844 3606 more
896 3567 1111 3607 sacram
1153 3553 1290 3606 bane
1329 3569 1524 3624 agnam
1554 3553 1850 3620 rapientes,
1912 3566 2100 3605 coram

533 3643 761 3713 praeside
799 3642 1079 3697 stiterunt.
1118 3643 1278 3697 Stetit
1308 3653 1485 3698 autem
1514 3644 1688 3714 virgo,
1723 3655 1892 3697 totum
1924 3654 2104 3698 mente

529 3737 718 3800 induta
781 3733 1092 3800 Christum;
1136 3750 1202 3789 ac
1231 3736 1446 3804 quidem
1507 3735 1706 3790 eximia
1755 3735 1937 3790 vultus
1984 3736 2094 3805 pulo

527 3829 864 3889 eltritudine,
894 3829 1236 3883 cernentium
1270 3829 1461 3882 oculos
1503 3829 1649 3881 velut
1683 3828 1925 3882 radiante
1958 3844 2102 3898 quo-

529 3922 652 3973 dam
684 3919 896 3986 fulgure
929 3918 1367 3987 perstringebat;
1406 3918 1607 3971 mentis
1641 3933 1768 3972 vero
1829 3918 2101 3994 ﬁrmitate,

531 4012 901 4067 adversarium
943 4011 1062 4066 dire
1093 3995 1432 4066 vulnerabat.
1488 4005 1953 4075 Quemadmodum
2005 4027 2104 4064 au-

532 4119 638 4159 tem
672 4105 848 4160 oculis
898 4105 1231 4174 conspicuus
1273 4106 1458 4170 decor,
1496 4105 1724 4160 moleste
1765 4107 1993 4161 habebat
2021 4107 2106 4159 vi-

533 4202 726 4252 dentes
768 4198 1042 4267 (quisquis
1074 4200 1219 4251 enim
1256 4214 1314 4251 re
1346 4197 1662 4263 frustratur,
1694 4215 1856 4267 quam
1888 4201 2102 4255 dulcem

2202 3001 2530 3071 τέλλουσα,
2555 3001 2794 3069 μᾶλλον
2829 3002 3187 3072 ὠφελήσεις,
3221 3005 3550 3072 οὐρανόθεν
3596 3006 3772 3059 δύνα-

2196 3109 2303 3164 μιν
2340 3092 2728 3161 προστιθεῖσα
2774 3093 2870 3146 διὰ
2921 3093 3291 3163 προσευχῆς,
3331 3093 3406 3148 δι’
3429 3091 3504 3166 ἧς
3535 3096 3773 3149 ἀντικα-

2202 3168 2494 3252 ταστῆναι
2523 3183 2820 3254 δυναίμην
2847 3184 2968 3249 τοῖς
2994 3177 3258 3253 λυμεῶσι
3291 3187 3522 3251 τούτοις

2276 3274 2398 3329 Ἔτι
2427 3276 2519 3329 τοῦ
2544 3273 2783 3347 ῥήματος
2797 3277 2944 3339 ὄντος
2961 3279 3019 3330 ὲν
3038 3277 3116 3347 τῷ
3133 3278 3359 3348 στόματι
3381 3279 3570 3347 αὐτῆς,
3594 3279 3775 3330 ἐπεισ-

2203 3368 2453 3438 έρχονται
2496 3367 2594 3436 μὲν
2647 3366 2868 3434 ἀναιδην
2922 3369 2972 3420 οἱ
3004 3368 3259 3430 ἀναιδεῖς
3293 3368 3484 3439 σιδηρα
3512 3368 3569 3420 δὲ
3625 3386 3775 3438 περι-

2203 3459 2406 3521 θέντες,
2466 3456 2559 3510 καὶ
2618 3459 2820 3530 τρόπον
2875 3460 3189 3530 αἰμοϐόρων
3239 3459 3419 3513 λύκων
3472 3461 3572 3529 τὴν
3629 3461 3776 3530 ἱερὰν

2200 3551 2404 3619 ταύτην
2433 3551 2780 3622 ἁρπάσαντες
2803 3551 3039 3621 ἀμνάδα,
3065 3553 3156 3607 τοῦ
3195 3552 3460 3622 ἡγεμόνος
3491 3552 3774 3605 κατέναντι

2203 3641 2570 3712 παρέστησαν.
2626 3641 2881 3711 Εἱστὴκει
2928 3641 2984 3694 δὲ
3029 3643 3061 3711 ἡ
3104 3643 3369 3710 παρθένος
3425 3641 3543 3693 ὅλον
3576 3641 3775 3710 νοερῶς

2203 3731 2526 3800 ὲνδεδυμένη
2559 3729 2812 3801 Χριστόν·
2848 3731 2942 3782 καὶ
2963 3732 3028 3801 τῇ
3060 3729 3161 3799 μὲν
3187 3731 3455 3800 ὑπερφυεῖ
3483 3729 3576 3782 τοῦ
3615 3746 3776 3798 προσ-

2203 3822 2351 3874 ώπου
2390 3822 2640 3891 καλλονῇ,
2691 3820 2790 3884 τὰς
2823 3820 2930 3874 τῶν
2975 3819 3224 3892 ὁρώντων
3265 3820 3417 3891 ὄψεις
3465 3821 3774 3892 καταστρα-

2205 3931 2442 3979 «causa,
2476 3917 2567 3967 τὸν
2625 3913 2917 3967 ἀντίπαλον
2964 3914 3021 3968 δὲ
3084 3917 3149 3985 τῇ
3192 3913 3292 3982 τῆς
3332 3914 3572 3976 διανοίας
3611 3932 3774 3986 τραυ-

2209 4007 2509 4077 ματίζουσα
2563 4007 2903 4076 στερρότητι.
2956 4006 3166 4077 Ὥσπερ
3211 4005 3267 4058 δὲ
3337 4006 3396 4058 τὸ
3447 4005 3774 4075 βλεπόμενον

2207 4100 2397 4161 κάλλος
2433 4099 2619 4152 ἐλύπει
2668 4099 2789 4159 τοὺς
2821 4100 3063 4167 ὁρῶντας
3095 4099 3233 4168 (ira;
3265 4099 3372 4166 γὰρ
3405 4099 3652 4166 ἁστοχῶν
3687 4097 3773 4150 τ(ιῦ

2207 4191 2327 4242 κατ’
2359 4189 2519 4241 αὑτὸν
2550 4189 2723 4257 ἡδέος,
2769 4188 2993 4256 ἄχθεται
3020 4187 3218 4256 δηλαδὴ
3269 4187 3360 4239 καὶ
3390 4187 3771 4255 δυσχεραίνει),

538 4291 722 4352 habet,
755 4291 899 4343 dolet
929 4290 1181 4342 nimirum
1216 4301 1268 4343 et
1293 4289 1626 4361 indignatur)
1654 4309 1667 4345 :
1711 4293 1790 4346 sic
1833 4302 1886 4345 et
1918 4293 2099 4346 animo

2208 4280 2347 4332 οὕτω
2377 4281 2438 4351 δὴ
2464 4281 2555 4331 καὶ
2580 4278 2641 4330 τὸ
2669 4266 3082 4348 κρυπτόμενον,
3101 4276 3191 4328 τὸν
3218 4276 3456 4346 κρυπτὸν
3485 4276 3658 4345 αὐτῆς
3688 4277 3775 4328 καὶ

536 4384 735 4446 latens,
767 4381 1020 4436 latentem
1062 4381 1178 4447 ejus
1204 4397 1542 4450 prorsusque
1575 4399 1792 4453 gravem
1823 4386 2104 4448 amulum,

538 4477 604 4530 ad
634 4475 900 4529 acriorem
951 4472 1356 4526 :emulationem
1389 4465 1802 4544 gravioremque
1858 4474 2103 4530 furorem

539 4567 821 4623 incitabat.
1489 4615 1492 4618 .

610 4656 860 4719 Quonam
904 4655 1068 4723 igitur
1118 4652 1280 4707 modo
1321 4654 1578 4726 singulari
1618 4658 1934 4714 excellentia
1967 4675 2105 4730 prm-

541 4755 693 4798 stans
768 4755 1050 4800 certamen
1078 4799 1085 4804 _
1118 4744 1245 4804 hoc,
1271 4747 1518 4802 oratione
1567 4752 2108 4817 repraesentaverim?

543 4834 693 4900 Quod
746 4835 839 4887 tibi
877 4834 1102 4886 nomen?
1162 4832 1239 4886 ait
1292 4833 1525 4899 Probus,
1586 4837 1761 4905 prima
1815 4839 1993 4892 statim
2040 4843 2106 4895 ad

540 4942 659 4979 eam
691 4925 1012 4994 quaestione.
1059 4923 1160 4977 Cui
1193 4923 1282 4979 illa
1325 4907 1658 4981 :Ana‘s‘tasia
1711 4929 1919 4995 quidem
1965 4932 2104 5000 apud

543 5019 774 5070 homines
800 5034 1078 5085 eorumque
1107 5033 1204 5071 usu
1239 5034 1428 5086 vocor;
1469 5019 1777 5075 Christiana
1809 5037 1948 5079 vero.
1980 5024 2104 5077 mihi

544 5127 721 5166 verum
744 5123 898 5180 atque
930 5112 1199 5180 proprium
1227 5130 1414 5168 nomen
1453 5123 1548 5164 est.
1579 5112 1676 5166 Cui
1714 5114 1942 5179 Praeses,
1981 5131 2104 5170 rur-

548 5221 643 5256 sus
668 5203 1003 5273 subjungens
1037 5221 1050 5246 ε
1099 5205 1241 5270 Quid
1271 5221 1447 5260 causte
1488 5213 1586 5265 est,
1633 5221 1727 5256 cur
1766 5207 2105 5261 Anastasiam

550 5294 772 5347 vocent?
821 5294 956 5358 Quia
986 5296 1254 5361 nimirum,
1307 5297 1480 5364 inquit
1511 5297 1710 5364 puella,
1761 5301 1976 5352 suscitat
2026 5317 2104 5353 me

552 5386 807 5439 Dominus
837 5401 1006 5439 coram
1030 5388 1190 5450 vobis,
1211 5398 1265 5439 ut
1287 5398 1334 5441 et
1371 5398 1419 5440 te
1443 5386 1596 5440 hodie
1620 5397 1917 5456 patremque
1956 5399 2102 5442 tuum

554 5476 810 5531 Satanam
861 5478 1012 5544 plane
1061 5473 1395 5545 tanfundam.
1446 5474 1489 5532 0
1537 5478 1712 5532 vivam
1780 5483 2004 5535 vocem!
2060 5480 2102 5533 Ο

627 5669 881 5725 "Matth.
943 5687 1024 5727 λς,
1070 5672 1141 5721 Η.

2207 4374 2562 4441 παγχάλεπον
2614 4369 2922 4438 ἁντὶζηλον,
2981 4370 3058 4429 εἰς
3112 4368 3435 4439 πικρότερον
3475 4367 3641 4438 ζῆλον
3689 4368 3773 4421 καὶ

2205 4467 2406 4519 λύσσαν
2441 4462 2660 4534 ἠρέθιζε
2687 4461 3094 4532 χαλεπωτέραν.

2276 4650 2401 4714 Πῶς
2453 4645 2546 4702 οὖν
2606 4649 2772 4713 ἀξίως
2819 4649 2910 4700 τὸν
2953 4647 3204 4718 ὑπερφυῆ
3241 4647 3429 4699 τοῦτον
3471 4646 3663 4712 ἀγῶνα
3699 4644 3768 4713 τῲ

2205 4744 2346 4812 λόγῳ
2380 4740 2829 4810 παραστήσαιμις
2871 4738 2930 4790 Τί
2952 4753 3071 4801 σοι,
3104 4739 3287 4805 φησὶν,
3311 4735 3495 4803 ὄνομα
3513 4752 3532 4799 ;
3565 4737 3771 4806 πρῶτον

2205 4838 2233 4888 ὁ
2283 4834 2489 4905 Πρόὅος
2536 4833 2636 4902 τὴν
2681 4829 3072 4899 μεγαλώνυμον
3110 4824 3374 4896 ἀνείρετο.
3419 4828 3771 4882 Ἀναστασιά

2203 4929 2338 4999 μὲν,
2374 4928 2498 4996 ἔφη,
2537 4925 2693 4992 παρὰ
2723 4922 2845 4986 τοῖς
2889 4921 3216 4987 ἀνθρώποις
3234 4918 3611 4987 ὀνομάζομαι·
3651 4923 3769 4988 Χρι-

2209 5019 2425 5085 attat-i1
2452 5018 2518 5068 δέ
2553 5033 2653 5083 μοι
2702 5014 2764 5066 τὸ
2806 5011 3111 5077 ’ἀληθινὸν
3163 5010 3352 5077 ὄνομα
3397 5012 3492 5063 καὶ
3545 5015 3764 5080 κύριον.

2224 5112 2280 5164 Ὁ
2305 5113 2381 5172 δὲ,
2423 5109 2529 5163 Τοῦ
2580 5105 2774 5173 χάριν,
2818 5104 2970 5164 αὖΟις
3020 5089 3205 5169 ἔλεγεν
3252 5103 3558 5166 ὑπολαϐὼν,
3611 5108 3766 5158 Ἀνα-

2210 5203 2471 5256 στασὶαν
2515 5213 2587 5248 σε
2642 5195 2977 5258 καλοῦσιν;
3031 5195 3182 5251 Ὅτι.
3244 5197 3407 5264 φησὶν
3472 5198 3504 5266 ἠ
3561 5199 3766 5256 νεᾶνις.

2210 5292 2494 5357 ἀνίστησί
2542 5306 2617 5357 με
2672 5294 2882 5359 Κύριος
2907 5292 3052 5344 κατὰ
3105 5291 3426 5358 πρόσωπον
3458 5289 3649 5358 ὑμῶν,
3676 5289 3768 5342 ἵνα

2213 5385 2310 5439 καὶ
2343 5383 2414 5434 σὲ
2440 5381 2722 5450 σήμερον,
2760 5386 2856 5434 καὶ
2901 5383 3004 5433 τὸν
3039 5379 3260 5447 πατέρα
3293 5396 3410 5433 σου
3445 5377 3762 5446 καταισχύ-

2212 5493 2293 5530 νω
2324 5473 2616 5528 Σατανᾶν.
2651 5475 2712 5524 Ὢ
2768 5473 2946 5542 φωνῆς
3009 5472 3222 5539 ζώσηςῐ
3266 5471 3309 5522 ὣ
3367 5471 3630 5538 λαμπρᾶς
3684 5468 3766 5521 καὶ
