3924 6312
525 361 629 425 359

1677 363 1969 422 NICET/E
2029 359 2550 421 PAPIILAGONIS

3659 353 3758 414 360

529 489 746 542 rogans,
809 490 979 544 eaque
1044 477 1310 531 mirabilia
1384 492 1717 541 memorans,
1786 495 1906 548 qua:
1969 478 2068 531 οιὶιι

2204 473 2659 544 καταφερομένων
2690 471 2965 540 ὲςρὸντιζε
3008 468 3255 537 πληγῶν·
3286 468 3406 520 οὔτε
3432 467 3488 519 δὲ
3513 467 3640 537 πρὸς
3666 468 3757 528 τας

527 565 1011 636 llabylontetribns
1049 572 1227 639 pueris
1277 571 1515 625 exhibita
1573 573 1829 634 essent‘,
1866 579 1920 624 et
1969 585 2088 639 qua:

524 672 738 727 semper
785 660 891 714 illis
925 646 1164 726 exhibet,
1200 665 1288 733 qui
1327 665 1445 732 ejus
1475 678 1640 718 causa
1669 664 1826 720 malis
1848 662 2088 718 allician-

522 756 644 812 tur;
686 751 833 804 velut
863 767 984 806 rore
1029 756 1284 823 quodam,
1320 757 1570 810 oratione
1605 755 1980 825 rcfrigerante,
2011 754 2089 808 fa-

519 840 622 894 cile
647 841 938 898 admodum
975 848 1250 900 etneialus
1279 848 1502 902 ferebat.

591 1114 683 1170 llis
707 1117 885 1188 itaque
913 1121 1150 1174 animum
1214 1122 1555 1191 despondeas
1601 1123 1708 1177 tera
1750 1125 1950 1187 bellua,
2022 1125 2076 1178 in

516 1217 637 1261 rota
701 1205 936 1265 distendi
968 1213 1273 1266 columbam
1358 1217 1757 1268 immaculatam
1825 1217 2081 1279 mandat;

513 1301 735 1370 direque
787 1303 884 1354 hac
937 1319 1120 1372 pressa
1157 1306 1447 1378 machina,
1486 1307 1798 1360 ossihnsilli
1852 1307 2081 1359 commi-

514 1394 680 1457 nutis,
718 1393 1095 1461 nervisqueac
1127 1397 1380 1451 medullis
1410 1398 1679 1463 distentis,
1711 1398 1966 1467 omnique
2000 1397 2081 1452 fe-

510 1499 568 1536 re
623 1495 904 1538 exarluatn
984 1488 1231 1554 corporis
1277 1490 1656 1543 commissura.
1707 1490 1774 1542 At
1838 1503 2076 1557 quonam

512 1577 673 1630 mddo
732 1593 762 1630 a
818 1579 942 1632 talis
987 1581 1200 1634 mortis
1259 1581 1457 1650 impetu
1525 1581 1821 1636 liberatur?
1872 1579 2077 1650 Nempe

509 1678 726 1737 accepta
759 1673 821 1720 ad
853 1686 999 1730 eum,
1033 1672 1121 1738 qui
1157 1671 1367 1726 salvare
1426 1687 1568 1736 eam,
1614 1688 1682 1727 ex
1742 1683 1913 1727 morte
1944 1688 2075 1741 pos-

516 1767 599 1812 set
671 1761 847 1811 oblata
913 1762 1332 1829 supplicatione,
1386 1777 1546 1832 quam
1609 1762 1746 1817 forte
1788 1762 1931 1816 haud
1981 1780 2075 1814 su-

2192 566 2430 618 κάτωοεν
2462 564 2823 632 ἐπεστρέφετο
2853 561 3124 631 πυρώδεις
3151 576 3164 589 ·
3201 561 3345 629 μόνῳ
3379 559 3433 610 δὲ
3479 576 3757 628 προσευχο-

2191 661 2324 727 μένη
2380 656 2618 726 Χριστῷ,
2651 658 2878 708 καὶτῶν
2913 655 3228 726 Θαυμασίων
3260 653 3419 706 αὑτὸν
3453 655 3755 722 ὑπομιμνή-

2191 768 2413 813 σκουσα,
2473 743 2546 802 ὧν
2604 766 2660 800 τε
2693 748 2857 799 πάλαι
2900 749 3040 800 κατὰ
3089 748 3188 816 τὴν
3237 745 3589 798 Βαϐυλωνίαν
3621 746 3758 814 τρισὶ

2188 840 2445 903 νεανίαις,
2507 841 2603 893 καὶ
2638 835 2711 893 ὧν
2755 840 2840 891 ἀεὶ
2879 842 2990 901 τοῖς
3020 840 3158 910 ὑπὲρ
3207 836 3369 891 αὑτοῦ
3404 837 3758 904 κακουμένοις

2187 935 2599 986 ὑποδείκνυται·
2651 935 2902 1001 καθάπερ
2968 933 3142 1002 δρόσῳ
3194 931 3299 984 τινὶ
3360 924 3424 998 τῇ
3487 932 3758 999 προσευχῇ

2187 1024 2886 1095 καταψυχομένηβὺμαρῶς
2903 1023 3040 1090 ἄγαν
3054 1023 3302 1092 ’ὑπέιρερε
3329 1024 3423 1084 τὰς
3443 1021 3756 1090 ἀλγηδόνας.

2257 1119 2474 1178 ’ἱόύτοις
2515 1113 2607 1169 οὖν
2644 1118 2942 1183 ἀποκαμών
2983 1117 3010 1167 ὀ
3047 1114 3149 1184 θὴρ
3181 1118 3407 1177 ἐκεῖνος,
3436 1116 3528 1164 ἐπὶ
3569 1113 3756 1182 τροχοῦ

2185 1210 2595 1262 κατατείνεσθαι
2646 1211 2741 1277 τὴν
2800 1208 3021 1260 ἄσπιλον
3065 1207 3365 1259 ἐνετέλλετο
3398 1207 3754 1276 περιστεράν⁸

2183 1301 2368 1360 δεινῶς
2402 1302 2457 1353 δὲ
2491 1300 2566 1369 τῷ
2613 1301 2881 1368 μαγγάνῳ
2943 1298 3366 1351 καταπιεσθεῖσα
3390 1313 3403 1325 ⁸
3446 1297 3554 1349 τών
3585 1297 3754 1348 ὀστῶν

2188 1395 2284 1463 μὲν
2341 1395 2478 1462 αὐτῇ
2550 1393 2960 1460 συνθλωμένων,
3015 1390 3398 1457 ἐντεινομὲνων
3454 1388 3510 1441 δέ
3557 1406 3615 1455 γε
3651 1388 3760 1440 τῶν

2181 1486 2386 1552 νεύρων
2437 1487 2530 1536 καὶ
2582 1483 2762 1552 μυῶν·
2799 1482 2892 1534 καὶ
2940 1483 3115 1551 πάσης
3163 1481 3216 1532 δὲ
3263 1480 3447 1550 σχεδὸν
3497 1479 3755 1550 ἁρμονίας

2180 1577 2272 1630 τοῦ
2299 1577 2543 1645 σώματος
2577 1575 3014 1646 ἐξαρθρουμένης
3035 1589 3048 1602 ·
3083 1574 3203 1624 τεια
3235 1573 3433 1641 τρόπον
3455 1573 3553 1641 τῆς
3578 1571 3755 1623 τοιαύ-

2181 1653 2294 1736 της·
2333 1671 2424 1721 τοῦ
2469 1668 2698 1721 Θανάτου
2747 1668 2927 1736 ῥύμης
2982 1666 3419 1733 ἀπαλλάττεταις
3458 1665 3754 1735 Ἱκετηρίαν

2178 1762 2372 1833 δεκτήν
2407 1762 2540 1830 πρὸς
2565 1761 2651 1813 τὸν
2673 1759 2966 1829 δυνάμενον
3010 1758 3199 1821 σώζειν
3235 1757 3403 1834 αὐτὴν
3436 1761 3498 1810 ἐκ
3524 1757 3752 1809 θανάτου

504 1847 768 1916 perﬂuum
841 1850 1089 1903 videatur
1148 1850 1367 1906 addere.
1405 1851 1564 1919 Dens,
1596 1852 1734 1906 Deus
1764 1853 2068 1921 spirituum,

2177 1856 2614 1922 προσενέγκασα,
2675 1853 2742 1924 ὴν
2794 1854 2922 1914 ἴσως
2974 1852 3032 1903 οὐ
3101 1850 3350 1920 περιττὸν
3397 1850 3748 1918 προσθεῖ-ιαμ

503 1939 699 2004 aiebat,
726 1942 994 2010 omnisque
1025 1945 1222 2007 carnis,
1257 1945 1349 2014 qui
1381 1944 1640 2012 sapientia
1687 1955 1775 1998 tua
1815 1961 1893 1998 res
1954 1960 2075 2013 pro-

501 2030 725 2095 dut-isti,
753 2047 1029 2102 rerumque
1055 2034 1220 2087 oculis
1246 2036 1646 2103 conspicuarum
1671 2035 2076 2104 pulcherrimam

503 2123 766 2185 (hominen
805 2125 1029 2194 scilicet)
1060 2127 1127 2178 ad
1161 2127 1442 2196 imaginem
1467 2136 1610 2179 luant
1641 2126 1883 2195 fecisti“;
1919 2136 2074 2196 atque

501 2213 639 2266 hunc
667 2230 763 2282 pro
786 2217 964 2270 sazculi
996 2217 1153 2283 huius
1214 2218 1623 2287 dispensatione,
1657 2234 1812 2270 carne.
1855 2233 1918 2270 ac
1957 2229 2075 2273 cute

500 2307 721 2372 t'estisti,
752 2307 1058 2378 casibusque
1088 2327 1150 2362 ac
1186 2311 1350 2363 nervis
1378 2311 1703 2379 compegisti,
1731 2312 1989 2378 vitamque
2012 2325 2074 2363 ac

498 2400 918 2453 misericordiam
959 2403 1190 2454 tribuisti
1215 2402 1343 2469 ei“;
1385 2413 1460 2468 tu,
1497 2403 1736 2464 Domine,
1779 2404 2072 2456 misericors

495 2499 713 2542 curator
726 2490 937 2557 jttssisti
980 2508 1070 2559 per
1111 2491 1453 2561 Prop/ictam,
1494 2495 1671 2546 dicens
1701 2509 1718 2545 :
1755 2494 1942 2546 lnvoca
1991 2509 2074 2546 tne

498 2579 552 2633 in
586 2583 672 2635 die
697 2582 1067 2636 tribulationis
1123 2594 1251 2646 tute,
1304 2600 1492 2638 eruam
1529 2594 1599 2650 te,
1641 2595 1692 2638 et
1744 2585 2074 2654 gloriticabis

499 2687 588 2725 me
610 2672 654 2724 ν.
683 2671 815 2726 Ecce
841 2674 992 2726 hodie
1018 2674 1225 2744 benigni
1255 2676 1334 2729 tui
1353 2676 1496 2730 illius
1528 2678 1764 2730 mandati
1795 2679 2071 2732 recordata

499 2763 711 2830 fortiter
742 2765 957 2829 invoco;
1004 2781 1127 2818 erue
1151 2777 1199 2820 et
1259 2767 1432 2820 libera
1458 2785 1538 2822 me
1571 2785 1601 2820 α
1650 2770 1898 2822 violentia
1956 2785 2073 2839 qua:

501 2865 672 2906 arctat
725 2871 844 2918 me;
901 2867 1051 2923 atque
1107 2875 1138 2910 a
1173 2859 1443 2912 doloribus
1473 2876 1589 2930 qua:
1627 2877 1705 2913 me
1766 2877 1902 2913 nunc
1957 2878 2073 2927 pre-

497 2957 669 3009 munt,
710 2947 991 3002 immunem
1025 2949 1183 3002 redde
1215 2969 1227 3004 :
1254 2959 1304 3002 et
1340 2951 1552 3012 ostende
1591 2953 1720 3004 mihi
1760 2954 2075 3007 'ntiscricor-

496 3037 645 3088 diam
713 3050 882 3101 tuam,
935 3047 982 3091 et
1024 3039 1263 3094 salutare
1297 3051 1443 3094 tuum
1487 3041 1667 3094 dona8
1703 3061 1714 3095 :
1754 3052 1810 3095 ut
1839 3045 1893 3094 in
1920 3053 1985 3109 te,
2018 3045 2074 3096 in

2179 1943 2304 2008 ess,
2339 1944 2443 1998 Θεὲ
2473 1944 2587 1996 τῶν
2616 1943 2994 2011 πνευμάτων,
3019 1942 3190 2008 ἔλεγε,
3223 1941 3322 1994 καί
3369 1940 3566 2007 πάσης
3608 1957 3751 2008 σαρ-

2176 2037 2282 2102 κός
2303 2053 2315 2066 ·
2345 2040 2376 2089 ό
2398 2034 2474 2103 τῇ
2504 2036 2686 2104 σοφίᾳ
2709 2051 2823 2089 σου
2859 2035 2927 2086 τὰ
2952 2034 3095 2086 ὄντα
3117 2031 3496 2101 παραγαγὼν,
3522 2032 3616 2085 καὶ
3639 2031 3753 2083 τῶν

2175 2129 2482 2198 ὁρωμένων
2510 2130 2574 2182 τὸ
2605 2112 2956 2192 κάλλιστον,
2994 2126 3329 2195 ἄνθρωπον,
3386 2125 3514 2178 κατ’
3551 2125 3752 2178 εἰκόνα

2172 2221 2298 2290 σὴν
2323 2220 2661 2288 πεποιηκώς
2680 2235 2694 2249 ·
2723 2221 2817 2272 καὶ
2847 2219 3063 2273 τοῦτον
3103 2219 3250 2286 πρὸς
3274 2216 3386 2284 τὴν
3406 2217 3751 2284 οἰκονομίαν

2175 2314 2286 2382 τὴν
2330 2314 2478 2367 κατὰ
2525 2311 2630 2365 τὸν
2669 2312 2937 2379 παρόντα
2955 2311 3121 2374 βίον,
3174 2311 3372 2376 σάρκα
3417 2308 3752 2376 περιϐαλὼν

2173 2405 2274 2460 καὶ
2303 2404 2516 2474 δέρμαο
2559 2401 2793 2468 ὀστέοις
2821 2401 2890 2454 δὲ
2911 2401 3006 2455 καὶ
3037 2401 3275 2468 νεύροις
3295 2399 3531 2466 ἐγείρας
3551 2415 3564 2427 ο
3602 2398 3751 2464 ζωὴν

2173 2495 2240 2548 δὲ
2267 2495 2404 2562 παρ’
2444 2492 2602 2558 αὐτῷ
2625 2490 2871 2562 θέμενος
2897 2493 2994 2546 καὶ
3041 2493 3216 2556 ἕλεος
3240 2506 3253 2518 ·
3297 2490 3377 2543 σὺ
3412 2491 3590 2556 Κύριε
3619 2493 3749 2558 φιλ-

2172 2585 2442 2653 άνθρωπε
2481 2583 2756 2654 κηδεμὼν
2799 2583 3074 2637 ἐνετείλω
3107 2582 3204 2636 διὰ
3254 2582 3361 2636 τοῦ
3408 2582 3745 2650 προφήτου,

2184 2676 2535 2730 Ἐπικάλεσαί
2563 2693 2652 2745 με,
2682 2675 2894 2744 λέγων,
2936 2675 2993 2727 ὲν
3018 2673 3201 2743 ἡμέρᾳ
3227 2671 3457 2742 θλίψεώς
3488 2690 3612 2739 σου,
3658 2672 3747 2725 καὶ

2171 2769 2457 2841 ἐξελοῦμαί
2510 2787 2588 2832 σε,
2643 2769 2735 2822 καὶ
2785 2769 3029 2832 δοξάσεις
3059 2785 3148 2839 με.
3193 2768 3339 2822 Ἰδοὺ
3379 2767 3455 2836 δὴ
3482 2768 3747 2836 σήμερον

2171 2862 2277 2929 τῆς
2302 2859 2531 2933 ἀγαθῆς
2554 2878 2673 2914 σου
2694 2862 2915 2927 ταύτης
2940 2858 3217 2928 ἐντολῆς,
3245 2861 3282 2928 ἡ
3311 2859 3606 2929 ἐλαχίστη
3634 2877 3745 2914 σου

2173 2953 2517 3018 θεραπαινὶς
2549 2953 3029 3020 ὑπομνησθεῖσα,
3048 2951 3310 3020 στερῤῶς
3328 2953 3742 3023 ἐπικαλοῦμαι·

2172 3042 2386 3107 ἐξελοῦ
2442 3044 2539 3097 καὶ
2589 3047 2767 3109 ρύσαι
2818 3044 2930 3113 τῆς
2981 3047 3369 3113 συνεχούσης
3404 3047 3586 3113 ,βίας-ο
3650 3046 3746 3100 καὶ

494 3127 653 3194 ﬁnem
679 3145 837 3197 usque
867 3130 1100 3198 legitime
1117 3134 1375 3186 desudato
1395 3135 1702 3194 certamine,
1728 3135 2064 3204 tibigloriam

2176 3134 2531 3198 ἀπάλλαξον
2551 3135 2668 3190 τῶν
2697 3137 2950 3204 ὀδυνῶν,
2978 3138 3039 3191 αῖ
3055 3156 3132 3206 με
3175 3136 3289 3191 νῦν
3313 3136 3613 3198 πιέζοι-σι·
3651 3140 3746 3194 καὶ

492 3219 826 3285 submittant,
854 3220 1010 3274 Patri
1029 3231 1078 3276 et
1103 3221 1248 3276 Filio
1271 3236 1319 3278 et
1345 3224 1569 3293 Spiritui
1588 3236 1791 3283 sancto.
1814 3226 2063 3294 quoniam

492 3311 637 3364 solus
663 3329 714 3365 es
742 3313 1071 3381 gloriﬁcatus
1097 3316 1151 3368 in
1187 3316 1402 3370 saecula.
1449 3319 1633 3370 Amen.

2171 3225 2371 3298 δεῖξόν
2405 3244 2508 3294 μοι
2547 3231 2609 3279 τὸ
2653 3228 2824 3296 ἔλεός
2859 3244 2998 3294 σου,
3058 3231 3155 3282 καὶ
3188 3231 3254 3283 τὸ
3295 3232 3594 3298 σωτήριόν
3631 3249 3744 3285 σου

2165 3315 2451 3385 δώρησαυ
2474 3319 2634 3383 ὅπως
2672 3319 2738 3371 ἐν
2762 3320 2859 3373 σοὶ
2875 3320 3049 3398 μέχρι
3072 3320 3283 3388 τέλους
3314 3324 3574 3390 νομίμως
3600 3323 3744 3389 ἀτω-

492 3406 808 3474 νίσαμένη,
832 3407 1017 3483 δοξαν
1047 3409 1373 3478 ἀναπέμπω
1405 3427 1522 3476 σοι,
1546 3409 1625 3476 τῷ
1650 3411 1830 3480 Πατρὶ
1855 3412 1952 3465 καὶ
1984 3409 2063 3475 τῷ
2107 3409 2216 3476 Υἱῷ
2249 3412 2349 3466 καὶ
2377 3411 2457 3477 τῷ
2489 3414 2634 3482 ἁγίῳ
2664 3416 2979 3484 Πνεύματι,
3018 3416 3106 3469 ὅτι
3135 3417 3322 3486 μόνος
3395 3413 3452 3471 εἷ
3498 3417 3742 3483 δεδοξα-

493 3497 718 3567 σμένος
747 3501 835 3565 εις
850 3499 992 3566 τοὺς
1031 3499 1270 3566 αἰῶνας.
1305 3500 1499 3570 Ἀμήν.

564 3589 716 3645 Talia
741 3606 1116 3661 comprecans,
1147 3608 1175 3646 a
1207 3593 1360 3646 ferali
1396 3593 1484 3646 illa
1514 3594 1764 3648 machina
1795 3593 2023 3648 solvitur
2050 3611 2066 3659 ;

489 3700 769 3755 manuque
812 3680 991 3750 statim
1039 3685 1242 3751 divina,
1297 3687 1360 3740 ad
1396 3686 1633 3740 nativam
1665 3685 1951 3740 sanitatem
1982 3700 2066 3738 re-

491 3781 728 3837 ducitur.
781 3779 993 3835 Rursus
1040 3797 1168 3851 ergo
1213 3791 1472 3836 cruentus
1515 3780 1604 3834 ille
1648 3776 1816 3849 jude'x
1851 3779 2066 3834 uncinis

490 3872 668 3926 acutis
699 3872 750 3924 in
778 3886 903 3925 aere
949 3887 1250 3941 su5punsze,
1275 3881 1461 3926 totum
1501 3886 1698 3941 corpus
1739 3869 1936 3925 ferreis
1959 3886 2062 3923 un-

491 3962 633 4033 gulis
692 3961 942 4015 dilaniari
995 3961 1170 4031 jubet.
1247 3963 1568 4032 Rursusque
1630 3963 1720 4016 illa
1775 3962 2055 4016 Christum

491 4067 675 4114 orans,
709 4051 1174 4122 propensioreque
1204 4052 1296 4108 Dei
1326 4069 1459 4108 cura
1495 4053 1702 4117 fruens,
1733 4052 2056 4109 carniﬁcum

492 4142 736 4198 dissolvit
785 4145 966 4210 toros;
999 4144 1370 4213 depositaque,
1412 4145 1566 4199 facile
1604 4161 1634 4200 ιι
1665 4145 1940 4200 laboribus
1975 4160 2058 4199 re-

490 4245 730 4301 creatur,
766 4244 820 4290 et
863 4235 930 4289 ad
978 4237 1212 4290 nativam
1249 4237 1408 4293 citius
1436 4238 1633 4291 bonam
1681 4237 2052 4291 habitudinem

490 4325 649 4379 redit.

564 4497 629 4550 At
681 4514 747 4551 ne
797 4499 875 4552 sic
926 4500 1141 4568 quidem
1196 4499 1458 4568 insipiens
1513 4500 1684 4553 voluit
1733 4501 2048 4569 intelligere.
2086 4533 2130 4590 ο

489 4587 655 4643 Plane
682 4589 826 4644 enim
858 4605 1075 4659 pugnax
1108 4592 1382 4644 contentio
1412 4600 1548 4653 erat,
1583 4593 1661 4645 uti
1703 4594 1846 4661 quod
1881 4595 2054 4650 oculis

488 4680 794 4750 subjectum
835 4688 970 4743 erat,
1017 4679 1364 4736 Anastasiam
1401 4682 1538 4736 inter
1586 4681 1946 4752 Probumque,
1978 4687 2058 4740 sic

2235 3588 2471 3644 Τοιαῦτα
2506 3591 2937 3661 προσευχομένη,
2991 3592 3178 3646 λύεται
3230 3595 3327 3662 μὲν
3376 3595 3470 3648 τοῦ
3502 3598 3738 3666 χαλεποῦ

2167 3685 2556 3756 μηχανήματος
2585 3682 2792 3737 ἐκείνου
2814 3699 2830 3713 ·
2865 3685 3010 3754 χειρῖ⁹
3047 3685 3102 3737 δὲ
3157 3687 3414 3755 παραυτα
3444 3691 3734 3758 κρείττονι,

2164 3782 2299 3851 πρὸς
2323 3779 2421 3848 τὴν
2455 3779 2596 3832 κατὰ
2631 3779 2790 3847 φύσιν
2823 3779 2979 3846 ὑγίαν
3005 3779 3272 3832 ἐπάνεισι.
3307 3780 3478 3833 Πάλιν
3502 3778 3596 3834 οὖν
3619 3781 3737 3845 6ξέ-

2163 3889 2248 3925 σιν
2278 3871 2447 3942 αὐτὴν
2476 3870 2715 3937 ὀγκίνοις
2751 3873 2778 3923 ὁ
2803 3870 2972 3933 δεινὸς
3007 3872 3212 3934 ἐκεῖνος
3242 3872 3500 3943 δικαστὴς
3527 3875 3612 3936 εἰς
3649 3873 3737 3925 τὸν

2161 3965 2298 4033 ἀέρα
2340 3963 2814 4033 μετεωρισθεῖσαν,
2849 3963 2962 4015 πᾶν
3015 3961 3252 4031 σιδηροῖς
3305 3962 3454 4027 ὄνυξι
3485 3965 3547 4017 τὸ
3582 3967 3735 4034 σῶμα

2163 4051 2372 4104 κελεύει
2431 4050 2890 4114 καταξαίνεσθαι·
2959 4050 3052 4103 καὶ
3113 4050 3272 4102 πάλιν
3317 4052 3457 4122 αὑτὴ
3517 4053 3734 4122 Χριστῷ

2164 4141 2595 4214 προσευχομένη,
2647 4143 2741 4197 καὶ
2793 4142 3096 4214 κρείττονος
3145 4142 3476 4213 εὐμοιροῦσα
3525 4163 3733 4217 προμη-

2163 4235 2329 4297 Θείας,
2381 4232 2564 4288 ἐκλύει
2590 4237 2687 4304 μὲν
2709 4237 2806 4305 τὴν
2835 4235 2942 4288 τῶν
2969 4235 3179 4305 δημίων
3201 4235 3445 4290 εὐτονίαν
3464 4254 3477 4267 ·
3517 4256 3732 4292 κατενε-

2161 4327 2350 4396 χθεῖσα
2368 4326 2443 4390 δὲ,
2474 4327 2668 4397 ῥᾳδίως
2691 4345 2744 4379 τε
2778 4326 2883 4380 τῶν
2914 4327 3091 4380 τόνων
3130 4328 3332 4390 ἀνεῖτο,
3357 4329 3448 4380 καὶ
3480 4329 3614 4398 πρὸς
3639 4330 3730 4400 τὴν

2160 4421 2393 4488 φυσικὴν
2419 4418 2631 4483 εὐεξίαν
2653 4416 2817 4482 ὀξέως
2849 4419 3095 4489 ἐπανῄει.

2243 4510 2381 4561 Ἀλλ’
2413 4509 2521 4560 οὐδ’
2565 4509 2734 4571 οὕτως
2775 4512 2802 4561 ὁ
2834 4510 3086 4574 ἀσύνετος
3124 4511 3394 4583 ἠϐουλήθη
3446 4512 3690 4565 συνιέναι
3713 4528 3725 4541 ·

2159 4600 2358 4668 ἅμιλλα
2386 4600 2491 4668 γὰρ
2529 4600 2694 4663 ὅντως
2722 4596 2808 4670 ἦν,
2843 4600 3027 4670 ὥσπερ
3078 4604 3136 4654 τὸ
3185 4603 3534 4673 βλεπόμενον,
3579 4606 3727 4656 Ἀνα-

2157 4691 2378 4753 στασίας
2430 4690 2631 4760 μεταξὺ
2664 4692 2757 4743 καὶ
2785 4691 3015 4762 [lg/6601),
3053 4692 3193 4746 οὕτω
3226 4694 3288 4764 δὴ
3319 4695 3377 4748 τὸ
3417 4694 3724 4762 νοούμενον,

489 4769 746 4822 nimirum
825 4768 970 4837 quod
1049 4779 1226 4824 mente
1298 4770 1731 4841 intelligebatur,
1779 4773 2053 4828 Christum

2176 4782 2389 4853 (ριστοῦ
2419 4784 2512 4835 καὶ
2556 4783 2920 4852 Ἀντιχρίστου
2947 4799 2959 4811 ·
2994 4782 3085 4835 τοῦ
3128 4785 3248 4851 μὲν,
3271 4787 3419 4846 ὅπως
3440 4772 3538 4852 τῆς
3562 4784 3724 4854 ὀρθῆς

488 4859 630 4913 inter
676 4869 728 4914 et
779 4861 1176 4916 Antichristum
1212 4879 1224 4915 :
1286 4863 1432 4916 hunc
1476 4879 1688 4932 nempe,
1721 4865 1823 4919 hoc
1855 4882 2054 4920 conan-

490 4961 621 5014 tem,
655 4961 712 5004 ut
740 4968 768 5005 a
799 4962 945 5006 recto
980 4968 1138 5006 sensu
1170 4963 1444 5008 avocatam
1469 4997 1482 5020 ,
1522 4955 1942 5009 simulacrorum
1967 4957 2049 5010 in-

488 5041 856 5108 quinamentis
903 5042 1196 5112 pollueret;
1248 5043 1398 5098 illum
1448 5060 1574 5098 vero
1616 5046 1718 5099 hoc
1746 5045 2046 5102 studentem

486 5146 550 5184 ac
582 5146 847 5200 prepense
884 5145 1151 5203 agentem,
1185 5144 1242 5189 ut
1293 5137 1383 5188 illo
1430 5137 1676 5204 depulso,
1731 5137 2050 5192 incontami-

486 5232 674 5276 natum
707 5239 864 5278 suum
901 5226 1001 5280 sibi
1035 5227 1348 5295 ﬁgmentum
1384 5227 1684 5282 exhiberet.

560 5312 728 5368 Ursos
754 5314 906 5370 aiunt
931 5317 985 5370 in
1018 5320 1206 5371 lustris
1242 5318 1536 5382 latitantes,
1574 5320 1664 5372 ubi
1696 5320 1860 5374 semel
1896 5335 1925 5373 ιι
1958 5335 2048 5375 ve-

488 5406 767 5462 natoribus
807 5408 860 5461 in
903 5410 1068 5462 corde
1093 5409 1289 5461 vulnus
1322 5410 1646 5476 acceperint,
1685 5411 2044 5480 itnportabilis

487 5497 580 5549 iraa
629 5497 758 5563 ﬁeri,
816 5516 877 5552 ac
927 5499 1188 5568 quidquid
1245 5499 1509 5564 inciderit,
1537 5513 1756 5568 repente
1791 5501 2038 5557 enecare.

487 5587 633 5640 Talis
662 5597 788 5640 tunc
821 5601 935 5640 erat
970 5590 1206 5653 Probus;
1244 5591 1322 5642 sic
1367 5590 1623 5644 nimirum
1657 5593 1747 5647 ira:
1773 5595 2040 5663 impotens

559 5761 736 5810 ‘Dan.
782 5777 861 5823 ιιι,
890 5760 970 5811 l9.
1049 5766 1066 5791 ⁵
1094 5763 1226 5821 Gott.
1259 5781 1295 5828 ι,
1323 5765 1409 5818 ΞΟ.
1489 5772 1506 5799 ⁸
1547 5769 1648 5822 Jol)
1688 5774 1853 5837 x,1l,
1894 5774 1975 5825 Η.

2156 4875 2465 4944 ἀποστήσας
2518 4873 2773 4937 διανοίας,
2833 4874 3062 4927 εἰδώλων
3109 4875 3381 4945 μιάσμασι
3439 4874 3722 4957 βεϐηλώσῃ

2152 4967 2514 5036 πειρωμένουο
2538 4967 2628 5019 τοῦ
2651 4966 2715 5031 δ’,
2743 4967 2887 5027 ὅπως
2909 4967 3112 5019 ἐκεῖνον
3135 4965 3506 5037 ἀποστρέψας,
3528 4970 3722 5039 ἀμίαν-

2150 5078 2238 5112 τον
2289 5062 2465 5130 ἑαυτῷ
2513 5063 2838 5133 παραστήσῃ
2888 5060 2947 5114 τὸ
3002 5061 3130 5113 ίδιον
3160 5061 3567 5127 ἐνευδοκΟὖντος
3594 5064 3719 5117 πλά·

2147 5171 2279 5222 σμα.

2218 5331 2327 5386 Τὰς
2357 5326 2455 5396 μὲν
2481 5328 2544 5397 δὴ
2573 5332 2822 5398 φωλάδας
2851 5333 2958 5384 τῶν
2980 5333 3215 5402 ἄρκτων,
3245 5335 3428 5403 φασὶν,
3462 5337 3629 5390 ὲπειδ’
3652 5336 3716 5390 ἂν

2150 5419 2295 5481 ἅπαξ
2325 5418 2459 5487 πρὸς
2485 5421 2594 5472 τῶν
2625 5422 2874 5492 θηρατῶν
2905 5425 3266 5494 κατακάρδιον
3297 5427 3551 5494 δέξωνται
3579 5427 3712 5497 πλη-

2148 5507 2271 5575 γῆνν
2299 5508 2600 5580 ἀφορήτους
2634 5531 2691 5564 τε
2718 5511 2980 5580 γίνεσθαι,
3018 5519 3110 5568 καὶ
3143 5520 3250 5571 πᾶν
3282 5519 3342 5570 τὸ
3374 5518 3713 5589 προσπίπτον

2150 5597 2473 5664 ἐξαπιναίως
2500 5603 2762 5672 ἀναιρεῖν.
2802 5603 3050 5670 Τοιοῦτος
3080 5605 3146 5680 ἦν
3183 5611 3308 5662 ’τότε
3349 5610 3575 5682 Πρόϐος.
3608 5609 3710 5663 Οὖ-

2053 5771 2072 5801 "
2102 5772 2247 5827 Psal.
2281 5789 2422 5841 xuv,
2461 5777 2543 5830 15.
2618 5776 2640 5806 ⁸
2678 5773 2821 5833 Psal.
2851 5796 3065 5846 Lxxxw,
3099 5783 3150 5836 8.
