3924 6312
117 320 206 384 361

878 313 1159 374 ORATIO
1188 289 1466 375 Xv11.—
1503 313 1583 375 IN
1622 312 1933 374 LAUDEM
1960 310 2017 370 s.
2063 310 2515 372 ANASTASl/E.

3249 311 3359 374 362

115 449 210 492 τως
237 425 454 497 ἐξοργός
485 443 568 491 τις
602 426 696 479 καὶ
721 423 1032 496 βαρύχολος,
1057 424 1315 478 ῶστόὑδὲ
1339 425 1532 480 πολλοῦ
1559 428 1667 482 τοῦ·

1778 433 2027 482 evaserat
2048 424 2309 494 gravique
2328 424 2430 498 bile
2459 433 2786 490 excesserat,
2815 432 2872 479 ut
2916 438 3106 493 parum
3128 424 3363 485 abfuerit

115 541 194 576 τον
223 521 325 572 ἔδει
351 518 443 572 τοῦ
491 518 680 589 θρόνου
724 534 782 569 τε
807 517 1176 588 διαναστῆναι,
1205 520 1298 573 καὶ
1326 521 1436 583 τοῖς
1467 519 1674 574 ὀδοῦσιν

113 613 266 680 ὠμῶν
290 611 396 664 τῶν
427 613 773 682 παρθενικῶν
805 611 1375 682 ἐνάψασθαινσαρκῶν.

175 703 392 775 Πρῶτον
416 705 509 758 οὖν
544 705 683 758 κατά
715 705 823 758 τῶν
864 705 1078 782 σεμνῶν
1125 707 1218 759 καὶ
1272 706 1469 775 τιμίων
1509 707 1674 760 ὡπλί-

114 812 231 848 σατο
261 797 479 864 μαστῶν
500 811 515 827 ’
554 797 645 849 καὶ
673 794 817 866 ξυρῷ
863 782 1086 860 τούτους
1131 799 1160 850 6
1190 796 1484 867 ὠμοφάγος
1516 815 1674 868 περι-

111 887 252 951 ελὼν,
292 888 652 958 δριμυτάταις
725 887 940 950 ὀδύναις
990 873 1281 943 Ὃανατοῦν
1337 893 1672 962 ἐμηχανᾶτο.

115 981 244 1032 Ἰστε
281 980 334 1032 δὲ
362 981 599 1044 πάντως,
632 979 688 1032 οἵ
701 997 765 1048 γε
802 981 900 1050 τὴν
930 980 1272 1060 κατασκευὴν
1307 980 1401 1034 τοῦ
1425 981 1673 1051 σώματος

111 1072 314 1134 εἰδότες,
341 1071 415 1134 ὠς
445 1073 509 1123 ὲκ
535 1070 753 1142 σαρκῶν
790 1074 884 1138 καὶ
911 1067 1064 1141 μυῶν
1091 1073 1185 1125 καὶ
1227 1073 1436 1144 νεύρων
1461 1076 1578 1128 τόδε
1600 1075 1672 1136 ,ετδ

112 1164 262 1233 μέρος
302 1160 571 1224 συνεστὼς
595 1203 610 1228 ,
654 1162 1116 1234 αίσθητικὼτατόν
1156 1164 1302 1217 ἔστιν
1323 1179 1336 1194 ·
1360 1165 1453 1218 ἆτε
1482 1163 1548 1235 δὴ
1578 1165 1672 1217 καὶ

109 1253 319 1320 πλησίον
366 1252 466 1322 τῆς
523 1253 707 1323 πηγῆς
751 1255 873 1327 τῶν,
912 1253 1236 1324 αἰσθήσεων,
1287 1255 1384 1323 τῆς
1419 1255 1668 1326 καρδίας,

109 1343 260 1412 φημὶ,
296 1342 725 1412 καθιδρυμένον’
762 1344 857 1397 καὶ
903 1342 1265 1413 τεμνόμενον,
1299 1343 1672 1413 ὀδυνηροτάτῳ

112 1435 250 1504 μόρῳ
304 1435 675 1504 παραδίδωσιο
707 1433 801 1487 τοῦ
843 1433 1076 1498 ζωτικοῦ
1129 1434 1223 1488 καὶ
1253 1434 1380 1504 περὶ
1405 1434 1502 1505 τὴν
1531 1450 1670 1503 καρ·

107 1524 211 1577 δίαν
255 1525 485 1594 αἵματος
543 1524 660 1594 ἅμα
707 1524 785 1594 τῷ
832 1524 1048 1595 ψυχικῷ
1087 1525 1360 1595 πνεύματι
1405 1526 1674 1595 συναπορ-

107 1615 324 1684 ρέοντος.
368 1617 510 1668 Ἀλλ’
540 1618 573 1687 ἡ
606 1616 706 1686 τῆς
759 1617 1105 1680 ἀναστάσεως
1137 1616 1444 1686 ἐπώνυμος,
1480 1615 1542 1668 ού
1593 1614 1672 1685 τῷ

106 1708 240 1775 νόμῳ
261 1707 358 1774 τῆς
382 1707 621 1774 φύσεως,
647 1706 783 1761 ἀλλὰ
810 1709 908 1778 τῆς
934 1705 1668 1782 ἀναστάσεωςιὺποκειμένη,

1777 517 1909 586 quin
1945 530 1976 569 e
2030 516 2228 569 throno
2276 513 2573 580 dissiliens,
2629 515 2828 570 crudas
2885 515 3113 584 virginis
3169 533 3360 575 carnes

1777 608 2032 663 dentibus
2063 606 2343 660 laceraret.

1847 699 2090 753 Primum
2125 699 2305 768 itaque
2337 698 2602 754 adversus
2628 700 2887 756 honestas
2913 717 2976 756 ac
3012 703 3359 758 venerabiles

1777 806 2045 846 mammas
2075 801 2344 855 armatur,
2377 791 2551 860 iisque
2579 794 2869 848 crudivora
2898 795 3074 849 bellua
3109 805 3360 866 amputa—

1777 883 1866 946 tis,
1917 880 2286 936 acerbissimis
2325 881 2608 939 doloribus
2651 884 2963 941 interimere
3010 888 3356 942 moliebatur.

1777 974 2008 1028 Prorsus
2044 987 2173 1028 vero
2209 972 2384 1038 scitis,
2429 983 2697 1043 quotquot
2732 977 2979 1045 corporis
3017 987 3355 1032 structuram

1777 1082 1886 1121 non
1921 1067 2208 1138 ignoratis,
2241 1066 2384 1121 hanc
2417 1065 2537 1135 ejus
2568 1075 2802 1136 partem,
2840 1069 3043 1138 quippe
3076 1086 3197 1139 quae
3231 1085 3360 1124 car-

1775 1160 1935 1214 nibus
1975 1167 2029 1212 et
2076 1159 2340 1213 musculis
2387 1166 2550 1228 atque
2604 1159 2787 1212 nervis
2832 1168 3065 1222 constet,
3121 1163 3360 1216 maxime

1774 1265 1939 1306 sensu
1973 1240 2177 1320 vigere,
2207 1249 2464 1319 quodque
2507 1264 2676 1320 prope
2722 1263 2983 1303 sensuum
3015 1250 3217 1304 fontem
3246 1253 3359 1307 col-

1774 1326 2082 1396 locata'sit:
2124 1356 2217 1396 cor
2262 1341 2564 1395 nimirum:
2605 1356 2669 1395 ac
2737 1342 2782 1395 si
2824 1351 3157 1411 amputetur,
3193 1345 3358 1398 diris-

1775 1432 1915 1486 sitno
1941 1433 2188 1487 cruciatu
2222 1441 2454 1485 mortem
2507 1431 2839 1497 consciscit;
2877 1447 3072 1502 nempe
3100 1433 3359 1496 vitali,.et

1774 1524 1864 1592 qui
1895 1524 2036 1578 circa
2069 1539 2185 1590 cor,
2224 1524 2449 1593 sanguis
2475 1525 2712 1591 exsistit,
2741 1538 2865 1578 cum
2901 1523 3122 1577 animali
3161 1526 3356 1594 spiritu

1774 1613 1974 1680 pariter
1997 1614 2282 1668 delluente.
2313 1614 2404 1677 At,
2431 1615 2518 1669 cui
2562 1629 2592 1668 a
2631 1613 3029 1668 resurrectione
3066 1616 3358 1684 appellatio

1771 1716 1906 1768 erat,
1957 1722 2062 1758 non
2092 1697 2205 1775 legi
2237 1716 2461 1772 naturae,
2495 1706 2588 1761 sed
2638 1707 3059 1762 resurrectionis
3093 1708 3354 1770 obnoxia,

107 1800 185 1848 καὶ
213 1797 302 1849 τοῦ
331 1797 564 1851 θανάτου
597 1799 940 1869 περιγέγονε,
967 1800 1063 1851 καὶ
1085 1798 1190 1851 τῶν
1213 1798 1416 1852 ὠδίνων
1445 1798 1667 1851 ἐκείνων

1773 1811 1884 1852 tum
1922 1808 2148 1852 mortem
2191 1802 2488 1869 superavit,
2523 1811 2638 1852 tum
2681 1798 2788 1854 illis
2825 1797 2983 1852 facile
3014 1799 3354 1854 cruciatibus

105 1891 286 1960 ῥᾳδίως
317 1891 639 1961 ὑπερέσχεν.
682 1893 746 1943 Ὢ
769 1892 984 1961 μαστοὶ,
1009 1891 1070 1945 οὐ
1103 1891 1246 1960 γάλα
1262 1892 1470 1962 τροφὴν
1496 1892 1667 1962 προρ-

106 1984 304 2048 ῥέοντες
352 1982 591 2051 νηπίοις,
640 1977 774 2038 ἀλλὰ
807 1983 1141 2055 μαρτυρικδν
1168 1977 1309 2054 αἷμα
1353 1981 1668 2043 σπένδοντες

104 2069 352 2139 Χριστῷι
411 2071 477 2122 Ὠ
536 2072 759 2143 μαστοὶ,
812 2073 1062 2144 καθάπερ
1091 2071 1185 2126 δύο
1223 2071 1403 2144 νεϐροὶ
1457 2071 1667 2141 δίδυμοι

101 2157 339 2225 δορκάδος
356 2159 698 2230 διαλλόμενοι
721 2161 810 2215 τού
831 2161 1082 2232 σώματος
1101 2163 1115 2216 l
1146 2162 1467 2242 ῌροσᾳδέτω
1485 2163 1592 2232 γάρ
1615 2179 1670 2215 τι

100 2249 294 2311 τούτοις
352 2249 450 2302 καὶ
504 2252 532 2303 6
588 2251 843 2323 Σολομῶν
868 2268 882 2282 °
941 2253 1140 2323 μᾶλλον
1173 2254 1230 2306 δὲ
1260 2255 1288 2306 6
1312 2254 1563 2324 Νυμφίος
1598 2256 1664 2322 τῇ

101 2340 288 2411 Νύμφῃ
309 2344 721 2411 προσφωνείτω,
745 2343 812 2396 δι’
839 2345 897 2397 ὃν
922 2344 1058 2416 αὑτὴ
1086 2346 1209 2410 τοὺς
1241 2346 1477 2415 μαστοὺς
1493 2344 1670 2410 ἐξεθε-

104 2433 286 2500 ρξςετοο
319 2435 380 2486 Tl
407 2435 872 2504 éxadlttbﬁnaar
884 2439 1109 2506 μαστοί
1139 2453 1277 2500 σου,
1296 2436 1529 2507 ἀδελφή
1547 2454 1667 2507 μου

97 2526 335 2594 νύμφηέ
378 2527 434 2579 τί
469 2528 930 2597 ἐκαιαιώθησαν
973 2533 1197 2601 pacto!
1227 2535 1386 2587 a’ov!
1430 2534 1530 2586 οὐκ
1561 2531 1667 2587 ἀπὸ

100 2618 247 2679 οῑνου,
275 2619 395 2675 ἀλλ’
411 2620 521 2675 ἀπὸ
544 2621 638 2675 τόύ
672 2623 873 2676 οἰκείου
904 2624 1168 2693 αἰματοςί

173 2706 285 2760 Ἐπὶ
324 2707 564 2774 τούτοις,
590 2710 730 2766 κατά
753 2714 862 2765 τῶν
888 2713 1095 2783 ὀνύχων
1119 2716 1148 2768 6
1168 2714 1383 2786 ἀπηνὴς
1407 2715 1665 2784 διηγωνίο

103 2815 248 2854 σατο·
289 2799 386 2865 οὓς
434 2801 645 2866 πάντας
673 2803 899 2874 ἀπηνῶς
933 2805 1192 2862 ἀνασπῶν
1218 2809 1310 2860 καὶ
1337 2808 1662 2880 ῥιζοτομῶν,

100 2889 447 2954 ἁνυποίστους
497 2891 636 2962 αὐτῇ
693 2892 991 2962 προσάγειν
1038 2893 1176 2965 ᾤετο
1226 2897 1441 2961 πόνους.
1485 2899 1551 2951 Ἥ
1584 2898 1663 2961 δὲ,

102 2981 337 3053 καθάπερ
359 2981 576 3053 τριχῶν·
603 2983 917 3053 ἀφαίρεσιν,
941 2986 1085 3040 οὕτω
1108 2987 1433 3060 λογιζομένη
1461 2990 1667 3045 τούτων

100 3077 186 3143 τὴν
211 3075 524 3145 ἐκρίζωσιν,
548 3074 871 3146 ηὐχαρίστει
906 3078 1007 3150 μὲν
1033 3078 1109 3150 τῷ
1139 3080 1275 3152 πρὸς
1300 3082 1398 3146 τὰς
1437 3081 1665 3154 ἀλγηδό-

103 3184 185 3230 νας
207 3166 604 3240 ὲπιρρωννύντι
632 3168 884 3239 Χριστῷ·
909 3173 1346 3244 κατεῤῥητόρευε
1375 3173 1433 3226 δὲ
1459 3173 1553 3226 τοῦ
1586 3173 1665 3228 δι-

100 3258 320 3312 καστοῦ·
373 3259 534 3325 θεούς
588 3278 648 3314 τε
708 3262 1177 3334 ἀναθεματίζουσα
1230 3266 1324 3317 καὶ⁵
1379 3265 1661 3335 δαίμονας,

102 3351 260 3420 ψυχῆς
287 3351 594 3424 βεδήλωσιν
627 3356 725 3427 τὴν
753 3354 933 3409 αὐτῶν
959 3353 1329 3427 προσκύνησιν
1358 3353 1660 3424 ὠνόμαζεν.

102 3443 158 3494 Ὠ
185 3444 394 3515 ὄνυχες,
459 3446 649 3517 μικροὶ
697 3447 798 3517 μὲν
823 3447 886 3500 τὸ
940 3445 1189 3517 μέγεθος,
1222 3444 1317 3500 καὶ
1363 3445 1464 3516 τὴν
1508 3443 1662 3508 τάξιν

102 3534 323 3605 ﬁxerat,
371 3538 630 3608 μεγάλων
649 3538 707 3592 δὲ
736 3540 830 3594 καὶ
853 3539 1074 3594 τελείων
1110 3536 1361 3609 πρόξενοι
1386 3536 1663 3606 στεφάνων

102 3629 366 3699 γενόμενοι
391 3648 408 3663 ·
447 3630 660 3702 ὄνυχες,
700 3631 779 3702 τῷ
813 3648 872 3685 τε
897 3630 1051 3702 ὄνυχι
1087 3631 1180 3684 καὶ
1215 3631 1281 3701 τῇ
1309 3632 1537 3701 στακτῇ,
1572 3631 1666 3684 καὶ

101 3719 199 3780 τοῖς
226 3712 408 3783 mat;
429 3719 690 3792 ἀρώμασι
725 3721 1108 3792 προσεοικότες
1126 3736 1140 3750 ’
1169 3715 1249 3784 οἷς
1278 3721 1482 3790 Μωσῆς
1520 3721 1664 3772 ἐκεῖ·

101 3810 258 3871 vocab
294 3812 395 3882 τῆς
441 3811 746 3877 συνθέσεως
793 3813 1340 3882 κατασκευαζόμενος
1390 3812 1662 3883 θυμίαμα,

104 3901 275 3956 θυσίαν
299 3902 477 3975 εὐώδη
511 3907 756 3977 προσῆγε
781 3904 859 3976 τῷ
887 3903 1026 3976 Θεῷ.

161 4092 277 4154 Τοῖς
309 4089 458 4156 ὄνυξι
485 4089 566 4156 δὲ,
595 4089 798 4161 χειρῶν
827 4089 961 4159 δμοῦ
993 4090 1085 4142 καὶ
1111 4089 1283 4142 ποδῶν
1309 4092 1338 4143 ὄ
1369 4087 1664 4159 μιαιφονώ-

102 4198 239 4243 τατος
271 4181 585 4253 προσετίθει
609 4181 710 4252 τὴν
744 4180 1050 4251 ἀποκοπήν.
1088 4180 1236 4233 Ἔδει
1269 4180 1377 4252 γὰρ
1403 4178 1555 4241 ἴσως,
1587 4178 1661 4248 μὴ

104 4275 158 4325 τὰ
179 4274 474 4343 λεπτότερα
512 4269 695 4342 μόνον,
728 4270 864 4325 ἀ).λά
898 4272 993 4325 καὶ
1024 4270 1092 4324 τὰ
1122 4270 1231 4323 τῶν
1266 4268 1471 4341 μορίων
1501 4267 1660 4339 ἀδρό-

104 4380 220 4433 τερα
243 4366 340 4434 τῆς
369 4362 771 4434 δσιομάρτυρος
795 4361 1195 4434 καλλιερείσθαι
1215 4378 1228 4393 ·
1271 4362 1366 4414 καὶ
1410 4359 1660 4430 καθάπερ

1771 1902 2046 1958 SUpt'l‘SleS
2101 1888 2221 1942 fuit.
2268 1887 2311 1944 Ο
2369 1889 2557 1955 ubera,
2606 1904 2728 1958 quae
2771 1904 2878 1943 non
2923 1889 3008 1944 lac
3047 1889 3352 1945 infantibus

1772 1981 2060 2050 profluunt,
2120 1981 2215 2036 sed
2277 1982 2522 2052 martyrii
2577 1996 2820 2036 amorem
2870 1982 3091 2036 Christo
3139 1983 3348 2037 libenti

1769 2071 1814 2127 0
1846 2073 2034 2138 ubera,
2072 2073 2216 2126 velut
2247 2073 2353 2126 duo
2387 2072 2594 2126 hinnuli
2617 2072 2831 2141 gemelli
2856 2088 2886 2126 e
2909 2088 3116 2142 caprea:
3145 2076 3350 2128 salien-

1770 2177 1849 2221 tes
1877 2167 2157 2236 corpore"
2183 2167 2195 2218 l
2233 2165 2618 2218 Accinatenim
2642 2165 2727 2219 his
2743 2164 2946 2233 aliquid
2971 2175 3026 2219 et
3050 2166 3306 2219 Salomon
3334 2184 3350 2222 :

1769 2258 1908 2324 Quin
1962 2261 2143 2327 potius
2176 2258 2422 2327 Sponsus
2454 2272 2667 2327 sponsa
2709 2257 2996 2322 acclamet,
3036 2257 3196 2326 cujus
3224 2273 3351 2327 ergo

1770 2348 1843 2401 illi
1908 2349 2070 2402 ubera
2122 2357 2400 2417 amputata
2453 2365 2466 2402 :
2517 2348 2688 2412 Quam
2738 2349 2974 2417 pulchra:
3022 2349 3183 2417 facta
3228 2359 3350 2402 sunt

1769 2456 2011 2495 mamma:
2038 2452 2159 2505 true,
2182 2457 2332 2495 soror
2356 2458 2469 2494 mea
2496 2456 2708 2508 sponsa,
2739 2457 2898 2510 quam
2927 2441 3161 2509 pulchra:
3192 2442 3348 2509 facta:

1767 2543 1890 2588 sunt
1948 2549 2192 2588 mamma:
2243 2533 2422 2587 tuw’!
2476 2547 2583 2586 non
2634 2546 2662 2585 a
2697 2531 2843 2595 vino,
2896 2531 2990 2587 sed
3042 2547 3073 2586 a
3127 2531 3349 2601 proprio

1765 2641 1978 2681 CI'UOI‘C.

1835 2720 1914 2774 Ad
1967 2719 2080 2774 haec
2128 2719 2388 2774 adversus
2446 2712 2655 2790 ungues
2687 2733 2832 2775 saevo
2876 2719 2952 2773 illi
3004 2707 3345 2788 assumptum

1766 2819 2040 2864 certamen
2087 2820 2380 2888 est;jquos
2426 2824 2620 2865 omnes
2668 2809 2984 2864 immaniter
3017 2811 3259 2864 evellens
3287 2824 3352 2862 ac

1765 2917 1795 2956 a
1856 2903 2130 2957 radicibus
2181 2917 2409 2967 secans,
2466 2902 2838 2957 intolerabiles
2884 2916 2944 2957 se
2999 2902 3079 2956 illi
3135 2901 3352 2956 dolores

1767 2993 1960 3049 afferre
1989 2993 2376 3051 arbitrabatur.
2410 2992 2504 3048 Illa
2555 3009 2708 3061 vero,
2750 3009 2814 3048 ac
2853 2993 2899 3050 si
2934 2994 3114 3063 capilli
3155 2994 3352 3047 detun-

1768 3087 2044 3151 derentur,
2080 3087 2150 3141 ita
2183 3095 2443 3156 reputans
2473 3086 2619 3156 quod
2642 3087 2832 3141 dentes
2855 3085 3123 3141 radicitus
3156 3085 3354 3140 evelle-

1769 3180 1984 3243 bantur,
2017 3180 2224 3249 gratias
2253 3178 2473 3234 Christo
2504 3180 2715 3249 agebat,
2743 3178 2834 3246 qui
2871 3177 3043 3232 robur
3083 3176 3352 3255 adversus

1767 3273 2045 3327 cruciatus
2085 3280 2386 3341 praestaret,
2437 3287 2502 3325 ac
2548 3271 2791 3340 jndicem
2830 3269 3009 3323 verbis
3039 3256 3348 3322 confunde-

1766 3365 1886 3428 bat,
1934 3362 2172 3434 deosque
2237 3378 2302 3417 ac
2341 3362 2615 3417 daemones
2658 3360 2793 3415 diris
2846 3359 3121 3414 devovens
3149 3399 3163 3422 ,
3213 3374 3347 3412 con-

1767 3454 2168 3524 Spurcationem
2237 3453 2402 3508 animi
2485 3453 2704 3508 illorum
2767 3452 2976 3508 cultum
3049 3451 3345 3504 Vocitahat.

1766 3541 1812 3599 Ο
1862 3558 2091 3613 ungues,
2149 3544 2291 3598 mole
2343 3543 2559 3614 quidem
2602 3542 2782 3614 exigui
2824 3550 2988 3612 atque
3028 3542 3220 3596 ordine
3252 3557 3349 3612 po-

1766 3635 1976 3700 stremi,
2007 3635 2100 3704 qui
2149 3643 2332 3689 tamen
2377 3650 2695 3704 magnarum
2733 3633 3201 3704 ac'perfectarnm
3251 3649 3348 3688 ex-

1767 3725 1987 3781 stitistis
2011 3735 2263 3781 auctores
2304 3728 2661 3779 coronarum!
2711 3724 2755 3780 O
2782 3739 3012 3794 ungues,
3051 3723 3264 3792 ungula:
3295 3729 3350 3778 et

1766 3827 1954 3872 stactae
1995 3817 2228 3886 aliisque
2277 3818 2618 3872 aromatibus
2671 3816 2898 3879 similes,
2926 3815 3125 3886 quibus
3169 3801 3368 3869 Moses"

1767 3907 1858 3961 ille
1930 3908 2214 3961 incensum
2271 3907 2685 3977 compositionis
2742 3919 3096 3977 praeparans,
3158 3906 3345 3960 suavis

1765 3995 2075 4066 fragrantia
2109 3998 2342 4052 hostiam
2377 3997 2485 4052 Deo
2515 3998 2770 4053 oﬂ'erebat
2802 4000 2868 4071 ξ’.

1839 4087 2009 4143 Porro
2039 4089 2312 4158 unguibus
2332 4129 2347 4155 ,
2383 4104 2580 4144 manus
2606 4089 2817 4159 pariter
2842 4089 3119 4160 pedesque
3152 4105 3345 4161 ampu-

1763 4182 1959 4236 tandos
1991 4182 2412 4237 cruentissimus
2445 4183 2662 4252 adjecit.
2699 4181 2861 4238 Forte
2899 4183 3043 4238 enim
3088 4184 3340 4250 decebat,

1764 4281 1823 4325 ut
1862 4287 1971 4348 noti
2016 4273 2192 4327 solum
2222 4272 2584 4340 tenuioribus,
2614 4289 2802 4328 verum
2834 4273 2998 4327 etiam
3046 4273 3331 4329 robustio-

1762 4362 1915 4416 ribus
1966 4371 2168 4417 sancta:
2219 4362 2443 4432 virginis
2499 4364 2748 4433 partibus
2797 4362 2907 4418 Deo
2960 4363 3245 4419 litaretur:
3279 4380 3344 4419 ac

105 4458 324 4523 ὄμπελος
375 4455 818 4527 εὐκληματοῦσα,
875 4454 1090 4525 ὅσῳπερ
1119 4453 1184 4506 ἂν
1221 4453 1332 4506 τῶν
1386 4450 1656 4521 περιττῶν

1773 4442 1905 4508 sicut
1930 4453 2056 4508 vitis
2083 4453 2400 4524 palmitibus
2422 4455 2759 4521 eluxurians,
2805 4471 2915 4525 quo
2949 4455 3124 4524 magis
3151 4471 3344 4526 super-

107 4547 188 4615 τὴν
236 4546 474 4619 βλάστην
527 4547 924 4618 ἀποτέμνηται,
992 4544 1230 4615 τοσούτῳ
1283 4543 1382 4614 τῆς
1429 4545 1488 4596 ὲν
1518 4543 1657 4614 αὐτῇ

107 4637 319 4707 ζωτικῆς
346 4638 634 4708 δυνάμεως
676 4639 804 4708 περὶ
837 4636 1042 4708 βραχὺν
1072 4633 1445 4705 συναγομένης
1474 4635 1658 4700 τόπον,

106 4727 253 4791 πολὺς
284 4730 381 4799 μὲν
407 4731 436 4785 6
469 4727 717 4798 καρπός·
747 4719 1023 4797 εὐτραὶρὴς
1053 4726 1110 4780 δὲ
1140 4728 1168 4778 ὁ
1192 4724 1406 4796 βότρυς,
1439 4723 1534 4778 καὶ
1566 4725 1661 4777 δα-

105 4819 243 4889 ψιλῆς
269 4822 300 4872 ὄ
328 4816 475 4883 οῐνος
508 4819 778 4889 καταρρεῖ
829 4817 938 4870 τῶν
991 4817 1166 4886 ληνῶν
1185 4832 1199 4846 ο
1236 4816 1378 4870 οὓτω
1407 4816 1473 4887 δὴ
1502 4818 1596 4871 καὶ
1625 4818 1659 4887 ὴ

107 4911 374 4981 παρθένος,
402 4913 517 4982 ὅσῳ
534 4910 602 4964 τὰ
638 4909 771 4980 μέλη
827 4907 1209 4978 κατετὲμνετο,
1237 4907 1490 4961 τοσοῦτον
1529 4910 1658 4962 ἐκύ-

106 5003 279 5071 πριζεν
301 5007 408 5073 μὲν
431 5002 606 5072 αὐτῆς
652 5003 716 5055 τὸ
761 5001 860 5072 τῆς
905 5000 1192 5070 ὁμολογίας
1246 4999 1432 5062 ἄνθος’
1462 5001 1511 5053 οἱ
1561 5001 1661 5070 τῆς

109 5097 390 5162 μαρτυρίας
423 5095 482 5148 δὲ
513 5094 736 5165 βότρυες
764 5090 1180 5161 πληθυνόμενοι,
1199 5090 1296 5159 τὴν
1325 5087 1427 5157 τῆς
1449 5090 1659 5160 ὑπομο-

105 5185 187 5251 νῆς
220 5186 459 5240 ἐδίδοσαν
509 5188 718 5257 δσμήψ
764 5185 824 5239 τὸ
853 5177 994 5255 αἷμα
1032 5183 1087 5236 δὲ
1111 5184 1208 5252 τῆς
1252 5180 1552 5252 ἀθλήσεως,
1584 5182 1659 5246 ὼς

103 5271 228 5338 οἶνος
254 5279 392 5346 ρέων
417 5279 626 5348 εὐώδης
674 5279 770 5331 καὶ
791 5275 1038 5348 δαψιλὴς,
1078 5273 1365 5343 συνέπνιγε
1407 5274 1505 5344 μὲν
1535 5274 1660 5326 ὅσον

103 5367 356 5440 ἀλλότριον
379 5371 475 5423 καὶ
498 5370 778 5435 δυσσεϐὲς,
801 5371 1161 5440 κατεύφραινε
1183 5367 1238 5421 δὲ
1257 5367 1379 5422 ὅσον
1396 5367 1660 5439 ἡμέτερον

104 5463 182 5511 καὶ
199 5459 440 5522 εὐσεϐές.

170 5553 445 5608 Ἐντεῦθεν
491 5552 682 5606 λοιπὸν
718 5555 807 5605 καὶ
849 5556 898 5606 οἱ
945 5557 1150 5619 ὀδόντες
1181 5558 1276 5627 τῆς
1310 5554 1442 5618 ἰδίας
1481 5544 1675 5608 αὖτῶν”

157 5726 197 5759 ⁸⁸
225 5726 391 5784 Cant.
422 5741 515 5790 VII,
541 5727 596 5780 3.
674 5726 695 5756 ’
732 5725 889 5780 Cant.
934 5744 1005 5796 tv,
1031 5730 1114 5786 l0.
1194 5735 1232 5764 θ’
1278 5731 1443 5786 Exod.
1472 5747 1596 5796 xu,
1655 5729 1745 5784 δι.

417 5822 681 5885 Ρηῐιοι.
731 5828 846 5886 Gn.
888 5823 1009 5885 CV.

1761 4547 1870 4601 lluo
1905 4549 2149 4618 germine
2196 4555 2441 4616 putatur,
2476 4556 2626 4602 tanto
2656 4548 2803 4601 vitali
2835 4547 2964 4618 ejus
3001 4551 3202 4604 virtute
3241 4565 3340 4603 an-

1758 4636 1987 4707 gustiori
2010 4645 2283 4691 coarctata
2313 4638 2510 4708 spatio,
2534 4636 2731 4708 majori
2770 4638 2928 4708 copia
2962 4638 3345 4709 pinguiorith

1761 4727 1916 4782 botro
1945 4722 2258 4791 fructi‘licat,
2287 4744 2352 4783 ac
2398 4729 2583 4809 vinum
2635 4744 2666 4784 e
2723 4729 3089 4798 torcularibus
3121 4731 3343 4784 uberius

1760 4819 1976 4887 defluit;
2030 4821 2109 4875 sic
2144 4820 2402 4875 nimirum
2438 4831 2492 4876 et
2523 4821 2697 4891 virgo,
2748 4836 2860 4891 quo
2905 4821 3148 4875 membra
3182 4833 3343 4892 puta-

1764 4910 1981 4976 bantur,
2010 4919 2159 4964 tanto
2187 4910 2332 4966 illius
2361 4911 2726 4966 confessionis
2755 4909 2856 4964 ﬂos
2885 4914 3171 4974 vernahat.
3198 4927 3343 4965 mar-

1763 5001 1998 5071 tyriique
2042 5001 2591 5065 botriexuberantes,
2623 5015 2846 5055 suavem
2902 5002 3175 5071 patientiae
3228 5002 3341 5055 fra-

1762 5093 2028 5163 grantiam
2073 5092 2306 5159 dabant;
2340 5107 2506 5148 cruor
2541 5093 2779 5162 denique
2804 5094 3144 5174 certaminis,
3178 5095 3336 5162 quasi

1763 5186 2071 5242 suavissimi
2122 5186 2307 5241 odoris
2352 5185 2744 5256 copiosumque
2801 5185 2986 5240 vinum
3036 5184 3335 5238 abundanti

1763 5275 1918 5330 latice
1948 5275 2145 5341 fluens,
2177 5274 2439 5346 quidquid
2466 5283 2787 5330 extraneum
2825 5275 3162 5346 impiumque
3190 5283 3331 5336 erat,

1761 5367 2092 5435 snti‘ocabat;
2139 5367 2405 5439 quidquid
2452 5383 2579 5423 vere
2622 5379 2869 5424 nostrum
2901 5382 2961 5420 ac
2995 5363 3329 5432 religiosum,

1760 5462 1958 5531 gaudio
1983 5461 2359 5532 perfundebat.

1832 5554 1956 5610 Inde
1985 5556 2097 5626 jam
2131 5565 2184 5610 et
2207 5555 2405 5610 dentes
2456 5555 2695 5612 violento
2743 5561 3028 5625 praecepto,
3067 5550 3328 5604 violenter

2901 5816 2971 5883 l2
