3924 6312
103 468 202 527 365

877 471 1156 532 ORATIO
1181 470 1364 530 xvn.
1395 492 1465 505 -—
1516 468 1596 527 1N
1621 465 1927 527 LAUDEM
1958 466 2015 525 s.
2056 426 2512 523 ΑΝΑδτλειΑε.

3204 459 3308 523 $6

106 578 312 641 Ὥσπερ
341 574 451 644 γὰρ
499 576 565 628 τὰ
599 575 735 646 ὑπὲρ
786 579 948 647 φύσιν
968 580 1053 633 διὰ
1100 579 1194 633 τὸν
1225 580 1362 650 ὑπὲρ
1387 579 1547 644 φύσιν
1600 580 1648 630 ὲν

1759 584 1947 645 perant
1971 584 2187 645 propter
2215 590 2338 629 eum
2376 576 2467 643 qui
2497 580 2686 629 natura
2713 574 2959 642 superior
3008 583 3114 639 est,
3148 576 3201 629 in
3246 588 3309 630 ea

102 665 237 733 αὑτῇ
268 665 618 735 μεμενηκότα
638 681 651 695 ·
677 664 818 719 οὕτω
847 669 940 721 καὶ
984 669 1055 724 τὰ
1077 670 1220 723 κατὰ
1244 671 1407 738 φύσιν
1451 670 1521 723 δι’
1550 669 1650 722 αὐ·

100 753 194 824 τὴν
228 754 482 824 ὁρᾶσθαι.
544 755 621 825 Τῇ
651 757 829 810 τοίνυν
871 759 1113 829 amem
1171 759 1263 812 τοῦ
1300 758 1532 828 αἵματος
1562 759 1653 811 ὲκο

100 843 353 911 λυομένη,
390 843 585 914 μικρὸν
611 845 813 915 ᾔτησεν
843 846 989 917 ὕδωρ
1030 850 1110 912 είς
1138 847 1394 902 εκκλυσιν
1418 849 1512 902 τοῦ
1538 849 1657 901 στό-

102 949 287 1001 ματος.
339 934 612 988 Ἐπεδίδου
638 936 697 988 δέ
726 953 812 1001 τις
851 938 1011 1010 ἀνὴρ,
1037 940 1066 991 6
1097 940 1197 1010 μιν
1228 940 1329 1010 τὴν
1361 938 1657 1010 θρησκείαν

100 1026 215 1076 καθ’
244 1026 398 1093 ἡμᾶς
421 1039 438 1054 '
472 1026 591 1079 κατ’
622 1028 861 1092 ἐκείνους
892 1030 970 1093 δὲ,
1030 1031 1188 1101 μέχρι
1241 1030 1390 1084 τοῦδε
1442 1029 1655 1100 νομιζό-

101 1131 273 1183 μενος.
311 1114 577 1184 Κύριλλος
627 1116 795 1187 ὗνομα
835 1120 914 1190 τῷ
948 1120 1174 1191 ἀθλητῇ.
1235 1122 1330 1174 Ὃν
1375 1122 1404 1175 6
1453 1121 1659 1191 Πρόὸος

102 1207 237 1271 ἰδὼν,
278 1210 379 1260 καὶ
406 1210 523 1279 οὐχὶ
555 1213 866 1285 συμπαθείᾳ
894 1216 1109 1283 φύσεως
1164 1215 1347 1283 μόνον,
1400 1214 1533 1268 ἀλλὰ
1566 1214 1658 1268 καὶ

99 1300 386 1367 ταυτότητι
417 1300 649 1367 πίστεως
679 1305 815 1373 πρὸς
846 1306 944 1375 τὴν
975 1306 1271 1376 ἁθλοφόρον
1314 1305 1655 1374 διακείμενον

100 1390 376 1458 ἰγνωκὼς,
443 1392 541 1462 τὴν
601 1394 694 1447 ἐπὶ
746 1395 960 1467 θανάτῳ
1026 1398 1390 1468 προσέταττεν
1447 1396 1656 1463 ἀπάγε-

102 1484 234 1537 σθαι.
865 1490 870 1495 ’

172 1575 325 1647 Ἐπεὶ
354 1578 411 1631 δὲ
443 1579 669 1650 λαμπρὰ
717 1580 813 1650 μὶν
846 1582 879 1650 ἡ
933 1582 1159 1652 αἰσχύνη
1213 1581 1550 1650 κατεκέχυτο
1578 1578 1653 1648 τῷ

101 1671 382 1737 πειραστῇ,
423 1656 780 1740 λαμπροτέρα
803 1670 861 1724 δὲ
886 1671 918 1741 ή
939 1670 1062 1740 νίκη
1086 1671 1186 1739 ’τῆς
1217 1671 1519 1741 ὑπεράθλου
1542 1670 1653 1739 (76)

102 1758 466 1824 κατεφαίνετο,
526 1758 617 1812 τὸν
663 1759 762 1829 τῆς
802 1761 1105 1831 μαρτυρίας
1154 1762 1252 1830 μὲν
1292 1760 1505 1815 δίαυλον
1558 1776 1654 1812 πε-

104 1847 441 1916 ραινομένης,
468 1850 634 1915 ἐγγὺς
660 1848 718 1902 δὲ
742 1849 847 1903 τῶν
892 1850 1173 1919 στεφάνων
1217 1850 1530 1919 γινομένηςί
1564 1847 1652 1914 ἑξ-

1760 668 2127 736 perstiterant,
2157 667 2238 719 sic
2259 674 2311 719 et
2338 665 2458 733 ejus
2490 663 2660 733 gratia
2701 664 2813 718 visa
2845 679 2928 731 ea,
2961 680 3083 735 qua:
3125 674 3310 721 essent

1756 771 1817 811 ex
1851 766 2067 811 natura.
2098 756 2321 810 Cruoris
2357 754 2522 823 igitur
2551 755 2702 822 capia
2742 755 3148 823 elanguescens,
3189 769 3305 808 mo-

1756 849 1928 903 dicam
1978 861 2174 914 aquam
2227 846 2397 913 petiit.
2433 861 2538 913 qua
2570 860 2630 899 os
2660 846 2881 900 clueret.
2931 848 3177 901 Porrexit
3229 848 3311 899 vir

1758 937 2003 1007 quidam,
2052 937 2396 991 Christianus
2453 936 2666 1005 quidem
2720 937 2998 1006 religione.
3072 936 3164 1010 sed
3217 936 3307 1004 qui

1761 1030 2021 1082 hactenus
2072 1027 2349 1097 gentilium
2409 1035 2567 1080 sectre
2622 1026 3066 1081 existimaretur:
3112 1026 3310 1095 Cyrillo

1759 1118 1970 1173 athletae
1996 1132 2189 1172 nomen
2217 1126 2347 1171 erat.
2374 1116 2493 1183 Quo
2512 1115 2718 1170 Probus
2744 1122 3051 1183 conspecto,
3081 1130 3179 1169 nec
3212 1130 3309 1168 na-

1756 1218 1892 1262 turae
1914 1207 2089 1263 solum
2123 1208 2486 1270 miseratione,
2520 1206 2610 1260 sed
2634 1214 2686 1260 et
2729 1207 2970 1274 ejusdem
3012 1204 3130 1258 tidei
3156 1220 3307 1259 com-

1759 1300 1960 1354 mercio
2025 1299 2077 1352 in
2120 1298 2353 1368 pugilem
2404 1312 2668 1366 prepense
2699 1296 2949 1351 all'ectum
2983 1295 3306 1367 intelligens.

1756 1407 1875 1445 eam
1906 1407 2026 1460 quae
2047 1392 2113 1444 ad
2142 1400 2370 1445 mortem
2410 1397 2511 1453 est,
2540 1388 2665 1443 duci
2693 1388 2964 1459 praecepit.

1826 1567 1983 1634 Quod
2040 1581 2169 1622 vero
2214 1568 2466 1620 tentatori
2522 1566 2801 1636 splendida
2854 1565 3024 1619 oll‘usa
3063 1564 3313 1629 confusio

1754 1667 1890 1725 erat,
1934 1659 2390 1729 splendidiorque,
2439 1672 2603 1726 quam
2646 1671 2741 1726 pro
2782 1656 3137 1710 certaminum
3190 1656 3306 1708 alea

1756 1752 2041 1821 superiori,
2079 1750 2300 1805 Victoria
2338 1749 2633 1815 all‘ulserat,
2668 1764 2789 1818 quae
2823 1756 2879 1803 et
2912 1746 3152 1816 martyrii
3203 1756 3313 1801 sta-

1761 1844 1909 1898 dium
1942 1844 2137 1905 llniret,
2172 1856 2236 1895 ac
2263 1856 2426 1910 prope
2451 1842 2561 1911 jam
2591 1854 2823 1893 coronas
2847 1838 3310 1907 aspiceret.ejecla

99 1914 383 2004 ενεχθῆναί
406 1952 467 1988 τε
503 1914 599 2007 τῆς
628 1938 852 2001 πόλεως,
894 1914 1648 2007 καὶοιαρατομηθῆναικατα⁴

1759 1933 1912 1993 urbe,
1952 1928 2128 2000 capite
2151 1930 2310 1999 plecti
2340 1930 2697 1984 condemnata
2721 1936 2823 1982 est.
2855 1928 2973 1981 Non
3004 1928 3145 1983 enim
3172 1927 3310 1981 ultra

102 2025 361 2092 κέκριται.
391 2026 471 2079 Οὐ
498 2026 606 2096 γὰρ
639 2025 834 2098 ἔφερεν
862 2028 895 2080 6
937 2028 1343 2096 ἀνταγωνιστὴς
1378 2026 1479 2090 ἔτι,
1514 2027 1654 2080 άπα-

100 2114 185 2181 λῆς
212 2115 319 2167 ὑπὸ
350 2116 522 2186 κόρης
559 2115 990 2182 καταπαίζεσθαι
1017 2116 1194 2169 ποσίν.
1233 2116 1378 2168 Ἔδει
1426 2113 1481 2166 δὲ
1514 2113 1653 2167 κατὰ

101 2206 179 2256 τὸν
201 2206 501 2272 Αίγύπτιον
531 2208 621 2262 καὶ
648 2206 837 2260 τοῦτον
864 2207 1317 2277 σκληρυνόμενον,
1358 2205 1453 2267 καὶ
1493 2205 1653 2273 ἔσχα-

101 2314 180 2349 τον
203 2295 266 2367 δὴ
298 2298 462 2351 τοῦτο
500 2299 643 2352 κατὰ
666 2300 764 2369 τῆς
799 2300 1181 2373 Ἰσραηλίτιδος
1209 2299 1411 2370 ταύτης
1461 2297 1651 2361 παιδὸς

102 2389 622 2457 δστρατοπεδευκότα
647 2429 663 2453 ,
724 2390 824 2461 τῆς
888 2393 989 2461 μὲν
1049 2391 1349 2461 ἀστοχῆσαι
1413 2391 1655 2453 πάντως,

103 2482 337 2549 καθάπερ
372 2482 640 2549 ἀμιάντου
663 2484 1017 2553 περιστερᾶς,
1052 2486 1117 2554 τῇ
1142 2483 1402 2554 διαιρέσει
1428 2481 1528 2550 τῆς
1558 2498 1653 2534 κε-

104 2571 260 2639 φαλῆς
293 2573 404 2625 ἀπὸ
434 2572 528 2624 τοῦ
575 2572 824 2640 σώματος
879 2572 1328 2643 ἑκπετασθείσης,
1380 2571 1473 2624 καὶ¹
1516 2570 1652 2641 πρὸς

104 2664 185 2723 τὰς
210 2662 321 2714 ἄνω
353 2662 812 2735 κατευθυνθείσης
856 2663 1058 2734 μονάς“
1103 2662 1196 2718 τοῦ
1249 2664 1306 2717 δὲ
1370 2664 1481 2728 τοῖς
1525 2663 1651 2731 ἐρυ-

105 2751 291 2819 θριίοις
346 2752 578 2821 αἰμασιν
612 2753 826 2824 ἐκείνης
883 2753 1335 2820 ὲναποπνιγέντος
1357 2793 1372 2817 ,
1403 2753 1498 2806 καὶ
1529 2751 1654 2803 ταύ-

105 2860 190 2912 την
216 2843 278 2912 δὴ
326 2844 553 2897 κόλασιν
590 2842 797 2896 ἔνδικον
827 2844 925 2911 τῆς
979 2842 1652 2914 άδικωτάτηςὲπιθέσεως

106 2931 483 3004 ὑπεσχηκάτος.

166 2986 341 3085 οῡῖκξις
384 2986 711 3076 Ἀἶέαστασεα
761 3023 853 3077 τὸν
900 3022 1073 3093 βαρὺν
1095 3022 1403 3094 ἀντίζηλον,
1425 2986 1513 3077 τὶν
1546 3023 1649 3093 qm-
1682 3042 1689 3050 -

108 3111 350 3182 χοφθόρον
396 3113 543 3180 ὅφιν,
587 3114 679 3167 τὸν
712 3114 957 3185 σφοδρῶς
1013 3114 1112 3184 μὲν
1144 3117 1265 3167 κατ’
1293 3116 1464 3186 αὐτῆς
1490 3118 1651 3189 ὲῤῥα-

1758 2022 1961 2078 l‘erebat
1994 2023 2360 2087 adversarius,
2391 2031 2448 2075 ut
2479 2022 2704 2076 delicata
2731 2021 2907 2090 puella
2934 2022 3308 2082 conculcante,

1754 2116 1803 2169 ei
1844 2115 2179 2169 illuderetur.
2215 2112 2606 2167 Decebatenim
2636 2118 2696 2165 ut
2722 2111 2865 2166 velut
2896 2110 3180 2181 Egyptius
3201 2111 3309 2175 ille,

1764 2206 1851 2260 hic
1890 2220 2106 2275 quoque
2156 2204 2460 2269 induratus,
2492 2213 2769 2273 postrema.
2794 2204 2894 2257 hac
2922 2205 3181 2257 adversus
3228 2201 3308 2256 ls-

1733 2295 2053 2352 'raelitidem
2086 2297 2241 2351 istam
2276 2296 2637 2366 expeditione,
2670 2304 2768 2350 suo
2804 2294 2853 2348 in
2910 2294 3053 2368 illam
3087 2308 3308 2364 prorsus

1756 2397 1952 2443 conatu
1994 2386 2383 2450 frustraretur,
2407 2401 2529 2457 qua:
2567 2389 2713 2441 velut
2753 2384 3172 2439 incontaminata
3218 2397 3313 2438 co-

1754 2477 1957 2541 lmnba,
1983 2477 2215 2531 disseeta
2244 2477 2454 2532 cervice
2481 2491 2509 2529 a
2536 2490 2765 2545 corpore
2799 2475 3109 2538 evolasset,
3136 2484 3191 2528 et
3243 2473 3309 2527 ad

1753 2564 1995 2620 coelestia
2035 2565 2340 2619 habitacula
2383 2574 2530 2620 recta
2582 2571 2959 2628 commeasset,
2984 2564 3077 2621 illo
3130 2562 3309 2618 rubris

1754 2642 1899 2710 illius
1928 2670 2184 2710 cruorum
2230 2654 2485 2711 ﬂuctibus
2543 2655 2828 2721 sull‘oeato,
2882 2656 3091 2724 hacque
3123 2653 3309 2724 utique

1750 2747 1892 2816 justa
1918 2761 2074 2816 poena
2100 2747 2456 2816 iniquissimae
2489 2745 2857 2815 aggressionis
2890 2746 3137 2800 multato.

1821 3029 1879 3084 ln
1913 3033 2057 3085 hunc
2082 3033 2265 3100 itaque
2292 3032 2513 3086 modum
2548 3030 2857 3095 Anastasia,
2881 3045 3092 3101 gravem
3141 3046 3310 3085 remu-

1752 3123 1886 3187 lum,
1943 3124 2247 3178 animarum
2309 3131 2688 3193 corruptorem
2760 3133 3085 3193 serpentem,
3136 3122 3309 3175 valide

108 3203 252 3267 γέντα
274 3240 290 3266 ,
324 3204 684 3274 σφοδρότερον
709 3205 765 3257 δὲ
794 3203 993 3275 ταύτης
1024 3205 1442 3277 ικκρουσθέντα,
1468 3206 1648 3261 καθά-

1754 3229 1883 3269 sane
1911 3214 1963 3268 in
1998 3228 2118 3269 eam
2171 3229 2506 3285 aggressum,
2548 3214 2887 3282 validiusque
2917 3213 2985 3267 ab
3019 3227 3081 3266 ea
3129 3210 3311 3281 repqu

109 3310 199 3362 περ
228 3295 394 3364 πηλὸν
447 3297 714 3359 πλατειῶν
752 3297 865 3357 τοῖς
909 3295 1130 3367 ὡραίοις
1159 3296 1286 3371 ποσὶ
1316 3297 1649 3353 καταλεάνα-

110 3401 184 3452 σα,
227 3388 307 3451 εἰς
341 3388 480 3458 χάος
509 3388 791 3458 ἀμήχανον
845 3389 940 3441 καί
984 3380 1269 3459 χηραμοὺξ
1308 3391 1651 3462 ταρταρίους

112 3475 431 3555 ἰξερρίψατο.
468 3478 615 3549 Αὐτὴ
647 3480 702 3532 δὲ
734 3478 899 3542 θείοις
943 3478 1193 3547 ἀγγέλοις
1237 3481 1433 3551 ἑαυτὴν
1474 3483 1650 3549 παρα-

112 3566 311 3637 θεμένη,
368 3569 726 3639 ἀρχαγγέλοις
785 3568 1169 3640 ὁδοποιουμένη
1192 3609 1209 3635 ,
1244 3571 1336 3643 καί
1364 3572 1561 3633 πάσαις
1591 3571 1648 3624 δὲ

112 3658 210 3718 ταῖς
234 3656 620 3727 ύπερκοσμίοις
646 3656 905 3727 δυνάμεσι
960 3659 1411 3730 προπεμπούσαις
1441 3663 1536 3713 καὶ
1565 3660 1649 3713 δε-

113 3731 394 3817 ξιουμέναις
433 3748 630 3817 αὐτὴν,
683 3748 1001 3820 κλεῖζομὲνη
1031 3749 1129 3804 καὶ
1182 3746 1644 3821 συγκροτουμένηφ

112 3836 175 3907 τῷ
194 3838 393 3906 βασιλεῖ
422 3840 519 3893 καὶ
551 3839 768 3910 νυμφίῳ
799 3840 939 3909 μετὰ
967 3840 1125 3909 δόξης
1155 3843 1485 3913 προσάγεται
1508 3844 1646 3914 Χρι-

115 3924 237 3993 στῷ*
253 3926 605 3998 ἀμαραντίνῳ
631 3929 1030 3999 καταστέφεται
1053 3930 1151 4001 τὴν
1174 3932 1415 4001 κεφαλήν
1434 3948 1451 3964 ·
1484 3933 1646 4003 ἀμοι-

115 4015 196 4077 ϐὰς
214 4017 503 4085 ἀναλόγους
530 4017 647 4072 τῶν,
670 4018 847 4097 πόνων
864 4060 879 4083 ,
903 4006 1100 4089 μᾶλλΐν
1122 4020 1179 4073 δὲ
1206 4020 1385 4092 πολλῷ
1406 4023 1644 4094 κρείσσω

116 4108 187 4159 καὶ
234 4107 534 4180 ὑψηλότερα
583 4110 732 4178 παρὰ
780 4113 879 4179 τῆς
908 4112 1116 4165 ἐκείνου
1153 4112 1417 4181 λαμῦάνει
1443 4113 1641 4178 δεξιᾶς.

86 4188 91 4191 ’
116 4194 179 4247 Τὰ
208 4195 482 4265 πανώραια
510 4196 567 4251 δὲ
594 4199 690 4267 τῆς
718 4200 979 4267 ἀμιάντου
1015 4201 1173 4277 μέλη,
1205 4202 1272 4254 τὰ
1292 4203 1491 4267 παντὸς
1515 4221 1645 4275 χρυ-

118 4287 209 4338 σίου
246 4289 566 4360 τιμιώτερα,
623 4288 691 4341 τὰ
738 4290 935 4355 παντὸς
982 4292 1128 4361 λίθου
1162 4294 1345 4363 τιμίου
1379 4276 1665 4365 τιμαλφέέ

118 4377 425 4447 στιτα,γυψὶ
464 4378 567 4449 μὲν
596 4379 691 4432 καὶ
715 4379 877 4449 θηρσὶ
905 4380 1089 4453 βορὰν,
1121 4385 1148 4436 6
1180 4372 1360 4455 θηρῶν
1386 4385 1641 4439 ἁπάντων

116 4466 356 4532 ὠμότατος
381 4470 678 4524 ἐκδέδωκεν
699 4486 712 4500 '
743 4472 994 4539 ἀνέπαφα
1022 4473 1079 4525 δὲ
1094 4474 1321 4538 τούτοις,
1347 4476 1441 4527 καὶ
1467 4475 1640 4545 ἄψαυ-

1751 3318 1892 3368 sum,
1926 3319 2049 3359 cum
2086 3303 2232 3358 sicut
2258 3305 2431 3357 lutum
2462 3303 2759 3372 platearum
2798 3305 2839 3335 ⁸⁵
2872 3301 3132 3371 speciosis
3154 3300 3310 3370 pedi-

1752 3392 1851 3468 bus
1879 3391 2311 3456 comminuisset,
2339 3391 2391 3444 in
2425 3392 2747 3443 immensum
2776 3390 2940 3443 chaos
2967 3398 3312 3459 tartarcaque

1750 3483 1917 3538 lustra
1952 3481 2243 3552 foveasque
2268 3480 2494 3551 proiecit
2527 3496 2540 3532 :
2572 3480 2686 3549 ipsa
2714 3495 2839 3533 vero
2876 3478 3071 3533 divinis
3101 3480 3306 3549 angelis

1749 3588 1870 3631 sese
1908 3574 2319 3637 commendans,
2368 3572 2713 3640 archangelis
2762 3571 2903 3635 viam
2956 3570 3303 3636 facientibus,

1747 3667 2067 3735 cunctisque
2117 3664 2595 3734 supercmlestibus
2654 3662 3009 3732 potestatibus
3059 3675 3306 3731 prmeun-

1750 3760 1898 3813 tibus
1926 3773 2154 3827 eamque
2178 3756 2588 3826 accipientibus,
2620 3756 2904 3822 magniﬁco
2935 3763 3128 3808 ornatu
3149 3753 3302 3824 plau-

1748 3864 1917 3919 suque
1942 3848 2161 3901 Christo
2193 3845 2322 3918 Regi
2363 3860 2424 3900 ac
2447 3845 2661 3915 Sponso
2695 3861 2816 3898 cum
2852 3845 3022 3914 gloria
3044 3842 3301 3899 offertur:

1746 3937 2182 3992 immarceseibili
2247 3944 2393 3990 serto
2452 3946 2613 4006 caput
2674 3944 2997 4001 coronatur;
3083 3948 3181 4003 pro
3224 3934 3304 3987 la-

1744 4029 1937 4098 borum
1989 4029 2196 4083 ratione
2250 4027 2424 4096 justas
2472 4027 2614 4081 vices
2655 4026 2919 4097 (quinimo
2979 4028 3135 4095 lenge
3186 4040 3301 4079 me-

1745 4119 1883 4172 liora
1939 4118 2399 4187 sublimioraqnc)
2458 4119 2523 4171 ab
2580 4119 2725 4173 illius
2794 4117 2991 4182 accipit
3057 4116 3297 4171 dextera;

1743 4208 2160 4264 Formosissima
2182 4224 2310 4262 vero
2345 4210 2677 4263 intemerata:
2705 4211 2968 4272 membra,
2992 4223 3127 4262 auro
3165 4224 3301 4278 quo-

1742 4299 1827 4353 vis
1864 4300 2206 4369 pretiosiora,
2263 4300 2519 4369 omnique
2566 4300 2740 4368 lapide
2774 4300 3009 4370 pretioso
3057 4298 3296 4365 cariora;

1742 4389 2048 4444 vulturibus
2078 4390 2398 4459 bestiisque,
2451 4391 2518 4443 ah
2553 4390 2772 4444 homine
2830 4390 3016 4445 bestiis
3046 4390 3297 4445 omnibus

1743 4479 2068 4534 immensum
2094 4479 2383 4533 erudeliori
2416 4496 2594 4535 escam
2630 4481 2778 4544 data,
2814 4480 2880 4534 iis
2904 4495 3028 4533 vero
3070 4481 3294 4545 intacta,

118 4572 196 4608 στα
218 4559 295 4611 διὰ
322 4560 578 4639 προνοίας
609 4560 702 4614 τοῦ
733 4562 909 4615 πάντα
937 4562 1005 4615 τὰ
1035 4563 1143 4617 τῶν
1171 4564 1395 4618 δικαίων
1427 4568 1633 4634 φυλάσ-

1754 4568 1987 4637 nihilque
2016 4569 2137 4622 laeta
2172 4569 2316 4624 illius
2346 4570 2681 4638 providentia
2714 4579 2949 4635 servata,
2983 4572 3075 4640 qui
3105 4582 3293 4626 custo-

120 4660 267 4709 σοντος
307 4648 458 4712 ὀστᾶ,
530 4652 894 4719 μεμενηκότα,
951 4653 1016 4725 τῇ
1072 4652 1191 4724 ἱερᾷ
1239 4655 1372 4723 πρὸς
1414 4656 1636 4726 κηδείαν.

120 4734 386 4791 ἀποδέδοται
416 4740 589 4809 Σοφίᾳ
612 4754 627 4769 ο
663 4741 755 4793 καὶ
782 4742 901 4796 τίνα
928 4743 1159 4812 τρόπον;
1196 4745 1327 4798 Οὐδὲ
1351 4746 1456 4817 γὰρ
1477 4747 1633 4801 τοῦτο

122 4825 301 4891 σιγῆσαι
328 4829 557 4881 δίκαιον.

180 4915 391 4983 Ἡγωνία
416 4919 517 4988 μὲν
554 4920 681 4989 γὰρ,
715 4922 790 4986 ὡς
817 4922 979 4988 είκδς,
1034 4925 1067 4995 ἡ
1097 4925 1232 4995 καλὴ
1262 4928 1439 4997 μήτηρ
1493 4929 1631 4997 ὑπὲρ

117 5002 193 5069 τῆς
218 5009 344 5060 κατὰ
382 5009 597 5079 πνεῦμα
628 5012 916 5083 καλλίστης
941 5014 1222 5085 θυγατρός.
1265 5017 1519 5085 Ἠγωνία,
1558 5023 1629 5090 μή

118 5105 153 5141 τι
180 5096 291 5164 περὶ
330 5100 427 5169 τὰς
459 5099 725 5168 βασάνους
762 5104 983 5170 ἀγεννὲς
1034 5106 1300 5171 παθοῦσα,
1359 5094 1457 5172 τὰς
1500 5112 1631 5164 ὑπο-

120 5184 296 5250 σχέσεις
334 5190 708 5259 διαψεύσηται.
754 5196 1015 5265 Ἐῥριπτο
1069 5198 1245 5250 τοίνυν
1275 5201 1361 5252 ἐπ’
1400 5202 1630 5270 ἐδάφους

117 5274 225 5327 olm
271 5282 723 5352 κατακεκλιμένη,
792 5286 885 5337 καὶ
941 5288 1159 5357 γοεραίς
1210 5291 1475 5359 οἰμωγαῖς
1537 5295 1626 5348 τὸν

170 5470 205 5503 ¹¹
230 5470 360 5531 Psal.
392 5493 519 5542 xvn,
551 5480 642 5534 45.
722 5482 937 5539 “,Psal.
963 5501 1150 5554 xxxut,
1177 5490 1269 5544 2i.
1406 5515 1430 5550 /

1405 5605 1428 5643 /

1740 4660 1816 4713 dit
1840 4661 2021 4713 omnia
2041 4675 2167 4714 ossa
2200 4660 2466 4729 justorum
2491 4662 2555 4725 ¹⁶,
2588 4670 2788 4715 sanctae
2816 4662 3030 4730 Sophia:
3056 4662 3121 4716 ad
3149 4662 3292 4732 jnsta

1740 4751 1808 4804 iis
1840 4752 2195 4820 persolvenda
2226 4750 2432 4804 reddita
2469 4760 2617 4805 sunt.
2657 4753 2726 4803 At
2756 4767 2993 4821 quonam
3025 4753 3076 4806 id
3098 4755 3295 4808 modo?

1736 4840 1919 4910 Neque
1948 4842 2090 4894 enim
2128 4843 2349 4897 reticere
2376 4858 2553 4911 Opera:
2582 4844 2810 4911 pretium
2840 4851 2943 4898 est.

1808 4933 2013 4985 Etenim
2036 4934 2193 4986 anxia
2218 4934 2409 4987 merito
2436 4943 2554 5002 erat
2582 4936 2747 5003 proba
2776 4946 2949 4989 mater
2963 4951 3061 5004 pro
3084 4936 3287 5005 optima

1734 5037 1797 5077 ac
1851 5024 2211 5092 pulcherrima
2262 5025 2560 5086 secundum
2608 5026 2857 5095 spiritum
2917 5027 3044 5080 ﬁlia.
3120 5030 3277 5083 Anxfi

1732 5123 1849 5168 erat
1875 5121 2036 5181 atque
2062 5114 2284 5168 timebat
2316 5130 2382 5169 ne
2411 5117 2690 5185 degeneris
2719 5118 2921 5188 aliquid
2956 5116 3122 5171 animi
3147 5117 3278 5167 inlc.‘

1733 5216 1996 5260 tormenta
2038 5204 2114 5258 illi
2146 5205 2433 5268 accideret,
2469 5222 2532 5261 ac
2562 5210 2881 5277 sponsiones
2917 5219 3144 5275 votaque
3175 5204 3272 5255 fal‘

1732 5296 1887 5351 leret.
1924 5296 2079 5351 Nudo
2110 5297 2291 5365 itaque
2331 5299 2569 5366 projecta
2597 5302 2713 5356 solo
2756 5290 2899 5357 domi
2929 5300 3157 5370 iacebat,
3194 5295 3275 5345 lu-

160 5648 262 5727 .(76)
304 5653 363 5708 Ἡ
387 5656 520 5734 Irim
546 5659 658 5727 τῆς
707 5657 1066 5726 ὐπεράθλου.
1098 5664 1261 5730 Quasi
1296 5667 1406 5734 jam
1444 5678 1619 5723 certa-

118 5730 229 5767 nune
255 5734 471 5767 ument:
514 5738 561 5767 οι
604 5746 720 5767 mm
758 5732 906 5767 nlnrn
963 5746 1022 5767 an
1050 5749 1208 5767 cunno
1262 5738 1477 5767 ωηιξη...
1530 5741 1613 5767 ιιι..

1754 5676 1812 5729 πιιί
1853 5692 2019 5758 unum
2049 5679 2405 5738 novissimum
2422 5691 2645 5740 restaret
2663 5698 2725 5740 ac
2746 5682 3029 5747 deciinum,
3051 5690 3265 5737 exsecta

161 5732 565 5803 Ine‘emerita,“
604 5746 721 5803 qua;
758 5732 908 5799 plura
960 5746 1023 5803 ac
1050 5749 1234 5802 supra,
1262 5732 1477 5791 modum
1530 5741 1615 5793 illa
1724 5749 1954 5803 cervice.

116 5788 398 5845 desudasset
428 5812 440 5845 :
469 5788 648 5853 novem
692 5788 803 5868 jain
854 5788 1131 5870 perfuncui
1192 5788 1478 5863 tormentis
1516 5788 1621 5874 {Ei
