3924 6312
90 327 182 385 369

848 322 1127 382 ORATIO
1162 325 1340 385 XWI.
1371 352 1436 364 --
1471 328 1548 386 ΙΝ
1575 330 1879 391 LAUDEM
1911 335 1965 393 S.
2006 337 2449 396 ANAS’I‘ASME.

3165 346 3269 404 370

151 433 243 486 Διὰ
265 434 444 486 τοῦτο
481 433 659 500 χαίρω
681 448 694 465 ·
723 432 870 498 πρὸς
902 433 976 484 σὲ
1009 431 1117 501 γὰρ
1164 430 1354 498 αὖθις,
1393 428 1439 487 ὦ
1469 436 1624 502 τιμία

1797 436 2000 491 Idcirco
2019 443 2216 507 gaudeo
2239 442 2328 508 (ad
2353 451 2401 496 te
2431 444 2564 496 enim
2614 463 2810 511 rursus,
2837 463 2864 500 ο
2886 448 3099 499 charum
3129 456 3264 501 ami-

82 544 168 591 μοι
197 524 290 575 και
315 524 571 592 φιλτάτη
601 523 855 590 κεφαλὴ,
897 523 1000 575 τὸν
1041 526 1225 590 λόγον
1257 522 1619 592 ἐπιστρέψω⁹

83 618 162 667 καὶ
193 616 332 667 λίαν
363 614 462 667 ἐπὶ
499 614 616 677 σοί,
647 609 1049 678 ποθεινοτάτη,
1091 613 1290 680 χαιρω.
1331 614 1518 681 Χαίρω
1553 613 1624 667 τὰ

82 707 150 758 σὰ
176 701 327 770 μέλη
357 701 757 769 διεσπαρμένα
815 703 1253 769 συναγείρουσα
1274 717 1290 733 ’
1347 702 1624 770 τέρπομαι

80 796 162 845 καὶ
198 791 653 859 κατατέρπομαι,
687 791 773 844 ὅτι
798 791 913 844 νῦν
947 791 1107 859 ἔχεις
1139 790 1411 860 ἁλώδητα
1441 793 1620 852 σωζό-

79 897 230 952 μενα,
274 880 373 933 καὶ
405 879 477 947 τῇ
504 878 736 948 κεφαλῇ
765 882 1180 949 συνηνωμένα,
1229 881 1489 950 Χριστῷ·
1533 883 1621 937 ὅτι

79 969 258 1021 εὐχέτι
286 968 368 1022 σὰ
402 968 607 1032 ταῦτα,
658 969 796 1022 ἀλλ’
845 969 1028 1023 αὑτοῦ
1070 971 1300 1038 πέφυκε
1343 970 1619 1038 Χριστοῦ,

81 1059 212 1125 ὑπὲρ
243 1054 314 1113 οὗ
360 1059 456 1112 καὶ
484 1057 558 1111 δι’
581 1057 652 1112 ὃν
675 1060 970 1128 αίμοόόροι
996 1061 1176 1128 θῆρες
1194 1062 1617 1116 κατεδείσαντο.

83 1152 139 1201 Ὠ
161 1150 337 1216 μέλη,
361 1151 641 1217 σταχύων
659 1152 882 1216 τρόπον
899 1151 1126 1218 σιδήρῳ
1141 1152 1504 1218 θερισθέντα,
1523 1153 1619 1206 καὶ

81 1238 141 1303 τῇ
160 1237 275 1290 τῶν
294 1239 636 1307 πειρασμῶν
658 1240 789 1303 ἅλῳ
803 1241 1214 1307 συντριϐέντα,
1247 1241 1344 1294 καὶ
1378 1243 1482 1295 τὸν
1513 1242 1620 1310 τῆς

78 1329 382 1396 ὁμολογίας
405 1328 578 1382 σῖτον
606 1329 1016 1395 καθαρώτατον
1041 1329 1343 1383 ἀποδόντα
1364 1329 1442 1394 τῷ
1480 1333 1621 1384 Δεσ-

48 1478 56 1484 _
79 1423 171 1472 πότ
181 1439 236 1488 ῃ.
257 1422 445 1489 Mihin,
464 1422 723 1489 καθάπερ
734 1423 923 1475 ἐλαῖαι
937 1423 1140 1488 πίονες
1156 1422 1234 1488 τῷ
1243 1425 1622 1494 μηχανήματι

78 1511 180 1564 τῶν
209 1515 553 1580 κακούργων
579 1513 1038 1580 στρεϐλωθέντα,
1073 1517 1169 1568 καὶ
1197 1515 1261 1568 τὸ
1305 1514 1413 1582 τῆς
1438 1518 1619 1586 ἀναλ-

76 1604 314 1667 λιάσεως
347 1603 553 1656 ἔλαιον
589 1602 666 1667 τῷ
692 1603 987 1672 ἐκπιεσμῷ
1033 1605 1570 1666 κατασταλάζοντα.

130 1695 206 1745 Οὐ
234 1693 575 1762 κλαύσομαι
597 1695 804 1746 τοίνυν
836 1693 936 1746 ἐπι
982 1695 1212 1760 τούτοις
1232 1711 1246 1727 ·
1281 1697 1354 1750 οὐ
1385 1698 1616 1764 σπαρά-

77 1783 233 1848 {opas
260 1779 499 1848 χιτῶνα,
532 1783 605 1835 οὐ
625 1777 925 1849 κατὰτεμῶ
964 1783 1280 1851 βραχίονα,
1315 1786 1425 1838 οὐκ
1466 1783 1616 1840 ἀπο·-

75 1872 359 1940 δρύψομαι
387 1873 654 1939 παρειὰς,
679 1874 751 1926 οὐ
774 1872 1041 1940 θρηνώδη
1063 1873 1230 1941 ῥήξω
1250 1875 1477 1943 φωνὴν,
1506 1878 1616 1931 οὐκ

74 1957 222 2030 ᾆσμα
255 1963 469 2030 γοερὸν
503 1961 631 2029 ᾷσω
655 2002 672 2030 .
697 1965 769 2016 οὺ
792 1962 955 2031 ῥῆμα
988 1965 1323 2034 προήσομαι
1341 1965 1617 2036 ,ϐλάσφη-

71 2071 198 2120 μον,
225 2057 340 2108 οὐκ
389 2056 878 2126 ἀπολοφυροῦμαι
920 2056 1035 2125 τὴν
1079 2055 1204 2125 σὴν
1251 2059 1610 2130 κατατομήν.

77 2145 181 2196 Ὀτι
209 2131 282 2198 οὐ
312 2147 680 2214 κατετμήθης
704 2163 827 2214 μοι,
864 2146 1154 2214 φίλτατον
1194 2146 1428 2213 τέκνον,
1468 2148 1615 2220 μᾶλ-

73 2237 171 2286 ¹ιον
189 2232 540 2302 συνσπόγης
569 2234 658 2288 δέ.
691 2236 774 2288 οὐ
816 2233 1211 2302 διεσπάσθης,
1259 2239 1618 2307 συνηνώθης

73 2323 145 2375 δέ.
176 2322 406 2390 Χριστῷ
432 2325 539 2392 γὰρ
562 2323 1181 2391 συναποθνήσκουσα,
1209 2327 1423 2394 πιστὸς
1451 2331 1484 2382 ὀ
1511 2331 1617 2384 Jo-

74 2434 182 2482 τυς,
205 2416 295 2468 ὅτι
323 2415 421 2468 καί
453 2414 734 2483 συζήσεις
751 2413 930 2478 αὐτῷ.
968 2416 1162 2478 Τούτῳ
1199 2416 1346 2485 πρὸς
1374 2419 1619 2488 ,βραχὺν

74 2502 537 2572 συνατιμωθεῖσα
559 2502 782 2570 καιρὸν,
806 2501 880 2555 δι’
901 2500 1114 2567 αιῶνος
1137 2503 1293 2567 αὐτῷ
1321 2506 1617 2571 συνδοξα-

73 2595 281 2660 σθησῃ.
322 2592 496 2650 Ἀλλὰ
522 2591 726 2661 δέομαί
775 2607 890 2644 σου
913 2629 928 2654 ,
979 2585 1026 2645 ὦ
1056 2593 1304 2661 θύγατερ
1331 2632 1351 2659 ,
1376 2593 1618 2662 μᾶλλον

73 2684 129 2735 δὲ
151 2684 325 2750 κυρία
344 2683 561 2736 λοιπὸν
593 2682 690 2735 καὶ
717 2681 906 2750 μῆτερ
961 2682 1328 2750 πνευματική
1354 2699 1367 2714 ·
1404 2684 1486 2738 σύ
1519 2702 1616 2753 μοι

75 2775 207 2827 κατὰ
231 2775 296 2828 τὸ
330 2773 525 2842 βραχὺ
561 2773 671 2840 τῆς
693 2773 762 2825 ὲν
784 2773 962 2840 σαρκὶ
1001 2769 1171 2840 ζωῆς,
1214 2773 1312 2826 καὶ
1358 2773 1438 2828 σὺ
1468 2775 1615 2841 πρὸς

73 2869 250 2921 ἄλλον
295 2866 753 2936 μεταπιπτούσῃ
801 2865 980 2930 βίον,
1035 2865 1368 2933 παράστηθι
1416 2867 1617 2920 πόνων

74 2958 439 3022 ἀλεξίκακος,
469 2955 765 3024 ἁμαρτιῶν
791 2954 1066 3022 ίλασμός,
1120 2957 1216 3009 καὶ
1263 2955 1470 3023 ψυχῆς
1501 2966 1613 3010 πα-

1726 526 2087 595 cissimumgue
2121 538 2295 594 caput,
2326 536 2609 585 orationem
2639 536 2918 605 converto),
2943 538 3186 606 valdeque
3207 541 3266 593 de

1727 625 1794 676 te,
1823 618 2285 682 desideratissima,
2323 621 2534 688 gaudeo.
2571 624 2800 688 Gaudeo,
2855 629 2975 679 dum
3032 629 3266 695 dispersa

1726 708 1954 759 membra
1981 719 2071 762 tua
2098 727 2367 781 congrego.
2401 711 2598 775 Placet,
2623 716 2878 782 etiamque
2922 728 3072 784 atque
3106 722 3266 771 etiam

1723 797 1887 864 placet
1913 816 1974 851 ac
2012 802 2251 864 delectat,
2277 803 2412 870 quod
2444 821 2578 856 nunc
2620 806 2898 858 incolumia
2941 807 3152 869 habeas,
3207 827 3269 862 ac

1723 887 1931 942 Christo
1969 893 2127 960 capiti
2156 893 2451 958 conjuncta.
2475 893 2623 956 Quod
2647 911 2747 946 non
2780 896 2868 949 illa
2899 907 2988 949 tua
3017 899 3140 961 sint,
3180 901 3271 953 sed

1722 980 1884 1047 ipsius
1929 980 2121 1035 Christi
2169 984 2348 1050 facta,
2415 1001 2507 1051 pro
2567 1001 2692 1052 quo,
2751 1002 2812 1038 ac
2865 998 3072 1053 propter
3119 1006 3268 1057 quem

1721 1079 1950 1122 cruentat
1998 1071 2174 1124 bestia:
2211 1073 2545 1125 devorarant.
2611 1073 2656 1127 0
2714 1076 2984 1138 membra,
3043 1091 3268 1146 segetum

1721 1158 1891 1210 instar
1917 1160 2054 1226 ferro
2070 1162 2321 1226 demessa,
2347 1180 2407 1215 ac
2444 1166 2785 1217 tentationum
2839 1183 2965 1220 area
3003 1172 3266 1234 contrita;

1719 1264 1932 1316 qumque
1963 1251 2360 1304 mundissimum
2389 1255 2726 1320 confessionis
2757 1257 2988 1309 triticum
3050 1259 3272 1314 Domino

1721 1335 2091 1392 reddiderunt!
2122 1338 2375 1403 Membra,
2405 1341 2534 1393 velut
2560 1342 2686 1396 olea:
2708 1345 2919 1413 pingues
2946 1347 3268 1413 nefariorum

1719 1425 1984 1478 hominum
2009 1428 2273 1481 molitione
2300 1439 2436 1481 torta
2466 1431 2729 1495 machina,
2775 1435 3043 1503 oleumque
3076 1439 3264 1491 exsul-

1722 1515 1937 1568 tationis
1966 1519 2348 1583 compressione
2376 1519 2636 1574 stillantia
2661 1522 2681 1574 ί

1790 1686 1911 1743 Non
1947 1690 2108 1760 igitur
2135 1691 2315 1761 lugebo
2341 1709 2496 1761 super
2533 1695 2649 1748 istis
2684 1712 2826 1749 :non
2865 1697 3157 1764 discerpant
3182 1711 3268 1753 tu-

1721 1777 1911 1841 nicam,
1931 1795 2033 1832 non
2063 1780 2330 1834 brachium
2352 1785 2640 1850 concidam,
2681 1801 2780 1837 non
2808 1787 3064 1855 unguibus
3112 1805 3267 1856 genas

1721 1867 1947 1931 laniabo,
1982 1885 2083 1921 non
2110 1886 2280 1923 vocem
2319 1872 2585 1941 lugubrem
2637 1890 2895 1938 rumpam,
2934 1893 3035 1929 non
3088 1879 3266 1946 deplo-

1722 1959 1844 2013 rabo
1890 1970 2030 2014 tuam
2064 1965 2442 2027 concisionem;
2493 1967 2630 2034 quod
2675 1969 2922 2020 nimirum
2970 1956 3073 2022 non
3139 1971 3266 2022 mihi

1720 2052 1926 2104 concisa
1963 2053 2057 2117 sis,
2118 2053 2424 2106 charissima
2478 2055 2610 2122 filia,
2637 2058 2725 2109 sed
2761 2061 2925 2127 magis
2961 2070 3269 2127 compacta;

1720 2158 1812 2195 nec
1847 2143 2125 2205 distracta,
2179 2144 2268 2197 sed
2309 2147 2557 2200 counita:
2601 2147 2821 2201 Christo.
2854 2150 2991 2202 enim
3047 2167 3272 2204 commo-

1720 2233 1876 2297 riens,
1907 2233 2075 2300 ﬁdelis
2103 2249 2269 2287 sermo
2299 2235 2408 2302 fore
2440 2245 2496 2288 ut
2523 2238 2636 2290 etei
2663 2240 2899 2292 convivas
2925 2241 2989 2293 ¹¹.
3010 2241 3140 2294 Cum
3170 2243 3264 2295 illo

1719 2323 1788 2376 ad
1826 2323 1969 2376 breve
1996 2333 2193 2386 tempus
2221 2325 2587 2388 dehonestata,
2627 2328 2680 2380 in
2729 2338 2980 2382 arternum
3011 2333 3269 2399 conglori-

1718 2414 1990 2483 ﬁcaberis;
2020 2415 2206 2468 Verum
2259 2433 2381 2484 rogo
2435 2425 2500 2482 te,
2539 2418 2674 2484 ﬁlia,
2711 2435 2800 2471 seu
2843 2423 3014 2483 potius
3058 2423 3272 2475 domina

1712 2507 1832 2576 jam
1857 2523 1920 2560 ac
1950 2516 2116 2560 mater
2141 2507 2435 2576 spiritualis
2456 2508 2474 2559 ,ν
2504 2517 2559 2560 ιιι
2604 2510 2731 2562 mihi
2752 2527 2846 2577 per
2884 2512 3084 2564 brevem
3137 2516 3271 2566 hanc

1720 2595 1776 2648 in
1807 2611 1961 2648 carne
1989 2595 2172 2658 vitam,
2215 2604 2368 2660 tuque
2417 2597 2486 2650 ad
2532 2597 2693 2650 aliam
2738 2603 3029 2653 transeunti
3087 2603 3266 2665 vitam,

1720 2696 1908 2755 pratsto
1942 2687 2013 2740 sis
2047 2685 2289 2739 laborum
2320 2686 2606 2755 depultrix,
2639 2700 2968 2757 peccatorum
3014 2694 3271 2760 propitiu-

1722 2779 1816 2844 tio,
1840 2779 2004 2831 animi
2035 2777 2168 2830 bona
2216 2779 2521 2842 consolatio,
2577 2791 2875 2848 perpetuum
2918 2783 3267 2850 refrigerium.

1725 2869 1832 2923 Nec
1855 2870 1981 2922 mihi
2014 2868 2204 2931 solum,
2229 2868 2374 2932 mihi,
2408 2870 2638 2938 inquam,
2662 2872 2749 2923 sed
2775 2880 2822 2922 et
2848 2873 3045 2926 cunctis
3065 2884 3112 2925 te
3144 2875 3272 2940 fide-

1721 2957 1840 3011 liter
1872 2957 2247 3019 invocantibus,
2275 2956 2367 3009 Dei
2395 2973 2600 3024 sponsa,
2627 2969 2736 3012 esto
2760 2960 3013 3040 refugium
3032 2973 3080 3014 ct
3102 2963 3267 3029 salus,

69 3049 352 3115 ράκλησις
373 3045 584 3115 ἀγαθὴ,
611 3044 707 3098 καὶ
724 3042 1133 3105 διαιωνίζουσα
1150 3047 1496 3114 παραψυχή.
1519 3048 1613 3117 Μὴ

1721 3051 1772 3102 in
1802 3049 2007 3104 Christo
2033 3045 2180 3101 Jesu.
2216 3049 2396 3102 Amen.

73 3142 184 3208 ἐμοὶ
209 3140 276 3194 δὲ
301 3142 482 3210 μόνῃ,
507 3137 591 3210 μὴ
615 3139 744 3208 ἐμοί
764 3156 778 3171 ο
804 3139 961 3192 ἀλλὰ
993 3137 1089 3190 καὶ
1114 3136 1262 3191 πᾶσι
1297 3137 1419 3206 τοῖς
1449 3141 1674 3209 πιστῶς
1698 3139 2187 3209 ἐπικαλουμένοις
2214 3153 2307 3204 σε,
2348 3139 2658 3208 θεόνυμφε,
2689 3142 2862 3208 γενοῦ
2892 3140 3266 3209 προσφύγιον

73 3238 155 3291 και
181 3239 463 3306 σωτηρία,
493 3237 563 3290 ἐν
597 3234 822 3304 Χριστῷ
861 3234 1070 3300 Ἰησοῦ.
1114 3234 1319 3304 Ἀμήν.

131 3329 358 3392 Τούτους
385 3331 413 3399 ἡ
437 3327 604 3397 Σοφία
629 3327 752 3391 τοὺς
774 3325 1090 3394 ἑπιταφίους
1114 3327 1212 3378 σὺν
1238 3326 1456 3394 θερμοῖς
1478 3327 1616 3394 ἄγαν

75 3422 154 3473 καὶ
182 3420 535 3488 γλυκυτάτοις
585 3419 846 3489 δάκρυσιν
877 3415 1226 3487 ὲπιφωνοῦσα
1256 3456 1271 3482 ,
1303 3418 1530 3472 ἕκαστον
1559 3420 1614 3472 δὲ

77 3510 216 3576 μέλος
245 3507 694 3585 καταρραίνουσα-
732 3507 824 3560 καὶ
852 3507 1310 3578 κατασπαζομὲνη
1331 3549 1345 3573 ,
1387 3509 1506 3561 επεὶ
1537 3509 1612 3580 μὴ

75 3600 204 3670 εἶχεν
225 3603 502 3670 δυνάμεως
535 3599 667 3670 μόνη
693 3598 1038 3667 συγκομίσαι,
1066 3597 1157 3651 δύο
1185 3599 1328 3661 τινὲς
1360 3597 1611 3671 ἐξαίφνης

59 3679 404 3762 ’ἱεροπρεπεῖς
436 3690 496 3742 τὸ
533 3685 692 3753 εἶδος,
741 3686 1027 3755 ἀσκητικοὶ
1070 3686 1158 3740 τὸν
1194 3686 1329 3755 βίον,
1362 3688 1612 3741 ἐπιστάν-

75 3802 170 3848 τες,
219 3783 315 3838 καὶ
356 3783 451 3835 τὸν
492 3782 635 3851 ἱερὸν
679 3780 872 3849 φόρτον
913 3779 1117 3832 ἐκεῖνον
1157 3781 1221 3848 τῇ
1251 3778 1406 3850 τιμία
1435 3781 1643 3848 γραῒδιν

78 3873 418 3942 συναράμενοι
441 3886 454 3901 ⁸
484 3870 709 3938 ἔγγιστα
727 3869 784 3922 δὲ
807 3867 1174 3937 τῆςΜεγάλης
1213 3865 1429 3936 Ῥώμης
1463 3868 1612 3938 τόπῳ

80 3963 242 4034 σιμ.νῷ
265 3960 719 4034 προσηγγικότες,
774 3960 910 4028 μετά
941 3958 1130 4027 φώτων
1169 3960 1263 4009 καὶ
1297 3956 1482 4027 ὓμνων
1512 3976 1612 4029 κη-

75 4054 371 4118 ὀιύσαντεςξ
396 4051 701 4106 κατέθεντο.

135 4141 395 4210 Τοιαύτης
421 4139 543 4193 κατ’
574 4139 744 4209 ἀρχὰς
769 4139 987 4208 ἀγωγῆς
1023 4139 1055 4208 ἡ
1089 4137 1327 4207 ἀοίδιμος
1360 4139 1610 4208 εὐμοιρηο

79 4235 204 4297 mla,
228 4230 500 4299 τοσαύτης
528 4229 774 4299 βασάνων
803 4228 898 4298 οὐχ
933 4228 1238 4298 ἡττηθεῖσι
1278 4229 1570 4298 τρικυμίας
1593 4270 1608 4293 ,

79 4320 296 4373 τοιούτου
317 4321 376 4373 δὲ
405 4320 590 4381 τέλους
610 4318 910 4388 τρισολσίου
937 4318 1349 4382 καταξιωθείσα,
1379 4319 1518 4371 τίσιν
1545 4319 1610 4372 ἃν

79 4411 168 4463 τῶν
193 4411 357 4464 παλαι
391 4409 681 4477 γνωρίμων
708 4409 794 4462 ἐπ’
816 4408 1064 4478 εὐσεϐείᾳ
1092 4408 1363 4476 γυναικῶν
1383 4447 1398 4471 ,
1427 4409 1534 4462 τίσι
1554 4409 1609 4460 δὲ

81 4501 170 4551 τῶν
219 4501 445 4568 ὓστερον
502 4500 943 4569 εὐδοκιμησασῶν
998 4499 1499 4567 ἀντεξεταζομένη,
1550 4500 1610 4552 οὐ

81 4590 194 4642 πολὺ
265 4590 588 4658 λειπόμενον
649 4588 708 4640 τὸ
777 4587 912 4658 πρὸς
967 4588 1134 4654 αὐτὴν
1192 4590 1612 4659 συγκρινόμενον

82 4681 350 4747 ἑλέγξιιεν;
377 4676 479 4732 Ὧν
504 4679 602 4748 μὲν
630 4679 736 4749 γὰρ
763 4681 820 4731 ὲν
847 4679 1042 4743 πίστει,
1069 4679 1168 4749 τὴν
1197 4680 1330 4749 πρὸς
1368 4680 1427 4732 τὸ
1463 4681 1614 4733 Θεϊον

81 4775 446 4845 ἐνδειξαμένων
496 4775 879 4845 εὐδοκίμησιν·
931 4771 1078 4840 οἷον,
1137 4777 1350 4846 Σάρρας
1403 4776 1612 4844 ὲνείνης

81 4865 162 4931 τῆς
182 4867 268 4918 τοῦ
300 4865 554 4934 Ἀϐραάμ
575 4880 589 4893 ·
628 4863 940 4927 Ῥεϐέκκας,
982 4864 1179 4933 Ῥαχὴλ
1205 4880 1219 4894 ·
1254 4866 1448 4932 Ἀννης
1479 4864 1611 4932 πρὸς

80 4957 266 5020 αὐταῖς,
298 4956 396 5023 τῆς
417 4954 508 5007 τοῦ
540 4954 788 5024 Σαμουὴλ
811 4970 823 4982 ·
849 4953 1153 5024 Δεόὡῤῥας,
1171 4954 1374 5016 Ἰουδὶθ,
1393 4953 1617 5021 Ἐσθήρ··

81 5045 200 5096 ἕηκῶ
236 5063 326 5114 μοι
353 5046 701 5114 προσθήσειν,
736 5046 829 5097 καὶ
863 5045 1060 5112 Ἀννης
1103 5043 1200 5111 τῆς
1230 5043 1320 5097 τοῦ
1349 5044 1609 5110 Φανουὴλ,

83 5136 160 5187 καὶ
189 5138 386 5206 ’Δννης
413 5136 578 5203 ἄλλης
609 5135 706 5203 τῆς
761 5135 1032 5201 Ἰωακεὶμ,
1079 5135 1170 5185 καὶ
1196 5134 1292 5200 τῆς
1332 5131 1607 5185 Ἐλισάὸετ

83 5229 356 5295 Ζαχαρίουο
387 5220 460 5278 ὧν
492 5227 548 5278 δὲ
581 5225 736 5278 πάλιν
768 5224 1038 5295 ὲν⁴ἀγάπῃ
1068 5226 1132 5293 τῇ
1161 5224 1218 5273 ὲν
1250 5222 1464 5291 Χριστῷ
1509 5223 1610 5287 Ἰη-

87 5315 162 5366 σοῦ
196 5317 256 5368 τὸ
287 5317 487 5386 κράτος
521 5314 922 5381 ἀπενέγκασθαι
955 5312 1259 5381 λεγομένων
1285 5329 1298 5341 ·
1331 5307 1460 5372 οἷον,
1515 5312 1612 5379 τῆς

83 5406 524 5474 πρωτομὰρτυρος
552 5402 765 5470 ἐκείνης
797 5403 888 5453 καὶ
916 5399 1336 5468 καλλιπαρθένου
1367 5399 1568 5466 Θὲκλης
1593 5413 1606 5428 ο

84 5496 159 5544 καὶ
187 5496 291 5563 πρὸ
327 5496 517 5562 αὐτῆς,
557 5494 653 5562 τῆς
688 5492 837 5560 παρὰ
867 5493 972 5554 τοῖς
1005 5490 1350 5558 [εὐαγγελίοις
1386 5489 1608 5552 Μαγδα-

83 5585 224 5650 invi};
278 5585 531 5652 Μαρίας·
605 5580 738 5647 μετά
781 5579 1009 5656 ταύτας,
1068 5578 1387 5647 Εὑφημίας,
1446 5577 1609 5644 Εἰρή-

143 5695 178 5721 ¹¹
205 5694 245 5747 ll
273 5692 420 5746 Tim.
459 5709 513 5757 ιι,
552 5693 627 5744 il.

1788 3329 1898 3384 Hos
1929 3327 2126 3398 Sophia
2164 3326 2488 3396 sepulcrales
2519 3339 2797 3380 sermones
2848 3325 3073 3380 fervidis
3113 3326 3267 3379 valde

1716 3422 2149 3489 dulcissimisque
2179 3422 2387 3475 elocuta
2418 3420 2687 3490 lacu-ymis,
2737 3420 3054 3488 singulaque
3098 3435 3264 3472 mem-

1714 3515 1810 3568 bra
1863 3513 2094 3583 irrigans
2144 3528 2208 3566 ac
2263 3513 2593 3582 amplexata,
2657 3528 2777 3565 cum
2839 3512 2950 3566 sola
2990 3528 3082 3580 per
3120 3511 3264 3565 vires

1712 3610 2046 3670 comportare
2083 3617 2189 3654 non
2213 3609 2410 3670 posset,
2469 3601 2577 3653 duo
2615 3585 2830 3670 quidam
2857 3610 3071 3669 repente
3102 3616 3264 3655 vene-

1713 3691 1868 3745 rabili
1910 3691 2264 3759 religiosaque
2316 3692 2514 3758 specie,
2549 3692 2670 3746 vitae
2724 3691 2968 3744 asceticaa
3002 3690 3261 3748 cultores.

1715 3785 1975 3841 astantes,
2003 3793 2331 3846 sacrumque
2363 3778 2495 3832 illud
2524 3794 2660 3833 onus
2681 3795 2784 3832 una
2816 3794 2939 3830 cum
2966 3777 3263 3832 venerabili

1715 3868 1891 3920 vetula
1919 3866 2188 3929 tollentes,
2213 3881 2278 3919 ac
2302 3866 2479 3920 vicino
2513 3868 2799 3921 admodum
2842 3867 3044 3935 Magna:
3082 3863 3268 3919 Romae

1717 3959 2012 4012 venerabili
2041 3958 2163 4011 loco
2199 3957 2569 4020 admoventes.
2595 3974 2716 4012 cum
2746 3957 3034 4012 luminibus
3065 3967 3257 4011 etcau-

1714 4049 1836 4104 ticis
1863 4048 2007 4116 justa
2044 4057 2360 4117 peragentes
2387 4047 2776 4116 deposuerunt.

1784 4137 1933 4190 Talia
1967 4137 2238 4206 principio
2265 4136 2582 4191 educatione
2637 4136 2835 4205 inclyta
2864 4135 3025 4205 Virgo
3073 4135 3263 4204 potita,

1691 4237 1968 4296 'tantaque
2001 4236 2398 4280 tormentorum
2431 4227 2477 4279 ei
2520 4235 2770 4294 superata
2820 4226 3075 4294 procella,
3105 4225 3263 4278 talem

1712 4315 1944 4382 denique
1974 4323 2052 4367 ter
2083 4317 2297 4367 beatum
2339 4316 2499 4366 linem
2523 4322 2699 4377 nacta,
2734 4313 3067 4380 quibusnam
3129 4312 3259 4365 olim

1716 4406 1927 4473 pictatis
1957 4420 2083 4473 ergo
2110 4404 2374 4457 rlararum
2395 4405 2699 4461 mulierum.
2733 4403 3054 4471 quibusnam
3079 4418 3263 4455 rarum

1716 4510 1834 4564 quae
1872 4503 2051 4563 postea
2086 4494 2417 4555 claruerunt,
2448 4503 2777 4561 comparata,
2822 4508 2927 4546 non
2962 4493 3116 4561 longe
3141 4508 3170 4544 a
3206 4508 3265 4545 se

1716 4585 1949 4638 deiicere
1977 4585 2304 4650 minorisquc
2337 4599 2443 4650 pra:
2477 4583 2562 4635 illa
2592 4598 2710 4635 esse
2743 4582 3019 4651 arguerit?
3044 4580 3116 4633 Ex
3139 4581 3264 4648 qui-

1717 4676 1816 4729 bus
1872 4675 2146 4735 nimirum,
2201 4676 2320 4728 aliaa
2372 4675 2490 4727 ﬁdei
2545 4674 2734 4726 merito
2759 4673 2973 4726 virtutis
3006 4673 3057 4725 in
3097 4674 3264 4726 Deum

1715 4767 1983 4833 specimen
2051 4767 2326 4829 dederim;
2381 4763 2682 4828 cujusmodi
2735 4772 2900 4822 sunt,
2981 4761 3112 4812 Sara
3171 4760 3259 4813 illa

1713 4856 1942 4929 Abralue
1967 4855 2186 4922 conjux,
2229 4854 2488 4914 Rebecca,
2526 4853 2723 4905 Rachel
2761 4869 2772 4903 :
2802 4852 2953 4904 Anna
2982 4862 3257 4920 prmtcrea,

1715 4945 1980 4998 Samuelis
2033 4953 2228 5007 mater;
2269 4944 2496 5001 Debora.
2530 4941 2740 5004 Judith,
2794 4940 3001 4993 Esther.
3055 4941 3258 4992 Addant

1712 5045 1763 5089 et
1800 5036 2005 5087 Annam
2043 5035 2351 5092 Phanuelis,
2394 5034 2711 5099 Antiumque
2737 5033 2891 5082 aliam
2917 5029 3184 5089 Joachim,
3207 5041 3258 5081 ot

1716 5125 1950 5177 Elisahct
2003 5124 2319 5176 Zachariae:
2364 5124 2480 5175 aliae
2538 5138 2664 5171 vero
2717 5136 2920 5180 rursus,
2977 5121 3256 5172 dilectiOne

1717 5217 1766 5268 in
1793 5215 2008 5269 Cluislo
2034 5216 2156 5268 Jrsu
2186 5215 2514 5283 pl‘tllflIISiSSC
2566 5215 2903 5281 palmamque
2955 5221 3255 5277 reportasse

1712 5307 1992 5370 dicantur;
2024 5304 2323 5371 cujusmodi
2353 5312 2478 5358 sunt
2509 5313 2870 5371 protomartyr
2900 5303 2983 5352 illa
3018 5317 3076 5350 ac
3112 5315 3246 5364 prae-

1714 5398 1858 5448 clara
1889 5397 2044 5463 virgo
2083 5394 2313 5457 Thecla;
2355 5394 2553 5460 illaque
2580 5395 2740 5461 prior,
2780 5408 2899 5459 qua:
2929 5391 2976 5439 in
3017 5386 3246 5452 Evange-

1714 5485 1795 5536 liis
1848 5487 2058 5549 legitur,
2095 5483 2256 5533 Maria
2314 5482 2618 5548 Magdalcna
2657 5499 2668 5532 :
2709 5492 2933 5548 postque
2986 5475 3101 5524 illas
3136 5471 3243 5522 Eu-

1714 5576 1944 5641 phemia,
1987 5575 2155 5633 lrcnc,
2192 5572 2564 5628 Alcatharina.
2603 5570 2797 5640 Sophia
2859 5580 2971 5619 cuin
3033 5562 3243 5616 ﬁliabus
