3924 6312
641 205 738 268 371
1819 213 2107 274 ΝΙΟΕΤᾹΞ
2144 213 2662 274 PAPHLAGONIS
3724 208 3811 267 372

638 326 774 384 suis,
803 321 950 387 Fide,
983 323 1086 392 Spe
1113 331 1166 378 et
1185 305 1494 390 Charitate;
1522 325 1784 395 Ripsimia
1816 338 1871 383 et
1892 327 2177 394 Febronia,

2287 346 2374 398 νης
2405 329 2537 398 (77),
2573 325 2946 396 Λῑκαθερίνης,
2975 296 3171 392 Σοίφίας
3200 320 3333 399 (78),
3392 321 3492 374 καὶ·
3519 318 3626 373 τῶν
3659 319 3806 385 θυγα·

640 415 866 482 aliaeque
924 422 1045 483 post
1085 428 1196 470 eas.
1253 413 1362 470 Has
1408 429 1601 470 omnes
1656 419 1852 486 partim
1909 419 2182 488 superavit

639 505 945 566 Anastasia,
975 505 1167 573 partim
1191 521 1319 561 vero
1345 508 1595 574 mquavit.
1629 507 1885 574 Quinimo
1914 510 2183 578 superavit

642 612 854 662 omnes,
886 597 989 650 nisi
1025 598 1200 652 audax
1223 597 1370 653 dictu
1396 599 1540 653 istud
1579 601 1858 667 videatur;
1909 603 2026 657 illas
2057 602 2180 672 qui-

641 689 759 743 dem
792 705 910 758 qua:
937 689 1039 744 fide
1091 690 1369 759 magniﬁce
1408 692 1614 746 clarere
1655 695 1964 757 creduntur,
2004 693 2182 748 chari-

642 781 766 834 tatis
809 779 1136 848 perfectione
1177 780 1521 848 praecellens;
1571 783 1690 838 illas
1721 798 1848 838 vero
1892 798 2012 852 qua
2054 781 2183 838 cha-

642 870 816 924 ritatis
843 869 1169 939 perfectione
1200 870 1505 938 splendent,
1569 875 1692 928 fidei
1720 875 2036 930 excellentia
2067 875 2185 928 vin-

641 975 790 1016 cens.
821 963 897 1015 Ac
934 962 979 1016 si
1013 961 1160 1027 libet,
1197 960 1301 1028 ﬁde
1323 964 1540 1031 quidem
1581 966 1775 1021 eximie
1809 964 2066 1035 perfecta,
2099 966 2184 1020 his

644 1069 764 1121 quae
835 1053 936 1106 fide
998 1055 1527 1122 consummationem
1595 1058 1858 1123 habeant;
1907 1058 2184 1114 charitatis

644 1158 769 1196 vero
795 1143 1116 1198 excellentia
1151 1143 1259 1198 illis
1281 1154 1520 1214 praestat,
1549 1163 1670 1216 quae
1701 1147 2186 1203 sincerecharitate

643 1231 886 1300 diligant.
917 1231 1138 1288 Cunctis
1158 1248 1322 1304 porro
1355 1236 1558 1291 sanctis
1606 1237 2014 1292 adolescentulis
2044 1238 2186 1291 divi-

645 1335 833 1373 narum
868 1322 1160 1390 gratiarum
1194 1323 1412 1378 cumulo
1445 1333 1649 1378 tantum
1669 1325 1889 1388 eminet,
1923 1335 2184 1395 quantum

645 1407 889 1475 pluribus
910 1409 1388 1478 acerbioribusque
1435 1425 1534 1479 pro
1565 1411 1766 1467 Christi
1821 1411 2106 1467 dilectione
2129 1413 2187 1467 li-

2279 419 2447 489 τὲρων
2496 418 2683 485 αὐτῆς,
2737 417 3000 478 Πίστεως,
3049 413 3237 483 λέγω.
3295 411 3389 465 καὶ
3449 410 3690 473 Ἐλπίδος
3730 413 3810 464 καὶ
3900 437 3901 454 ι

2291 510 2532 579 ’Ᾱγάπης
2555 525 2568 538 ⁶
2607 500 2896 576 "Wight;
2923 504 3058 575 (79),
3091 501 3415 574 Φεϐρωνίας,
3447 501 3542 554 καὶ
3570 499 3676 553 τῶν
3701 503 3811 554 tm.
3900 513 3901 560 ξ

2285 597 2456 668 μένων
2486 599 2695 659 αὐταῖς.
2748 595 2965 647 Τούτων
3003 592 3191 647 πασῶν
3227 590 3556 645 ’Δναστασία
3576 629 3591 652 ,
3627 583 3700 644 ὧν
3729 591 3813 657 μὲν
3900 605 3901 614 *

2280 685 2606 758 ὑπερέσχεν,
2633 677 2706 738 ὧν
2728 684 2784 738 δὲ
2810 683 2950 736 κατὰ
2987 682 3182 735 ταυτὸν
3227 679 3449 751 ήνόκθη.
3484 677 3700 732 Μᾶλλον
3742 679 3810 743 δὲ,
3900 701 3901 734 ;

2282 773 2469 832 πασῶν
2500 775 2815 845 ύπιρέσχεν,
2844 775 2892 826 εἰ
2923 772 2998 841 μὴ
3023 770 3295 842 τολμηρὸν
3343 771 3517 822 εἰπεῖν
3539 783 3555 798 ·
3583 765 3690 835 τῶν
3727 769 3812 836 μὲν
3900 771 3901 780 ‘

2283 869 2340 920 ἐν
2367 865 2546 918 πίστει
2572 864 2839 934 λαμπρῶς
2865 862 3171 931 εὐδοκιμεῖν
3193 859 3612 929 πιστευομένων,
3635 861 3698 927 τῇ
3727 858 3812 925 τῆς

2281 957 2496 1026 ἀγάπης
2525 953 2904 1024 ὑπερϐαλοῦσα
2943 951 3239 1020 τελειότητι
3265 968 3282 982 ·
3329 950 3427 1013 τὰς
3458 951 3519 1002 ὲν
3556 949 3739 1018 ἀγάπη
3765 948 3815 1000 δὲ

2282 1043 2570 1111 τελειότητι
2613 1041 3002 1111 κλεῖζομένας,
3036 1042 3103 1110 τῇ
3155 1039 3424 1110 ὑπερϐολῇ
3473 1039 3572 1106 τῆς
3599 1038 3817 1115 πίστεως

2283 1141 2570 1209 νικήσασα.
2608 1137 2669 1191 El
2700 1137 2877 1207 βούλει
2905 1135 2984 1199 δὲ,
3052 1135 3230 1188 πίστει
3272 1134 3370 1203 μὲν
3426 1130 3818 1203 ύπερτελεῖιτὰς
3900 1163 3901 1196 ς

2284 1234 2341 1284 ὲν
2367 1230 2544 1284 πίστει
2577 1227 2998 1296 τετελειωμένας
3018 1266 3034 1292 ,
3067 1225 3336 1296 ὕπερόολῇ
3365 1225 3420 1278 δὲ
3471 1225 3689 1294 ἀγάπης
3733 1222 3820 1284 τὰς
3900 1297 3901 1304 φ

2284 1320 2598 1392 ἀκραιφνῶς
2666 1317 2963 1387 ὰγαπώσας
3037 1316 3443 1404 παρευδοκιμεῖ.
3521 1313 3714 1404 Πασῶν
3770 1313 3820 1364 δὲ

2285 1410 2534 1466 νεανίδων
2576 1409 2746 1477 άγίων
2778 1407 2919 1461 κατὰ
2950 1407 3206 1460 τοσοῦτον
3251 1409 3368 1470 ταῖς
3398 1400 3570 1466 θείαις
3618 1403 3821 1473 χάρισιν
3900 1400 3901 1430 ῖ

644 1493 818 1562 deque
841 1495 1117 1564 perfuncta
1150 1500 1447 1566 tormentis,
1477 1502 1750 1556 acerbiore
1771 1513 1896 1558 casu
1927 1504 2179 1558 adversa-

2287 1504 2617 1575 ὑπέρκειται,
2665 1499 2781 1552 καθ’
2809 1500 2929 1552 ὅσον
2961 1498 3056 1551 καὶ
3088 1498 3291 1550 πλείοσι
3337 1497 3428 1549 καὶ
3479 1494 3821 1584 δριμυτέραις

642 1583 781 1637 rium
811 1584 969 1640 elisit.

713 1760 840 1827 Sed,
887 1778 922 1817 ο
955 1764 1156 1832 puella,
1194 1780 1416 1834 prorsus
1485 1767 1828 1824 immaculata
1884 1786 1946 1826 ac
2005 1755 2181 1828 incor:

640 1854 831 1920 rupta!
858 1867 978 1921 quae
1015 1854 1165 1922 prius
1198 1856 1409 1923 quidem
1446 1857 1698 1927 religiose
1743 1874 2017 1926 exercens,
2062 1879 2181 1918 cor-

640 1943 790 2012 poris
819 1943 947 1996 vitia
980 1959 1043 1998 ac
1075 1945 1324 2000 libidines
1347 1948 1682 2003 mortiﬁeasti
1701 1949 1850 2019 (imo,
1885 1967 1950 2004 ne
1968 1964 2180 2008 exstare

641 2032 855 2100 quidem
913 2032 966 2086 in
1016 2041 1067 2087 te
1093 2049 1119 2086 a
1155 2036 1420 2104 principio
1450 2037 1551 2092 ista
1610 2039 1922 2109 permisisti)
1955 2058 2184 2112 quaeque

640 2121 832 2177 deinde
861 2122 1173 2179 certaminis
1203 2126 1473 2193 palaestra,
1512 2127 1632 2197 ipsa
1663 2144 1876 2200 quoque
1922 2133 2182 2199 membra,

642 2212 696 2265 in
723 2212 924 2280 quibus
953 2214 1057 2267 illis
1087 2214 1268 2284 vigere
1292 2227 1664 2284 comparatum
1699 2229 1804 2284 est,
1834 2230 2016 2290 putata
2049 2223 2184 2276 ami-

640 2300 758 2355 sisti
793 2311 850 2354 ut
878 2303 976 2357 soli
1006 2302 1220 2358 Christo
1251 2306 1304 2358 in
1364 2304 1568 2374 Spiritu
1627 2308 1867 2364 viveres!
1915 2309 1959 2366 0
1983 2310 2186 2366 Christi

642 2406 839 2459 Sponsa
885 2402 936 2445 et
986 2408 1139 2448 soror
1171 2383 1224 2448 et
1254 2405 1425 2450 mater
1445 2399 1521 2450 "l
1583 2385 1968 2466 castissimam,
2010 2404 2186 2471 quoad

642 2475 785 2539 licet,
839 2476 929 2530 Dei
985 2476 1209 2533 Matrem
1239 2478 1484 2545 imitata;
1529 2495 1592 2537 ac
1651 2484 1835 2538 animo
1883 2485 2098 2554 quidem
2131 2487 2187 2540 in

641 2581 805 2620 carne
843 2567 957 2634 ipsa
1020 2584 1234 2638 quoque
1286 2582 1647 2642 prarpurgata,
1704 2576 1955 2643 velutque
1999 2577 2183 2632 divino

642 2651 872 2725 quodam
902 2659 1105 2712 semine
1120 2661 1392 2730 conceptis
1415 2661 1648 2730 Spiritus
1680 2665 1954 2734 primitiis,
1989 2666 2184 2721 variis-

643 2761 750 2814 que
799 2756 1016 2815 propter
1049 2749 1198 2801 illum
1223 2747 1507 2806 tormentis
1534 2754 1714 2817 enixa,
1746 2770 1808 2810 ac
1839 2771 1960 2824 qua:
1979 2754 2184 2823 Spiritu

645 2834 832 2888 Salutis
885 2835 1104 2891 Christo
1154 2837 1383 2896 Domino
1424 2839 1480 2893 in
1537 2842 1702 2898 corde
1727 2846 1927 2911 genito,
1963 2846 2027 2899 ad
2059 2862 2182 2900 eum
2213 2839 2256 2897 C

645 2926 886 2995 gaudens
926 2930 1319 2997 commigrasti.

712 3017 936 3073 Osexus
971 3013 1154 3074 sex'um
1192 3036 1405 3076 omnem
1464 3024 1662 3079 eximie
1694 3025 1913 3081 vincens
1943 3046 1955 3080 :
2025 3044 2189 3084 sexus

643 3107 924 3162 muliebris
979 3110 1030 3162 in
1061 3111 1198 3164 virili
1253 3127 1438 3168 sensu.
1488 3112 1743 3178 Quinimo
1788 3125 1978 3170 natura
2035 3119 2190 3172 indo-

642 3200 829 3268 lesque
855 3199 1090 3256 hominis
1136 3203 1190 3254 in
1221 3189 1460 3271 angelica
1515 3205 1734 3263 elucens
1789 3217 1967 3262 mente
2026 3217 2190 3279 atque

641 3292 863 3355 virtute,
891 3305 1012 3358 quae
1044 3292 1173 3359 igni,
1212 3291 1355 3347 ferro
1385 3294 1674 3366 omnisque
1717 3300 1932 3365 generis
1962 3308 2190 3354 tormen-

643 3381 713 3436 tis
740 3394 1068 3451 congressa;
1121 3397 1186 3438 ac
1212 3398 1334 3439 cum
1385 3395 1570 3454 postea
1616 3389 1874 3444 abscissa:
1917 3405 2186 3459 mammae,

645 3483 949 3538 manusque
985 3483 1049 3523 ac
1083 3470 1268 3539 pedes,
1295 3472 1575 3542 evulsique
1615 3475 1845 3542 dentes;
1890 3491 1953 3531 ac
2012 3478 2189 3547 lingua

641 3559 899 3628 primum,
937 3568 1047 3614 lum
1073 3561 1253 3617 cervix
1277 3577 1413 3615 caesa
1443 3570 1607 3626 esset,
1634 3563 1906 3618 Christum
1933 3580 2036 3620 non
2061 3582 2189 3635 pro-

641 3648 846 3714 didisti,
869 3660 962 3704 aut
995 3665 1114 3720 quae
1148 3651 1306 3704 estin
1348 3653 1518 3716 illum,
1546 3654 1698 3706 fidenti
1731 3656 1950 3709 mentita
1977 3671 2056 3720 es,
2097 3672 2190 3712 ac-

641 3736 761 3804 cipe
812 3745 1000 3792 tenues
1049 3739 1146 3793 has
1191 3755 1502 3795 sermonum
1555 3743 1839 3811 primitias.
1875 3745 2017 3811 Quid
2046 3748 2190 3802 enim

643 3825 757 3881 ha‘c
792 3829 967 3883 oratio
997 3829 1063 3883 ad
1096 3840 1240 3883 tuam
1291 3831 1564 3897 virtutem,
1621 3849 1780 3902 quam
1821 3835 2042 3890 laudant
2089 3853 2189 3892 an-

643 3917 880 3987 gelorum
912 3920 1073 3981 acies,
1108 3921 1484 3990 celebrantque
1523 3925 1768 3979 caelestes
1794 3941 1983 3982 omnes
2029 3927 2189 3984 Pote-

643 4009 841 4060 States?
870 4009 1122 4062 Animum
1167 4019 1365 4074 tamen,
1419 4025 1451 4064 ο
1493 4012 1998 4082 incorruptissima!
2032 4033 2187 4072 acce-

643 4108 793 4166 ptum
828 4099 1053 4164 habens,
1077 4103 1344 4156 exsuscita
1389 4119 1486 4157 nos
1520 4105 1585 4157 de
1613 4105 1728 4159 lacu
1762 4109 1993 4162 miseriae
2024 4116 2077 4163 et
2121 4110 2188 4163 de

645 4187 756 4240 luto
786 4187 954 4250 faecis,
1000 4198 1057 4242 ut
1085 4205 1202 4258 qua:
1239 4189 1584 4246 Resurrectio
1621 4194 1698 4249 sis
1750 4211 1813 4251 ac
1843 4198 2066 4273 dicaris,
2102 4215 2184 4252 ve-
2215 4167 2263 4225 υ

645 4293 868 4347 ramque
905 4277 1371 4358 Resurrectionern
1392 4283 1663 4338 Christum
1704 4285 1756 4339 in
1793 4297 1843 4341 te
1891 4289 2179 4355 refeceris;

643 4378 696 4421 et
742 4377 916 4423 statue
973 4386 1135 4439 super
1187 4383 1391 4439 petram
1435 4375 1621 4441 pedes,
1665 4378 1937 4447 animique
1971 4396 2186 4447 gressus

645 4457 800 4510 nobis
841 4458 1043 4528 dirige;
1104 4467 1160 4510 ut
1183 4468 1275 4512 tuo
1300 4463 1518 4514 numine
1548 4465 1822 4520 meliorem
1853 4469 2017 4521 vitam
2049 4469 2186 4523 divi-

643 4546 959 4615 nioremque
1009 4547 1456 4600 resurrectionem
1502 4557 1798 4620 consecuti,
1871 4558 2094 4625 gloriam
2131 4569 2183 4615 et

640 4641 850 4694 laudem
883 4649 935 4693 et
963 4639 1257 4706 gratiarum
1287 4640 1549 4696 actionem
1597 4646 1998 4715 submittamus,
2035 4651 2180 4707 Patri

640 4738 690 4783 et
722 4729 858 4786 Filio
887 4741 941 4785 et
971 4729 1195 4797 Spiritui
1241 4741 1449 4795 saneto,
1505 4733 1557 4787 in
1595 4737 1790 4790 saecula
1837 4742 2178 4797 smculorum.

639 4823 829 4875 Amen.

708 4927 751 4956 “
777 4925 962 4978 Matth.
990 4940 1087 4989 xu,
1120 4925 1206 4981 50.

711 5017 823 5084 (77)
903 5016 1174 5093 εἰρήνης.
1204 5018 1328 5093 Dure
1352 5020 1534 5077 lrenes
1559 5020 1761 5093 Graecis
1789 5024 1990 5093 pariter
2040 5026 2184 5081 Lati-

645 5090 834 5164 nisque
865 5086 1062 5164 tabulis
1088 5089 1358 5164 celebres;
1392 5094 1490 5147 etsi
1544 5091 1672 5164 illis;
1699 5086 1890 5161 par-um
1925 5097 2184 5150 varianti-

642 5159 768 5226 bus,
789 5156 1082 5226 necliquet
1109 5158 1190 5211 cui
1218 5161 1552 5226 potissimum
1585 5179 1612 5214 a
1649 5156 1952 5217 Justiniano
2003 5174 2183 5220 erecta

642 5223 1415 5300 celebrisillasanctaz‘lrenes
1471 5232 1711 5292 basilica,
1772 5234 1926 5300 cujus
1989 5235 2185 5289 Proco-

638 5291 768 5369 pius
793 5293 1031 5347 meminit
1067 5296 1251 5361 libror,
1283 5313 1345 5349 ac
1378 5315 1496 5350 cum
1531 5316 1634 5367 qua
1673 5291 1886 5359 Nicetas
1928 5303 2013 5357 hic
2044 5307 2186 5357 Ana-

640 5369 861 5429 staSIam
891 5375 1180 5429 comparat.

847 5427 1081 5508 Eafldc.
1135 5435 1342 5508 Sophia:
1365 5438 1673 5508 etil'iliiarum
1718 5451 2012 5508 martyrum
2041 5442 2179 5494 diem

641 5496 870 5573 natalem
895 5496 1357 5573 _Gra:ci_recoluut
1392 5506 1450 5555 I7
1489 5498 2013 5573 Septembriszllis
2069 5512 2180 5565 die-

642 5567 742 5623 bus
769 5566 1059 5636 ascriptum
1096 5569 1345 5623 Romanae
1368 5566 1578 5628 tabulae;

2282 1595 2402 1657 ταῖς
2433 1591 2573 1663 ὑπὲρ
2599 1591 2815 1660 ἀγάπης
2835 1587 3067 1660 Χριστοῦ
3091 1587 3185 1640 καὶ
3211 1587 3445 1649 πίστεως
3466 1581 3823 1655 περιπεσοῦσα

2281 1682 2590 1753 τιμωρίαις,
2618 1678 2938 1750 δριμύτερον
2961 1677 3263 1748 κατέῤῥαξε
3285 1676 3376 1729 τὸν
3403 1674 3820 1742 ἀνταγωνιστήν.

2365 1772 2524 1837 Ἀλλ’,
2564 1766 2609 1824 ὦ
2638 1769 2775 1841 κόρη
2809 1769 3112 1838 πανάμωμε
3149 1767 3243 1820 καὶ
3295 1765 3631 1835 πανάφθορε,
3683 1764 3717 1832 ή
3763 1764 3823 1831 τῇ

2283 1864 2510 1934 ἀσκήσει
2559 1864 2655 1932 μὲν
2697 1862 2958 1931 πρότερον
2985 1859 3056 1912 τὰ
3080 1859 3224 1929 πάθη
3252 1857 3574 1926 νεκρὼσασα
3604 1854 3699 1908 τοῦ
3726 1853 3825 1906 σῶ-

2286 1970 2488 2026 ματοςο
2532 1953 2728 2024 μᾶλλον
2763 1952 2839 2018 δὲ,
2882 1951 3014 2022 μηδὲ
3051 1950 3151 2020 τὴν
3204 1948 3378 2019 ἀρχὴν
3422 1949 3480 1999 ὲν
3534 1945 3619 1998 σοὶ
3664 1943 3828 1998 ταῦτα

2285 2043 2677 2113 συγχωρήσασα
2698 2053 2713 2069 ·
2744 2042 2810 2110 τῇ
2853 2038 3075 2109 ἀθλήσει
3096 2038 3153 2091 δὲ
3181 2037 3242 2090 τὸ
3267 2035 3536 2105 δεύτερον,
3571 2035 3666 2088 καὶ
3694 2032 3827 2087 αὐτὰ

2279 2135 2347 2189 τὰ
2376 2133 2530 2204 μέλη,
2561 2127 2641 2195 οἷς
2668 2128 3004 2200 ἐνεργεῖσθαι
3053 2128 3264 2198 πέφυκε
3314 2125 3383 2179 τὰ
3409 2125 3580 2202 πάθη,
3617 2139 3827 2194 περιαι-

2284 2223 2521 2290 ρεθεῖσα,
2555 2221 2641 2274 ῖνα
2681 2220 2826 2290 μόνῳ
2852 2219 3023 2289 ζήσης
3053 2217 3110 2272 ὲν
3162 2215 3426 2285 πνεύματι
3474 2211 3716 2283 Χριστῷ.
3770 2211 3830 2262 ’0
3900 2211 3901 2246 ἲ

2283 2315 2468 2383 νύμφη
2500 2309 2736 2382 Χριστοῦ
2775 2312 2868 2364 καὶ
2894 2308 3095 2377 ἀδελφὴ
3130 2309 3223 2360 καὶ
3262 2307 3463 2377 μήτηρ,
3493 2305 3526 2373 ή
3546 2303 3646 2372 τὴν
3667 2301 3829 2371 ὑπέρ-

2283 2421 2464 2474 αγνον,
2507 2403 2582 2465 ῶς
2629 2402 2872 2477 δυνατὸν,
2921 2399 3238 2468 Θεομήτορα
3290 2394 3684 2466 μιμησαμένη·
3744 2389 3831 2445 καὶ

2285 2496 2460 2566 ψυχήν
2489 2495 2585 2564 μὲν
2632 2491 2728 2546 καὶ
2758 2490 2934 2562 σάρκα
2963 2489 3041 2559 τῷ
3068 2487 3343 2557 Πνεύματι
3389 2485 3483 2537 καὶ
3516 2483 3654 2550 αὑτὴ
3708 2496 3833 2548 προ-

2284 2585 2636 2654 καθαρθεῖσα,
2671 2584 2770 2653 τὴν
2803 2581 3057 2650 ἀπαρχὴν
3104 2579 3160 2631 δὲ
3188 2577 3283 2631 τοῦ
3317 2575 3631 2647 Πνεύματος
3658 2568 3748 2624 οἷα
3775 2571 3830 2640 δὴ

2286 2676 2505 2747 σπέρμα
2537 2674 2678 2727 θεῖον
2707 2669 3005 2725 ὲλλαϐοῦσα
3029 2685 3042 2700 ο
3088 2670 3182 2722 καὶ
3217 2667 3305 2721 διὰ
3345 2666 3452 2720 τῶν
3494 2665 3630 2733 ύπὲρ
3673 2660 3830 2716 αὐτοῦ

2290 2767 2387 2838 μὶν
2415 2765 2672 2819 ποικίλων
2699 2763 3007 2831 ὠδινήσασα
3036 2757 3316 2829 τιμωριῶν
3338 2800 3352 2824 ,
3381 2754 3602 2825 πνεῦμα
3644 2753 3701 2806 δὲ
3739 2769 3834 2805 σω-

2287 2857 2472 2928 τηρίου
2501 2855 2732 2928 Χριστὸν
2773 2853 2975 2922 Κύριον
3001 2853 3059 2905 ὲν
3089 2848 3286 2921 καρδίᾳ
3331 2848 3658 2916 γεννήσασα,
3703 2844 3834 2913 πρὸς

2289 2945 2346 3001 ὃν
2375 2944 2464 3014 χαί
2472 2960 2562 3014 pou
2571 2959 2639 2997 σα
2665 2942 2948 3012 μετέστης.

2362 3036 2426 3087 Ὢ
2455 3034 2616 3103 φύσις
2642 3028 3095 3100 ,ὑπερφυεστάτη-
3133 3026 3292 3094 φύσις
3344 3022 3600 3094 γυναικὸς
3640 3024 3702 3076 ἐν
3749 3023 3830 3074 ἀνι

2287 3126 2449 3195 δρείῳ
2495 3123 2832 3193 φρονήματι’
2887 3119 3083 3188 μᾶλλον
3127 3117 3203 3180 δὲ,
3250 3117 3410 3185 φύσις
3462 3113 3750 3182 ἀνθρώπου
3786 3113 3835 3162 ἒν

2288 3209 2550 3278 άγγελικῇ
2578 3206 2783 3276 διανοίᾳ
2807 3204 3157 3274 καθορωμένη
3202 3204 3296 3256 καὶ
3331 3202 3592 3271 δυνάμει·
3625 3202 3660 3270 ἡ
3711 3198 3836 3268 πυρὶ

2289 3299 2383 3352 καὶ
2415 3298 2613 3367 σιδήρῳ
2659 3297 2753 3349 καὶ
2782 3293 3140 3356 παντοδαποῖς
3175 3293 3525 3362 μηχανήμασι
3583 3290 3837 3360 περιϐλη-

2289 3389 2440 3443 θεῖσα
2463 3407 2478 3421 ·
2515 3385 2632 3442 εἶτα
2689 3386 2923 3457 μαστοὺς
2975 3385 3325 3456 ἀφαιρεθεῖσα
3345 3399 3358 3414 ·
3389 3384 3603 3454 ’χεῖράς
3633 3401 3695 3437 τε
3752 3384 3835 3436 καὶ

2289 3481 2473 3545 πόδας,
2517 3481 2613 3533 καὶ
2654 3479 2779 3542 τοὺς
2820 3477 3036 3538 ὀδόντας
3079 3477 3400 3529 ὲκκοπεῖσα’
3446 3474 3698 3543 γλῶσσαν
3747 3475 3835 3543 μὲν

2292 3572 2525 3641 πρῶτον,
2559 3570 2747 3623 ἔπειτα
2771 3568 2868 3639 τὴν
2897 3567 3134 3636 κεφαλὴν
3161 3565 3427 3636 τμηθεῖσα
3446 3582 3464 3600 ο
3493 3564 3586 3617 τὸν
3623 3565 3682 3617 δὲ
3709 3565 3834 3634 Χρι-

2293 3660 2415 3713 στὸν
2438 3660 2499 3712 οὐ
2532 3657 2827 3729 προεμένη,
2861 3657 2980 3710 οὐδὲ
3008 3655 3102 3725 τὴν
3131 3658 3207 3717 εἰς
3236 3655 3394 3709 αὑτὸν
3427 3654 3608 3706 πίστιν
3636 3655 3834 3720 ψευσα-

2293 3751 2450 3820 μένη,
2490 3749 2636 3815 δέξαι
2657 3748 2754 3816 τὴν
2789 3748 2988 3817 μικρὰν
3017 3747 3124 3798 τῶν
3146 3746 3315 3814 λόγων
3337 3746 3605 3814 ἀπαρχήν.
3644 3744 3712 3796 Τί
3737 3744 3835 3812 γὰρ

2291 3837 2441 3905 οὗτος
2468 3844 2496 3894 ὁ
2523 3841 2677 3907 λόγος
2713 3840 2848 3910 πρὸς
2877 3840 2973 3910 τὴν
3005 3842 3102 3911 σήν
3128 3841 3274 3892 ἐστιν
3297 3837 3513 3908 ἀρετὴν,
3546 3838 3614 3905 ήν
3672 3837 3828 3904 άγγέο

2288 3933 2394 3985 λων
2422 3929 2646 4000 ὑμνοῦσι
2675 3930 2953 3999 στρατιαὶ,
2986 3931 3152 3983 πᾶσαι
3173 3928 3280 3981 τῶν
3306 3929 3544 3998 οὐρανῶν
3577 3928 3834 3997 Δυνάμεις

2289 4019 2624 4087 ὲπαινοῦσινς
2643 4019 2803 4072 Ἀλλὰ
2820 4021 2910 4088 τήν
2930 4019 3202 4088 πρόθεσιν,
3227 4013 3270 4072 ὦ
3283 4020 3494 4087 πανακή
3504 4036 3655 4088 ρατε,
3669 4035 3830 4089 προσ-

2287 4111 2555 4182 ηκαμένη,
2585 4111 2885 4179 άνάστησον
2922 4110 3072 4179 ,ἡμᾶς
3119 4111 3182 4164 ὲκ
3213 4111 3413 4163 λάκκου
3442 4110 3830 4182 ταλαιπωρίας.

2287 4202 2381 4255 καὶ
2413 4201 2518 4254 ἀπὸ
2547 4200 2720 4270 πηλοῦ
2757 4199 2918 4263 ίλύος,
2954 4199 3028 4262 ὡς
3048 4199 3337 4261 ἀνάστασις
3362 4195 3496 4251 οῦσα
3518 4199 3614 4251 καὶ
3643 4200 3831 4252 καλούμ-

2290 4295 2459 4365 μένηο
2496 4292 2590 4344 καὶ
2637 4291 2734 4360 τήν
2764 4291 2928 4352 ὅντως
2980 4291 3266 4343 ἀνάστασιν
3321 4291 3378 4341 ὲν
3429 4291 3512 4342 σοὶ
3567 4290 3833 4356 μυστικὰ

2285 4383 2654 4447 άναπαύουσα,
2684 4381 2914 4450 Χριστόν
2941 4395 2954 4409 ⁸
2985 4381 3079 4432 καὶ
3116 4379 3308 4448 στῆσον
3346 4380 3436 4430 ἐπὶ
3473 4378 3682 4447 πέτραν
3715 4379 3831 4439 τοὺς

2288 4476 2470 4540 πόδας,
2500 4473 2594 4526 καὶ
2621 4471 2948 4527 κατεύθννον
2973 4471 3102 4540 ἡμῖν
3128 4470 3224 4539 τῆς
3252 4469 3426 4538 ψυχῆς
3447 4468 3515 4521 τὰ
3565 4467 3829 4537 διαδήμαο

2286 4584 2382 4620 τα’
2408 4568 2554 4627 om;
2581 4564 2666 4617 διὰ
2699 4562 2790 4615 σοῦ
2843 4562 2985 4631 ζωῆς
3011 4562 3315 4631 κρείττονος
3364 4561 3458 4614 καὶ
3493 4560 3830 4620 ἀναστάσεως

2287 4649 2640 4725 τετυχηιὶότες
2670 4653 2963 4722 θειοτέρας,
3011 4651 3165 4716 δόξαν
3193 4652 3287 4704 καὶ
3319 4645 3465 4705 αῐνον
3501 4651 3596 4704 καὶ
3625 4653 3830 4720 εὐχαρι-

2290 4749 2438 4800 στίαν
2468 4743 2895 4814 άναπέμψωμεν,
2923 4741 2999 4813 τῷ
3031 4743 3204 4813 Πατρὶ
3241 4741 3334 4796 καὶ
3359 4743 3437 4812 τῷ
3489 4743 3599 4812 Υιῷ
3651 4741 3833 4810 καὶτῷ

2289 4836 2428 4905 ἁγίῳ
2454 4833 2748 4902 Πνεύματι,
2781 4831 2858 4894 είς
2890 4831 3013 4893 τοὺς
3039 4831 3236 4891 αἰῶνας
3265 4830 3368 4881 τῶν
3395 4828 3622 4885 αἰώνων.
3644 4831 3826 4900 Ἀμήν.

2354 5033 2483 5099 (R9).
2521 5033 2836 5099 Ῥιψίμίας.
2863 5033 3138 5101 Βῖρείηιὶω
3173 5033 3396 5102 virginis
3437 5047 3606 5088 sacrae
3637 5034 3692 5087 in
3741 5037 3828 5088 Δια

2287 5104 2459 5154 menia
2484 5104 2800 5155 memoriam
2827 5104 2927 5157 sub
2954 5102 3186 5172 Tiridate
3212 5117 3353 5172 rege,
3389 5119 3417 5156 a
3439 5118 3548 5169 quo
3576 5105 3696 5167 ejus
3725 5104 3828 5157 fru-

2285 5179 2393 5240 stra
2419 5179 2631 5240 tentata
2647 5172 2897 5240 pudicitia
2939 5181 3039 5233 est,
3074 5169 3245 5240 Latini
3278 5169 3526 5225 recolunt
3555 5172 3624 5226 29
3668 5172 3824 5240 Septz,

2286 5237 2449 5306 Graeci
2482 5235 2566 5306 ὅθ.
2593 5235 2869 5293 Febroniae
2892 5240 3016 5292 item
3056 5239 3279 5306 virginis
3312 5242 3680 5296 celeberrimae
3708 5235 3825 5294 uiri-

2289 5321 2392 5372 que
2423 5305 2491 5357 25
2519 5303 2659 5360 Junii
2692 5325 2704 5360 :
2746 5319 2804 5362 ut
2847 5310 2984 5362 sicut
3027 5303 3396 5362 nobilissimas
3436 5319 3714 5365 matronas
3747 5326 3823 5360 ve-

2290 5375 2422 5450 teris_
2449 5378 2772 5450 testamenti,
2822 5378 2900 5430 sic
2923 5445 2929 5450 _
2955 5387 3005 5450 et
3043 5378 3165 5450 novi
3193 5379 3544 5450 _c_larissimas
3574 5380 3824 5450 (Byzantii

2281 5443 2536 5516 maxime)
2567 5446 2820 5497 mulieres
2867 5444 3156 5516 adduxisse
3193 5446 3405 5502 Nicetes
3444 5443 3714 5516 putandus
3746 5449 3810 5502 sit

2285 5519 2339 5588 ut
2366 5512 2617 5588 omnibus
2649 5526 2826 5588 parem
2862 5520 2954 5562 aut
2985 5511 3093 5588 fere
3131 5511 3464 5588 superiorem
3496 5517 3823 5588 prmdicandu

2283 5579 3000 5645 Anastasiam,‘luculcntum
3031 5583 3079 5637 ei
3109 5579 3413 5640 cnc'omium
3449 5579 3674 5642 te’xerct.
