3924 6312
76 301 164 365 37.)
824 294 1104 356 ORATIO
1135 291 1360 356 XVIII.
1388 317 1457 329 --
1514 292 1625 354 ΙΝ]

1732 287 1929 352 LJDEM
1960 283 2030 348 s.
2070 287 2500 372 ausurum.
3168 278 3281 344 sit

657 588 849 701 'AD
957 525 1822 706 SANCTORUM
1910 563 2731 701 EUSTATHII'

1158 781 1583 849 THEOPISTES
1635 784 1722 848 AC
1772 786 2174 848 LIBERORUM

485 932 669 993 ACTA
706 932 1040 1004 ANTIQUA
1095 934 1514 1008 EORUMQUE
1577 923 2126 998 LAUDATIONEM
2197 923 2470 994 NICETA
2506 923 2854 994 AUCTOIIE

807 1088 990 1174 FB.
1066 1084 1750 1177 consensu
1828 1081 2400 1179 MONITUM
2453 1065 2526 1166 ‘.

138 1253 319 1319 Sancti
348 1262 614 1319 Eustathii
641 1273 697 1318 ct
737 1261 1012 1318 sociorum
1044 1267 1364 1328 martyrum,
1403 1272 1523 1326 quae
1554 1257 1814 1327 produco,
1852 1258 1966 1328 ipsa
2004 1272 2127 1312 vere
2153 1258 2286 1326 Acta
2320 1257 2543 1326 antiqua
2591 1263 2720 1311 sunt
2748 1272 2765 1322 ;
2805 1250 3035 1322 quorum
3068 1264 3282 1324 auctor,

82 1352 260 1422 quibus
284 1351 352 1406 ad
381 1367 446 1406 ea
469 1349 742 1420 prmfatur,
765 1346 1024 1416 mqualem
1049 1359 1106 1399 se
1129 1343 1295 1413 (quod
1327 1345 1500 1412 ipsum
1533 1345 1613 1397 vir

1734 1359 1800 1398 ne
1829 1344 2154 1414 πολυΐπωρ,
2184 1343 2338 1413 juxta
2365 1349 2429 1398 ire
2462 1341 2863 1413 πριτικῶτατσς
2895 1338 3004 1396 Leo
3031 1333 3283 1405 Allatius.

84 1457 163 1494 sua
197 1439 288 1492 illa
317 1437 385 1492 de
417 1436 777 1508 Symeonibus
807 1445 1105 1501 eorumque
1144 1430 1362 1500 scriptis
1399 1429 1716 1500 dignissima
1758 1429 1898 1494 luce,
1941 1431 2182 1500 mihique
2217 1433 2484 1486 hactenus
2519 1429 2786 1498 deposito
2808 1427 3008 1482 tradita
3048 1424 3283 1482 diatriba

77 1527 364 1594 censuerat)
393 1525 600 1580 sanctis
626 1524 814 1579 iisdem
849 1521 1176 1592 martyribus
1205 1519 1349 1574 serio
1372 1518 1551 1587 prodit
1575 1532 1638 1570 ac
1665 1516 1952 1585 significat.
1987 1515 2096 1571 Nec
2132 1517 2270 1572 falso
2297 1523 2424 1572 eum
2461 1517 2710 1586 prodere,
2769 1510 2973 1570 indicat
3004 1515 3122 1584 ipse
3155 1517 3286 1571 cha-

83 1602 258 1674 iacter,
313 1627 476 1680 quem
517 1609 899 1681 gravissimum
939 1615 1101 1676 atque
1125 1605 1450 1673 simplicem,
1501 1602 1812 1673 nulliusque
1863 1605 2240 1674 interpolanti‘s
2291 1609 2612 1660 temeratum
2661 1608 2825 1658 manu
2862 1600 3034 1676 (quod
3065 1605 3150 1660 vel
3184 1605 3284 1660 levi

79 1698 373 1764 ronjeetura
430 1695 759 1766 deprehendi
792 1692 986 1764 queat)
1028 1693 1114 1747 vir
1154 1690 1464 1746 Christiana
1499 1689 1845 1757 simplicitate
1875 1691 2289 1758 solertissimus,
2327 1691 2394 1747 iis
2422 1693 2637 1746 indidit.
2681 1690 2790 1746 Nec
2826 1707 2950 1746 vere
2981 1685 3048 1749 de
3079 1693 3209 1756 illis,
3239 1694 3285 1749 si

80 1786 121 1838 in
149 1799 339 1838 manus
372 1785 670 1849 venissent,
689 1784 958 1838 dicturum
986 1779 1218 1835 arbitror
1248 1777 1677 1833 illustrissimum
1702 1777 1978 1831 annalium
2010 1787 2238 1847 patrem,
2273 1779 2416 1847 quod
2449 1779 2512 1832 de
2544 1778 2608 1831 iis
2640 1793 2761 1848 qua
2791 1779 2925 1850 ipsis
2949 1783 3281 1846 versaverat,

78 1870 467 1940 tletaphrastis
494 1871 700 1925 scilicet
741 1868 960 1923 nomine
988 1865 1179 1920 Latine
1220 1862 1470 1936 vulgatis)
1503 1863 1706 1918 Christi
1738 1878 1880 1918 anno
1914 1863 2123 1924 ηοω.
2157 1865 2210 1926 4,
2241 1864 2313 1917 ita
2345 1864 2718 1933 pronuntiavit
2746 1880 2759 1917 :
2799 1861 3062 1918 Putemus
3110 1874 3284 1919 tamen

81 1959 140 2010 eis
165 1959 329 2011 multa
360 1957 702 2026 superaddita
728 1972 872 2024 esse;
908 1954 1000 2010 sed
1028 1967 1129 2020 pro
1152 1965 1252 2008 suo
1293 1952 1549 2013 candore,
1581 1949 1781 2004 mitiori
1815 1965 2044 2006 censura
2081 1950 2171 2003 Illa
2212 1949 2523 2006 habiturum
2560 1967 2572 2002 :
2624 1956 2720 2003 seu
2754 1951 2933 2019 potius
2961 1952 3121 2022 digna
3162 1962 3288 2007 vero

80 2043 196 2095 tanti
223 2044 477 2114 martyrii
497 2044 654 2108 Acta,
683 2045 836 2112 cujus
873 2040 1052 2094 Roma
1085 2041 1338 2094 memoria
1366 2038 1584 2109 egregiis
1619 2036 1890 2092 illustrata
1918 2036 2270 2090 monumentis
2302 2050 2320 2099 ;
2352 2034 2482 2103 quin
2515 2035 2650 2090 urbe
2679 2048 2919 2105 agroque
2963 2033 3284 2105 Parisiensi,

79 2131 246 2194 tutela,
305 2131 627 2202 pignoribus
683 2129 1002 2187 charissima
1034 2145 1058 2193 ;
1099 2128 1232 2200 quin
1259 2136 1493 2196 utroque
1531 2127 1664 2182 orbe
1704 2123 2016 2181 Christiano
2047 2122 2100 2176 in
2140 2128 2461 2192 perpetuum
2515 2120 2923 2187 ﬂorentissima,
2966 2137 3291 2193 summeque

79 2219 364 2274 veneranda
393 2235 408 2285 ;
442 2219 524 2276 sic
557 2228 810 2291 augusta.
850 2219 929 2274 sic
962 2217 1144 2288 plana,
1185 2215 1271 2273 sic
1299 2213 1425 2269 fuco
1457 2216 1606 2270 omni
1653 2210 1914 2273 carentia,
1953 2217 2364 2273 veneraturum,
2398 2208 2745 2291 laudaturum
2775 2225 2790 2275 ;
2820 2208 2910 2274 iis,
2939 2222 3037 2265 ceu
3074 2225 3288 2279 gemnta

77 2303 445 2370 pulcherrima,
472 2321 536 2361 ac
579 2288 971 2375 pretiosissima
993 2301 1362 2373 amplissimos
1383 2299 1778 2356 Annalessuos
1792 2305 2138 2352 ornatorum.
2157 2293 2235 2350 De
2258 2293 2364 2350 illis
2387 2288 2599 2366 Metaph
2609 2294 2770 2350 rastls
2813 2294 3032 2352 nomine
3053 2297 3136 2355 sic
3167 2298 3254 2357 vui
3271 2327 3289 2340 ο

79 2389 196 2458 μύει
215 2389 348 2461 quid
375 2391 604 2453 sentiam
638 2391 780 2459 ipse,
827 2390 1015 2460 paucis
1043 2387 1293 2457 expedio.

137 2472 344 2544 Dispexi
403 2476 494 2531 illa
546 2476 803 2531 attentius
837 2492 853 2540 ;
909 2473 1038 2544 quin
1072 2473 1398 2534 mibi.etiam
1435 2488 1503 2530 ex
1534 2473 1708 2528 altero
1729 2471 2152 2528 eminentissimi
2179 2467 2473 2527 cardinalls
2499 2467 2758 2526 Memini
2805 2466 3035 2540 probato
3064 2471 3292 2530 codice.

80 2559 242 2614 eadem
274 2562 394 2616 hac
445 2560 637 2616 Latina
666 2562 766 2617 feci
796 2578 812 2628 ;
870 2562 1132 2631 tantisper
1169 2559 1409 2616 oﬁ‘ensus
1453 2558 1763 2629 interpretis
1801 2558 1940 2627 ston
1973 2559 2136 2628 paulo
2178 2557 2487 2622 humiliori,
2531 2555 2624 2635 ubi
2655 2565 2846 2613 auctor
2881 2557 2975 2613 illo
3008 2574 3114 2616 nou
3152 2561 3294 2617 male

83 2648 193 2700 nitet
237 2657 404 2717 atque
454 2650 711 2719 assurgit.
760 2649 953 2703 Addita
983 2648 1072 2702 vix
1117 2656 1432 2710 occurrunt,
1459 2661 1556 2702 seu
1601 2644 1706 2700 alia
1733 2659 1797 2699 ac
1825 2645 2082 2714 antiquus
2113 2653 2303 2700 auctor
2331 2643 2594 2700 ediderat.
2640 2641 2882 2707 Soietuui
2921 2647 3100 2711 potius
3138 2660 3295 2705 more

81 2732 324 2796 eiusmodi
352 2734 1028 2804 peraepéaewvmuaadam
1061 2733 1352 2789 leviuscule
1381 2742 1560 2798 aucta,
1589 2749 1630 2786 vi

1744 2730 1889 2785 rdine
1921 2730 2194 2800 modoque
2227 2737 2455 2795 mutata,
2485 2737 2714 2797 excepto
2745 2727 2906 2797 Stylo,
2946 2738 3244 2797 appareant
3270 2746 3293 2795 ;

80 2835 182 2885 quae
211 2820 339 2873 mihi
387 2821 522 2876 artis
551 2821 793 2889 solertia,
827 2821 1128 2874 ἀσύστατον
1163 2821 1342 2889 potius
1381 2819 1671 2882 invexisse,
1711 2831 1874 2886 quam
1919 2824 2174 2870 ornatum
2211 2815 2327 2870 suis
2368 2813 2626 2884 praclare
2666 2814 2832 2868 radiis
2872 2809 3095 2872 micanti
3143 2818 3294 2886 operi

83 2908 272 2960 \idetttt'
297 2907 596 2961 addidisse.
636 2888 752 2972 Qua
780 2908 833 2960 in
864 2921 921 2960 re
955 2905 1130 2975 major
1157 2888 1375 2960 licentia
1407 2905 1530 2969 fuit,
1570 2912 1684 2957 tum
1723 2903 1865 2971 ejus,
1899 2902 1992 2970 qui
2025 2903 2243 2957 duobus
2273 2902 2426 2957 libris
2458 2900 2642 2956 Italico
2669 2941 2684 2966 ,
2721 2900 2892 2974 iisque
2920 2902 3124 2958 Gallice
3169 2903 3296 2960 rod-

83 2992 212 3051 ditis,
242 2992 511 3046 Eustathii
560 2994 942 3060 sociorumque
971 2998 1247 3046 certamen
1279 2990 1449 3044 voluit
1477 3002 1761 3052 exornare,
1815 2988 2079 3057 finxitque
2111 2990 2167 3042 in
2197 3004 2261 3042 eo
2293 2988 2468 3056 plura,
2509 2980 2620 3041 tum
2647 2987 2739 3056 qui
2781 3003 2969 3042 sacras
3008 2988 3296 3044 Metamor~

83 3078 256 3142 phoses
285 3077 498 3132 Gallico
521 3077 796 3141 idiomate,
829 3078 992 3146 inque
1021 3077 1126 3132 illis
1153 3076 1514 3140 Eustathium,
1539 3075 1810 3145 produxit.
1841 3075 2087 3130 liabuere
2118 3077 2190 3129 illi
2215 3075 2478 3130 duntaxat
2502 3073 2897 3143 Metaphrastea
2933 3077 3089 3138 Acta,
3116 3093 3292 3148 eaque

85 3163 250 3217 Latina
281 3164 406 3233 (nec
431 3164 576 3218 enim
601 3164 637 3216 ii
668 3163 851 3219 Graece
880 3164 1131 3218 videntur
1158 3163 1426 3231 scivisse),
1457 3163 1731 3230 proposita
1765 3179 1780 3226 ;
1839 3178 1960 3232 qua:
1989 3164 2122 3230 ipsa,
2157 3177 2222 3216 eo
2260 3177 2422 3230 quem
2455 3161 2565 3215 dixi
2601 3162 2787 3226 modo,
2823 3173 3142 3217 tractarere.

140 3249 299 3314 Quem
327 3249 574 3319 produco
598 3249 835 3304 Nicetam
870 3249 1264 3319 Paphlagonem
1297 3248 1313 3317 (
1344 3247 1549 3316 lgnatio
1576 3247 2173 3318 ConstantinOpnlitauu
2209 3249 2496 3319 aequalem,
2534 3246 2718 3317 illique
2752 3241 3186 3314 affectisSimuin,
3222 3268 3288 3306 ae

83 3332 201 3388 Vitae
225 3336 345 3405 ejus
381 3335 594 3390 Radero
619 3336 775 3390 editae
805 3335 1102 3402 auctorem)
1141 3333 1484 3388 Eustathium
1521 3334 1808 3403 sociosque
1836 3334 2166 3415 laudantem,
2209 3343 2332 3389 vere
2371 3347 2538 3388 unum
2571 3336 2769 3400 dicam,
2809 3350 2907 3389 sua
2943 3321 3284 3394 hac'Lauda-

81 3421 222 3483 turia,
247 3421 506 3489 praeclare
531 3421 583 3473 in
609 3434 703 3475 eos
726 3421 957 3474 oratoris
984 3433 1182 3473 munus
1217 3418 1438 3472 obiisse.
1488 3417 1685 3474 Habuit
1710 3422 1799 3474 ille
1831 3437 1936 3476 non
1971 3421 2362 3490 Metaphrastea
2411 3422 2522 3486 illa,
2559 3422 2650 3476 sed
2684 3422 2903 3492 antiqua
2935 3420 3141 3486 nostra,
3176 3425 3288 3495 ipsa

83 3521 167 3558 Sno
186 3509 465 3563 schemate
494 3509 799 3564 veneranda
834 3517 995 3578 atque
1053 3515 1282 3576 augusta
1329 3506 1460 3572 Acta
1503 3506 1798 3575 proposita.
1834 3506 2079 3561 Detraxit
2116 3507 2273 3573 nihil,
2309 3507 2480 3574 auxit,
2530 3515 2623 3562 aut
2667 3507 2970 3562 immutatit
3004 3527 3019 3575 ;
3052 3499 3294 3566 ﬂosculis

86 3593 376 3658 ructaricis,
413 3595 704 3649 verborum
755 3594 1012 3664 ὲμφάσει,
1044 3593 1301 3648 oratoriis
1332 3592 1630 3647 luminibus
1658 3592 1925 3647 duntaxat
1965 3592 2254 3648 illustravit
2285 3610 2301 3660 ;
2345 3593 2762 3663 atque-suavius
2792 3609 2952 3651 aures
2992 3597 3292 3667 tangerent,

86 3694 136 3733 ac
157 3681 394 3748 animum
437 3688 712 3751 Caperent,
763 3682 901 3737 scito
942 3680 1179 3750 quodam
1220 3680 1490 3735 lenocinio
1536 3678 1875 3748 temperavit,
1909 3693 1972 3733 ac
2016 3682 2341 3750 composuit.
2383 3679 2480 3734 Vir
2521 3679 2731 3736 scilicet
2753 3695 2818 3735 eo
2860 3683 3072 3737 dicendi
3099 3690 3322 3753 genere-

87 3766 296 3822 eximius
329 3785 345 3833 ;
394 3762 553 3837 cujus
582 3767 635 3822 iii
670 3767 913 3837 singulos
961 3780 1210 3837 quosque
1239 3766 1535 3835 apostolos.
1582 3766 1820 3821 illustres
1852 3767 2093 3849 produco
2125 3769 2514 3838 panegyricos;
2545 3785 2686 3834 mea,
2720 3772 2971 3849 proxime
3001 3773 3290 3842 vulganda,
3375 3760 3384 3766 ’

83 3852 280 3921 jamque
305 3850 626 3909 umbilicum
669 3860 965 3923 spectante,
1000 3853 1326 3906 Bibliotheca
1359 3853 1789 3917 concionaloria;
1834 3841 2032 3923 quibus
2059 3854 2291 3908 certiora
2331 3869 2581 3924 quaeque,
2624 3871 2687 3910 ac
2720 3841 3111 3911 'Ecclesiarum'
3132 3850 3304 3926 longa

88 3935 356 3994 traditione
383 3947 630 4010 accepta,
669 3939 803 3994 nihil
824 3936 1049 3995 Abdiam
1090 3953 1152 3993 ac
1181 3938 1517 4008 apocryphos
1551 3939 1687 3995 alios
1722 3952 1964 3998 moratus
1999 3981 2013 4004 ,
2049 3942 2132 3996 vir
2169 3943 2362 3998 labore
2385 3951 2662 4009 strenuus,
2685 3945 2905 4015 eloquio
2933 3935 3116 4001 clarus
3147 3961 3293 4001 coui-

89 4036 319 4095 ptusque,
349 4035 415 4080 ac
461 4035 584 4080 vere
634 4025 839 4096 ῥήτωρ,
875 4021 940 4079 de
974 4025 1167 4095 primis
1212 4024 1319 4078 illis
1349 4023 1672 4079 Christianae
1705 4029 1981 4098 religionis
2012 4028 2346 4084 antistitibus
2388 4029 2614 4086 feliciter
2645 4039 2788 4098 ora‘t,
2830 4039 2995 4101 atque
3023 4035 3246 4102 exponit
3275 4051 3290 4089 :

89 4120 134 4162 nt
159 4112 286 4166 alios
316 4113 442 4181 ejus
471 4111 822 4181 panegyriCOs
852 4114 1057 4164 taceam
1089 4127 1102 4175 ;
1142 4109 1305 4179 inque
1336 4109 1442 4167 illis
1473 4112 1715 4181 Gregorii
1741 4116 1834 4168 τοῦ
1865 4117 2150 4184 Θεολόγου,
2176 4117 2333 4186 cujus
2363 4119 2634 4174 neminem
2675 4121 3002 4188 theOIOgiam
3033 4135 3098 4176 ac
3131 4132 3297 4176 ornu-

91 4207 244 4253 incnta
291 4201 508 4269 reliqua
555 4197 716 4251 tantis
759 4195 1079 4265 eloquentia
1122 4196 1301 4251 nervis
1343 4199 1528 4266 sicque
1574 4199 1874 4258 luculenter
1900 4204 2151 4258 existimo
2191 4205 2459 4258 laudasse.
2492 4204 2645 4260 Faxit
2694 4207 2836 4262 Deus
2864 4220 2922 4262 ut
2961 4208 3052 4262 ubi
3087 4208 3295 4263 Latinis

92 4287 203 4340 meis
257 4288 488 4341 vocibus
534 4284 694 4354 paulo
753 4277 1009 4354 dejectior‘
1061 4299 1160 4337 suo
1220 4284 1314 4337 illo
1371 4286 1649 4354 manipulo
1681 4289 1902 4342 minime
1947 4289 2286 4358 displicuerit
2323 4292 2574 4355 suisille,
2613 4292 2925 4362 Graecisque
2967 4273 3293 4349 cultissimis

90 4373 369 4440 copiosiora
395 4387 577 4427 messe
607 4371 770 4426 etiam
805 4368 1145 4423 Anastasiam
1180 4371 1450 4424 seniorem
1477 4369 1847 4440 Hyacinthum
1878 4374 2307 4443 Amastrensem,
2335 4375 2600 4430 Joannem
2626 4379 3104 4446 Chrysostomum,
3141 4379 3288 4435 The-

91 4462 206 4511 clam
234 4461 487 4528 aliosque
519 4457 768 4519 laudans,
805 4456 1124 4525 propensius
1158 4455 1406 4520 oblectet,
1434 4470 1497 4510 ac
1524 4457 1588 4510 ad
1619 4458 1867 4525 pietatem
1898 4459 2144 4516 aedificet.
2844 4479 2846 4481 ’

149 4550 392 4604 Actorum
451 4555 762 4603 nostrorum
810 4547 964 4601 testis
995 4546 1265 4616 egregius,
1303 4555 1469 4600 attreo
1509 4555 1632 4601 vere
1660 4540 1881 4600 flumine
1913 4545 2146 4601 Joannes
2179 4547 2547 4601 Damascenus
2570 4557 2707 4601 orat.
2740 4565 2817 4612 ιιι,
2843 4552 2906 4603 de
2929 4550 3241 4620 imaginibus
3273 4570 3290 4614 ;

93 4649 180 4701 qua
207 4648 265 4690 ex
302 4636 442 4705 ipsis
475 4635 610 4688 bene
641 4635 853 4704 longam
876 4631 1202 4703 περικοπὴν,
1234 4632 1361 4701 ipsis
1389 4643 1576 4686 eorum
1616 4633 1793 4686 verbis
1823 4633 2091 4700 produxit.
2127 4632 2311 4687 Refert
2355 4633 2444 4686 illa
2483 4635 2762 4689 Eustatbio
2809 4638 3020 4690 venanti
3053 4638 3288 4690 oblatam

99 4737 138 4771 in
174 4737 324 4776 cervo
376 4721 568 4776 crucis
601 4719 911 4789 Christique
937 4719 1187 4788 efﬁgiem,
1219 4719 1529 4789 factumque
1558 4721 1626 4774 ad
1657 4719 1832 4787 ipsum
1859 4718 1975 4788 ejus
2005 4720 2310 4785 oraculum,
2341 4735 2448 4788 quo
2480 4718 2646 4773 futuri
2688 4721 2762 4773 illi
2797 4721 2960 4774 totius
2981 4722 3140 4775 stadii
3171 4740 3289 4791 pru-

97 4808 339 4876 pssitique
373 4804 696 4863 certaminis
741 4805 1054 4858 vaticinium
1103 4805 1406 4870 habeatur;
1446 4813 1589 4859 certa
1634 4804 1890 4858 nimirum
1931 4815 2205 4860 structura
2249 4807 2430 4874 (mira
2469 4806 2591 4858 licet
2633 4821 2856 4859 casuum
2891 4815 3290 4876 eventuamque

96 4893 378 4947 diversitate
411 4910 425 4956 ;
453 4889 627 4946 Graeci
651 4891 1000 4960 περιπέτειαν
1026 4901 1214 4944 vocant
1238 4909 1252 4956 ;
1280 4907 1384 4959 qua
1415 4892 1543 4944 lusit
1569 4890 1779 4960 egregie
1804 4891 1898 4945 Dei
1927 4893 2308 4962 providentia),
2336 4893 2591 4960 deinceps
2611 4893 3010 4946 cohaerentibus
3036 4893 3291 4949 omnibus

98 4979 149 5030 ad
180 4979 341 5046 ipsam
375 4977 624 5048 martyrii
652 4986 847 5032 metam
879 4995 892 5041 ;
924 4985 981 5030 ut
1008 4980 1203 5030 nedum
1234 4977 1422 5039 multa,
1454 4977 1499 5033 si
1530 4992 1653 5031 vere
1685 4978 1771 5031 illa
1799 4992 1948 5045 sunt,
1980 4978 2346 5049 superaddita,
2376 4978 2467 5033 sed
2501 4989 2554 5031 et
2580 4993 2746 5044 pauca
2779 4993 2916 5048 Opus
2945 4988 3115 5048 totum
3145 4983 3289 5036 labe-

100 5069 276 5117 iactent
301 5081 366 5119 ac
397 5065 663 5118 inﬁciunt.
693 5061 748 5114 ln
773 5061 1090 5116 Datnasceni
1123 5062 1236 5131 ipso
1258 5063 1378 5117 loco
1406 5064 1730 5118 commissus
1755 5065 1933 5121 hiatus
1961 5069 2099 5121 male
2132 5068 2472 5135 interpretem
2494 5065 2617 5132 egit.
2651 5063 2761 5118 Nos
2790 5082 2921 5119 sana
2947 5069 3148 5128 omnia,
3177 5084 3287 5121 uic—

101 5153 200 5206 ItUl’l
223 5156 407 5209 codice
434 5160 906 5222 repraesentamus.
947 5152 1152 5212 Latinis
1183 5168 1400 5221 quoque
1436 5152 1834 5221 Metaphrastis,
1856 5153 2084 5206 Placidus
2115 5167 2250 5206 uxor
2283 5153 2412 5205 vitio
2454 5148 2685 5217 Trajaua
2707 5150 2928 5213 dicitur,
2957 5168 3076 5205 cum
3102 5153 3285 5206 (ἓνεκα

103 5240 267 5294 melius
295 5241 590 5307 Τατιανήν,
627 5237 926 5295 Tatianam,
959 5238 1212 5291 habeant.
1247 5238 1425 5306 Ipsum
1459 5239 1723 5294 Eustatbii
1750 5251 2035 5308 augustum
2071 5254 2284 5304 nomen,
2313 5255 2374 5291 ac.
2404 5253 2511 5306 quo
2553 5239 2790 5293 victoria:
2815 5239 3057 5293 videatur
3078 5254 3141 5291 ex
3171 5240 3288 5306 ipso

103 5341 235 5379 sacro
277 5326 425 5380 fonte
470 5326 724 5378 habuisse
766 5324 1067 5386 oraculum,
1099 5324 1244 5378 velut
1278 5326 1395 5392 ipso
1422 5324 1528 5376 Deo
1558 5327 1852 5379 sacerdotis
1881 5343 1974 5380 ore
2014 5329 2246 5387 indentc,
2287 5325 2636 5393 futuramque
2665 5327 2781 5394 ejus
2816 5325 3192 5385 constantiam,
3221 5342 3284 5378 ac

104 5411 380 5465 ﬁrmitatem
408 5412 508 5463 illo
535 5418 895 5473 cuutestuntc,
921 5410 1054 5463 male
1088 5410 1187 5464 sibi
1215 5411 1405 5479 vulgus
1438 5411 1486 5462 in
1524 5408 1863 5464 Eustachium
1895 5412 2210 5467 deformavit
2237 5429 2250 5471 ;
2285 5411 2427 5479 quod
2448 5413 2620 5481 ipsum
2650 5429 2839 5467 nomen
2865 5411 3046 5466 titulus
3069 5411 3284 5476 praefert

107 5513 146 5549 iii
172 5495 279 5552 Vita
343 5499 514 5552 Sorio
540 5496 680 5549 edita
706 5510 721 5559 ;
755 5495 854 5547 etsi
889 5495 944 5548 in
971 5497 1211 5564 margine
1242 5496 1506 5551 Eustathii
1533 5499 1864 5551 emendetur.

161 5641 172 5653 '
203 5632 516 5686 “(auriam
534 5630 732 5686 Christi
761 5641 1051 5698 martyrum
1076 5630 1197 5687 lecti
1226 5633 1512 5698 Triumphi,
1548 5632 1715 5687 Paris.
1758 5633 1907 5699 IUGO,
1943 5635 2016 5686 δη.
