3924 6312
491 309 495 314 ’
553 322 659 386 375
1777 321 2620 386 NICETEPAPHLAGONIS
3659 319 3748 380 376

627 433 898 488 Eustathii
940 433 1324 496 meminerunt,
1356 447 1476 498 seu,
1513 441 1574 489 ut
1601 434 1808 490 malunt
1844 436 2100 497 scribere,
2131 433 2433 501 Eustachii,
2471 435 2631 489 etiam
2667 433 2860 497 Latini,
2889 431 3170 488 Usuardus
3196 439 3248 486 et
3281 432 3401 484 Ado
3421 431 3455 483 2
3482 429 3748 494 Novemb,

555 521 601 575 si
659 531 839 573 tamen
887 518 1026 582 Ado,
1081 535 1187 573 non
1228 519 1344 587 ejus
1385 520 1694 590 appendix;
1747 536 1809 576 ac
1849 522 1988 589 quod
2015 520 2316 573 Romanum
2349 529 2545 574 vocant
2578 521 2962 579 Eusebianum.
3005 519 3195 572 Mirum
3227 518 3427 572 nullam
3462 526 3671 570 exstare
3698 517 3748 569 in

557 605 932 675 Rosveydiano
962 605 1341 676 Martyrologio
1363 605 1484 674 ejus
1524 608 1862 669 memoriam,
1896 607 1939 660 si
1972 606 2130 659 modo
2159 606 2288 658 illud
2317 621 2440 661 vere
2470 608 2750 675 antiquum
2789 605 3093 659 Romanum
3119 614 3220 666 est,
3263 620 3325 658 ac
3363 602 3511 672 quod
3543 614 3752 656 sanctus

555 692 846 760 Gregorius
881 707 1015 760 papa
1049 692 1352 744 Romanum
1383 692 1643 747 indicavit
1676 711 1691 759 ;
1743 693 1994 748 scribenti
2028 691 2209 746 Roma:
2244 694 2476 747 Baronio
2517 708 2678 762 quam
2717 694 3014 762 expetitum
3036 733 3051 758 ,
3089 703 3195 747 tam
3231 691 3618 752 desideratum,
3649 689 3754 742 fru-

553 786 722 830 strata
758 777 997 844 diligenti
1027 778 1160 830 adeo
1183 791 1365 831 rerum
1391 779 1890 833 ecclesiasticarum
1912 777 2206 846 indagatori
2239 787 2315 832 tot
2348 777 2476 832 fulta
2507 779 2847 834 adminiculis
2877 779 3194 848 exquirendi
3219 793 3381 847 opera
3407 795 3422 830 :
3456 773 3755 844 quanquam

555 879 666 919 non
714 879 838 918 raro
879 864 1146 918 celebrior
1197 864 1319 918 aliis
1357 866 1489 919 locis
1543 873 1845 920 sanctorum
1887 864 2164 926 memoria,
2213 873 2371 932 atque
2412 873 2730 936 martyrum,
2771 881 2934 934 quam
2972 865 3170 933 quibus
3215 866 3417 926 vixere,
3458 876 3550 915 seu
3594 859 3752 912 functi

556 965 731 1017 agone
764 959 909 1005 sunt.
950 949 1168 1003 Titulus
1202 950 1292 1018 qui
1319 949 1504 1004 Romae
1529 957 1703 1004 exstat
1726 948 2012 1010 Eustathii,
2050 964 2211 1017 quam
2243 951 2517 1018 antiquus,
2549 966 2633 1004 me
2670 951 2796 1004 latet
2827 968 2841 1004 :
2877 951 3017 1003 haud
3043 961 3189 1004 certe
3218 951 3307 1004 ille
3336 949 3604 1002 recentior
3632 963 3645 999 :
3682 946 3758 998 vel

556 1036 845 1104 aperienda
882 1035 1022 1088 illius
1049 1035 1230 1108 origo,
1263 1035 1306 1089 si
1331 1036 1455 1105 quis
1475 1035 1725 1104 dictijam
1761 1035 2147 1103 Martyrologii,
2173 1051 2265 1091 seu
2293 1037 2452 1090 etiam
2479 1036 2720 1106 Gregorii
2751 1039 2803 1092 in
2838 1038 2972 1093 libro
2999 1038 3499 1097 Sacramentorum,
3527 1033 3755 1093 silentio,

565 1122 923 1176 recentiorem
962 1122 1035 1173 illi
1062 1122 1330 1175 Eustathii
1367 1123 1705 1183 memoriam,
1736 1135 1797 1174 ac
1824 1121 2025 1174 cultum
2058 1122 2350 1177 contendit.
2379 1122 2590 1192 Scripta
2624 1124 2827 1188 Romae,
2863 1139 2925 1179 ac
2961 1124 3150 1177 Latino
3176 1123 3441 1191 scriptore
3480 1122 3617 1188 ipsa,
3654 1133 3759 1185 qua

554 1205 883 1277 repraese'nto
915 1209 1119 1276 lingua,
1153 1209 1286 1262 Acta
1313 1209 1447 1274 haec,
1480 1217 1536 1262 ut
1561 1218 1708 1262 certo
1730 1207 1981 1260 afﬁrmari
2015 1208 2220 1276 nequit,
2252 1209 2330 1262 sic
2352 1209 2484 1263 nihil
2509 1209 2799 1264 abhorrere
2824 1211 3076 1280 spectatis
3101 1211 3220 1281 ejus
3246 1210 3418 1262 aetatis
3448 1207 3760 1260 Latinorum

555 1295 824 1355 moribus,
850 1310 915 1348 ac
951 1297 1004 1349 in
1035 1297 1102 1349 iis
1127 1295 1585 1354 Christianorum.
1613 1296 1801 1363 liquet.

624 1382 755 1447 Quae
779 1383 843 1435 de
885 1381 1152 1436 Eustathii
1186 1383 1353 1452 (olim
1401 1381 1651 1446 Placidia,
1684 1394 1857 1447 eoque
1891 1381 2111 1434 nomine
2150 1380 2388 1451 Josepho
2428 1383 2716 1437 clarissimi
2757 1385 2806 1437 in
2843 1384 2985 1440 bello
3014 1384 3276 1451 Judaico;
3303 1380 3646 1450 expeditione
3671 1391 3765 1430 no-

556 1470 802 1532 vissima,
841 1469 943 1523 sub
973 1469 1247 1543 extremis
1291 1468 1508 1534 Trajani
1543 1468 1898 1536 temporibus,
1932 1469 2129 1522 habent
2165 1470 2293 1522 Acta
2327 1487 2340 1535 ;
2381 1471 2553 1539 deque
2583 1471 2700 1540 ejus
2739 1471 2974 1540 Traiano
3018 1471 3173 1526 bellis
3206 1468 3428 1539 fatigato
3461 1465 3762 1520 desiderata

560 1569 747 1622 opera,
775 1569 838 1608 ac
864 1555 1102 1608 veterani
1129 1553 1282 1606 ducis
1312 1551 1594 1613 industria,
1625 1553 2154 1609 consentientissima
2198 1568 2323 1608 sunt
2350 1558 2416 1610 iis
2448 1572 2567 1625 qua:
2597 1555 2663 1611 de
2698 1557 2956 1626 Trajano,
2998 1558 3223 1626 ejusque
3256 1557 3307 1610 in
3344 1553 3560 1609 Oriente
3592 1551 3766 1614 bellis,

558 1639 727 1693 refert
754 1639 872 1704 Dio,
906 1641 1104 1710 quibus
1128 1639 1381 1708 Assyrios
1405 1638 1705 1708 Persasque
1732 1639 1802 1693 ita
1831 1639 2134 1703 debellavit,
2175 1652 2232 1720 ut
2256 1651 2431 1696 tamen
2463 1644 2496 1696 ii
2536 1645 2908 1708 tumultantes,
2940 1660 3078 1714 aagre
3106 1644 3158 1696 in
3209 1643 3311 1696 fide
3342 1656 3405 1696 ac
3425 1639 3603 1693 ollirio
3635 1652 3767 1690 con~

562 1727 866 1781 tinercntur
895 1747 908 1780 :
947 1743 1056 1798 quo
1086 1728 1201 1796 ipse
1230 1728 1446 1781 nomine
1468 1727 1794 1796 expostulat
1814 1726 1880 1780 ad
1911 1736 2178 1782 senatum.
2209 1729 2265 1781 In
2303 1729 2400 1783 hos
2429 1730 2571 1798 ipsos
2599 1731 2850 1794 movisse,
2885 1745 2947 1785 ac
2977 1731 3210 1799 primum
3254 1729 3319 1782 iis
3368 1727 3651 1781 studentes
3677 1722 3770 1775 Ju-

560 1813 708 1867 dzeos
743 1814 831 1866 illa
865 1813 1130 1876 indicant,
1167 1827 1289 1865 cum
1320 1822 1677 1881 postremum,
1709 1813 1800 1866 ubi
1833 1823 1885 1866 et
1909 1813 2190 1882 conjugem
2217 1817 2434 1882 recepit,
2467 1833 2748 1886 superasse
2774 1818 2947 1887 ipsum
2982 1816 3279 1888 Hydaspem
3310 1816 3534 1869 fluvium
3563 1826 3763 1865 memo-

557 1910 702 1964 rant,
767 1916 938 1970 eoque
988 1901 1298 1955 interiorem
1350 1899 1585 1953 hostium
1637 1900 1894 1952 ditionem
1933 1901 2254 1968 pervasisse.
2304 1900 2580 1972 Hydaspes
2609 1905 2751 1971 enim
2795 1905 2884 1958 ille
2913 1903 3098 1959 Medus
3129 1913 3230 1966 est,
3272 1905 3336 1956 de
3381 1917 3492 1970 quo
3526 1900 3677 1968 Virg.
3719 1912 3769 1949 vt

558 1983 771 2055 Georg.,
831 1985 1051 2049 Strabo,
1110 1985 1275 2050 Plin.,
1331 1986 1564 2049 Quintus
1611 1984 1763 2039 Curt.
1807 1986 2024 2056 aliique.
2068 1986 2219 2052 Quod
2259 1989 2376 2057 ejus
2407 2004 2758 2058 suppressum
2790 2005 2986 2044 nomen
3033 1991 3343 2058 gentilibus,
3377 2003 3537 2041 nemo
3569 1989 3768 2038 mirum

559 2073 780 2137 habeat,
819 2075 910 2141 qui
944 2089 1052 2128 non
1083 2073 1306 2128 omnino
1330 2074 1401 2127 sit
1431 2073 1618 2127 Romae
1638 2073 2000 2143 Romanisque
2019 2075 2071 2127 in
2100 2075 2258 2129 rebus
2276 2077 2610 2144 peregrinus.
2638 2076 2861 2130 Abunde
2889 2075 2991 2129 fuit
3013 2076 3329 2130 Christianae
3359 2072 3772 2143 superstitionis

559 2174 716 2212 reum
756 2159 958 2214 obiisse
988 2158 1358 2231 Eustathium,
1403 2171 1460 2213 ut
1497 2159 1615 2229 ejus
1653 2160 1911 2214 memoria
1943 2160 2050 2215 illis
2077 2161 2290 2228 penitus
2324 2163 2666 2227 aboleretur;
2702 2165 2917 2230 quando
2943 2177 3040 2216 nec
3071 2162 3317 2231 tyrannis
3347 2159 3770 2228 imperatoribus

558 2257 895 2317 parceretur,
928 2246 1059 2316 quin
1089 2248 1209 2302 latae
1236 2229 1343 2302 illis
1370 2236 1514 2314 leges
1549 2249 1628 2302 vel
1653 2256 2108 2317 expungerentur,
2149 2246 2228 2299 vel
2257 2247 2592 2315 sequentium
2623 2229 3006 2318 imperatorum
3038 2229 3348 2301 nominibus
3364 2254 3726 2301 censerentur
3756 2260 3772 2307 ;

563 2347 662 2386 nec
700 2333 1040 2394 consulibus.
1092 2336 1220 2400 quin
1249 2350 1312 2388 ex
1346 2334 1469 2388 albo
1509 2336 1792 2390 consulum
1829 2335 2066 2402 ipsorum
2106 2335 2344 2395 nomina,
2379 2349 2484 2388 non
2513 2334 2614 2388 levi
2653 2335 2876 2403 publica
2907 2336 2985 2388 rei
3013 2335 3232 2396 damno,
3261 2342 3683 2402 temporumque
3715 2343 3778 2383 ac

565 2411 948 2474 contractuum
978 2422 1210 2474 rationis
1242 2421 1605 2484 incommodo,
1642 2421 1968 2474 delerentur.
1989 2419 2045 2473 Si
2069 2433 2173 2488 qua
2201 2419 2361 2488 igitur
2379 2421 2631 2488 praeclare
2663 2421 2801 2475 bello
2825 2429 2972 2490 gesta
3001 2436 3097 2490 per
3137 2421 3188 2473 id
3218 2429 3429 2488 tempus
3464 2417 3777 2475 Eustathio.

565 2507 724 2573 cujus
775 2505 1110 2574 triumphum
1158 2507 1429 2575 exceperit
1473 2505 1571 2559 bos
1626 2504 2003 2568 Phalariticus,
2032 2519 2285 2572 morsque
2312 2507 2580 2560 extraneis
2625 2504 2926 2568 exsecrata.
2960 2507 3075 2561 hate
3112 2507 3195 2560 vel
3239 2507 3420 2575 legati,
3451 2504 3532 2557 vel
3567 2502 3774 2557 summi

559 2592 824 2662 principis
855 2593 1097 2658 nomine,
1130 2593 1303 2661 gentis
1333 2591 1437 2646 ritu
1468 2591 1668 2646 fuerint
1698 2593 2032 2660 consignata.
2065 2590 2308 2645 Secessio
2335 2593 2569 2661 denique
2599 2592 2868 2648 Eustatbii
2899 2594 3180 2664 profligata
3206 2609 3264 2646 re
3287 2591 3335 2646 fa
3351 2591 3571 2653 miliari,
3606 2589 3778 2642 amis-

562 2679 746 2747 sisque
782 2679 977 2748 opibus
1010 2679 1209 2748 quibus
1238 2680 1538 2733 consulatis
1564 2693 1629 2732 ae
1657 2679 1870 2748 patritia
1901 2677 2136 2744 dignitas
2157 2680 2505 2732 sustentanda
2531 2687 2692 2742 esset,
2725 2679 2854 2732 nihil
2884 2695 2913 2733 a
2943 2680 3200 2733 Romanis
3231 2679 3473 2732 moribus
3519 2677 3784 2730 abhorret

563 2781 686 2821 cum
713 2766 820 2818 lata
855 2766 982 2818 olim
1005 2765 1142 2835 lege,
1177 2765 1269 2833 qui
1317 2766 1430 2832 pari
1495 2764 1574 2818 usi
1603 2763 1818 2818 fortuna
1871 2770 2074 2827 essent,
2105 2777 2198 2817 seu
2241 2764 2345 2817 alia
2388 2766 2594 2819 ratione
2634 2765 2915 2821 facultates
2945 2767 3120 2820 ordini
3155 2780 3421 2834 congruas
3465 2763 3787 2817 amisissent

576 2860 769 2907 senatu
797 2853 1046 2907 movendi
1076 2861 1279 2906 essent.
1312 2851 1435 2906 Haec
1465 2852 1596 2905 mihi
1619 2851 1847 2905 strictim
1874 2867 1886 2914 ;
1927 2858 2004 2913 tu,
2031 2848 2244 2914 Lector,
2277 2850 2499 2927 antiquo
2535 2851 2638 2904 hoc
2671 2862 3024 2906 monumento
3056 2851 3254 2905 fruere.

1093 3025 1351 3081 ORATIO
1392 3025 1577 3080 XVIII.

2649 3041 2660 3051 '
2808 3028 3023 3080 ΛΟΓΟΣ
3075 3025 3184 3080 ιη’.

564 3120 828 3174 Laudatio
860 3120 1038 3189 inclyti
1073 3118 1658 3192 martyriLEustathii,
1698 3118 1906 3187 Agapii,
1950 3118 2118 3171 Theo-

1061 3190 1186 3259 pisti
1218 3199 1266 3242 et
1298 3188 1619 3255 Theopistes.

631 3281 964 3337 Praeclarum
997 3280 1052 3335 in
1101 3280 1366 3334 victorum
1409 3278 1579 3332 choro
1623 3275 1965 3330 Eustathium
2006 3277 2121 3329 lau-

561 3370 723 3434 dabo,
770 3369 981 3423 tametsi
1025 3368 1282 3423 aarumnis
1329 3366 1561 3421 flectitur
1595 3366 1809 3420 animus
1858 3380 2119 3434 :aaquum

562 3461 708 3515 enim
755 3475 819 3513 ac
868 3468 1137 3524 sanctum,
1171 3472 1346 3526 neque
1395 3456 1448 3510 id
1497 3457 1681 3521 modo,
1711 3456 1806 3511 sed
1834 3465 1888 3510 et
1924 3455 2122 3525 oppido

565 3553 696 3606 utile
737 3559 898 3619 atque
945 3550 1314 3605 commodum.
1352 3547 1537 3616 Neque
1580 3548 1722 3601 enim
1765 3547 1891 3616 quia
1939 3547 2120 3601 saeculi

565 3640 722 3695 malis
759 3655 1071 3709 gravamur,
1130 3639 1332 3693 idcirco
1372 3637 1702 3702 tacebimus;
1749 3636 1843 3692 sed
1879 3637 2005 3706 quia
2031 3636 2122 3704 ju-

564 3740 710 3784 stum
775 3730 867 3784 Dei
923 3731 1130 3784 amicos
1193 3727 1668 3799 pradicationibus
1719 3730 1979 3797 accipere,
2025 3744 2123 3797 pro

563 3822 708 3876 virili
735 3831 919 3876 nostra
948 3822 1164 3877 laudare
1193 3839 1296 3876 non
1337 3823 1663 3878 desistemus
1695 3838 1709 3875 :
1754 3837 1851 3876 nec
1893 3821 2126 3891 denique

565 3915 710 3983 quod
733 3913 1094 3969 Ecclesiarum
1127 3914 1220 3970 Dei
1251 3915 1395 3971 curis
1417 3930 1479 3970 ac
1510 3912 1968 3970 sollicitudinibus
2002 3927 2124 3982 pre-

565 4018 799 4066 mantur,
826 4005 1025 4074 egregii
1059 4004 1314 4072 martyris
1341 4005 1759 4059 celebrationem
1788 4003 2122 4069 differemus,

566 4093 660 4152 sed
697 4095 822 4162 quia
853 4095 1269 4162 probatissimos
1313 4095 1402 4149 ille
1441 4096 1496 4149 in
1531 4094 1807 4160 arumnis,
1855 4094 2122 4164 probatis-

567 4181 741 4235 simus
781 4181 1134 4251 defungendis
1163 4186 1379 4253 pietatis
1428 4199 1591 4239 causa
1635 4183 2024 4238 certaminibus
2062 4197 2126 4235 ac

568 4269 869 4337 laboribus,
903 4288 1133 4341 quorum
1159 4276 1323 4329 etiam
1362 4275 1582 4330 nomine
1614 4273 1823 4330 cunctis
1856 4274 1966 4328 fere
2013 4288 2125 4326 ma-

567 4360 741 4428 jorem
803 4365 1135 4436 martyribus
1185 4366 1586 4421 venerationem
1634 4367 1862 4429 obtinet,
1921 4365 2121 4418 idcirco

2242 3119 2557 3188 Ἑγκώμιον
2585 3120 2668 3188 είς
2707 3118 2814 3170 τὸν
2849 3118 3017 3185 ἅγιον
3050 3117 3534 3188 μεγαλομάρτυρᾳ
3556 3110 3792 3167 Εὐστὰ-

2298 3183 2446 3252 dior,
2491 3187 2789 3254 ’Ardmor,
2821 3183 3168 3247 Θεόπιστον,
3211 3183 3307 3236 καὶ
3336 3184 3715 3248 Θεοπίστην.

2297 3275 2400 3327 Τὸν
2423 3274 2663 3343 ἀοίδιμον
2704 3274 2763 3324 ὲν
2793 3272 3106 3341 ἁθλοφόροις
3146 3271 3436 3324 Εὑστόιθιον
3499 3270 3790 3323 ἐπαινέσο-

2230 3382 2348 3434 μαι,
2381 3365 2478 3417 καὶ
2500 3365 2547 3416 εί
2577 3364 2697 3427 ταῖς
2724 3362 2933 3431 θλίψεσι
2955 3363 3274 3431 κάμπτομαι
3301 3378 3315 3394 ο
3347 3362 3489 3414 ὅσιον
3518 3360 3630 3430 γάρ
3658 3376 3670 3391 ·
3696 3360 3793 3413 καί

2228 3457 2324 3525 οὐχ
2344 3456 2490 3508 ὅσιον
2517 3454 2699 3523 μόνον,
2733 3453 2867 3506 ἀλλὰ
2890 3454 2985 3506 καὶ
3012 3453 3307 3521 ὠφέλιμον.
3335 3452 3410 3503 Οὐ
3439 3451 3547 3520 γὰρ
3573 3453 3658 3503 ὅτι
3681 3437 3794 3510 τοῖς

2228 3544 2319 3597 τοῦ
2339 3544 2453 3614 βίου
2502 3546 2691 3605 κακοῖς
2724 3540 3085 3613 βαρυνόμεθα,
3132 3540 3218 3592 διὰ
3257 3539 3412 3590 τοῦτο
3447 3539 3752 3606 σιγήσομεν
3775 3550 3790 3564 ο

2228 3635 2341 3691 ἀλλ’
2364 3635 2445 3688 ὅτι
2473 3634 2765 3700 ἄξιοντοὺς
2785 3632 2878 3685 τοῦ
2913 3631 3045 3684 Θεοῦ
3080 3631 3261 3700 φίλους
3317 3626 3622 3699 δεξιοῦσθαι
3675 3629 3794 3688 ταῖς

2229 3725 2578 3797 ἀναῤῥήσεσι,
2614 3723 2713 3792 τῆς
2740 3722 2879 3776 κατὰ
2904 3721 3129 3792 δύναμιν
3169 3719 3443 3789 εὐφημίας
3470 3718 3570 3769 οὐκ
3590 3716 3794 3784 ἀφεξόο

2233 3822 2390 3884 μεθα·
2409 3815 2516 3868 οὐδ’
2542 3816 2622 3867 ὅτι
2649 3813 2891 3883 φροντίσι
2908 3813 3000 3865 καὶ
3027 3812 3315 3882 μερίμναις
3342 3807 3684 3877 Ἐκκλησιῶν
3700 3805 3794 3858 τοῦ

2229 3907 2362 3961 Θεοῦ
2416 3905 2750 3974 πιεζόμεθα,
2794 3905 2890 3975 τὴν
2939 3904 3030 3956 τοῦ
3083 3901 3561 3971 μεγαλομάρτυρος
3628 3896 3798 3967 ὕμνηο

2233 4014 2317 4050 σιν
2369 3993 2788 4066 ὑπερθησόμεθα
2823 4011 2837 4025 ο
2890 3992 3002 4046 ἀλλ’
3035 3993 3116 4045 ὅτι
3155 3989 3518 4056 δοκιμώτατος
3565 3990 3625 4040 ὲν
3672 3989 3794 4048 ταῖς

2233 4089 2473 4158 θλίψεσιν
2495 4089 2720 4149 ἐκεῖνος,
2745 4084 3110 4153 δοκιμώτατος
3127 4083 3181 4134 ὲν
3201 4082 3309 4144 τοῖς
3339 4079 3477 4149 ὑπὲρ
3509 4077 3796 4138 εὐσεὸείας

2232 4178 2571 4247 ἁγωνίσμασι
2599 4176 2692 4228 καὶ
2714 4174 3039 4244 πονήμασιν,
3068 4166 3147 4233 οἷς
3182 4170 3275 4222 καὶ
3324 4169 3540 4221 πάντων
3584 4165 3796 4235 μαρτύ-

2235 4285 2340 4340 ρων
2363 4266 2546 4337 σχεδὸν
2565 4263 3004 4332 σεϐασμιώτατος
3025 4259 3419 4316 ἀναδείκνυται,
3479 4255 3566 4306 διὰ.
3617 4253 3798 4304 ταῦτα

2230 4360 2338 4413 τῶν
2379 4355 2669 4426 ἐγκωμίων
2699 4354 2788 4406 τὸν
2818 4352 3007 4424 ἔρανον
3062 4350 3136 4412 ὡς
3169 4347 3388 4416 ὀφειλὴν
3416 4341 3799 4414 καρποφοροῦ-

1324 4467 1386 4525 S.
1425 4467 1837 4527 EUSTATHII
1869 4466 1962 4524 ET
1993 4460 2382 4523 SOCIORUM
2411 4459 2602 4518 ACTA
2651 4451 3019 4521 ANTIQUA.

576 4551 1325 4622 Martyrium_3anctor_um_qc
1358 4551 1667 4622 inclytorum
1697 4550 1892 4622 Christi
1931 4560 2128 4619 marty-

2245 4538 2910 4622 lfapnﬁp‘rortér‘drlwr'
2930 4535 3026 4588 καὶ
3079 4532 3347 4622 reegng
3375 4533 3480 4586 τοῦ
3533 4529 3800 4622 Χριρ-τςῦ

709 4616 827 4675 ium
883 4619 1174 4682 Eustathii,
1225 4616 1540 4686 Theopiates,
1588 4637 1647 4672 ac
1692 4620 1987 4672 liberorum.

550 4801 552 4804 ν
641 4782 859 4837 Prostat
890 4778 1216 4834 mortalibus
1242 4794 1306 4832 ex
1343 4786 1550 4831 naturae
1576 4779 1688 4843 ipsa
1717 4778 1892 4830 indole
1921 4780 2135 4846 propria

573 4853 638 4904 ad
670 4852 899 4905 virtutes
932 4848 1269 4917 prazstandas
1317 4848 1642 4909 adhortatio,
1678 4857 1837 4914 atque
1868 4849 2135 4913 palaestra,

573 4921 626 4974 id
657 4921 707 4974 in
744 4920 1049 4990 proximum
1083 4917 1462 4990 conferendum
1496 4919 1714 4990 docens,
1745 4918 1885 4984 quod
1912 4917 2042 4990 velis
2075 4918 2140 4968 ab

574 4990 680 5043 alio
735 4987 788 5041 in
858 4999 906 5040 te
971 4987 1298 5048 conferatur.
1343 4988 1504 5055 idque
1564 4987 1778 5038 demum
1841 4987 2136 5051 gratiarum

575 5059 808 5112 actionis
839 5057 1076 5120 nomine,
1114 5056 1216 5111 Deo
1251 5057 1638 5112 beneficiorum
1671 5055 1910 5122 largitori
1945 5070 2137 5121 repen-

576 5125 841 5191 dendum,
887 5127 1029 5193 quod
1073 5127 1139 5180 ab
1185 5127 1270 5191 iis,
1303 5142 1442 5197 quos
1477 5125 1736 5197 beneficio
1782 5125 2134 5197 demeruit-ris,

579 5197 761 5264 exigas
794 5198 908 5263 ipse
941 5205 998 5248 ut
1025 5193 1370 5265 rependatur.
1404 5193 1545 5258 Quin
1579 5194 1881 5265 exAdivinis
1922 5207 2139 5260 quoque

582 5262 894 5333 Scriptttris,
939 5262 1185 5335 prestant
1234 5265 1495 5320 doctrina:
1544 5262 1816 5335 plurimae;
1863 5264 2140 5335 beatorum

579 5330 718 5386 item'
765 5350 824 5388 ac
870 5330 1137 5390 clarorum
1181 5337 1415 5387 virorum
1455 5341 1602 5400 gesta
1648 5330 1868 5403 inclyta
1904 5347 1964 5384 ac
2010 5331 2141 5383 faci-

581 5418 751 5476 nora_;
803 5408 900 5476 Aqui
972 5406 1156 5476 plane,
1212 5405 1446 5476 animata
1501 5402 1773 5476 quzedam’
1830 5402 2141 5476 simulacra.

582 5472 920 5528 :emulationc
943 5471 1222 5529 virtutum.
1262 5471 1459 5538 quibus
1497 5473 1772 5537 praeclare,
1823 5471 2147 5539 egregiaque

584 5541 746 5595 laude
787 5541 952 5596 functi
985 5551 1128 5606 sunt,
1158 5541 1460 5594 volentibus
1496 5541 1610 5594 haec
1646 5543 1858 5594 illorum
1899 5541 2143 5608 magiste-

583 5613 663 5664 ria
699 5613 873 5680 sequi,
912 5613 1284 5663 exhibeantur.
1330 5608 1551 5663 Perinde
1585 5612 1747 5678 igitur
1779 5608 1908 5662 mihi
1939 5607 2142 5672 consti-

584 5692 779 5746 tutum,
836 5691 894 5733 ut
954 5688 1062 5729 tum
1117 5690 1350 5734 veterum
1413 5680 1634 5735 herOum
1691 5680 1946 5746 prteclara
1998 5683 2145 5746 gesta

2298 4599 2630 4684 ιῖαρὲύρων,
2650 4599 3008 4684 ξὺοίταθίου,
3040 4606 3136 4658 καί
3169 4605 3522 4670 Θεοπίστης,
3558 4599 3800 4654 καὶτῶν

2303 4678 2533 4736 τέκνων
2554 4678 2770 4733 αὐτῶν.

2308 4776 2602 4847 Πρόκειςαι
2626 4767 3084 4847 *τοῖς-ἀνθρὼττοις
3114 4765 3177 4846 ἐρ(
3223 4763 3452 4847 φύσεως..
3481 4760 3689 4847 οἰκεῖον
3720 4759 3803 4847 ἔι-

2238 4829 2526 4900 δασκάλιον
2548 4842 2681 4910 πρὸς
2725 4829 2957 4910 τὴνμτῶν
2987 4829 3641 4910 ἀρ-ετῶνμῆκατόριθωσινκ
3661 4829 3806 4881 διδά-

2241 4933 2368 4968 σκον
2397 4915 2571 4966 ἐκεῖνο
2594 4899 2866 4976 ἷποιεῖντῷ
2901 4899 3146 4975 πλησίον,
3193 4904 3330 4976 ᾇπερ
3352 4899 3530 4976 αὑτὸ-ς
3569 4899 3806 4976 πςσχειν

2244 4966 2367 5055 ire;
2389 4984 2571 5062 ἕτερον
2602 4966 2849 5062 βούξίεταί
2873 4993 2887 5008 ο
2907 4966 3096 5062 ἐκεῖνό.)
3116 4990 3176 5024 τε
3200 4966 3551 5062 abiret-517119on
3578 4966 3660 5062 τιέξ)
3695 4966 3801 5047 εί)-

2244 5037 2436 5122 ερῆέτῃ
2466 5037 2613 5114 Θεῷ,
2666 5045 3037 5114 εὐχαριστίαν,
3073 5043 3101 5095 ὃ
3152 5041 3245 5095 καὶ
3287 5037 3448 5100 αὐτὸς
3493 5037 3648 5106 παρὰ
3699 5037 3804 5115 τῷν

2245 5115 2704 5189 εὐεργετουμένων
2729 5117 2976 5189 ﬁrmasti.
3009 5108 3415 5189 Πρόκειγται-δὲ
3463 5106 3555 5189 καὶ
3585 5111 3656 5159 ὲκ
3678 5123 3806 5189 ,ξων

2247 5175 2402 5242 θείων
2430 5175 2652 5250 Γραφῶν
2675 5184 3012 5236 διδασκαλίαι
3036 5175 3428 5250 ιτιξιιμπιληθείς,Δ
3446 5178 3538 5229 καὶ
3575 5175 3805 5250 πράξεις

2249 5254 2453 5323 ἀνδρῶν
2474 5245 2768 5323 ’μακαρίων
2799 5257 2891 5305 καὶ
2915 5245 3194 5323 ἀοιδίμων,
3222 5245 3520 5323 οἳΑείκόνες
3549 5248 3700 5323 τινες
3733 5246 3806 5323 εί-

2250 5343 2330 5380 σιν
2348 5313 2577 5391 ’ἐμψύχῳ
2614 5313 2747 5391 τξρὸς
2770 5323 3001 5389 μίμησιν
3031 5313 3141 5391 τξῶν
3174 5317 3397 5391 ἀγαθῶν.
3444 5313 3807 5391 κατορθωμρο

2247 5411 2372 5453 των,
2387 5384 2512 5458 τοζέ
2522 5384 2693 5456 ’βουλο
2702 5384 2879 5458 μένοις
2901 5384 3138 5440 ἶπεσθαι
3181 5388 3310 5458 ⁸ταῖς
3342 5384 3543 5458 αὐτῶνΔ
3560 5384 3807 5458 ἀρεταῖς.

2247 5449 2407 5532 Οὐδὲν
2439 5449 3041 5532 οὖν’ἦττοντιροεθέμην
3065 5455 3343 5532 προθεῖναι
3374 5449 3678 5532 Δἐγγράφως
3702 5449 3809 5532 «liv

2247 5531 2486 5599 ἀρχαίων
2510 5520 2716 5598 ἀνδρῶν
2743 5520 3130 5599 α’νδραήαθίας,
3188 5527 3281 5599 καὶ
3329 5527 3395 5599 τᾲ
3422 5520 3427 5521 ⁷
3456 5520 3548 5575 νῦν
3578 5524 3644 5599 εν
3698 5520 3806 5599 τοξς

2248 5585 2456 5669 καῖροῖς
2501 5585 2655 5668 ἡμῶν
2697 5585 3135 5669 κατορθωθέὲντα,
3163 5594 3294 5669 πρὸς
3337 5591 3660 5669 εὐεργεσίαν
3712 5585 3809 5669 μὶν

2247 5655 2358 5723 τῶν
2382 5655 2701 5735 ἀκουόντων,
2730 5655 3061 5736 ἐπιὸτροφὴν
3095 5655 3148 5717 δὲ
3182 5655 3290 5714 τῶν
3337 5655 3680 5728 φασκόντων,
3736 5655 3809 5726 μὴ
