  <div class='ocr_page' id='page_1' title='image "/cluster/home/n/w/nwhite01/storage/ocr_20150623/105/pst.000005714155/215.png"; bbox 0 0 3924 6312; ppageno 0'>
   <div class='ocr_carea' id='block_1_1' title="bbox 470 316 2110 419">
    <p class='ocr_par' dir='ltr' id='par_1_1' title="bbox 470 316 2110 419">
     <span class='ocr_line' id='line_1_1' title="bbox 470 316 2110 419; baseline -0.002 -26"><span class='ocrx_word' id='word_1_1' title='bbox 470 316 473 320; x_wconf 82' lang='grc'><em>’</em></span> <span class='ocrx_word' id='word_1_2' title='bbox 531 329 638 393; x_wconf 83' lang='lat'><strong>315</strong></span> <span class='ocrx_word' id='word_1_3' title='bbox 1323 402 1327 406; x_wconf 44' lang='grc'><strong>,</strong></span> <span class='ocrx_word' id='word_1_4' title='bbox 1721 413 1725 419; x_wconf 24' lang='grc' dir='ltr'><em>ι</em></span> <span class='ocrx_word' id='word_1_5' title='bbox 1756 329 2110 393; x_wconf 68' lang='grc' dir='ltr'><strong>ΝΙοΕΤΑει</strong></span> 
     </span>
    </p>
   </div>
   <div class='ocr_carea' id='block_1_2' title="bbox 2222 316 3801 419">
    <p class='ocr_par' dir='ltr' id='par_1_2' title="bbox 2222 326 3801 392">
     <span class='ocr_line' id='line_1_2' title="bbox 2222 326 3801 392; baseline -0.002 -3"><span class='ocrx_word' id='word_1_6' title='bbox 2222 331 2599 392; x_wconf 80' lang='lat' dir='ltr'><strong>IILAGONIS</strong></span> <span class='ocrx_word' id='word_1_7' title='bbox 3664 328 3748 387; x_wconf 77' lang='lat'><strong>37</strong></span> <span class='ocrx_word' id='word_1_8' title='bbox 3757 326 3801 385; x_wconf 84' lang='lat'>6</span> 
     </span>
    </p>
   </div>
   <div class='ocr_carea' id='block_1_3' title="bbox 606 437 3800 509">
    <p class='ocr_par' dir='ltr' id='par_1_3' title="bbox 606 437 3800 509">
     <span class='ocr_line' id='line_1_3' title="bbox 606 437 3800 509; baseline -0.002 -14"><span class='ocrx_word' id='word_1_9' title='bbox 606 440 877 495; x_wconf 88' lang='lat' dir='ltr'><strong>Eustathii</strong></span> <span class='ocrx_word' id='word_1_10' title='bbox 918 441 1302 504; x_wconf 86' lang='lat' dir='ltr'><strong>meminerunt,</strong></span> <span class='ocrx_word' id='word_1_11' title='bbox 1335 455 1454 505; x_wconf 87' lang='lat' dir='ltr'><strong>seu,</strong></span> <span class='ocrx_word' id='word_1_12' title='bbox 1493 449 1552 496; x_wconf 93' lang='lat' dir='ltr'><strong>ut</strong></span> <span class='ocrx_word' id='word_1_13' title='bbox 1579 442 1786 498; x_wconf 79' lang='lat' dir='ltr'><strong>malunt</strong></span> <span class='ocrx_word' id='word_1_14' title='bbox 1823 443 2078 504; x_wconf 78' lang='lat' dir='ltr'><strong>scribere,</strong></span> <span class='ocrx_word' id='word_1_15' title='bbox 2110 441 2411 509; x_wconf 78' lang='lat' dir='ltr'><strong>Eustachii,</strong></span> <span class='ocrx_word' id='word_1_16' title='bbox 2450 444 2610 498; x_wconf 90' lang='lat' dir='ltr'><strong>etiam</strong></span> <span class='ocrx_word' id='word_1_17' title='bbox 2645 441 2838 505; x_wconf 84' lang='lat' dir='ltr'><strong>Latini,</strong></span> <span class='ocrx_word' id='word_1_18' title='bbox 2868 440 3149 496; x_wconf 84' lang='lat' dir='ltr'><strong>Usuardus</strong></span> <span class='ocrx_word' id='word_1_19' title='bbox 3174 448 3226 494; x_wconf 92' lang='lat' dir='ltr'><strong>et</strong></span> <span class='ocrx_word' id='word_1_20' title='bbox 3260 440 3379 492; x_wconf 87' lang='lat' dir='ltr'><strong>Ado</strong></span> <span class='ocrx_word' id='word_1_21' title='bbox 3400 439 3434 491; x_wconf 74' lang='lat'><strong>2</strong></span> <span class='ocrx_word' id='word_1_22' title='bbox 3459 437 3800 500; x_wconf 79' lang='lat' dir='ltr'><strong>Novemb.,</strong></span> 
     </span>
    </p>
   </div>
   <div class='ocr_carea' id='block_1_4' title="bbox 535 523 3794 598">
    <p class='ocr_par' dir='ltr' id='par_1_4' title="bbox 535 523 3794 598">
     <span class='ocr_line' id='line_1_4' title="bbox 535 523 3794 598; baseline -0.002 -17"><span class='ocrx_word' id='word_1_23' title='bbox 535 528 579 582; x_wconf 88' lang='lat' dir='ltr'><strong>si</strong></span> <span class='ocrx_word' id='word_1_24' title='bbox 638 539 817 581; x_wconf 90' lang='lat' dir='ltr'><strong>tamen</strong></span> <span class='ocrx_word' id='word_1_25' title='bbox 865 526 1004 590; x_wconf 86' lang='lat' dir='ltr'><strong>Ado,</strong></span> <span class='ocrx_word' id='word_1_26' title='bbox 1060 542 1166 580; x_wconf 91' lang='lat' dir='ltr'><strong>non</strong></span> <span class='ocrx_word' id='word_1_27' title='bbox 1206 525 1322 595; x_wconf 87' lang='lat' dir='ltr'><strong>ejus</strong></span> <span class='ocrx_word' id='word_1_28' title='bbox 1363 527 1672 598; x_wconf 76' lang='lat' dir='ltr'><strong>appendix;</strong></span> <span class='ocrx_word' id='word_1_29' title='bbox 1725 543 1787 584; x_wconf 86' lang='lat' dir='ltr'><strong>ac</strong></span> <span class='ocrx_word' id='word_1_30' title='bbox 1828 530 1967 597; x_wconf 92' lang='lat' dir='ltr'><strong>quod</strong></span> <span class='ocrx_word' id='word_1_31' title='bbox 1995 528 2295 581; x_wconf 83' lang='lat' dir='ltr'><strong>Romanum</strong></span> <span class='ocrx_word' id='word_1_32' title='bbox 2328 537 2524 582; x_wconf 89' lang='lat' dir='ltr'><strong>vocant</strong></span> <span class='ocrx_word' id='word_1_33' title='bbox 2557 529 2940 583; x_wconf 87' lang='lat' dir='ltr'><strong>Eusebianum.</strong></span> <span class='ocrx_word' id='word_1_34' title='bbox 2983 527 3173 580; x_wconf 84' lang='lat' dir='ltr'><strong>Mirum</strong></span> <span class='ocrx_word' id='word_1_35' title='bbox 3205 527 3407 580; x_wconf 89' lang='lat' dir='ltr'><strong>nullam</strong></span> <span class='ocrx_word' id='word_1_36' title='bbox 3439 535 3678 578; x_wconf 76' lang='lat' dir='ltr'><strong>exstare</strong></span> <span class='ocrx_word' id='word_1_37' title='bbox 3715 523 3794 577; x_wconf 85' lang='lat' dir='ltr'><strong>in</strong></span> 
     </span>
    </p>
   </div>
   <div class='ocr_carea' id='block_1_5' title="bbox 536 610 3800 683">
    <p class='ocr_par' dir='ltr' id='par_1_5' title="bbox 536 610 3800 683">
     <span class='ocr_line' id='line_1_5' title="bbox 536 610 3800 683; baseline -0.002 -16"><span class='ocrx_word' id='word_1_38' title='bbox 536 613 910 682; x_wconf 80' lang='lat' dir='ltr'><strong>Rosveydiano</strong></span> <span class='ocrx_word' id='word_1_39' title='bbox 941 612 1319 683; x_wconf 80' lang='lat' dir='ltr'><strong>Martyrologio</strong></span> <span class='ocrx_word' id='word_1_40' title='bbox 1342 612 1462 681; x_wconf 83' lang='lat' dir='ltr'><strong>ejus</strong></span> <span class='ocrx_word' id='word_1_41' title='bbox 1502 615 1840 677; x_wconf 91' lang='lat' dir='ltr'><strong>memoriam,</strong></span> <span class='ocrx_word' id='word_1_42' title='bbox 1874 615 1917 668; x_wconf 89' lang='lat' dir='ltr'><strong>si</strong></span> <span class='ocrx_word' id='word_1_43' title='bbox 1951 615 2110 667; x_wconf 87' lang='lat' dir='ltr'><strong>modo</strong></span> <span class='ocrx_word' id='word_1_44' title='bbox 2139 614 2266 666; x_wconf 86' lang='lat' dir='ltr'><strong>illud</strong></span> <span class='ocrx_word' id='word_1_45' title='bbox 2296 629 2419 669; x_wconf 81' lang='lat' dir='ltr'><strong>vere</strong></span> <span class='ocrx_word' id='word_1_46' title='bbox 2449 616 2728 683; x_wconf 90' lang='lat' dir='ltr'><strong>antiquum</strong></span> <span class='ocrx_word' id='word_1_47' title='bbox 2768 613 3071 667; x_wconf 78' lang='lat' dir='ltr'><strong>Romanum</strong></span> <span class='ocrx_word' id='word_1_48' title='bbox 3097 621 3198 674; x_wconf 87' lang='lat' dir='ltr'><strong>est,</strong></span> <span class='ocrx_word' id='word_1_49' title='bbox 3241 628 3304 666; x_wconf 93' lang='lat' dir='ltr'><strong>ac</strong></span> <span class='ocrx_word' id='word_1_50' title='bbox 3341 610 3487 680; x_wconf 86' lang='lat' dir='ltr'><strong>quod</strong></span> <span class='ocrx_word' id='word_1_51' title='bbox 3518 621 3800 664; x_wconf 88' lang='lat' dir='ltr'><strong>sanctus</strong></span> 
     </span>
    </p>
   </div>
   <div class='ocr_carea' id='block_1_6' title="bbox 534 696 3803 770">
    <p class='ocr_par' dir='ltr' id='par_1_6' title="bbox 534 696 3803 770">
     <span class='ocr_line' id='line_1_6' title="bbox 534 696 3803 770; baseline -0.002 -17"><span class='ocrx_word' id='word_1_52' title='bbox 534 700 824 767; x_wconf 78' lang='lat' dir='ltr'><strong>Gregorius</strong></span> <span class='ocrx_word' id='word_1_53' title='bbox 859 715 993 768; x_wconf 89' lang='lat' dir='ltr'><strong>papa</strong></span> <span class='ocrx_word' id='word_1_54' title='bbox 1027 700 1330 752; x_wconf 85' lang='lat' dir='ltr'><strong>Romanum</strong></span> <span class='ocrx_word' id='word_1_55' title='bbox 1361 700 1621 754; x_wconf 90' lang='lat' dir='ltr'><strong>indicavit</strong></span> <span class='ocrx_word' id='word_1_56' title='bbox 1655 718 1670 766; x_wconf 88' lang='lat'><strong>;</strong></span> <span class='ocrx_word' id='word_1_57' title='bbox 1721 701 1972 755; x_wconf 90' lang='lat' dir='ltr'><strong>scribenti</strong></span> <span class='ocrx_word' id='word_1_58' title='bbox 2007 699 2188 755; x_wconf 68' lang='lat' dir='ltr'><strong>Romae</strong></span> <span class='ocrx_word' id='word_1_59' title='bbox 2222 702 2455 755; x_wconf 89' lang='lat' dir='ltr'><strong>Baronio</strong></span> <span class='ocrx_word' id='word_1_60' title='bbox 2496 716 2657 770; x_wconf 89' lang='lat' dir='ltr'><strong>quam</strong></span> <span class='ocrx_word' id='word_1_61' title='bbox 2695 703 3029 770; x_wconf 83' lang='lat' dir='ltr'><strong>expetitum,</strong></span> <span class='ocrx_word' id='word_1_62' title='bbox 3067 711 3173 755; x_wconf 88' lang='lat' dir='ltr'><strong>tam</strong></span> <span class='ocrx_word' id='word_1_63' title='bbox 3209 699 3611 760; x_wconf 88' lang='lat' dir='ltr'><strong>desideratum,</strong></span> <span class='ocrx_word' id='word_1_64' title='bbox 3652 696 3803 749; x_wconf 87' lang='lat' dir='ltr'><strong>fru-</strong></span> 
     </span>
    </p>
   </div>
   <div class='ocr_carea' id='block_1_7' title="bbox 531 785 3801 856">
    <p class='ocr_par' dir='ltr' id='par_1_7' title="bbox 531 785 3801 856">
     <span class='ocr_line' id='line_1_7' title="bbox 531 785 3801 856; baseline -0.002 -18"><span class='ocrx_word' id='word_1_65' title='bbox 531 793 702 838; x_wconf 82' lang='lat' dir='ltr'><strong>strata</strong></span> <span class='ocrx_word' id='word_1_66' title='bbox 737 785 975 852; x_wconf 90' lang='lat' dir='ltr'><strong>diligenti</strong></span> <span class='ocrx_word' id='word_1_67' title='bbox 1006 785 1138 838; x_wconf 88' lang='lat' dir='ltr'><strong>adeo</strong></span> <span class='ocrx_word' id='word_1_68' title='bbox 1161 799 1344 839; x_wconf 89' lang='lat' dir='ltr'><strong>rerum</strong></span> <span class='ocrx_word' id='word_1_69' title='bbox 1369 786 1868 840; x_wconf 83' lang='lat' dir='ltr'><strong>ecclesiasticarum</strong></span> <span class='ocrx_word' id='word_1_70' title='bbox 1891 785 2185 854; x_wconf 85' lang='lat' dir='ltr'><strong>indagatori</strong></span> <span class='ocrx_word' id='word_1_71' title='bbox 2217 795 2294 840; x_wconf 91' lang='lat' dir='ltr'><strong>tot</strong></span> <span class='ocrx_word' id='word_1_72' title='bbox 2326 785 2455 840; x_wconf 89' lang='lat' dir='ltr'><strong>fulta</strong></span> <span class='ocrx_word' id='word_1_73' title='bbox 2486 787 2826 842; x_wconf 88' lang='lat' dir='ltr'><strong>adminiculis</strong></span> <span class='ocrx_word' id='word_1_74' title='bbox 2855 787 3172 856; x_wconf 80' lang='lat' dir='ltr'><strong>exquirendi</strong></span> <span class='ocrx_word' id='word_1_75' title='bbox 3197 800 3360 855; x_wconf 86' lang='lat' dir='ltr'><strong>opera</strong></span> <span class='ocrx_word' id='word_1_76' title='bbox 3386 803 3401 838; x_wconf 87' lang='lat'><strong>:</strong></span> <span class='ocrx_word' id='word_1_77' title='bbox 3435 797 3801 853; x_wconf 87' lang='lat' dir='ltr'><strong>quanquam</strong></span> 
     </span>
    </p>
   </div>
   <div class='ocr_carea' id='block_1_8' title="bbox 532 868 3796 943">
    <p class='ocr_par' dir='ltr' id='par_1_8' title="bbox 532 868 3796 943">
     <span class='ocr_line' id='line_1_8' title="bbox 532 868 3796 943; baseline -0.002 -18"><span class='ocrx_word' id='word_1_78' title='bbox 532 887 643 927; x_wconf 89' lang='lat' dir='ltr'><strong>non</strong></span> <span class='ocrx_word' id='word_1_79' title='bbox 693 886 817 926; x_wconf 89' lang='lat' dir='ltr'><strong>raro</strong></span> <span class='ocrx_word' id='word_1_80' title='bbox 857 871 1124 926; x_wconf 88' lang='lat' dir='ltr'><strong>celebrior</strong></span> <span class='ocrx_word' id='word_1_81' title='bbox 1176 871 1297 926; x_wconf 91' lang='lat' dir='ltr'><strong>aliis</strong></span> <span class='ocrx_word' id='word_1_82' title='bbox 1335 873 1468 926; x_wconf 87' lang='lat' dir='ltr'><strong>locis</strong></span> <span class='ocrx_word' id='word_1_83' title='bbox 1521 882 1823 928; x_wconf 89' lang='lat' dir='ltr'><strong>sanctorum</strong></span> <span class='ocrx_word' id='word_1_84' title='bbox 1865 872 2142 934; x_wconf 87' lang='lat' dir='ltr'><strong>memoria,</strong></span> <span class='ocrx_word' id='word_1_85' title='bbox 2192 881 2350 941; x_wconf 88' lang='lat' dir='ltr'><strong>atque</strong></span> <span class='ocrx_word' id='word_1_86' title='bbox 2391 882 2709 943; x_wconf 82' lang='lat' dir='ltr'><strong>martyrum,</strong></span> <span class='ocrx_word' id='word_1_87' title='bbox 2751 888 2912 942; x_wconf 87' lang='lat' dir='ltr'><strong>quam</strong></span> <span class='ocrx_word' id='word_1_88' title='bbox 2950 873 3148 941; x_wconf 89' lang='lat' dir='ltr'><strong>quibus</strong></span> <span class='ocrx_word' id='word_1_89' title='bbox 3195 874 3396 934; x_wconf 82' lang='lat' dir='ltr'><strong>vixere,</strong></span> <span class='ocrx_word' id='word_1_90' title='bbox 3437 884 3528 924; x_wconf 90' lang='lat' dir='ltr'><strong>seu</strong></span> <span class='ocrx_word' id='word_1_91' title='bbox 3578 868 3796 920; x_wconf 79' lang='lat' dir='ltr'><strong>functi</strong></span> 
     </span>
    </p>
   </div>
   <div class='ocr_carea' id='block_1_9' title="bbox 533 952 3800 1026">
    <p class='ocr_par' dir='ltr' id='par_1_9' title="bbox 533 952 3800 1026">
     <span class='ocr_line' id='line_1_9' title="bbox 533 952 3800 1026; baseline -0.002 -16"><span class='ocrx_word' id='word_1_92' title='bbox 533 973 710 1025; x_wconf 84' lang='lat' dir='ltr'><strong>agone</strong></span> <span class='ocrx_word' id='word_1_93' title='bbox 742 967 888 1012; x_wconf 90' lang='lat' dir='ltr'><strong>sunt.</strong></span> <span class='ocrx_word' id='word_1_94' title='bbox 928 957 1146 1010; x_wconf 88' lang='lat' dir='ltr'><strong>Titulus</strong></span> <span class='ocrx_word' id='word_1_95' title='bbox 1180 957 1271 1026; x_wconf 90' lang='lat' dir='ltr'><strong>qui</strong></span> <span class='ocrx_word' id='word_1_96' title='bbox 1298 956 1482 1012; x_wconf 60' lang='lat' dir='ltr'><strong>Roma</strong></span> <span class='ocrx_word' id='word_1_97' title='bbox 1507 965 1681 1012; x_wconf 80' lang='lat' dir='ltr'><strong>exstat</strong></span> <span class='ocrx_word' id='word_1_98' title='bbox 1704 956 1990 1018; x_wconf 85' lang='lat' dir='ltr'><strong>Eustathii,</strong></span> <span class='ocrx_word' id='word_1_99' title='bbox 2029 972 2189 1025; x_wconf 87' lang='lat' dir='ltr'><strong>quam</strong></span> <span class='ocrx_word' id='word_1_100' title='bbox 2222 958 2496 1026; x_wconf 88' lang='lat' dir='ltr'><strong>antiquus,</strong></span> <span class='ocrx_word' id='word_1_101' title='bbox 2528 975 2611 1012; x_wconf 90' lang='lat' dir='ltr'><strong>me</strong></span> <span class='ocrx_word' id='word_1_102' title='bbox 2649 959 2774 1013; x_wconf 88' lang='lat' dir='ltr'><strong>latet</strong></span> <span class='ocrx_word' id='word_1_103' title='bbox 2805 977 2820 1012; x_wconf 85' lang='lat'><strong>:</strong></span> <span class='ocrx_word' id='word_1_104' title='bbox 2855 959 2995 1012; x_wconf 87' lang='lat' dir='ltr'><strong>haud</strong></span> <span class='ocrx_word' id='word_1_105' title='bbox 3020 969 3168 1012; x_wconf 90' lang='lat' dir='ltr'><strong>certe</strong></span> <span class='ocrx_word' id='word_1_106' title='bbox 3197 959 3285 1012; x_wconf 88' lang='lat' dir='ltr'><strong>ille</strong></span> <span class='ocrx_word' id='word_1_107' title='bbox 3315 958 3590 1011; x_wconf 83' lang='lat' dir='ltr'><strong>recentior</strong></span> <span class='ocrx_word' id='word_1_108' title='bbox 3629 971 3645 1007; x_wconf 89' lang='lat'>:</span> <span class='ocrx_word' id='word_1_109' title='bbox 3690 952 3800 1006; x_wconf 80' lang='lat' dir='ltr'><strong>vel</strong></span> 
     </span>
    </p>
   </div>
   <div class='ocr_carea' id='block_1_10' title="bbox 534 1041 3793 1114">
    <p class='ocr_par' dir='ltr' id='par_1_10' title="bbox 534 1041 3793 1114">
     <span class='ocr_line' id='line_1_10' title="bbox 534 1041 3793 1114; baseline -0.002 -18"><span class='ocrx_word' id='word_1_110' title='bbox 534 1043 823 1112; x_wconf 89' lang='lat' dir='ltr'><strong>aperienda</strong></span> <span class='ocrx_word' id='word_1_111' title='bbox 860 1043 1000 1096; x_wconf 92' lang='lat' dir='ltr'><strong>illius</strong></span> <span class='ocrx_word' id='word_1_112' title='bbox 1028 1043 1208 1114; x_wconf 84' lang='lat' dir='ltr'><strong>origo,</strong></span> <span class='ocrx_word' id='word_1_113' title='bbox 1241 1043 1284 1098; x_wconf 89' lang='lat' dir='ltr'><strong>si</strong></span> <span class='ocrx_word' id='word_1_114' title='bbox 1309 1044 1433 1112; x_wconf 84' lang='lat' dir='ltr'><strong>quis</strong></span> <span class='ocrx_word' id='word_1_115' title='bbox 1453 1043 1703 1112; x_wconf 90' lang='lat' dir='ltr'><strong>dictijam</strong></span> <span class='ocrx_word' id='word_1_116' title='bbox 1738 1042 2125 1111; x_wconf 78' lang='lat' dir='ltr'><strong>Martyrologii,</strong></span> <span class='ocrx_word' id='word_1_117' title='bbox 2151 1059 2244 1098; x_wconf 84' lang='lat' dir='ltr'><strong>seu</strong></span> <span class='ocrx_word' id='word_1_118' title='bbox 2271 1046 2431 1097; x_wconf 85' lang='lat' dir='ltr'><strong>etiam</strong></span> <span class='ocrx_word' id='word_1_119' title='bbox 2457 1044 2699 1113; x_wconf 80' lang='lat' dir='ltr'><strong>Gregorii</strong></span> <span class='ocrx_word' id='word_1_120' title='bbox 2729 1047 2782 1100; x_wconf 92' lang='lat' dir='ltr'><strong>in</strong></span> <span class='ocrx_word' id='word_1_121' title='bbox 2817 1047 2950 1101; x_wconf 91' lang='lat' dir='ltr'><strong>libro</strong></span> <span class='ocrx_word' id='word_1_122' title='bbox 2976 1046 3477 1104; x_wconf 87' lang='lat' dir='ltr'><strong>Sacramentorum,</strong></span> <span class='ocrx_word' id='word_1_123' title='bbox 3505 1041 3793 1100; x_wconf 88' lang='lat' dir='ltr'><strong>silentio,</strong></span> 
     </span>
    </p>
   </div>
   <div class='ocr_carea' id='block_1_11' title="bbox 542 1129 3797 1200">
    <p class='ocr_par' dir='ltr' id='par_1_11' title="bbox 542 1129 3797 1200">
     <span class='ocr_line' id='line_1_11' title="bbox 542 1129 3797 1200; baseline -0.002 -16"><span class='ocrx_word' id='word_1_124' title='bbox 542 1130 901 1184; x_wconf 82' lang='lat' dir='ltr'><strong>recentiorem</strong></span> <span class='ocrx_word' id='word_1_125' title='bbox 940 1129 1014 1182; x_wconf 90' lang='lat' dir='ltr'><strong>illi</strong></span> <span class='ocrx_word' id='word_1_126' title='bbox 1041 1130 1309 1183; x_wconf 88' lang='lat' dir='ltr'><strong>Eustathii</strong></span> <span class='ocrx_word' id='word_1_127' title='bbox 1345 1132 1684 1190; x_wconf 85' lang='lat' dir='ltr'><strong>memoriam,</strong></span> <span class='ocrx_word' id='word_1_128' title='bbox 1714 1143 1776 1182; x_wconf 89' lang='lat' dir='ltr'><strong>ac</strong></span> <span class='ocrx_word' id='word_1_129' title='bbox 1803 1129 2003 1182; x_wconf 91' lang='lat' dir='ltr'><strong>cultum</strong></span> <span class='ocrx_word' id='word_1_130' title='bbox 2037 1131 2328 1185; x_wconf 83' lang='lat' dir='ltr'><strong>contendit.</strong></span> <span class='ocrx_word' id='word_1_131' title='bbox 2358 1130 2568 1200; x_wconf 84' lang='lat' dir='ltr'><strong>Scripta</strong></span> <span class='ocrx_word' id='word_1_132' title='bbox 2603 1133 2805 1196; x_wconf 53' lang='lat' dir='ltr'><strong>Romae,</strong></span> <span class='ocrx_word' id='word_1_133' title='bbox 2841 1148 2903 1188; x_wconf 92' lang='lat' dir='ltr'><strong>ac</strong></span> <span class='ocrx_word' id='word_1_134' title='bbox 2939 1132 3128 1186; x_wconf 83' lang='lat' dir='ltr'><strong>Latino</strong></span> <span class='ocrx_word' id='word_1_135' title='bbox 3154 1131 3420 1199; x_wconf 85' lang='lat' dir='ltr'><strong>scriptore</strong></span> <span class='ocrx_word' id='word_1_136' title='bbox 3458 1130 3606 1197; x_wconf 85' lang='lat' dir='ltr'><strong>ipsa,</strong></span> <span class='ocrx_word' id='word_1_137' title='bbox 3655 1140 3797 1193; x_wconf 81' lang='lat' dir='ltr'><strong>qua</strong></span> 
     </span>
    </p>
   </div>
   <div class='ocr_carea' id='block_1_12' title="bbox 533 1212 3797 1290">
    <p class='ocr_par' dir='ltr' id='par_1_12' title="bbox 533 1212 3797 1290">
     <span class='ocr_line' id='line_1_12' title="bbox 533 1212 3797 1290; baseline -0.002 -21"><span class='ocrx_word' id='word_1_138' title='bbox 533 1212 861 1284; x_wconf 81' lang='lat' dir='ltr'><strong>repraesento</strong></span> <span class='ocrx_word' id='word_1_139' title='bbox 894 1217 1097 1284; x_wconf 79' lang='lat' dir='ltr'><strong>lingua,</strong></span> <span class='ocrx_word' id='word_1_140' title='bbox 1131 1218 1265 1270; x_wconf 82' lang='lat' dir='ltr'><strong>Acta</strong></span> <span class='ocrx_word' id='word_1_141' title='bbox 1290 1217 1425 1281; x_wconf 66' lang='lat' dir='ltr'><strong>haec,</strong></span> <span class='ocrx_word' id='word_1_142' title='bbox 1458 1225 1514 1270; x_wconf 92' lang='lat' dir='ltr'><strong>ut</strong></span> <span class='ocrx_word' id='word_1_143' title='bbox 1539 1226 1686 1269; x_wconf 91' lang='lat' dir='ltr'><strong>certo</strong></span> <span class='ocrx_word' id='word_1_144' title='bbox 1709 1215 1959 1268; x_wconf 75' lang='lat' dir='ltr'><strong>afﬁrmari</strong></span> <span class='ocrx_word' id='word_1_145' title='bbox 1993 1216 2199 1284; x_wconf 87' lang='lat' dir='ltr'><strong>nequit,</strong></span> <span class='ocrx_word' id='word_1_146' title='bbox 2231 1217 2310 1270; x_wconf 90' lang='lat' dir='ltr'><strong>sic</strong></span> <span class='ocrx_word' id='word_1_147' title='bbox 2331 1218 2462 1271; x_wconf 85' lang='lat' dir='ltr'><strong>nihil</strong></span> <span class='ocrx_word' id='word_1_148' title='bbox 2487 1217 2777 1272; x_wconf 88' lang='lat' dir='ltr'><strong>abhorrere</strong></span> <span class='ocrx_word' id='word_1_149' title='bbox 2802 1219 3055 1289; x_wconf 85' lang='lat' dir='ltr'><strong>spectatis</strong></span> <span class='ocrx_word' id='word_1_150' title='bbox 3079 1220 3198 1290; x_wconf 89' lang='lat' dir='ltr'><strong>ejus</strong></span> <span class='ocrx_word' id='word_1_151' title='bbox 3225 1218 3397 1270; x_wconf 69' lang='lat' dir='ltr'><strong>anatis</strong></span> <span class='ocrx_word' id='word_1_152' title='bbox 3427 1215 3797 1269; x_wconf 86' lang='lat' dir='ltr'><strong>Latinorum</strong></span> 
     </span>
    </p>
   </div>
   <div class='ocr_carea' id='block_1_13' title="bbox 534 1303 1778 1371">
    <p class='ocr_par' dir='ltr' id='par_1_13' title="bbox 534 1303 1778 1371">
     <span class='ocr_line' id='line_1_13' title="bbox 534 1303 1778 1371; baseline 0.002 -17"><span class='ocrx_word' id='word_1_153' title='bbox 534 1303 801 1362; x_wconf 83' lang='lat' dir='ltr'><strong>moribus,</strong></span> <span class='ocrx_word' id='word_1_154' title='bbox 829 1318 893 1356; x_wconf 89' lang='lat' dir='ltr'><strong>ac</strong></span> <span class='ocrx_word' id='word_1_155' title='bbox 930 1305 982 1357; x_wconf 93' lang='lat' dir='ltr'><strong>in</strong></span> <span class='ocrx_word' id='word_1_156' title='bbox 1011 1304 1080 1358; x_wconf 88' lang='lat' dir='ltr'><strong>iis</strong></span> <span class='ocrx_word' id='word_1_157' title='bbox 1105 1303 1563 1362; x_wconf 88' lang='lat' dir='ltr'><strong>Christianorum.</strong></span> <span class='ocrx_word' id='word_1_158' title='bbox 1591 1304 1778 1371; x_wconf 91' lang='lat' dir='ltr'><strong>liquet.</strong></span> 
     </span>
    </p>
   </div>
   <div class='ocr_carea' id='block_1_14' title="bbox 603 1382 3800 1460">
    <p class='ocr_par' dir='ltr' id='par_1_14' title="bbox 603 1382 3800 1460">
     <span class='ocr_line' id='line_1_14' title="bbox 603 1382 3800 1460; baseline -0.001 -18"><span class='ocrx_word' id='word_1_159' title='bbox 603 1389 734 1454; x_wconf 65' lang='lat' dir='ltr'><strong>Quae</strong></span> <span class='ocrx_word' id='word_1_160' title='bbox 757 1391 821 1443; x_wconf 90' lang='lat' dir='ltr'><strong>de</strong></span> <span class='ocrx_word' id='word_1_161' title='bbox 864 1389 1130 1444; x_wconf 82' lang='lat' dir='ltr'><strong>Eustathii</strong></span> <span class='ocrx_word' id='word_1_162' title='bbox 1164 1382 1332 1460; x_wconf 75' lang='lat' dir='ltr'><strong>(olim</strong></span> <span class='ocrx_word' id='word_1_163' title='bbox 1379 1389 1630 1454; x_wconf 72' lang='lat' dir='ltr'><strong>Placidzn,</strong></span> <span class='ocrx_word' id='word_1_164' title='bbox 1662 1403 1835 1455; x_wconf 88' lang='lat' dir='ltr'><strong>eoque</strong></span> <span class='ocrx_word' id='word_1_165' title='bbox 1870 1389 2089 1443; x_wconf 85' lang='lat' dir='ltr'><strong>nomine</strong></span> <span class='ocrx_word' id='word_1_166' title='bbox 2129 1389 2367 1459; x_wconf 89' lang='lat' dir='ltr'><strong>Josepho</strong></span> <span class='ocrx_word' id='word_1_167' title='bbox 2407 1391 2694 1446; x_wconf 85' lang='lat' dir='ltr'><strong>clarissimi</strong></span> <span class='ocrx_word' id='word_1_168' title='bbox 2734 1393 2785 1446; x_wconf 92' lang='lat' dir='ltr'><strong>in</strong></span> <span class='ocrx_word' id='word_1_169' title='bbox 2822 1393 2964 1448; x_wconf 89' lang='lat' dir='ltr'><strong>bello</strong></span> <span class='ocrx_word' id='word_1_170' title='bbox 2992 1392 3255 1460; x_wconf 72' lang='lat' dir='ltr'><strong>Judaico;</strong></span> <span class='ocrx_word' id='word_1_171' title='bbox 3282 1389 3640 1458; x_wconf 80' lang='lat' dir='ltr'><strong>expeditione</strong></span> <span class='ocrx_word' id='word_1_172' title='bbox 3669 1399 3800 1438; x_wconf 62' lang='lat' dir='ltr'><strong>no.</strong></span> 
     </span>
    </p>
   </div>
   <div class='ocr_carea' id='block_1_15' title="bbox 534 1473 3794 1551">
    <p class='ocr_par' dir='ltr' id='par_1_15' title="bbox 534 1473 3794 1551">
     <span class='ocr_line' id='line_1_15' title="bbox 534 1473 3794 1551; baseline -0.001 -23"><span class='ocrx_word' id='word_1_173' title='bbox 534 1477 780 1540; x_wconf 76' lang='lat' dir='ltr'><strong>vissima,</strong></span> <span class='ocrx_word' id='word_1_174' title='bbox 820 1476 921 1530; x_wconf 90' lang='lat' dir='ltr'><strong>sub</strong></span> <span class='ocrx_word' id='word_1_175' title='bbox 951 1477 1225 1551; x_wconf 75' lang='lat' dir='ltr'><strong>_extrcmis</strong></span> <span class='ocrx_word' id='word_1_176' title='bbox 1269 1475 1486 1542; x_wconf 87' lang='lat' dir='ltr'><strong>Trajani</strong></span> <span class='ocrx_word' id='word_1_177' title='bbox 1522 1476 1877 1544; x_wconf 87' lang='lat' dir='ltr'><strong>temporibus,</strong></span> <span class='ocrx_word' id='word_1_178' title='bbox 1909 1476 2107 1530; x_wconf 88' lang='lat' dir='ltr'><strong>habent</strong></span> <span class='ocrx_word' id='word_1_179' title='bbox 2142 1479 2271 1530; x_wconf 83' lang='lat' dir='ltr'><strong>Acta</strong></span> <span class='ocrx_word' id='word_1_180' title='bbox 2306 1496 2318 1543; x_wconf 92' lang='lat'>;</span> <span class='ocrx_word' id='word_1_181' title='bbox 2359 1478 2531 1548; x_wconf 90' lang='lat' dir='ltr'><strong>deque</strong></span> <span class='ocrx_word' id='word_1_182' title='bbox 2561 1480 2678 1548; x_wconf 85' lang='lat' dir='ltr'><strong>ejus</strong></span> <span class='ocrx_word' id='word_1_183' title='bbox 2717 1479 2953 1549; x_wconf 80' lang='lat' dir='ltr'><strong>Traiano</strong></span> <span class='ocrx_word' id='word_1_184' title='bbox 2996 1480 3151 1534; x_wconf 89' lang='lat' dir='ltr'><strong>bellis</strong></span> <span class='ocrx_word' id='word_1_185' title='bbox 3185 1477 3407 1548; x_wconf 86' lang='lat' dir='ltr'><strong>fatigato</strong></span> <span class='ocrx_word' id='word_1_186' title='bbox 3441 1473 3794 1529; x_wconf 80' lang='lat' dir='ltr'><strong>desiderata</strong></span> 
     </span>
    </p>
   </div>
   <div class='ocr_carea' id='block_1_16' title="bbox 538 1559 3795 1635">
    <p class='ocr_par' dir='ltr' id='par_1_16' title="bbox 538 1559 3795 1635">
     <span class='ocr_line' id='line_1_16' title="bbox 538 1559 3795 1635; baseline -0.001 -22"><span class='ocrx_word' id='word_1_187' title='bbox 538 1576 726 1629; x_wconf 85' lang='lat' dir='ltr'><strong>opera,</strong></span> <span class='ocrx_word' id='word_1_188' title='bbox 754 1576 816 1614; x_wconf 89' lang='lat' dir='ltr'><strong>ac</strong></span> <span class='ocrx_word' id='word_1_189' title='bbox 842 1563 1080 1615; x_wconf 87' lang='lat' dir='ltr'><strong>veterani</strong></span> <span class='ocrx_word' id='word_1_190' title='bbox 1106 1561 1260 1614; x_wconf 91' lang='lat' dir='ltr'><strong>ducis</strong></span> <span class='ocrx_word' id='word_1_191' title='bbox 1290 1559 1572 1620; x_wconf 82' lang='lat' dir='ltr'><strong>industria,</strong></span> <span class='ocrx_word' id='word_1_192' title='bbox 1603 1560 2132 1617; x_wconf 87' lang='lat' dir='ltr'><strong>eonsentientissima</strong></span> <span class='ocrx_word' id='word_1_193' title='bbox 2175 1576 2302 1617; x_wconf 91' lang='lat' dir='ltr'><strong>sunt</strong></span> <span class='ocrx_word' id='word_1_194' title='bbox 2329 1567 2395 1619; x_wconf 90' lang='lat' dir='ltr'><strong>iis</strong></span> <span class='ocrx_word' id='word_1_195' title='bbox 2427 1581 2545 1633; x_wconf 68' lang='lat' dir='ltr'><strong>qua:</strong></span> <span class='ocrx_word' id='word_1_196' title='bbox 2576 1564 2642 1619; x_wconf 92' lang='lat' dir='ltr'><strong>de</strong></span> <span class='ocrx_word' id='word_1_197' title='bbox 2676 1566 2934 1635; x_wconf 86' lang='lat' dir='ltr'><strong>Trajano,</strong></span> <span class='ocrx_word' id='word_1_198' title='bbox 2975 1566 3201 1635; x_wconf 89' lang='lat' dir='ltr'><strong>ejusque</strong></span> <span class='ocrx_word' id='word_1_199' title='bbox 3235 1566 3286 1618; x_wconf 88' lang='lat' dir='ltr'><strong>in</strong></span> <span class='ocrx_word' id='word_1_200' title='bbox 3323 1562 3537 1618; x_wconf 87' lang='lat' dir='ltr'><strong>Oriente</strong></span> <span class='ocrx_word' id='word_1_201' title='bbox 3569 1559 3795 1620; x_wconf 82' lang='lat' dir='ltr'><strong>bellis,</strong></span> 
     </span>
    </p>
   </div>
   <div class='ocr_carea' id='block_1_17' title="bbox 536 1646 3795 1722">
    <p class='ocr_par' dir='ltr' id='par_1_17' title="bbox 536 1646 3795 1722">
     <span class='ocr_line' id='line_1_17' title="bbox 536 1646 3795 1722; baseline -0 -24"><span class='ocrx_word' id='word_1_202' title='bbox 536 1646 704 1700; x_wconf 80' lang='lat' dir='ltr'><strong>refert</strong></span> <span class='ocrx_word' id='word_1_203' title='bbox 733 1647 850 1711; x_wconf 87' lang='lat' dir='ltr'><strong>Dio,</strong></span> <span class='ocrx_word' id='word_1_204' title='bbox 884 1648 1081 1716; x_wconf 87' lang='lat' dir='ltr'><strong>quibus</strong></span> <span class='ocrx_word' id='word_1_205' title='bbox 1107 1647 1358 1716; x_wconf 84' lang='lat' dir='ltr'><strong>Assyrios</strong></span> <span class='ocrx_word' id='word_1_206' title='bbox 1383 1646 1683 1716; x_wconf 84' lang='lat' dir='ltr'><strong>Persasque</strong></span> <span class='ocrx_word' id='word_1_207' title='bbox 1710 1646 1780 1700; x_wconf 89' lang='lat' dir='ltr'><strong>ita</strong></span> <span class='ocrx_word' id='word_1_208' title='bbox 1809 1647 2112 1712; x_wconf 90' lang='lat' dir='ltr'><strong>debellavit,</strong></span> <span class='ocrx_word' id='word_1_209' title='bbox 2153 1660 2210 1703; x_wconf 89' lang='lat' dir='ltr'><strong>ut</strong></span> <span class='ocrx_word' id='word_1_210' title='bbox 2234 1659 2410 1704; x_wconf 90' lang='lat' dir='ltr'><strong>tamen</strong></span> <span class='ocrx_word' id='word_1_211' title='bbox 2442 1653 2475 1704; x_wconf 93' lang='lat' dir='ltr'><strong>ii</strong></span> <span class='ocrx_word' id='word_1_212' title='bbox 2515 1653 2886 1716; x_wconf 78' lang='lat' dir='ltr'><strong>tunitiltarites,</strong></span> <span class='ocrx_word' id='word_1_213' title='bbox 2917 1668 3056 1722; x_wconf 65' lang='lat' dir='ltr'><strong>aegre</strong></span> <span class='ocrx_word' id='word_1_214' title='bbox 3085 1653 3136 1705; x_wconf 93' lang='lat' dir='ltr'><strong>in</strong></span> <span class='ocrx_word' id='word_1_215' title='bbox 3187 1651 3289 1704; x_wconf 91' lang='lat' dir='ltr'><strong>fide</strong></span> <span class='ocrx_word' id='word_1_216' title='bbox 3321 1665 3383 1704; x_wconf 86' lang='lat' dir='ltr'><strong>ac</strong></span> <span class='ocrx_word' id='word_1_217' title='bbox 3404 1647 3582 1701; x_wconf 58' lang='lat' dir='ltr'><strong>odit-io</strong></span> <span class='ocrx_word' id='word_1_218' title='bbox 3622 1660 3795 1699; x_wconf 78' lang='lat' dir='ltr'><strong>eon-</strong></span> 
     </span>
    </p>
   </div>
   <div class='ocr_carea' id='block_1_18' title="bbox 541 1730 3799 1807">
    <p class='ocr_par' dir='ltr' id='par_1_18' title="bbox 541 1730 3799 1807">
     <span class='ocr_line' id='line_1_18' title="bbox 541 1730 3799 1807; baseline -0.001 -20"><span class='ocrx_word' id='word_1_219' title='bbox 541 1735 844 1789; x_wconf 79' lang='lat' dir='ltr'><strong>tinercnlur</strong></span> <span class='ocrx_word' id='word_1_220' title='bbox 874 1754 887 1787; x_wconf 92' lang='lat'><strong>:</strong></span> <span class='ocrx_word' id='word_1_221' title='bbox 925 1750 1034 1803; x_wconf 88' lang='lat' dir='ltr'><strong>quo</strong></span> <span class='ocrx_word' id='word_1_222' title='bbox 1064 1735 1179 1803; x_wconf 87' lang='lat' dir='ltr'><strong>ipse</strong></span> <span class='ocrx_word' id='word_1_223' title='bbox 1208 1736 1424 1788; x_wconf 88' lang='lat' dir='ltr'><strong>nomine</strong></span> <span class='ocrx_word' id='word_1_224' title='bbox 1446 1734 1755 1803; x_wconf 86' lang='lat' dir='ltr'><strong>expostulat</strong></span> <span class='ocrx_word' id='word_1_225' title='bbox 1792 1734 1859 1787; x_wconf 91' lang='lat' dir='ltr'><strong>ad</strong></span> <span class='ocrx_word' id='word_1_226' title='bbox 1889 1744 2156 1789; x_wconf 89' lang='lat' dir='ltr'><strong>senatum.</strong></span> <span class='ocrx_word' id='word_1_227' title='bbox 2188 1737 2242 1789; x_wconf 91' lang='lat' dir='ltr'>In</span> <span class='ocrx_word' id='word_1_228' title='bbox 2282 1738 2378 1792; x_wconf 92' lang='lat' dir='ltr'><strong>hos</strong></span> <span class='ocrx_word' id='word_1_229' title='bbox 2408 1739 2549 1806; x_wconf 85' lang='lat' dir='ltr'><strong>ipsos</strong></span> <span class='ocrx_word' id='word_1_230' title='bbox 2578 1740 2828 1802; x_wconf 86' lang='lat' dir='ltr'><strong>movisse,</strong></span> <span class='ocrx_word' id='word_1_231' title='bbox 2863 1754 2926 1793; x_wconf 93' lang='lat' dir='ltr'><strong>ac</strong></span> <span class='ocrx_word' id='word_1_232' title='bbox 2955 1739 3188 1807; x_wconf 90' lang='lat' dir='ltr'><strong>primum</strong></span> <span class='ocrx_word' id='word_1_233' title='bbox 3232 1737 3298 1790; x_wconf 91' lang='lat' dir='ltr'><strong>iis</strong></span> <span class='ocrx_word' id='word_1_234' title='bbox 3347 1735 3641 1789; x_wconf 87' lang='lat' dir='ltr'><strong>studentes</strong></span> <span class='ocrx_word' id='word_1_235' title='bbox 3671 1730 3799 1783; x_wconf 78' lang='lat' dir='ltr'><strong>Ju-</strong></span> 
     </span>
    </p>
   </div>
   <div class='ocr_carea' id='block_1_19' title="bbox 539 1820 3786 1896">
    <p class='ocr_par' dir='ltr' id='par_1_19' title="bbox 539 1820 3786 1896">
     <span class='ocr_line' id='line_1_19' title="bbox 539 1820 3786 1896; baseline -0.001 -23"><span class='ocrx_word' id='word_1_236' title='bbox 539 1821 687 1874; x_wconf 86' lang='lat' dir='ltr'><strong>daeos</strong></span> <span class='ocrx_word' id='word_1_237' title='bbox 721 1821 810 1873; x_wconf 90' lang='lat' dir='ltr'><strong>illa</strong></span> <span class='ocrx_word' id='word_1_238' title='bbox 844 1820 1107 1883; x_wconf 86' lang='lat' dir='ltr'><strong>indicant,</strong></span> <span class='ocrx_word' id='word_1_239' title='bbox 1145 1835 1266 1873; x_wconf 93' lang='lat' dir='ltr'><strong>cum</strong></span> <span class='ocrx_word' id='word_1_240' title='bbox 1297 1829 1654 1888; x_wconf 88' lang='lat' dir='ltr'><strong>postremum,</strong></span> <span class='ocrx_word' id='word_1_241' title='bbox 1687 1820 1778 1873; x_wconf 90' lang='lat' dir='ltr'><strong>ubi</strong></span> <span class='ocrx_word' id='word_1_242' title='bbox 1811 1830 1863 1873; x_wconf 90' lang='lat' dir='ltr'><strong>et</strong></span> <span class='ocrx_word' id='word_1_243' title='bbox 1887 1821 2168 1889; x_wconf 86' lang='lat' dir='ltr'><strong>conjugem</strong></span> <span class='ocrx_word' id='word_1_244' title='bbox 2195 1825 2412 1890; x_wconf 82' lang='lat' dir='ltr'><strong>recepit,</strong></span> <span class='ocrx_word' id='word_1_245' title='bbox 2446 1841 2727 1894; x_wconf 87' lang='lat' dir='ltr'><strong>superasse</strong></span> <span class='ocrx_word' id='word_1_246' title='bbox 2752 1827 2925 1895; x_wconf 91' lang='lat' dir='ltr'><strong>ipsum</strong></span> <span class='ocrx_word' id='word_1_247' title='bbox 2959 1825 3257 1896; x_wconf 86' lang='lat' dir='ltr'><strong>Hydaspem</strong></span> <span class='ocrx_word' id='word_1_248' title='bbox 3289 1824 3511 1877; x_wconf 86' lang='lat' dir='ltr'><strong>fluvium</strong></span> <span class='ocrx_word' id='word_1_249' title='bbox 3541 1834 3786 1873; x_wconf 84' lang='lat' dir='ltr'><strong>memo-</strong></span> 
     </span>
    </p>
   </div>
   <div class='ocr_carea' id='block_1_20' title="bbox 535 1907 3793 1980">
    <p class='ocr_par' dir='ltr' id='par_1_20' title="bbox 535 1907 3793 1980">
     <span class='ocr_line' id='line_1_20' title="bbox 535 1907 3793 1980; baseline -0.001 -20"><span class='ocrx_word' id='word_1_250' title='bbox 535 1918 680 1972; x_wconf 86' lang='lat' dir='ltr'><strong>rant,</strong></span> <span class='ocrx_word' id='word_1_251' title='bbox 745 1923 916 1977; x_wconf 90' lang='lat' dir='ltr'><strong>eoque</strong></span> <span class='ocrx_word' id='word_1_252' title='bbox 965 1908 1276 1962; x_wconf 86' lang='lat' dir='ltr'><strong>interiorem</strong></span> <span class='ocrx_word' id='word_1_253' title='bbox 1328 1907 1563 1960; x_wconf 89' lang='lat' dir='ltr'><strong>hostium</strong></span> <span class='ocrx_word' id='word_1_254' title='bbox 1615 1907 1872 1960; x_wconf 92' lang='lat' dir='ltr'><strong>ditionem</strong></span> <span class='ocrx_word' id='word_1_255' title='bbox 1912 1909 2232 1976; x_wconf 84' lang='lat' dir='ltr'><strong>pervasisse.</strong></span> <span class='ocrx_word' id='word_1_256' title='bbox 2283 1908 2558 1980; x_wconf 85' lang='lat' dir='ltr'><strong>Hydaspes</strong></span> <span class='ocrx_word' id='word_1_257' title='bbox 2587 1913 2729 1966; x_wconf 92' lang='lat' dir='ltr'><strong>enim</strong></span> <span class='ocrx_word' id='word_1_258' title='bbox 2773 1913 2861 1966; x_wconf 90' lang='lat' dir='ltr'><strong>ille</strong></span> <span class='ocrx_word' id='word_1_259' title='bbox 2892 1911 3077 1967; x_wconf 69' lang='lat' dir='ltr'><strong>medus</strong></span> <span class='ocrx_word' id='word_1_260' title='bbox 3107 1922 3208 1975; x_wconf 85' lang='lat' dir='ltr'><strong>est,</strong></span> <span class='ocrx_word' id='word_1_261' title='bbox 3251 1913 3315 1964; x_wconf 92' lang='lat' dir='ltr'><strong>de</strong></span> <span class='ocrx_word' id='word_1_262' title='bbox 3360 1925 3471 1979; x_wconf 92' lang='lat' dir='ltr'><strong>quo</strong></span> <span class='ocrx_word' id='word_1_263' title='bbox 3503 1909 3668 1976; x_wconf 66' lang='lat' dir='ltr'><strong>Virg.</strong></span> <span class='ocrx_word' id='word_1_264' title='bbox 3718 1920 3793 1957; x_wconf 72' lang='lat' dir='ltr'><strong>Vl</strong></span> 
     </span>
    </p>
   </div>
   <div class='ocr_carea' id='block_1_21' title="bbox 537 1991 3790 2066">
    <p class='ocr_par' dir='ltr' id='par_1_21' title="bbox 537 1991 3790 2066">
     <span class='ocr_line' id='line_1_21' title="bbox 537 1991 3790 2066; baseline -0.001 -20"><span class='ocrx_word' id='word_1_265' title='bbox 537 1991 749 2062; x_wconf 68' lang='grc' dir='ltr'><strong>δεον-9.,</strong></span> <span class='ocrx_word' id='word_1_266' title='bbox 809 1992 1028 2056; x_wconf 89' lang='lat' dir='ltr'><strong>Strabo,</strong></span> <span class='ocrx_word' id='word_1_267' title='bbox 1088 1993 1252 2058; x_wconf 89' lang='lat' dir='ltr'><strong>Plin.,</strong></span> <span class='ocrx_word' id='word_1_268' title='bbox 1309 1994 1542 2056; x_wconf 68' lang='lat' dir='ltr'><strong>Quintus</strong></span> <span class='ocrx_word' id='word_1_269' title='bbox 1589 1992 1740 2046; x_wconf 91' lang='lat' dir='ltr'><strong>Curt.</strong></span> <span class='ocrx_word' id='word_1_270' title='bbox 1785 1993 2002 2063; x_wconf 86' lang='lat' dir='ltr'><strong>aliique.</strong></span> <span class='ocrx_word' id='word_1_271' title='bbox 2045 1993 2197 2059; x_wconf 82' lang='lat' dir='ltr'><strong>Quod</strong></span> <span class='ocrx_word' id='word_1_272' title='bbox 2237 1997 2354 2065; x_wconf 87' lang='lat' dir='ltr'><strong>ejus</strong></span> <span class='ocrx_word' id='word_1_273' title='bbox 2386 2012 2736 2066; x_wconf 81' lang='lat' dir='ltr'><strong>suppressum</strong></span> <span class='ocrx_word' id='word_1_274' title='bbox 2768 2013 2964 2052; x_wconf 89' lang='lat' dir='ltr'><strong>nomen</strong></span> <span class='ocrx_word' id='word_1_275' title='bbox 3011 1999 3323 2066; x_wconf 81' lang='lat' dir='ltr'><strong>gentilibus,</strong></span> <span class='ocrx_word' id='word_1_276' title='bbox 3357 2010 3514 2050; x_wconf 85' lang='lat' dir='ltr'><strong>nemo</strong></span> <span class='ocrx_word' id='word_1_277' title='bbox 3546 1997 3790 2047; x_wconf 89' lang='lat' dir='ltr'><strong>mirum</strong></span> 
     </span>
    </p>
   </div>
   <div class='ocr_carea' id='block_1_22' title="bbox 537 2080 3793 2152">
    <p class='ocr_par' dir='ltr' id='par_1_22' title="bbox 537 2080 3793 2152">
     <span class='ocr_line' id='line_1_22' title="bbox 537 2080 3793 2152; baseline -0 -20"><span class='ocrx_word' id='word_1_278' title='bbox 537 2080 758 2144; x_wconf 88' lang='lat' dir='ltr'><strong>haheat,</strong></span> <span class='ocrx_word' id='word_1_279' title='bbox 797 2082 889 2148; x_wconf 92' lang='lat' dir='ltr'><strong>qui</strong></span> <span class='ocrx_word' id='word_1_280' title='bbox 922 2096 1030 2134; x_wconf 90' lang='lat' dir='ltr'><strong>non</strong></span> <span class='ocrx_word' id='word_1_281' title='bbox 1060 2081 1284 2135; x_wconf 89' lang='lat' dir='ltr'><strong>omnino</strong></span> <span class='ocrx_word' id='word_1_282' title='bbox 1308 2081 1379 2134; x_wconf 92' lang='lat' dir='ltr'><strong>sit</strong></span> <span class='ocrx_word' id='word_1_283' title='bbox 1409 2080 1596 2135; x_wconf 72' lang='lat' dir='ltr'><strong>Romze</strong></span> <span class='ocrx_word' id='word_1_284' title='bbox 1615 2081 1978 2150; x_wconf 81' lang='lat' dir='ltr'><strong>Romanisque</strong></span> <span class='ocrx_word' id='word_1_285' title='bbox 1997 2082 2049 2134; x_wconf 91' lang='lat' dir='ltr'><strong>in</strong></span> <span class='ocrx_word' id='word_1_286' title='bbox 2077 2082 2236 2137; x_wconf 89' lang='lat' dir='ltr'><strong>rebus</strong></span> <span class='ocrx_word' id='word_1_287' title='bbox 2255 2085 2588 2152; x_wconf 86' lang='lat' dir='ltr'><strong>peregrinus.</strong></span> <span class='ocrx_word' id='word_1_288' title='bbox 2616 2084 2839 2138; x_wconf 79' lang='lat' dir='ltr'><strong>Abunde</strong></span> <span class='ocrx_word' id='word_1_289' title='bbox 2867 2083 2969 2138; x_wconf 87' lang='lat' dir='ltr'><strong>fuit</strong></span> <span class='ocrx_word' id='word_1_290' title='bbox 2991 2084 3307 2138; x_wconf 71' lang='lat' dir='ltr'><strong>Christiana!</strong></span> <span class='ocrx_word' id='word_1_291' title='bbox 3338 2080 3793 2151; x_wconf 81' lang='lat' dir='ltr'><strong>superstitionis</strong></span> 
     </span>
    </p>
   </div>
   <div class='ocr_carea' id='block_1_23' title="bbox 537 2165 3788 2240">
    <p class='ocr_par' dir='ltr' id='par_1_23' title="bbox 537 2165 3788 2240">
     <span class='ocr_line' id='line_1_23' title="bbox 537 2165 3788 2240; baseline 0.001 -22"><span class='ocrx_word' id='word_1_292' title='bbox 537 2180 694 2220; x_wconf 87' lang='lat' dir='ltr'><strong>reum</strong></span> <span class='ocrx_word' id='word_1_293' title='bbox 734 2166 935 2221; x_wconf 88' lang='lat' dir='ltr'><strong>obiisse</strong></span> <span class='ocrx_word' id='word_1_294' title='bbox 967 2165 1336 2240; x_wconf 83' lang='lat' dir='ltr'><strong>Eustathium,</strong></span> <span class='ocrx_word' id='word_1_295' title='bbox 1380 2178 1438 2221; x_wconf 91' lang='lat' dir='ltr'><strong>ut</strong></span> <span class='ocrx_word' id='word_1_296' title='bbox 1475 2167 1592 2236; x_wconf 90' lang='lat' dir='ltr'><strong>ejus</strong></span> <span class='ocrx_word' id='word_1_297' title='bbox 1631 2167 1888 2222; x_wconf 88' lang='lat' dir='ltr'><strong>memoria</strong></span> <span class='ocrx_word' id='word_1_298' title='bbox 1921 2168 2028 2222; x_wconf 90' lang='lat' dir='ltr'><strong>illis</strong></span> <span class='ocrx_word' id='word_1_299' title='bbox 2055 2169 2268 2236; x_wconf 90' lang='lat' dir='ltr'><strong>penitus</strong></span> <span class='ocrx_word' id='word_1_300' title='bbox 2302 2170 2645 2235; x_wconf 89' lang='lat' dir='ltr'><strong>aboleretur;</strong></span> <span class='ocrx_word' id='word_1_301' title='bbox 2680 2172 2896 2238; x_wconf 87' lang='lat' dir='ltr'><strong>quando</strong></span> <span class='ocrx_word' id='word_1_302' title='bbox 2921 2186 3018 2225; x_wconf 90' lang='lat' dir='ltr'><strong>nec</strong></span> <span class='ocrx_word' id='word_1_303' title='bbox 3050 2170 3295 2240; x_wconf 90' lang='lat' dir='ltr'><strong>tyrannis</strong></span> <span class='ocrx_word' id='word_1_304' title='bbox 3324 2167 3788 2236; x_wconf 86' lang='lat' dir='ltr'><strong>imperatoribus</strong></span> 
     </span>
    </p>
   </div>
   <div class='ocr_carea' id='block_1_24' title="bbox 537 2237 3789 2326">
    <p class='ocr_par' dir='ltr' id='par_1_24' title="bbox 537 2237 3789 2326">
     <span class='ocr_line' id='line_1_24' title="bbox 537 2237 3789 2326; baseline -0.001 -20"><span class='ocrx_word' id='word_1_305' title='bbox 537 2263 874 2324; x_wconf 88' lang='lat' dir='ltr'><strong>parceretur,</strong></span> <span class='ocrx_word' id='word_1_306' title='bbox 906 2254 1036 2323; x_wconf 88' lang='lat' dir='ltr'><strong>quin</strong></span> <span class='ocrx_word' id='word_1_307' title='bbox 1066 2254 1187 2310; x_wconf 85' lang='lat' dir='ltr'><strong>latae</strong></span> <span class='ocrx_word' id='word_1_308' title='bbox 1214 2237 1320 2310; x_wconf 78' lang='lat' dir='ltr'><strong>iIlis</strong></span> <span class='ocrx_word' id='word_1_309' title='bbox 1348 2244 1492 2321; x_wconf 79' lang='lat' dir='ltr'><strong>leges</strong></span> <span class='ocrx_word' id='word_1_310' title='bbox 1527 2257 1606 2309; x_wconf 90' lang='lat' dir='ltr'><strong>vel</strong></span> <span class='ocrx_word' id='word_1_311' title='bbox 1631 2264 2086 2324; x_wconf 85' lang='lat' dir='ltr'><strong>expungerentur,</strong></span> <span class='ocrx_word' id='word_1_312' title='bbox 2127 2254 2206 2307; x_wconf 87' lang='lat' dir='ltr'><strong>vel</strong></span> <span class='ocrx_word' id='word_1_313' title='bbox 2235 2256 2571 2323; x_wconf 88' lang='lat' dir='ltr'><strong>sequentium</strong></span> <span class='ocrx_word' id='word_1_314' title='bbox 2601 2237 2985 2326; x_wconf 84' lang='lat' dir='ltr'><strong>imperatorum</strong></span> <span class='ocrx_word' id='word_1_315' title='bbox 3015 2237 3328 2309; x_wconf 83' lang='lat' dir='ltr'><strong>nominibus</strong></span> <span class='ocrx_word' id='word_1_316' title='bbox 3343 2262 3720 2310; x_wconf 86' lang='lat' dir='ltr'><strong>censerentur</strong></span> <span class='ocrx_word' id='word_1_317' title='bbox 3766 2269 3789 2316; x_wconf 91' lang='lat'><strong>;</strong></span> 
     </span>
    </p>
   </div>
   <div class='ocr_carea' id='block_1_25' title="bbox 541 2341 3794 2411">
    <p class='ocr_par' dir='ltr' id='par_1_25' title="bbox 541 2341 3794 2411">
     <span class='ocr_line' id='line_1_25' title="bbox 541 2341 3794 2411; baseline -0.001 -19"><span class='ocrx_word' id='word_1_318' title='bbox 541 2354 641 2394; x_wconf 83' lang='lat' dir='ltr'><strong>nec</strong></span> <span class='ocrx_word' id='word_1_319' title='bbox 677 2341 1018 2402; x_wconf 87' lang='lat' dir='ltr'><strong>consulibus.</strong></span> <span class='ocrx_word' id='word_1_320' title='bbox 1069 2342 1197 2408; x_wconf 76' lang='lat' dir='ltr'><strong>quin</strong></span> <span class='ocrx_word' id='word_1_321' title='bbox 1227 2357 1290 2396; x_wconf 86' lang='lat' dir='ltr'><strong>ex</strong></span> <span class='ocrx_word' id='word_1_322' title='bbox 1324 2341 1447 2395; x_wconf 90' lang='lat' dir='ltr'><strong>albo</strong></span> <span class='ocrx_word' id='word_1_323' title='bbox 1486 2343 1770 2397; x_wconf 92' lang='lat' dir='ltr'><strong>consulum</strong></span> <span class='ocrx_word' id='word_1_324' title='bbox 1807 2343 2043 2409; x_wconf 87' lang='lat' dir='ltr'><strong>ipsorum</strong></span> <span class='ocrx_word' id='word_1_325' title='bbox 2083 2343 2322 2404; x_wconf 86' lang='lat' dir='ltr'><strong>nomina,</strong></span> <span class='ocrx_word' id='word_1_326' title='bbox 2357 2357 2462 2396; x_wconf 91' lang='lat' dir='ltr'><strong>non</strong></span> <span class='ocrx_word' id='word_1_327' title='bbox 2491 2342 2594 2396; x_wconf 85' lang='lat' dir='ltr'><strong>levi</strong></span> <span class='ocrx_word' id='word_1_328' title='bbox 2630 2343 2854 2411; x_wconf 70' lang='lat' dir='ltr'><strong>publica:</strong></span> <span class='ocrx_word' id='word_1_329' title='bbox 2885 2344 2964 2396; x_wconf 88' lang='lat' dir='ltr'><strong>rei</strong></span> <span class='ocrx_word' id='word_1_330' title='bbox 2991 2343 3210 2404; x_wconf 87' lang='lat' dir='ltr'><strong>damno,</strong></span> <span class='ocrx_word' id='word_1_331' title='bbox 3239 2350 3671 2410; x_wconf 89' lang='lat' dir='ltr'><strong>temporumque</strong></span> <span class='ocrx_word' id='word_1_332' title='bbox 3706 2352 3794 2391; x_wconf 84' lang='lat' dir='ltr'><strong>ac</strong></span> 
     </span>
    </p>
   </div>
   <div class='ocr_carea' id='block_1_26' title="bbox 544 2419 3790 2498">
    <p class='ocr_par' dir='ltr' id='par_1_26' title="bbox 544 2419 3790 2498">
     <span class='ocr_line' id='line_1_26' title="bbox 544 2419 3790 2498; baseline -0.001 -17"><span class='ocrx_word' id='word_1_333' title='bbox 544 2419 926 2481; x_wconf 82' lang='lat' dir='ltr'><strong>contractuum</strong></span> <span class='ocrx_word' id='word_1_334' title='bbox 955 2429 1187 2482; x_wconf 88' lang='lat' dir='ltr'><strong>rationis</strong></span> <span class='ocrx_word' id='word_1_335' title='bbox 1220 2429 1582 2491; x_wconf 90' lang='lat' dir='ltr'><strong>incommodo,</strong></span> <span class='ocrx_word' id='word_1_336' title='bbox 1619 2429 1946 2482; x_wconf 88' lang='lat' dir='ltr'><strong>delerentur.</strong></span> <span class='ocrx_word' id='word_1_337' title='bbox 1967 2427 2022 2480; x_wconf 91' lang='lat' dir='ltr'><strong>Si</strong></span> <span class='ocrx_word' id='word_1_338' title='bbox 2047 2441 2150 2496; x_wconf 92' lang='lat' dir='ltr'><strong>qua</strong></span> <span class='ocrx_word' id='word_1_339' title='bbox 2179 2428 2339 2496; x_wconf 85' lang='lat' dir='ltr'><strong>igitur</strong></span> <span class='ocrx_word' id='word_1_340' title='bbox 2358 2429 2610 2496; x_wconf 82' lang='lat' dir='ltr'><strong>praeclare</strong></span> <span class='ocrx_word' id='word_1_341' title='bbox 2640 2430 2780 2484; x_wconf 89' lang='lat' dir='ltr'><strong>bello</strong></span> <span class='ocrx_word' id='word_1_342' title='bbox 2803 2437 2950 2498; x_wconf 86' lang='lat' dir='ltr'><strong>gesta</strong></span> <span class='ocrx_word' id='word_1_343' title='bbox 2979 2444 3076 2498; x_wconf 89' lang='lat' dir='ltr'><strong>per</strong></span> <span class='ocrx_word' id='word_1_344' title='bbox 3115 2429 3170 2482; x_wconf 85' lang='lat' dir='ltr'><strong>id</strong></span> <span class='ocrx_word' id='word_1_345' title='bbox 3197 2437 3407 2497; x_wconf 87' lang='lat' dir='ltr'><strong>tempus</strong></span> <span class='ocrx_word' id='word_1_346' title='bbox 3442 2425 3790 2484; x_wconf 82' lang='lat' dir='ltr'><strong>Eustathio.</strong></span> 
     </span>
    </p>
   </div>
   <div class='ocr_carea' id='block_1_27' title="bbox 543 2511 3783 2583">
    <p class='ocr_par' dir='ltr' id='par_1_27' title="bbox 543 2511 3783 2583">
     <span class='ocr_line' id='line_1_27' title="bbox 543 2511 3783 2583; baseline -0.001 -17"><span class='ocrx_word' id='word_1_347' title='bbox 543 2513 702 2581; x_wconf 83' lang='lat' dir='ltr'><strong>cujus</strong></span> <span class='ocrx_word' id='word_1_348' title='bbox 753 2513 1087 2581; x_wconf 88' lang='lat' dir='ltr'><strong>triumphum</strong></span> <span class='ocrx_word' id='word_1_349' title='bbox 1135 2515 1405 2582; x_wconf 84' lang='lat' dir='ltr'><strong>exceperit</strong></span> <span class='ocrx_word' id='word_1_350' title='bbox 1450 2513 1548 2566; x_wconf 89' lang='lat' dir='ltr'><strong>bos</strong></span> <span class='ocrx_word' id='word_1_351' title='bbox 1603 2512 1980 2575; x_wconf 80' lang='lat' dir='ltr'><strong>Phalariticus,</strong></span> <span class='ocrx_word' id='word_1_352' title='bbox 2009 2525 2262 2580; x_wconf 91' lang='lat' dir='ltr'><strong>morsque</strong></span> <span class='ocrx_word' id='word_1_353' title='bbox 2290 2516 2558 2568; x_wconf 86' lang='lat' dir='ltr'><strong>extraneis</strong></span> <span class='ocrx_word' id='word_1_354' title='bbox 2603 2513 2904 2575; x_wconf 82' lang='lat' dir='ltr'><strong>exsecrata,</strong></span> <span class='ocrx_word' id='word_1_355' title='bbox 2939 2516 3054 2569; x_wconf 67' lang='lat' dir='ltr'><strong>haac</strong></span> <span class='ocrx_word' id='word_1_356' title='bbox 3089 2516 3173 2568; x_wconf 87' lang='lat' dir='ltr'><strong>vel</strong></span> <span class='ocrx_word' id='word_1_357' title='bbox 3217 2515 3398 2583; x_wconf 81' lang='lat' dir='ltr'><strong>legati,</strong></span> <span class='ocrx_word' id='word_1_358' title='bbox 3429 2513 3510 2566; x_wconf 86' lang='lat' dir='ltr'><strong>vel</strong></span> <span class='ocrx_word' id='word_1_359' title='bbox 3543 2511 3783 2566; x_wconf 87' lang='lat' dir='ltr'><strong>summi</strong></span> 
     </span>
    </p>
   </div>
   <div class='ocr_carea' id='block_1_28' title="bbox 537 2597 3788 2671">
    <p class='ocr_par' dir='ltr' id='par_1_28' title="bbox 537 2597 3788 2671">
     <span class='ocr_line' id='line_1_28' title="bbox 537 2597 3788 2671; baseline -0.001 -20"><span class='ocrx_word' id='word_1_360' title='bbox 537 2599 802 2669; x_wconf 82' lang='lat' dir='ltr'><strong>principis</strong></span> <span class='ocrx_word' id='word_1_361' title='bbox 833 2600 1074 2665; x_wconf 89' lang='lat' dir='ltr'><strong>nomine,</strong></span> <span class='ocrx_word' id='word_1_362' title='bbox 1107 2601 1280 2668; x_wconf 85' lang='lat' dir='ltr'><strong>gentis</strong></span> <span class='ocrx_word' id='word_1_363' title='bbox 1309 2599 1414 2653; x_wconf 89' lang='lat' dir='ltr'><strong>ritu</strong></span> <span class='ocrx_word' id='word_1_364' title='bbox 1445 2598 1646 2653; x_wconf 91' lang='lat' dir='ltr'><strong>fuerint</strong></span> <span class='ocrx_word' id='word_1_365' title='bbox 1675 2601 2010 2668; x_wconf 86' lang='lat' dir='ltr'><strong>consignata.</strong></span> <span class='ocrx_word' id='word_1_366' title='bbox 2043 2597 2287 2653; x_wconf 90' lang='lat' dir='ltr'><strong>Secessio</strong></span> <span class='ocrx_word' id='word_1_367' title='bbox 2313 2601 2547 2669; x_wconf 90' lang='lat' dir='ltr'><strong>denique</strong></span> <span class='ocrx_word' id='word_1_368' title='bbox 2577 2600 2846 2656; x_wconf 86' lang='lat' dir='ltr'><strong>Eustathii</strong></span> <span class='ocrx_word' id='word_1_369' title='bbox 2876 2601 3158 2671; x_wconf 81' lang='lat' dir='ltr'><strong>proﬂigata</strong></span> <span class='ocrx_word' id='word_1_370' title='bbox 3185 2618 3241 2654; x_wconf 92' lang='lat' dir='ltr'><strong>re</strong></span> <span class='ocrx_word' id='word_1_371' title='bbox 3265 2599 3547 2661; x_wconf 90' lang='lat' dir='ltr'><strong>familiari,</strong></span> <span class='ocrx_word' id='word_1_372' title='bbox 3581 2597 3788 2651; x_wconf 86' lang='lat' dir='ltr'><strong>amis-</strong></span> 
     </span>
    </p>
   </div>
   <div class='ocr_carea' id='block_1_29' title="bbox 539 2685 3796 2755">
    <p class='ocr_par' dir='ltr' id='par_1_29' title="bbox 539 2685 3796 2755">
     <span class='ocr_line' id='line_1_29' title="bbox 539 2685 3796 2755; baseline -0.001 -15"><span class='ocrx_word' id='word_1_373' title='bbox 539 2685 724 2754; x_wconf 89' lang='lat' dir='ltr'><strong>sisque</strong></span> <span class='ocrx_word' id='word_1_374' title='bbox 759 2686 954 2755; x_wconf 89' lang='lat' dir='ltr'><strong>opibus</strong></span> <span class='ocrx_word' id='word_1_375' title='bbox 988 2686 1186 2755; x_wconf 85' lang='lat' dir='ltr'><strong>quibus</strong></span> <span class='ocrx_word' id='word_1_376' title='bbox 1216 2687 1514 2740; x_wconf 90' lang='lat' dir='ltr'><strong>consulatis</strong></span> <span class='ocrx_word' id='word_1_377' title='bbox 1541 2700 1606 2739; x_wconf 94' lang='lat' dir='ltr'><strong>ac</strong></span> <span class='ocrx_word' id='word_1_378' title='bbox 1635 2687 1849 2755; x_wconf 87' lang='lat' dir='ltr'><strong>patritia</strong></span> <span class='ocrx_word' id='word_1_379' title='bbox 1879 2685 2114 2752; x_wconf 82' lang='lat' dir='ltr'><strong>dignitas</strong></span> <span class='ocrx_word' id='word_1_380' title='bbox 2135 2689 2482 2740; x_wconf 74' lang='lat' dir='ltr'><strong>sustentanda</strong></span> <span class='ocrx_word' id='word_1_381' title='bbox 2508 2696 2670 2749; x_wconf 90' lang='lat' dir='ltr'><strong>esset,</strong></span> <span class='ocrx_word' id='word_1_382' title='bbox 2702 2686 2833 2740; x_wconf 90' lang='lat' dir='ltr'><strong>nihil</strong></span> <span class='ocrx_word' id='word_1_383' title='bbox 2863 2703 2891 2740; x_wconf 90' lang='lat' dir='ltr'><strong>a</strong></span> <span class='ocrx_word' id='word_1_384' title='bbox 2921 2687 3179 2741; x_wconf 82' lang='lat' dir='ltr'><strong>Romanis</strong></span> <span class='ocrx_word' id='word_1_385' title='bbox 3211 2688 3452 2740; x_wconf 84' lang='lat' dir='ltr'><strong>moribus</strong></span> <span class='ocrx_word' id='word_1_386' title='bbox 3497 2686 3796 2738; x_wconf 82' lang='lat' dir='ltr'><strong>abhorret</strong></span> 
     </span>
    </p>
   </div>
   <div class='ocr_carea' id='block_1_30' title="bbox 541 2770 3797 2842">
    <p class='ocr_par' dir='ltr' id='par_1_30' title="bbox 541 2770 3797 2842">
     <span class='ocr_line' id='line_1_30' title="bbox 541 2770 3797 2842; baseline -0.001 -15"><span class='ocrx_word' id='word_1_387' title='bbox 541 2788 664 2827; x_wconf 90' lang='lat' dir='ltr'><strong>cum</strong></span> <span class='ocrx_word' id='word_1_388' title='bbox 691 2773 798 2825; x_wconf 89' lang='lat' dir='ltr'><strong>lata</strong></span> <span class='ocrx_word' id='word_1_389' title='bbox 833 2773 960 2826; x_wconf 90' lang='lat' dir='ltr'><strong>olim</strong></span> <span class='ocrx_word' id='word_1_390' title='bbox 983 2773 1120 2842; x_wconf 87' lang='lat' dir='ltr'><strong>lege,</strong></span> <span class='ocrx_word' id='word_1_391' title='bbox 1155 2772 1246 2840; x_wconf 90' lang='lat' dir='ltr'><strong>qui</strong></span> <span class='ocrx_word' id='word_1_392' title='bbox 1294 2774 1408 2840; x_wconf 90' lang='lat' dir='ltr'><strong>pari</strong></span> <span class='ocrx_word' id='word_1_393' title='bbox 1472 2772 1552 2826; x_wconf 91' lang='lat' dir='ltr'><strong>usi</strong></span> <span class='ocrx_word' id='word_1_394' title='bbox 1581 2770 1795 2825; x_wconf 78' lang='lat' dir='ltr'><strong>fortuna</strong></span> <span class='ocrx_word' id='word_1_395' title='bbox 1849 2777 2052 2834; x_wconf 87' lang='lat' dir='ltr'><strong>essent,</strong></span> <span class='ocrx_word' id='word_1_396' title='bbox 2083 2785 2176 2825; x_wconf 87' lang='lat' dir='ltr'><strong>seu</strong></span> <span class='ocrx_word' id='word_1_397' title='bbox 2219 2772 2324 2824; x_wconf 90' lang='lat' dir='ltr'><strong>alia</strong></span> <span class='ocrx_word' id='word_1_398' title='bbox 2366 2773 2572 2827; x_wconf 89' lang='lat' dir='ltr'><strong>ratione</strong></span> <span class='ocrx_word' id='word_1_399' title='bbox 2612 2772 2893 2828; x_wconf 79' lang='lat' dir='ltr'><strong>facultates</strong></span> <span class='ocrx_word' id='word_1_400' title='bbox 2923 2774 3098 2828; x_wconf 90' lang='lat' dir='ltr'><strong>ordini</strong></span> <span class='ocrx_word' id='word_1_401' title='bbox 3133 2788 3399 2842; x_wconf 88' lang='lat' dir='ltr'><strong>congruas</strong></span> <span class='ocrx_word' id='word_1_402' title='bbox 3443 2771 3797 2826; x_wconf 82' lang='lat' dir='ltr'><strong>amisissent</strong></span> 
     </span>
    </p>
   </div>
   <div class='ocr_carea' id='block_1_31' title="bbox 554 2856 3232 2925">
    <p class='ocr_par' dir='ltr' id='par_1_31' title="bbox 554 2856 3232 2925">
     <span class='ocr_line' id='line_1_31' title="bbox 554 2856 3232 2925; baseline 0.001 -13"><span class='ocrx_word' id='word_1_403' title='bbox 554 2867 747 2913; x_wconf 86' lang='lat' dir='ltr'><strong>senatu</strong></span> <span class='ocrx_word' id='word_1_404' title='bbox 775 2860 1023 2914; x_wconf 86' lang='lat' dir='ltr'><strong>movendi</strong></span> <span class='ocrx_word' id='word_1_405' title='bbox 1054 2869 1256 2914; x_wconf 90' lang='lat' dir='ltr'><strong>essent.</strong></span> <span class='ocrx_word' id='word_1_406' title='bbox 1290 2859 1412 2913; x_wconf 62' lang='lat' dir='ltr'><strong>Haec</strong></span> <span class='ocrx_word' id='word_1_407' title='bbox 1442 2859 1574 2912; x_wconf 91' lang='lat' dir='ltr'><strong>mihi</strong></span> <span class='ocrx_word' id='word_1_408' title='bbox 1597 2859 1824 2913; x_wconf 89' lang='lat' dir='ltr'><strong>strictim</strong></span> <span class='ocrx_word' id='word_1_409' title='bbox 1852 2874 1864 2921; x_wconf 93' lang='lat'>;</span> <span class='ocrx_word' id='word_1_410' title='bbox 1905 2865 1982 2919; x_wconf 91' lang='lat' dir='ltr'><strong>tu,</strong></span> <span class='ocrx_word' id='word_1_411' title='bbox 2009 2856 2222 2922; x_wconf 87' lang='lat' dir='ltr'><strong>Lector,</strong></span> <span class='ocrx_word' id='word_1_412' title='bbox 2255 2857 2478 2925; x_wconf 89' lang='lat' dir='ltr'><strong>antiquo</strong></span> <span class='ocrx_word' id='word_1_413' title='bbox 2514 2859 2615 2912; x_wconf 90' lang='lat' dir='ltr'><strong>hoc</strong></span> <span class='ocrx_word' id='word_1_414' title='bbox 2649 2870 3002 2913; x_wconf 92' lang='lat' dir='ltr'><strong>monumento</strong></span> <span class='ocrx_word' id='word_1_415' title='bbox 3033 2859 3232 2914; x_wconf 90' lang='lat' dir='ltr'><strong>fruere.</strong></span> 
     </span>
    </p>
   </div>
   <div class='ocr_carea' id='block_1_32' title="bbox 1070 3031 2110 3093">
    <p class='ocr_par' dir='ltr' id='par_1_32' title="bbox 1070 3031 1554 3087">
     <span class='ocr_line' id='line_1_32' title="bbox 1070 3031 1554 3087; baseline -0.002 0"><span class='ocrx_word' id='word_1_416' title='bbox 1070 3031 1328 3087; x_wconf 73' lang='lat' dir='ltr'><strong>ORATIO</strong></span> <span class='ocrx_word' id='word_1_417' title='bbox 1371 3033 1554 3086; x_wconf 74' lang='lat' dir='ltr'>XVIII.</span> 
     </span>
    </p>
   </div>
   <div class='ocr_carea' id='block_1_33' title="bbox 2222 3031 3754 3093">
    <p class='ocr_par' dir='ltr' id='par_1_33' title="bbox 2627 3033 3754 3088">
     <span class='ocr_line' id='line_1_33' title="bbox 2627 3033 3754 3088; baseline -0.003 1"><span class='ocrx_word' id='word_1_418' title='bbox 2627 3050 2638 3060; x_wconf 88' lang='lat'><strong>&#39;</strong></span> <span class='ocrx_word' id='word_1_419' title='bbox 2786 3036 3001 3088; x_wconf 88' lang='grc' dir='ltr'><strong>ΛΟΓΟΣ</strong></span> <span class='ocrx_word' id='word_1_420' title='bbox 3053 3033 3162 3088; x_wconf 73' lang='lat'>111&#39;.</span> <span class='ocrx_word' id='word_1_421' title='bbox 3747 3068 3754 3075; x_wconf 91' lang='lat'><strong>-</strong></span> 
     </span>
    </p>
   </div>
   <div class='ocr_carea' id='block_1_34' title="bbox 542 3120 2110 3196">
    <p class='ocr_par' dir='ltr' id='par_1_34' title="bbox 542 3125 2096 3196">
     <span class='ocr_line' id='line_1_34' title="bbox 542 3125 2096 3196; baseline -0.001 -16"><span class='ocrx_word' id='word_1_422' title='bbox 542 3126 806 3180; x_wconf 76' lang='lat' dir='ltr'><strong>Laudalio</strong></span> <span class='ocrx_word' id='word_1_423' title='bbox 838 3127 1016 3195; x_wconf 78' lang='lat' dir='ltr'><strong>inclyti</strong></span> <span class='ocrx_word' id='word_1_424' title='bbox 1050 3130 1312 3196; x_wconf 64' lang='lat' dir='ltr'><strong>martyris</strong></span> <span class='ocrx_word' id='word_1_425' title='bbox 1347 3126 1635 3196; x_wconf 74' lang='lat' dir='ltr'><strong>Eustathii,</strong></span> <span class='ocrx_word' id='word_1_426' title='bbox 1675 3125 1884 3194; x_wconf 80' lang='lat' dir='ltr'><strong>Agapii,</strong></span> <span class='ocrx_word' id='word_1_427' title='bbox 1928 3125 2096 3178; x_wconf 78' lang='lat' dir='ltr'><strong>Theo-</strong></span> 
     </span>
    </p>
   </div>
   <div class='ocr_carea' id='block_1_35' title="bbox 2222 3120 3796 3196">
    <p class='ocr_par' dir='ltr' id='par_1_35' title="bbox 2222 3120 3796 3196">
     <span class='ocr_line' id='line_1_35' title="bbox 2222 3120 3796 3196; baseline -0.004 -15"><span class='ocrx_word' id='word_1_428' title='bbox 2222 3127 2535 3196; x_wconf 71' lang='grc' dir='ltr'>Ἐγκώμιον</span> <span class='ocrx_word' id='word_1_429' title='bbox 2563 3128 2645 3192; x_wconf 80' lang='grc' dir='ltr'><strong>εὶς</strong></span> <span class='ocrx_word' id='word_1_430' title='bbox 2685 3126 2792 3179; x_wconf 76' lang='grc' dir='ltr'><strong>τὸν</strong></span> <span class='ocrx_word' id='word_1_431' title='bbox 2827 3126 2995 3193; x_wconf 76' lang='grc' dir='ltr'>ἅγιον</span> <span class='ocrx_word' id='word_1_432' title='bbox 3028 3125 3512 3196; x_wconf 69' lang='grc' dir='ltr'>μεγαλομὰρτυρᾳ</span> <span class='ocrx_word' id='word_1_433' title='bbox 3533 3120 3796 3175; x_wconf 79' lang='grc' dir='ltr'>Εὐστὰ-</span> 
     </span>
    </p>
   </div>
   <div class='ocr_carea' id='block_1_36' title="bbox 1039 3193 1597 3265">
    <p class='ocr_par' dir='ltr' id='par_1_36' title="bbox 1039 3193 1597 3265">
     <span class='ocr_line' id='line_1_36' title="bbox 1039 3193 1597 3265; baseline -0.005 -16"><span class='ocrx_word' id='word_1_434' title='bbox 1039 3197 1165 3265; x_wconf 77' lang='lat' dir='ltr'><strong>pistt&#39;</strong></span> <span class='ocrx_word' id='word_1_435' title='bbox 1197 3193 1244 3248; x_wconf 81' lang='lat' dir='ltr'><strong>et</strong></span> <span class='ocrx_word' id='word_1_436' title='bbox 1276 3193 1597 3263; x_wconf 74' lang='lat' dir='ltr'><strong>Tlieopistes.</strong></span> 
     </span>
    </p>
   </div>
   <div class='ocr_carea' id='block_1_37' title="bbox 609 3277 2099 3343">
    <p class='ocr_par' dir='ltr' id='par_1_37' title="bbox 609 3277 2099 3343">
     <span class='ocr_line' id='line_1_37' title="bbox 609 3277 2099 3343; baseline -0.005 0"><span class='ocrx_word' id='word_1_437' title='bbox 609 3288 942 3343; x_wconf 72' lang='lat' dir='ltr'><strong>Prazclarum</strong></span> <span class='ocrx_word' id='word_1_438' title='bbox 975 3277 1031 3342; x_wconf 88' lang='lat' dir='ltr'><strong>in</strong></span> <span class='ocrx_word' id='word_1_439' title='bbox 1077 3287 1344 3341; x_wconf 86' lang='lat' dir='ltr'><strong>victorum</strong></span> <span class='ocrx_word' id='word_1_440' title='bbox 1387 3285 1557 3340; x_wconf 88' lang='lat' dir='ltr'><strong>choro</strong></span> <span class='ocrx_word' id='word_1_441' title='bbox 1600 3283 1943 3338; x_wconf 84' lang='lat' dir='ltr'><strong>Eustathium</strong></span> <span class='ocrx_word' id='word_1_442' title='bbox 1984 3284 2099 3336; x_wconf 90' lang='lat' dir='ltr'><strong>lau-</strong></span> 
     </span>
    </p>
   </div>
   <div class='ocr_carea' id='block_1_38' title="bbox 539 3373 2095 3441">
    <p class='ocr_par' dir='ltr' id='par_1_38' title="bbox 539 3373 2095 3441">
     <span class='ocr_line' id='line_1_38' title="bbox 539 3373 2095 3441; baseline -0.003 -10"><span class='ocrx_word' id='word_1_443' title='bbox 539 3376 701 3441; x_wconf 89' lang='lat' dir='ltr'><strong>dabo,</strong></span> <span class='ocrx_word' id='word_1_444' title='bbox 747 3375 959 3430; x_wconf 85' lang='lat' dir='ltr'><strong>tametsi</strong></span> <span class='ocrx_word' id='word_1_445' title='bbox 1003 3374 1260 3430; x_wconf 77' lang='lat' dir='ltr'><strong>acrumnis</strong></span> <span class='ocrx_word' id='word_1_446' title='bbox 1307 3373 1538 3428; x_wconf 89' lang='lat' dir='ltr'><strong>flectitur</strong></span> <span class='ocrx_word' id='word_1_447' title='bbox 1573 3374 1787 3427; x_wconf 91' lang='lat' dir='ltr'><strong>animus</strong></span> <span class='ocrx_word' id='word_1_448' title='bbox 1836 3388 2095 3441; x_wconf 75' lang='lat' dir='ltr'><strong>:aequum</strong></span> 
     </span>
    </p>
   </div>
   <div class='ocr_carea' id='block_1_39' title="bbox 539 3463 2099 3533">
    <p class='ocr_par' dir='ltr' id='par_1_39' title="bbox 539 3463 2099 3533">
     <span class='ocr_line' id='line_1_39' title="bbox 539 3463 2099 3533; baseline -0.003 -11"><span class='ocrx_word' id='word_1_449' title='bbox 539 3467 686 3522; x_wconf 86' lang='lat' dir='ltr'><strong>enim</strong></span> <span class='ocrx_word' id='word_1_450' title='bbox 733 3481 796 3520; x_wconf 89' lang='lat' dir='ltr'><strong>ac</strong></span> <span class='ocrx_word' id='word_1_451' title='bbox 845 3475 1115 3531; x_wconf 86' lang='lat' dir='ltr'><strong>sanctum,</strong></span> <span class='ocrx_word' id='word_1_452' title='bbox 1149 3479 1323 3533; x_wconf 84' lang='lat' dir='ltr'><strong>neque</strong></span> <span class='ocrx_word' id='word_1_453' title='bbox 1372 3463 1426 3517; x_wconf 92' lang='lat' dir='ltr'><strong>id</strong></span> <span class='ocrx_word' id='word_1_454' title='bbox 1473 3464 1659 3528; x_wconf 86' lang='lat' dir='ltr'><strong>modo,</strong></span> <span class='ocrx_word' id='word_1_455' title='bbox 1689 3463 1783 3518; x_wconf 87' lang='lat' dir='ltr'><strong>sed</strong></span> <span class='ocrx_word' id='word_1_456' title='bbox 1812 3473 1866 3518; x_wconf 91' lang='lat' dir='ltr'><strong>et</strong></span> <span class='ocrx_word' id='word_1_457' title='bbox 1902 3463 2099 3533; x_wconf 91' lang='lat' dir='ltr'><strong>oppido</strong></span> 
     </span>
    </p>
   </div>
   <div class='ocr_carea' id='block_1_40' title="bbox 542 3554 2098 3626">
    <p class='ocr_par' dir='ltr' id='par_1_40' title="bbox 542 3554 2098 3626">
     <span class='ocr_line' id='line_1_40' title="bbox 542 3554 2098 3626; baseline -0.003 -14"><span class='ocrx_word' id='word_1_458' title='bbox 542 3559 674 3613; x_wconf 89' lang='lat' dir='ltr'><strong>utile</strong></span> <span class='ocrx_word' id='word_1_459' title='bbox 713 3566 876 3626; x_wconf 87' lang='lat' dir='ltr'><strong>atque</strong></span> <span class='ocrx_word' id='word_1_460' title='bbox 923 3557 1291 3612; x_wconf 88' lang='lat' dir='ltr'><strong>commodum.</strong></span> <span class='ocrx_word' id='word_1_461' title='bbox 1329 3554 1514 3624; x_wconf 84' lang='lat' dir='ltr'><strong>Neque</strong></span> <span class='ocrx_word' id='word_1_462' title='bbox 1557 3555 1700 3609; x_wconf 91' lang='lat' dir='ltr'><strong>enim</strong></span> <span class='ocrx_word' id='word_1_463' title='bbox 1743 3554 1868 3623; x_wconf 86' lang='lat' dir='ltr'><strong>quia</strong></span> <span class='ocrx_word' id='word_1_464' title='bbox 1917 3554 2098 3609; x_wconf 78' lang='lat' dir='ltr'><strong>szeculi</strong></span> 
     </span>
    </p>
   </div>
   <div class='ocr_carea' id='block_1_41' title="bbox 543 3643 2099 3716">
    <p class='ocr_par' dir='ltr' id='par_1_41' title="bbox 543 3643 2099 3716">
     <span class='ocr_line' id='line_1_41' title="bbox 543 3643 2099 3716; baseline -0.001 -16"><span class='ocrx_word' id='word_1_465' title='bbox 543 3646 700 3702; x_wconf 91' lang='lat' dir='ltr'><strong>malis</strong></span> <span class='ocrx_word' id='word_1_466' title='bbox 737 3662 1048 3716; x_wconf 87' lang='lat' dir='ltr'><strong>gravamur,</strong></span> <span class='ocrx_word' id='word_1_467' title='bbox 1109 3646 1310 3700; x_wconf 90' lang='lat' dir='ltr'><strong>idcirco</strong></span> <span class='ocrx_word' id='word_1_468' title='bbox 1349 3645 1679 3709; x_wconf 86' lang='lat' dir='ltr'><strong>tacebimus;</strong></span> <span class='ocrx_word' id='word_1_469' title='bbox 1727 3644 1821 3699; x_wconf 91' lang='lat' dir='ltr'><strong>sed</strong></span> <span class='ocrx_word' id='word_1_470' title='bbox 1857 3645 1982 3714; x_wconf 89' lang='lat' dir='ltr'><strong>quia</strong></span> <span class='ocrx_word' id='word_1_471' title='bbox 2009 3643 2099 3712; x_wconf 85' lang='lat' dir='ltr'><strong>ju-</strong></span> 
     </span>
    </p>
   </div>
   <div class='ocr_carea' id='block_1_42' title="bbox 541 3735 2100 3806">
    <p class='ocr_par' dir='ltr' id='par_1_42' title="bbox 541 3735 2100 3806">
     <span class='ocr_line' id='line_1_42' title="bbox 541 3735 2100 3806; baseline 0.001 -16"><span class='ocrx_word' id='word_1_472' title='bbox 541 3747 688 3790; x_wconf 88' lang='lat' dir='ltr'><strong>stum</strong></span> <span class='ocrx_word' id='word_1_473' title='bbox 752 3736 845 3791; x_wconf 90' lang='lat' dir='ltr'><strong>Dei</strong></span> <span class='ocrx_word' id='word_1_474' title='bbox 900 3738 1108 3791; x_wconf 89' lang='lat' dir='ltr'><strong>amicos</strong></span> <span class='ocrx_word' id='word_1_475' title='bbox 1170 3735 1646 3806; x_wconf 67' lang='lat' dir='ltr'><strong>praedicationibus</strong></span> <span class='ocrx_word' id='word_1_476' title='bbox 1697 3737 1956 3804; x_wconf 87' lang='lat' dir='ltr'><strong>accipere,</strong></span> <span class='ocrx_word' id='word_1_477' title='bbox 2003 3752 2100 3805; x_wconf 92' lang='lat' dir='ltr'><strong>pro</strong></span> 
     </span>
    </p>
   </div>
   <div class='ocr_carea' id='block_1_43' title="bbox 541 3828 2103 3898">
    <p class='ocr_par' dir='ltr' id='par_1_43' title="bbox 541 3828 2103 3898">
     <span class='ocr_line' id='line_1_43' title="bbox 541 3828 2103 3898; baseline -0.001 -15"><span class='ocrx_word' id='word_1_478' title='bbox 541 3829 685 3883; x_wconf 83' lang='lat' dir='ltr'><strong>virili</strong></span> <span class='ocrx_word' id='word_1_479' title='bbox 713 3838 896 3883; x_wconf 91' lang='lat' dir='ltr'><strong>nostra</strong></span> <span class='ocrx_word' id='word_1_480' title='bbox 925 3830 1141 3884; x_wconf 89' lang='lat' dir='ltr'><strong>laudare</strong></span> <span class='ocrx_word' id='word_1_481' title='bbox 1169 3846 1272 3883; x_wconf 90' lang='lat' dir='ltr'><strong>non</strong></span> <span class='ocrx_word' id='word_1_482' title='bbox 1315 3830 1640 3885; x_wconf 89' lang='lat' dir='ltr'><strong>desistemus</strong></span> <span class='ocrx_word' id='word_1_483' title='bbox 1673 3845 1687 3882; x_wconf 90' lang='lat'>:</span> <span class='ocrx_word' id='word_1_484' title='bbox 1731 3845 1828 3883; x_wconf 90' lang='lat' dir='ltr'><strong>nec</strong></span> <span class='ocrx_word' id='word_1_485' title='bbox 1871 3828 2103 3898; x_wconf 90' lang='lat' dir='ltr'><strong>denique</strong></span> 
     </span>
    </p>
   </div>
   <div class='ocr_carea' id='block_1_44' title="bbox 543 3919 2101 3990">
    <p class='ocr_par' dir='ltr' id='par_1_44' title="bbox 543 3919 2101 3990">
     <span class='ocr_line' id='line_1_44' title="bbox 543 3919 2101 3990; baseline 0 -16"><span class='ocrx_word' id='word_1_486' title='bbox 543 3921 687 3989; x_wconf 90' lang='lat' dir='ltr'><strong>quod</strong></span> <span class='ocrx_word' id='word_1_487' title='bbox 711 3919 1071 3975; x_wconf 84' lang='lat' dir='ltr'><strong>Ecclesiarum</strong></span> <span class='ocrx_word' id='word_1_488' title='bbox 1103 3921 1197 3977; x_wconf 91' lang='lat' dir='ltr'><strong>Dei</strong></span> <span class='ocrx_word' id='word_1_489' title='bbox 1229 3922 1372 3977; x_wconf 89' lang='lat' dir='ltr'><strong>curis</strong></span> <span class='ocrx_word' id='word_1_490' title='bbox 1394 3936 1456 3976; x_wconf 92' lang='lat' dir='ltr'><strong>ac</strong></span> <span class='ocrx_word' id='word_1_491' title='bbox 1487 3920 1945 3977; x_wconf 89' lang='lat' dir='ltr'><strong>sollicitudinibus</strong></span> <span class='ocrx_word' id='word_1_492' title='bbox 1979 3935 2101 3990; x_wconf 85' lang='lat' dir='ltr'><strong>pre-</strong></span> 
     </span>
    </p>
   </div>
   <div class='ocr_carea' id='block_1_45' title="bbox 543 4010 2099 4080">
    <p class='ocr_par' dir='ltr' id='par_1_45' title="bbox 543 4010 2099 4080">
     <span class='ocr_line' id='line_1_45' title="bbox 543 4010 2099 4080; baseline 0.001 -18"><span class='ocrx_word' id='word_1_493' title='bbox 543 4024 776 4072; x_wconf 78' lang='lat' dir='ltr'><strong>maniur,</strong></span> <span class='ocrx_word' id='word_1_494' title='bbox 803 4011 1002 4080; x_wconf 81' lang='lat' dir='ltr'><strong>egregii</strong></span> <span class='ocrx_word' id='word_1_495' title='bbox 1037 4011 1292 4080; x_wconf 89' lang='lat' dir='ltr'><strong>martyris</strong></span> <span class='ocrx_word' id='word_1_496' title='bbox 1318 4012 1735 4066; x_wconf 90' lang='lat' dir='ltr'><strong>celebrationem</strong></span> <span class='ocrx_word' id='word_1_497' title='bbox 1766 4010 2099 4076; x_wconf 77' lang='lat' dir='ltr'><strong>differemus,</strong></span> 
     </span>
    </p>
   </div>
   <div class='ocr_carea' id='block_1_46' title="bbox 543 4099 2100 4171">
    <p class='ocr_par' dir='ltr' id='par_1_46' title="bbox 543 4099 2100 4171">
     <span class='ocr_line' id='line_1_46' title="bbox 543 4099 2100 4171; baseline -0.001 -15"><span class='ocrx_word' id='word_1_498' title='bbox 543 4099 637 4156; x_wconf 86' lang='lat' dir='ltr'><strong>sed</strong></span> <span class='ocrx_word' id='word_1_499' title='bbox 674 4100 798 4167; x_wconf 86' lang='lat' dir='ltr'><strong>quia</strong></span> <span class='ocrx_word' id='word_1_500' title='bbox 830 4101 1246 4168; x_wconf 89' lang='lat' dir='ltr'><strong>prohatlssimus</strong></span> <span class='ocrx_word' id='word_1_501' title='bbox 1289 4101 1379 4156; x_wconf 91' lang='lat' dir='ltr'><strong>ille</strong></span> <span class='ocrx_word' id='word_1_502' title='bbox 1417 4103 1474 4156; x_wconf 89' lang='lat' dir='ltr'><strong>in</strong></span> <span class='ocrx_word' id='word_1_503' title='bbox 1507 4102 1784 4167; x_wconf 54' lang='lat' dir='ltr'><strong>aerumnis,</strong></span> <span class='ocrx_word' id='word_1_504' title='bbox 1832 4101 2100 4171; x_wconf 87' lang='lat' dir='ltr'><strong>probatis-</strong></span> 
     </span>
    </p>
   </div>
   <div class='ocr_carea' id='block_1_47' title="bbox 545 4187 2104 4259">
    <p class='ocr_par' dir='ltr' id='par_1_47' title="bbox 545 4187 2104 4259">
     <span class='ocr_line' id='line_1_47' title="bbox 545 4187 2104 4259; baseline 0.002 -19"><span class='ocrx_word' id='word_1_505' title='bbox 545 4187 718 4240; x_wconf 87' lang='lat' dir='ltr'><strong>simus</strong></span> <span class='ocrx_word' id='word_1_506' title='bbox 757 4187 1111 4258; x_wconf 87' lang='lat' dir='ltr'><strong>defungendis</strong></span> <span class='ocrx_word' id='word_1_507' title='bbox 1140 4192 1357 4259; x_wconf 85' lang='lat' dir='ltr'><strong>pietatis</strong></span> <span class='ocrx_word' id='word_1_508' title='bbox 1404 4206 1567 4247; x_wconf 88' lang='lat' dir='ltr'><strong>causa</strong></span> <span class='ocrx_word' id='word_1_509' title='bbox 1612 4190 2001 4246; x_wconf 90' lang='lat' dir='ltr'><strong>certaminibus</strong></span> <span class='ocrx_word' id='word_1_510' title='bbox 2039 4205 2104 4243; x_wconf 90' lang='lat' dir='ltr'><strong>ac</strong></span> 
     </span>
    </p>
   </div>
   <div class='ocr_carea' id='block_1_48' title="bbox 547 4275 2102 4347">
    <p class='ocr_par' dir='ltr' id='par_1_48' title="bbox 547 4275 2102 4347">
     <span class='ocr_line' id='line_1_48' title="bbox 547 4275 2102 4347; baseline 0.003 -19"><span class='ocrx_word' id='word_1_511' title='bbox 547 4275 845 4343; x_wconf 89' lang='lat' dir='ltr'><strong>laboribus,</strong></span> <span class='ocrx_word' id='word_1_512' title='bbox 880 4294 1110 4347; x_wconf 91' lang='lat' dir='ltr'><strong>quorum</strong></span> <span class='ocrx_word' id='word_1_513' title='bbox 1136 4283 1299 4336; x_wconf 88' lang='lat' dir='ltr'><strong>etiam</strong></span> <span class='ocrx_word' id='word_1_514' title='bbox 1339 4283 1558 4338; x_wconf 91' lang='lat' dir='ltr'><strong>nomine</strong></span> <span class='ocrx_word' id='word_1_515' title='bbox 1591 4281 1800 4337; x_wconf 91' lang='lat' dir='ltr'><strong>cunctis</strong></span> <span class='ocrx_word' id='word_1_516' title='bbox 1834 4281 1944 4335; x_wconf 90' lang='lat' dir='ltr'><strong>fere</strong></span> <span class='ocrx_word' id='word_1_517' title='bbox 1990 4296 2102 4333; x_wconf 87' lang='lat' dir='ltr'><strong>ma-</strong></span> 
     </span>
    </p>
   </div>
   <div class='ocr_carea' id='block_1_49' title="bbox 544 4366 2098 4442">
    <p class='ocr_par' dir='ltr' id='par_1_49' title="bbox 544 4366 2098 4442">
     <span class='ocr_line' id='line_1_49' title="bbox 544 4366 2098 4442; baseline 0.005 -23"><span class='ocrx_word' id='word_1_518' title='bbox 544 4366 717 4434; x_wconf 80' lang='lat' dir='ltr'><strong>jorem</strong></span> <span class='ocrx_word' id='word_1_519' title='bbox 780 4371 1111 4442; x_wconf 87' lang='lat' dir='ltr'><strong>martyribus</strong></span> <span class='ocrx_word' id='word_1_520' title='bbox 1161 4375 1563 4429; x_wconf 88' lang='lat' dir='ltr'><strong>venerationem</strong></span> <span class='ocrx_word' id='word_1_521' title='bbox 1612 4374 1840 4436; x_wconf 90' lang='lat' dir='ltr'><strong>obtinet,</strong></span> <span class='ocrx_word' id='word_1_522' title='bbox 1898 4372 2098 4427; x_wconf 86' lang='lat' dir='ltr'><strong>idcirco</strong></span> 
     </span>
    </p>
   </div>
   <div class='ocr_carea' id='block_1_50' title="bbox 2275 3192 3695 3262">
    <p class='ocr_par' dir='ltr' id='par_1_50' title="bbox 2275 3192 3695 3262">
     <span class='ocr_line' id='line_1_50' title="bbox 2275 3192 3695 3262; baseline -0.004 -12"><span class='ocrx_word' id='word_1_523' title='bbox 2275 3192 2423 3261; x_wconf 60' lang='lat' dir='ltr'><strong>dior,</strong></span> <span class='ocrx_word' id='word_1_524' title='bbox 2469 3196 2766 3262; x_wconf 70' lang='lat' dir='ltr'><strong>’Ardmor,</strong></span> <span class='ocrx_word' id='word_1_525' title='bbox 2800 3192 3146 3256; x_wconf 72' lang='grc' dir='ltr'>Θεόπιστον,</span> <span class='ocrx_word' id='word_1_526' title='bbox 3189 3192 3286 3245; x_wconf 73' lang='grc' dir='ltr'>καὶ</span> <span class='ocrx_word' id='word_1_527' title='bbox 3331 3192 3695 3256; x_wconf 77' lang='grc' dir='ltr'>Θεοπίστην.</span> 
     </span>
    </p>
   </div>
   <div class='ocr_carea' id='block_1_51' title="bbox 2275 3279 3788 3351">
    <p class='ocr_par' dir='ltr' id='par_1_51' title="bbox 2275 3279 3788 3351">
     <span class='ocr_line' id='line_1_51' title="bbox 2275 3279 3788 3351; baseline -0.003 -16"><span class='ocrx_word' id='word_1_528' title='bbox 2275 3283 2378 3335; x_wconf 84' lang='grc' dir='ltr'>Τὸν</span> <span class='ocrx_word' id='word_1_529' title='bbox 2400 3282 2640 3351; x_wconf 84' lang='grc' dir='ltr'>ἀοίδιμον</span> <span class='ocrx_word' id='word_1_530' title='bbox 2681 3282 2740 3334; x_wconf 80' lang='grc' dir='ltr'>ὲν</span> <span class='ocrx_word' id='word_1_531' title='bbox 2770 3280 3083 3350; x_wconf 69' lang='grc' dir='ltr'>ἀθλοφόροις</span> <span class='ocrx_word' id='word_1_532' title='bbox 3124 3279 3414 3332; x_wconf 82' lang='grc' dir='ltr'>Εὐστάθιον</span> <span class='ocrx_word' id='word_1_533' title='bbox 3477 3279 3788 3332; x_wconf 76' lang='grc' dir='ltr'>ἐπαινέσο-</span> 
     </span>
    </p>
   </div>
   <div class='ocr_carea' id='block_1_52' title="bbox 2207 3369 3790 3452">
    <p class='ocr_par' dir='ltr' id='par_1_52' title="bbox 2207 3369 3790 3452">
     <span class='ocr_line' id='line_1_52' title="bbox 2207 3369 3790 3452; baseline -0.003 -28"><span class='ocrx_word' id='word_1_534' title='bbox 2207 3390 2325 3442; x_wconf 86' lang='grc' dir='ltr'><strong>μαι,</strong></span> <span class='ocrx_word' id='word_1_535' title='bbox 2358 3372 2456 3424; x_wconf 77' lang='grc' dir='ltr'>καὶ</span> <span class='ocrx_word' id='word_1_536' title='bbox 2477 3373 2524 3424; x_wconf 78' lang='lat' dir='ltr'><strong>et</strong></span> <span class='ocrx_word' id='word_1_537' title='bbox 2554 3372 2674 3434; x_wconf 83' lang='grc' dir='ltr'>ταῖς</span> <span class='ocrx_word' id='word_1_538' title='bbox 2701 3371 2910 3440; x_wconf 80' lang='grc' dir='ltr'>θλίψεσι</span> <span class='ocrx_word' id='word_1_539' title='bbox 2932 3372 3252 3440; x_wconf 80' lang='grc' dir='ltr'><strong>κάμπτομαι</strong></span> <span class='ocrx_word' id='word_1_540' title='bbox 3279 3386 3292 3402; x_wconf 89' lang='grc'><strong>·</strong></span> <span class='ocrx_word' id='word_1_541' title='bbox 3325 3370 3468 3422; x_wconf 84' lang='grc' dir='ltr'>ὅσιον</span> <span class='ocrx_word' id='word_1_542' title='bbox 3495 3369 3602 3438; x_wconf 82' lang='grc' dir='ltr'><strong>γάρ</strong></span> <span class='ocrx_word' id='word_1_543' title='bbox 3631 3385 3646 3400; x_wconf 77' lang='grc' dir='ltr'><strong>ο</strong></span> <span class='ocrx_word' id='word_1_544' title='bbox 3672 3371 3790 3452; x_wconf 67' lang='grc' dir='ltr'>καὶ</span> 
     </span>
    </p>
   </div>
   <div class='ocr_carea' id='block_1_53' title="bbox 2205 3451 3790 3533">
    <p class='ocr_par' dir='ltr' id='par_1_53' title="bbox 2205 3451 3790 3533">
     <span class='ocr_line' id='line_1_53' title="bbox 2205 3451 3790 3533; baseline -0.003 -18"><span class='ocrx_word' id='word_1_545' title='bbox 2205 3465 2301 3533; x_wconf 86' lang='grc' dir='ltr'><strong>οὐχ</strong></span> <span class='ocrx_word' id='word_1_546' title='bbox 2321 3464 2467 3515; x_wconf 86' lang='grc' dir='ltr'>ὅσιον</span> <span class='ocrx_word' id='word_1_547' title='bbox 2495 3463 2676 3531; x_wconf 85' lang='grc' dir='ltr'>μόνον,</span> <span class='ocrx_word' id='word_1_548' title='bbox 2711 3461 2845 3515; x_wconf 80' lang='grc' dir='ltr'><strong>ἀλλὰ</strong></span> <span class='ocrx_word' id='word_1_549' title='bbox 2867 3463 2963 3514; x_wconf 75' lang='grc' dir='ltr'><strong>καὶ</strong></span> <span class='ocrx_word' id='word_1_550' title='bbox 2990 3462 3285 3530; x_wconf 81' lang='grc' dir='ltr'>ὠφέλιμον.</span> <span class='ocrx_word' id='word_1_551' title='bbox 3314 3460 3388 3512; x_wconf 89' lang='grc' dir='ltr'>Οὐ</span> <span class='ocrx_word' id='word_1_552' title='bbox 3417 3460 3523 3528; x_wconf 81' lang='grc' dir='ltr'><strong>γὰρ</strong></span> <span class='ocrx_word' id='word_1_553' title='bbox 3549 3461 3632 3511; x_wconf 83' lang='grc' dir='ltr'><strong>ὅτι</strong></span> <span class='ocrx_word' id='word_1_554' title='bbox 3656 3451 3790 3520; x_wconf 78' lang='grc' dir='ltr'>τοῖς</span> 
     </span>
    </p>
   </div>
   <div class='ocr_carea' id='block_1_54' title="bbox 2205 3547 3782 3622">
    <p class='ocr_par' dir='ltr' id='par_1_54' title="bbox 2205 3547 3782 3622">
     <span class='ocr_line' id='line_1_54' title="bbox 2205 3547 3782 3622; baseline -0.006 -17"><span class='ocrx_word' id='word_1_555' title='bbox 2205 3552 2296 3605; x_wconf 81' lang='grc' dir='ltr'>τοῦ</span> <span class='ocrx_word' id='word_1_556' title='bbox 2317 3551 2430 3621; x_wconf 87' lang='grc' dir='ltr'>βίου</span> <span class='ocrx_word' id='word_1_557' title='bbox 2479 3554 2668 3613; x_wconf 78' lang='grc' dir='ltr'><strong>κακοῖς</strong></span> <span class='ocrx_word' id='word_1_558' title='bbox 2702 3548 3063 3622; x_wconf 78' lang='grc' dir='ltr'><strong>βαρυνόμεθα,</strong></span> <span class='ocrx_word' id='word_1_559' title='bbox 3110 3548 3197 3600; x_wconf 77' lang='grc' dir='ltr'><strong>διὰ</strong></span> <span class='ocrx_word' id='word_1_560' title='bbox 3234 3548 3391 3598; x_wconf 80' lang='grc' dir='ltr'>τοῦτο</span> <span class='ocrx_word' id='word_1_561' title='bbox 3425 3547 3728 3615; x_wconf 81' lang='grc' dir='ltr'>σιγήσομεν</span> <span class='ocrx_word' id='word_1_562' title='bbox 3761 3560 3782 3574; x_wconf 76' lang='grc' dir='ltr'><strong>ο</strong></span> 
     </span>
    </p>
   </div>
   <div class='ocr_carea' id='block_1_55' title="bbox 2198 3635 3787 3708">
    <p class='ocr_par' dir='ltr' id='par_1_55' title="bbox 2198 3635 3787 3708">
     <span class='ocr_line' id='line_1_55' title="bbox 2198 3635 3787 3708; baseline -0.008 -10"><span class='ocrx_word' id='word_1_563' title='bbox 2198 3642 2318 3705; x_wconf 71' lang='grc' dir='ltr'>ἀλλ’</span> <span class='ocrx_word' id='word_1_564' title='bbox 2341 3644 2422 3695; x_wconf 84' lang='grc' dir='ltr'>ὅτι</span> <span class='ocrx_word' id='word_1_565' title='bbox 2450 3641 2742 3708; x_wconf 52' lang='grc' dir='ltr'>ἄξιονμῐοὺς</span> <span class='ocrx_word' id='word_1_566' title='bbox 2763 3641 2856 3693; x_wconf 80' lang='grc' dir='ltr'>τοῦ</span> <span class='ocrx_word' id='word_1_567' title='bbox 2891 3639 3022 3692; x_wconf 79' lang='grc' dir='ltr'>Θεοῦ</span> <span class='ocrx_word' id='word_1_568' title='bbox 3058 3639 3238 3708; x_wconf 82' lang='grc' dir='ltr'>φίλους</span> <span class='ocrx_word' id='word_1_569' title='bbox 3295 3635 3594 3708; x_wconf 80' lang='grc' dir='ltr'>δεξιοῦσθαι</span> <span class='ocrx_word' id='word_1_570' title='bbox 3648 3637 3787 3697; x_wconf 84' lang='grc' dir='ltr'>ταῖς</span> 
     </span>
    </p>
   </div>
   <div class='ocr_carea' id='block_1_56' title="bbox 2206 3724 3783 3805">
    <p class='ocr_par' dir='ltr' id='par_1_56' title="bbox 2206 3724 3783 3805">
     <span class='ocr_line' id='line_1_56' title="bbox 2206 3724 3783 3805; baseline -0.007 -19"><span class='ocrx_word' id='word_1_571' title='bbox 2206 3733 2555 3805; x_wconf 75' lang='grc' dir='ltr'>ἀναῤῥήσεσι,</span> <span class='ocrx_word' id='word_1_572' title='bbox 2591 3731 2691 3800; x_wconf 83' lang='grc' dir='ltr'><strong>τῆς</strong></span> <span class='ocrx_word' id='word_1_573' title='bbox 2717 3730 2857 3784; x_wconf 82' lang='grc' dir='ltr'>κατὰ</span> <span class='ocrx_word' id='word_1_574' title='bbox 2882 3729 3108 3799; x_wconf 86' lang='grc' dir='ltr'>δύναμιν</span> <span class='ocrx_word' id='word_1_575' title='bbox 3148 3728 3420 3797; x_wconf 72' lang='grc' dir='ltr'><strong>εὐφημίας</strong></span> <span class='ocrx_word' id='word_1_576' title='bbox 3448 3727 3546 3778; x_wconf 83' lang='grc' dir='ltr'><strong>οὐκ</strong></span> <span class='ocrx_word' id='word_1_577' title='bbox 3566 3724 3783 3792; x_wconf 68' lang='grc' dir='ltr'><strong>ἀφεξὸ-</strong></span> 
     </span>
    </p>
   </div>
   <div class='ocr_carea' id='block_1_57' title="bbox 2209 3814 3781 3892">
    <p class='ocr_par' dir='ltr' id='par_1_57' title="bbox 2209 3814 3781 3892">
     <span class='ocr_line' id='line_1_57' title="bbox 2209 3814 3781 3892; baseline -0.006 -17"><span class='ocrx_word' id='word_1_578' title='bbox 2209 3829 2367 3892; x_wconf 74' lang='grc' dir='ltr'>μεθαο</span> <span class='ocrx_word' id='word_1_579' title='bbox 2386 3823 2493 3875; x_wconf 85' lang='grc' dir='ltr'>οὐδ’</span> <span class='ocrx_word' id='word_1_580' title='bbox 2519 3825 2600 3875; x_wconf 84' lang='grc' dir='ltr'>ὅτι</span> <span class='ocrx_word' id='word_1_581' title='bbox 2626 3821 2869 3891; x_wconf 82' lang='grc' dir='ltr'><strong>φροντίσι</strong></span> <span class='ocrx_word' id='word_1_582' title='bbox 2886 3821 2977 3874; x_wconf 76' lang='grc' dir='ltr'>καὶ</span> <span class='ocrx_word' id='word_1_583' title='bbox 3005 3821 3293 3890; x_wconf 75' lang='grc' dir='ltr'><strong>μερίμναις</strong></span> <span class='ocrx_word' id='word_1_584' title='bbox 3320 3815 3655 3885; x_wconf 82' lang='grc' dir='ltr'>Ἐκκλησιῶν</span> <span class='ocrx_word' id='word_1_585' title='bbox 3670 3814 3781 3866; x_wconf 81' lang='grc' dir='ltr'><strong>τοῦ</strong></span> 
     </span>
    </p>
   </div>
   <div class='ocr_carea' id='block_1_58' title="bbox 2206 3904 3783 3984">
    <p class='ocr_par' dir='ltr' id='par_1_58' title="bbox 2206 3904 3783 3984">
     <span class='ocr_line' id='line_1_58' title="bbox 2206 3904 3783 3984; baseline -0.01 -16"><span class='ocrx_word' id='word_1_586' title='bbox 2206 3915 2339 3969; x_wconf 83' lang='grc' dir='ltr'><strong>Θεοῦ</strong></span> <span class='ocrx_word' id='word_1_587' title='bbox 2394 3914 2727 3983; x_wconf 76' lang='grc' dir='ltr'>πιεζόμεθα,</span> <span class='ocrx_word' id='word_1_588' title='bbox 2772 3913 2868 3984; x_wconf 80' lang='grc' dir='ltr'>τὴν</span> <span class='ocrx_word' id='word_1_589' title='bbox 2918 3913 3008 3964; x_wconf 79' lang='grc' dir='ltr'>τοῦ</span> <span class='ocrx_word' id='word_1_590' title='bbox 3061 3909 3538 3979; x_wconf 82' lang='grc' dir='ltr'>μεγαλομάρτυρος</span> <span class='ocrx_word' id='word_1_591' title='bbox 3599 3904 3783 3975; x_wconf 78' lang='grc' dir='ltr'>ὕμνη-</span> 
     </span>
    </p>
   </div>
   <div class='ocr_carea' id='block_1_59' title="bbox 2210 3997 3778 4074">
    <p class='ocr_par' dir='ltr' id='par_1_59' title="bbox 2210 3997 3778 4074">
     <span class='ocr_line' id='line_1_59' title="bbox 2210 3997 3778 4074; baseline -0.008 -16"><span class='ocrx_word' id='word_1_592' title='bbox 2210 4024 2294 4058; x_wconf 84' lang='grc' dir='ltr'><strong>σιν</strong></span> <span class='ocrx_word' id='word_1_593' title='bbox 2346 4002 2766 4074; x_wconf 79' lang='grc' dir='ltr'>ὑπερθησόμεθα</span> <span class='ocrx_word' id='word_1_594' title='bbox 2801 4019 2815 4034; x_wconf 78' lang='grc' dir='ltr'><strong>ο</strong></span> <span class='ocrx_word' id='word_1_595' title='bbox 2868 4001 2980 4054; x_wconf 77' lang='grc' dir='ltr'><strong>ἀλλ’</strong></span> <span class='ocrx_word' id='word_1_596' title='bbox 3013 4001 3094 4054; x_wconf 83' lang='grc' dir='ltr'>ὅτι</span> <span class='ocrx_word' id='word_1_597' title='bbox 3133 3997 3496 4065; x_wconf 84' lang='grc' dir='ltr'>δοκιμώτατος</span> <span class='ocrx_word' id='word_1_598' title='bbox 3541 3997 3596 4048; x_wconf 84' lang='grc' dir='ltr'>ὲν</span> <span class='ocrx_word' id='word_1_599' title='bbox 3643 3997 3778 4058; x_wconf 79' lang='grc' dir='ltr'>ταῖς</span> 
     </span>
    </p>
   </div>
   <div class='ocr_carea' id='block_1_60' title="bbox 2209 4084 3780 4166">
    <p class='ocr_par' dir='ltr' id='par_1_60' title="bbox 2209 4084 3780 4166">
     <span class='ocr_line' id='line_1_60' title="bbox 2209 4084 3780 4166; baseline -0.009 -15"><span class='ocrx_word' id='word_1_600' title='bbox 2209 4097 2450 4166; x_wconf 73' lang='grc' dir='ltr'>θλίψεσιν</span> <span class='ocrx_word' id='word_1_601' title='bbox 2472 4098 2698 4157; x_wconf 76' lang='grc' dir='ltr'>ἐκεῖνος,</span> <span class='ocrx_word' id='word_1_602' title='bbox 2722 4092 3088 4162; x_wconf 82' lang='grc' dir='ltr'><strong>δοκιμώτατος</strong></span> <span class='ocrx_word' id='word_1_603' title='bbox 3105 4091 3160 4143; x_wconf 80' lang='grc' dir='ltr'>ὲν</span> <span class='ocrx_word' id='word_1_604' title='bbox 3179 4091 3287 4152; x_wconf 85' lang='grc' dir='ltr'>τοῖς</span> <span class='ocrx_word' id='word_1_605' title='bbox 3315 4087 3454 4157; x_wconf 84' lang='grc' dir='ltr'>ὑπὲρ</span> <span class='ocrx_word' id='word_1_606' title='bbox 3487 4084 3780 4148; x_wconf 77' lang='grc' dir='ltr'>εὐσεϐείας</span> 
     </span>
    </p>
   </div>
   <div class='ocr_carea' id='block_1_61' title="bbox 2209 4173 3778 4256">
    <p class='ocr_par' dir='ltr' id='par_1_61' title="bbox 2209 4173 3778 4256">
     <span class='ocr_line' id='line_1_61' title="bbox 2209 4173 3778 4256; baseline -0.011 -16"><span class='ocrx_word' id='word_1_607' title='bbox 2209 4187 2548 4256; x_wconf 84' lang='grc' dir='ltr'>ἀγωνίσμασι</span> <span class='ocrx_word' id='word_1_608' title='bbox 2576 4185 2669 4236; x_wconf 76' lang='grc' dir='ltr'>καὶ</span> <span class='ocrx_word' id='word_1_609' title='bbox 2691 4183 3017 4252; x_wconf 86' lang='grc' dir='ltr'>πονήμασιν,</span> <span class='ocrx_word' id='word_1_610' title='bbox 3045 4175 3125 4242; x_wconf 73' lang='grc' dir='ltr'><strong>οἷς</strong></span> <span class='ocrx_word' id='word_1_611' title='bbox 3160 4179 3253 4230; x_wconf 77' lang='grc' dir='ltr'><strong>καὶ</strong></span> <span class='ocrx_word' id='word_1_612' title='bbox 3301 4177 3517 4230; x_wconf 84' lang='grc' dir='ltr'>πάντων</span> <span class='ocrx_word' id='word_1_613' title='bbox 3560 4173 3778 4242; x_wconf 75' lang='grc' dir='ltr'>μαρτύ-</span> 
     </span>
    </p>
   </div>
   <div class='ocr_carea' id='block_1_62' title="bbox 2213 4260 3778 4348">
    <p class='ocr_par' dir='ltr' id='par_1_62' title="bbox 2213 4260 3778 4348">
     <span class='ocr_line' id='line_1_62' title="bbox 2213 4260 3778 4348; baseline -0.01 -18"><span class='ocrx_word' id='word_1_614' title='bbox 2213 4293 2317 4348; x_wconf 91' lang='grc' dir='ltr'>ρων</span> <span class='ocrx_word' id='word_1_615' title='bbox 2341 4274 2523 4346; x_wconf 82' lang='grc' dir='ltr'>σχεδὸν</span> <span class='ocrx_word' id='word_1_616' title='bbox 2543 4272 2982 4341; x_wconf 80' lang='grc' dir='ltr'>σεϐασμιώτατος</span> <span class='ocrx_word' id='word_1_617' title='bbox 3003 4267 3398 4326; x_wconf 82' lang='grc' dir='ltr'>ἀναδείκνυται,</span> <span class='ocrx_word' id='word_1_618' title='bbox 3457 4263 3543 4314; x_wconf 79' lang='grc' dir='ltr'>διὰ</span> <span class='ocrx_word' id='word_1_619' title='bbox 3590 4260 3778 4314; x_wconf 76' lang='grc' dir='ltr'>ταῦτα</span> 
     </span>
    </p>
   </div>
   <div class='ocr_carea' id='block_1_63' title="bbox 2208 4349 3777 4434">
    <p class='ocr_par' dir='ltr' id='par_1_63' title="bbox 2208 4349 3777 4434">
     <span class='ocr_line' id='line_1_63' title="bbox 2208 4349 3777 4434; baseline -0.013 -13"><span class='ocrx_word' id='word_1_620' title='bbox 2208 4368 2316 4422; x_wconf 86' lang='grc' dir='ltr'><strong>τῶν</strong></span> <span class='ocrx_word' id='word_1_621' title='bbox 2357 4364 2647 4434; x_wconf 71' lang='grc' dir='ltr'>ἐγκωμίων</span> <span class='ocrx_word' id='word_1_622' title='bbox 2676 4363 2766 4415; x_wconf 83' lang='grc' dir='ltr'><strong>τὸν</strong></span> <span class='ocrx_word' id='word_1_623' title='bbox 2796 4361 2985 4432; x_wconf 78' lang='grc' dir='ltr'>ἔρανον</span> <span class='ocrx_word' id='word_1_624' title='bbox 3040 4359 3115 4420; x_wconf 80' lang='grc' dir='ltr'><strong>ὡς</strong></span> <span class='ocrx_word' id='word_1_625' title='bbox 3147 4356 3366 4426; x_wconf 84' lang='grc' dir='ltr'>ὀφειλὴν</span> <span class='ocrx_word' id='word_1_626' title='bbox 3394 4349 3777 4423; x_wconf 72' lang='grc' dir='ltr'>καρποφοροῦ-</span> 
     </span>
    </p>
   </div>
   <div class='ocr_carea' id='block_1_64' title="bbox 1300 4460 2996 4534">
    <p class='ocr_par' dir='ltr' id='par_1_64' title="bbox 1300 4460 2996 4534">
     <span class='ocr_line' id='line_1_64' title="bbox 1300 4460 2996 4534; baseline -0.009 -1"><span class='ocrx_word' id='word_1_627' title='bbox 1300 4475 1361 4533; x_wconf 90' lang='lat' dir='ltr'><strong>S.</strong></span> <span class='ocrx_word' id='word_1_628' title='bbox 1401 4474 1815 4534; x_wconf 82' lang='lat' dir='ltr'><strong>EUSTATHII</strong></span> <span class='ocrx_word' id='word_1_629' title='bbox 1847 4474 1940 4532; x_wconf 90' lang='lat' dir='ltr'>ET</span> <span class='ocrx_word' id='word_1_630' title='bbox 1971 4469 2360 4532; x_wconf 82' lang='lat' dir='ltr'><strong>SOCIORUM</strong></span> <span class='ocrx_word' id='word_1_631' title='bbox 2388 4467 2579 4525; x_wconf 86' lang='lat' dir='ltr'><strong>ACTA</strong></span> <span class='ocrx_word' id='word_1_632' title='bbox 2629 4460 2996 4530; x_wconf 81' lang='lat' dir='ltr'><strong>ANTIQUA.</strong></span> 
     </span>
    </p>
   </div>
   <div class='ocr_carea' id='block_1_65' title="bbox 553 4538 2110 4628">
    <p class='ocr_par' dir='ltr' id='par_1_65' title="bbox 553 4557 2106 4628">
     <span class='ocr_line' id='line_1_65' title="bbox 553 4557 2106 4628; baseline -0.001 -16"><span class='ocrx_word' id='word_1_633' title='bbox 553 4557 1300 4628; x_wconf 10' lang='lat' dir='ltr'><strong>.‘Ilartyriumgsanctorum_ac</strong></span> <span class='ocrx_word' id='word_1_634' title='bbox 1333 4559 1645 4626; x_wconf 80' lang='lat' dir='ltr'><strong>inclytorum</strong></span> <span class='ocrx_word' id='word_1_635' title='bbox 1675 4557 1870 4611; x_wconf 82' lang='lat' dir='ltr'><strong>Christi</strong></span> <span class='ocrx_word' id='word_1_636' title='bbox 1908 4569 2106 4628; x_wconf 84' lang='lat' dir='ltr'><strong>marty-</strong></span> 
     </span>
    </p>
   </div>
   <div class='ocr_carea' id='block_1_66' title="bbox 2222 4538 3776 4628">
    <p class='ocr_par' dir='ltr' id='par_1_66' title="bbox 2222 4538 3776 4628">
     <span class='ocr_line' id='line_1_66' title="bbox 2222 4538 3776 4628; baseline -0.01 -20"><span class='ocrx_word' id='word_1_637' title='bbox 2222 4554 2544 4628; x_wconf 68' lang='grc' dir='ltr'>Μαρτύριον</span> <span class='ocrx_word' id='word_1_638' title='bbox 2559 4544 3004 4628; x_wconf 42' lang='lat' dir='ltr'><strong>trix-ﬁrmirem</strong></span> <span class='ocrx_word' id='word_1_639' title='bbox 3056 4541 3324 4628; x_wconf 56' lang='grc' dir='ltr'><strong>ἐγδέξωις</strong></span> <span class='ocrx_word' id='word_1_640' title='bbox 3352 4541 3458 4595; x_wconf 84' lang='grc' dir='ltr'>τοῦ</span> <span class='ocrx_word' id='word_1_641' title='bbox 3510 4538 3776 4628; x_wconf 73' lang='grc' dir='ltr'>Χριρντρῦ</span> 
     </span>
    </p>
   </div>
   <div class='ocr_carea' id='block_1_67' title="bbox 687 4625 1966 4695">
    <p class='ocr_par' dir='ltr' id='par_1_67' title="bbox 687 4625 1966 4695">
     <span class='ocr_line' id='line_1_67' title="bbox 687 4625 1966 4695; baseline -0.002 -15"><span class='ocrx_word' id='word_1_642' title='bbox 687 4625 805 4680; x_wconf 66' lang='lat' dir='ltr'><strong>rum</strong></span> <span class='ocrx_word' id='word_1_643' title='bbox 859 4626 1150 4690; x_wconf 73' lang='lat' dir='ltr'><strong>Eustathii,</strong></span> <span class='ocrx_word' id='word_1_644' title='bbox 1200 4625 1518 4695; x_wconf 78' lang='lat' dir='ltr'><strong>Theopistes,</strong></span> <span class='ocrx_word' id='word_1_645' title='bbox 1566 4645 1625 4679; x_wconf 87' lang='lat' dir='ltr'><strong>ac</strong></span> <span class='ocrx_word' id='word_1_646' title='bbox 1670 4628 1966 4681; x_wconf 80' lang='lat' dir='ltr'><strong>liberorum.</strong></span> 
     </span>
    </p>
   </div>
   <div class='ocr_carea' id='block_1_68' title="bbox 529 4786 2113 4853">
    <p class='ocr_par' dir='ltr' id='par_1_68' title="bbox 529 4786 2113 4853">
     <span class='ocr_line' id='line_1_68' title="bbox 529 4786 2113 4853; baseline -0.001 -11"><span class='ocrx_word' id='word_1_647' title='bbox 529 4807 532 4809; x_wconf 52' lang='grc' dir='ltr'>λ</span> <span class='ocrx_word' id='word_1_648' title='bbox 618 4788 836 4843; x_wconf 82' lang='lat' dir='ltr'><strong>Prostat</strong></span> <span class='ocrx_word' id='word_1_649' title='bbox 866 4786 1192 4841; x_wconf 88' lang='lat' dir='ltr'><strong>mortalibus</strong></span> <span class='ocrx_word' id='word_1_650' title='bbox 1219 4803 1283 4841; x_wconf 82' lang='lat' dir='ltr'><strong>ex</strong></span> <span class='ocrx_word' id='word_1_651' title='bbox 1320 4794 1529 4839; x_wconf 66' lang='lat' dir='ltr'><strong>natura:</strong></span> <span class='ocrx_word' id='word_1_652' title='bbox 1555 4786 1666 4850; x_wconf 87' lang='lat' dir='ltr'><strong>ipsa</strong></span> <span class='ocrx_word' id='word_1_653' title='bbox 1694 4786 1870 4838; x_wconf 84' lang='lat' dir='ltr'><strong>indole</strong></span> <span class='ocrx_word' id='word_1_654' title='bbox 1899 4788 2113 4853; x_wconf 86' lang='lat' dir='ltr'><strong>propria</strong></span> 
     </span>
    </p>
   </div>
   <div class='ocr_carea' id='block_1_69' title="bbox 550 4856 2112 4925">
    <p class='ocr_par' dir='ltr' id='par_1_69' title="bbox 550 4856 2112 4925">
     <span class='ocr_line' id='line_1_69' title="bbox 550 4856 2112 4925; baseline -0.003 -15"><span class='ocrx_word' id='word_1_655' title='bbox 550 4859 614 4910; x_wconf 84' lang='lat' dir='ltr'><strong>ad</strong></span> <span class='ocrx_word' id='word_1_656' title='bbox 648 4858 876 4912; x_wconf 85' lang='lat' dir='ltr'><strong>virtutes</strong></span> <span class='ocrx_word' id='word_1_657' title='bbox 909 4857 1245 4925; x_wconf 83' lang='lat' dir='ltr'><strong>praestandas</strong></span> <span class='ocrx_word' id='word_1_658' title='bbox 1295 4856 1621 4917; x_wconf 86' lang='lat' dir='ltr'><strong>adhortatio,</strong></span> <span class='ocrx_word' id='word_1_659' title='bbox 1656 4865 1815 4922; x_wconf 88' lang='lat' dir='ltr'><strong>atque</strong></span> <span class='ocrx_word' id='word_1_660' title='bbox 1846 4857 2112 4920; x_wconf 64' lang='lat' dir='ltr'><strong>palazslra,</strong></span> 
     </span>
    </p>
   </div>
   <div class='ocr_carea' id='block_1_70' title="bbox 551 4925 2118 5006">
    <p class='ocr_par' dir='ltr' id='par_1_70' title="bbox 551 4925 2118 5006">
     <span class='ocr_line' id='line_1_70' title="bbox 551 4925 2118 5006; baseline -0.003 -27"><span class='ocrx_word' id='word_1_661' title='bbox 551 4927 684 5006; x_wconf 64' lang='lat' dir='ltr'><strong>idin</strong></span> <span class='ocrx_word' id='word_1_662' title='bbox 712 4927 1025 5006; x_wconf 77' lang='lat' dir='ltr'><strong>proximum</strong></span> <span class='ocrx_word' id='word_1_663' title='bbox 1059 4925 1440 5006; x_wconf 74' lang='lat' dir='ltr'><strong>conferendum</strong></span> <span class='ocrx_word' id='word_1_664' title='bbox 1475 4927 1693 5006; x_wconf 78' lang='lat' dir='ltr'><strong>docens,</strong></span> <span class='ocrx_word' id='word_1_665' title='bbox 1724 4925 1864 4992; x_wconf 85' lang='lat' dir='ltr'><strong>quod</strong></span> <span class='ocrx_word' id='word_1_666' title='bbox 1889 4925 2019 5006; x_wconf 75' lang='lat' dir='ltr'><strong>velis</strong></span> <span class='ocrx_word' id='word_1_667' title='bbox 2052 4925 2118 4975; x_wconf 91' lang='lat' dir='ltr'><strong>ab</strong></span> 
     </span>
    </p>
   </div>
   <div class='ocr_carea' id='block_1_71' title="bbox 551 4994 2114 5061">
    <p class='ocr_par' dir='ltr' id='par_1_71' title="bbox 551 4994 2114 5061">
     <span class='ocr_line' id='line_1_71' title="bbox 551 4994 2114 5061; baseline -0.001 -14"><span class='ocrx_word' id='word_1_668' title='bbox 551 4995 657 5048; x_wconf 94' lang='lat' dir='ltr'><strong>alio</strong></span> <span class='ocrx_word' id='word_1_669' title='bbox 712 4994 765 5047; x_wconf 80' lang='lat' dir='ltr'><strong>in</strong></span> <span class='ocrx_word' id='word_1_670' title='bbox 835 5006 883 5047; x_wconf 89' lang='lat' dir='ltr'><strong>te</strong></span> <span class='ocrx_word' id='word_1_671' title='bbox 946 4995 1278 5055; x_wconf 87' lang='lat' dir='ltr'><strong>conferatur,</strong></span> <span class='ocrx_word' id='word_1_672' title='bbox 1322 4994 1484 5061; x_wconf 90' lang='lat' dir='ltr'><strong>idque</strong></span> <span class='ocrx_word' id='word_1_673' title='bbox 1542 4994 1756 5046; x_wconf 89' lang='lat' dir='ltr'><strong>demum</strong></span> <span class='ocrx_word' id='word_1_674' title='bbox 1818 4995 2114 5058; x_wconf 75' lang='lat' dir='ltr'><strong>gratiarum</strong></span> 
     </span>
    </p>
   </div>
   <div class='ocr_carea' id='block_1_72' title="bbox 552 5062 2115 5130">
    <p class='ocr_par' dir='ltr' id='par_1_72' title="bbox 552 5062 2115 5130">
     <span class='ocr_line' id='line_1_72' title="bbox 552 5062 2115 5130; baseline -0.003 -13"><span class='ocrx_word' id='word_1_675' title='bbox 552 5064 785 5117; x_wconf 82' lang='lat' dir='ltr'><strong>actionis</strong></span> <span class='ocrx_word' id='word_1_676' title='bbox 814 5064 1052 5127; x_wconf 89' lang='lat' dir='ltr'><strong>nomine,</strong></span> <span class='ocrx_word' id='word_1_677' title='bbox 1091 5065 1196 5117; x_wconf 87' lang='lat' dir='ltr'><strong>Deo</strong></span> <span class='ocrx_word' id='word_1_678' title='bbox 1231 5064 1616 5117; x_wconf 73' lang='lat' dir='ltr'><strong>beneficiorum</strong></span> <span class='ocrx_word' id='word_1_679' title='bbox 1649 5062 1889 5130; x_wconf 89' lang='lat' dir='ltr'><strong>largitori</strong></span> <span class='ocrx_word' id='word_1_680' title='bbox 1922 5077 2115 5128; x_wconf 90' lang='lat' dir='ltr'><strong>repen-</strong></span> 
     </span>
    </p>
   </div>
   <div class='ocr_carea' id='block_1_73' title="bbox 553 5132 2145 5202">
    <p class='ocr_par' dir='ltr' id='par_1_73' title="bbox 553 5132 2145 5202">
     <span class='ocr_line' id='line_1_73' title="bbox 553 5132 2145 5202; baseline -0.002 -16"><span class='ocrx_word' id='word_1_681' title='bbox 553 5132 818 5198; x_wconf 78' lang='lat' dir='ltr'><strong>dendum,</strong></span> <span class='ocrx_word' id='word_1_682' title='bbox 863 5133 1006 5200; x_wconf 90' lang='lat' dir='ltr'><strong>quod</strong></span> <span class='ocrx_word' id='word_1_683' title='bbox 1051 5133 1118 5186; x_wconf 91' lang='lat' dir='ltr'><strong>ab</strong></span> <span class='ocrx_word' id='word_1_684' title='bbox 1165 5134 1250 5196; x_wconf 91' lang='lat' dir='ltr'><strong>iis,</strong></span> <span class='ocrx_word' id='word_1_685' title='bbox 1283 5149 1421 5202; x_wconf 84' lang='lat' dir='ltr'><strong>quos</strong></span> <span class='ocrx_word' id='word_1_686' title='bbox 1455 5134 1716 5186; x_wconf 87' lang='lat' dir='ltr'><strong>beneficio</strong></span> <span class='ocrx_word' id='word_1_687' title='bbox 1760 5132 2145 5192; x_wconf 74' lang='lat' dir='ltr'><strong>deIIICI&#39;IIt&#39;I‘IS,~</strong></span> 
     </span>
    </p>
   </div>
   <div class='ocr_carea' id='block_1_74' title="bbox 555 5201 2117 5272">
    <p class='ocr_par' dir='ltr' id='par_1_74' title="bbox 555 5201 2117 5272">
     <span class='ocr_line' id='line_1_74' title="bbox 555 5201 2117 5272; baseline -0.002 -18"><span class='ocrx_word' id='word_1_688' title='bbox 555 5203 738 5272; x_wconf 80' lang='lat' dir='ltr'><strong>exigas</strong></span> <span class='ocrx_word' id='word_1_689' title='bbox 771 5205 884 5271; x_wconf 88' lang='lat' dir='ltr'><strong>ipse</strong></span> <span class='ocrx_word' id='word_1_690' title='bbox 917 5211 975 5255; x_wconf 91' lang='lat' dir='ltr'><strong>ut</strong></span> <span class='ocrx_word' id='word_1_691' title='bbox 1003 5201 1350 5270; x_wconf 80' lang='lat' dir='ltr'><strong>rependatur.</strong></span> <span class='ocrx_word' id='word_1_692' title='bbox 1383 5201 1523 5267; x_wconf 89' lang='lat' dir='ltr'><strong>Quin</strong></span> <span class='ocrx_word' id='word_1_693' title='bbox 1563 5218 1628 5255; x_wconf 79' lang='lat' dir='ltr'><strong>ex</strong></span> <span class='ocrx_word' id='word_1_694' title='bbox 1663 5203 1860 5254; x_wconf 88' lang='lat' dir='ltr'><strong>divinis</strong></span> <span class='ocrx_word' id='word_1_695' title='bbox 1900 5214 2117 5268; x_wconf 86' lang='lat' dir='ltr'><strong>quoque</strong></span> 
     </span>
    </p>
   </div>
   <div class='ocr_carea' id='block_1_75' title="bbox 558 5269 2117 5342">
    <p class='ocr_par' dir='ltr' id='par_1_75' title="bbox 558 5269 2117 5342">
     <span class='ocr_line' id='line_1_75' title="bbox 558 5269 2117 5342; baseline -0.003 -18"><span class='ocrx_word' id='word_1_696' title='bbox 558 5269 870 5342; x_wconf 80' lang='lat' dir='ltr'><strong>Scripturis,</strong></span> <span class='ocrx_word' id='word_1_697' title='bbox 917 5269 1165 5342; x_wconf 76' lang='lat' dir='ltr'><strong>prostant</strong></span> <span class='ocrx_word' id='word_1_698' title='bbox 1214 5272 1473 5326; x_wconf 72' lang='lat' dir='ltr'><strong>doctrina:</strong></span> <span class='ocrx_word' id='word_1_699' title='bbox 1522 5273 1795 5342; x_wconf 65' lang='lat' dir='ltr'><strong>plurimae;</strong></span> <span class='ocrx_word' id='word_1_700' title='bbox 1841 5272 2117 5342; x_wconf 78' lang='lat' dir='ltr'><strong>beatorum</strong></span> 
     </span>
    </p>
   </div>
   <div class='ocr_carea' id='block_1_76' title="bbox 555 5337 2119 5412">
    <p class='ocr_par' dir='ltr' id='par_1_76' title="bbox 555 5337 2119 5412">
     <span class='ocr_line' id='line_1_76' title="bbox 555 5337 2119 5412; baseline -0.001 -20"><span class='ocrx_word' id='word_1_701' title='bbox 555 5337 695 5394; x_wconf 57' lang='lat' dir='ltr'><strong>item&#39;</strong></span> <span class='ocrx_word' id='word_1_702' title='bbox 741 5358 801 5396; x_wconf 89' lang='lat' dir='ltr'><strong>ac</strong></span> <span class='ocrx_word' id='word_1_703' title='bbox 847 5337 1118 5412; x_wconf 76' lang='lat' dir='ltr'><strong>clarorum</strong></span> <span class='ocrx_word' id='word_1_704' title='bbox 1161 5342 1396 5394; x_wconf 85' lang='lat' dir='ltr'><strong>virorum</strong></span> <span class='ocrx_word' id='word_1_705' title='bbox 1434 5337 1581 5412; x_wconf 85' lang='lat' dir='ltr'><strong>gesta</strong></span> <span class='ocrx_word' id='word_1_706' title='bbox 1627 5341 1847 5412; x_wconf 84' lang='lat' dir='ltr'><strong>iuclyta_</strong></span> <span class='ocrx_word' id='word_1_707' title='bbox 1881 5337 2119 5412; x_wconf 14' lang='lat' dir='ltr'><strong>ac‘faci-</strong></span> 
     </span>
    </p>
   </div>
   <div class='ocr_carea' id='block_1_77' title="bbox 558 5409 2119 5480">
    <p class='ocr_par' dir='ltr' id='par_1_77' title="bbox 558 5409 2119 5480">
     <span class='ocr_line' id='line_1_77' title="bbox 558 5409 2119 5480; baseline -0.004 -16"><span class='ocrx_word' id='word_1_708' title='bbox 558 5426 728 5473; x_wconf 81' lang='lat' dir='ltr'><strong>nora;</strong></span> <span class='ocrx_word' id='word_1_709' title='bbox 790 5415 879 5478; x_wconf 85' lang='lat' dir='ltr'><strong>qui</strong></span> <span class='ocrx_word' id='word_1_710' title='bbox 951 5411 1136 5480; x_wconf 83' lang='lat' dir='ltr'><strong>plane,</strong></span> <span class='ocrx_word' id='word_1_711' title='bbox 1192 5409 1753 5479; x_wconf 40' lang='lat' dir='ltr'><strong>anitiiata&#39;quwdzinf</strong></span> <span class='ocrx_word' id='word_1_712' title='bbox 1808 5409 2119 5480; x_wconf 83' lang='lat' dir='ltr'><strong>simulacra.</strong></span> 
     </span>
    </p>
   </div>
   <div class='ocr_carea' id='block_1_78' title="bbox 559 5478 2125 5548">
    <p class='ocr_par' dir='ltr' id='par_1_78' title="bbox 559 5478 2125 5548">
     <span class='ocr_line' id='line_1_78' title="bbox 559 5478 2125 5548; baseline -0.004 -14"><span class='ocrx_word' id='word_1_713' title='bbox 559 5480 900 5548; x_wconf 81' lang='lat' dir='ltr'><strong>:emulationc</strong></span> <span class='ocrx_word' id='word_1_714' title='bbox 924 5478 1202 5538; x_wconf 85' lang='lat' dir='ltr'><strong>virtutum.</strong></span> <span class='ocrx_word' id='word_1_715' title='bbox 1242 5481 1439 5548; x_wconf 86' lang='lat' dir='ltr'><strong>quibus</strong></span> <span class='ocrx_word' id='word_1_716' title='bbox 1476 5478 1751 5546; x_wconf 34' lang='lat' dir='ltr'><strong>p&#39;rreclare,</strong></span> <span class='ocrx_word' id='word_1_717' title='bbox 1802 5478 2125 5548; x_wconf 81' lang='lat' dir='ltr'><strong>egregiaque</strong></span> 
     </span>
    </p>
   </div>
   <div class='ocr_carea' id='block_1_79' title="bbox 560 5547 2122 5617">
    <p class='ocr_par' dir='ltr' id='par_1_79' title="bbox 560 5547 2122 5617">
     <span class='ocr_line' id='line_1_79' title="bbox 560 5547 2122 5617; baseline -0.001 -15"><span class='ocrx_word' id='word_1_718' title='bbox 560 5549 723 5602; x_wconf 83' lang='lat' dir='ltr'><strong>laude</strong></span> <span class='ocrx_word' id='word_1_719' title='bbox 767 5547 932 5600; x_wconf 85' lang='lat' dir='ltr'><strong>functi</strong></span> <span class='ocrx_word' id='word_1_720' title='bbox 965 5557 1108 5615; x_wconf 90' lang='lat' dir='ltr'><strong>sunt,</strong></span> <span class='ocrx_word' id='word_1_721' title='bbox 1137 5547 1440 5605; x_wconf 85' lang='lat' dir='ltr'><strong>volentibus</strong></span> <span class='ocrx_word' id='word_1_722' title='bbox 1477 5551 1591 5603; x_wconf 54' lang='lat' dir='ltr'><strong>hac</strong></span> <span class='ocrx_word' id='word_1_723' title='bbox 1626 5547 1853 5604; x_wconf 83' lang='lat' dir='ltr'><strong>illorum</strong></span> <span class='ocrx_word' id='word_1_724' title='bbox 1877 5548 2122 5617; x_wconf 73' lang='lat' dir='ltr'><strong>magiste-</strong></span> 
     </span>
    </p>
   </div>
   <div class='ocr_carea' id='block_1_80' title="bbox 561 5616 2121 5687">
    <p class='ocr_par' dir='ltr' id='par_1_80' title="bbox 561 5616 2121 5687">
     <span class='ocr_line' id='line_1_80' title="bbox 561 5616 2121 5687; baseline -0.002 -19"><span class='ocrx_word' id='word_1_725' title='bbox 561 5619 640 5669; x_wconf 88' lang='lat' dir='ltr'><strong>ria</strong></span> <span class='ocrx_word' id='word_1_726' title='bbox 679 5617 854 5684; x_wconf 85' lang='lat' dir='ltr'><strong>sequi,</strong></span> <span class='ocrx_word' id='word_1_727' title='bbox 892 5620 1264 5672; x_wconf 82' lang='lat' dir='ltr'><strong>exhibeantur.</strong></span> <span class='ocrx_word' id='word_1_728' title='bbox 1311 5619 1532 5672; x_wconf 86' lang='lat' dir='ltr'><strong>Perinde</strong></span> <span class='ocrx_word' id='word_1_729' title='bbox 1566 5621 1727 5687; x_wconf 85' lang='lat' dir='ltr'><strong>igitur</strong></span> <span class='ocrx_word' id='word_1_730' title='bbox 1759 5617 1887 5672; x_wconf 85' lang='lat' dir='ltr'><strong>mihi</strong></span> <span class='ocrx_word' id='word_1_731' title='bbox 1917 5616 2121 5681; x_wconf 79' lang='lat' dir='ltr'><strong>censti-</strong></span> 
     </span>
    </p>
   </div>
   <div class='ocr_carea' id='block_1_81' title="bbox 564 5689 2125 5756">
    <p class='ocr_par' dir='ltr' id='par_1_81' title="bbox 564 5689 2125 5756">
     <span class='ocr_line' id='line_1_81' title="bbox 564 5689 2125 5756; baseline -0.003 -15"><span class='ocrx_word' id='word_1_732' title='bbox 564 5697 761 5750; x_wconf 86' lang='lat' dir='ltr'><strong>tutum,</strong></span> <span class='ocrx_word' id='word_1_733' title='bbox 817 5695 874 5738; x_wconf 89' lang='lat' dir='ltr'><strong>ut</strong></span> <span class='ocrx_word' id='word_1_734' title='bbox 933 5696 1042 5739; x_wconf 86' lang='lat' dir='ltr'><strong>tum</strong></span> <span class='ocrx_word' id='word_1_735' title='bbox 1096 5700 1331 5746; x_wconf 73' lang='lat' dir='ltr'><strong>veterum</strong></span> <span class='ocrx_word' id='word_1_736' title='bbox 1394 5690 1614 5744; x_wconf 90' lang='lat' dir='ltr'><strong>heroum</strong></span> <span class='ocrx_word' id='word_1_737' title='bbox 1670 5689 1927 5756; x_wconf 73' lang='lat' dir='ltr'><strong>praeclara</strong></span> <span class='ocrx_word' id='word_1_738' title='bbox 1978 5692 2125 5756; x_wconf 82' lang='lat' dir='ltr'><strong>gesta</strong></span> 
     </span>
    </p>
   </div>
   <div class='ocr_carea' id='block_1_82' title="bbox 2276 4607 3774 4691">
    <p class='ocr_par' dir='ltr' id='par_1_82' title="bbox 2276 4607 3774 4691">
     <span class='ocr_line' id='line_1_82' title="bbox 2276 4607 3774 4691; baseline -0.011 -16"><span class='ocrx_word' id='word_1_739' title='bbox 2276 4607 2608 4691; x_wconf 52' lang='lat' dir='ltr'><strong>ﬁapcva,</strong></span> <span class='ocrx_word' id='word_1_740' title='bbox 2628 4607 2985 4691; x_wconf 54' lang='grc' dir='ltr'>Εξὺάταθίου,</span> <span class='ocrx_word' id='word_1_741' title='bbox 3017 4614 3114 4667; x_wconf 78' lang='grc' dir='ltr'>καὶ</span> <span class='ocrx_word' id='word_1_742' title='bbox 3147 4614 3499 4678; x_wconf 79' lang='grc' dir='ltr'>Θεοπίστης,</span> <span class='ocrx_word' id='word_1_743' title='bbox 3535 4609 3629 4662; x_wconf 77' lang='grc' dir='ltr'>καὶ</span> <span class='ocrx_word' id='word_1_744' title='bbox 3649 4607 3774 4661; x_wconf 71' lang='grc' dir='ltr'><strong>τῶν</strong></span> 
     </span>
    </p>
   </div>
   <div class='ocr_carea' id='block_1_83' title="bbox 2281 4686 2747 4744">
    <p class='ocr_par' dir='ltr' id='par_1_83' title="bbox 2281 4686 2747 4744">
     <span class='ocr_line' id='line_1_83' title="bbox 2281 4686 2747 4744; baseline -0.006 -1"><span class='ocrx_word' id='word_1_745' title='bbox 2281 4686 2510 4744; x_wconf 64' lang='grc' dir='ltr'><strong>τέᾶινωγ</strong></span> <span class='ocrx_word' id='word_1_746' title='bbox 2531 4686 2747 4741; x_wconf 83' lang='grc' dir='ltr'>αὐτῶν.</span> 
     </span>
    </p>
   </div>
   <div class='ocr_carea' id='block_1_84' title="bbox 2286 4768 3774 4854">
    <p class='ocr_par' dir='ltr' id='par_1_84' title="bbox 2286 4768 3774 4854">
     <span class='ocr_line' id='line_1_84' title="bbox 2286 4768 3774 4854; baseline -0.013 -18"><span class='ocrx_word' id='word_1_747' title='bbox 2286 4783 2580 4854; x_wconf 73' lang='grc' dir='ltr'>Πρδκειεαι</span> <span class='ocrx_word' id='word_1_748' title='bbox 2604 4776 3061 4854; x_wconf 32' lang='grc' dir='ltr'>’τοῖς-ἀνθρώτιοις</span> <span class='ocrx_word' id='word_1_749' title='bbox 3093 4775 3155 4854; x_wconf 49' lang='grc' dir='ltr'><strong>ὲ]</strong></span> <span class='ocrx_word' id='word_1_750' title='bbox 3201 4772 3428 4854; x_wconf 62' lang='grc' dir='ltr'>φύσεῳί</span> <span class='ocrx_word' id='word_1_751' title='bbox 3458 4769 3653 4854; x_wconf 65' lang='grc' dir='ltr'>οἰκεῖον</span> <span class='ocrx_word' id='word_1_752' title='bbox 3682 4768 3774 4854; x_wconf 45' lang='lat'><strong>.6}..-</strong></span> 
     </span>
    </p>
   </div>
   <div class='ocr_carea' id='block_1_85' title="bbox 2216 4837 3773 4918">
    <p class='ocr_par' dir='ltr' id='par_1_85' title="bbox 2216 4837 3773 4918">
     <span class='ocr_line' id='line_1_85' title="bbox 2216 4837 3773 4918; baseline -0.011 -12"><span class='ocrx_word' id='word_1_753' title='bbox 2216 4837 2503 4906; x_wconf 68' lang='grc' dir='ltr'>δασκάλιον</span> <span class='ocrx_word' id='word_1_754' title='bbox 2525 4849 2660 4918; x_wconf 83' lang='grc' dir='ltr'>πρὸς</span> <span class='ocrx_word' id='word_1_755' title='bbox 2702 4837 2800 4914; x_wconf 75' lang='grc' dir='ltr'><strong>τὴν</strong></span> <span class='ocrx_word' id='word_1_756' title='bbox 2811 4837 2934 4918; x_wconf 41' lang='lat' dir='ltr'><strong>ad»;</strong></span> <span class='ocrx_word' id='word_1_757' title='bbox 2965 4844 3197 4918; x_wconf 71' lang='lat' dir='ltr'><strong>dp_e‘r&amp;w_</strong></span> <span class='ocrx_word' id='word_1_758' title='bbox 3213 4837 3586 4918; x_wconf 59' lang='grc' dir='ltr'>κατόρθῳσιν,</span> <span class='ocrx_word' id='word_1_759' title='bbox 3599 4907 3610 4918; x_wconf 76' lang='lat'>_</span> <span class='ocrx_word' id='word_1_760' title='bbox 3627 4837 3773 4889; x_wconf 78' lang='grc' dir='ltr'>διδά-</span> 
     </span>
    </p>
   </div>
   <div class='ocr_carea' id='block_1_86' title="bbox 2218 4907 3774 4984">
    <p class='ocr_par' dir='ltr' id='par_1_86' title="bbox 2218 4907 3774 4984">
     <span class='ocr_line' id='line_1_86' title="bbox 2218 4907 3774 4984; baseline -0.013 -9"><span class='ocrx_word' id='word_1_761' title='bbox 2218 4940 2346 4975; x_wconf 87' lang='grc' dir='ltr'>σκον</span> <span class='ocrx_word' id='word_1_762' title='bbox 2374 4921 2548 4973; x_wconf 73' lang='grc' dir='ltr'>ἐκεῖνο</span> <span class='ocrx_word' id='word_1_763' title='bbox 2571 4907 2844 4984; x_wconf 62' lang='grc' dir='ltr'>ῖποιεῖντῷ</span> <span class='ocrx_word' id='word_1_764' title='bbox 2879 4907 3124 4984; x_wconf 71' lang='grc' dir='ltr'>πλησίον,</span> <span class='ocrx_word' id='word_1_765' title='bbox 3171 4913 3307 4984; x_wconf 68' lang='grc' dir='ltr'>ὅπερ</span> <span class='ocrx_word' id='word_1_766' title='bbox 3330 4907 3508 4984; x_wconf 22' lang='grc' dir='ltr'>*αὐτὸ-ς</span> <span class='ocrx_word' id='word_1_767' title='bbox 3546 4907 3774 4984; x_wconf 53' lang='grc' dir='ltr'>πασχειν</span> 
     </span>
    </p>
   </div>
   <div class='ocr_carea' id='block_1_87' title="bbox 2221 4975 3767 5072">
    <p class='ocr_par' dir='ltr' id='par_1_87' title="bbox 2221 4975 3767 5072">
     <span class='ocr_line' id='line_1_87' title="bbox 2221 4975 3767 5072; baseline -0.012 -28"><span class='ocrx_word' id='word_1_768' title='bbox 2221 4992 2344 5062; x_wconf 83' lang='grc' dir='ltr'>παρ’</span> <span class='ocrx_word' id='word_1_769' title='bbox 2366 4990 2550 5072; x_wconf 56' lang='grc' dir='ltr'>ἑτέρον</span> <span class='ocrx_word' id='word_1_770' title='bbox 2581 4975 2827 5072; x_wconf 56' lang='grc' dir='ltr'>βούξιεταί</span> <span class='ocrx_word' id='word_1_771' title='bbox 2852 5002 2865 5016; x_wconf 90' lang='grc'><strong>·</strong></span> <span class='ocrx_word' id='word_1_772' title='bbox 2885 4975 3074 5072; x_wconf 45' lang='grc' dir='ltr'>ἐκεῖνόῃ</span> <span class='ocrx_word' id='word_1_773' title='bbox 3095 4999 3153 5034; x_wconf 88' lang='grc' dir='ltr'><strong>τε</strong></span> <span class='ocrx_word' id='word_1_774' title='bbox 3178 4975 3528 5072; x_wconf 33' lang='lat' dir='ltr'><strong>agro—19:19on</strong></span> <span class='ocrx_word' id='word_1_775' title='bbox 3555 4975 3626 5072; x_wconf 54' lang='lat' dir='ltr'><strong>1g)</strong></span> <span class='ocrx_word' id='word_1_776' title='bbox 3680 4977 3767 5057; x_wconf 67' lang='grc' dir='ltr'>εὐ-</span> 
     </span>
    </p>
   </div>
   <div class='ocr_carea' id='block_1_88' title="bbox 2221 5046 3771 5197">
    <p class='ocr_par' dir='ltr' id='par_1_88' title="bbox 2221 5046 3771 5197">
     <span class='ocr_line' id='line_1_88' title="bbox 2221 5046 3770 5130; baseline -0.008 -18"><span class='ocrx_word' id='word_1_777' title='bbox 2221 5046 2414 5130; x_wconf 62' lang='grc' dir='ltr'>ερῨέτῃ</span> <span class='ocrx_word' id='word_1_778' title='bbox 2444 5046 2594 5126; x_wconf 62' lang='grc' dir='ltr'><strong>Θεῷξ</strong></span> <span class='ocrx_word' id='word_1_779' title='bbox 2645 5053 3015 5124; x_wconf 82' lang='grc' dir='ltr'>εὐχαριστίαν,</span> <span class='ocrx_word' id='word_1_780' title='bbox 3052 5053 3079 5104; x_wconf 85' lang='grc' dir='ltr'>ὃ</span> <span class='ocrx_word' id='word_1_781' title='bbox 3130 5050 3223 5103; x_wconf 77' lang='grc' dir='ltr'>καὶ</span> <span class='ocrx_word' id='word_1_782' title='bbox 3265 5046 3425 5109; x_wconf 47' lang='lat' dir='ltr'><strong>auro};</strong></span> <span class='ocrx_word' id='word_1_783' title='bbox 3472 5046 3614 5115; x_wconf 79' lang='grc' dir='ltr'>παρὰ</span> <span class='ocrx_word' id='word_1_784' title='bbox 3662 5046 3770 5126; x_wconf 64' lang='grc' dir='ltr'><strong>τῷν</strong></span> 
     </span>
     <span class='ocr_line' id='line_1_89' title="bbox 2222 5116 3771 5197; baseline -0.008 -18"><span class='ocrx_word' id='word_1_785' title='bbox 2222 5126 2685 5197; x_wconf 51' lang='grc' dir='ltr'>εὐεργετουμένων</span> <span class='ocrx_word' id='word_1_786' title='bbox 2710 5125 2954 5197; x_wconf 49' lang='lat' dir='ltr'><strong>ﬁrmati.</strong></span> <span class='ocrx_word' id='word_1_787' title='bbox 2986 5117 3392 5197; x_wconf 51' lang='grc' dir='ltr'>Πρόκεινται-δὲ</span> <span class='ocrx_word' id='word_1_788' title='bbox 3441 5116 3532 5197; x_wconf 72' lang='grc' dir='ltr'>καὶ</span> <span class='ocrx_word' id='word_1_789' title='bbox 3563 5120 3622 5168; x_wconf 81' lang='grc' dir='ltr'>ὲκ</span> <span class='ocrx_word' id='word_1_790' title='bbox 3642 5131 3771 5197; x_wconf 45' lang='grc' dir='ltr'><strong>,ξων</strong></span> 
     </span>
    </p>
   </div>
   <div class='ocr_carea' id='block_1_89' title="bbox 2224 5184 3771 5262">
    <p class='ocr_par' dir='ltr' id='par_1_89' title="bbox 2224 5184 3771 5262">
     <span class='ocr_line' id='line_1_90' title="bbox 2224 5184 3771 5262; baseline -0.01 -13"><span class='ocrx_word' id='word_1_791' title='bbox 2224 5184 2381 5249; x_wconf 77' lang='grc' dir='ltr'><strong>θεὶὼν</strong></span> <span class='ocrx_word' id='word_1_792' title='bbox 2408 5184 2632 5262; x_wconf 59' lang='grc' dir='ltr'>Γραὶρῶν</span> <span class='ocrx_word' id='word_1_793' title='bbox 2655 5191 2998 5262; x_wconf 75' lang='grc' dir='ltr'>διδασκαλίαι</span> <span class='ocrx_word' id='word_1_794' title='bbox 3014 5184 3406 5262; x_wconf 40' lang='grc' dir='ltr'><strong>τὲαμπληθεῖςη</strong></span> <span class='ocrx_word' id='word_1_795' title='bbox 3423 5187 3516 5238; x_wconf 78' lang='grc' dir='ltr'><strong>καὶ</strong></span> <span class='ocrx_word' id='word_1_796' title='bbox 3553 5184 3771 5262; x_wconf 68' lang='grc' dir='ltr'>πράξεις</span> 
     </span>
    </p>
   </div>
   <div class='ocr_carea' id='block_1_90' title="bbox 2225 5254 3769 5333">
    <p class='ocr_par' dir='ltr' id='par_1_90' title="bbox 2225 5254 3769 5333">
     <span class='ocr_line' id='line_1_91' title="bbox 2225 5254 3769 5333; baseline -0.01 -15"><span class='ocrx_word' id='word_1_797' title='bbox 2225 5264 2433 5333; x_wconf 80' lang='grc' dir='ltr'>ἀνδρῶν</span> <span class='ocrx_word' id='word_1_798' title='bbox 2453 5254 2749 5333; x_wconf 66' lang='grc' dir='ltr'>’μακαρίων</span> <span class='ocrx_word' id='word_1_799' title='bbox 2779 5266 2870 5333; x_wconf 77' lang='grc' dir='ltr'><strong>καὶ</strong></span> <span class='ocrx_word' id='word_1_800' title='bbox 2894 5254 3173 5333; x_wconf 58' lang='grc' dir='ltr'><strong>ἀοιδίριωνἱ</strong></span> <span class='ocrx_word' id='word_1_801' title='bbox 3200 5254 3498 5333; x_wconf 42' lang='grc' dir='ltr'>οἳΑεξκόνες</span> <span class='ocrx_word' id='word_1_802' title='bbox 3526 5254 3662 5333; x_wconf 70' lang='grc' dir='ltr'>τινες</span> <span class='ocrx_word' id='word_1_803' title='bbox 3691 5256 3769 5333; x_wconf 68' lang='lat' dir='ltr'><strong>ei-</strong></span> 
     </span>
    </p>
   </div>
   <div class='ocr_carea' id='block_1_91' title="bbox 2228 5321 3772 5401">
    <p class='ocr_par' dir='ltr' id='par_1_91' title="bbox 2228 5321 3772 5401">
     <span class='ocr_line' id='line_1_92' title="bbox 2228 5321 3772 5401; baseline -0.01 -13"><span class='ocrx_word' id='word_1_804' title='bbox 2228 5321 2558 5401; x_wconf 75' lang='grc' dir='ltr'>σιν’ἒμψυ’χοι</span> <span class='ocrx_word' id='word_1_805' title='bbox 2594 5321 2727 5400; x_wconf 74' lang='grc' dir='ltr'>τξρὺς</span> <span class='ocrx_word' id='word_1_806' title='bbox 2751 5332 2981 5401; x_wconf 79' lang='grc' dir='ltr'>μίμησιν</span> <span class='ocrx_word' id='word_1_807' title='bbox 3011 5321 3119 5401; x_wconf 59' lang='grc' dir='ltr'><strong>’ζῶν</strong></span> <span class='ocrx_word' id='word_1_808' title='bbox 3153 5326 3376 5401; x_wconf 34' lang='grc' dir='ltr'>ἀγαθῶν.</span> <span class='ocrx_word' id='word_1_809' title='bbox 3422 5321 3772 5401; x_wconf 60' lang='grc' dir='ltr'>κατορθωμεὶο</span> 
     </span>
    </p>
   </div>
   <div class='ocr_carea' id='block_1_92' title="bbox 2225 5393 3769 5468">
    <p class='ocr_par' dir='ltr' id='par_1_92' title="bbox 2225 5393 3769 5468">
     <span class='ocr_line' id='line_1_93' title="bbox 2225 5393 3769 5468; baseline -0.008 -12"><span class='ocrx_word' id='word_1_810' title='bbox 2225 5422 2352 5466; x_wconf 87' lang='grc' dir='ltr'>των,</span> <span class='ocrx_word' id='word_1_811' title='bbox 2365 5393 2674 5468; x_wconf 58' lang='grc' dir='ltr'>’θεοῖς”βουλο</span> <span class='ocrx_word' id='word_1_812' title='bbox 2683 5393 2859 5468; x_wconf 76' lang='grc' dir='ltr'>μένοις</span> <span class='ocrx_word' id='word_1_813' title='bbox 2881 5393 3054 5448; x_wconf 64' lang='grc' dir='ltr'>’ἒπεσθ</span> <span class='ocrx_word' id='word_1_814' title='bbox 3063 5411 3116 5448; x_wconf 84' lang='grc' dir='ltr'><strong>αι</strong></span> <span class='ocrx_word' id='word_1_815' title='bbox 3158 5398 3288 5468; x_wconf 69' lang='grc' dir='ltr'><strong>Δταῖς</strong></span> <span class='ocrx_word' id='word_1_816' title='bbox 3321 5394 3498 5468; x_wconf 84' lang='grc' dir='ltr'>αὐτῶν</span> <span class='ocrx_word' id='word_1_817' title='bbox 3512 5463 3521 5468; x_wconf 25' lang='grc' dir='ltr'><strong>Δ</strong></span> <span class='ocrx_word' id='word_1_818' title='bbox 3537 5393 3739 5468; x_wconf 52' lang='grc' dir='ltr'>ἀρεταῖς</span> <span class='ocrx_word' id='word_1_819' title='bbox 3752 5430 3769 5444; x_wconf 89' lang='grc'>.</span> 
     </span>
    </p>
   </div>
   <div class='ocr_carea' id='block_1_93' title="bbox 2226 5459 3772 5542">
    <p class='ocr_par' dir='ltr' id='par_1_93' title="bbox 2226 5459 3772 5542">
     <span class='ocr_line' id='line_1_94' title="bbox 2226 5459 3772 5542; baseline -0.011 -16"><span class='ocrx_word' id='word_1_820' title='bbox 2226 5459 2386 5526; x_wconf 59' lang='grc' dir='ltr'>Οὐδὲν</span> <span class='ocrx_word' id='word_1_821' title='bbox 2419 5459 3020 5542; x_wconf 59' lang='grc' dir='ltr'>οὖν’ἦττοντιροεθέμην</span> <span class='ocrx_word' id='word_1_822' title='bbox 3044 5463 3322 5542; x_wconf 77' lang='grc' dir='ltr'>προθεῖναι</span> <span class='ocrx_word' id='word_1_823' title='bbox 3351 5459 3645 5542; x_wconf 30' lang='grc' dir='ltr'><strong>’ἐγγράφρς</strong></span> <span class='ocrx_word' id='word_1_824' title='bbox 3665 5459 3772 5542; x_wconf 55' lang='grc' dir='ltr'>τιξν</span> 
     </span>
    </p>
   </div>
   <div class='ocr_carea' id='block_1_94' title="bbox 2226 5533 3769 5611">
    <p class='ocr_par' dir='ltr' id='par_1_94' title="bbox 2226 5533 3769 5611">
     <span class='ocr_line' id='line_1_95' title="bbox 2226 5533 3769 5611; baseline -0.012 -15"><span class='ocrx_word' id='word_1_825' title='bbox 2226 5542 2467 5611; x_wconf 79' lang='grc' dir='ltr'>ἀρχαίων</span> <span class='ocrx_word' id='word_1_826' title='bbox 2491 5533 2697 5611; x_wconf 76' lang='grc' dir='ltr'>ἀνδρῶν</span> <span class='ocrx_word' id='word_1_827' title='bbox 2725 5533 3110 5611; x_wconf 49' lang='grc' dir='ltr'>ἄνδραγαθίας</span> <span class='ocrx_word' id='word_1_828' title='bbox 3167 5536 3260 5611; x_wconf 77' lang='grc' dir='ltr'><strong>καὶ</strong></span> <span class='ocrx_word' id='word_1_829' title='bbox 3308 5537 3372 5611; x_wconf 62' lang='grc' dir='ltr'><strong>τα</strong></span> <span class='ocrx_word' id='word_1_830' title='bbox 3434 5533 3526 5584; x_wconf 82' lang='grc' dir='ltr'><strong>νῦν</strong></span> <span class='ocrx_word' id='word_1_831' title='bbox 3553 5533 3614 5611; x_wconf 40' lang='grc' dir='ltr'><strong>’ὲν</strong></span> <span class='ocrx_word' id='word_1_832' title='bbox 3661 5533 3769 5611; x_wconf 54' lang='lat' dir='ltr'><strong>toi;</strong></span> 
     </span>
    </p>
   </div>
   <div class='ocr_carea' id='block_1_95' title="bbox 2228 5596 3772 5679">
    <p class='ocr_par' dir='ltr' id='par_1_95' title="bbox 2228 5596 3772 5679">
     <span class='ocr_line' id='line_1_96' title="bbox 2228 5596 3772 5679; baseline -0.01 -15"><span class='ocrx_word' id='word_1_833' title='bbox 2228 5596 2436 5679; x_wconf 71' lang='grc' dir='ltr'>καῖροῖς</span> <span class='ocrx_word' id='word_1_834' title='bbox 2481 5596 2637 5678; x_wconf 73' lang='grc' dir='ltr'>ὴμῶν</span> <span class='ocrx_word' id='word_1_835' title='bbox 2679 5596 3115 5679; x_wconf 20' lang='grc' dir='ltr'>κατορθώθέμνταέ.</span> <span class='ocrx_word' id='word_1_836' title='bbox 3141 5603 3272 5679; x_wconf 52' lang='grc' dir='ltr'>πρὸς</span> <span class='ocrx_word' id='word_1_837' title='bbox 3316 5599 3628 5679; x_wconf 66' lang='grc' dir='ltr'>εὐεργεσίαν</span> <span class='ocrx_word' id='word_1_838' title='bbox 3674 5596 3772 5679; x_wconf 55' lang='lat' dir='ltr'><strong>pi}:</strong></span> 
     </span>
    </p>
   </div>
   <div class='ocr_carea' id='block_1_96' title="bbox 2226 5666 3775 5744">
    <p class='ocr_par' dir='ltr' id='par_1_96' title="bbox 2226 5666 3775 5744">
     <span class='ocr_line' id='line_1_97' title="bbox 2226 5666 3775 5744; baseline -0.011 -10"><span class='ocrx_word' id='word_1_839' title='bbox 2226 5666 2337 5734; x_wconf 76' lang='grc' dir='ltr'><strong>τῶν</strong></span> <span class='ocrx_word' id='word_1_840' title='bbox 2362 5666 2681 5742; x_wconf 53' lang='grc' dir='ltr'>ἁκουὸντων,</span> <span class='ocrx_word' id='word_1_841' title='bbox 2711 5666 3040 5744; x_wconf 71' lang='grc' dir='ltr'>ἐπιστροφὴν</span> <span class='ocrx_word' id='word_1_842' title='bbox 3074 5673 3127 5726; x_wconf 81' lang='grc' dir='ltr'>δὲ</span> <span class='ocrx_word' id='word_1_843' title='bbox 3161 5666 3270 5724; x_wconf 71' lang='grc' dir='ltr'>τῶν</span> <span class='ocrx_word' id='word_1_844' title='bbox 3316 5666 3646 5738; x_wconf 72' lang='grc' dir='ltr'>φασκόντων,</span> <span class='ocrx_word' id='word_1_845' title='bbox 3696 5666 3775 5737; x_wconf 67' lang='grc' dir='ltr'>μὴ</span> 
     </span>
    </p>
   </div>
  </div>
