3924 6312
122 263 208 328 ίΖό
660 248 942 316 ORATIO
977 254 1136 314 XIX.
1170 280 1239 289 —
1270 251 1353 313 IN
1391 232 1707 313 LAUDEM
1747 253 1805 313 S.
1843 245 2267 313 HYACINTHI
2306 250 2776 314 AMASTRENI.

3251 258 3359 324 4:26

122 377 371 443 λούμενος,
406 369 523 448 )tul.
580 368 703 423 καθ’
759 370 1033 437 ἑκάστην,
1078 368 1155 431 ὡς
1205 368 1418 433 είπείνλ,
1485 367 1668 431 αὐτοῖς

1797 365 2097 421 :habantur.
2155 366 2331 435 Atque
2377 366 2433 421 hi
2493 368 2713 440 quidem
2748 367 2850 435 illi,
2906 373 2967 423 ut
3012 368 3123 425 Deo
3190 376 3364 428 sacri-

122 463 355 536 προσιὼν,
382 460 682 532 παρηγγύα
714 460 806 513 καὶ
851 458 1257 529 παρήγγελλεν,

176 733 234 797 ζ’.
271 747 289 781 ι
333 726 562 798 Ἄνδρες
594 725 837 789 πολῖται,
869 724 1065 793 λέγων,
1113 725 1273 788 ὅσοις
1321 725 1548 797 ἔμφρων
1590 728 1677 781 ὲν·-

120 824 354 876 ἐστακται
418 818 703 889 λογισμὸς,
752 816 948 888 δέομαι
982 817 1158 886 ὑμῶν,
1192 818 1331 889 ὀρθῇ
1361 820 1540 889 κρίσει
1566 810 1676 872 καὶ

117 915 338 987 διακονίᾳ
394 911 754 982 λελογισμένῃ
805 908 1162 981 κεχρημένοι,
1222 913 1335 974 τοῖς
1383 911 1473 980 ὑφ’
1520 913 1678 983 ὑμῶν

123 1007 495 1081 πραττομένοις
544 1005 881 1075 ὲπιστήσατε
930 1004 1019 1055 τὸν
1076 1002 1237 1056 νοῦνο
1272 1004 1447 1072 γνῶτε
1478 1005 1542 1075 δὴ
1584 1005 1679 1058 καὶ

121 1102 286 1155 σύνετε
317 1100 429 1152 τίνι
480 1094 774 1168 λατρεύετε
797 1112 813 1127 ·
847 1095 941 1149 καὶ
985 1096 1092 1149 τίνι
1123 1095 1186 1148 τὸ
1208 1096 1398 1159 σέὄας.
1426 1096 1503 1160 ὼς
1535 1097 1674 1167 Θεῷ,

122 1193 584 1265 προσαναφέρετε’
628 1190 704 1247 Δτί)
740 1188 896 1254 ξύλον
929 1189 1037 1260 γᾶρ
1088 1186 1265 1253 τοῦτο,
1322 1190 1466 1243 καθά
1496 1192 1590 1243 καὶ
1610 1190 1681 1244 τὰ

118 1287 261 1339 λοιπὰ
281 1284 474 1357 δένδρα
506 1283 709 1348 πάντα,
730 1281 837 1335 τῶν
874 1282 971 1351 μὲν
993 1278 1216 1351 ἀψύχων
1245 1282 1514 1350 σωμάτων
1549 1281 1681 1336 καλ-

117 1379 273 1443 λίονάς
296 1381 414 1432 ἐστι
447 1376 689 1446 φύσεως,
724 1375 848 1429 καθ’
888 1374 918 1427 ὃ
948 1374 1251 1446 θρεππκῆς
1284 1374 1420 1438 ὅλως
1457 1375 1551 1427 καὶ
1578 1375 1679 1427 αὑ-

120 1473 325 1543 ξητικῆς
353 1470 637 1541 δυνάμεως
692 1470 974 1541 εύμοιρεί·
1012 1470 1195 1538 χεῖρον
1238 1468 1294 1521 δὲ
1342 1468 1496 1531 ζώων
1536 1467 1671 1520 πάνυ

118 1548 230 1628 τῶν,
260 1567 344 1619 ὅτι
380 1565 561 1636 πάσης
605 1562 913 1634 αίσθήσεως
954 1564 1050 1616 xui.
1088 1560 1272 1633 πάσης
1311 1561 1682 1631 μεταὸατικῆς

119 1661 364 1727 κινήσεως
388 1659 641 1728 ἀμοιρεῖ·
675 1656 865 1728 ῶσπερ
886 1655 949 1727 δὴ
986 1656 1082 1709 καὶ
1113 1656 1221 1709 τῶν
1238 1654 1447 1722 ἀλόγων
1477 1654 1685 1707 ἕκαστα

119 1752 277 1814 ζώων,
296 1748 374 1819 τῷ
399 1749 501 1819 μὲν
527 1748 835 1818 αἰσθήσεως
882 1747 916 1817 ἢ
968 1748 1238 1819 κινήσεως
1263 1745 1536 1817 μετέχειν,
1576 1746 1685 1800 τῶν

119 1841 286 1911 φυτῶν
309 1842 627 1912 τελειότερα
657 1839 989 1910 δεικνύμενα
1009 1880 1024 1907 ,
1059 1840 1140 1911 τῷ
1186 1841 1393 1912 ἄμοιρα
1424 1838 1480 1892 δὲ
1525 1838 1683 1906 λόγου

120 1933 454 1998 καθεστάναι,
476 1931 571 1985 τοῦ
603 1927 896 2000 ἀνθρωπου
948 1930 1091 1984 κατὰ
1135 1928 1298 1996 φύσιν
1355 1929 1687 2001 χρηματίζει

120 2024 306 2095 χείρω·
344 2025 441 2077 καὶ
476 2024 588 2095 γὰρ
622 2022 719 2093 οὐχ
751 2022 1026 2093 ὁμοιειδὴς
1068 2022 1101 2091 ἡ
1149 2021 1347 2085 κτίσις,
1390 2021 1501 2102 οὐδ’
1550 2023 1683 2089 ὁμο-

118 2116 283 2183 ταγῶς
309 2116 379 2170 τὰ
412 2117 590 2169 πάντα
627 2117 693 2186 τῇ
732 2113 1054 2185 δημιουργῷ
1089 2114 1252 2185 σοφία
1296 2114 1685 2169 διατέτακται·

120 2211 301 2263 ἁλλ’ὲν
334 2209 696 2281 παναρμονίῳ
755 2209 825 2261 τὰ
874 2208 1052 2261 πάντα
1103 2207 1387 2277 συστοιχία
1437 2207 1531 2263 καὶ
1557 2208 1689 2260 ἀκο-

117 2302 311 2373 λουθίᾳ,
348 2303 459 2354 ἀπὸ
488 2300 582 2355 τοῦ
670 2300 939 2371 βελτίονος
997 2300 1091 2353 ἐπὶ
1119 2300 1179 2352 τὸ
1204 2293 1393 2370 ἧσσον,
1434 2299 1531 2353 καὶ
1582 2299 1691 2351 ἀπὸ

120 2394 205 2445 τοῦ
254 2394 445 2464 ὁμοίου
498 2393 595 2447 καὶ
650 2392 917 2456 οεοειδοῦς
961 2394 1055 2445 ἐπὶ
1108 2392 1169 2445 τὸ
1216 2391 1406 2462 πόρρω
1431 2390 1567 2445 Θεοῦ
1598 2394 1692 2445 καὶ

118 2488 356 2558 ἀνόμοιον
394 2487 626 2555 προάγει
659 2486 759 2557 τὴν
785 2485 1149 2557 δημιουργίαν
1172 2501 1185 2515 °
1215 2484 1291 2547 ὡς
1325 2486 1392 2537 ἂν
1441 2484 1516 2555 μὴ
1556 2484 1692 2553 ἀμέ-

120 2596 216 2641 σως
234 2581 345 2640 τοῖς
372 2578 485 2631 τῶν
517 2578 696 2650 ἔργων
733 2578 1006 2647 ἐσχάτοις,
1043 2577 1131 2630 διὰ
1174 2575 1383 2630 πολλῶν
1416 2573 1474 2627 δὲ
1500 2574 1608 2628 τῶν
1634 2576 1692 2626 ὲν

120 2671 256 2739 μέσῳ
306 2669 591 2740 θεωρηθῇ,
630 2668 731 2731 τὰς
782 2668 1102 2740 πρεπούσας
1163 2666 1419 2737 προνοίας
1466 2666 1692 2719 ἐπιϐάλ-

113 2762 307 2816 λουσα·
370 2764 487 2824 τοῖς
526 2761 797 2815 κάτωθενκ
825 2760 883 2814 δὲ
931 2760 1067 2831 πρὸς
1121 2759 1283 2813 αὐτοῦ
1334 2760 1545 2813 ἀνιέναι
1593 2758 1691 2829 τὴν

118 2838 326 2923 σοφίαν⁶
355 2853 447 2906 διὰ
507 2853 739 2925 Θεωρίας
780 2850 1145 2922 βουλομένοις,
1184 2851 1273 2905 διά
1317 2867 1468 2913 τινας
1497 2849 1695 2902 ἀναδασ

118 2948 273 3015 opus;
309 2945 831 3018 προῦποσάλλουσα,
866 2944 960 2997 καὶ
998 2941 1206 3007 τούτοις
1249 2942 1349 3006 τὰς
1381 2941 1519 3013 προς
1561 2940 1694 2994 Θεὸν

116 3040 404 3103 inﬁdam;
439 3037 873 3103 κατευθύνουσα.

183 3318 252 3391 η’.
284 3340 303 3374 r
331 3318 434 3373 Διά
456 3317 616 3373 τοῦτο
634 3315 842 3390 τερῶτοι
867 3317 969 3388 μὲν
993 3316 1211 3386 ἀπάσης
1228 3315 1325 3381 τῆς
1349 3311 1555 3386 ὁρατῆς
1581 3310 1699 3365 κτί-

122 3431 272 3478 σεως,
305 3413 417 3467 dub
469 3411 571 3481 τῆς
603 3409 862 3465 ἀκτίστου
898 3407 1007 3463 τῶν
1039 3408 1174 3462 ὅλων
1216 3406 1417 3484 αίτίας,
1464 3405 1515 3457 oi
1562 3404 1697 3457 θεῖοι

122 3507 231 3568 νέες
260 3506 343 3567 είς
394 3504 457 3558 τὸ
499 3498 641 3577 εἶναι
694 3500 1164 3573 καταϐέϐληνται·
1217 3499 1337 3563 νόες
1390 3494 1696 3578 ἀσώματοι,

123 3595 394 3659 θεοειδεῖς.
446 3592 780 3663 φωτοειδεῖς,
836 3593 894 3645 ἐν
942 3590 1289 3662 ἀρετῇ’πρδς
1324 3594 1417 3641 τὸν
1453 3587 1698 3658 ἁχρόνως

124 3687 311 3749 αὐτοὺς
337 3684 659 3753 ὕφιστῶντα
688 3681 785 3753 τὴν
818 3681 1114 3751 ὁμοιότητα
1138 3677 1468 3748 κεκτημένοι
1498 3666 1592 3729 καὶ
1621 3675 1700 3728 ol-

124 3779 339 3833 κείωσιν
357 3794 376 3809 ο
411 3777 554 3849 μετά
578 3775 671 3829 τὺν
697 3774 823 3829 νοῦν
849 3775 1265 3845 δημιουργεῖται
1286 3771 1467 3840 λόγος,
1495 3771 1563 3840 τῇ
1603 3766 1697 3821 τοῦ

123 3872 409 3945 ἀνθρώπου
467 3867 1118 3938 συγκατααευαζὸμενος
1156 3865 1350 3936 obsign
1383 3863 1572 3928 σώζων
1601 3861 1700 3933 μὲν

124 3966 211 4019 καὶ
239 3965 411 4027 αὐτὸς
449 3961 641 4015 εἰκόνα
667 3960 787 4014 τινὰ
823 3959 916 4013 καὶ
962 3958 1227 4029 ὁμοίωσιν
1251 3954 1345 4010 τοῦ
1370 3955 1698 4017 πλάσαντος,

122 4052 274 4128 ἦττον
304 4056 388 4121 δὲ,
434 4054 468 4122 ἢ
498 4051 645 4107 κατὰ
681 4052 781 4121 τὴν
806 4050 917 4104 τῶν
954 4050 1092 4104 νόων
1140 4049 1312 4113 ιδέαν,
1340 4048 1429 4101 διὰ
1473 4051 1574 4118 τὴν
1606 4045 1701 4098 τοῦ

124 4147 362 4219 χείρονος
427 4146 667 4217 μετοχήν
697 4141 888 4213 ’μετὰ
918 4141 1008 4194 τὸν
1032 4139 1190 4209 λόγον
1239 4141 1317 4205 δὲ,
1358 4138 1635 4210 αἴσθησις,
1668 4136 1700 4206 ἢ

124 4240 223 4293 τῶν
253 4239 477 4308 ἀλόγων
536 4235 693 4302 ζώων
735 4234 797 4288 τὸ
837 4234 1147 4297 ίδιαίτατον,
1198 4230 1387 4301 ὥσπερ
1426 4231 1543 4282 ἐστὶ
1593 4228 1702 4281 τῶν

1781 457 2045 523 ﬁcantes,
2104 457 2318 514 hostias
2369 459 2713 527 oﬂ'erebant;
2760 462 2890 541 ipse
2957 479 3087 519 vero
3146 465 3366 534 pietati;

1780 547 1899 602 zelo
1931 562 2255 615 succensus,
2286 552 2660 623 quotidieque,
2710 562 2771 609 ut
2814 554 2895 610 sic
2944 555 3166 627 loquar,
3198 557 3368 612 homi-

1779 656 1879 696 nes
1902 638 2255 707 conveniens“,
2288 642 2446 698 ollicii
2475 646 2730 701 monebat
2759 656 2813 702 et
2842 648 3260 715 adhortabatur,

1852 734 1905 789 Ἰ.
1939 752 1958 786 ι
1990 732 2108 796 Viri
2126 735 2293 801 cives,
2311 735 2512 803 aiebat,
2536 741 2974 813 quotquotestis,
3002 742 3201 813 quibus
3222 758 3371 798 sara:

1781 826 1989 898 aliquid
2024 827 2255 884 rationis
2288 829 2451 892 inest,
2486 846 2619 903 rogo
2668 848 2785 901 vos,
2841 844 2990 890 recto
3037 835 3254 906 judicio
3306 854 3372 895 ac

1782 921 2033 976 consulto
2069 920 2279 986 animo,
2317 922 2404 978 his
2434 938 2554 991 quae
2587 939 2615 978 a
2650 926 2807 981 vobis
2836 937 3102 997 geruntur
3129 940 3370 985 mentem

1790 1014 2073 1069 attendite.
2112 1012 2342 1080 Scitote,
2380 1030 2589 1085 quaeso,
2624 1031 2688 1071 ac
2736 1018 3035 1090 intelligite,
3070 1036 3233 1092 quem
3273 1038 3371 1077 co-

1782 1107 1933 1173 latis,
1971 1106 2149 1172 cuive,
2195 1116 2258 1161 ut
2315 1104 2427 1162 Deo
2461 1109 2864 1164 venerationem
2917 1112 3243 1172 adhibeatis.
3279 1113 3372 1170 Et-

1782 1200 1929 1255 enim
1969 1199 2137 1254 arbor
2168 1202 2309 1263 haec,
2354 1207 2413 1255 ut
2456 1208 2511 1254 et
2568 1202 2841 1270 reliquum
2894 1204 3144 1275 stirpium
3202 1225 3374 1279 genus

1784 1302 1945 1363 atque
1990 1294 2273 1359 arborum,
2316 1295 2717 1365 praestantioris
2762 1297 2983 1367 quidem
3041 1287 3252 1357 natura:
3292 1316 3377 1359 est

1785 1402 1950 1456 quam
1983 1401 2216 1457 corpora
2271 1387 2541 1455 inanima,
2589 1403 2654 1444 ea
2703 1390 2919 1447 scilicet
2975 1395 3186 1451 ratione
3231 1399 3377 1468 quod

1785 1476 2060 1531 nutriendi
2121 1475 2383 1533 facultate
2447 1489 2613 1551 atque
2672 1482 2907 1553 augendi
2960 1484 3187 1551 prmdita
3250 1497 3373 1543 est:

1786 1567 2025 1621 deterior
2087 1583 2217 1623 vero
2273 1572 2490 1626 cunctis
2549 1572 2944 1636 animantibus,
3004 1576 3148 1645 quod
3197 1580 3377 1633 omnis

1789 1669 1985 1712 sensus
2010 1658 2302 1728 omnisque
2336 1658 2618 1729 gradiendi
2656 1671 2839 1715 motus
2897 1676 3092 1731 expers
3137 1672 3245 1718 est.
3288 1662 3379 1718 Uti

1790 1762 1922 1801 sane
1951 1747 2116 1801 etiam
2172 1747 2346 1803 brutae
2387 1764 2617 1821 qumque
2659 1751 2989 1818 animantes,
3048 1769 3157 1825 qua
3208 1770 3376 1811 sensu

1789 1849 2050 1910 motuque
2070 1840 2307 1910 praedita:
2334 1840 2483 1909 sunt,
2511 1844 2778 1913 stirpibus
2802 1847 3113 1916 plantisque
3133 1850 3378 1916 probatae

1788 1932 2110 1998 nobiliores,
2142 1933 2292 2002 ipsa,
2324 1934 2469 2004 quod
2513 1935 2729 1991 ratione
2766 1936 3118 2006 deﬁciuntur,
3157 1940 3379 1996 homine

1790 2032 1990 2077 natura
2048 2023 2326 2078 exsistunt
2377 2024 2688 2082 inferiores.
2750 2026 2870 2083 Non
2923 2030 3070 2085 enim
3130 2031 3378 2101 ejusdem

1788 2116 2010 2185 generis
2035 2125 2120 2169 est
2151 2116 2422 2186 quidquid
2454 2118 2509 2171 in
2548 2118 2713 2174 rebus
2743 2127 2986 2175 creatum
3021 2132 3127 2197 est,
3163 2124 3384 2179 eodem-

1788 2222 1898 2278 que
1948 2223 2013 2263 ae
2070 2208 2189 2278 pari
2243 2210 2462 2274 ordine,
2522 2211 2789 2267 creatrice
2848 2213 3127 2283 Sapientia
3184 2224 3384 2273 cuncta

1791 2300 2089 2354 constituta
2140 2310 2302 2366 sunt,
2361 2301 2456 2356 sed
2516 2302 2944 2359 coneinnissima
3011 2308 3195 2363 omnia
3241 2309 3385 2364 serie

1794 2391 2011 2461 aliaque
2058 2392 2182 2453 aliis
2236 2392 2590 2459 cohaerentia,
2637 2394 2706 2449 ab
2739 2408 2807 2449 eo
2840 2397 2986 2465 quod
3030 2400 3384 2467 praestantius

1793 2492 1898 2547 est,
1928 2484 1995 2537 ad
2020 2484 2231 2555 idquod
2260 2485 2505 2540 deterius
2539 2494 2645 2552 est,
2675 2492 2839 2556 atque
2869 2488 2939 2542 ab
2958 2504 3023 2543 eo
3041 2492 3387 2561 quodsimile

1792 2590 1857 2629 ac
1891 2574 2179 2643 deiforme,
2213 2575 2282 2631 ad
2308 2577 2359 2631 id
2392 2576 2538 2646 quod
2563 2577 2806 2645 procula
2841 2578 2954 2635 Deo
2987 2596 3053 2637 ac
3092 2584 3383 2651 dissimile,

1792 2667 2056 2738 producta
2094 2668 2169 2723 illi
2211 2678 2418 2724 crcat.o
2465 2676 2597 2735 est;
2649 2683 2719 2723 ne
2781 2668 3096 2728 immediate
3123 2678 3388 2731 extremis

1755 2760 2073 2831 'Operibus,
2129 2758 2223 2813 sed
2275 2760 2528 2828 pluribus
2576 2759 2772 2816 mediis
2814 2761 3139 2832 interjectis,
3188 2781 3391 2825 conve-

1795 2849 2040 2901 nientem
2105 2848 2504 2916 providentiam
2553 2861 2857 2920 curamque
2910 2852 3173 2910 adhibere
3230 2855 3390 2914 intel-

1798 2936 2024 3008 ligatur,
2078 2937 2279 3008 hisque
2307 2938 2444 2993 adeo
2471 2938 2565 3008 qui
2606 2939 2676 2994 ab
2726 2939 3084 3000 inferioribus
3114 2943 3182 3000 ad
3213 2944 3389 3018 ipsam

1722 3072 1767 3131 ϐ
1800 3043 1898 3099 per
1919 3030 2441 3100 contemplationem
2472 3030 2640 3087 velint
2662 3047 2973 3103 assurgere,
2996 3037 3154 3106 quasi
3184 3042 3391 3110 gradus

1799 3121 2067 3198 quosdam
2126 3124 2513 3188 substernere,
2570 3126 3040 3197 ascensionesque
3086 3130 3144 3185 in
3209 3131 3384 3191 Deum

1796 3212 2051 3284 dirigere.

1867 3307 1921 3361 8.
1952 3326 1971 3359 ι
2005 3307 2378 3374 Quamobrem
2405 3314 2531 3363 ante
2558 3323 2777 3364 omnem
2801 3320 3134 3380 creaturam,
3156 3314 3210 3369 in
3230 3331 3389 3388 aspe-
3416 3348 3419 3350 -

1800 3410 1950 3457 ctum
2004 3400 2332 3467 cadentem,
2388 3400 2634 3459 increato
2694 3402 3387 3476 universorumnuctore,

1799 3493 2001 3549 divina:
2043 3504 2255 3549 mentes
2319 3492 2398 3563 (5)
2455 3492 2511 3547 in
2566 3508 2749 3548 rerum
2803 3504 3054 3550 naturam
3111 3500 3389 3568 producta:

1802 3595 1967 3642 sunt:
2021 3596 2233 3642 mentes
2279 3586 2490 3641 scilicet
2528 3585 2889 3657 incorporea,
2947 3587 3265 3654 deiformes,
3308 3593 3389 3646 lu-

1804 3678 2099 3745 ciformes,
2163 3689 2221 3733 ut
2280 3678 2361 3734 sic
2410 3679 2573 3734 liceat
2640 3678 2831 3748 loqui,
2882 3680 3099 3737 virtutis
3145 3683 3389 3751 partibus

1803 3784 1928 3823 cum
1958 3769 2396 3839 intemporaliter
2420 3771 2757 3839 producente
2781 3772 3193 3830 similitudinem
3217 3786 3391 3831 nacta:

1803 3876 1869 3915 ac
1898 3861 2359 3917 necessitudinem
2385 3879 2397 3914 :
2428 3865 2670 3920 secunda
2706 3880 2735 3918 a
2782 3874 2965 3921 mente
2990 3867 3219 3937 origine,
3253 3871 3392 3923 ratio

1803 3952 2061 4009 conditur
2149 3968 2213 4009 ac
2266 3965 2603 4024 procreatur,
2669 3956 2785 4024 ipsa
2853 3956 3090 4011 hominis
3141 3959 3393 4027 essentia:

1804 4060 1990 4101 comes
2034 4044 2344 4100 fabricata:
2392 4060 2513 4116 quae
2561 4046 2780 4115 quidem
2814 4046 2933 4114 ejus
2989 4046 3083 4116 qui
3133 4047 3390 4104 formavit

1806 4136 2102 4208 imaginem
2126 4138 2417 4207 quamdam
2441 4151 2505 4191 ac
2534 4136 2946 4191 similitudinem
2976 4137 3093 4207 ipsa
3133 4142 3389 4209 retineat,

1806 4227 1967 4297 longe
2001 4234 2180 4280 tamen
2232 4241 2391 4294 quam
2442 4240 2541 4295 pro
2588 4227 2855 4281 mentium
2918 4226 3133 4283 ratione
3166 4229 3393 4285 inferio—

125 4332 349 4402 λογικῶν
393 4334 424 4385 ὁ
483 4331 671 4398 λόγος·
704 4328 842 4399 μετά
876 4328 971 4396 τὴν
1007 4324 1258 4396 αἴσθησιν
1286 4323 1363 4388 δὲ,
1397 4325 1430 4395 ἡ
1473 4321 1691 4391 ἀπλῆ,’ί

1811 4333 1923 4373 rem
1956 4318 2026 4371 ob
2057 4316 2176 4386 ejus
2216 4316 2609 4372 commercium
2661 4320 2806 4387 quod
2853 4316 3098 4376 deterius
3130 4330 3228 4376 est.
3262 4322 3395 4377 Post

126 4383 785 4497 *τέτακταίζῶὶμ
812 4383 988 4489 πάσης
1018 4383 1282 4488 ὑφειμένη
1304 4415 1404 4486 τῆς
1419 4383 1664 4484 Ϊκτιτεως
1686 4430 1691 4441 “

1812 4410 2075 4463 rationem
2146 4418 2351 4472 autem,
2412 4424 2629 4474 sensus,
2689 4410 2975 4465 hrutarum
3032 4413 3393 4469 animantium

130 4518 284 4586 μόνης
312 4518 374 4570 δὲ
399 4517 502 4585 τῆς,
556 4513 769 4585 ἀψύχου
802 4513 979 4582 πάντη
1011 4511 1105 4565 καὶ
1133 4508 1346 4579 ὑλικῆς,
1368 4507 1428 4562 ὃν
1458 4506 1703 4568 εἰπόντες
1746 4574 1749 4578 1

128 4608 487 4681 προέφθημεν
518 4608 738 4678 τρόπον,
775 4603 1282 4676 καθυπερτεροῦσα.

1811 4499 2308 4574 peculiarissimum
2337 4516 2542 4557 munus
2578 4506 2747 4573 atque
2774 4500 2896 4571 dos,
2926 4504 3003 4559 uti
3040 4507 3180 4561 ratio
3202 4522 3395 4562 eorum

1812 4594 1907 4667 qui
1960 4594 2046 4648 illa
2081 4593 2290 4663 praediti
2344 4604 2491 4649 sunt.
2542 4595 2587 4648 A
2640 4611 2806 4651 sensu
2846 4596 3092 4667 sequitur
3120 4600 3226 4655 vita
3267 4602 3399 4656 sim-

126 4705 259 4771 plex,
317 4717 526 4772 nempe
584 4700 923 4771 vegetabilis,
987 4698 1178 4752 inﬁmo
1239 4696 1386 4751 omni
1433 4700 1697 4750 creaturae
1728 4690 1951 4761 gradu;
1998 4688 2101 4771 sic
2160 4686 2419 4742 nimirum
2494 4697 2554 4743 ut
2621 4684 2751 4745 'soli
2833 4705 3065 4760 prorsus
3139 4692 3398 4750 inanimae

128 4807 490 4865 terrenaque,
524 4792 590 4846 ad
619 4807 743 4847 eum
767 4806 928 4860 quem
961 4791 1212 4859 superius
1232 4789 1547 4842 dicebamus
1580 4784 1827 4849 modum,
1854 4780 2156 4855 praecellat.

192 4890 256 4941 δ’.
277 4908 296 4938 ι
329 4889 396 4941 Εἰ
420 4881 521 4939 οὖν
542 4882 655 4937 οὔτ’
676 4881 954 4951 αἴσθησιν,
973 4878 1095 4932 οὔτε
1123 4879 1302 4947 λόγον,
1323 4876 1448 4930 οὔτε
1475 4877 1532 4929 δὲ
1557 4875 1685 4929 νοῦν

1885 4872 1941 4927 9.
1984 4887 2001 4921 ι
2026 4869 2162 4926 Cum
2196 4871 2359 4941 igitur
2388 4886 2491 4925 nec
2520 4887 2740 4928 sensum
2769 4886 2869 4927 nec
2898 4874 3193 4941 rationem,
3222 4888 3280 4933 ut
3304 4896 3397 4934 nc-

128 4983 187 5032 τά
234 4980 346 5033 τῶν
391 4977 724 5048 ποιημάτων
776 4974 1038 5028 κάλλιστα
1066 5010 1080 5036 ,
1118 4969 1375 5040 τιμητέον
1426 4970 1501 5032 ὡς
1556 4968 1691 5020 θεοὺς

1814 4980 1923 5036 que
1949 4974 2205 5033 mentem,
2252 4976 2563 5020 creatorum
2588 4966 2983 5036 pulcherrima,
3027 4979 3088 5024 ut
3130 4970 3265 5026 deos
3307 4989 3398 5029 co-

131 5071 437 5141 (ποιήματα
476 5070 609 5140 γὰρ,
657 5068 751 5122 καὶ
796 5066 973 5119 πάντα
1022 5064 1157 5134 πρὸς
1186 5060 1342 5125 δόξαν
1374 5059 1511 5113 ίδίαν
1540 5059 1570 5113 ὁ
1604 5057 1691 5112 τῶε

1813 5056 1931 5112 lere
1955 5056 2155 5113 liceat:
2190 5057 2390 5128 quippe
2431 5068 2735 5123 creaturas,
2782 5072 2848 5112 ac
2888 5074 3011 5130 quae
3056 5062 3241 5117 omnia
3272 5065 3395 5116 uui-

128 5161 342 5215 πάντων
366 5160 747 5233 παραγωγεὺς
767 5154 1246 5224 κατεσκευάσατο),
1274 5153 1390 5217 πῶς
1414 5152 1482 5206 τὰ
1513 5151 1691 5224 μακρᾷ

1816 5163 2101 5205 versorum
2128 5150 2421 5220 productor
2442 5151 2493 5205 in
2523 5160 2679 5206 suam
2704 5151 2935 5222 gloriam
2966 5153 3264 5209 fabricatus
3289 5156 3395 5210 sit:

128 5252 224 5321 τὴν
253 5252 431 5321 φύσιν
498 5253 726 5307 ὲκείνων
768 5250 1065 5320 ἀτιμότερα
1124 5245 1513 5317 νομισθείησαν
1559 5242 1673 5299 θεοί

1822 5243 2046 5314 quinam
2081 5244 2190 5309 ﬁat,
2227 5253 2285 5297 ut
2314 5257 2437 5313 qua
2481 5242 2566 5299 bis
2619 5244 2781 5316 longe
2829 5254 3026 5301 natura
3075 5247 3395 5316 ignobiliora

131 5341 245 5404 πῶς
270 5341 333 5417 ὃς
366 5341 469 5393 τὸν
494 5342 670 5395 λωτὸν
690 5340 923 5405 τουτονὶ,
955 5339 1057 5410 γῆς
1086 5335 1216 5390 ὄντα
1243 5335 1476 5407 καρπὸν,
1506 5334 1600 5388 καὶ
1624 5336 1691 5403 ἐφ

1821 5345 1988 5400 sunt,
2049 5335 2123 5388 dii
2177 5334 2606 5389 existimentur?
2649 5334 2941 5409 Quomodo
2992 5346 3170 5390 autem
3224 5337 3395 5391 lotum

1824 5424 1988 5489 hanc,
2029 5434 2186 5479 terra:
2210 5424 2419 5479 scilicet
2441 5439 2691 5495 germen,
2727 5437 2889 5498 atque
2920 5442 3028 5480 uno
3059 5426 3278 5495 quidem
3302 5444 3393 5480 ru-

1818 5518 2053 5573 dicatam
2084 5517 2226 5581 loco,
2250 5518 2407 5572 omni.
2427 5533 2557 5575 vero
2587 5532 2871 5578 ventorum
2889 5519 3042 5575 ﬂatui
3066 5521 3400 5611 expositam,

130 5432 245 5496 ὲνδς
275 5433 383 5502 μὲν
418 5431 792 5502 ἑρῤιζωμένον
815 5431 1001 5495 τόπου,
1040 5427 1259 5497 ἀνέμοις
1283 5426 1340 5479 δὲ
1376 5427 1509 5479 πᾶσι
1532 5424 1714 5478 δονού-

128 5524 491 5595 μενονγπυρί
523 5540 584 5575 τε
607 5522 705 5576 καὶ
736 5522 942 5592 σιδήρῳ
963 5522 1103 5576 κατὰ
1140 5519 1302 5590 φύσιν
1328 5518 1707 5589 ὑποκείμενον,

193 5703 275 5777 (5)
311 5704 467 5759 Puto
488 5702 575 5772 hie
598 5715 696 5770 per
727 5699 945 5755 divinas
994 5709 1201 5759 mentes
1230 5699 1457 5771 intelligi
1480 5698 1727 5759 caelestes
1756 5699 2004 5771 spiritus,
2035 5712 2170 5769 quos
2196 5696 2358 5770 vulgo
2384 5699 2613 5777 angelos
2643 5702 3012 5759 nominamus.

469 5796 745 5860 Panos.
782 5796 898 5857 Gn.
931 5793 1056 5857 CV.

2932 5796 3007 5857 1ίι
