3924 6312
635 360 743 442 ,ιετ

1841 351 2135 414 NICET/E
2172 346 2701 413 PAPHLAGONIS

3776 350 3907 441 £38}

587 505 606 514 -
642 467 864 538 igniquo
897 480 959 521 ac
980 465 1124 519 ferro
1154 472 1347 518 natura
1416 461 1734 525 obnoxiam,
1768 461 2063 533 quomodo,
2119 462 2203 516 iu-

2317 459 2423 523 πῶς
2442 461 2632 515 τοῦτον
2660 461 2814 527 Θεὸν,
2847 455 2891 517 ὣ
2921 461 3132 534 ἄνδρες,
3166 463 3224 515 οὐ
3259 461 3519 531 φρίσσετε
3551 459 3759 524 καλεῖν,
3781 461 3854 514 θυ-

642 574 828 630 quam,
864 572 983 613 eam
1004 555 1173 611 Deum
1208 570 1423 620 vocare,
1464 569 1496 609 ο
1527 554 1649 618 viri,
1695 569 1801 623 non
1833 554 2209 625 perhorresci-

628 626 759 717 jtis;
800 638 899 706 nec
954 662 1051 704 vos
1090 647 1255 718 pudet
1293 646 1528 701 victimis
1587 662 1652 702 ac
1706 646 2015 701 libamentis
2058 646 2207 701 omni

641 742 954 798 destitutam
987 740 1450 805 sensu'naturam
1486 738 1782 792 venerari?
1811 736 1936 793 llaec
1962 738 2107 792 enim
2162 738 2209 793 si

642 833 785 887 Deus
818 843 923 895 est,
954 831 1059 885 erit
1091 829 1337 901 profecto
1360 839 1411 883 et
1443 830 1617 884 saltus
1648 829 1830 883 omnis
1858 828 1999 883 Deus
2032 846 2044 883 :
2070 844 2202 884 cun-

642 934 727 978 cta
756 921 899 978 enim
934 923 1096 978 unius
1167 930 1372 975 natura:
1401 930 1531 975 sunt
1555 960 1569 986 ,
1625 921 1848 976 arbores
1902 920 2107 976 scilicet
2147 934 2213 976 ac

639 1016 807 1085 ligna.
844 1013 998 1080 Quod
1025 1013 1071 1068 si
1107 1014 1332 1068 arbores
1358 1014 1433 1067 dii
1464 1022 1614 1080 sunt,
1674 1012 1949 1083 quomodo
1999 1012 2207 1067 securi-

642 1108 743 1161 bus
772 1100 1085 1160 excidentes
1119 1104 1340 1174 ignique
1371 1104 1629 1174 pabulum
1658 1103 2033 1173 subjicientes,
2095 1117 2208 1157 non

643 1194 957 1264 impietatis,
997 1202 1142 1249 etut
1198 1194 1288 1249 Dei
1346 1194 1647 1249 adversarii
1707 1193 1963 1257 audiatis,
2030 1191 2201 1246 aleam

641 1286 881 1341 subitis?
915 1286 1018 1341 Res
1082 1285 1324 1341 stultitiae
1349 1287 1531 1356 plena,
1574 1285 1776 1355 profusi
1802 1284 2060 1355 stuporis,
2094 1283 2212 1339 exi-

641 1393 760 1449 gua:
789 1376 1285 1449 fragilique-arbori
1324 1393 1388 1433 ac
1440 1394 1664 1448 prorsus
1724 1364 1897 1431 inutili
1936 1376 2213 1432 attendere

643 1457 912 1531 animum.
943 1479 996 1524 et
1027 1477 1085 1522 ut
1144 1469 1251 1529 Deo
1282 1469 1483 1523 cultum
1524 1468 1597 1521 illi
1644 1467 1921 1521 adhibere.
1975 1465 2029 1521 Si
2065 1457 2211 1521 enim

643 1557 737 1631 q'ui
767 1563 965 1616 cretum
994 1561 1194 1631 ipsum,
1222 1557 1503 1627 solemque
1537 1568 1588 1612 et
1629 1557 1812 1626 lunam
1835 1572 1899 1611 ac
1930 1557 2212 1612 stellarum

644 1653 907 1722 quasdam
938 1661 1033 1706 seu
1078 1651 1317 1707 siderum
1364 1648 1562 1702 deitate
1616 1647 1930 1715 donarunt,
1980 1649 2216 1719 reliqua-

2317 554 2461 617 σίαις
2499 570 2555 606 τε
2597 554 2693 605 καὶ
2741 555 2993 619 σπονδαῖς
3049 554 3148 624 τὴν
3195 552 3521 623 ἀναίσθητον
3568 553 3728 621 φύσιν
3776 555 3856 606 οὐκ

2314 641 2635 711 αἰσχύνεσθε
2664 644 2832 713 τιμᾷν
2858 661 2874 708 ;
2906 644 2967 696 El
3004 643 3113 714 γὰρ
3144 641 3275 705 Θεὸς
3298 642 3477 705 τοῦτο,
3504 640 3600 694 καὶ
3634 643 3739 695 πᾶν
3769 642 3857 711 ἄρα
3906 626 3907 629 Ἴ

2314 732 2474 796 ἄλσος
2509 734 2641 796 Θεὸς
2669 730 2734 807 ἂν
2767 734 2851 803 εἴη
2877 751 2890 765 ·
2956 737 3131 789 πάντα
3159 736 3267 807 γάρ
3311 736 3428 789 ἑστι
3472 732 3690 803 φύσεως
3724 736 3855 803 μιῑςο

2316 822 2449 892 ξύλα
2476 824 2587 899 γάρ
2614 839 2628 854 ο
2669 811 2793 878 εἰδὲ
2834 824 2900 878 τὰ
2952 824 3083 890 ξύλα
3107 825 3240 891 θεοὶ,
3271 826 3386 890 πῶς
3413 823 3592 879 ταῦτα
3620 826 3737 887 ταῖς
3761 824 3859 888 ἀξί-

2317 933 2435 979 ναις
2466 916 2847 981 ὶκκόπτοντες,
2886 917 2977 970 καὶ
2991 916 3068 987 τῷ
3080 919 3217 991 πυρὶ
3242 917 3448 990 τροφὴν
3467 916 3857 983 ὑποσάλλοντες,

2317 1006 2378 1059 οὐ
2408 1005 2747 1060 κινδυνεύετε
2782 1005 3112 1078 θεομαχεῖνς
3145 1007 3354 1076 Πολλῆς
3387 992 3548 1061 τοῦτο
3580 1006 3743 1075 γέμει
3763 1005 3861 1058 ἁλο-

2317 1096 2464 1164 γίας,
2502 1096 2946 1168 ὑπερϐαλλούσης
2986 1095 3370 1166 ἀναισθησίας,
3406 1095 3600 1166 βραχεῖ
3631 1097 3722 1148 καὶ
3752 1097 3861 1147 ὐπο-

2319 1188 2505 1259 σάθρῳ
2533 1188 2673 1259 ξύλῳ
2721 1190 2824 1241 καΥ
2843 1189 3086 1259 ἀνονητῳ
3119 1187 3299 1242 πάντα
3322 1188 3679 1258 προσανέχειν
3710 1202 3764 1239 τε
3788 1186 3863 1237 καὶ

2316 1277 2603 1347 λατρεύειν
2636 1278 2711 1341 ὠς
2736 1276 2877 1347 Θεῷ.
2913 1278 2975 1330 El
3007 1278 3113 1347 γὰρ
3143 1277 3190 1330 οί
3216 1275 3308 1328 τὸν
3327 1276 3555 1345 οὐρανὸν
3582 1274 3764 1338 αὐτὸν,
3792 1276 3863 1325 καὶ

2316 1366 2597 1438 τὸνῆλιον,
2638 1366 2873 1437 σελήνην,
2914 1382 2988 1427 τε
3042 1365 3138 1419 καὶ
3176 1364 3426 1435 ἀστέρων
3458 1360 3612 1426 τινὰς
3638 1362 3865 1429 θεοποιήη

2321 1474 2532 1521 σαντες,
2562 1457 2631 1511 τά
2659 1474 2719 1509 τε
2736 1457 2898 1512 λοιπὰ
2930 1458 3190 1527 στοιχεῖα,
3231 1454 3324 1509 καὶ
3362 1453 3495 1507 αὐτὸ
3533 1451 3868 1527 σεϐαζόμενοι

2317 1549 2379 1603 τὸ
2401 1548 2558 1624 πῦρη
2584 1548 2792 1602 ἔνδικον
2825 1526 3162 1618 ἀπειλήφασι
3198 1549 3302 1619 τὴν
3340 1547 3533 1617 ὀργὴν,
3567 1526 3653 1597 δτι
3682 1544 3780 1612 οὐχ
3808 1541 3868 1605 ὡς

2319 1640 2453 1694 Θεὸν
2500 1638 2760 1705 ἐδόξασαν
2812 1640 2845 1710 ἢ
2903 1639 3308 1711 εὐχαρίστησαν
3341 1638 3432 1691 τὸν
3472 1636 3585 1702 τ’ῶν
3635 1635 3871 1688 ἁπάντων

540 3130 543 3131 ν
651 3110 879 3171 turaque
900 3101 1221 3155 deteriorem
1246 3118 1409 3172 quam
1434 3118 1530 3172 pro
1565 3104 1803 3158 hominis
1860 3106 2172 3173 praestantia
2200 3123 2215 3171 ;

562 3516 563 3519 η
650 3462 822 3516 titiam
851 3462 1151 3531 dirigamur
1211 3482 1237 3518 :.
1276 3465 1371 3533 qui
1422 3480 1616 3534 nempe
1670 3481 1883 3535 semper
1940 3468 2052 3535 ipse
2107 3478 2211 3531 est,

645 1758 752 1811 que
774 1743 1041 1797 elementa
1071 1755 1135 1794 ac
1183 1739 1363 1807 ignem
1411 1736 1587 1807 ipsum
1630 1748 1975 1801 venerantes,
2006 1737 2208 1808 justam

2323 1733 2659 1806 παραγωγία
2687 1748 2747 1784 τε
2775 1731 2871 1786 καὶ
2931 1730 3182 1800 ωνοχὲα,
3214 1728 3351 1782 ἀλλὰ
3380 1730 3494 1791 τοῖς
3533 1726 3719 1780 αὐτῶν
3746 1724 3869 1790 λογι-

646 1834 783 1888 iram
823 1840 1163 1899 receperunt,
1218 1828 1364 1899 quod
1409 1843 1515 1883 non
1551 1828 1693 1882 sicut
1747 1827 1914 1884 Deum
1950 1830 2208 1899 glorilica-

2322 1826 2479 1894 σμοῖς
2540 1823 2966 1895 ματαιωθέντις,
3019 1822 3358 1893 ιλάτρευσαν
3410 1822 3479 1891 τῇ
3518 1818 3701 1872 κτίσει
3743 1817 3871 1885 παρὰ

643 1920 864 1989 verunt,
900 1931 994 1976 aut
1054 1922 1261 1995 gratias
1319 1928 1569 1989 egerunt,
1620 1919 1741 1988 ejus
1784 1921 1934 1974 cultu
1984 1919 2208 1989 impcnsi

2319 1912 2410 1966 τὸν
2439 1912 2697 1967 κτίσαντα
2724 1928 2739 1944 ο
2774 1911 2953 1983 πολλῷ
2988 1910 3189 1983 μᾶλλον
3226 1912 3405 1981 ὑμεῖς,
3455 1911 3506 1963 0i
3531 1910 3624 1963 τὸν
3651 1909 3752 1977 τῆς
3782 1906 3872 1958 κτί-

644 2014 737 2083 ριιί
763 2014 947 2068 omnia
994 1994 1251 2083 produxit
1302 2021 1723 2081 conservatque,
1755 2009 1848 2066 sed
1882 2025 2208 2067 evanescen-

2321 2019 2458 2067 σεως
2511 2002 2641 2075 ὅλης
2693 2002 2999 2073 φυτουργὸν
3024 2000 3281 2070 ἀφιντις,
3313 2000 3408 2053 καὶ
3446 1998 3524 2069 τῷ
3560 1994 3872 2068 χαμαιζήλῳ

645 2105 809 2158 ιεελὶιι
855 2102 1277 2173 cogitationibus
1336 2102 1450 2157 suis
1494 2104 1535 2168 ',
1568 2102 1855 2157 coluerunt
1913 2112 2208 2158 creaturam

2318 2096 2493 2167 τούτῳ
2517 2094 2669 2167 φυτῷ
2701 2097 2763 2162 τὸ
2796 2094 3028 2167 φοδερδν
3053 2093 3225 2159 ὄνομα
3265 2092 3357 2146 τοῦ
3384 2092 3521 2145 Θεοῦ
3552 2089 3872 2159 καταψευδύ·
3906 2118 3907 2131 ι

647 2194 823 2265 magis
848 2210 1012 2265 quam
1030 2193 1357 2249 Creatorem
1389 2211 1402 2260 ;
1437 2194 1596 2264 longe
1622 2210 1719 2251 vos
1745 2196 1940 2264 potiori
1974 2196 2208 2261 ratione,

2318 2206 2494 2257 μενοι,
2521 2188 2735 2243 δικαίαν
2759 2187 2843 2258 ἔφ’
2873 2187 3100 2249 ἑαυτοὺς
3145 2186 3333 2239 ῑλκετε
3374 2184 3468 2239 τοῦ
3514 2197 3871 2253 καταφρονου-

648 2281 783 2336 dum
864 2296 931 2337 eo
1010 2281 1235 2347 omisso,
1305 2283 1396 2351 qui
1429 2293 1685 2353 creatura!
1720 2286 1898 2339 omnis
1928 2293 2079 2340 sator
2108 2294 2208 2352 est,

2322 2286 2483 2355 μένου
2514 2283 2610 2354 τὴν
2640 2273 2897 2352 ἀπειλήνε

646 2372 840 2428 humili
888 2374 1015 2429 huic
1065 2374 1224 2443 stirpi
1281 2374 1619 2433 trcmendmn
1676 2378 1767 2433 Dei
1816 2393 2014 2434 nomen
2065 2377 2205 2434 falso
2263 2379 2554 2446 ascribitis,
2597 2378 2801 2448 justam
2857 2376 2911 2431 in
2975 2373 3356 2444 vosmetipsos,
3402 2371 3520 2441 ejus
3554 2369 3651 2441 qui
3715 2384 3747 2424 a
3795 2383 3875 2423 vo-

646 2470 733 2524 bis
792 2472 1197 2537 contemnitur,
1250 2473 1675 2543 indignationem
1712 2472 1947 2528 trahitis.

717 2559 807 2615 10.
849 2578 868 2612 ι
920 2561 977 2615 Si
1039 2562 1165 2631 quid
1206 2563 1370 2633 igitur
1409 2564 1542 2618 mihi
1572 2564 1810 2629 creditis,
1846 2564 1947 2619 viri
1979 2566 2146 2631 cives,
2176 2583 2208 2621 si

2400 2563 2451 2618 t'.
2477 2582 2497 2617 ι
2519 2562 2587 2617 El’
2615 2579 2668 2615 τι
2694 2556 2787 2615 οὖν
2813 2559 2939 2630 ἑμοὶ
2968 2555 3245 2620 πείθεσθε,
3276 2546 3322 2607 ὦ
3349 2551 3539 2622 ἄνδρες
3570 2550 3812 2615 πολῖται,
3839 2549 3881 2601 τί
3906 2556 3907 2559 ‘

646 2665 753 2721 qua
793 2651 949 2706 vobis
978 2665 1108 2721 cura
1142 2653 1336 2710 salutis
1362 2663 1466 2719 est,
1489 2654 1741 2709 arborem
1771 2655 1914 2711 hanc
1952 2656 2208 2711 succidite

2320 2674 2374 2712 τι
2403 2656 2556 2727 μέλει
2581 2656 2679 2724 τῆς
2708 2653 2915 2715 οίκείας
2969 2648 3239 2720 σωτηρίας
3266 2648 3417 2718 ὑμῖν,
3461 2644 3523 2697 τὸ
3556 2643 3659 2715 μὲν
3681 2643 3885 2713 δένδρον

578 2756 581 2757 ⁷
648 2748 705 2795 et
751 2740 806 2793 in
862 2742 1043 2810 ignem
1100 2742 1316 2807 mittite,
1366 2743 1508 2813 quod
1564 2744 1711 2799 nulla
1746 2744 1848 2799 alia
1883 2744 2002 2815 ejus
2059 2747 2208 2801 vobis

2317 2745 2475 2800 τοῦτο
2509 2742 2802 2812 ἐκκόψατε,
2832 2741 2929 2794 καὶ
2954 2740 3034 2802 είς
3091 2737 3204 2807 πῦρ
3240 2735 3484 2806 βάλλετε,
3523 2734 3605 2786 ὅτι
3657 2732 3784 2801 μηδ’
3817 2732 3883 2792 ti;

653 2830 862 2885 utilitas
893 2831 964 2885 sit
996 2824 1104 2901 (ὥς
1136 2832 1351 2902 ipsiun
1377 2849 1561 2888 rerum
1594 2836 1845 2891 omnium
1878 2837 2051 2891 oculis
2084 2838 2208 2891 sub-

2317 2838 2445 2894 ἄλλο
2473 2855 2526 2891 τι
2584 2836 2684 2906 μὲν
2731 2831 3055 2905 χρησιμεύει
3104 2830 3266 2899 ὑμῖν·
3307 2828 3459 2881 αὐτοὶ
3488 2826 3544 2880 δὲ
3577 2825 3768 2910 πᾶσαν
3792 2822 3886 2875 τῶν

646 2920 922 2993 jectarum
976 2931 1226 2977 creatura
1292 2925 1553 2979 mentium
1620 2926 1851 2995 cogitatu
1923 2941 2208 3007 superata,

2317 2928 2607 3001 ὁρωμένων
2638 2926 2734 2997 τὴν
2770 2926 2945 2979 κτίσιν
2989 2926 3115 2986 ταῖς·
3156 2920 3415 2982 διανοίαις
3448 2917 3885 2986 ὑπερϐαίνοντες.

650 3026 815 3080 quam
849 3026 1065 3065 omnem
1094 3014 1268 3068 nosu-i
1314 3022 1483 3069 causa
1518 3030 1625 3068 non
1672 3014 1835 3070 lateat
1860 3016 2080 3080 editam,
2121 3033 2208 3071 na-

2319 3022 2519 3087 ndoav,
2560 3018 2717 3089 ἡμῶν
2808 3016 2993 3069 ’ἐνεκεν
3062 3010 3434 3081 γεγενημένην
3495 3008 3705 3071 ειδότες
3731 3049 3748 3075 ,
3810 3010 3889 3060 καὶ

2320 3113 2487 3182 χείρω
2540 3108 2634 3162 τοῦ
2682 3107 2968 3178 ἀνθρώπου
3013 3106 3153 3159 κατὰ
3204 3104 3368 3173 φύσιν
3417 3101 3602 3165 οὖσαν,
3635 3100 3907 3154 illam,

651 3192 743 3245 sed
778 3200 833 3245 et
870 3192 1211 3260 superiorum
1243 3193 1401 3245 nobis
1450 3193 1741 3257 mentium,
1792 3203 2208 3263 sanctarumque

2318 3204 2416 3273 τὴν
2439 3202 2580 3271 ὑπὲρ
2615 3202 2759 3269 ἡμᾶς
2786 3199 3002 3269 ποίησιν
3032 3197 3140 3251 τῶν
3177 3194 3379 3266 νοερῶν
3407 3194 3502 3257 καὶ
3527 3192 3709 3261 ἁγίων
3736 3193 3889 3261 ἀφέν-

649 3280 1076 3336 substantiarum
1129 3282 1335 3336 omissa
1379 3274 1610 3361 factura,
1635 3298 1730 3338 seu
1760 3285 1940 3352 potius
1965 3285 2030 3339 iis
2058 3283 2208 3354 quasi

2320 3312 2409 3358 τες
2436 3292 2658 3359 οὐσιῶν,
2708 3289 2905 3361 μᾶλλον
2953 3288 3011 3343 δὲ
3057 3287 3125 3340 δι’
3173 3284 3354 3339 αὐτῶν
3388 3284 3889 3355 χειραγωγούμενοι

600 3365 612 3371 ’
649 3385 812 3426 manu
847 3372 1192 3437 ducentibus,
1235 3375 1301 3426 ad
1332 3358 1589 3452 ejus,_qui
1649 3390 1771 3429 vere
1803 3375 1945 3431 Deus
1974 3386 2074 3442 est,
2109 3391 2208 3431 no-

2322 3388 2455 3457 πρὺς
2511 3384 2607 3451 τὴν
2659 3382 2862 3451 γνῶσιν
2917 3379 3011 3433 τοῦ
3044 3378 3213 3441 ύντως
3255 3378 3407 3440 ὄντος
3434 3368 3907 3446 κατευθυνώμεθα

2319 3477 2452 3531 Θεοῦ
2471 3493 2484 3506 ·
2506 3476 2562 3539 ὃς
2590 3475 2746 3545 μόνος
2769 3473 2843 3524 ὢν
2860 3471 2968 3536 ἀεὶ,
2994 3468 3089 3523 καὶ
3108 3468 3195 3522 ἀεὶ
3216 3466 3305 3519 τὸν
3335 3465 3597 3536 μονογενῆ
3626 3465 3813 3535 Λόγον
3837 3468 3891 3519 ὲκ

649 3565 973 3622 semperque
1027 3552 1364 3623 unigenitum
1419 3554 1650 3609 Verbum
1700 3556 1846 3610 velut
1895 3556 1977 3609 sol
2013 3556 2208 3620 lucem,

2320 3568 2417 3637 τῆς
2447 3566 2581 3627 ἰδίας
2614 3565 2797 3627 οὐσίας
2829 3560 3183 3631 ἀπαυγάζων,
3204 3561 3394 3630 ὥσπερ
3428 3560 3456 3611 ὁ
3486 3560 3635 3629 ἣλιος
3672 3562 3742 3613 τὸ
3764 3557 3891 3625 φῶς,

648 3656 717 3696 ex
751 3642 1057 3697 substantia
1088 3658 1211 3705 sua,
1241 3658 1304 3698 ac
1330 3645 1671 3714 splenderent
1698 3648 1852 3710 edit;
1895 3641 2214 3715 semperque

650 3732 940 3803 consitum,
990 3740 1049 3786 ut
1098 3731 1170 3786 ita
1209 3733 1434 3802 loquar,
1488 3748 1551 3788 ac
1596 3745 1882 3805 cognatum
1947 3734 2211 3803 Spiritum

651 3832 900 3876 sanctum
945 3838 1009 3877 ex
1051 3839 1152 3877 suo
1181 3839 1275 3878 ore
1320 3824 1551 3880 indivise
1598 3825 1836 3895 prolert.-
1874 3825 1974 3880 llic
2033 3826 2211 3881 Verbo

650 3927 751 3967 suo
785 3912 1204 3970 ﬁrmavitcaelos
1234 3916 1274 3981 ³,
1305 3918 1518 3985 vimque
1544 3932 1758 3971 omnem
1812 3932 1993 3971 rerum
2025 3917 2122 3972 abs
2151 3934 2211 3973 se

649 4004 988 4058 conditarum
1015 4005 1215 4075 Spiritu
1246 4008 1452 4076 perlicit
1482 4016 1646 4077 atque
1678 4008 1927 4063 absolvit.
1969 4008 2067 4063 Hic
2097 4011 2208 4080 pri-

647 4108 797 4147 mum
826 4093 1125 4161 hominem,
1176 4098 1241 4151 ad
1273 4098 1559 4166 imaginem
1595 4113 1748 4152 suam
1799 4108 1853 4153 et
1900 4100 2210 4155 similitudi-

649 4199 772 4238 nem
810 4184 1114 4254 conditum,
1170 4197 1335 4258 atque
1378 4191 1431 4242 in
1487 4190 1737 4260 paradiso
1787 4193 2046 4261 positum,
2082 4209 2207 4247 cum

646 4274 885 4330 mandati
938 4279 1369 4347 transgressione
1402 4280 1747 4348 ,corruptioni
1799 4282 2067 4351 mortique
2112 4283 2207 4337 ad-

2322 3661 2415 3713 καὶ
2442 3660 2529 3711 ἀεὶ
2555 3654 2775 3726 Πνεῦμα
2814 3653 2970 3722 ἆγιον
3031 3652 3333 3721 σύμφυτον,
3384 3650 3479 3703 τοῦ
3530 3649 3744 3705 οἰκείου
3785 3649 3889 3702 01:6-

2322 3766 2491 3819 ματος
2520 3749 2833 3819 ἀμερίστως
2886 3746 3233 3816 προϊέμενος.
3277 3737 3447 3815 Οὗτος
3497 3742 3573 3813 τῷ
3600 3743 3774 3813 Λόγῳ
3804 3742 3891 3813 μὲν

2318 3839 2481 3905 αὐτοῦ
2521 3838 2853 3910 ἐστερέωσεν
2881 3838 3007 3899 τοὺς
3038 3835 3322 3907 οὐρανοὺς,
3363 3833 3439 3903 τῷ
3489 3832 3785 3903 Πνεύματι
3842 3833 3890 3885 δὲ

2318 3935 2496 3985 πᾶσαν
2522 3930 2619 4000 τὴν
2649 3930 2877 3999 δύναμιν
2904 3927 3010 3980 τῶν
3034 3926 3124 3979 ὐπ’
3150 3924 3312 3977 αὐτοῦ
3337 3923 3678 3994 κτιζομὲνων
3700 3938 3891 3991 καταρ-

2315 4022 2542 4086 τίζεται.
2580 4015 2747 4083 υῦτος
2799 4018 2890 4071 τὸν
2940 4017 3224 4085 ἄνθρωπον
3293 4003 3507 4084 πρῶτον
3550 4016 3677 4066 κατ’
3715 4014 3892 4068 εἰκόνα

2320 4114 2456 4168 ἰδίαν
2486 4112 2717 4182 ποιήσας
2769 4112 2864 4164 καὶ
2916 4109 3195 4179 ὁμοίωσιν,
3228 4106 3320 4160 καὶ
3357 4109 3415 4159 ὲν
3453 4105 3531 4176 τῷ
3576 4107 3891 4176 παραδείσῳ

2316 4204 2598 4267 τεθεικὼς,
2636 4202 2729 4257 καὶ
2754 4200 2971 4271 ἐντολὴν
2997 4197 3266 4263 δεδωκὼς,
3307 4196 3495 4265 ἐπειδὴ
3528 4198 3596 4266 τῇ
3636 4197 3893 4269 παραύά-

2318 4314 2401 4351 σει
2428 4296 2527 4365 τῆς
2559 4295 2781 4363 ἐντολῆς
2815 4292 3023 4362 φθορὰν
3072 4289 3464 4358 κατακέκριται
3504 4289 3598 4340 καὶ
3634 4288 3889 4349 θάνατον,

646 4365 823 4421 dictus
853 4378 1019 4435 esset,
1078 4370 1456 4441 perditumque
1487 4385 1594 4425 non
1648 4387 1871 4441 prorsus
1916 4375 2206 4444 despexit,

2317 4388 2415 4441 οὐκ
2472 4389 2552 4449 είς
2600 4386 2751 4447 τέλος
2794 4383 2954 4437 αὐτὸν
3003 4381 3286 4450 ὑπερεῖδεν
3330 4381 3735 4449 ἀπολλύμενον,
3767 4381 3893 4434 ἀλλά

647 4458 742 4511 sed
773 4462 980 4515 ratione
1003 4461 1226 4531 legeque
1248 4478 1313 4517 ac
1347 4464 1623 4531 prophetis
1660 4467 1896 4533 primum
1926 4468 2206 4531 erudiens,

2317 4479 2454 4547 λόγῳ
2484 4479 2580 4531 καὶ
2618 4476 2768 4547 νόμῳ
2814 4478 2908 4529 καὶ
2969 4474 3275 4544 προφήταις
3329 4471 3889 4544 προπαιδαγωγήσας,

648 4552 829 4618 ipsum
894 4567 1110 4619 qu0qne
1165 4552 1381 4606 domum
1457 4570 1554 4622 pro
1612 4556 1768 4610 nobis
1812 4556 2205 4622 Filiumdcdit,

2317 4544 2537 4637 ὕστερον
2558 4566 2664 4619 ’καὶ
2685 4544 2881 4617 Ἵαύτὸν
2924 4564 3122 4617 ἔδωκεν
3164 4562 3255 4614 τὸν
3288 4562 3415 4615 Υἰὸν
3444 4562 3584 4633 ὑπὲρ
3615 4564 3808 4633 ἡμῶν,
3843 4566 3892 4629 ἐξ

650 4642 824 4709 puella
852 4643 1076 4710 innupta
1100 4649 1305 4705 natum,
1338 4642 1533 4695 factum
1557 4643 1850 4710 hominem,
1874 4647 2029 4713 aquis
2052 4648 2208 4700 inlin-

2321 4658 2695 4725 ἀπειρογὰμου
2738 4657 2906 4726 κόρης
2961 4653 3336 4723 γεννώμενον,
3386 4652 3891 4725 ἁνθρωπιζόμιενον,

650 4743 820 4793 ctum,
882 4741 1175 4794 tentatum,
1236 4733 1382 4785 cruci
1433 4730 1667 4799 aliixum,
1707 4736 1997 4805 sepultum,
2054 4738 2208 4792 tertia

2317 4736 2736 4816 βαπτιζόμενον,
2767 4745 3179 4815 πειραζόμενον,
3222 4744 3652 4814 σταυρούμενον,
3693 4746 3895 4801 eam.

560 4886 561 4893 η
649 4826 971 4878 suscitatum
1000 4825 1106 4887 die,
1132 4833 1294 4892 atque
1322 4824 1374 4878 in
1398 4826 1563 4880 ccelos
1594 4837 1932 4897 assumptum
1962 4846 1976 4883 :
2007 4830 2208 4899 quippe

2317 4852 2498 4905 μενον,
2520 4838 2819 4906 τριήμερον
2868 4836 3248 4905 ἀνιστάμενον,
3281 4835 3417 4905 πρὸς
3446 4836 3729 4904 οὐρανοὺς
3763 4840 3890 4893 ἀνα-

648 4915 743 4982 qui
794 4915 916 4968 inde
954 4929 1146 4967 rursus
1175 4923 1431 4970 venturus
1456 4927 1820 4986 exspectetur,
1851 4935 1915 4975 ac
1943 4920 2208 4990 quidquid

2317 4925 2744 4996 λαμϐανόμενον,
2796 4926 2887 4979 καὶ
2914 4924 3063 4989 αὖθις
3097 4925 3303 4978 ἐκεῖθεν
3337 4908 3486 4994 ἥξειν
3520 4926 3894 4996 προσδεχόμε-

648 5004 938 5059 formatum
992 5014 1074 5059 est
1120 5006 1445 5072 (humanum
1514 5010 1721 5062 scilicet
1770 5027 1942 5079 genus
2009 5012 2201 5082 omne)

2317 5035 2424 5080 νον,
2448 5019 2542 5071 καὶ
2573 5017 2793 5088 σύμπαν
2825 5017 2885 5069 τὸ
2914 5016 3137 5085 πλάσμα
3170 5016 3541 5084 παραστήσειν
3570 5017 3782 5085 ἐαυτῷ,
3808 5019 3893 5069 xui

651 5112 749 5149 suo
775 5096 1029 5149 tribunali
1077 5096 1441 5165 adhibiturus,
1499 5100 1792 5169 unicuique
1831 5104 2060 5172 denique
2108 5120 2206 5174 pro

649 5202 713 5239 co
761 5202 823 5240 ac
876 5188 1124 5256 gesserit,
1159 5190 1486 5244 redditurus.
1547 5189 1700 5243 llunc
1757 5207 1873 5256 vos,
1910 5196 2091 5262 amici,
2147 5208 2205 5251 ut

652 5278 814 5330 Deum
852 5279 1175 5346 agnoscatis,
1212 5283 1496 5334 admoneo.
1527 5278 1660 5334 lluie
1692 5294 1747 5335 ut
1792 5287 1996 5339 cultum
2045 5289 2202 5341 adhi-

651 5365 842 5427 heatis,
877 5381 1106 5437 eumque
1130 5369 1465 5437 spiritalibus
1497 5367 1689 5423 hostiis
1722 5373 1937 5441 placare
1982 5378 2201 5433 studea-

721 5497 739 5523 ’
774 5493 925 5551 Rom.
956 5515 993 5564 ι,
1022 5500 1111 5553 21.
1192 5502 1209 5531 ³
1240 5500 1383 5553 Psal.
1414 5514 1583 5568 xxxii,
1618 5504 1668 5561 6.

2311 5107 2602 5161 ἀποδοῦναι
2633 5109 2848 5177 ἑκάστῳ
2901 5106 3039 5161 κατὰ
3092 5106 3188 5176 τὴν
3234 5104 3430 5175 πρᾶξιν
3463 5104 3658 5158 αὐτοῦ.
3694 5108 3893 5161 Τοῦτον

2316 5201 2480 5269 ὑμᾶς,
2507 5194 2549 5250 ὦ
2579 5200 2744 5265 φίλοι,
2774 5199 2908 5251 Θεὸν
2938 5197 3136 5251 εἰδέναι
3193 5195 3488 5266 παρεγγυώ
3514 5212 3527 5224 ’
3578 5196 3785 5249 τοῦτον
3815 5200 3894 5249 σέ-

2313 5286 2535 5348 σεσθαι,
2589 5285 2777 5340 τοῦτον
2843 5287 3053 5350 θυσίαις
3145 5288 3541 5354 πνευματικαῖς
3608 5286 3894 5341 ίλεοῦσθαι

2311 5376 2577 5446 παραινῶ,
2601 5377 2691 5430 τὸν
2722 5380 2779 5430 ὲν
2811 5379 2986 5447 [lupi
3019 5378 3113 5431 καὶ
3139 5376 3274 5448 Υίῷ,
3299 5377 3393 5431 καὶ
3421 5378 3565 5448 ἁγίῳ
3596 5380 3893 5451 Πνεύματι

724 5658 796 5715 ,λι
832 5654 1024 5744 nstruit
1100 5654 1401 5744 Irzcc‘ltotus
1439 5655 1636 5744 fuisset;
1666 5662 1930 5718 ft‘uctibtts
1976 5662 2251 5725 destituta,
2308 5679 2431 5722 cum
2479 5683 2587 5724 non
2645 5670 2749 5726 nisi
2797 5672 2865 5727 ad
2923 5675 3353 5744 combur'endum
3426 5676 3581 5733 utilis
3643 5678 3891 5735 dicatur.

652 5726 713 5773 Η.
746 5748 781 5773 νιι
822 5723 1019 5775 clarius
1053 5724 1365 5788 exprimitur
1394 5741 1535 5779 num.
1579 5728 1659 5779 10.
