3924 6312
674 401 772 465 431

1855 400 2145 463 ΝΙΕΕΤᾸΞ
2183 403 2207 459 Ι

2312 401 2700 460 ’IlLAGONlS
2868 372 2871 376 ’
3766 399 3850 459 4:2

672 509 973 571 tollentem,
1015 522 1215 577 eosque
1268 509 1360 577 qui
1399 506 1869 562 immedicabiliter
1904 509 1996 561 illo
2039 506 2207 569 all‘ecti

2317 507 2410 557 καὶ
2442 506 2570 575 μίαν
2609 505 2778 557 πλείω
2832 504 3200 575 κατορθούσης
3250 505 3351 581 καὶ
3387 504 3523 575 ὁμοῦ
3574 506 3635 558 τό
3688 523 3743 559 τε
3773 510 3849 571 τῆς

637 587 839 662 erant,
878 595 1314 659 conluudentem,
1366 612 1465 651 nec
1501 612 1609 650 non
1663 596 1866 665 plures,
1899 597 2099 666 quibus
2128 611 2217 651 er-

668 701 759 740 ror
796 702 897 739 non
923 686 1001 739 sic
1029 685 1133 738 alte
1165 685 1476 751 inoleverat,
1510 687 1905 749 emendantem,
1926 685 1991 739 ad
2019 684 2216 746 verita.

533 835 539 839 ,
666 789 793 840 tem,
843 777 1057 840 ducem,
1099 776 1315 845 D’eoque
1360 791 1460 830 suo
1509 777 1731 845 gloriam
1782 776 2160 846 rependentem
2202 794 2214 829 :

575 922 581 926 _
663 867 793 935 quin
822 879 875 921 et
914 867 1107 921 horum
1140 867 1355 919 deruunt
1406 868 1650 935 prrcniio,
1712 868 2002 923 clarissimi
2054 869 2216 922 etiam

660 960 901 1034 martyrii
928 959 1111 1013 laurea
1141 957 1511 1011 dcc-orantem.
1914 963 1923 968 '

730 1133 815 1185 l3.
849 1131 948 1185 Ubi
1001 1131 1168 1200 igitur
1223 1130 1557 1193 sacerdotes,
1620 1131 1976 1185 constitutum
2034 1131 2216 1187 arbori

660 1226 986 1281 sacriﬁcium
1036 1224 1324 1285 reddituri.
1360 1224 1725 1289 advenissent,
1762 1229 2111 1294 excisamque
2154 1240 2217 1279 ac

659 1317 805 1369 humi
833 1316 1155 1385 propudiose
1177 1313 1368 1367 illismi
1394 1312 1821 1383 conspexissent,
1842 1316 2071 1382 primum
2093 1315 2217 1384 qui-

656 1408 779 1460 dem
816 1405 1031 1460 attoniti
1076 1404 1372 1467 haerebant,
1408 1405 1559 1474 longe
1594 1406 1836 1460 maxime
1862 1412 2115 1475 stupore,
2156 1413 2217 1459 ut

2319 597 2534 666 ἀπάτης
2595 596 2824 664 δργανον
2882 595 3290 665 ἐξαναιρούσης,
3346 594 3606 658 καὶτοὺς
3646 598 3849 660 ἀνιάτως

2316 686 2488 755 τούτῳ
2538 687 2987 756 προσπάσχοντας
3018 686 3506 756 καταισχυνούσηςο
3552 688 3773 750 πολλοὺς
3808 690 3849 739 δὲ

2316 774 2651 846 διορθούσης,
2705 769 2787 839 οἷς
2846 776 2917 846 μὴ
2961 775 3100 830 κατά
3132 776 3293 845 βάθος
3329 776 3397 830 τά
3434 781 3530 847 τῆς
3567 778 3852 847 πλανήσεως

2316 865 2608 934 ἐντέτηκεο
2645 865 2781 935 πρὸς
2835 865 2931 935 τὴν
2971 866 3226 936 ἀλήθειαν
3274 866 3330 918 δὲ
3378 867 3740 936 ποδηγούσης,
3781 870 3851 921 καὶ

2318 955 2413 1009 τὶν
2467 957 2665 1010 οἰκεῖον
2704 956 3033 1025 δοξαζούσης
3090 958 3247 1011 Θεόνο
3305 958 3394 1011 ναὶ
3444 958 3550 1027 μὴν
3571 958 3659 1011 διὰ
3687 958 3849 1023 ταῦτα,

2316 1048 2408 1099 καὶ
2438 1045 2806 1116 λαμπροτάτῳ
2829 1046 3327 1117 καταγλαῖζομένης
3360 1048 3668 1118 μαρτυρίῳ.

2390 1144 2478 1204 ιγ’.
2499 1138 2677 1190 ιἘπεὶ
2700 1137 2807 1208 γὰρ
2829 1132 2962 1207 ἧκον
2983 1140 3031 1189 οἱ
3061 1139 3226 1209 ίερεῖς
3265 1140 3361 1209 τὴν
3386 1142 3773 1211 νενομισμένην
3794 1145 3850 1211 τῷ

2314 1229 2519 1298 δένδρῳ
2542 1228 2728 1281 θυσίαν
2766 1227 3153 1293 ἀποδώσοντες,
3194 1230 3423 1283 ὲκκοπὲν
3456 1230 3513 1283 δὲ
3564 1231 3731 1289 τοῦτο,
3778 1237 3851 1285 καὶ

2317 1319 2458 1371 κατά
2510 1323 2614 1390 γῆς
2668 1320 2878 1390 ἀτίμως
2931 1316 3069 1375 εἶδον
3107 1324 3474 1393 καταρραγὲν,
3521 1322 3737 1395 πρῶτον
3775 1325 3851 1394 μὲν

2311 1409 2663 1478 ἀπηνεοῦντο,
2696 1410 2891 1479 θάμδει
2922 1411 3119 1482 πολλῷ,
3144 1412 3287 1466 κατά
3310 1413 3368 1466 τὸ
3413 1413 3583 1479 εἰκὸς,
3624 1416 3852 1484 περιεχό.

658 1512 755 1568 par
798 1505 901 1563 est,
948 1497 1158 1564 perciti.
1191 1494 1282 1549 Sic
1338 1496 1481 1551 enim
1531 1504 1924 1565 comparatum,
1983 1502 2040 1549 ut
2068 1494 2207 1564 quod

2319 1515 2469 1567 μενοι
2496 1514 2511 1529 ·
2566 1494 2708 1553 οἶδεν
2750 1499 2859 1570 γάρ
2903 1501 2963 1554 τδ
3009 1502 3160 1573 παρά
3201 1503 3523 1571 προσδοκίαν
3572 1508 3852 1575 συμπῖπτον

656 1597 849 1655 prteter
898 1600 1111 1639 omnem
1165 1587 1625 1654 exspectationem
1699 1584 1919 1647 accidit.
1971 1586 2207 1639 animum

2315 1589 2643 1657 ἔκπλήσσειν
2660 1591 2760 1659 τὴν
2788 1590 2985 1665 ψυχὴν,
3021 1592 3113 1645 καὶ
3150 1592 3354 1659 ἀγαθὸν
3406 1592 3506 1663 μὲν
3548 1593 3735 1663 ἀερθὲν,
3764 1594 3853 1646 lit:-

655 1686 872 1747 stuporc
907 1675 1104 1731 alliciat
1132 1686 1297 1745 atque
1334 1677 1623 1745 percellat.
1667 1689 1730 1730 ac
1785 1674 2052 1744 siquidem
2084 1673 2207 1730 illud

2318 1678 2542 1747 ρότητος
2563 1682 2658 1732 καὶ
2684 1680 2945 1748 εὐθυμίας
3001 1682 3389 1753 ἀναπιμπλᾷν,
3436 1684 3609 1737 κακὸν
3643 1684 3723 1747 δὲ,
3750 1700 3851 1736 citu-

654 1770 855 1824 bonum
903 1767 1196 1832 exstiterit,
1254 1768 1543 1824 hilaritatis
1573 1768 1791 1837 impleat
1842 1782 1902 1841 ac
1934 1765 2207 1836 jucundis-

2316 1768 2662 1836 θρωπότητος
2716 1770 2809 1821 καὶ
2845 1770 3175 1839 δυσθυμίαςο
3206 1774 3299 1824 καὶ
3338 1771 3386 1823 εί
3438 1772 3535 1842 μὲν
3564 1771 3624 1837 ἐξ
3650 1773 3851 1825 avsqu-

654 1862 791 1937 sime
821 1859 1041 1922 habeat,
1095 1859 1178 1914 sin
1204 1872 1333 1913 vero
1378 1858 1602 1925 malum,
1632 1858 1890 1923 mmstitia
1940 1858 2207 1927 animique

2318 1873 2406 1908 νου
2436 1849 2605 1909 τοῦτο
2626 1856 2967 1929 συμϐἐόηκεν
2996 1860 3193 1922 αίτίας,
3221 1860 3419 1929 δεινὴν,
3442 1840 3592 1913 ἠκατά
3614 1862 3675 1913 τὸ
3702 1862 3847 1924 είκδς,

653 1948 845 2005 dolore
893 1951 1118 2019 repleat.
1174 1950 1253 2004 Ac
1284 1949 1329 2004 si
1376 1950 1591 2017 quidem
1647 1962 1713 2003 eo
1743 1957 1966 2019 auctore
2018 1956 2207 2004 evene-

2319 1946 2644 2014 ὲνσκήπτειν
2670 1949 2733 2016 τῇ
2782 1948 2925 2018 ψυχῇ
2953 1947 3048 2017 τὴν
3072 1948 3285 2019 ὀδύνην,
3330 1947 3489 2019 ἄχρις
3517 1948 3584 2002 ἂν
3615 1950 3851 2011 ὲπινοίαπ

566 2057 572 2064 ·
619 2108 623 2113 τ
656 2040 747 2107 rit,
800 2041 889 2110 qui
924 2040 1057 2094 nulli
1097 2040 1210 2110 ipse
1232 2054 1388 2093 noxa
1417 2041 1687 2099 obnoxius
1731 2040 1826 2105 sit,
1867 2040 2045 2095 dirum
2098 2054 2207 2095 me-

2318 2036 2430 2088 τισὶ
2478 2037 2866 2107 παρηγορηθῇ·
2920 2039 3250 2107 περιφανοῦς
3297 2030 3373 2092 δὲ
3414 2039 3510 2092 τοῦ
3558 2041 3732 2093 αίτίου
3778 2042 3851 2093 καὶ

654 2134 760 2188 rito
811 2133 1112 2187 cruciatum
1166 2130 1351 2185 animo
1406 2130 1607 2196 infert,
1660 2131 1834 2185 donec
1884 2130 2207 2199 quibusdam

2316 2125 2618 2180 ὐπευθύνου
2670 2127 3032 2194 καθεστῶτος,
3063 2130 3145 2192 είς
3187 2131 3355 2199 ὀργὴν
3397 2130 3659 2201 ἐξαπίνης
3687 2131 3751 2183 τὰ
3773 2130 3851 2197 τῆς

652 2238 775 2276 eum
808 2222 1109 2277 ratiOnibus
1135 2221 1352 2299 deliniri
1406 2221 1715 2289 contigerit.
1768 2220 1990 2274 Detecto
2024 2229 2205 2274 autem

2312 2217 2491 2288 λύπης
2549 2219 2998 2286 μετεσκεύασται,
3040 2208 3107 2273 οὐ
3162 2222 3425 2292 πρότερον
3465 2222 3709 2273 ἀνιεῖσαν
3747 2221 3850 2281 τοὺς

552 2322 563 2330 ·
625 2320 895 2377 auctore,
954 2327 1128 2382 eoque
1158 2327 1313 2366 noxa:
1367 2311 1627 2373 obnoxio,
1685 2311 1950 2379 quidquid
2009 2310 2207 2367 doloris

2316 2308 2718 2379 ὀργιζομένους,
2758 2309 2957 2379 ,πρὶνῆ
2990 2309 3069 2381 τῷ
3116 2309 3443 2379 λελυπηκότι
3474 2311 3571 2381 τὴν
3600 2312 3699 2379 τῆς
3728 2309 3851 2360 ἀντμ

653 2410 772 2455 erat
792 2392 1070 2467 animique
1089 2401 1363 2455 cruciatus
1382 2402 1665 2467 derepente
1694 2400 1749 2453 in
1780 2399 1913 2453 iram
1945 2397 2207 2452 furorem-

2315 2398 2595 2470 λυπήσεως
2633 2399 2789 2466 ἀξίαν
2813 2399 3159 2468 ἀντεπάγωσι
3182 2402 3392 2469 ποινήν.

653 2509 758 2563 que
789 2494 1004 2554 transit,
1034 2504 1139 2544 non
1172 2491 1321 2560 prius
1345 2490 1544 2547 liberos
1574 2489 1758 2545 sinetis
1784 2502 1925 2558 quos
1954 2488 2259 2554 incesserit,
2320 2491 2449 2559 quin
2523 2489 2599 2544 illi
2640 2490 2734 2559 qui
2777 2489 3033 2560 injuriam
3074 2488 3220 2554 fecit,
3258 2496 3459 2559 quanta
3497 2487 3850 2558 prolacinon't

652 2587 848 2642 merito
898 2584 1176 2652 videatur,
1226 2584 1518 2637 vindictam
1578 2595 1902 2651 poenamque
1946 2578 2306 2649 rependerint.
2563 2642 2567 2649 τ
2789 2628 2796 2639 ,

722 2680 811 2734 14.
844 2677 956 2733 Hoc
985 2689 1041 2733 et
1062 2677 1169 2731 illis
1192 2691 1313 2730 eum
1352 2677 1421 2730 ita
1454 2678 1746 2741 evenisset,
1796 2677 2032 2741 primum
2082 2675 2207 2744 qui-

2388 2676 2469 2731 ιδ’.
2496 2676 2669 2730 Τοῦτό
2694 2678 2934 2732 κάκεῖνοι
2962 2678 3243 2741 παθόντες,
3290 2675 3500 2749 πρῶτον
3518 2677 3636 2749 μὲν
3668 2679 3753 2733 τὸν
3782 2678 3853 2730 αἴ-

652 2774 774 2826 dem
814 2770 939 2840 quis
968 2778 1129 2823 tanta;
1170 2768 1247 2822 eis
1272 2814 1273 2817 η
1301 2766 1474 2822 cladis
1509 2780 1695 2822 auctor
1744 2768 2058 2830 exstitisset,
2091 2767 2207 2821 ani-

2312 2783 2427 2818 τιον
2474 2768 2656 2831 αὐτοῖς
2703 2768 2906 2835 ταύτης
2961 2767 3355 2821 ἀνεσκοποῦντο
3405 2766 3501 2836 τῆς
3550 2768 3852 2838 συμφορᾶς·

654 2862 758 2917 mis
787 2860 1163 2930 exquirebant.
1206 2858 1341 2911 Tum
1381 2857 1641 2926 paulatim
1693 2858 1876 2909 animo
1911 2857 2207 2911 recolentes

2313 2856 2501 2909 ἔπειτα
2525 2858 2634 2910 τῶν
2680 2858 2963 2911 Ὑακίνθου
3016 2858 3156 2912 κατά
3208 2856 3402 2928 μικρὸν
3438 2858 3519 2920 είς
3569 2857 3855 2926 ἀνάμνησιν

653 2960 856 3020 quanta
892 2948 1225 3019 Hyacinthus
1273 2947 1524 3000 hortatus
1555 2955 1697 3000 esset
1731 2961 1795 2999 ac
1840 2947 2206 3013 inerepassct;

2312 2949 2537 3016 ἥκοντες
2559 2939 2851 3015 νουθεσιῶν
2876 2990 2891 3015 ,
2941 2950 3036 3003 καὶ
3068 2949 3521 3018 κατανενοηκότες
3555 2948 3629 3010 ὡς
3662 2947 3856 3009 οὐδενὸς

653 3053 947 3108 secumque
977 3037 1298 3107 cogitantes,
1321 3035 1524 3088 nullius
1547 3034 1704 3102 plane
1733 3034 1956 3087 alterius
1990 3032 2042 3086 id
2071 3047 2207 3101 opus

2312 3040 2377 3091 ἀν
2407 3038 2491 3107 εῖη
2521 3038 2679 3093 ἀλλου
2730 3038 2790 3091 τὸ
2833 3039 3013 3111 ἔργον,
3048 3039 3083 3109 ἢ
3136 3038 3229 3092 τοῦ
3260 3039 3355 3091 καὶ
3382 3038 3491 3091 τῶν
3538 3038 3743 3091 θυσιῶν
3774 3038 3855 3106 τὴν

652 3146 796 3193 esse,
820 3143 981 3199 quam
1020 3128 1141 3196 ejus
1171 3128 1262 3196 qui
1289 3137 1342 3180 et
1372 3126 1675 3180 hostiarum
1719 3125 2118 3193 perceptionem
2154 3134 2207 3177 ut

2314 3127 2614 3198 μετάληψιν
2640 3128 2715 3190 ὡς
2745 3129 2910 3197 ἐναγῆ
2948 3129 3373 3199 μυσαττομένου,
3404 3130 3499 3183 καὶ
3526 3129 3856 3193 θυσιάζουσιν

654 3224 975 3279 sceleratam
1022 3220 1447 3283 abominaretur,
1482 3218 1617 3270 etin
1666 3230 1761 3271 eos
1810 3215 1903 3283 qui
1958 3214 2207 3268 oﬂerrent

2312 3218 2733 3289 ἐπιτιμῶντοςῆ
2773 3220 3251 3290 προσωχθηκότος,
3295 3220 3506 3289 ὁρμῶσι
3557 3219 3663 3289 μὲν
3708 3220 3854 3289 ὁμόσε

653 3313 817 3368 etiam
848 3320 1009 3380 atque
1039 3312 1199 3364 etiam
1255 3308 1617 3371 inveheretur,
1651 3306 1941 3375 verbisque
1974 3305 2207 3359 deterte

2312 3311 2428 3365 κατ’
2450 3310 2612 3363 αὑτοῦ
2643 3312 2842 3375 πάντες
2859 3327 2870 3341 ·
2903 3312 3045 3365 συῶν
3069 3306 3126 3364 δὲ
3155 3313 3354 3380 τρόπον
3380 3313 3508 3374 τοὺς.
3530 3312 3749 3374 ὀδόντας
3772 3309 3856 3379 θήι

653 3411 775 3465 ret;
812 3414 922 3454 uno
967 3411 1160 3452 omnes
1201 3396 1254 3450 in
1300 3411 1425 3451 eum
1472 3396 1687 3448 irruunt
1737 3394 1981 3463 impetu;
2023 3408 2207 3446 suum—

2313 3418 2520 3471 γοντες,
2551 3402 2645 3454 καὶ
2669 3404 2777 3454 πᾶν
2808 3403 2967 3469 μέλος
3006 3401 3097 3454 τοῦ
3130 3401 3378 3472 σώματος
3410 3400 3612 3466 αὐτῶν,
3639 3401 3732 3454 καὶ
3765 3404 3856 3454 πᾶν

653 3507 761 3562 que
791 3505 940 3545 more
969 3491 1156 3547 dentes
1209 3496 1427 3548 acuunt,
1471 3501 1531 3539 ac
1562 3486 1789 3554 quodvis
1833 3485 2046 3538 tandem
2092 3499 2207 3538 cor-

2312 3492 2370 3544 τὺ
2396 3491 2706 3562 παρατυχδν
2738 3491 2955 3562 ἑκάστῳ
2979 3492 3141 3545 ὅπλον
3172 3490 3312 3545 κατὰ
3340 3490 3436 3545 τοῦ
3472 3492 3655 3559 ’Δγίου
3690 3494 3857 3545 natou-

652 3580 803 3650 poris
825 3578 1125 3632 membrum
1152 3615 1167 3641 ,
1202 3575 1460 3643 quidquid
1486 3575 1718 3643 denique
1766 3574 1943 3627 cuivis
1972 3587 2213 3626 oecurre-

658 3680 763 3733 ret,
824 3683 975 3722 arma
1027 3669 1291 3720 adversus
1348 3664 1605 3717 Sanctum
1662 3662 1947 3731 arripiunt.
1996 3659 2039 3714 Ο
2072 3675 2208 3728 quo-

655 3761 818 3815 modo
848 3766 1150 3827 opportune
1174 3755 1574 3821 sanguinariam
1610 3754 1756 3807 illum
1801 3752 2209 3820 impressionem

653 3850 1029 3905 narraveriml
1093 3847 1303 3916 Lingua
1357 3848 1702 3915 sacrilegum,
1763 3855 2070 3909 cruentum,
2106 3844 2210 3895 im-

654 3942 801 4009 pium
838 3941 1005 4012 (quin
1065 3940 1268 4006 potius,
1328 3935 1634 4006 dcicidam)
1709 3936 1992 4009 maledicto
2040 3935 2211 4002 jacta-

654 4030 809 4093 bant,
846 4044 939 4083 ore
967 4027 1300 4098 despuebant
1329 4044 1342 4079 :
1380 4026 1639 4089 calcibus,
1674 4027 1865 4096 pugnis
1892 4026 2209 4087 insilientes,

656 4119 899 4174 crinibus
930 4120 1219 4175 trahebant
1252 4135 1265 4171 :
1300 4115 1450 4171 humi
1506 4116 1899 4181 distrahebant,
1946 4114 2211 4169 cedentes

656 4211 816 4280 lignis
837 4226 899 4264 ac
926 4209 1193 4277 lapidibus
1227 4226 1241 4262 :
1280 4208 1465 4275 sicque
1497 4205 1816 4273 iniuriarum
1845 4205 1991 4257 omni
2012 4218 2211 4273 genere

654 4312 815 4372 atque
845 4303 1132 4356 verberum
1160 4298 1433 4364 exsatiati,
1460 4296 1696 4352 civitatis
1727 4294 1941 4365 praesidi
1976 4294 2053 4365 (9)
2084 4309 2207 4348 eum

655 4395 1042 4448 adhibuerunt.

722 4487 818 4540 15.
835 4484 1028 4539 Stabat
1045 4484 1227 4551 itaque
1259 4478 1515 4542 Sanctus,
1544 4486 1714 4533 totum
1735 4486 1910 4530 mente
1932 4475 2208 4531 Christum

654 4572 896 4635 indutus,
932 4572 1079 4625 omni
1111 4571 1161 4623 in
1195 4584 1316 4628 eum
1356 4569 1559 4623 intenta
1609 4568 1804 4621 mentis
1836 4566 1970 4619 acie.
2006 4564 2082 4619 Ex
2113 4564 2209 4619 ad-

652 4680 811 4720 verso
844 4678 970 4715 vero
994 4668 1200 4716 stantes
1227 4660 1325 4713 viri
1349 4659 1671 4728 sanguinem
1694 4672 1759 4712 ae
1782 4656 1974 4718 dolosi,
2000 4654 2206 4709 fortiter

653 4752 1002 4808 accusabant.
1045 4770 1062 4801 ι
1101 4749 1288 4810 Nobis,
1320 4747 1555 4811 aiebant,
1586 4761 1803 4815 praeses,
1835 4759 1940 4798 una
1974 4745 2042 4797 ob
2075 4759 2206 4798 oeu-

652 4847 734 4897 los
776 4842 971 4910 gt-atia,
1010 4855 1113 4893 una
1162 4840 1301 4892 bona
1337 4836 1623 4907 faustaque
1666 4837 2013 4905 exspecmio,
2066 4836 2207 4892 Deus

653 4938 769 5003 ipse
814 4932 1238 5000 conspicuusac
1266 4930 1575 4998 spectabilis
1612 4940 1765 4991 erat;
1806 4928 1932 4990 alta,
1959 4927 2203 4994 pulchra,

654 5033 881 5077 venusta
934 5023 1146 5088 lateque
1203 5037 1437 5089 expansa
1489 5018 1759 5072 frondium
1795 5031 1984 5070 coma:
2019 5030 2209 5083 nempe

650 5113 798 5165 foliis
832 5112 1207 5165 umbraeulum
1260 5110 1505 5180 praebens
1534 5107 1805 5172 variisque
1835 5105 2107 5173 leporibus
2129 5105 2208 5159 ci-

650 5203 872 5252 vitatem
906 5209 1143 5253 nosttam
1180 5213 1429 5251 recreans
1474 5195 1880 5261 oblectausqtte.
1915 5192 1988 5255 ιε,
2024 5207 2202 5261 quan-

650 5305 815 5356 quam
841 5289 1025 5341 arhori
1054 5305 1146 5357 per
1188 5288 1369 5341 omnia
1416 5284 1610 5338 similis
1640 5284 2069 5345 existimabatur,
2110 5283 2202 5337 ad-

653 5380 880 5433 mirabili
928 5389 1105 5431 tamen
1144 5380 1337 5431 decore
1362 5386 1413 5428 et
1459 5374 1643 5442 gratiis
1693 5375 1904 5429 cunctis
1940 5376 2200 5442 stirpibus

653 5472 918 5525 eminebat
946 5488 959 5535 ;
1002 5470 1093 5525 sed
1123 5481 1175 5522 et
1204 5470 1281 5520 vis
1312 5467 1555 5530 quaedam
1583 5466 1767 5520 eﬂicax
1809 5480 1871 5519 ac
1912 5468 2095 5520 vivcus
2123 5467 2198 5518 illi

2313 3600 2462 3653 μενοι
2494 3580 2559 3654 (ὣ
2583 3584 2697 3646 πῶς
2731 3582 2796 3636 ἂν
2818 3582 3043 3654 καιρίως
3057 3584 3154 3654 τὴν
3175 3583 3418 3654 φοινικὴν
3449 3583 3666 3653 ἐκείνην
3691 3583 3856 3636 ἒπίθεο

2313 3690 2397 3726 σιν
2429 3673 2804 3744 ὲξηγησαίμην
2824 3674 2967 3744 ;),τῇ
2990 3674 3202 3745 γλώττῃ
3232 3674 3330 3743 μὲν
3354 3672 3546 3727 τοῦτον
3567 3676 3851 3745 ἱερόσυλον,

2316 3764 2613 3834 μιαιφόνον,
2648 3763 2823 3828 ἄθεον,
2853 3763 3052 3833 μᾶλλον
3081 3764 3136 3817 δὲ
3174 3764 3449 3816 θεοκτόνον
3472 3750 3848 3834 ὲἐλοιδοροῦντο,

2309 3854 2387 3921 τῷ
2412 3854 2637 3924 στόματι
2659 3853 2714 3906 δὲ
2744 3854 3044 3908 κατέπτυον
3069 3870 3083 3882 °
3114 3854 3209 3909 καὶ
3262 3858 3372 3917 τοῖς
3408 3857 3535 3908 ποσὶ
3576 3855 3708 3922 λὰξ,
3750 3860 3853 3916 ταῖς

2311 3947 2465 4015 χερσὶ
2484 3945 2539 3997 δὲ
2568 3946 2673 4008 πὺξ
2703 3944 3066 4014 ἐναλλόμενοι,
3096 3941 3170 3997 εῃ
3185 3961 3275 3999 κον
3302 3946 3411 3999 τῶν
3441 3948 3663 4017 τριχῶν,
3699 3948 3853 4001 temi-

2314 4052 2510 4104 ρασσον
2536 4036 2673 4087 κατὰ
2706 4035 2831 4103 γῆς,
2871 4037 2984 4098 τοῖς
3030 4034 3208 4101 ξύλοις
3262 4035 3535 4100 παίοντες,
3562 4039 3673 4100 τοῖς
3703 4037 3855 4097 λίθοις

2312 4125 2617 4195 βάλλοντες,
2648 4126 2740 4176 καὶ
2777 4124 2919 4178 οὕτω
2942 4126 3298 4188 παντοδαπῶς
3325 4128 3483 4179 αὑτὸν
3504 4127 3852 4197 αἰκισάμενοι.

2307 4217 2386 4286 τῷ
2413 4218 2514 4287 τῆς
2544 4218 2747 4279 πόλεως
2783 4217 3008 4286 ἡγεμόνι
3038 4219 3470 4289 παρεστήσαντο.

2386 4469 2462 4525 ιε’.
2496 4472 2759 4543 Εἱστήκει
2785 4473 2841 4525 δὲ
2870 4472 2898 4523 δ
2930 4471 3173 4542 Μάρτυς,
3202 4470 3320 4524 ὅλον
3351 4471 3551 4541 νοερῶς
3584 4470 3850 4538 ὲνδεδυμέο

2310 4576 2398 4623 νος
2450 4558 2703 4630 Χριστὸν,
2759 4561 2887 4630 ὃλην
2934 4559 3068 4632 πρὸς
3101 4560 3263 4613 αὐτὸν
3315 4559 3611 4614 ἀνατείνων
3640 4560 3736 4613 τοῦ
3770 4559 3847 4611 νοῦ

2309 4653 2405 4722 τὴν
2434 4654 2607 4723 ῥοπήν
2637 4669 2650 4682 ·
2680 4641 2740 4717 ἐξ
2773 4637 3020 4716 ἐναντίας
3068 4652 3124 4706 δὲ
3171 4653 3359 4724 τούτου
3396 4652 3590 4721 ἄνδρες
3621 4653 3849 4720 αίμάτων

2310 4744 2402 4796 καὶ
2465 4744 2765 4814 δολιότητος
2838 4743 3141 4811 ἱστάμενοι,
3184 4728 3428 4805 εὐτόνως
3498 4744 3845 4811 κατηγόρουν,

2315 4852 2333 4884 t
2384 4834 2567 4903 Ἡμῖν,
2623 4828 2990 4901 λέγοντες,’ὦ
3040 4833 3263 4903 ήγεμὸν,
3307 4833 3404 4902 μία
3454 4832 3554 4901 μὲν
3606 4834 3759 4901 χάρις
3802 4835 3847 4881 ἐν

2309 4924 2629 4992 ὀφθαλμοῖς,
2668 4925 2763 4991 μία
2811 4923 2867 4974 δὲ
2921 4922 3213 4992 προσδοκία
3244 4922 3419 4992 ἀγαθὴ
3450 4924 3479 4973 ὁ
3508 4922 3847 4992 περίϐλεπτος

2306 5016 2518 5082 ὑπῆρχε
2547 5014 2706 5073 Θεός·
2740 5013 2767 5063 ὁ
2811 5012 3094 5080 ὑψίκομος,
3146 5012 3174 5062 ὁ
3214 5009 3463 5081 εὕκομος,
3495 5014 3523 5066 ό
3557 5013 3848 5081 πανώραιος

2311 5106 2403 5157 καὶ
2429 5104 2655 5167 εὖθαλής
2676 5119 2687 5130 ·
2713 5104 2741 5153 ό
2760 5105 2868 5164 τοῖς
2890 5102 3102 5170 φύλλοις
3122 5102 3483 5173 περισκέπων,
3506 5104 3599 5155 καὶ
3616 5102 3847 5170 ἀγλαΐαις

2309 5192 2577 5251 ποικίλαις
2593 5190 2687 5257 τὴν
2706 5192 3139 5261 ὴμετέρανζπόλιν
3157 5190 3499 5259 ψυχαγωγῶν
3519 5192 3613 5244 καὶ
3633 5190 3847 5244 ἀνακτώ-

2309 5296 2495 5351 μενος·
2543 5280 2600 5343 ὃς
2656 5283 2703 5333 εί
2756 5283 2848 5335 καὶ
2887 5282 3083 5351 δένδρῳ
3118 5283 3479 5353 παρεμφερὴς
3532 5284 3842 5353 νενόμισται,

2307 5370 2439 5425 ἀλλά
2460 5370 2674 5426 πάντων
2707 5376 2827 5433 ταῖς
2863 5375 3202 5440 θαυμασταῖς
3226 5372 3552 5443 ὡραιότησιν
3599 5374 3847 5442 ὑπεξῃρη-

2306 5467 2391 5513 ται
2415 5464 2614 5530 φυτῶν·
2638 5464 2770 5517 ἀλλὰ
2798 5464 2890 5515 καὶ
2907 5464 3134 5531 δύναμις
3158 5464 3378 5534 ἐνεργὸς
3398 5466 3490 5517 καὶ
3514 5464 3665 5529 ζῶσα
3691 5464 3845 5530 τούτῳ

721 5675 1298 5747 (9)l‘rmsidisnomen
1326 5672 1641 5747 exprimitur
1698 5672 1750 5723 in
1784 5664 2344 5747 MenologiOHSirleti,
2400 5664 2797 5736 Martyrologio,
2850 5680 2911 5721 ac
2993 5681 3124 5722 mss.
3181 5665 3384 5721 nostris
3452 5666 3689 5734 Graecis;
3764 5664 3847 5721 sed

655 5738 852 5816 ubique
884 5758 1005 5795 cum
1038 5745 1213 5811 aliquo
1242 5738 1569 5807 discriminc,
1614 5748 1670 5792 ut
1702 5741 1879 5793 notavi
1919 5745 2051 5808 (not.
2084 5738 2152 5804 l).
