3924 6312
593 432 699 500 435

1745 425 2036 502 meum
2073 443 2594 506 PAPIILAGONIS

3695 440 3787 508 ω

594 552 853 606 detritum
906 567 968 608 ac
1020 551 1402 620 deformatum,
1459 554 1768 624 factumque
1815 565 2143 622 emortuum,

2259 558 2515 623 δείξαντες
2533 562 2625 614 καὶ
2652 558 3076 621 θανατώσαντες,
3099 557 3331 629 ἑσπέρας
3358 558 3462 630 ήδη
3487 556 3783 629 φθασὰοης.

592 651 874 712 appetente
917 643 1026 713 jam
1103 658 1355 713 vespere,
1406 643 1770 700 devorandum
1829 647 2016 703 bestiis
2062 662 2150 702 re-

558 734 562 735 “
593 731 888 802 liquerunt.

665 823 754 876 18.
783 821 922 888 Quid
955 822 1116 893 igitur
1148 821 1404 878 Dominus
1431 823 1453 876 ?
1508 823 1675 878 Snine
1701 823 1884 879 famuli
1916 825 2149 894 neglexit

595 924 777 964 curam
802 909 825 962 2
855 909 960 964 Aut
991 910 1109 980 ejus
1140 925 1306 970 more.
1341 911 1434 979 qui
1470 911 1569 966 sibi
1597 913 1708 980 ipse
1730 913 1894 965 vitam
1922 914 2145 984 adimat,

591 1000 796 1054 dimisit
841 1001 976 1055 mori
1007 999 1148 1054 iVel
1181 1000 1392 1055 occulta
1436 1016 1498 1055 ac
1550 1009 1724 1055 mente
1769 1013 1948 1058 tenus'
1974 980 2158 1076 solita!

592 1093 930 1162 apparitione
966 1093 1228 1146 danavit?
1279 1091 1500 1146 Minime
1550 1093 1813 1162 gentium.
1842 1092 2013 1148 Porro
2037 1086 2148 1162 jam

591 1197 697 1237 nox
731 1191 868 1243 erat,
897 1197 960 1236 ac
985 1191 1180 1236 terram
1232 1183 1311 1236 sol
1363 1183 1619 1246 subierat,
1673 1199 1794 1238 cum
1823 1199 1949 1239 ecce
1971 1201 2150 1252 ~.verus

595 1272 684 1325 Sol
703 1272 838 1326 lucis
855 1271 963 1325 lilio
979 1272 1177 1337 oritur;
1214 1285 1277 1324 ac
1302 1271 1442 1327 circa
1470 1286 1591 1324 eum
1618 1273 1899 1326 multitudo
1917 1273 2151 1328 cmlcstis

593 1363 820 1424 militiai,
873 1377 936 1416 ac
968 1361 1175 1415 Domini
1212 1363 1450 1424 claritas.
1484 1373 1540 1416 ut
1567 1364 1898 1434 evangelicis
1925 1365 2151 1418 vocibus

593 1462 736 1519 utar,
770 1450 1130 1508 circumfulsit
1162 1468 1286 1524 eum
1318 1454 1358 1508 '.
1397 1453 1533 1508 Tum
1581 1453 1689 1518 ille,
1716 1455 1874 1522 quasi
1930 1469 2015 1508 ex.
2042 1454 2151 1508 alto

593 1559 878 1613 emergens
933 1558 1148 1606 somno,
1206 1545 1552 1614 divinamque
1602 1545 1745 1600 circa
1802 1561 1860 1609 se
1912 1546 2152 1600 sentiens

591 1635 1025 1704 apparitionem,
1084 1646 1244 1702 atque
1295 1650 1415 1688 mox
1484 1636 1630 1689 omni
1682 1636 1894 1690 solutus
1967 1635 2153 1690 dolore

592 1724 853 1791 omnique
882 1726 1320 1791 compnnctiopc,
1355 1739 1420 1778 ac
1460 1725 1806 1777 inenarrabili
1838 1725 2032 1793 gaudio
2063 1739 2150 1779 re-

593 1814 789 1883 pletus,
845 1824 1023 1867 rectus
1072 1815 1125 1867 in
1173 1814 1334 1882 pedes
1381 1815 1546 1877 stetit,
1599 1824 1746 1868 tanta
1809 1813 2147 1878 remissione,

593 1914 746 1960 tanto
781 1905 994 1967 robore,
1027 1920 1088 1962 ac
1110 1905 1155 1960 si
1203 1920 1270 1960 ne
1299 1905 1464 1958 ullum
1499 1905 1715 1974 quidem
1755 1913 2147 1966 tormentorum
2183 1879 2223 1935 Β

595 1997 892 2066 periculum
936 1997 1171 2051 fecisset.

668 2088 757 2142 19.
793 2087 986 2141 Statim
1015 2103 1141 2140 vero
1167 2088 1248 2140 vir
1287 2088 1496 2151 beatus,
1530 2086 1666 2141 flexo
1696 2087 1761 2141 ad
1789 2085 1956 2141 Deum
1987 2102 2149 2156 genu,

597 2194 662 2235 ac
693 2194 860 2248 puras
898 2179 950 2232 in
1003 2181 1200 2233 coelum
1233 2194 1424 2232 manus
1449 2178 1656 2242 levans,
1691 2177 1857 2231 animi
1915 2177 2152 2232 exsulta-

599 2271 746 2324 tione
785 2271 1145 2338 dulcibusque
1174 2269 1446 2339 Iacrytuis,
1493 2268 1720 2322 Domino
1750 2269 2109 2324 confitebatur
2130 2309 2144 2333 ,

599 2361 762 2415 etiam
789 2369 951 2433 atque
979 2361 1138 2414 etiam
1173 2344 1380 2434 gratias
1410 2374 1596 2429 agens,
1651 2360 1769 2427 ejus
1817 2361 2135 2413 constantiae

600 2454 841 2515 nomine,
881 2451 1039 2519 cujus
1066 2452 1130 2506 ad
1160 2466 1278 2504 eam
1307 2466 1478 2518 usque
1517 2451 1706 2503 horam
1739 2448 2010 2517 specilnen
2056 2466 2151 2504 ex-

606 2540 906 2602 hibuisset;
966 2553 1163 2608 rogans
1217 2549 1274 2592 ut
1322 2540 1374 2591 in
1424 2553 1486 2592 ea
1534 2540 1877 2593 cotifessioue
1925 2553 2150 2606 agonem

598 2641 1045 2695 consummaret;
1112 2630 1435 2697 animusque
1485 2620 1773 2696 repositam
1830 2628 2154 2697 martyribus

599 2720 841 2790 requiem
875 2729 1314 2786 censequeretur,
1359 2733 1458 2772 nec
1487 2718 1866 2786 corpusculum
1899 2717 2155 2788 aerumnis

602 2810 788 2866 multis
824 2826 888 2865 ac
941 2810 1225 2865 laboribus
1296 2809 1688 2876 tormentisque
1752 2815 2153 2875 constuuptum,

599 2903 834 2958 honesto
851 2900 917 2956 ad
950 2899 1337 2968 quiescendum
1369 2899 1487 2953 loco
1515 2897 1914 2953 destitueretur:
1941 2911 2004 2951 ac
2030 2911 2165 2948 vero-

599 2990 899 3046 custodia-n
951 3004 1013 3043 ac
1073 2988 1388 3058 praesidium
1417 2988 1504 3042 ‘in
1554 3002 1727 3043 aevum
1790 2986 1993 3040 civitati
2043 2981 2191 3039 fore

599 3088 848 3148 precatus
877 3087 980 3143 est,
1013 3079 1191 3134 omnis
1227 3079 1440 3148 generis
1471 3079 1786 3132 morborum
1835 3063 2153 3146 praesentem

602 3171 950 3238 medicinam,
986 3173 1339 3239 omniumque
1367 3169 1549 3238 procul
1582 3170 1847 3223 malorum
1881 3184 2148 3222 averrun-
2179 3198 2222 3255 ε

600 3259 889 3314 cationem.
937 3256 1214 3327 lmpietate
1247 3257 1300 3311 in
1352 3256 1520 3311 Deum
1571 3255 1964 3319 laborantibus,
1998 3256 2153 3330 .salu-

600 3356 732 3410 tem.
761 3363 881 3415 quae
906 3363 999 3415 per
1033 3348 1190 3402 fidem
1237 3358 1338 3412 est,
1379 3347 1517 3400 votis
1561 3347 1922 3415 deprecatur;
1958 3337 2151 3416 peccav

603 3436 847 3499 toribus,
876 3443 934 3489 ut
965 3438 1286 3504 pmnitentia
1337 3444 1768 3490 convertantur:
1822 3433 2151 3502 inagistrativ

600 3524 726 3589 bus,
751 3534 810 3580 ut
831 3526 1096 3596 justitiam
1125 3535 1363 3591 teneant;
1395 3526 1649 3589 subditis,
1675 3534 1734 3580 ut
1758 3523 2148 3610 obedientiam;

591 3618 902 3681 divitibus,
955 3626 1013 3670 ut
1065 3632 1366 3686 prepensos
1420 3618 1472 3670 in
1530 3619 1924 3687 eleemosynam
1972 3629 2147 3668 mores

602 3704 886 3760 habeant:
921 3705 1270 3773 pauperibus,
1332 3714 1391 3757 ut
1449 3696 1762 3772 patientiam
1810 3711 2029 3755 servent
2082 3716 2146 3754 ac

603 3793 980 3848 sustinentiam
1006 3809 1020 3856 ;
1049 3793 1408 3862 gaudentibus
1431 3831 1446 3856 ,
1500 3802 1558 3846 ut
1604 3792 1803 3862 gratias
1835 3800 2031 3861 agant;
2067 3791 2152 3851 bis

599 3887 690 3956 qui
719 3886 770 3939 in
807 3901 1047 3939 mrumna
1073 3895 1219 3948 sunt,
1253 3893 1312 3938 ut
1336 3884 1580 3939 levamen
1635 3901 1698 3939 ac
1724 3885 2152 3941 consolationem

601 3977 875 4030 obtineant
901 3993 914 4040 ;
946 3975 1346 4043 navigantibus,
1373 3984 1433 4030 ut
1464 3975 1604 4030 felici
1635 3976 1978 4045 navigatione
2002 3986 2156 4032 utan-

603 4065 692 4118 ιυι·
729 4080 745 4130 ;
783 4063 884 4116 iter
932 4064 1274 4128 habentibus,
1328 4071 1386 4117 ut
1441 4064 1558 4118 iter-
1595 4063 1769 4118 fauste
1821 4065 2152 4129 conﬁciant;

601 4151 688 4206 bis
710 4151 801 4220 qui
854 4152 905 4206 in
938 4152 1076 4206 bello
1132 4162 1434 4218 versentur,
1504 4152 1738 4207 victoriae
1769 4162 2006 4224 tropaea;
2061 4156 2152 4223 qui

600 4240 906 4310 deniquein
940 4256 1069 4311 pace
1111 4251 1293 4313 agant,
1327 4253 1385 4297 ut
1436 4259 1650 4299 omnem
1707 4254 1929 4302 strenue
1983 4247 2154 4315 picta“-

574 4340 708 4405 .tem
740 4331 1046 4400 acjustitia:
1079 4349 1240 4401 opera
1274 4334 1473 4398 CQluttt.
1523 4334 1727 4388 Christi
1750 4335 1944 4392 aemula
2000 4337 2155 4390 boni-

601 4408 731 4486 tate,
759 4423 967 4500 cunctis
994 4422 1129 4476 bona
1181 4438 1242 4476 ac
1274 4424 1428 4478 utilia
1484 4433 1834 4492 apprecatur,
1873 4435 1931 4482 ut
1975 4426 2149 4496 perfe-

2255 649 2418 734 Θηρσὶ
2446 650 2506 703 τὸ
2545 651 2702 721 σῶμα
2732 650 3016 705 κατέλιπον
3047 649 3231 719 βοράν.

2313 822 2417 892 ιη’.
2436 823 2500 875 Τί
2521 817 2611 876 οὖν
2634 824 2662 875 6
2687 822 2918 892 Κύριος;
2947 818 3055 890 ὅ.ρά
3096 837 3158 889 γε
3183 820 3276 875 τοῦ
3317 821 3516 875 οἰκείου
3544 821 3792 892 θεράπον-

2250 930 2340 976 τος
2367 914 2668 982 ἠμέλησενς
2689 913 2721 982 ἢ
2754 911 3198 981 βιαθανατοῦντος
3220 912 3418 984 τρόπον
3441 912 3657 981 ἀφῆκεν
3673 913 3791 965 ἁπο-

2253 1003 2472 1068 Θανεῖν;
2516 1003 2549 1072 ἢ
2592 1003 2862 1072 κρυφαίας
2895 1002 2990 1054 καὶ
3044 1003 3231 1072 νοερᾶς
3283 1004 3441 1071 μόνον
3488 1003 3792 1070 ἐπιφανείας
3894 1002 3895 1064 ξ

2251 1092 2416 1158 ἀξιοῖς
2451 1092 2742 1160 Οὐδαμῶςο
2775 1092 2870 1156 νὺξ
2897 1092 2952 1144 δὲ
2979 1092 3101 1162 ἤδη,
3132 1094 3227 1146 καὶ
3251 1094 3398 1162 ἣλιος
3426 1092 3531 1145 ὑπὸ
3561 1093 3687 1161 γῆν,
3713 1096 3794 1146 καὶ

2249 1185 2277 1236 6
2303 1182 2550 1250 ἀληθινὸς
2579 1183 2764 1245 Ἥλιος
2798 1182 2876 1253 τῷ
2905 1183 2998 1235 τοῦ
3031 1183 3205 1252 φωτὸς
3247 1182 3599 1235 ἐπανέτελλεν
3664 1183 3759 1252 υίῷ
3778 1203 3789 1214 ·

2254 1274 2347 1326 καὶ
2380 1273 2578 1342 πλῆθος
2615 1251 2872 1343 στρατιᾶς
2905 1274 3156 1342 οὐρανίου
3185 1273 3314 1343 περὶ
3351 1273 3534 1337 αὐτὸν,
3565 1273 3663 1326 καὶ
3686 1251 3794 1337 δόξα

2255 1363 2479 1430 Κυρίου,
2531 1361 2897 1430 ειῦαγγελικῶς
2951 1364 3146 1425 εἰπεῖν,
3204 1360 3578 1435 περιέλαμψεν
3621 1361 3792 1415 αὐτόν.

2265 1454 2324 1507 '0
2354 1455 2431 1517 δὲ,
2458 1454 2709 1524 καθάπερ
2732 1453 2791 1517 ἐξ
2817 1453 2983 1506 ὕπνου
3012 1453 3198 1522 βαθέος
3228 1451 3554 1519 ἀνενεγκὼν,
3587 1452 3686 1506 καὶ
3709 1453 3796 1520 τῆς

2227 1547 2380 1616 περὶ
2439 1545 2602 1598 αὐτὸν
2644 1543 2920 1613 αἰσθηθεὶς
2963 1542 3299 1612 Θεοφανείας,
3357 1545 3448 1598 καὶ
3486 1543 3670 1614 πάσης
3712 1543 3797 1612 μιν
3894 1593 3895 1598 η

2252 1629 2544 1705 ἀλγηδόνος
2579 1633 2827 1704 σώματος
2876 1635 3036 1697 εὐθὺς
3071 1633 3299 1697 ἀνεθεὶς,
3338 1634 3517 1703 πάσης
3552 1635 3609 1687 δὲ
3642 1652 3790 1689 καταο

2253 1728 2452 1793 νύξεως
2506 1725 2599 1780 καὶ
2625 1725 2988 1796 ἁνεκλαλήτου
3012 1726 3184 1796 χαρᾶς
3231 1725 3560 1795 πληρωθεὶς,
3593 1726 3796 1778 ἵσταται
3894 1775 3895 1778 η

2258 1818 2355 1887 μὲν
2391 1818 2484 1871 ἐπὶ
2514 1817 2700 1882 πόδας,
2730 1816 2873 1869 οὕτω
2895 1815 3109 1885 κούφως
3147 1815 3240 1868 καὶ
3262 1815 3551 1878 εὐσθενῶς,
3582 1815 3659 1878 ὡς
3687 1813 3796 1885 μηδ’
3894 1867 3895 1872 η

2251 1909 2317 1978 ἦν
2343 1926 2464 1961 τινα
2495 1909 2689 1979 πεῖραν
2728 1905 2965 1978 ἀνιαρῶν
2993 1906 3244 1974 εἰληφώς.
3717 1910 3730 1922 ⁸

2323 2081 2407 2137 ιϐ’.
2439 2081 2612 2144 Εὐθὺς
2635 2081 2690 2134 δὲ
2720 2080 2940 2148 κάμψας
2965 2079 2992 2131 ό
3021 2080 3301 2151 Μακάριος
3326 2080 3384 2132 τὸ
3406 2078 3534 2147 γόνυ
3560 2079 3696 2150 πρὸς
3721 2080 3800 2133 τὸν

2250 2175 2402 2236 Θεὸν,
2429 2174 2524 2226 καὶ
2549 2174 2644 2235 τὰς
2677 2174 2828 2234 ὁσίας
2873 2175 3056 2240 χεῖρας
3084 2171 3292 2241 ἐπάρας
3331 2172 3409 2232 είς
3438 2171 3530 2222 τὸν
3559 2171 3798 2241 οὐρανὸν,

2253 2266 2310 2316 ἐν
2341 2261 2657 2329 ἀγαλλιάσει
2688 2259 2910 2328 καρδίας
2960 2260 3051 2313 καὶ
3085 2259 3370 2329 γλυκεροῖς
3427 2259 3692 2329 δάκρυσιν
3722 2259 3800 2322 ἐξ·

2253 2354 2578 2422 ωμολογεῖτο
2627 2349 2704 2421 τῷ
2768 2349 3021 2420 Κυρίῳ”
3057 2350 3394 2422 εὐχαριστῶν
3442 2351 3538 2419 μὲν
3575 2349 3802 2420 ἰσχυρῶς
3894 2403 3895 2406 η

2254 2446 2393 2513 ὐπὲρ
2447 2445 2545 2512 τῆς
2606 2442 3015 2512 σταθερότητος,
3045 2435 3110 2512 ης
3135 2445 3261 2511 ἄχρι
3285 2442 3382 2510 τῆς
3415 2441 3564 2512 ὥρας
3594 2442 3803 2508 ἐκείνης

2254 2535 2553 2600 ἐνεδείξατο
2579 2549 2591 2562 ·
2646 2532 2896 2601 δεόμενος
2949 2531 3004 2583 δὲ
3037 2532 3126 2583 ἐπὶ
3155 2531 3324 2602 ταύτῃ
3366 2531 3716 2600 τελειωθῆναι
3742 2535 3802 2600 τῇ

2253 2625 2535 2695 ὁμολογίᾳ·
2571 2623 2664 2677 καὶ
2696 2625 2792 2693 τὴν
2822 2624 3000 2693 ψυχὴν
3026 2623 3125 2692 μὲν
3171 2622 3268 2691 τῆς
3298 2623 3675 2690 ἀποκειμένης
3701 2623 3803 2682 τοῖς

2258 2718 2522 2787 μάρτυσιν
2552 2714 2907 2778 ἀναπαύσεως
2949 2715 3238 2784 μετασχεῖν
3261 2728 3272 2743 ·
3326 2713 3385 2766 τὸ
3413 2713 3726 2776 πολυπαθὲς
3755 2713 3806 2767 δὲ

2256 2807 2525 2876 σωμάτιον
2572 2806 2770 2874 σεμνὸν
2830 2805 2995 2859 τόπον
3043 2805 3122 2868 είς
3201 2804 3545 2858 κατάπαυσιν
3594 2805 3804 2874 λαχεῖν

2256 2899 2614 2972 φυλακτήριον
2665 2897 2723 2950 δὲ
2770 2895 2925 2952 τοῦτο
2952 2898 3018 2966 τῇ
3073 2895 3238 2948 αὐτοῦ
3285 2896 3437 2948 πόλει
3470 2896 3806 2964 προσηύξατο

2255 2989 2322 3042 δι’
2352 2988 2542 3050 αίῶνος
2567 2986 2934 3058 χρηματίσαι·
2981 2987 3150 3040 νόσων
3182 3003 3241 3038 τε
3272 2986 3630 3038 παντοδαπῶν
3661 2987 3806 3053 lath-

2258 3097 2372 3150 ριον
2427 3078 2522 3131 καὶ
2571 3077 2784 3131 πάντων
2833 3076 3181 3146 ἀλεξητήριον
3211 3075 3414 3130 κακῶν.
3462 3074 3810 3145 Προσηύξατο

2255 3171 2365 3230 τοῖς
2394 3168 2471 3229 είς
2500 3170 2590 3221 τὸν
2633 3165 2765 3218 Θεὸν
2787 3164 3076 3217 ἀσεϐοῦσιν
3129 3163 3228 3224 τὴν
3256 3163 3343 3217 διὰ
3376 3164 3608 3227 πίστεως
3640 3179 3808 3232 σωτη-

2257 3261 2394 3330 ρίαν,
2419 3259 2510 3312 καί
2545 3259 2656 3320 τοῖς
2680 3256 3054 3326 ἁμαρτάνουσι
3109 3255 3207 3326 τὴν
3249 3254 3335 3308 διὰ
3372 3254 3666 3325 μετανοίας
3690 3255 3829 3312 ἐπιο.

2256 3350 2511 3420 στροφὴν,
2541 3350 2649 3410 τοῖς
2687 3348 2913 3422 ἄρχουσι
2946 3344 3287 3416 δικαιοσύνην
3307 3362 3320 3378 ’
3355 3345 3671 3398 εὐπείθειαν
3703 3346 3809 3407 τοῖς

2255 3438 2595 3509 ἀρχομένοις,
2644 3439 2756 3500 τοῖς
2800 3435 3072 3500 πλουσίοις
3127 3437 3326 3510 τρόπον
3367 3434 3661 3503 ἐλεήμονα,
3704 3435 3810 3496 τοῖς

2257 3531 2480 3599 πένησιν
2499 3527 2771 3598 ὑπομονὴν
2801 3528 2894 3579 καὶ
2915 3527 3230 3595 καρτερίαν,
3279 3516 3561 3594 χαίρουσιν
3590 3525 3809 3593 εὐχαρι-

2256 3622 2430 3684 στίαν,
2457 3618 2812 3688 λυπουμένοις
2857 3615 3496 3686 παραμυθίαν,-πλὲουσιν
3529 3615 3805 3674 εὐπλοῖαν,

2253 3709 2622 3779 ὁδοιποροῦσιν
2647 3709 2875 3772 εὐοδίαν,
2898 3710 3008 3770 τοῖς
3038 3710 3094 3759 ἐν
3124 3706 3344 3776 πολέμῳ
3368 3706 3604 3773 τρόπαια
3634 3705 3808 3770 νίκης,

2254 3803 2364 3861 τοῖς
2428 3799 2763 3866 εἰρηνεύουσι
2818 3794 3098 3855 ,συντονίαν
3129 3796 3261 3864 πρὸς
3297 3795 3476 3846 πᾶσαν
3529 3792 3811 3845 εὐσέϐειαν

2256 3888 2345 3940 καὶ
2370 3885 2802 3958 δικαιοπραγίαν.
2841 3886 3011 3938 Πᾶσιν
3055 3882 3348 3951 ἐπεύχεται
3379 3883 3811 3952 Χριστομιμήτῳ

2254 3978 2577 4048 χρηστότητι
2600 3976 2667 4029 τὰ
2698 3975 2906 4044 χρηστὰ
2939 3975 3030 4028 καὶ
3055 3973 3324 4040 λυσιτελῆ,
3346 3972 3420 4035 ὠς
3442 3972 3650 4035 τέλειος
3681 3974 3811 4042 Χρι-

2256 4067 2380 4119 στοῦ
2412 4066 2685 4135 μαθητής·
2716 4065 2788 4126 ὡς
2821 4063 3158 4132 φιλόπατρις,
3206 4064 3271 4131 τῇ
3309 4062 3526 4131 πατρίδι
3576 4060 3680 4131 τὴν
3710 4061 3811 4113 ἀπὸ

2255 4158 2496 4211 κινδύνου
2545 4156 2978 4224 παντολύτρωσιν
3001 4168 3014 4182 ·
3068 4151 3299 4220 μάλιστα
3336 4151 3392 4205 δὲ
3433 4152 3544 4213 τοῖς
3573 4150 3810 4218 γνησίως

2255 4249 2414 4302 αὐτοῦ
2476 4244 2832 4316 μνημονεύειν
2888 4242 3160 4311 μέλλουσι,
3193 4241 3284 4292 καὶ
3313 4242 3376 4308 τῇ
3409 4237 3513 4291 τῶν
3547 4238 3810 4307 λειψάνων

2254 4337 2393 4409 Θήκῃ
2416 4334 3099 4400 πελάζουσινκοίκοδομαῖς-
3125 4347 3183 4384 τε
3224 4329 3564 4398 χαρίζεσθαι,
3624 4328 3812 4397 ὕμνοις

2253 4444 2309 4478 τε
2368 4429 2460 4478 καὶ
2509 4426 2716 4488 Ουσίαις
2769 4421 3107 4485 δεξιοῦσθαι·
3158 4419 3332 4488 τούτῳ
3373 4418 3684 4488 προσιοῦσι,
3722 4420 3811 4471 πᾶ-

601 4519 720 4566 ctus
747 4510 948 4569 Christi
980 4513 1301 4581 discipulus.
1331 4513 1400 4568 Ut
1423 4514 1609 4581 patriae
1660 4530 1871 4575 amans.
1937 4519 2142 4584 patriae,

2259 4535 2352 4570 σαν
2409 4516 2587 4580 δεξιὰν
2636 4515 2794 4584 χάριν
2819 4513 2909 4566 καὶ
2937 4513 3201 4581 σωτήριον
3251 4511 3542 4577 ἐπεύχεται
3577 4508 3807 4578 δωρεάν.

599 4607 659 4653 ut
685 4601 752 4656 ab
777 4601 922 4655 omni
962 4611 1073 4656 tuta
1100 4603 1339 4671 periculo
1360 4605 1428 4658 sit
1453 4605 1702 4673 omnique
1726 4607 2320 4677 hostiumgrassatione
2377 4611 2666 4669 liberetur;
2725 4609 2791 4660 iis
2853 4607 3172 4676 praesertim,
3234 4602 3326 4672 qui
3393 4602 3538 4656 illius
3596 4601 3808 4655 sincere

598 4703 865 4745 memores
935 4689 1153 4755 fuerint,
1220 4706 1283 4746 ac
1362 4695 1710 4763 reliquiarum
1785 4696 1964 4752 loculo
2027 4701 2392 4762 accesserint,
2447 4687 2690 4751 aediliciis
2747 4695 3132 4765 praestiterint,

3211 4691 3437 4745 canticis
3509 4689 3806 4744 oblationi-

595 4777 802 4848 busque
831 4780 1157 4849 acceperint.
1183 4778 1282 4845 Qui
1312 4796 1369 4837 se
1399 4783 1609 4849 adeant,
1643 4785 1874 4840 faustam
1910 4803 2124 4842 onmem
2166 4791 2393 4860 gratiam
2426 4799 2794 4857 comprecatur
2825 4802 2885 4841 ac
2915 4786 3152 4840 salutare
3202 4797 3396 4837 munus
3423 4781 3560 4851 (ll).

662 4871 753 4925 20.
786 4871 844 4925 ln
890 4872 1034 4927 hunc
1066 4873 1283 4928 modum
1339 4886 1586 4945 precatus
1619 4880 1702 4933 vir
1735 4879 1970 4944 divinus,
2027 4883 2150 4936 din-

596 4977 702 5032 que
729 4976 886 5016 sacro
915 4970 1124 5017 astante
1170 4966 1479 5032 angelorum
1521 4969 1687 5023 choro
1718 4985 1872 5023 sacre
1905 4971 2171 5024 delecta-'

597 5066 684 5109 tus
715 5062 999 5122 menteque
1039 5067 1327 5121 recreatus,
1357 5069 1579 5129 tumque
1628 5063 1785 5113 tertio
1818 5061 2136 5117 deiformem

597 5145 927 5213 co’nsignans
975 5139 1176 5201 vultum
1210 5149 1415 5218 (aqua;
1473 5160 1604 5202 tunc
1658 5154 1917 5218 temporis
1966 5153 2166 5208 locum"

597 5236 911 5304 impleverat
942 5236 1159 5305 mystica
1196 5238 1515 5306 jucumlitas
1554 5239 1973 5312 divinarumque
2027 5245 2142 5300 lau.

598 5328 724 5377 dum
784 5325 1065 5396 cantica!)
1105 5344 1350 5384 sanctum
1399 5330 1478 5381 eis
1538 5338 1759 5382 sanctus
1823 5335 1982 5391 tradit
2032 5338 2142 5394 ani-

671 5495 692 5524 ι
723 5496 885 5561 Apoc.
917 5513 1027 5557 xxi,
1057 5497 1145 5551 εδ.

670 5629 778 5698 (Η)
806 5628 1051 5683 Diximus
1095 5632 1227 5684 alias
1264 5645 1368 5682 non
1402 5633 1606 5698 placere
1633 5636 1788 5688 nobis
1821 5636 1966 5689 illam
1998 5652 2140 5688 mar-

601 5705 772 5772 l\'l_lll|l
802 5699 1316 5772 viventiumcuratn,
1339 5714 1439 5772 qua
1466 5704 1493 5753 ι’
1565 5719 1787 5763 corpore
1811 5715 1864 5757 ct
1898 5706 2139 5772 reliquiis

599 5770 715 5827 suis
759 5777 887 5824 sunt
944 5765 1179 5834 solliciti,
1229 5768 1488 5838 quidquid
1545 5774 1630 5827 hic
1661 5772 1714 5824 in
1747 5774 1888 5828 uotis
1941 5765 2056 5830 suis
2084 5774 2136 5830 id

2327 4881 2393 4938 κ’.
2427 4883 2581 4941 Οὖτω
2629 4882 3058 4950 προσευξάμενος
3100 4882 3128 4932 6
3171 4878 3312 4939 θεῖος
3362 4877 3523 4946 ἀνὴρ.
3578 4876 3679 4929 καὶ
3723 4876 3803 4928 ἐπὶ

2256 4975 2386 5028 πολύ
2437 4977 2546 5036 τοῖς
2599 4974 2905 5042 παρεστῶσι
2951 4973 3057 5024 τῶν
3120 4969 3278 5039 ιερῶν
3343 4970 3592 5035 ἀγγέλων
3652 4969 3804 5038 ίερῶς

2257 5066 2629 5133 συνηδόμενος,
2663 5068 2752 5116 καὶ
2781 5065 2975 5133 νοερῶς
2996 5059 3484 5131 κατατερπόμενος,
3507 5056 3628 5111 εἶτα
3654 5062 3802 5130 τρίτῃ

2257 5157 2506 5224 σφραγῖδι
2524 5155 2582 5205 τὸ
2604 5153 2830 5216 Θεοειδές
2853 5156 3134 5223 πρόσωπον
3158 5151 3606 5221 σημειωσάμενος
3627 5151 3694 5220 (ὣ
3715 5152 3803 5217 τῆς

2252 5249 2368 5299 τότε
2407 5245 2496 5295 τὸν
2543 5244 2704 5296 τόπον
2741 5247 2939 5295 ἐκεῖνον
2965 5243 3323 5312 πληρωσάσης
3355 5242 3625 5310 μυστικῆς
3669 5242 3799 5309 Θυμ-

2251 5336 2396 5404 ηῗίας
2421 5338 2508 5384 καὶ
2535 5336 2874 5402 δοξολογίας),
2901 5335 2991 5402 τὴν
3015 5336 3169 5400 ἁγίαν
3187 5334 3363 5392 αὐτοῖς
3393 5333 3420 5384 ὁ
3445 5333 3595 5399 ἅγιος
3623 5350 3798 5402 παρα-

2245 5639 2511 5716 explicare
2533 5641 2735 5716 nitatur
2758 5639 3133 5716 Conilieﬁsius.
3169 5642 3341 5716 Atque
3364 5642 3494 5697 hinc
3524 5643 3794 5716 suspicer,

2247 5706 2388 5766 hunc
2429 5725 2546 5766 esse
2573 5712 2815 5767 Graecum
2841 5707 3038 5767 Niceta:
3070 5711 3299 5768 rhetoris
3332 5722 3618 5769 ornatum.
