3924 6312
90 344 185 409 487

646 349 926 439 ORATIO
964 350 1121 412 XIX.
1146 351 1323 414 -ΙΝ
1366 353 1675 415 LAUDEM
1712 353 1775 415 S.
1814 354 2231 417 HYACINTHI
2269 356 2729 421 AMASTRENI.

3220 359 3329 423 438

90 464 288 517 τίθεται
316 462 518 535 ψυχήν.
554 462 773 534 Ταύτην
817 464 917 535 μὲν
949 463 1042 517 οῦν
1070 464 1231 527 εὐθὺς
1263 466 1290 517 6
1326 464 1644 537 παράδεισος

1757 477 1927 517 mum.
1960 464 2113 520 llunc
2142 482 2271 521 vero
2296 466 2478 524 statim
2513 465 2605 523 Dei
2635 469 2920 539 paradisus
2953 467 3337 547 hnhuit,Regi
3410 458 3411 461 “

92 552 193 624 size
231 555 328 609 τοῦ
356 556 516 621 θεοῦ,
560 556 641 628 τῷ
683 557 901 611 Βασιλεῖ
954 556 1052 625 τῆς
1091 557 1249 625 δόξης
1294 558 1654 627 ἀνσφθέγκτῳ

92 646 224 715 χαρᾷ
249 646 606 715 προσιοῦσαν,
639 647 730 700 καὶ
757 646 1083 715 πανευαγῶς
1132 647 1280 716 αὐτῷ
1316 645 1651 716 προσκυνοῦ-

94 754 204 801 σαν,
235 740 334 791 καὶ
362 738 443 808 τῷ
472 738 573 809 τῆς
623 738 934 808 ἀφθαρσίας
972 739 1221 810 στεφάνῳ
1258 742 1323 809 τῇ
1350 742 1652 810 Δεσποτικῇ

94 821 567 902 καταστεφομένην
590 832 737 900 δεξιᾷ
763 846 777 861 ⁸
808 830 1013 902 ταύτην
1036 831 1093 884 αι
1123 834 1307 901 νοεραὶ
1340 834 1512 887 πᾶσαι
1545 834 1653 886 τῶν

92 921 325 991 οὐρανῶν
354 922 628 991 Δυνάμεις
685 922 954 993 ἐπῄνεσαν
982 961 997 987 ,
1046 923 1144 976 καὶ
1171 922 1245 987 ὡς
1277 925 1571 993 νικηφόρον
1618 924 1650 994 ἢ

95 1014 452 1082 Χριστοφόρον
477 998 694 1078 ἑαυταῖς
738 1013 1244 1083 προσῳκειὼααντο.
1277 1013 1492 1084 Ταύτην
1516 1016 1651 1068 ἀπό-

97 1102 269 1177 στολοι
289 1104 417 1174 μὲν,
450 1105 527 1167 ὡς
555 1103 1033 1158 ἀποστολικιῖηατα
1056 1103 1356 1175 βιιὶισασαν,
1388 1103 1625 1172 ἀσμεναί

91 1212 212 1248 τατα
230 1193 652 1268 [ἀσμενέστατα]
669 1182 996 1265 δεξιούμενοι
1020 1213 1174 1265 περιε
1184 1197 1444 1264 πτύξαντα
1460 1213 1473 1226 ·
1498 1197 1653 1265 Μαρ-

92 1288 255 1357 τύρων
282 1287 340 1340 δὲ
366 1290 518 1358 χοροὶ
548 1290 703 1357 ίεροὶ,
734 1287 809 1352 ὡς
833 1289 1027 1342 οίκεῖον
1052 1288 1230 1342 αὐτῶν
1261 1289 1441 1358 μέλος,
1469 1291 1563 1343 καὶ
1593 1290 1653 1343 τὸ

94 1374 405 1443 τιμιώτατον
426 1377 812 1447 ἀποδεχόμενοι
840 1377 946 1430 τῶν
974 1377 1151 1447 μελῶν
1169 1395 1182 1409 ·
1208 1380 1298 1433 καὶ
1312 1376 1389 1449 τῷ
1412 1380 1654 1449 πνεύμα-

94 1484 139 1519 τι
164 1467 687 1539 συναρμολογοῦντες
730 1471 938 1533 ἑαυτοῖς
983 1469 1072 1523 καὶ
1103 1470 1527 1541 συμϐισάζοντες
1553 1473 1653 1542 τῆς

94 1559 247 1629 αὐτῆς
294 1561 486 1623 αὐτοῖς
533 1560 692 1631 δόξης
748 1562 842 1615 καὶ
875 1562 1282 1633 μακαριότητος
1330 1564 1556 1633 μέτοχον
1584 1564 1651 1619 δι’

92 1652 273 1714 αἰῶνος
334 1651 722 1723 ἐκληρώσαντο
746 1669 761 1685 ·
800 1654 863 1707 ού
907 1652 1068 1723 μόνον
1096 1653 1174 1716 δὲ,
1212 1654 1352 1707 ἀλλά
1387 1655 1481 1707 καὶ
1511 1672 1645 1725 atpo-

93 1742 263 1808 φητῶν
294 1742 394 1795 καὶ
418 1743 595 1810 ἁγίων
619 1743 798 1796 θίασοι
824 1744 1064 1809 πάντων,
1089 1744 1165 1807 ὡς
1188 1742 1286 1813 τῆς
1314 1745 1435 1815 ίσης
1464 1746 1649 1809 αὐτοῖς

93 1833 362 1900 ἁγιότητος
392 1833 843 1905 ὑπερϐαλλόντως
882 1835 1217 1906 μετέχουσαν
1260 1836 1520 1906 δρῶντες,
1546 1837 1645 1907 τὴν

92 1922 244 1990 αὐτῆς
305 1924 569 1977 ἀνάλυσιν
625 1925 723 1977 καὶ
779 1926 1041 1995 ἐνδημίαν
1076 1927 1214 1999 πρὸς
1264 1926 1357 1981 τὸν
1388 1927 1642 1997 Χριστὸν,

92 2013 334 2085 λαμπράν
372 2015 459 2068 ὅτι
491 2015 725 2087 μάλιστα
754 2009 850 2071 καὶ
877 2015 1356 2090 θεοπρεπεστάτην
1388 2019 1646 2089 συνεκρό-

91 2122 243 2177 vim
267 2108 489 2179 ἑορτήν·

149 2293 248 2340 καθ.
285 2285 496 2340 Τοῦτον
520 2287 625 2357 μιν
651 2282 751 2341 οὖν
794 2288 888 2342 τὸν
915 2283 1120 2359 τρόπον
1141 2289 1175 2360 ἡ
1194 2290 1475 2359 τρισολσία
1501 2272 1645 2362 ψυχὴ

91 2380 174 2442 τὰς
231 2380 325 2433 τοῦ
378 2382 632 2452 οὐρανίου
692 2384 903 2453 Πατρδς
950 2383 1392 2455 κατακληροῦται
1445 2387 1640 2455 μονάς·

82 2472 191 2523 ἀλλ’
232 2472 354 2526 οὐδὲ
414 2474 478 2527 τὸ
518 2474 664 2545 ἱερὸν
692 2474 871 2529 lascivo
899 2477 994 2528 καὶ
1037 2475 1397 2547 άθλοφορικὸν
1424 2478 1642 2546 σκῆνος,

93 2562 315 2630 ἢοῦτως
372 2565 460 2629 είς
501 2569 606 2641 γῆν
651 2565 816 2620 πεσδν
860 2566 1235 2637 παρεώραται,
1270 2567 1303 2639 ἢ
1344 2569 1484 2646 κατά
1514 2571 1645 2633 τοὺς

91 2654 290 2718 λοιποὺς
324 2656 614 2727 μάρτυρας
648 2660 939 2730 τετίμηται
968 2676 982 2690 ·
1010 2659 1199 2730 ὥσπερ
1221 2661 1279 2713 δὲ
1307 2663 1499 2730 τέρασι
1535 2663 1647 2729 μεί-

94 2743 193 2807 ζοσι
241 2747 335 2800 καὶ
398 2744 797 2819 ἀφθονωτέροις
844 2752 1069 2819 ῖάμασιν
1114 2750 1220 2804 ύπδ
1256 2751 1374 2812 ἷτοῦ
1406 2753 1642 2822 Χριστοῦ

94 2836 525 2909 πεφιλοτίμηται,
570 2832 714 2892 οὕτω
744 2843 837 2895 καὶ
866 2845 982 2906 ταῖς
1014 2842 1073 2907 ἐξ
1098 2842 1194 2897 ἀνθ
1207 2843 1403 2913 ρώπων
1432 2848 1640 2915 τιμαῖς,

1754 556 1961 625 gloriae,
1992 556 2136 610 nulla
2166 560 2530 614 verborumvi
2560 555 2864 630 explicabili
2913 559 3132 630 gaudio,
3165 576 3323 614 acce-
3432 548 3436 552 ’

1753 644 1991 708 dentem,
2025 644 2189 721 eique
2230 639 2648 717 religiosissima
2682 648 2865 703 habitu
2923 649 3129 703 cultum
3169 648 3325 703 adhi—

1756 734 1993 802 bentem,
2040 746 2203 807 atque
2259 740 2686 808 incorruptionis
2734 756 2990 795 coronam
3045 734 3321 795 Dominica

1753 828 1975 884 dextera
2010 819 2421 897 suscipientem.
2462 828 2611 899 lianc
2655 831 2959 885 cmlestium
2991 842 3319 899 potestatum

1753 929 1963 974 mentes
1993 934 2183 973 omnes
2219 919 2599 985 laudaverunt,
2644 936 2707 975 ac
2750 923 2892 976 velut
2944 922 3183 978 victoria:
3215 904 3322 995 tro-

1753 1025 1889 1080 paea,
1916 1020 2012 1064 aut
2042 1009 2320 1064 Christum
2373 1011 2652 1098 ferpntem,
2686 1012 2801 1065 suis
2824 1012 3174 1067 domesticam
3216 1030 3326 1069 cm-

1753 1101 1901 1154 tihus
1934 1102 2265 1155 asciverunt.
2298 1101 2449 1155 Hanc
2478 1109 2532 1155 et
2563 1102 2815 1170 apostoli,
2851 1119 2969 1171 qua:
3010 1106 3324 1172 apostolicis

1756 1191 2172 1261 pra-clarissime
2222 1190 2537 1244 muneribus
2582 1192 2746 1244 vitam
2804 1192 2994 1261 egerit,
3069 1194 3323 1262 placidis-

1752 1282 1891 1337 sime
1935 1273 2265 1350 accipientes
2303 1282 2577 1352 complexi
2607 1292 2757 1337 sunt.
2812 1284 2961 1338 Sacri
3016 1298 3320 1357 martyrum

1751 1372 1931 1435 chori,
1978 1371 2127 1426 velut
2182 1373 2459 1441 proprium
2512 1373 2753 1443 ipsorum
2811 1376 3112 1430 membrum
3172 1379 3323 1431 reci-

1752 1465 1965 1535 pientes
2014 1465 2498 1533 membrorumque
2526 1466 2946 1529 nobilissimum,
3001 1484 3064 1523 ac
3106 1470 3207 1523 sibi
3243 1472 3323 1537 ip-

1753 1556 1830 1611 sis
1864 1556 2058 1627 spiritu
2088 1555 2484 1610 concinnautes
2510 1571 2573 1610 ac
2602 1558 3028 1618 committentes.
3073 1544 3318 1626 ejusdem

1752 1647 1956 1701 sociam
1988 1646 2173 1716 gloria:
2205 1661 2269 1701 ac
2294 1647 2646 1702 beatitudinis
2693 1649 2746 1701 in
2790 1654 2963 1702 aevum
2996 1650 3137 1703 nacti
3174 1661 3319 1703 sunt.

1755 1738 1938 1808 Neque
1973 1737 2028 1791 id
2071 1738 2253 1805 modo,
2300 1739 2394 1793 sed
2433 1748 2487 1794 et
2537 1739 2924 1808 prephctarum
2977 1734 3323 1795 sanctorum;

1749 1846 1855 1901 que
1888 1830 2131 1885 omnium
2160 1830 2317 1886 chori
2360 1831 2509 1886 velut
2538 1833 2685 1901 paris
2715 1832 2824 1887 illis
2856 1834 3165 1888 sanctitatis
3191 1850 3316 1903 gra-

1751 1923 1841 1977 tiis
1873 1922 2074 1977 eximie
2127 1932 2343 1977 auctam
2387 1924 2811 1995 conspicientes,
2870 1925 2991 1993 ejus
3044 1926 3109 1979 ad
3158 1925 3329 1978 Chria

1751 2023 1895 2068 stum
1929 2013 2259 2069 solutionem
2296 2029 2361 2068 ac
2384 2014 2824 2082 emigrationem,
2856 2015 3060 2075 claram
3086 2018 3322 2070 maxime

1750 2105 2256 2176 divinissimamqne
2304 2103 2648 2159 festivitatem
2703 2121 2767 2161 ac
2820 2107 3113 2175 tripudium
3178 2109 3320 2163 cele-

1751 2196 1999 2251 brarunt.
2998 2210 3004 2215 ·

1813 2288 1910 2342 2|.
1943 2288 2001 2343 In
2028 2289 2174 2355 hunc
2203 2288 2385 2358 itaque
2413 2289 2636 2343 modum
2675 2297 2755 2343 ter
2788 2289 2947 2343 beata
2995 2289 3175 2342 anima
3208 2304 3324 2344 c02—

1752 2379 1902 2435 Iestis
1955 2379 2135 2436 Patris
2170 2380 2496 2436 mansiones
2542 2380 2807 2448 sedesque
2847 2381 3238 2449 consequitur:
3268 2388 3323 2434 at

1752 2486 1927 2542 neque
1954 2486 2170 2525 sacrum
2204 2472 2332 2525 illud
2390 2487 2453 2525 ac
2499 2471 2831 2540 triumphale
2886 2472 3319 2534 tabernamtlum.

1752 2546 1835 2618 vel
1863 2565 1943 2620 sic
1976 2564 2027 2617 in
2059 2573 2257 2618 terram
2285 2564 2487 2618 cadens
2514 2575 2755 2631 spretum
2782 2574 2882 2627 est,
2916 2566 2998 2617 vel
3031 2566 3143 2631 pari
3177 2579 3320 2617 mar-

1749 2656 1957 2727 tyribus
1990 2656 2212 2725 reliquis
2234 2656 2436 2710 honore
2466 2656 2773 2711 decoratum
2811 2674 2821 2709 :
2865 2656 2956 2711 sed
2986 2656 3125 2710 sicut
3154 2658 3322 2723 majo-

1750 2749 1915 2803 rihus'
1952 2746 2209 2817 prodigiis
2258 2746 2712 2815 uberioribusque
2780 2746 3072 2799 sanitatum
3133 2748 3321 2817 gratiis

1747 2836 1948 2892 Christi
1980 2853 2203 2891 munere
2232 2837 2581 2891 honestatum
2612 2846 2712 2900 est,
2750 2837 2830 2891 sic
2858 2846 2909 2890 et
2943 2837 3199 2891 humanis
3222 2837 3318 2890 ho-

93 2925 332 2980 ἁπάντων
369 2928 557 2997 ὀλίγου
584 2927 694 2983 δεῖν
721 2931 829 2983 τῶν
870 2930 1248 3002 ἀθλοφορικῶν
1286 2934 1551 3004 σωμάτων
1585 2936 1643 2988 τὸ

1755 2928 1975 2984 noribus
2000 2942 2061 2983 ac
2110 2929 2411 2999 obsequiis,
2458 2930 2669 2982 cunctis
2720 2927 2831 2981 fere
2865 2928 3097 2982 victoria
3149 2928 3317 2999 incly-

95 3017 451 3081 ίπιδοξότατον
516 3020 804 3091 ἠνέγκατο.
845 3021 984 3075 Τότε
1038 3023 1136 3093 μὲν
1180 3023 1289 3094 γὰρ
1330 3024 1494 3078 αὑτοῦ
1536 3041 1638 3077 που

1755 3029 1924 3074 torum
1973 3032 2269 3091 martyrum
2323 3020 2646 3089 corporibus
2694 3020 2887 3088 majori
2943 3022 3112 3089 gloria
3195 3020 3321 3073 illu-

96 3108 300 3178 πλησίον
326 3111 432 3179 τῆς
461 3111 668 3173 πόλεως
698 3112 802 3182 γῆς
833 3110 1053 3182 βάθεσιν
1088 3114 1194 3167 ὑπὸ
1221 3116 1327 3168 τῶν
1354 3116 1641 3169 εύσεδούν-

1755 3111 1918 3166 strius
1974 3112 2243 3166 habitum.
2276 3113 2353 3165 Ac
2407 3120 2525 3185 tum,
2570 3111 2786 3179 quidem
2835 3110 2943 3165 illic
3000 3111 3097 3165 loci
3155 3125 3323 3180 prope

95 3217 192 3252 raw
250 3201 279 3254 6
334 3202 634 3273 πολύτιμος
680 3204 912 3274 ἐντίμως
942 3206 1314 3277 καταχωσθεὶς
1353 3208 1644 3281 θησαυρὸς,

1755 3202 2019 3257 civitatem
2046 3211 2264 3273 aggesto
2298 3202 2511 3260 tumulo
2538 3202 2809 3272 pretiosus
2848 3202 3139 3256 thesaurus
3188 3202 3319 3256 fide-

96 3293 335 3362 ούμενοῦν
386 3296 617 3364 ἀφικτὸς
649 3298 683 3366 ἦ
713 3314 815 3350 τινι
848 3297 1072 3365 γέγονεν
1101 3298 1160 3364 ἐξ
1193 3299 1404 3352 ὲκείντυ
1431 3300 1644 3371 θεωρη-

1755 3294 1878 3348 lium
1933 3294 2187 3349 manibus
2222 3293 2524 3349 honoritice
2579 3292 2835 3348 conditus
2884 3304 3013 3348 est:
3050 3309 3114 3347 ac
3143 3308 3321 3363 quan-
3386 3302 3391 3313 '

97 3382 191 3446 τὸς,
216 3384 273 3436 ού
308 3383 418 3454 μὴν
450 3386 569 3446 ταῖς
590 3385 983 3455 ἀγαθουργίαις
1029 3387 1138 3439 τῶν
1167 3388 1332 3439 αὐτοῦ
1368 3388 1644 3455 θαυματοο

1755 3399 1911 3452 quam
1948 3384 2279 3448 inaccessus,
2325 3382 2568 3453 nullique
2591 3398 2657 3437 eo
2681 3398 2745 3437 ex
2792 3391 3035 3449 tempore
3084 3398 3143 3436 re
3190 3398 3322 3436 con-

101 3474 250 3526 ποιῶν
307 3471 420 3537 οἷός
456 3492 517 3528 τε
567 3476 776 3543 γίνεται
818 3476 1004 3529 λαθεῖν
1028 3494 1041 3509 ο
1093 3477 1206 3530 ἀλλ’
1238 3473 1644 3545 ὲκτενεστάταις

1755 3484 1973 3543 spectus
2005 3483 2107 3536 est,
2164 3490 2259 3543 per
2303 3474 2425 3544 ejus
2489 3483 2669 3527 tamen
2725 3473 3053 3527 mirabilium
3094 3490 3317 3543 operum

102 3569 186 3632 μὲν
209 3568 437 3630 ἱκεσίαις
468 3568 557 3620 τὸν
583 3569 785 3638 Κύριον
815 3569 963 3621 ἔνδον
996 3571 1023 3622 6
1060 3568 1357 3641 ἁθλοφόρος
1402 3570 1644 3641 ἱλεούμε-

1760 3566 1996 3619 beueflca
2056 3580 2283 3619 munera
2362 3565 2504 3619 haud
2558 3564 2674 3620 fieri
2726 3574 2941 3634 poterat
2999 3572 3057 3618 ut
3109 3566 3319 3618 lateret.

100 3668 191 3716 νος,
218 3652 319 3716 ἔξω
341 3655 397 3708 δὲ
423 3657 541 3718 ταῖς
595 3656 687 3709 ἰπὶ
736 3656 831 3709 τοῦ
875 3656 1045 3725 τάφου
1094 3658 1442 3723 τελουμέναις
1472 3662 1644 3713 ίάσεσι

1756 3657 1897 3721 Quin
1938 3656 2159 3726 jugibus
2195 3657 2579 3725 contentisque
2632 3657 3126 3726 supplicationibus
3170 3656 3317 3711 intus

103 3743 366 3811 δυσωπῶν,
422 3747 517 3799 καὶ
563 3748 828 3811 τοιούτοις
877 3749 1047 3812 πάλαι,
1080 3750 1176 3820 τὴν
1204 3751 1368 3803 αὐτοῦ
1414 3752 1563 3804 πόλιν
1589 3752 1644 3819 ἐξ

1758 3748 2042 3801 Dominum
2110 3759 2318 3819 martyr
2371 3749 2720 3817 triumphalis
2779 3749 3025 3818 placatis,
3077 3748 3320 3818 forisque

108 3836 336 3899 ἀπιστίας
371 3840 470 3904 ,είς
523 3838 821 3909 ὀρθότομον
904 3840 1085 3893 πίστιν
1145 3842 1239 3895 καὶ
1287 3843 1648 3913 ἀνυπόκριτον

104 3928 348 3995 μετάγων,
371 3929 493 3982 οὐδὲ
524 3930 686 4000 μέχρι
722 3931 818 3983 τοῦ
851 3930 945 3983 νῦν
966 3933 993 3984 δ
1023 3931 1321 4001 θαυμάσιος
1355 3933 1641 3989 διαλείπει.

102 4018 306 4085 Λέγεται
336 4020 468 4091 γάρ,
490 4020 518 4073 ὃ
534 4022 627 4075 καὶ
647 4020 920 4090 ὁρώμενον
945 4022 1279 4086 πιστεύεται,
1299 4025 1382 4076 ὅτι
1412 4024 1647 4096 ἑκάστης

102 4107 177 4161 τοῦ
223 4110 469 4165 ἐνιαυτοῦ
516 4110 857 4181 περιτροπῆς
900 4112 1001 4183 τὴν
1049 4111 1143 4165 τοῦ
1198 4113 1355 4181 ἀγὶου
1425 4116 1647 4185 μνήμην

105 4200 411 4269 ὲπαγούσης,
456 4200 642 4271 δέησις
673 4202 805 4271 περὶ
853 4202 946 4255 τὸν
997 4202 1138 4271 ἱερὸν
1185 4204 1375 4271 τάφον,
1420 4206 1523 4257 ὑπὸ
1553 4205 1645 4258 τοῦ

1754 3840 1805 3893 in
1828 3840 2060 3910 sepulcri
2085 3841 2346 3899 memoria
2381 3842 2676 3895 sanitatum
2716 3856 2943 3895 munere
2969 3856 3314 3911 permovens,

1753 3930 1946 4000 hisque
1974 3931 2101 3984 olim
2138 3947 2289 3985 suam
2325 3932 2602 3984 civitatem
2654 3932 2721 3985 ab
2767 3930 3083 3985 inﬁdelitate
3137 3932 3201 3985 ad
3243 3946 3319 3985 re-

1752 4028 1896 4075 ctam
1948 4022 2333 4089 sinceramque
2376 4021 2535 4075 fidem
2584 4021 2886 4085 traducere,
2946 4022 3320 4090 hactenusque

1749 4113 1832 4165 vir
1864 4111 2217 4165 admirandus
2262 4127 2369 4166 non
2399 4121 2601 4168 cessat.
2632 4113 2800 4166 Aiunt
2829 4114 2974 4167 enim
3006 4114 3120 4186 (cui
3156 4115 3230 4167 rei
3264 4123 3319 4171 et

1748 4204 1859 4273 ipse
1887 4204 2035 4259 visus
2086 4213 2303 4273 praestat
2340 4204 2528 4274 ﬁdem)
2588 4213 2831 4259 vertente
2915 4208 3043 4261 anni
3117 4219 3318 4277 tempc-
3366 4274 3367 4277 η

108 4289 229 4357 ἱεροῦ
256 4285 452 4356 παντὸς
508 4292 888 4362 ἀναπέμπεται
949 4292 1081 4346 λαοῦ
1103 4311 1117 4325 ο
1150 4294 1304 4362 ἄφνω
1334 4295 1390 4348 δὲ
1428 4294 1554 4365 χοῦς
1589 4298 1644 4350 ἑν

1755 4298 1905 4355 state,
1941 4305 2047 4358 qua
2081 4292 2201 4358 ejus
2240 4291 2471 4344 celebris
2525 4294 2785 4346 memoria
2838 4293 3036 4361 agitur,
3091 4306 3317 4348 sacram

107 4381 201 4449 ἤχῳ
224 4384 325 4436 τινὶ
355 4384 491 4452 ξένῳ
552 4385 647 4438 καὶ
677 4385 967 4454 ῥοιζήματι
1000 4386 1303 4455 πνεύματος
1340 4389 1403 4439 ὲκ
1428 4387 1520 4439 τοῦ
1550 4387 1644 4457 βά-

1755 4382 1926 4450 plebis
1962 4383 2105 4436 circa
2148 4399 2365 4437 sacrum
2403 4386 2670 4438 tumulum
2720 4386 3122 4451 obsecratione,
3160 4386 3317 4441 dere-

107 4471 210 4535 θους
236 4475 477 4529 κάτωθεν
537 4476 841 4530 ἀναδίδοται
895 4475 928 4546 ἢ
988 4478 1424 4547 ἀναρριπίζεται,
1472 4479 1643 4542 οὕτως

1755 4481 1908 4539 pente
1940 4473 2163 4527 insolito
2192 4475 2429 4543 quodam
2457 4477 2660 4541 soaitu,
2688 4477 2955 4546 ﬂatusque
2979 4478 3213 4531 stridore
3244 4493 3311 4532 ex

110 4564 321 4634 σφοδρῶς
339 4567 747 4635 ὲκφυσὼμενος,
780 4566 854 4628 ὼς
893 4568 986 4620 καὶ
1030 4568 1156 4630 τοὺς
1202 4569 1328 4637 περὶ
1356 4570 1445 4622 τὸν
1472 4570 1642 4638 τάφον

1755 4560 1873 4615 imis
1906 4575 2123 4615 sursum
2154 4565 2427 4630 pulverem
2454 4578 2737 4633 erumpere
2767 4565 2880 4633 (l2)
2914 4580 3008 4619 seu
3040 4565 3313 4619 exsufﬂari

107 4654 391 4720 καιομένους
410 4655 759 4726 λαμπτῆρας,
776 4659 841 4726 τῇ
869 4657 1121 4727 ἐπιπνοίᾳ
1154 4658 1642 4713 κατασϐέννυσθαι’

1755 4659 1895 4704 tanta
1920 4652 2283 4715 vehementia,
2318 4664 2378 4707 ut
2424 4665 2475 4708 et
2525 4656 2735 4708 tumulo
2765 4656 3184 4724 circumpositas
3226 4671 3314 4709 ac-

107 4741 293 4795 αὑτὸδὲ
321 4744 377 4796 τὸ
400 4744 501 4796 τοῦ
545 4744 715 4812 τάφου
773 4745 967 4815 στόμα,
1008 4745 1101 4797 καὶ
1131 4745 1226 4814 τὴν
1261 4746 1641 4800 καλύπτουσαν

108 4830 469 4901 λαρνακοειδῶς
515 4834 845 4905 οἰκοδομίαν,
888 4835 1166 4905 ἀνάμεστα
1193 4836 1286 4888 τοῦ
1316 4835 1463 4907 ίεροῦ
1493 4839 1639 4907 χοὸς,

109 4924 183 4975 καὶ
228 4925 319 4994 τῆς
371 4926 561 4997 τιμίας
600 4927 803 4995 ταύτης
850 4927 1032 4990 κονίας
1086 4927 1285 4993 εὐθέως
1323 4930 1637 4985 ἀποδείκνυ-

111 5006 227 5060 σθαι.

164 5098 253 5167 ιβ’.
284 5102 464 5167 Ἀξιον
505 5104 600 5155 καὶ
632 5103 786 5157 τοῦτο
824 5107 890 5175 τῇ
935 5104 1149 5175 ἱστορία
1175 5107 1535 5178 παραδοῦναι,
1564 5110 1639 5173 ὼς

106 5188 155 5237 οὔ
193 5192 302 5259 πρὸ,
330 5195 540 5247 πολλῶν
593 5194 799 5248 τούτων
850 5196 1005 5259 ἐτῶν,
1057 5197 1156 5265 τῆς
1198 5200 1413 5267 ὲτησίου
1452 5200 1639 5263 κονίας

107 5276 574 5353 ἀναδραττομένης,
606 5284 699 5337 καλ.
724 5285 814 5336 τὸν
846 5286 1019 5355 μέγαν
1051 5287 1144 5355 τῆς
1176 5288 1355 5358 χειρὸς
1379 5288 1638 5343 δάκτυλον

105 5368 191 5422 τοῦ
240 5371 542 5443 θαυμαστοῦ
607 5378 896 5448 Μάρτυρος
950 5378 1192 5432 κάτωθεν
1239 5383 1636 5451 συναναόἧναι,

1746 4756 1936 4797 censas
1988 4741 2134 4798 faces
2184 4745 2477 4811 spiratione
2504 4748 2852 4816 exstinguat;
2892 4749 3181 4818 ipsumque
3226 4760 3311 4804 tu-

1745 4833 1875 4887 muli
1912 4848 1994 4897 os,
2026 4850 2286 4903 urinaque
2312 4836 2363 4889 in
2398 4837 2619 4891 modum
2645 4839 2983 4907 operientem
3020 4840 3306 4905 fabricam,

1745 4937 1905 4978 sacro
1941 4925 2159 4993 pulvere
2184 4928 2534 4998 pretiosaque
2578 4924 2760 4984 cinere
2803 4930 3087 4985 confestim
3131 4932 3306 4985 adim-

1742 5017 1905 5087 pleat.

1809 5109 1899 5161 Ἡ.
1948 5110 2171 5179 Dignum
2202 5126 2329 5166 vero
2374 5121 2429 5166 et
2491 5113 2631 5167 istud
2682 5116 3075 5169 commentario
3130 5114 3309 5168 consi-

1741 5216 1944 5269 gnare;
1977 5212 2100 5254 ante
2126 5202 2390 5255 nimirum
2428 5217 2533 5256 non
2586 5204 2783 5259 multos
2833 5205 2932 5258 hos
2963 5219 3133 5256 annos
3165 5205 3300 5271 (15).

1741 5307 1925 5345 annuo
1980 5293 2201 5361 pulvere
2247 5306 2565 5363 erumpente
2617 5311 2679 5351 ac
2725 5297 3033 5355 ehulliente,
3100 5294 3301 5347 dextra:

1742 5398 1958 5453 quoque
1988 5382 2288 5439 admirandi
2315 5387 2567 5456 martyris
2621 5388 2880 5456 majorem
2930 5384 3153 5450 digitum
3194 5398 3297 5435 una

1813 5607 1921 5677 (l5)
1956 5606 2091 5661 Hinc
2144 5615 2310 5674 patet,
2354 5606 2557 5662 cultum
2601 5606 2720 5675 ejus
2778 5597 3081 5657 Amastridc
3121 5597 3296 5653 adhuc

1740 5676 1992 5734 ﬂoruisse
2026 5676 2224 5734 szeculo
2257 5691 2422 5732 nono.
2452 5736 2455 5739 _

165 5598 267 5673 (te)
300 5600 437 5656 Idem
466 5602 580 5658 fere
603 5602 931 5673 miraculum
962 5615 1213 5659 narratur
1264 5606 1330 5658 de
1386 5606 1637 5673 sepulcro

108 5667 154 5739 β.
175 5667 475 5739 Baymundi
501 5673 569 5726 de
601 5670 931 5739 Pegnat’orti,
958 5675 1030 5727 uti
1057 5676 1260 5731 dictum
1288 5684 1369 5731 est
1398 5667 1463 5731 ad
1493 5677 1632 5733 diem

109 5736 133 5789 7
167 5736 398 5794 Januarii
423 5741 471 5797 in
494 5743 612 5813 ejus
645 5736 816 5807 Actis,
841 5756 959 5810 cap.
996 5746 1047 5799 8.
