3924 6312
516 333 623 400 439

1723 335 2017 401 ΝΙΕΕΤᾸί
2055 341 2502 405 PAPHLAGON
2512 345 2587 406 IS

521 447 860 510 asceidisse,
900 447 970 503 ita
1002 445 1275 516 integrum
1301 459 1628 516 sanumque,
1677 461 1741 501 ac
1788 447 1834 502 si
1884 446 2100 504 vivente

2222 451 2372 516 ιῦτως
2401 453 2590 524 ἄρτιον
2618 453 2714 508 καὶ
2735 454 3052 527 ὀλόκληρον,
3077 455 3159 522 ὡς
3193 456 3316 529 ἄρτι
3342 457 3446 528 τῆς
3475 460 3643 514 αὐτοῦ
3674 461 3779 524 ζὼο

520 554 712 592 recens
739 537 957 590 dextera
985 544 1299 605 amputatns
1325 547 1489 591 esset.
1519 533 1610 591 Sic
1638 551 1765 590 vero
1786 537 2100 593 ascendisse

2207 559 2307 613 σης
2337 545 2704 614 ἀφαιρεθέντα
2732 545 2913 612 δεξιᾶς
2932 565 2948 580 ’
2972 550 3139 620 ἀνὲὁη
3155 550 3230 614 δὲ,
3268 551 3453 605 πίστιν
3485 568 3544 605 τε
3565 592 3579 616 ,
3610 548 3780 622 οἶμαι,

520 630 776 693 arbitror,
816 637 872 682 nt
904 626 1078 682 sancti
1113 643 1180 681 eo
1220 626 1340 681 loco
1393 627 1702 697 corpusculi
1743 627 2104 697 depositionis

2222 633 2543 706 τελειοτέραν
2581 639 2973 708 παρεχόμενος,
3029 642 3130 710 τῆς
3182 642 3430 694 Mando!
3467 642 3566 695 τοῦ
3607 643 3780 712 ’Δγξου

521 719 806 774 certiorem
875 719 1079 774 faceret
1128 718 1311 783 ﬁdem,
1367 728 1422 773 et
1471 719 1540 773 ad
1595 720 1778 789 templi
1842 718 2103 774 fabricam

521 810 706 864 ﬁdeles
756 811 1043 864 animaret.
1109 807 1153 863 0
1201 819 1446 874 sanctum
1497 811 1775 880 pulverem
1823 811 1878 864 in
1926 811 2102 866 sancti

523 904 749 972 pulvere
793 900 1061 956 imbutum
1093 902 1405 968 sanctitate,
1450 903 1542 972 qui
1600 904 1858 958 universo
1904 905 2108 974 populo

524 994 897 1057 tlistribuaiis,
952 994 1182 1064 parique
1224 1009 1350 1048 cum
1391 1002 1582 1049 sancto
1627 1009 1857 1064 corpore
1908 996 2108 1050 virtute

523 1087 766 1158 polleas!
824 1085 868 1141 Ο
926 1087 1140 1157 pulvis,
1207 1095 1400 1152 natura
1459 1087 1680 1155 quidem
1732 1098 2003 1150 terrenus,
2054 1095 2110 1142 at

524 1178 763 1234 caelestis
798 1177 996 1231 virtute
1045 1187 1208 1247 atque
1255 1179 1537 1247 potentia!
1592 1176 1775 1232 Pulvis
1824 1179 2110 1242 nimirum,

522 1288 761 1342 manna’,
815 1271 959 1341 quod
994 1271 1124 1326 olim
1170 1286 1202 1327 e
1245 1273 1383 1327 caelo
1409 1272 1653 1342 pluebat,
1683 1271 1856 1340 gratia
1883 1285 2106 1325 venera-

525 1367 722 1429 bilior,
782 1365 1148 1420 sanctimonia
1203 1365 1538 1436 religiosior,
1596 1365 1794 1418 virtute
1833 1364 2111 1434 potentior

524 1460 922 1527 el'licaciorque.
966 1457 1101 1512 Nam
1133 1457 1268 1512 illud
1305 1457 1526 1527 quidem
1571 1456 1636 1511 ad
1659 1457 1850 1512 alenda
1879 1469 2110 1525 corpora

526 1567 590 1605 ac
619 1548 993 1606 conservanda
1021 1549 1162 1604 coelo
1193 1548 1409 1619 pluebat
1435 1564 1454 1613 ;
1498 1549 1589 1602 hic
1615 1564 1765 1614 vero,
1799 1563 1909 1602 non
1935 1548 2110 1602 solum

526 1644 594 1698 ad
651 1658 914 1712 corpora.
950 1643 1012 1710 (a
1062 1641 1284 1709 {rigoris
1337 1641 1573 1695 maxime
1628 1649 1906 1710 astusque
1953 1640 2114 1709 tabe)

527 1737 795 1796 curanda.
855 1749 1042 1790 verum
1101 1733 1266 1789 etiam
1332 1733 1396 1788 ad
1458 1733 1830 1788 abundantem
1911 1731 2116 1786 animis

527 1827 841 1880 ﬁrmitatem
871 1824 1238 1894 prtestandam
1267 1837 1331 1876 ac
1361 1822 1807 1878 illustrationem.

596 1903 688 1969 23.
732 1917 818 1980 At,
877 1931 909 1970 ο
965 1921 1270 1984 martyrum
1320 1911 1566 1966 omnium
1616 1914 1785 1970 decus
1827 1915 2114 1987 inclytum,

529 2007 768 2060 ﬁdelium
821 2003 1077 2074 gloriatio
1121 2002 1488 2071 contritioque
1513 2001 1812 2067 inﬁdelium
1839 2006 1852 2058 ι
1884 2004 1928 2061 Ο
1954 2022 2117 2062 vene-

529 2097 714 2151 randae
744 2095 934 2163 patria:
967 2093 1108 2147 bona
1150 2091 1336 2160 stirps,
1406 2091 1515 2144 imo
1546 2106 1675 2146 vero
1706 2093 1871 2162 stirps
1899 2103 2112 2160 sancta,

529 2204 633 2244 suo
665 2203 890 2242 munere
924 2199 1149 2256 pravam
1181 2184 1413 2255 patriam
1459 2183 1512 2236 in
1541 2183 1840 2257 bonitatem
1876 2196 2112 2256 vertens,

531 2283 917 2351 impuramque
951 2288 1160 2334 castam
1198 2275 1433 2331 reddens
1472 2292 1536 2331 ac
1570 2287 1839 2344 sanctam,
1883 2277 2115 2332 inhono-

531 2389 758 2447 ramqne
791 2373 1107 2427 lmnorans!
1145 2368 1325 2438 Stirps
1359 2368 1596 2438 pretiosa
1622 2354 2116 2439 cmlestisquePa-

536 2467 639 2519 tris
692 2466 769 2519 tui
821 2480 952 2519 vere
993 2463 1331 2533 plantatione
1361 2461 1544 2532 digna,
1584 2462 1739 2530 quasi
1773 2461 1970 2531 palma,
1999 2461 2112 2531 jugi

532 2559 795 2612 virtutum
848 2554 984 2611 ﬂore
1046 2568 1303 2615 vernans,
1367 2566 1432 2606 ac
1490 2551 1649 2620 quasi
1708 2552 1903 2606 cedrus
1957 2566 2115 2606 secus

531 2664 738 2716 aquas,
797 2646 1025 2702 inﬁnitis
1085 2644 1384 2699 sanitatum
1445 2639 1714 2698 fructibus
1759 2643 2110 2697 exuberans!

531 2739 578 2794 Ο
627 2739 764 2809 lapis
815 2739 1052 2808 pretiose
1108 2749 1348 2804 vereque
1394 2748 1612 2789 summo
1663 2734 1907 2804 augulari
1937 2735 2116 2804 .digne

534 2830 745 2901 lapide!
798 2830 979 2898 Lapis,
1038 2828 1127 2882 cui
1189 2841 1384 2881 nomen
1437 2841 1560 2879 cum
1615 2823 1919 2896 llyacintho
1966 2816 2116 2878 com-

535 2937 704 2976 mune
733 2922 880 2990 (lt);
918 2920 1031 2983 illo,
1068 2921 1317 2988 inquam,
1353 2915 1679 2988 Hyacinthe,
1717 2917 1810 2986 qui
1861 2915 2112 2970 undecim

536 3013 790 3086 pretiosis
842 3011 1135 3082 lapidibus,
1183 3010 1440 3078 utrinque
1469 3007 1661 3063 ordine
1716 3009 1959 3077 digestis,
2020 3022 2117 3061 an-

540 3120 737 3169 nexus,
770 3103 971 3159 sumtui
1001 3101 1277 3174 pontiﬁcis
1315 3100 1578 3156 rationale
1609 3099 1801 3169 judicii
1825 3115 1929 3153 una
1960 3115 2114 3153 com-

2208 727 2578 796 καταθέσεως,
2613 731 2709 783 καὶ
2751 729 2890 800 πρὸς
2939 734 3037 804 τὴν
3069 734 3166 788 τοῦ
3189 734 3318 788 ναοῦ
3350 735 3634 805 διεγείρων
3665 738 3783 798 τοὺς

2210 819 2433 882 πιστοὺς
2466 825 2828 892 κατασκευήν.
2844 819 2917 876 Ὦ
2941 823 3069 893 χοῦς
3087 825 3261 892 ἅγιος,
3283 829 3341 879 ὲν
3369 826 3448 897 τῷ
3471 826 3570 880 τοῦ
3604 826 3779 894 ’Δγίου

2211 909 2575 980 ἀγιαζόμενος
2621 911 2727 982 χοῖ,
2777 915 2870 967 καὶ
2920 915 3081 968 παντὶ
3128 917 3207 986 τῷ
3244 917 3358 991 λαῷ
3389 918 3778 986 διαδιδὸμενος,

2211 991 2303 1055 καὶ
2332 1004 2410 1073 τῷ
2449 1005 2588 1076 ἁγίῳ
2615 1007 2707 1058 ίσα
2736 1006 2951 1076 σώματι
2970 1006 3477 1077 δυναμούμενος.Ὦ
3505 1011 3660 1079 χοῦς,
3691 1010 3782 1080 τὴν

2211 1096 2374 1164 φύσιν
2405 1096 2504 1165 μὲν
2525 1097 2730 1171 χοῑκδς,
2761 1100 3010 1170 οὐράνιος
3034 1101 3090 1154 δὲ
3123 1101 3222 1170 τὴν
3235 1100 3486 1172 δύναμιν·
3521 1103 3673 1172 χοῦς,
3696 1103 3782 1155 τοῦ

2210 1188 2439 1260 ούρανοῦ
2467 1190 2660 1259 πρώην
2685 1189 2914 1260 ὑομὲνου
2948 1191 3125 1261 μάννα
3164 1191 3259 1262 τὴν
3292 1192 3457 1263 χάριν
3494 1193 3784 1262 αἱδεσιμὼ-

2210 1281 2398 1349 τεροςί
2450 1281 2540 1334 τὸν
2585 1282 2861 1351 ἁγιασμόν
2908 1283 3366 1358 σεϐασμιιῖηερος,
3415 1285 3518 1356 τὴν
3559 1285 3785 1355 δύναμιν

2211 1371 2652 1444 δραστικώτερος
2677 1389 2690 1404 ο
2738 1374 2798 1428 τὸ
2820 1374 2927 1446 μιν
2951 1375 3060 1446 γὰρ
3105 1377 3185 1440 είς
3220 1377 3492 1446 σωμάτων
3511 1376 3638 1431 ὕετο
3667 1377 3786 1448 Θρέ-

2212 1463 2306 1531 ψιν
2363 1481 2423 1516 τε
2470 1465 2568 1517 καὶ
2621 1466 2990 1537 συντήρησινο
3028 1467 3056 1519 ὀ
3093 1467 3176 1530 ιι,
3239 1468 3339 1520 οὐκ
3382 1470 3463 1531 είς
3523 1468 3785 1537 σωμάτων

2216 1555 2516 1627 θεραπείαν
2567 1557 2750 1629 μόνον,
2785 1559 2989 1629 ψύχους
3010 1577 3069 1614 τε
3101 1560 3336 1630 μάλιστα
3383 1560 3478 1614 καὶ
3512 1559 3786 1623 καύσωνος

2187 1640 2537 1717 ’μαρασμοῦ,
2589 1647 2724 1701 ἀλλά
2763 1650 2862 1702 καὶ
2914 1651 2994 1713 είς
3031 1649 3234 1721 διαρκῆ
3273 1647 3464 1719 ψυχῶν
3488 1650 3786 1720 στηριγμδν

2220 1741 2316 1792 καὶ
2351 1735 2653 1810 φωτισμόν.

2296 1916 2402 1985 κγ’.
2436 1916 2598 1981 Ἀλλ’,
2628 1910 2674 1970 ὦ
2708 1915 2927 1970 πάντων
2960 1917 3253 1988 μαρτύρων
3277 1915 3557 1987 ὠράῖσμα,
3590 1915 3789 1970 πιστῶν

2221 2008 2279 2061 δὲ
2310 2006 2646 2076 ἀγαλλίαμα;
2680 2005 2929 2060 ἀπίστων
2974 2006 3036 2059 δὶ
3073 2005 3388 2076 σύντριμμα
3415 2004 3434 2034 °'
3455 1999 3501 2058 ὦ
3538 2006 3789 2076 πατρίδος

2226 2099 2429 2168 σεμνῆς
2477 2097 2679 2165 ἀγαθὸν
2731 2097 2930 2166 φυτόν·
2963 2097 3169 2167 μᾶλλον
3196 2097 3251 2149 δὲ
3291 2097 3456 2166 φυτὸν
3490 2096 3670 2165 ἅγιον,
3698 2098 3789 2165 τὴν

2223 2189 2468 2260 πονηρὰν
2527 2188 2800 2256 ἀγαθύναν
2853 2187 2921 2240 δι’
2999 2187 3192 2241 ἑαυτοῦ
3239 2187 3494 2250 πατρίδα,
3548 2186 3647 2240 καὶ
3700 2185 3788 2252 τὴν

2222 2281 2457 2349 ἄναγνον
2507 2281 2761 2349 ἀγνίσαν,
2793 2281 2890 2335 καὶ
2927 2280 3028 2350 τὴν
3071 2281 3265 2352 ἄτιμον
3313 2281 3557 2351 τιμῆσαν
3581 2297 3594 2309 ·
3629 2279 3790 2348 φυτὸν

2222 2367 2423 2439 τίμιον,
2451 2370 2546 2421 καὶ
2576 2367 2675 2437 τῆς
2698 2368 2791 2422 τοῦ
2827 2370 3037 2441 Πατρός
3059 2385 3154 2423 σου
3190 2370 3284 2423 τοῦ
3311 2371 3369 2424 ἐν
3403 2374 3516 2434 τοῖς
3544 2371 3790 2440 οὐρανοῖς

2223 2460 2447 2529 φυτείας
2493 2459 2711 2531 ἀληθῶς
2767 2459 2940 2526 ἀξιον,
2972 2461 3047 2523 ὡς
3079 2461 3255 2530 φοῖνιξ
3296 2463 3414 2526 ταῖς
3483 2461 3790 2515 ὰιθαλέσιν

2223 2552 2402 2608 ἀνθῶν
2445 2553 2693 2636 ἀρετρῖς,
2749 2553 2843 2607 καὶ
2883 2552 3016 2605 ὡσεὶ
3063 2552 3255 2623 κέδρος
3308 2552 3441 2622 παρ’
3481 2547 3656 2606 ὕδατα
3685 2554 3790 2614 τοις

2222 2645 2472 2716 ἀπείροις
2529 2644 2638 2699 τῶν
2687 2644 2932 2714 ἰαμάτων
2981 2643 3383 2715 πληθυνόμινος
3431 2644 3697 2714 καρπῶνι
3725 2639 3788 2694 Ὅ

2223 2737 2336 2791 λίθε
2366 2737 2540 2808 τίμιε,
2572 2736 2668 2790 καὶ
2721 2735 2817 2789 τοῦ
2858 2735 3260 2806 ,ἀκρογωνιαίου
3296 2735 3374 2806 τῷ
3413 2736 3526 2789 bim
3561 2735 3786 2800 ὲπάξιεθ

2223 2828 2359 2893 λίθε,
2383 2826 2462 2897 τῷ
2507 2827 2781 2899 Ὑακίνθῳ
2809 2826 3066 2898 ὁμώνυμε
3087 2845 3100 2859 ·
3123 2827 3339 2897 ἐκείνῳ,
3369 2827 3446 2898 τῷ
3474 2830 3587 2889 τοῖς
3605 2827 3788 2879 ἕνδεκα

2224 2921 2528 2989 συστοίχοις
2580 2919 2785 2989 τιμίοις
2829 2920 3223 2990 συνηρτημένῳ
3259 2919 3450 2986 λίθοις,
3498 2921 3594 2972 καὶ
3619 2921 3681 2972 τὸ
3706 2918 3789 2971 λο-

2222 3011 2366 3078 γεῖον
2395 3009 2496 3078 τῆς
2544 3009 2776 3079 κρίσεως
2810 3008 2904 3062 τοῦ
2949 3010 3250 3081 ἀρχιερέως
3285 3009 3790 3077 συγκατασκευαζο-

2228 3100 2388 3169 μένου
2404 3100 2497 3154 τοῦ
2521 3100 2777 3170 μεγάλου·
2797 3100 2912 3176 λίθε
2936 3101 3084 3170 ἆγιε,
3116 3101 3402 3172 κυλιόμενε
3429 3101 3524 3154 ἐπὶ
3543 3101 3647 3171 τῆς
3668 3103 3786 3169 γῆς.

538 3197 729 3270 ponit!
768 3194 929 3263 Lapis
962 3203 1171 3257 sancte,
1193 3192 1284 3262 qui
1308 3191 1464 3261 juxta
1499 3190 1690 3245 Isaiam
1728 3205 1888 3259 super
1917 3197 2114 3243 terram

2223 3194 2363 3246 κατά
2389 3194 2480 3246 τὸν
2524 3193 2771 3262 Ἡσαΐαν,
2806 3195 2905 3262 τῆς
2938 3196 3251 3267 ’Δμάστρας
3297 3195 3357 3248 τδ
3408 3196 3789 3265 περιτείχισμα

540 3287 798 3351 volvaris,
825 3284 1152 3339 Amastridis
1178 3297 1369 3337 murus
1415 3282 1726 3349 vallumque
1753 3298 1767 3347 ;
1803 3281 1916 3335 sive
1941 3281 2120 3349 potius

541 3380 711 3436 turris
740 3391 1075 3445 coronaque,
1104 3389 1294 3428 omnes
1327 3372 1564 3426 hostium
1589 3371 1868 3441 capiendis
1893 3371 2120 3426 urbibus

545 3469 850 3533 machinas,
880 3467 1100 3530 arietes,
1134 3463 1463 3533 catapultas,
1495 3463 1718 3517 balistas
1750 3463 1964 3530 aliaque
1993 3476 2120 3530 pro-

543 3547 790 3630 pellens!
824 3559 1236 3631 Paphlagonum
1277 3559 1385 3612 alta
1422 3557 1730 3612 sublimitas
1774 3555 2121 3622 eximiusque

543 3655 728 3716 decor,
766 3652 979 3725 imperii
1010 3666 1234 3715 corona,
1274 3648 1563 3704 sacerdutii
1597 3649 1714 3703 laus
1743 3661 1806 3700 ac
1847 3644 2118 3716 gloriatio,

546 3753 882 3808 nostrorum,
917 3758 1124 3813 qtneso,
1187 3743 1350 3796 etiam
1403 3740 1681 3808 suscipere
1731 3737 1968 3808 digneris
2007 3752 2123 3791 ser-

513 3893 518 3898 ,
548 3850 769 3888 monum
806 3835 1111 3904 primitias;
1165 3847 1224 3888 ac
1253 3831 1331 3887 vel
1368 3831 1412 3886 si
1457 3830 1594 3884 nihil
1625 3838 1717 3883 tua
1751 3830 1972 3899 dignum
2006 3843 2122 3882 ma-

547 3925 858 3996 gniﬁcentia
913 3908 1226 3994 exhibeant,
1273 3937 1500 3993 prorsus
1548 3930 1727 3974 tamen
1785 3920 1880 3973 tibi
1918 3920 2125 3976 charis-

549 4015 741 4078 simas,
771 4013 915 4082 quod
943 4029 972 4066 e
999 4013 1202 4067 vieinio
1225 4011 1433 4065 fructus
1464 4012 1754 4064 exsistant.
1781 4009 1858 4061 Ae
1895 4009 2121 4076 reliquis

550 4105 789 4173 quidem,
827 4120 946 4173 qua:
997 4103 1100 4157 illis
1147 4105 1297 4172 prius
1337 4117 1365 4155 a
1415 4116 1631 4156 summo
1678 4100 1920 4154 omnium
1976 4099 2121 4168 Rege

551 4205 808 4266 precatus
841 4206 1203 4264 cs,pra:stare
1263 4195 1377 4262 ipse
1437 4208 1502 4246 ne
1546 4191 1864 4255 cessaveris,
1925 4189 2122 4258 quippe

553 4287 642 4342 cui
697 4285 926 4341 facultas
988 4301 1098 4339 non
1157 4285 1317 4347 desit,
1381 4297 1544 4354 quam
1609 4281 1735 4337 inde
1797 4281 2117 4349 acceperis:

558 4377 750 4432 vicinis
775 4386 952 4430 autem
989 4387 1152 4445 atque
1191 4375 1425 4438 civibus,
1469 4375 1543 4427 uti
1589 4373 1885 4444 magistibi
1929 4372 2031 4426 ﬁde
2059 4387 2122 4427 ac

2222 3284 2315 3336 καὶ
2343 3283 2742 3355 περίφραγμα,
2787 3283 2987 3354 μᾶλλον
3042 3283 3099 3337 δὲ
3151 3284 3426 3355 πύργωμα
3452 3284 3547 3336 καὶ
3591 3282 3787 3351 στεφὰ-

2221 3393 2398 3444 νωμα,
2426 3377 2605 3439 πάσας
2634 3377 2908 3441 ἑλεπόλεις
2957 3377 3050 3430 καὶ
3084 3375 3331 3447 μηχανὰς
3357 3376 3790 3445 ἀποκρουόμενον

2222 3465 2432 3536 ἐχθρῶν
2449 3483 2463 3496 ·
2497 3467 2604 3520 τῶν
2625 3467 2989 3536 Παφλαγόνων
3007 3467 3066 3521 τὸ
3087 3463 3286 3543 ἥψωμα
3307 3467 3400 3521 καὶ
3434 3466 3788 3536 καλλώπισμα

2223 3556 2320 3624 τῆς
2362 3559 2640 3629 βασιλείας
2678 3562 2706 3613 ὸ
2742 3559 3025 3625 στέφανος,
3052 3559 3150 3627 τῆς
3190 3557 3489 3629 ἱερωσύνης
3519 3560 3547 3610 ό
3574 3557 3788 3618 ἔπαινος

2224 3652 2318 3705 καὶ⁸
2380 3651 2441 3703 τὸ
2485 3650 2767 3720 καύχημα,
2819 3650 2991 3719 δέχοιο
3040 3652 3149 3703 καὶ,
3198 3649 3295 3719 τὴν
3338 3650 3448 3701 τῶν
3507 3650 3786 3719 ἡμετέρων

2223 3742 2476 3811 ἀπαρχὴν
2507 3741 2729 3808 λόγωνί
2749 3743 2840 3792 καὶ
2873 3743 2924 3792 εί.
2975 3741 3141 3810 μηδὲν
3171 3741 3268 3808 τῆς
3301 3739 3402 3808 σῆς
3435 3740 3587 3804 ἀξιον
3621 3756 3786 3809 μεγα-

2223 3823 2554 3893 λοπρεπείας
2589 3824 3002 3892 ἐπιφαίνουσαν,
3029 3824 3164 3877 ἀλλά
3189 3824 3347 3894 φίλην
3379 3825 3441 3892 γέ
3467 3841 3549 3876 σοι
3580 3825 3787 3885 πάντως

2223 3912 2410 3980 οὖσανς
2440 3916 2518 3986 τῷ
2547 3917 2610 3969 ἐκ
2648 3915 2905 3983 γειτόνων
2945 3908 3088 3968 εἶναι
3137 3916 3372 3985 καρπὸν,
3416 3916 3518 3970 καὶ
3558 3918 3669 3990 τρῖς
3697 3915 3786 3984 μὲν

2223 4009 2400 4074 ἄλλοις
2442 4010 2642 4070 πᾶσιν,
2689 4007 2723 4060 ἃ
2765 4008 2900 4076 πρὶς
2958 4007 3051 4059 τοῦ
3086 4007 3478 4078 Παμόασιλέως
3528 4008 3785 4076 πρότερον

2224 4099 2463 4169 ὲπηύξω,
2504 4100 2576 4169 μὴ
2609 4100 2858 4170 διαλίπῃς
2915 4099 3076 4163 αὐτὸς
3109 4099 3347 4169 ἐνεργῶν
3371 4115 3384 4128 ·
3426 4098 3652 4152 δύνασαι
3687 4099 3786 4167 γὰρ

2223 4196 2434 4250 ἐκεῖθεν
2465 4195 2672 4249 λαΰὼνο
2702 4198 2812 4257 τοῖς
2842 4195 3046 4263 γείτοσι
3072 4196 3128 4248 δὲ
3171 4195 3266 4247 καὶ
3296 4193 3564 4259 πολίταις,
3596 4193 3672 4255 ὡς
3696 4193 3784 4261 μὲν

2223 4290 2622 4358 ἀνηρτημένοις
2676 4289 2775 4356 τῆς
2832 4289 3066 4349 πίστεως
3123 4287 3217 4339 καὶ
3264 4285 3486 4354 ἀγάπης
3531 4286 3630 4354 τῆς
3669 4284 3781 4352 σῆς,

2224 4380 2392 4433 πλείω
2419 4379 2527 4432 τῶν
2557 4377 2913 4448 ἀγαθοδὼρων
2943 4377 3074 4429 Θεοῦ
3108 4375 3326 4444 ἀγαθῶν
3355 4375 3446 4427 τὸν
3477 4391 3784 4456 περιουσια·

556 4467 820 4521 cltaritate
869 4468 1157 4530 consertis,
1190 4465 1452 4532 majorem
1508 4465 1776 4519 bonorum
1810 4463 1902 4517 Dei
1934 4478 2114 4526 mune-

2225 4475 2361 4544 σμρν
2414 4474 2853 4543 ὲπιχορήγησον,
2906 4473 2984 4534 εις
3032 4471 3192 4536 δόξαν
3241 4472 3454 4541 ιιατρὸς
3503 4473 3598 4524 καὶ
3657 4469 3780 4523 Υἱοῦ

559 4571 678 4608 rum
732 4555 938 4624 copiam
1003 4556 1380 4618 subministra,
1439 4555 1492 4608 in
1543 4555 1719 4610 Patris
1778 4565 1831 4608 et
1886 4552 2009 4607 Filii
2066 4562 2114 4606 et

2224 4563 2317 4616 καὶ
2343 4563 2499 4631 ἁγίου
2539 4561 2874 4633 Πνεύματος,
2925 4564 3004 4625 είς
3038 4562 3163 4625 τοὺς
3201 4561 3402 4624 αίῶνας
3426 4558 3534 4632 τῶν
3559 4561 3779 4615 αἰώνων.

560 4646 790 4714 Spiritus
846 4649 1016 4701 sancti
1067 4648 1321 4716 gloriam,
1381 4647 1434 4700 in
1502 4647 1696 4702 saecula
1766 4646 2112 4698 sazculorum.

558 4737 727 4790 Amen

2237 4652 2427 4723 Ἀμήν.

1989 4875 2246 4969 ORATlO
2277 4876 2393 4930 ΧΧ.

752 4989 1012 5045 [ακάαιίο
1045 4997 1218 5063 magni
1249 4991 1504 5061 Gregorii,
1537 4990 2133 5053 Constantinopolitanw
2165 4991 2308 5045 urbis
2351 4992 2751 5060 archiepiscopi,
2797 4998 3133 5060 cognomento
3187 4986 3433 5059 Theoloyi
3475 4989 3554 5060 (ί)

631 5105 881 5173 Magnum
916 5105 1245 5180 Tlteolognm
1289 5111 1606 5163 laudaturus
1645 5108 1870 5172 accedo,
1906 5110 2118 5162 tametsi

564 5198 608 5249 is
641 5197 889 5251 laudibus
923 5203 1143 5254 eminet.
1184 5203 1420 5268 ίΕιιιιυιῃ
1471 5197 1611 5247 enim
1647 5214 1660 5259 ;
1698 5212 1793 5251 nec
1825 5215 1950 5252 vero
1984 5200 2120 5253 dun~

568 5293 712 5336 taxat
741 5301 968 5352 :equum,
1003 5291 1092 5343 sed
1128 5300 1182 5342 ut
1217 5292 1374 5342 etiam
1408 5285 1636 5336 maxintc
1666 5286 1848 5338 deceat
1878 5290 2120 5343 oratione

569 5372 783 5443 defungi
827 5378 942 5431 viro
983 5381 1452 5448 eloquentissimo,
1487 5377 1771 5444 omnisque
1799 5379 2118 5446 eloquentiae

573 5595 582 5602 Ι
646 5525 752 5594 (li)
787 5529 926 5602 Satis
958 5533 1097 5584 clara
1127 5532 1215 5602 hic
1235 5543 1313 5584 est
1351 5530 1564 5592 allusio,
1636 5531 1774 5584 sicut
1807 5531 1967 5582 etiam
2018 5534 2115 5584 fuit

571 5600 624 5669 in
646 5600 898 5669 exordio,
931 5604 992 5650 ad
1026 5603 1078 5653 S.
1114 5601 1358 5669 Martyris
1391 5616 1607 5661 nomen,
1643 5613 1688 5651 et
1721 5602 2011 5667 pretiosum
2038 5604 2115 5652 Ia-

573 5663 742 5739 litdem
781 5669 1144 5739 liyaeittlltuut.
1182 5663 1536 5722 Dc'allusimtc
1576 5672 1637 5720 a.l
1673 5663 2115 5739 llust‘ttlumt‘jus-

571 5733 687 5784 dem
755 5736 986 5787 numinis
1025 5737 1130 5801 jam
1167 5740 1399 5792 diximus
1432 5741 1564 5804 (uol.
1608 5741 1673 5800 l).

2225 5111 2422 5180 regulae
2479 5125 2542 5163 ac
2589 5109 2867 5176 magistro.
2905 5108 3010 5164 Nec
3050 5109 3192 5177 quod
3221 5111 3294 5164 sit
3327 5123 3571 5172 necesse,
3600 5116 3659 5162 ut
3693 5123 3777 5162 ne-

2225 5202 2350 5254 dum
2387 5202 2506 5268 ipsi,
2540 5200 2633 5268 qui
2665 5202 2826 5254 tantis
2857 5202 2923 5254 ab
2954 5202 3044 5254 illo
3075 5200 3315 5268 partibus
3346 5200 3652 5264 deﬁcimus,
3692 5198 3776 5254 sed

2223 5303 2277 5345 et
2328 5291 2417 5358 qui
2454 5293 2519 5341 ad
2560 5304 2824 5345 summam
2875 5292 3143 5358 magniﬁci
3193 5292 3358 5344 animi
3412 5292 3773 5360 praestantiam

2224 5381 2463 5434 evasisse
2520 5381 2786 5439 videntur.
2841 5383 2906 5434 ab
2964 5397 3028 5434 eo
3069 5384 3211 5450 quod
3263 5391 3343 5436 est
3394 5397 3492 5450 pro
3531 5383 3776 5454 dignitate

2295 5533 2366 5592 (ll
2407 5533 2477 5583 Ex
2529 5535 2710 5588 codice
2742 5534 3075 5600 Mazarinmo,
3124 5536 3213 5590 Fr.
3241 5536 3566 5592 Combeﬁsio
3621 5536 3773 5590 inter-

2226 5614 2391 5723 prlcte,
2431 5601 2843 5725 ἱιιίέἶιωὶοιιιοεο
2897 5604 3114 5660 Patrum
3164 5607 3596 5674 concionatoria.
3645 5615 3769 5662 ίοωο

2300 5688 2393 5725 .n.
2457 5695 2465 5715 ι
2545 5712 2556 5724 .

2300 5688 2393 5738 ,p.
2437 5688 2556 5725 tuo.

3669 352 3771 417 tto
3878 335 3879 340 ‘
