3924 6312
83 295 180 361 Ml
802 297 1085 358 ORATIO
1122 297 1248 360 XX.
1273 327 1340 337 -
1401 300 1484 361 IN
1527 299 1839 361 LAUDEM
1877 302 1934 364 S.
1965 304 2340 366 GREGORII
2379 305 2650 368 THEOL.
3253 307 3361 371 442

85 421 396 488 exerrent;
433 409 636 466 idcirco
682 409 1011 466 iubibendus
1045 420 1306 477 conatus,
1343 412 1673 488 scgulusque
1705 421 1746 475 Α
1776 417 2019 488 cogitatu
2079 419 2390 472 dirimatur.
2441 417 2918 486 Quemadmodum
2973 419 3121 474 enim
3191 420 3363 477 boceo

86 503 363 573 agendum
392 518 557 575 quam
587 511 646 558 ut
676 517 788 557 rem
815 503 1217 573 aggrediamur.
1249 502 1501 580 ﬂagtium
1524 506 1672 560 enim
1775 508 1918 562 aeris
1949 523 2172 578 corpus,
2215 510 2346 564 solis
2401 509 2571 564 radiis
2605 507 3020 579 fulgoribusque
3054 510 3320 564 imbutum
3342 550 3361 578 ,

88 594 402 663 ingensque
432 602 534 658 est,
566 601 625 648 ut
658 593 739 647 vel
767 600 1087 667 temperate,
1114 592 1168 647 iu
1199 594 1267 648 iis
1287 609 1411 664 quae
1437 594 1672 649 maxima
1778 606 2059 671 totumque
2103 616 2169 656 ex
2206 609 2318 654 toto
2379 601 2688 660 exsilientis
2756 599 2882 654 inde
2962 617 3026 656 ac
3074 601 3364 658 emicantis

90 697 239 746 sunt,
267 687 386 739 vim
406 686 714 757 argumenti
739 695 975 741 tractes:
1009 687 1206 742 nedum
1235 696 1294 742 ut
1326 703 1424 757 pro
1445 703 1673 757 cperum
1776 690 2080 759 splendoris
2135 705 2371 746 corusco
2425 683 2643 763 plenum
2666 728 2682 751 ,
2746 703 2912 743 uuam
2963 688 3104 743 lucis
3145 688 3357 757 plenam

93 779 288 832 merito
337 777 680 848 exsequaris.
716 776 853 843 Quia
887 775 1036 832 enini
1077 794 1205 832 vero
1241 778 1330 832 ille
1369 777 1463 832 Dei
1498 778 1673 833 Verbo
1776 799 1958 837 aream
2005 783 2182 838 oculis
2210 791 2559 853 rcprmsentat
2599 799 2615 848 ;
2664 783 2736 834 ita
2778 792 2832 835 et
2869 781 2990 844 iste,
3023 778 3361 848 spiritalibus

93 880 200 923 tum
243 870 493 938 genitus,
529 880 749 939 tumque
777 868 1068 939 perlectus,
1103 870 1306 924 viventi
1341 869 1447 925 Deo
1495 869 1675 926 Verbo
1780 875 1927 930 hisce
1970 875 2138 931 radiis
2178 873 2364 944 magni
2403 874 2625 944 iustitia:
2654 872 2796 928 Solis
2839 873 3011 927 aciem
3051 870 3359 934 intendens,

94 959 506 1013 necessitudine
534 958 859 1026 coniunctus
894 968 998 1022 est,
1028 960 1302 1029 quomodo
1331 975 1438 1015 non
1473 960 1674 1015 rationi
1777 981 2105 1035 omnemque
2134 967 2450 1035 ejus,quem
2475 981 2636 1018 nemo
2669 963 2870 1027 capiat,
2888 953 3084 1017 eximia
3116 963 3359 1034 quadam.

97 1051 701 1115 convenientissimum,
727 1063 782 1104 ut
805 1066 906 1119 pro
935 1050 1072 1104 virili
1099 1060 1388 1115 nostra,ac
1412 1060 1674 1119 quantum
1778 1057 1988 1112 ratione
2024 1057 2323 1112 claritatem
2368 1057 2610 1125 capiens,
2639 1055 2918 1124 animique
2957 1055 3209 1108 essentia:
3239 1066 3365 1107 cor-

97 1141 316 1210 assequi
352 1141 498 1203 licet,
531 1140 818 1204 honerem,
842 1141 932 1209 qui
964 1157 1028 1196 ex
1063 1142 1408 1196 sermonibus
1438 1142 1678 1196 dicendi-
1779 1164 1908 1220 pore
1948 1149 2159 1202 vacanti
2204 1147 2591 1212 commiscens,
2643 1155 2793 1199 tanto
2827 1146 3022 1214 magis,
3057 1160 3122 1198 eo
3146 1183 3160 1208 ,
3196 1137 3363 1213 queui

99 1249 200 1303 que
233 1232 501 1287 facultate
529 1243 634 1298 est,
664 1234 741 1286 illi
775 1234 1128 1288 tribuamus?
1163 1233 1434 1288 Laudetur
1463 1235 1628 1305 igitur
1657 1251 1672 1300 ;
1779 1238 2042 1302 diximus,
2072 1252 2218 1302 aere,
2250 1252 2363 1292 sure
2397 1237 2471 1289 illi
2509 1236 2855 1304 coniunctior
2889 1235 2996 1290 luci
3029 1233 3361 1299 ostenditur.

101 1326 297 1393 quippe
362 1339 580 1394 aequum
627 1318 1008 1394 sanctumque,
1053 1336 1111 1378 ut
1148 1325 1213 1388 is,
1261 1324 1351 1393 qui
1419 1326 1678 1394 operibus
1779 1337 1984 1396 quanto
2044 1343 2138 1382 aer
2184 1325 2340 1381 brevi~
2388 1327 2652 1394 temporis
2703 1325 2990 1379 intervallo
3049 1324 3364 1394 aspectabili

104 1429 160 1466 ac
196 1412 574 1474 sermonibus,
611 1413 791 1483 quoad
831 1413 939 1466 vita
983 1423 1262 1482 superstes
1306 1413 1410 1467 fuit
1459 1415 1677 1470 tuendis
1779 1417 1898 1472 luce
1929 1418 2205 1486 perfusus,
2235 1416 2324 1468 illa
2344 1417 2630 1483 migrante,
2655 1415 2828 1469 noctis
2855 1432 2973 1468 mox
3004 1415 3238 1469 tenebris
3297 1428 3365 1470 ac

105 1497 263 1557 Verbi
339 1505 589 1573 partibus
631 1499 876 1558 'labores
903 1546 918 1570 ,
973 1519 1038 1558 ac
1105 1505 1393 1559 mmstitias
1447 1505 1674 1560 nimium
1779 1508 2009 1579 caligine
2041 1507 2334 1576 impletur;
2380 1506 2466 1559 hic
2496 1515 2676 1558 autem
2713 1505 3018 1569 semel,iis,
3055 1520 3196 1576 quos
3225 1504 3367 1558 dixi-

106 1604 336 1666 quantas
392 1596 658 1665 jngesque
700 1595 995 1661 sustinuit,
1041 1595 1298 1652 laudibus
1344 1613 1562 1667 quoque
1609 1613 1676 1653 ex
1783 1617 1928 1665 mus,
1968 1599 2133 1654 radiis
2175 1599 2418 1652 animum
2465 1597 2749 1663 adhibens,
2788 1598 2977 1666 sicque
3014 1597 3212 1651 mentis
3254 1595 3368 1650 feli-

107 1687 439 1757 eloquentia,
466 1702 890 1756 sermonumque
921 1688 969 1742 vi
992 1690 1296 1758 corrogatis
1321 1695 1420 1744 cett
1450 1688 1750 1760 ﬂoribus.“
1782 1694 1943 1748 citate
1966 1706 2168 1745 .eorum
2221 1680 2458 1760 fulgore
2480 1689 2804 1753 illustratus,
2860 1700 2918 1742 ut
2962 1688 3140 1758 lucis(
3171 1697 3368 1753 nempe

109 1787 420 1837 exornetur.
1707 1779 1754 1809 D
1784 1782 2068 1853 spiritalis)
2120 1779 2268 1837 [ilius
2319 1781 2574 1840 evaserit.
2615 1780 2734 1848 ejus
2769 1780 2981 1834 scilicet
3012 1795 3135 1848 quzc
3174 1780 3229 1833 in
3272 1779 3369 1832 illo

173 1870 352 1926 Porro
375 1866 694 1939 Gregorium
719 1868 866 1934 dico,
896 1869 1093 1924 divinae
1122 1885 1445 1940 summeque
1477 1871 1681 1941 princi-
1782 1876 1992 1930 ratione
2032 1859 2196 1929 nullis
2235 1873 2413 1928 verbis
2447 1871 2757 1942 explicabili
2787 1870 3045 1935 ',l'0rmata
3066 1910 3082 1934 ,
3119 1870 3233 1942 sive
3292 1870 3370 1924 si-

113 1961 190 2029 pis
216 1962 602 2030 cognominem
642 1961 924 2032 theologirc
954 1979 969 2032 ;
1000 1962 1136 2026 sive,
1165 1971 1226 2017 ut
1255 1961 1446 2032 loquar
1476 1963 1681 2027 verius,
1777 1965 1946 2034 gnata
1995 1963 2087 2027 sit,
2128 1963 2392 2017 iudivisus
2418 1978 2448 2016 a
2481 1939 2702 2031 parente
2734 1960 2786 2015 in
2825 1962 3085 2016 smculum
3116 1939 3317 2022 Intanet
3347 1975 3370 2026 ε

115 2052 279 2120 ipsam
303 2045 486 2122 reipsa
512 2051 1346 2122 theologiam.Quemadmodum
1374 2053 1518 2109 enim
1551 2069 1680 2109 vera
1784 2055 1984 2122 luxque
2014 2053 2273 2123 spiritalis
2303 2069 2367 2107 ac
2412 2069 2568 2123 pura,
2608 2054 2878 2127 nogsibi-
2925 2055 3041 2123 ipse
3081 2054 3370 2121 duntaxat,

115 2146 195 2199 illa
218 2144 376 2199 lux"
403 2159 501 2214 pro
531 2144 690 2198 nobis
721 2152 884 2214 atque
929 2145 1216 2202 uobiscum
1262 2154 1406 2212 orta,
1439 2160 1563 2200 cum
1611 2146 1684 2200 sit
1784 2147 1874 2200 sed
1912 2155 1964 2200 et
1997 2146 2080 2200 his
2115 2147 2207 2215 qui
2248 2147 2323 2199 illi
2359 2147 2602 2201 animum
2646 2143 2954 2213 attendunt,
3019 2145 3250 2208 cllicitur
3286 2151 3371 2200 at—

117 2238 398 2306 sapientia,
440 2246 495 2291 et
535 2237 768 2306 justitia,
807 2249 861 2292 et
907 2237 1204 2308 redemptio
1235 2237 1302 2303 ⁸⁸,
1345 2238 1425 2293 sic
1476 2238 1679 2308 potius,
1783 2250 1890 2304 que
1926 2236 2193 2290 cernitur.

118 2345 270 2400 quam
306 2345 374 2383 ex
399 2329 506 2384 illis
550 2330 1035 2393 deductomomine
1065 2339 1376 2400 nuncupata
1403 2338 1509 2385 est.
1543 2329 1685 2384 Sunt
1854 2325 1988 2379 Cum
2039 2326 2202 2395 igitur
2255 2325 2400 2380 istud
2453 2325 2507 2378 in
2557 2339 2682 2381 eum
2733 2326 2958 2397 pulchre
3015 2326 3220 2380 dictqu
3269 2326 3364 2393 sit,

121 2422 255 2472 Cllllll
283 2421 466 2474 divina
500 2421 615 2475 hare
647 2422 866 2474 nomina
894 2413 1186 2490 ejusmodi,
1221 2432 1275 2476 ut
1311 2421 1681 2490 prmpollcaut,
1786 2417 2055 2486 ﬁdemque
2088 2417 2350 2470 meruerit
2385 2433 2398 2480 ;
2434 2432 2532 2486 age
2559 2417 2672 2486 iam
2707 2433 2806 2472 nos
2839 2434 2948 2486 quo
2971 2414 3057 2484 me
3090 2417 3367 2485 spiritales

120 2511 420 2579 divinisque
446 2511 655 2579 aptiora
680 2511 963 2573 exsistant,
994 2511 1048 2564 in
1078 2510 1276 2579 quibus
1293 2510 1530 2564 essentia
1559 2524 1682 2563 cum
1787 2507 2155 2576 intelligentia:
2190 2507 2393 2574 radios,
2431 2508 2769 2577 spiritalibus
2809 2508 3156 2577 intelligentis
3200 2507 3367 2561 animi

123 2603 430 2670 operatione
483 2602 687 2672 pariter
723 2603 1020 2656 concurrit.
1074 2602 1165 2656 Sic
1213 2616 1430 2671 quoque
1474 2602 1555 2654 vir
1595 2600 1683 2654 hic
1786 2600 2035 2654 inanibus
2067 2600 2339 2668 rapientes
2373 2601 2581 2669 (radios
2619 2601 2829 2656 scilicet
2855 2602 3116 2669 Gregorio
3145 2600 3366 2669 quidem

124 2695 353 2760 divinus,
379 2695 469 2764 qui
506 2704 673 2748 tatam
700 2695 897 2748 mentis
934 2695 1038 2748 vim
1069 2694 1279 2748 eximize
1305 2693 1686 2750 divinissimze-
1789 2694 2106 2756 cmicantes,
2151 2702 2206 2746 at
2233 2693 2324 2762 qui
2357 2708 2386 2746 e
2416 2693 2554 2747 ctelo
2587 2692 2654 2746 ad
2690 2707 2790 2746 nos
2826 2708 2999 2761 usque
3048 2694 3367 2762 pervadunt)

126 2800 221 2852 que
250 2785 533 2854 theologia:
561 2784 1382 2863 contemperaverit,totamque
1411 2797 1529 2838 eam
1561 2783 1684 2838 aui—
1785 2799 2201 2853 sermonemque
2237 2784 2480 2848 virtutis,
2518 2799 2581 2838 ac
2613 2783 2892 2854 sapientiae
2931 2783 3234 2836 summitati
3289 2782 3368 2836 la-

128 2890 208 2928 mo
242 2876 560 2947 iutelligcnti
603 2876 951 2946 expresserit,
1027 2860 1275 2946 quiuimo
1317 2884 1463 2930 totus
1507 2876 1576 2930 ab
1623 2890 1684 2930 ea
1787 2876 2253 2946 xantcs,ejusqne
2279 2891 2450 2931 sacra:
2474 2874 2780 2942 TbeoIOgize
2805 2860 3076 2944 profundo
3105 2874 3368 2928 intentam

131 2969 542 3038 comprehensus
574 2969 667 3031 sit,
709 2968 858 3022 velut
889 2966 1004 3036 ipsa
1042 2968 1222 3037 reipsa
1255 2968 1524 3036 theologia
1571 2977 1682 3021 tum
1788 2975 2021 3021 mentem
2067 2967 2406 3032 adhibentes,
2457 2976 2620 3035 atque
2659 2964 2978 3020 iudc.velut
3016 2965 3178 3018 claris
3209 2965 3367 3020 nobis

129 3069 222 3122 est,
250 3071 359 3114 tum
388 3060 698 3113 nominatus
733 3059 852 3111 fuit.
888 3057 988 3123 Qui
1029 3059 1188 3127 igitur
1225 3057 1334 3122 liat,
1371 3066 1430 3110 ut
1465 3073 1587 3127 qum
1617 3057 1684 3111 ad
1713 3102 1753 3158 ε
1787 3059 2028 3114 collectis
2067 3058 2388 3128 fulgoribus,
2423 3056 2473 3110 id
2517 3066 2623 3118 est.
2670 3056 2873 3111 divinis
2923 3056 3371 3124 illustration-ibus

133 3151 266 3204 illam
309 3159 516 3221 spectat
559 3150 819 3214 laudatio,
853 3164 959 3203 non
985 3158 1134 3204 recto
1173 3149 1388 3202 tramite
1417 3149 1484 3203 ad
1519 3149 1682 3204 istum
1717 3147 1753 3158 ν
1789 3149 2189 3220 aﬂulgcutibus,
2226 3150 2514 3218 praeclaras
2533 3147 2794 3216 'l'lreologi
2829 3163 2916 3202 res
2979 3155 3142 3216 atque
3178 3148 3369 3202 merita

135 3246 398 3300 evaserit?
425 3244 738 3314 'I'heologiae
768 3253 946 3298 autem
970 3243 1232 3306 laudatio,
1263 3243 1434 3312 ipsius
1458 3243 1529 3297 sit
1562 3259 1686 3312 per-
1787 3255 1886 3309 pro
1906 3255 2094 3294 eorum
2121 3248 2232 3294 tum
2257 3239 2609 3302 sublimitate,
2639 3247 2753 3294 tum
2782 3238 3068 3319 latitudine
3099 3247 3369 3292 contuen-

138 3334 282 3402 l'ecte,
311 3352 372 3392 ac
399 3352 562 3406 quam
595 3325 846 3404 perfectis
873 3336 1169 3407 loquuntur
1198 3336 1266 3400 ",
1301 3335 1496 3389 divina:
1537 3335 1687 3404 priu-
1789 3346 1886 3396 tes,
1919 3344 2080 3403 atque
2107 3336 2158 3390 in
2189 3351 2321 3399 eum
2358 3335 2520 3389 rectis
2547 3333 2746 3387 mentis
2771 3332 2946 3395 oculis
2998 3347 3064 3386 ac
3096 3331 3370 3385 irretortis

137 3426 260 3495 cipis
290 3426 567 3494 sapientiae
600 3425 891 3480 celebratio
924 3441 939 3484 :
974 3425 1132 3494 cujus
1168 3424 1267 3481 iste
1297 3436 1542 3491 amator,
1581 3440 1686 3495 qua
1789 3429 2134 3485 intendentes
2156 3468 2174 3492 ,
2208 3429 2490 3499 proprium
2535 3428 2598 3481 ei.
2623 3442 2688 3482 ac
2761 3426 3095 3481 conveniens
3168 3440 3370 3481 munus

140 3520 306 3573 nescio
338 3534 405 3572 au
440 3519 587 3574 ullus
614 3518 949 3588 praestantia,
976 3532 1042 3572 ex
1079 3533 1153 3572 eo
1175 3516 1458 3572 hominum
1491 3533 1690 3588 genere
1789 3501 2148 3591 clrarumqne,
2183 3523 2403 3575 laudum
2438 3520 2707 3588 primitias
2733 3519 3048 3573 elicramus.
3153 3546 3162 3585 τ

140 3612 270 3677 quia
308 3611 507 3664 saeculo
545 3609 950 3679 philosophiam
992 3611 1168 3665 colere
1201 3618 1528 3675 statuerunt,
1558 3608 1691 3665 eﬂ'e-
1867 3615 1944 3666 Ae
1966 3628 2096 3666 vero
2123 3612 2409 3682 diligenter
2439 3619 2700 3665 attentam
2731 3610 2863 3662 mibi
2897 3622 3107 3672 aurem,
3141 3621 3204 3662 ac
3231 3606 3371 3661 bene

142 3712 266 3768 etus,
314 3704 536 3772 viasque
578 3711 878 3768 scrutatus,
911 3711 1072 3772 atque
1109 3704 1440 3756 incertorum
1501 3717 1565 3756 ac
1595 3717 1690 3757 oc-
1790 3703 2059 3760 volentem
2106 3703 2348 3758 animum
2386 3742 2402 3767 ,
2459 3710 2696 3756 mentem
2777 3699 3012 3768 denique
3074 3700 3367 3754 mundanis

150 3795 401 3848 cultorum
435 3796 480 3826 ³⁸
525 3794 672 3849 illius
703 3795 931 3864 mystica
966 3809 1231 3863 sacraque
1263 3795 1477 3850 ratione
1513 3795 1691 3849 scien-
1791 3812 1888 3856 seu
1921 3794 2238 3850 carnalibus
2271 3793 2674 3848 turbationibus
2707 3791 2933 3845 liberant
2999 3789 3370 3858 mundamque

147 3885 258 3940 tiam
279 3888 522 3952 edoctus,
548 3887 628 3942 sic
653 3887 851 3942 mentis
877 3902 1065 3953 sensu,
1089 3886 1380 3960 divineque
1412 3887 1690 3942 interioris
1791 3889 2076 3953 exhibete,
2151 3894 2420 3956 quotquot
2470 3884 2665 3938 merito
2721 3881 3041 3951 theologieis
3111 3881 3367 3936 oblectari

145 3981 510 4049 perfectionem
543 3981 778 4036 hominis
809 3979 1037 4050 adeptus
1070 3987 1175 4043 est,
1202 3995 1272 4034 ac
1299 3995 1395 4048 par
1421 3990 1537 4034 erat
1565 3995 1690 4034 eum
1739 4002 1741 4004 ·
1792 3980 2021 4035 canticis
2094 3987 2257 4047 atque
2328 3976 2581 4030 laudibus
2633 3973 2948 4042 peroptatis.
3008 3973 3173 4028 Plane
3220 3972 3369 4026 enim

148 4073 392 4144 adipisci,
430 4075 520 4142 qui
568 4087 802 4142 superna
849 4074 1111 4141 sapientia
1157 4083 1378 4140 parente
1423 4087 1692 4141 supremze
1793 4075 1990 4136 oratio,
2029 4071 2104 4124 uti
2139 4084 2260 4139 qua:
2299 4071 2529 4121 boneSta
2561 4076 2689 4120 sunt
2727 4065 2939 4148 sincere
2971 4063 3320 4117 laudantibus
3349 4103 3367 4129 ,

150 4166 349 4221 virtutis
371 4166 524 4220 cultu
551 4174 714 4219 natus
734 4175 872 4219 erat.
903 4163 1228 4218 Veluteniut
1259 4164 1502 4217 divinum
1537 4163 1688 4216 velli-
1794 4166 1874 4220 sic
1912 4178 2040 4220 vero
2077 4165 2241 4239 etiam
2277 4163 2568 4230 prudenter
2605 4174 2667 4212 ac
2701 4167 2823 4210 cata
2859 4165 3040 4210 mcnte
3101 4155 3372 4210 audienti-

151 4240 334 4320 culum,
367 4253 482 4308 sive
500 4254 736 4308 eximius
770 4253 1110 4307 divinissimo
1141 4250 1317 4307 Verbo
1347 4253 1541 4308 eximia
1571 4253 1693 4306 vita:
1794 4258 1915 4319 bus,
1948 4257 2105 4323 longe
2130 4241 2418 4320 utilissima
2451 4266 2515 4304 ac
2540 4251 2779 4304 salubris
2807 4247 3043 4302 C(Slslll.

154 4344 358 4409 ratione,
390 4345 649 4413 Verbique
683 4344 802 4397 luce
825 4352 1033 4412 partus,
1068 4353 1353 4396 evaserat..
1449 4385 1452 4388 .
1866 4344 1999 4410 Qua:
2032 4345 2310 4398 enimvero
2331 4343 2398 4396 ab
2434 4341 2559 4394 imis
2584 4340 2725 4394 baud
2750 4354 2908 4393 secus
2935 4352 2998 4390 ac
3025 4351 3223 4405 corpus
3251 4351 3370 4391 unto

212 4436 322 4501 Qua
348 4437 512 4506 igitur
542 4437 756 4490 ratione
782 4435 858 4498 is,
886 4434 978 4503 qui
1005 4434 1169 4487 solari
1201 4433 1363 4503 globo
1405 4433 1546 4487 oculi
1584 4433 1688 4486 vim
1718 4440 1771 4500 Ι)
1797 4436 1906 4491 brae
1938 4444 2299 4500 assectantur,
2333 4449 2430 4488 ceu
2459 4447 2580 4502 qua:
2613 4432 2679 4484 ad
2707 4445 2894 4485 eorum
2930 4444 3051 4499 quae
3069 4429 3214 4482 dicta
3243 4436 3372 4482 sunt

155 4523 328 4596 deﬁgit,
373 4525 537 4582 simul
583 4539 799 4594 quoque
835 4533 1145 4578 concretam
1181 4523 1256 4576 illi
1292 4524 1467 4576 lucem
1505 4537 1693 4577 neces-
1793 4529 2008 4585 laudem
2041 4544 2148 4582 non
2181 4528 2472 4581 admodum
2499 4524 2807 4586 conferant,
2865 4521 3162 4576 omittenda
3191 4534 3370 4589 opera:

156 4619 281 4670 sario
306 4617 571 4671 luminum
601 4614 714 4668 acie
744 4614 990 4684 attingit,
1024 4614 1101 4668 sic
1135 4614 1226 4682 qui
1259 4613 1437 4668 laudis
1467 4613 1690 4668 obtentu
1794 4621 2027 4689 pretium
2067 4621 2208 4673 duco
2235 4635 2250 4682 ;
2277 4633 2402 4672 cum
2435 4628 2489 4672 et
2521 4626 2781 4687 prmterea
2815 4613 2969 4666 multi
2993 4611 3106 4680 jam
3147 4624 3210 4664 ea
3239 4624 3371 4663 cou-

158 4705 200 4759 in
231 4723 471 4778 magnum
502 4706 820 4775 Gregorium
848 4705 1086 4774 linguam
1120 4705 1381 4759 laxaveril
1411 4742 1426 4766 ο
1460 4704 1694 4758 Thetim.
1795 4712 2115 4780 scripserint
2137 4749 2152 4772 ,
2195 4711 2415 4777 sintque
2471 4708 2727 4762 omnibus
2772 4704 3068 4772 conspicua
3091 4741 3106 4765 ,
3157 4703 3369 4755 tatuctsi

159 4799 241 4866 giae
275 4783 489 4868 quoque
534 4799 588 4851 in
620 4812 682 4850 eo
709 4797 890 4851 s'edem
938 4797 1209 4857 habentis,
1265 4799 1378 4850 sive
1417 4799 1696 4865 sapientiae
1797 4818 1898 4858 nos
1931 4803 2150 4856 minime
2185 4801 2527 4869 eloquamur.
2559 4799 2819 4865 Qnreuam
2853 4813 2979 4852 vero
3022 4797 3136 4850 haec
3164 4795 3305 4849 dico
3347 4794 3371 4847 Υ

161 4901 298 4960 atque
325 4891 562 4952 virtutis,
590 4889 752 4944 dubio
784 4888 969 4956 procul
1005 4889 1204 4956 pariter
1229 4889 1413 4944 laudes
1451 4891 1696 4959 aggredi-
1797 4891 1951 4956 Puta,
1974 4892 2156 4960 patria-
2208 4890 2545 4956 majestatem
2568 4902 2631 4942 ac
2650 4887 3044 4960 przestantlam,
3067 4899 3174 4938 non
3199 4897 3364 4954 quam

162 4990 250 5036 tur.
277 4983 396 5038 Ha'c
421 4984 570 5038 enim
599 4996 701 5036 nou
733 4995 920 5035 eorum
954 4982 1045 5050 qui
1070 4963 1208 5035 loris
1230 4990 1360 5036 sunt
1391 4984 1693 5050 sapientum
1798 4983 1844 5034 is
1869 4996 2028 5050 quem
2050 4980 2351 5038 laudamus,
2372 4980 2496 5032 inde
2521 4977 2798 5046 percipiat,
2819 4975 2910 5030 sed
2943 4991 3046 5045 qua
3067 4976 3180 5044 ipse
3213 4975 3355 5026 illam

162 5083 284 5140 typo,
335 5073 425 5126 sed
472 5073 630 5142 plane
679 5073 977 5140 apostolica
1017 5087 1207 5126 nortna
1235 5110 1250 5133 ,
1299 5087 1474 5141 neque
1510 5072 1696 5127 Gra‘ca
1798 5073 1980 5140 potius
2027 5068 2346 5123 excellentia
2390 5067 2606 5121 virtutis
2670 5066 3052 5135 itnpartiverit.
3104 5062 3360 5122 Etenim,

165 5163 450 5226 ambitione,
489 5164 584 5218 sed
623 5163 737 5232 lege
781 5163 1089 5232 evangelica
1118 5165 1380 5234 scitisque
1407 5165 1546 5233 ejus,
1573 5183 1699 5219 ceu-
1802 5163 2261 5236 quemadmodum
2310 5175 2414 5213 non
2457 5174 2520 5213 ea
2567 5158 2777 5212 ratione
2829 5156 3052 5210 illustris
3089 5152 3359 5212 Christus.

169 5255 487 5321 templatioue
513 5254 716 5323 pariter
740 5270 801 5306 ac
832 5256 1067 5320 actione,
1098 5256 1236 5309 Velut
1270 5267 1460 5311 natura
1505 5273 1695 5312 esscn-
1797 5254 1943 5326 quod
1971 5262 2130 5307 natus
2167 5251 2218 5306 iu
2253 5249 2524 5306 Bethleem
2546 5288 2561 5314 ,
2592 5263 2750 5303 secus
2797 5259 2920 5301 vero
2958 5243 3044 5294 illa
3071 5239 3188 5307 ejus
3215 5239 3360 5292 clara

167 5343 324 5412 tiaque
363 5345 622 5414 Gregorio
650 5354 919 5406 conserta,
963 5346 1122 5413 eique
1150 5357 1399 5400 c0ucreta
1431 5363 1694 5415 apparue-
1800 5345 2086 5404 cunabulis
2130 5343 2357 5411 orbique
2387 5341 2618 5395 celebris
2639 5340 2840 5400 evasit;
2870 5337 2946 5388 sic
2967 5341 3020 5385 et
3042 5330 3356 5400 Gregorius,

167 5444 292 5487 runt.
308 5433 493 5490 Parum
513 5435 829 5500 abest,quin
859 5444 910 5490 et
937 5435 1050 5491 haec
1073 5436 1366 5507 Gregorius
1383 5437 1595 5492 dicatur
1613 5449 1696 5493 to-
1802 5456 1906 5494 non
1951 5447 2168 5508 preptcr
2204 5433 2568 5496 Nazianzum,
2609 5445 2675 5483 ex
2707 5443 2812 5498 qua
2862 5423 3016 5477 (Ιιιιίι
3058 5421 3355 5491 originem.

168 5537 242 5582 tus
254 5543 315 5583 ex
332 5537 438 5583 toto
457 5529 542 5583 bis
564 5527 906 5596 commistus,
924 5537 983 5584 ut
1003 5529 1086 5583 vix
1109 5530 1177 5584 ab
1197 5531 1276 5585 eis
1294 5530 1472 5584 subtili
1502 5533 1696 5586 mentis
1792 5531 2102 5587 'boncstatis
2125 5526 2344 5583 cumulo
2367 5523 2568 5603 aliquid
2592 5521 2831 5590 accepil;
2861 5515 2990 5584 quin
3022 5516 3111 5570 illa
3143 5521 3361 5584 ιπθριοτ

227 5706 269 5739 ⁸⁸
295 5705 442 5764 loan.
474 5725 511 5774 ι,
542 5708 599 5764 9.
671 5707 719 5743 ³³
745 5706 764 5761 l
793 5704 916 5760 Cor.
951 5723 987 5775 ι,
1017 5707 1102 5764 ‘50.
1181 5709 1221 5740 ³⁷
1257 5707 1275 5760 l
1308 5706 1431 5761 Cor.
1467 5723 1524 5769 ιι,
1559 5710 1607 5760 6,
1691 5711 1731 5740 ³⁸
1760 5709 1776 5764 ι

506 5708 599 5772 ,9.
671 5707 719 5743 ³³
745 5706 764 5761 l
793 5704 916 5760 Cor.
951 5723 987 5775 ι,
1017 5707 1102 5764 '50.
1181 5709 1221 5740 ³⁷
1257 5707 1275 5760 l
1308 5706 1431 5761 Cor.
1467 5723 1524 5769 ιι,
1559 5710 1607 5760 ϐα
1691 5711 1731 5740 ³⁸
1760 5707 1898 5764 ΡδιΙ.
1928 5723 1956 5762 ι.
2006 5707 2055 5759 8.
