3924 6312
391 402 495 468 483

1563 402 1855 464 ΝΙΟΕΤιΕ
1884 399 2326 464 PAPHLAGON
2334 402 2405 462 IS

3504 396 3626 460 μί

389 512 709 586 Gregorium
746 512 797 567 in
827 513 977 568 orbis
1016 528 1191 584 usque
1231 514 1364 570 lines
1400 515 1485 569 sui
1522 517 1824 571 claritat'em
1856 504 1955 567 no-ﬁ
1984 516 2027 571 Δ
2056 511 2434 576 deterioribus,
2472 509 2566 565 sed
2602 511 3086 580 prmstantioribus,
3150 526 3256 566 non
3291 511 3359 566 ab
3391 511 3459 566 iis
3494 526 3629 580 qnze

390 607 555 662 minis
595 603 840 675 protulit.
878 603 1114 669 Modum,
1150 618 1259 672 quo
1310 606 1362 658 in
1410 606 1581 659 lucem
1621 614 1955 674 susceptus:

389 698 650 752 maternis
680 696 823 750 enim
848 695 1114 764 pret-ibus,
1146 710 1209 749 ac
1240 696 1361 757 fide,
1396 696 1535 750 haud
1561 713 1718 752 secus
1746 714 1809 751 ac
1837 713 1957 767 qua:

391 788 895 856 Verbopraecurrit
927 802 1048 853 vox,
1086 794 1179 839 aut
1210 786 1365 840 velut
1396 803 1547 842 sacer
1582 789 1669 843 ille
1697 805 1758 841 ex
1806 799 1955 841 utero

388 881 633 946 Samuel,
667 882 1011 949 impetratus,
1052 880 1537 947 earumquedubio
1554 880 1739 948 procul
1770 888 1953 947 partus

389 973 559 1027 audiit
615 988 677 1027 ac
707 970 949 1027 effectus.
990 970 1263 1026 Urbanam
1298 972 1699 1033 educationem,
1729 970 1952 1025 scitam-

390 1080 528 1135 qne,
564 1081 627 1118 ac
652 1079 757 1133 qua
786 1064 1001 1117 educari
1045 1060 1167 1117 cum
1206 1064 1456 1125 decebat,
1499 1062 1587 1131 qui
1610 1072 1971 1135 sacrosancta_

389 1158 698 1225 decensque
742 1156 957 1209 virtutis
996 1157 1207 1210 ollicina
1250 1156 1466 1210 futurus
1504 1164 1639 1208 erat.
1674 1153 1950 1224 Ingenium

390 1247 605 1311 subtile,
647 1262 709 1299 ac
735 1247 1148 1314 capacissimum
1183 1246 1233 1298 in
1259 1246 1488 1313 juvene,
1520 1260 1584 1298 ac
1616 1254 1801 1298 tenero
1824 1260 1950 1299 cor-

388 1351 563 1405 pore;
605 1336 878 1404 animique
908 1334 1182 1389 solertiam
1227 1345 1451 1395 tantam,
1488 1336 1834 1403 sagacitatem
1892 1351 1954 1389 ac

387 1427 785 1495 praestantiam,
810 1435 1009 1491 quanta
1040 1441 1163 1479 eum
1197 1427 1377 1480 statim
1405 1424 1678 1494 designari
1710 1425 1949 1488 decebat,

387 1521 479 1588 qui
522 1519 766 1572 divinum
828 1533 893 1572 ac
954 1520 1299 1588 magnificum
1348 1516 1627 1586 sapientia:
1671 1516 1950 1572 delubrum

386 1607 784 1662 exstruebatttr.

456 1699 538 1752 Ad
560 1698 674 1752 liaac
703 1698 884 1752 varias
916 1698 1212 1766 disciplina:
1240 1712 1401 1752 cauea
1431 1712 1653 1767 peregre
1672 1706 1950 1766 susceptas

385 1790 745 1855 profectiones
778 1806 838 1843 ae
859 1790 1050 1843 itinera
1073 1807 1085 1855 ;
1111 1790 1559 1858 puta.-Nazianzo
1607 1791 1947 1857 Caesaream;

383 1879 617 1949 ln'deque
651 1882 702 1935 in
736 1880 1074 1935 PalaeSIinam
1112 1899 1125 1941 ;
1160 1898 1333 1950 exque
1367 1881 1648 1937 Palatstina
1714 1884 1950 1937 Alexano

382 1973 556 2026 driam
591 1988 604 2036 ;
654 1973 982 2025 Alexandria
1032 1973 1082 2025 in
1116 1972 1403 2036 Grmciam,
1448 1973 1798 2041 Athenasque
1836 1988 1953 2026 ma-

385 2080 550 2133 gnum
588 2065 717 2116 illud
750 2064 1122 2117 doctrinarum
1148 2064 1336 2127 decus,
1363 2078 1425 2119 ac
1448 2079 1636 2118 earum
1663 2066 1898 2134 reginam
1936 2080 1950 2129 ;

384 2156 477 2210 ubi
511 2156 695 2210 divino
730 2157 925 2211 Basilio
959 2158 1105 2225 paris
1135 2157 1436 2225 disciplinae
1466 2172 1627 2211 causa
1660 2156 1768 2210 illic
1800 2171 1954 2225 pere-

385 2263 480 2316 gre
503 2248 678 2316 agenti
709 2263 1057 2315 congressus,
1088 2250 1339 2318 illiusque
1371 2264 1502 2303 usus
1535 2248 1950 2312 consuetudine,

385 2338 586 2392 nedum
628 2339 775 2399 tecti,
822 2339 1127 2407 victusque,
1165 2353 1227 2392 ac
1268 2353 1466 2393 mensae
1501 2340 1706 2393 socium
1743 2337 1951 2401 babuit,

386 2428 479 2483 Sed
525 2438 576 2481 et
624 2429 1113 2497 pulcherrimarum
1164 2430 1611 2497 disciplinarum,
1666 2431 1953 2501 omnisque

386 2519 603 2572 virtutis
645 2519 900 2573 concordi
939 2520 1136 2573 mentis
1179 2520 1475 2589 proposito,
1525 2536 1737 2587 unaque
1788 2520 1951 2573 animi

384 2610 784 2676 conspiratione
826 2626 979 2679 atque
1021 2611 1094 2663 illi
1127 2612 1392 2679 particeps
1430 2612 1679 2667 accessit.
1725 2612 1954 2666 Athenis

386 2712 514 2750 vero
553 2697 894 2767 Byzantium,
931 2698 1115 2751 urbem
1162 2686 1366 2754 scilicet
1396 2700 1504 2765 jam
1546 2699 1657 2754 fere
1685 2716 1952 2754 summam
2008 2707 2019 2716 ‘

382 2790 530 2842 orbis
555 2806 757 2852 arcem,
794 2791 846 2843 in
893 2806 1077 2858 quam,
1109 2791 1182 2843 uti
1216 2791 1718 2859 reliqttaaterrarnm
1754 2792 1955 2847 divitize

384 2895 449 2934 ac
479 2890 801 2933 ornamenta
845 2896 938 2949 pro
974 2892 1217 2951 angusta:
1247 2883 1396 2935 urbis
1440 2883 1719 2951 majestate
1754 2900 1951 2936 conve-

385 2974 597 3025 nienter
642 2970 1038 3037 inferebantur,
1080 2972 1159 3026 sic
1206 2988 1422 3041 quoque
1470 2983 1597 3027 tunc
1640 2974 1791 3042 quod,
1827 2974 1951 3028 uni-

383 3064 556 3118 versis
586 3063 936 3131 praestantius
968 3058 1068 3125 es't,
1112 3063 1301 3117 litterae
1350 3064 1557 3117 scilicet
1588 3080 1650 3119 ac
1682 3064 1952 3129 doctrina,

2058 602 2312 667 exterius,
2349 601 2718 671 profanisque,
2744 619 2807 659 ac
2837 620 2956 673 qua:
2986 605 3127 658 circa
3156 606 3329 672 ipsum
3360 602 3628 657 conside-

2058 704 2267 759 rantur,
2294 695 2384 749 sed
2410 710 2439 747 a
2466 694 2714 763 propriis,
2739 711 2800 748 ac
2817 696 3015 765 quibus
3046 712 3139 765 per
3161 696 3313 749 fidem
3337 712 3401 750 ex
3432 693 3627 748 Evan-

2014 794 2017 797 ‘
2058 786 2178 855 gelii
2230 786 2437 841 ratione
2483 789 2695 856 egregie
2735 786 2953 842 functus
2997 796 3097 849 est,
3144 787 3341 840 virtute
3408 786 3628 840 scilicet

2058 878 2155 947 (uti
2188 877 2389 929 dictum
2421 877 2545 944 est),
2578 879 2839 946 sapientia
2886 877 2947 930 ac
2982 878 3272 946 theologia,
3304 877 3624 946 pontificem

2058 983 2311 1038 magnum
2359 983 2420 1022 ac
2452 968 2781 1037 Theologum
2814 968 3095 1023 laudemus
3121 986 3134 1034 ;
3164 969 3339 1037 ipsum
3364 969 3623 1022 eumdem
3678 973 3685 976 ’

2059 1062 2463 1124 invocantibus,
2510 1071 2565 1114 ut
2606 1062 2831 1115 canticis
2874 1072 3035 1130 atque
3084 1062 3335 1115 laudibus
3399 1048 3637 1128 adjutor

2056 1151 2229 1215 adsit,
2286 1153 2671 1222 dexteramque
2724 1152 3005 1221 benignius
3056 1152 3293 1222 prazbeat
3342 1152 3623 1208 fatiscenti

2060 1244 2324 1314 sermoni.

2122 1334 2215 1389 Ille
2250 1336 2408 1404 igitur
2438 1345 2613 1389 mente
2676 1335 2965 1405 animoque
2988 1337 3206 1390 divinus
3240 1354 3253 1388 :
3283 1337 3439 1404 rujus
3469 1335 3625 1390 actio

2053 1427 2198 1477 omni
2256 1428 2427 1494 major
2490 1428 2750 1481 imitantis
2798 1442 3051 1493 conatu;
3121 1427 3625 1497 contemplatioque

2053 1515 2249 1567 eximie
2275 1517 2563 1583 prmcellit:
2591 1529 2782 1570 cuncta
2813 1528 3063 1572 scrutans
3090 1519 3140 1572 in
3173 1517 3264 1572 Dei
3304 1519 3525 1587 Spiritu,
3550 1533 3625 1574 ac

2052 1601 2372 1668 dijudicans,
2418 1606 2619 1672 quique
2666 1604 2800 1671 ipse,
2853 1615 2910 1658 ut
2954 1606 3494 1675 tliviitus.Apostolus
3530 1607 3624 1659 lo.

2051 1693 2272 1761 quitur,
2322 1710 2351 1770 ξι
2401 1696 2613 1761 nemine
2670 1695 2990 1764 dijudicetur
3022 1696 3086 1748 ".
3139 1696 3327 1764 Magna
3377 1696 3625 1752 ccclesiis

2053 1786 2275 1839 t'onitrui
2302 1789 2476 1854 proles
2498 1803 2559 1841 ac
2602 1788 2743 1841 illius
2764 1806 2776 1850 ;
2800 1787 2914 1840 sola
2934 1787 3194 1855 temporis
3216 1787 3623 1855 anteeessiOne,

2056 1874 2187 1927 nihil
2228 1891 2353 1928 vero
2381 1892 2657 1929 sacrorum
2696 1876 3008 1943 dogmatum
3042 1874 3336 1945 magnificis
3365 1875 3623 1940 'vocibus,

2052 1960 2465 2029 divinorumque
2498 1978 2778 2017 sensorum
2813 1958 3291 2033 fulgetris,quibus
3318 1965 3452 2018 trine
3473 1963 3626 2020 sub-

2052 2053 2295 2107 sistentis
2315 2054 2539 2121 Deitatis
2557 2054 3090 2109 consubstantialitas
3110 2054 3394 2127 pnedicata
3415 2057 3626 2112 meruit
3660 2048 3663 2049 ⁷

2052 2142 2230 2210 fidem,
2272 2160 2301 2197 a
2349 2145 2521 2212 primo
2568 2144 2657 2197 illo
2701 2144 2958 2199 deficiens
2996 2162 3009 2210 ;
3064 2145 3133 2198 ob
3166 2161 3287 2214 qua:
3320 2147 3481 2200 etiam
3513 2162 3625 2215 par

2052 2230 2124 2283 illi
2160 2247 2352 2286 nomen
2386 2243 2708 2287 consecutus
2740 2243 2843 2289 cst.
2874 2233 2974 2299 Qui
3008 2234 3169 2297 clare,
3203 2250 3265 2288 ac
3305 2216 3411 2303 pne
3433 2235 3626 2289 omni-

2052 2319 2174 2385 bus,
2215 2322 2304 2389 qui
2334 2336 2748 2390 praecesserunt,
2794 2324 3053 2392 apertius,
3080 2322 3400 2379 Trinitatem
3424 2341 3623 2392 perso-

2054 2429 2242 2467 narum
2280 2413 2508 2469 Deitatis
2546 2417 2749 2470 unitate
2781 2415 2946 2470 Deum
2982 2416 3254 2483 celebret;
3296 2426 3626 2489 naturaque
3706 2428 3721 2462 ἒ

2057 2506 2319 2559 unitatem
2388 2508 2441 2559 in
2488 2508 2879 2575 proprietatum
2928 2503 3195 2563 Trinitate
3240 2508 3621 2565 adorationem

2054 2598 2360 2662 habentem,
2397 2597 2638 2651 divinam
2673 2600 2938 2667 enuntiet.

2124 2689 2237 2754 llle,
2275 2690 2419 2742 omni
2454 2691 2685 2757 primum
2729 2692 2965 2746 humana
3002 2692 3265 2763 sapientia
3314 2707 3377 2748 ac
3406 2693 3617 2748 virtute

2052 2780 2429 2850 prmeruditns,
2450 2781 2766 2851 abundeque
2787 2783 2967 2837 animo
2992 2794 3054 2837 ac
3074 2790 3257 2838 mente
3276 2782 3340 2837 ad
3360 2785 3619 2853 pietatem

2052 2872 2440 2925 exercitatione
2470 2872 2666 2939 praevia
2707 2866 2974 2935 excultus,
3022 2886 3086 2928 ac
3116 2889 3238 2928 cum
3275 2890 3334 2929 se
3370 2876 3482 2944 ipse
3512 2891 3622 2945 per

2055 2958 2313 3028 Spiritum
2344 2975 2437 3013 vas
2469 2960 2579 3013 Deo
2598 2960 2817 3029 dignum
2850 2973 3227 3031 praeparasset,
3262 2963 3334 3018 ita
3367 2967 3434 3019 ad
3464 2965 3623 3021 lava—

2054 3065 2204 3103 crum
2234 3050 2659 3116 regenerationis
2683 3051 2827 3103 venit
2859 3067 2873 3115 ;
2923 3066 3033 3104 non
3060 3060 3120 3106 ut
3146 3052 3334 3107 sordes
3362 3053 3621 3112 ablueret

384 3167 483 3208 ceu
519 3152 583 3205 ad
617 3152 1121 3222 pmstanlisgimam
1154 3151 1368 3206 urbium
1398 3153 1449 3206 in
1477 3168 1595 3207 eam
1628 3154 1953 3223 commigra-
1978 3163 2020 3220 ο
2055 3141 2283 3212 (audens
2310 3141 2530 3208 dicam),
2556 3146 2649 3197 50d
2682 3143 2908 3198 clariore
2937 3144 3101 3199 animi
3134 3145 3494 3203 illustrations
3511 3149 3623 3203 d0-

387 3242 541 3298 bant.

458 3334 513 3387 In
543 3335 630 3387 his‘
661 3334 842 3403 itaque
867 3334 1209 3399 Gregorium,
1243 3335 1387 3388 viros
1414 3334 1698 3389 adeuntem
1728 3336 1951 3393 scientia

387 3424 889 3492 prmstantissimos,
944 3425 1393 3498 iisque‘dantem
1441 3440 1660 3494 operam
1719 3443 1733 3491 ;
1790 3436 1953 3496 atque

388 3514 537 3568 omni
594 3524 711 3569 alte
751 3514 1102 3583 grammatica
1147 3514 1461 3583 poeticaque
1497 3515 1711 3570 abunde
1744 3517 1953 3571 exerci-

389 3616 562 3660 latum
599 3623 613 3669 ;
650 3606 883 3658 oratoria
917 3620 1129 3659 summe
1157 3590 1453 3669 excultum,
1491 3606 1710 3676 vimque
1734 3622 1952 3662 omnem

388 3698 679 3757 sermonis.
708 3697 1158 3765 elegantiamque,
1193 3712 1257 3750 ac
1284 3696 1590 3751 facundiam
1626 3700 1954 3772 commodis-

390 3790 526 3845 sime
556 3789 803 3857 adeptum
831 3805 845 3851 ;
880 3788 1114 3855 itemque
1146 3786 1517 3855 philosophiae,
1552 3802 1655 3840 non
1688 3788 1950 3856 quidquid

390 3878 652 3931 duntaxat
684 3876 1001 3944 organicum
1031 3883 1135 3938 est,
1176 3882 1339 3943 atque
1400 3874 1465 3928 ad
1502 3891 1679 3929 mores
1711 3891 1774 3930 ac
1805 3886 1956 3931 natu-

387 3982 503 4021 ram
525 3979 995 4035 spectans,verum
1024 3966 1185 4019 etiam
1209 3964 1467 4033 quidquid
1500 3966 1670 4034 magis
1696 3967 1952 4022 eximium

389 4060 815 4127 spiritaliusque,
871 4056 1260 4111 sublimissime
1288 4056 1608 4116 contuitum,
1645 4056 1954 4126 mentisque

391 4149 739 4219 intelligentia
767 4156 1073 4225 assecutum
1106 4162 1119 4200 :
1155 4146 1245 4213 qui
1278 4146 1509 4214 denique
1534 4144 1951 4213 cujusvisdisci-

390 4240 589 4308 ptime,
644 4239 929 4307 omnisque
986 4238 1081 4307 (ut
1138 4237 1304 4290 verbo
1364 4236 1579 4302 dicam)
1638 4236 1951 4290 Graecorum

389 4330 666 4396 sapientia:
688 4344 753 4383 ac
780 4328 1020 4385 scientia:
1066 4328 1344 4397 potissima
1374 4343 1602 4397 quaeque
1633 4328 1948 4397 decerpens,

387 4417 581 4483 hisque
608 4418 721 4485 ipse
750 4416 851 4471 sibi
886 4417 951 4468 ad
982 4431 1043 4469 ea
1074 4416 1483 4484 contemplanda
1516 4432 1635 4485 qua:
1666 4417 1769 4472 vim
1802 4434 1952 4473 men-

2053 3232 2284 3298 nandus,
2331 3233 2594 3302 baptisma
2625 3232 2843 3288 demum
2878 3235 3180 3303 suscipiens
3217 3252 3231 3300 ;
3268 3251 3367 3291 nec
3398 3247 3453 3291 ut
3481 3238 3621 3292 abo-

2052 3321 2185 3375 leret
2214 3333 2451 3391 peccata,
2488 3324 2579 3376 sed
2616 3323 2827 3391 potiora
2854 3322 2995 3378 dona
3026 3324 3404 3395 percepturus,
3444 3327 3630 3396 Spiri-

2055 3424 2165 3467 tum
2191 3413 2375 3482 gratia'.
2399 3413 2709 3468 admittens.
3416 3478 3419 3479 ν

2123 3501 2287 3571 Inque
2312 3502 2454 3557 hunc
2475 3506 2713 3568 modum,
2732 3505 2981 3559 secunda!
2997 3505 3125 3559 hinc
3147 3506 3268 3560 vita1
3287 3508 3620 3577 optimaque

2053 3609 2118 3647 ac
2150 3584 2487 3663 perfectioris
2529 3593 2833 3663 disciplina
2864 3595 3068 3651 ducens
3092 3598 3393 3661 exordium,
3430 3612 3457 3650 a
3484 3600 3622 3654 vitae

2055 3680 2141 3734 illa
2201 3681 2408 3749 ratione
2444 3697 2566 3751 qua:
2605 3684 2753 3736 carni
2806 3683 3103 3753 impensior
3132 3694 3235 3749 est,
3290 3686 3509 3740 omnino
3550 3704 3625 3743 se

2054 3771 2287 3826 alienum
2328 3772 2614 3827 exhibebat
2648 3790 2662 3828 :
2708 3774 2841 3843 quin
2897 3784 2950 3829 et
2986 3778 3385 3845 quodammodo
3428 3796 3458 3834 a
3500 3790 3619 3834 ter-

2054 3878 2180 3917 rena
2204 3864 2465 3933 tantisper
2499 3874 2556 3918 et
2580 3867 2800 3920 animali
2834 3866 3095 3935 sapientia
3132 3870 3178 3901 ι’
3218 3880 3378 3937 atque
3410 3874 3621 3927 virtute

2054 3954 2357 4021 excedebat.
2376 3954 2478 4009 Sed
2496 3962 2549 4009 ‘et
2563 3970 2721 4025 supra
2741 3958 3065 4013 mundanam
3083 3976 3293 4015 omnem
3315 3964 3618 4022 amicitiam

2053 4045 2245 4111 elatus,
2287 4046 2338 4099 in
2374 4047 2620 4115 spiritum
2653 4050 2997 4105 solummodo
3020 4054 3414 4121 commigrabat
3442 4073 3455 4119 ;
3490 4064 3614 4109 sta-

2056 4139 2268 4205 tuitque
2301 4148 2357 4191 ut
2398 4138 2566 4193 solam
2602 4140 2823 4208 spiritus
2850 4141 3018 4211 legem
3051 4157 3382 4211 sequeretur,
3440 4162 3613 4202 unam

2054 4224 2191 4279 hanc
2226 4234 2430 4282 teneret
2452 4244 2717 4295 normam,
2747 4231 2969 4303 ejusque
2992 4233 3206 4289 virtutis
3230 4250 3293 4290 ac
3330 4219 3617 4305 sapientia:

2053 4329 2170 4382 qut?
2194 4317 2376 4371 divino
2403 4320 2604 4389 Spiritu
2641 4313 2947 4390 praestaiur,
2988 4324 3261 4379 internum
3294 4328 3475 4382 animo
3503 4344 3614 4383 na-

2053 4417 2174 4461 ctus
2194 4422 2451 4475 amorein,
2468 4425 2711 4480 eumque
2730 4416 3093 4483 magnificum,
3129 4418 3365 4488 iniquam
3386 4437 3612 4478 omnem

388 4508 460 4561 με
501 4505 775 4559 excedunt
807 4505 1063 4574 primum,
1110 4505 1402 4558 admodum
1463 4506 1602 4559 viam
1658 4509 1911 4562 ηηιηίρηε
1935 4548 1947 4570 ν
1983 4492 2024 4547 D
2054 4513 2277 4567 prorsus
2305 4500 2443 4573 viam
2474 4501 2778 4557 declinabat
2807 4520 2822 4571 ;
2872 4508 3187 4576 cunctisque
3219 4510 3414 4566 divinis
3448 4528 3615 4566 man—

389 4599 651 4662 sictotam
682 4597 898 4665 quidem
924 4594 1119 4651 mentis
1151 4610 1264 4649 suae
1294 4594 1399 4647 vim
1434 4609 1497 4648 ac
1523 4595 1946 4667 intelligentiam,

389 4686 661 4749 Trinitati,
709 4702 826 4755 qua).
869 4686 1044 4755 ipsum
1092 4696 1382 4746 antequam
1426 4686 1586 4741 etiam
1633 4698 1951 4745 nasceretur

389 4780 654 4843 Scivisset,
672 4793 997 4845 sacrumque
1013 4776 1117 4829 sibi
1140 4774 1471 4846 Theolugnm
1492 4781 1947 4849 praedestinasset,

388 4869 621 4937 perfecte
668 4868 933 4921 addixerit
969 4884 983 4931 ;
1036 4869 1228 4935 patriae
1252 4871 1377 4927 vero
1411 4884 1474 4923 ac
1511 4872 1823 4938 parentibus
1857 4887 1947 4925 ca-

389 4969 532 5013 stum
574 4961 677 5014 hoc
721 4960 1141 5027 corpusculum,
1182 4961 1486 5031 maiorique
1524 4964 1766 5017 animum
1811 4979 1950 5032 pra:-

392 5050 679 5119 fulgeutem
724 5051 989 5106 castitatis
1032 5052 1149 5106 luce
1188 5054 1501 5108 reddiderit.
1540 5052 1662 5107 Haec
1701 5056 1951 5123 quidem,

390 5142 477 5196 cui
508 5142 745 5205 libuerit,
784 5154 964 5195 narret
1019 5158 1083 5197 ac
1114 5144 1527 5213 philosophetur
1563 5162 1575 5207 ;
1613 5145 1949 5200 rudimenta-

391 5233 489 5288 riis
543 5232 685 5284 velut
725 5231 1065 5299 actionibus,
1114 5235 1576 5299 defunctoriisquc
1621 5234 1720 5288 \‘iri
1763 5239 1949 5307 magni

392 5321 780 5388 agitationibus
805 5320 1077 5378 facultatis
1109 5324 1319 5377 dicendi
1348 5324 1455 5374 vim
1484 5338 1589 5375 non
1616 5323 1952 5382 defunctorie

397 5426 691 5480 promens;
722 5411 983 5480 siquidem
1023 5415 1190 5468 in.liis
1235 5427 1451 5481 qquue
1485 5412 1706 5482 dignum
1752 5417 1952 5485 aliquid

396 5499 514 5564 eius
542 5500 840 5566 prudentia,
863 5504 1137 5569 animique
1170 5502 1473 5570 praestantia
1499 5518 1559 5557 ac
1588 5507 1957 5575 magnitudine

400 5590 546 5658 loqui
589 5590 727 5645 licet.
770 5593 933 5645 Nobis
973 5604 1149 5644 autem
1194 5594 1241 5643 id
1288 5595 1655 5662 preposituzn,
1698 5609 1799 5652 nun
1838 5613 1953 5655 uta

470 5768 799 5833 ³³1ουικιι,
834 5770 893 5820 10
924 5784 934 5831 ;
971 5768 985 5819 Ι
1023 5770 1145 5820 (lor.
1181 5785 1237 5829 ιι,
1283 5768 1357 5823 IS.
1438 5772 1478 5802 ³ο
1513 5768 1697 5823 Jacob.
1732 5786 1811 5837 ιιι,
1852 5773 1933 5824 15.

2056 4591 2196 4649 datis
2239 4592 2407 4660 probe
2458 4592 2808 4663 perfunctus,
2876 4611 3063 4652 eorum
3115 4601 3261 4654 cultu
3329 4602 3614 4660 Clu-istum

2055 4681 2426 4757 appetibilium
2478 4699 2789 4752 supremum
2832 4686 2975 4742 votis
3040 4691 3482 4758 persequebatur.
3528 4693 3621 4749 Ac

2056 4775 2193 4829 sicut
2226 4776 2401 4844 pueri,
2444 4791 2566 4830 cum
2599 4778 2891 4833 teneriores
2936 4780 3232 4836 decurrunt
3273 4799 3477 4845 annos.
3524 4785 3621 4839 in-

2058 4861 2336 4918 fantilibus
2386 4865 2534 4920 scitis
2574 4867 2799 4935 vitaeque
2830 4868 3130 4923 rationibus
3168 4872 3403 4935 educati,
3438 4874 3618 4943 mori-

2056 4954 2157 5009 bus
2194 4971 2407 5026 quoque
2444 4958 2709 5013 acsensis
2740 4959 3030 5027 puerilibus
3060 4969 3303 5028 utuntur,
3352 4965 3405 5018 in
3460 4966 3621 5022 viros
3672 5032 3675 5033 ν

2056 5056 2233 5099 autem
2267 5056 2656 5114 promoventes,
2687 5047 2932 5115 cogitatis
2959 5062 3021 5101 ac
3052 5050 3244 5104 studiis
3277 5066 3396 5119 quae
3433 5053 3621 5122 magis

2058 5136 2201 5189 viros
2232 5136 2485 5199 deceant,
2523 5137 2871 5211 consequenti
2916 5138 3123 5192 ratione
3170 5142 3463 5205 accedunt,
3532 5143 3620 5199 ita

2059 5242 2269 5296 nempe,
2307 5236 2363 5279 ut
2389 5241 2449 5279 eo
2483 5228 2623 5294 quod
2652 5228 2945 5295 perfectum
2978 5238 3080 5295 est,
3109 5232 3328 5299 puerilis
3356 5232 3461 5287 illis
3483 5249 3619 5288 sen-

2056 5334 2150 5372 sus
2193 5333 2254 5370 ae.
2299 5315 2567 5370 institutio
2622 5319 2902 5373 abolcatur
2939 5337 2952 5373 :
2994 5321 3072 5375 sic
3123 5336 3340 5390 quoque
3383 5339 3623 5393 magnus

2054 5409 2175 5471 iste,
2208 5406 2464 5475 quidquid
2512 5420 2635 5461 ante
2693 5411 2964 5464 lavacrum
3006 5411 3080 5463 illi
3126 5409 3445 5481 disciplinae,
3487 5423 3614 5469 tum

2058 5501 2122 5553 ad
2151 5497 2527 5563 eruditionem,
2559 5509 2667 5552 tum
2696 5501 2758 5552 ad
2784 5500 3022 5555 actiones
3051 5517 3335 5571 moresque
3362 5514 3622 5572 spectans

2059 5592 2387 5647 elaboratum
2430 5591 2621 5657 fuerat,
2660 5600 2912 5660 tanquam
2956 5594 3211 5664 puerilem
3259 5609 3480 5650 sensum
3526 5612 3623 5651 rc-
