3924 6312
143 444 254 513 διδ

859 440 1134 503 omne
1166 440 1292 539 x3.
1332 466 1396 479 -
1422 440 1505 502 IN
1543 438 1851 500 LAUDEM
1885 438 1946 499 s.
1986 433 2357 498 esseom
2389 408 2668 496 THEOL.

3253 426 3356 496 μϐ

115 555 418 629 'linquens
446 603 462 628 ,
518 561 761 630 quinimo
807 574 870 614 ea
916 552 1014 615 c'eu
1067 561 1372 614 rudimento
1433 561 1711 629 primaque
1739 558 1788 617 Α
1810 570 1875 611 eo
1903 555 2154 609 omnibus
2183 552 2341 608 simul
2359 550 2608 620 parandis
2631 547 2915 604 virtutibus
2939 546 3118 603 studio
3143 545 3356 601 incum-

146 645 504 703 Iltstitutioue
544 648 610 701 ad
661 646 1035 716 perfectionem
1083 648 1462 715 capessendam
1511 658 1706 710 utens,

143 739 520 805 apostolicum
547 738 673 793 illud
698 739 896 806 jugler
920 752 1078 806 opere
1105 738 1358 806 implebat
1382 756 1394 790 :
1428 738 1558 804 Quae
1585 748 1704 791 sunt

146 835 290 881 retro
316 829 648 891 obliviscens,
707 827 774 880 ad
801 843 861 879 ea
897 844 1009 880 vero
1034 845 1148 896 qua:
1171 845 1203 881 (ι
1233 829 1402 897 fronte
1429 829 1709 882 secundum

147 914 441 982 praﬁxum
472 919 674 986 signum
699 915 765 968 (id
790 917 1020 969 brevium
1050 932 1282 986 superum
1313 920 1594 972 vocationis
1619 935 1710 971 ea:-

148 1006 369 1059 tetttlerrs
404 1011 654 1075 meipsum
680 1010 745 1062 ".
765 1024 767 1028 ‘

215 1097 360 1149 Cum
395 1101 540 1150 enim
570 1097 780 1152 duobus
815 1098 988 1152 modis
1021 1097 1252 1167 spectari
1289 1099 1704 1167 philosophiam,

146 1185 352 1239 nedum
403 1187 474 1240 ab
513 1189 580 1241 iis
621 1188 710 1256 qui
753 1187 884 1242 foris
924 1197 1082 1253 sunt,
1115 1189 1211 1243 sed
1239 1198 1290 1241 et
1327 1204 1355 1241 a
1396 1189 1595 1242 nostris
1617 1205 1712 1244 ex-

148 1273 430 1340 ploratum
479 1274 717 1338 haberet,
758 1285 870 1328 tum
910 1291 1100 1344 nempe
1133 1277 1383 1340 rationis,
1427 1285 1538 1329 tum
1579 1292 1713 1329 cono

153 1363 533 1430 templationis
577 1365 830 1429 ratione;
878 1356 1103 1433 profana
1157 1364 1371 1434 quidem
1421 1367 1487 1420 iis
1528 1368 1709 1422 relicta

151 1453 240 1517 qui
268 1452 433 1519 foris
472 1463 600 1507 sunt
654 1470 721 1508 ac
767 1453 1006 1522 profanis
1033 1455 1196 1524 ,‘ipsc
1237 1455 1314 1508 illi
1349 1470 1466 1524 qua:
1500 1456 1711 1509 interna

145 1552 230 1595 est
259 1543 446 1597 solum
477 1545 877 1600 iubarescebat.
935 1545 989 1598 id
1040 1545 1294 1599 nimirum
1321 1561 1443 1600 vere
1472 1547 1709 1615 philoso-

150 1631 337 1700 phiam
380 1633 606 1712 ducens,
639 1643 696 1688 ut
730 1651 756 1687 a
802 1634 1004 1688 mundo
1049 1634 1246 1691 animis
1283 1636 1708 1705 abrumperctur,

149 1736 487 1791 omnemque
527 1725 581 1778 in
619 1739 683 1779 eo
721 1724 1091 1777 confusionem
1153 1740 1216 1779 ac
1252 1726 1718 1795 perturbationem

153 1804 587 1874 tn'ttseenderet,
633 1811 841 1879 solique
904 1813 1090 1880 primae
1152 1827 1215 1867 ac
1259 1814 1554 1868 verissimae
1603 1815 1708 1869 luci

1809 644 1988 706 bebat,
2037 643 2247 698 actione
2295 639 2508 710 quidem
2553 640 2619 695 lis
2666 639 2964 708 defungens
2991 651 3109 706 qua:
3147 635 3360 690 actione

1808 743 2077 800 constant,
2129 733 2575 801 contemplatione
2625 741 2801 784 autem
2853 730 2940 795 iis,
2980 743 3100 798 qua:
3119 737 3360 782 contem-

1810 826 2042 894 platione
2069 844 2079 876 :
2111 825 2210 887 vel,
2246 824 2456 878 actione
2487 823 2722 891 quidem,
2754 821 2819 875 ad
2849 836 2912 874 ea
2951 836 3072 888 qua:
3116 827 3362 873 contem-
3431 820 3436 822 '

1809 915 2058 984 plationis
2095 923 2240 978 sum,
2271 927 2633 982 promovens;
2681 905 3132 980 contemplatione
3174 915 3355 961 autem

1810 1020 1872 1058 ea
1903 1003 2003 1058 sibi
2041 1003 2324 1057 familiaria
2355 1002 2583 1056 reddens
2616 1018 2734 1070 qua:
2770 1011 2896 1058 sunt
2931 999 3180 1053 actionis.

1876 1095 1944 1147 At
1969 1106 2210 1162 quamam
2241 1092 2381 1145 actio
2405 1092 2630 1159 ?Operm
2656 1090 2884 1161 pretium
2919 1091 3060 1142 enim
3088 1087 3357 1148 existimo,

1810 1191 1867 1236 ut
1899 1197 1990 1251 per
2015 1181 2255 1240 virtutes.
2283 1182 2478 1250 quibus
2525 1181 2613 1234 illa
2647 1180 2928 1248 magnifice
2963 1177 3204 1246 splendet
3236 1185 3361 1229 ante

1808 1271 2335 1340 contemplationem,
2361 1283 2479 1323 eam
2512 1269 2873 1337 desiguemus.
2905 1264 3158 1329 Quaenam
3200 1264 3360 1333 igitur

1808 1374 1933 1417 sunt
1955 1361 2220 1415 virtutes?
2271 1361 2508 1413 Primum
2539 1359 2752 1426 quidem
2789 1357 2938 1410 firma
2978 1355 3231 1415 solitudo,
3265 1369 3358 1408 seu

1809 1452 1986 1521 quies,
2022 1465 2087 1504 ac
2135 1450 2505 1504 ntundissima.
2533 1447 2798 1510 Solitudo,
2825 1448 3065 1517 inquam,
3115 1459 3178 1498 ac
3207 1443 3360 1512 quies

1809 1543 1976 1596 animi
2013 1541 2214 1609 pariter
2242 1548 2295 1594 et
2344 1539 2608 1607 corporis.
2640 1537 2751 1590 Non
2784 1537 2926 1590 enim
2947 1534 3066 1589 "loci
3099 1535 3364 1588 duntaxat

1809 1630 2058 1700 prasidio
2089 1645 2148 1685 se
2189 1638 2299 1684 tum
2331 1629 2602 1689 civilibus,
2643 1639 2752 1681 tum
2781 1628 3072 1681 rusticanis
3095 1628 3364 1683 subduce-

1805 1722 1902 1776 bat
1937 1721 2272 1786 tumultibus,
2309 1722 2399 1774 sed
2439 1721 2596 1788 longe
2634 1721 2804 1788 magis
2839 1722 2890 1772 in
2924 1735 2980 1773 se
3027 1720 3140 1787 ipse
3169 1715 3366 1774 mentis

1808 1810 2135 1872 constantia,
2175 1823 2337 1877 seque
2363 1809 2557 1872 medio,
2596 1808 2648 1859 in
2688 1806 2854 1860 Deum
2888 1821 3201 1866 conversus,
3239 1820 3361 1859 mo-

152 1909 248 1964 μοι·
281 1911 471 1951 veram
499 1912 562 1952 ac
589 1875 854 1953 sinceram
879 1875 989 1952 tum
1018 1900 1155 1965 vitae,
1182 1909 1294 1954 tum
1316 1901 1590 1965 doctrinae,
1624 1917 1708 1976 ra-
1743 1875 1781 1930 Β
1810 1899 1962 1954 ribus‘
1985 1898 2162 1969 potius
2196 1875 2538 1950 solitudinem
2559 1911 2664 1961 ac:
2687 1895 2937 1962 quietem
2971 1893 3150 1945 obibat
3179 1907 3196 1956 ;
3228 1901 3371 1944 tran-

151 1986 354 2041 tiouem
376 1988 717 2053 misceretur,
761 1990 908 2043 omni
933 1991 1137 2045 studio.
1169 1979 1708 2062 pervicacissimaque

151 2076 450 2146 diligentia.
468 2079 521 2132 id
545 2080 872 2134 enitebatur.

218 2165 533 2235 lntelllgens
580 2178 780 2234 autem,
827 2187 929 2224 non
981 2172 1084 2226 alia
1136 2187 1195 2226 se
1233 2154 1452 2228 ratione
1478 2173 1528 2226 id
1567 2175 1707 2241 quod

153 2255 295 2310 votis
333 2255 662 2326 efﬂagitabat
711 2259 850 2314 felici
895 2249 1150 2315 successu
1199 2262 1454 2329 consequi
1511 2277 1733 2330 posse,

154 2361 318 2415 quam
350 2347 398 2401 si
437 2347 552 2416 ipse
594 2364 622 2400 a
653 2365 712 2404 se
760 2351 976 2405 virtutis
1003 2351 1266 2406 actionem
1302 2351 1521 2416 coleret,
1559 2353 1706 2423 coeli-

153 2445 347 2505 tusque
390 2452 422 2490 a
456 2435 655 2505 Spiritu
739 2428 996 2494 auxilium
1066 2454 1328 2509 opemque
1376 2440 1640 2494 obtineret
1692 2457 1706 2495 :

152 2538 272 2577 esse
306 2524 454 2577 enim
499 2525 694 2594 pariter
723 2542 1058 2582 communem
1096 2529 1217 2581 boni
1247 2529 1586 2597 adeptionem
1645 2544 1708 2584 ac

155 2615 703 2681 consummationem,
734 2632 855 2670 cum
891 2606 1094 2672 scilicét
1141 2617 1283 2672 Deus
1316 2617 1542 2680 semina,
1583 2633 1708 2672 nos-

155 2720 278 2772 que,
339 2714 404 2758 ut
461 2704 633 2770 decet,
685 2707 1046 2775 operationem
1086 2707 1426 2763 conferamus
1477 2708 1594 2776 (2):
1645 2724 1707 2762 ac

160 2793 397 2862 Spiritus
419 2799 633 2866 quidem
667 2807 722 2852 ut
759 2798 956 2853 bonum
993 2799 1238 2863 velimus,
1273 2798 1620 2868 amatumque
1651 2799 1705 2852 in

156 2885 310 2941 nobis
355 2889 601 2958 mystice,
638 2889 1005 2957 secretiusque
1053 2897 1322 2958 operetur,
1385 2905 1484 2944 nos
1527 2898 1704 2942 autem

164 2978 400 3047 Spiritus
434 2981 599 3035 seculi
637 2982 944 3045 consilium,
989 2983 1173 3051 probat
1207 2982 1400 3037 mentis
1436 2983 1707 3051 pr0posito

160 3068 230 3123 illi
245 3084 604 3140 cooperemur
636 3069 654 3126 :~
686 3072 798 3126 haec
823 3073 1000 3141 itaque
1026 3074 1106 3126 vir
1135 3074 1222 3126 ille
1251 3075 1516 3143 magnifici
1542 3073 1705 3126 animi

161 3162 426 3230 cogitans,
463 3170 847 3231 perspectoque
882 3178 1042 3231 quam
1075 3164 1126 3216 in
1155 3162 1366 3232 oppidis
1427 3173 1587 3232 atque
1617 3178 1706 3215 ur-

164 3251 354 3304 banam
403 3253 564 3306 vitam
605 3253 831 3320 agimus,
882 3254 1221 3322 quandoque,
1253 3255 1318 3307 iis
1345 3255 1577 3308 maxime
1613 3254 1702 3322 qui

162 3342 406 3396 tirocinia
425 3351 648 3410 ponunt,
668 3343 916 3396 instituto
946 3342 1154 3397 officere
1174 3384 1188 3408 ,
1222 3343 1272 3396 id
1305 3353 1715 3411 est,»capcsscn-

163 3433 240 3484 dae
275 3433 493 3486 sublimi
533 3434 911 3501 philosophiae,
963 3444 1176 3501 repente
1220 3449 1277 3488 se
1335 3450 1362 3487 a
1393 3436 1713 3502 parentibus

1812 1989 2141 2059 quillamque
2200 1998 2263 2041 ac
2323 1991 2681 2038 mansuetant’
2707 1983 2870 2034 animi
2926 1980 3364 2034 constitutionem
3420 2045 3424 2050 _

1811 2082 2057 2148 adeptus,
2086 2080 2139 2132 in
2170 2092 2274 2146 qua
2308 2075 2450 2128 velut
2474 2072 2738 2143 pellucido
2766 2071 2982 2140 speculo
3032 2086 3096 2124 ac
3119 2067 3365 2123 mundis-
3422 2120 3423 2123 η

1813 2168 1971 2231 simo,
2015 2167 2310 2229 caelestium
2361 2163 2776 2217 illustrationqu
2828 2159 3364 2228 representationes.

1813 2257 2041 2313 terrenis
2075 2237 2438 2326 impermistas
2470 2253 2654 2322 ﬁguris
2714 2266 2775 2305 ac
2814 2250 3211 2311 seducentibus,
3244 2263 3369 2302 sus-

1812 2344 2066 2417 cipiebat,

1881 2435 2019 2491 Tum
2050 2451 2177 2489 ver-0
2204 2435 2477 2488 meditatio
2511 2436 2725 2488 robusta
2779 2434 3054 2503 jugisque.
3097 2427 3368 2481 Meditatio

1813 2541 2089 2584 sacrOrum
2121 2526 2354 2595 Spiritus
2393 2527 2749 2593 eloquiorum.
2793 2541 2913 2592 qme
2949 2522 3143 2576 nedum
3187 2519 3366 2583 labiis,

1812 2617 1903 2672 sed
1932 2627 1986 2672 et
2013 2618 2176 2670 corde
2201 2632 2325 2669 vere
2353 2619 2404 2677 in
2440 2614 2694 2685 mysterio
2725 2612 3064 2682 proferantur
3095 2627 3109 2674 ;
3143 2605 3370 2676 eamque

1812 2709 1966 2777 plane
2017 2707 2085 2760 ob
2121 2723 2252 2767 rem,
2282 2721 2387 2758 non
2433 2715 2764 2772 atramento,
2797 2702 2892 2766 sed.
2935 2699 3135 2769 Spiritu
3186 2699 3368 2752 animo

1810 2799 2196 2852 iuscribantur.
2221 2796 2475 2864 Preraudi
2504 2805 2681 2848 autem
2708 2794 2943 2847 studium
2980 2792 3158 2861 jugaic
3180 2802 3370 2842 haetus

1783 2890 2164 2953 .meditationi,
2205 2888 2531 2942 indivulsum
2584 2903 2611 2939 a
2643 2884 2750 2939 Deo
2789 2885 3026 2937 animum
3072 2880 3368 2935 obtinebat.

1813 2983 2274 3050 Quemadmodum
2307 2981 2449 3034 enim
2486 2995 2682 3049 corpus
2710 2976 3019 3031 solitudinis
3049 2975 3217 3033 cultu,
3248 2973 3366 3047 ani-

1821 3087 2075 3139 muntqtte
2106 3071 2465 3123 meditat‘onis
2500 3069 2548 3121 \i
2581 3082 2899 3122 consecrare
2931 3065 3037 3116 Deo
3074 3063 3370 3131 satagebat,

1814 3165 1890 3216 sic
1918 3163 2095 3229 uti-pte
2133 3161 2295 3212 ctiam
2342 3169 2570 3234 mentem
2620 3158 2839 3227 jugibus
2885 3153 3370 3223 supplicationibus
3432 3190 3438 3194 -

1816 3255 2021 3306 instans
2062 3251 2282 3319 Spiritui
2317 3252 2622 3317 copulabat.

1882 3341 2014 3394 Cum
2051 3348 2228 3392 autem
2261 3340 2312 3391 in
2344 3339 2425 3392 itis
2457 3323 2650 3397 tribus,
2684 3337 2888 3390 ratione
2920 3333 3143 3396 scilicet,
3181 3334 3277 3393 ira,
3311 3347 3373 3384 ac

1811 3430 2126 3498 cupiditate.
2158 3429 2392 3482 hominis
2420 3436 2561 3481 totus
2591 3429 2806 3480 animus
2838 3425 3209 3479 consideretur
3236 3439 3250 3487 ;
3287 3430 3372 3474 at-

166 3531 226 3570 ac
243 3519 488 3587 cognatis
521 3520 792 3589 abrumpit
826 3538 840 3587 ;
889 3521 1158 3587 abrumpit
1186 3535 1309 3574 vero
1343 3521 1408 3574 ab
1442 3522 1583 3574 omni
1617 3538 1714 3574 δειε-
1799 3516 1913 3589 Quc
1949 3521 2011 3572 ad
2062 3520 2320 3573 rationem
2362 3517 2597 3586 quidem,
2645 3527 2898 3583 tanquam
2933 3513 3369 3582 augustissimam

167 3606 266 3660 culi
309 3621 478 3670 cura;
514 3608 814 3675 tollensque
861 3609 1019 3677 pedes
1058 3609 1111 3661 iu
1142 3608 1408 3662 desertum
1455 3610 1710 3679 agebatur

168 3709 200 3748 a
227 3694 463 3764 Spiritu.
830 3715 832 3723 ‘
1572 3744 1575 3747 -

230 3785 306 3837 Ac
323 3785 464 3839 sicut
494 3800 684 3854 magna
712 3785 870 3840 Verbi
901 3802 1023 3852 vox,
1059 3802 1123 3843 ac
1154 3802 1271 3856 quae
1303 3787 1374 3841 illi
1408 3788 1705 3856 praecurrit,

167 3875 608 3942 pmclarissimus
647 3874 878 3929 Joannes
899 3919 912 3938 ,
946 3877 1216 3946 pr0phetis
1245 3878 1494 3933 omnibus
1539 3879 1708 3946 major

169 3979 268 4031 qua
297 3962 372 4018 illi
416 3965 636 4019 vicinior
666 3981 823 4034 quem
860 3967 1232 4036 prOphctarum
1261 3969 1550 4039 tangebaut
1587 3984 1710 4020 ora-

170 4055 303 4117 cuia,
353 4053 577 4108 Domino
604 4058 940 4124 praedicatus,
979 4073 1098 4112 cum
1127 4059 1338 4113 deserto
1368 4060 1514 4127 prius
1566 4060 1700 4113 Dec-
1745 4115 1748 4117 Α

171 4155 272 4210 que
320 4153 560 4196 vocasset
580 4145 644 4208 ",
676 4145 984 4214 eximieque
1017 4150 1137 4201 vita:
1167 4149 1310 4202 cultu
1369 4166 1431 4203 ac
1468 4152 1710 4203 eminen-

175 4230 290 4284 tiori
318 4234 766 4300 contemplatione
803 4245 1050 4303 superata
1096 4247 1342 4290 creatura
1380 4237 1445 4302 ⁵³,
1480 4239 1708 4291 creatori

175 4322 386 4390 propius
425 4323 732 4378 adhaesisset
767 4342 778 4376 :
819 4333 937 4392 post
966 4325 1078 4381 haec
1116 4327 1296 4395 utique
1348 4338 1470 4381 ante
1503 4328 1707 4380 Domini

177 4404 353 4461 faciem
401 4408 672 4474 incedens,
722 4411 862 4463 illius
915 4412 1029 4465 vias
1079 4417 1284 4482 paravit
1310 4415 1388 4466 ’δε
1433 4415 1510 4466 sic
1557 4415 1711 4481 plane

1788 3619 2014 3679 .spectet
2040 3617 2097 3662 ut
2133 3611 2312 3678 praesit
2367 3624 2429 3661 ac
2476 3607 2803 3676 dominetur,
2856 3604 2920 3658 ad
2962 3605 3195 3670 reliquas
3225 3616 3372 3664 vero,

1810 3710 1868 3752 ut
1909 3699 2032 3750 huic
2071 3699 2184 3765 ipsa
2229 3705 2466 3763 pareant,
2515 3698 2678 3763 atque
2714 3694 2779 3746 ab
2816 3707 2877 3744 ea
2931 3701 3184 3758 regantur
3234 3689 3372 3757 (haec

1809 3788 1951 3840 enim
1976 3787 2074 3839 viri
2109 3785 2363 3854 perfectio
2389 3783 2501 3853 est)
2533 3784 2732 3836 virtute
2765 3781 3080 3850 perfunctus
3112 3794 3232 3847 quae
3258 3777 3372 3830 cui-

1810 3893 1914 3947 qtte
1946 3877 2109 3930 animi
2141 3876 2273 3944 parti
2311 3884 2432 3943 apta
2466 3875 2535 3927 sit
2598 3889 2660 3926 ac
2694 3871 3014 3924 conveniens
3044 3885 3058 3935 ;
3092 3869 3254 3937 inque
3291 3867 3373 3921 his

1810 3982 2020 4020 summa
2039 3967 2120 4019 vir
2144 3981 2367 4033 magnus
2391 3964 2725 4032 philosophia
2754 3969 3048 4029 spectatus,
3066 3969 3371 4025 temperan-

1810 4057 1935 4107 tiam
1963 4055 2177 4122 quidom
2207 4052 2483 4121 cupiditati
2519 4050 2757 4118 pneficit,
2789 4064 2908 4117 qua:
2932 4047 3138 4100 scilicet
3167 4044 3365 4098 nedum

1809 4147 2100 4199 necessarii
2132 4145 2258 4206 cibi,
2304 4130 2586 4209 somnique
2621 4148 2821 4208 partem
2851 4138 3138 4190 maximam
3179 4149 3372 4202 ampu-

1809 4243 1963 4296 taret,
1988 4236 2079 4288 sed
2118 4243 2170 4286 et
2197 4234 2403 4287 cunctis
2423 4232 2670 4305 sensibus
2699 4230 2885 4282 modos
2936 4227 3256 4295 regulasque
3277 4226 3371 4279 de-

1807 4326 2026 4387 finiret;
2076 4324 2492 4394 pulchritudinis
2563 4337 2624 4374 ac
2680 4320 2864 4372 forma:
2911 4318 3213 4385 cupidinem
3256 4331 3372 4368 om-

1811 4429 1932 4468 nem
1968 4415 2227 4472 aboleret,
2258 4414 2522 4477 omneque
2557 4423 2734 4460 rerum
2772 4405 3150 4458 intereuntium
3192 4419 3255 4456 ac
3279 4419 3372 4457 ca-

178 4498 320 4550 ctiam
337 4497 650 4566 Gregorius,
675 4501 849 4553 sarculi
882 4503 1052 4554 turbis
1097 4503 1323 4571 ejusque
1355 4504 1468 4556 salo
1498 4504 1705 4571 placide
1737 4521 1778 4574 ι)
1807 4506 2066 4558 ducarum
2129 4501 2451 4554 desideriqu
2524 4508 2742 4552 necaret
2783 4515 2798 4563 ;
2854 4497 3158 4548 membrum
3210 4509 3372 4546 omne

179 4587 311 4653 prius
331 4588 572 4652 avulsus,
604 4590 816 4656 vitaque
847 4590 1228 4659 imperturbata
1281 4603 1438 4660 atque
1465 4593 1532 4644 ab
1556 4593 1704 4644 omni

180 4675 440 4738 pravitatis
467 4676 788 4730 commercio
812 4677 1202 4743 libera,-~mente
1227 4680 1468 4733 sublimis
1493 4680 1662 4732 factus
1686 4694 1701 4743 ;

122 4778 131 4786 ·
181 4776 334 4831 exque
400 4764 599 4818 divinis
631 4766 826 4834 (quoad
861 4768 1199 4837 concessum)
1242 4770 1704 4836 contemplationi-

182 4851 268 4908 bus
311 4856 508 4908 deitate
558 4855 790 4911 imbutus
823 4896 838 4919 ,
897 4858 1090 4911 nedum
1155 4858 1479 4926 pmuitcutiae
1541 4868 1702 4927 atque

185 4943 499 5012 baptismatis
529 4947 832 5002 hominibus
864 4964 1057 5017 praeco,
1091 4949 1179 5002 sed
1212 4961 1264 5002 ct
1293 4949 1438 5002 omni
1484 4950 1703 5018 majoris

184 5034 484 5099 perfectione
543 5037 1058 5108 absolutissimaequc
1087 5038 1364 5093 Trinitatis
1402 5041 1651 5108 magister
1678 5057 1706 5094 c

185 5119 375 5178 deserto
410 5125 690 5182 emittitur.
729 5129 780 5182 ld
814 5143 989 5182 autem
1032 5130 1204 5182 oratio
1238 5143 1489 5197 processu
1530 5129 1706 5182 decla-

188 5212 326 5278 nbit.

252 5302 439 5360 Etenim
477 5323 728 5378 magnum
760 5309 975 5378 quidem
1007 5309 1283 5374 Basilium,
1316 5309 1390 5364 uti
1423 5310 1569 5378 prius
1587 5310 1703 5378 ejus

191 5390 512 5463 philosophice
566 5413 687 5464 qua:
732 5415 828 5453 usu
878 5401 1121 5454 smculari
1167 5402 1348 5464 venit,
1396 5403 1464 5453 ita
1519 5411 1700 5469 postea

191 5482 417 5549 spiritalis
457 5478 756 5556 adjutorem
813 5492 1126 5560 sociumque
1157 5493 1438 5555 adhibens,
1471 5494 1550 5547 sic
1579 5509 1698 5548 cum

1811 4609 2131 4660 omnemque
2161 4601 2363 4644 motum
2429 4591 2711 4655 disciplina
2751 4595 3096 4655 componeret
3135 4600 3196 4637 ac
3229 4599 3370 4638 corn-

1809 4688 2086 4755 primeret,
2169 4685 2462 4752 mentique,
2512 4699 2630 4753 qua:
2674 4691 2755 4735 est
2802 4680 3156 4749 przestautior,
3207 4679 3372 4753 subji-

1810 4787 1976 4830 ccret.
3025 4776 3032 4782 ’

1882 4866 2086 4918 Iiursus
2134 4878 2259 4916 vero
2309 4852 2784 4916 mansuetudinem
2825 4854 2917 4912 ira:
2962 4858 3238 4911 adversam
3276 4857 3387 4933 ιιι-ν

1809 4956 1965 5006 struit
2001 4972 2012 5005 :
2050 4955 2099 5005 in
2132 4969 2235 5021 qua
2272 4953 2524 5004 nimirum
2564 4951 2737 5003 omnis
2789 4948 2835 5001 ei
2868 4949 3033 5000 animi
3070 4946 3367 4998 amaritudo

1807 5045 2005 5113 iraeque
2030 5047 2254 5112 impetus
2294 5046 2594 5098 solveretur
2630 5059 2643 5105 ;
2677 5043 2978 5114 solveretur
3011 5046 3185 5090 autem
3224 5035 3366 5084 blas-

1805 5138 2017 5204 phemia
2057 5145 2108 5188 et
2153 5137 2404 5187 clamor:
2453 5151 2515 5188 ac
2572 5135 2784 5201 quidem
2838 5130 3052 5183 malitia‘
3077 5125 3250 5179 omnis
3302 5137 3363 5173 ac

1809 5242 2002 5280 rancor
2035 5227 2160 5296 (ira:
2190 5227 2393 5278 sciliCct
2442 5225 2577 5277 tnala
2611 5223 2850 5290 germina
2880 5222 2897 5288 )
2928 5219 3135 5286 penitus
3167 5211 3361 5263 evelle-

1808 5324 1990 5368 renlur
2024 5333 2036 5380 ;
2095 5317 2342 5382 reiutque
2386 5331 2449 5368 ex
2496 5309 2729 5383 pcrfecl'a
2771 5313 3077 5368 radicctex
3105 5302 3356 5364 icnitate,

1807 5407 1982 5457 otnnis
2037 5406 2088 5458 in
2126 5422 2188 5458 eo
2221 5406 2711 5481 benignitasatque
2762 5397 2994 5468 probitas
3030 5391 3353 5459 gerlllillarcl

1809 5512 1871 5550 ac
1903 5495 2181 5549 efllorcrct.
2591 5492 2596 5496 ’

249 5614 286 5648 ⁸⁸
317 5615 447 5674 Phil.
485 5635 572 5686 ιιι,
616 5622 699 5676 15.
772 5623 817 5654 ’⁵⁸
847 5623 1030 5679 Matth.
1083 5642 1153 5692 tv,
1186 5627 1209 5679 l
1247 5644 1258 5680 :
1294 5625 1423 5682 Luc.
1456 5643 1524 5695 tv,
1563 5630 1611 5683 l.
1689 5630 1708 5660 "

1815 5638 1946 5685 atth.
1975 5647 2046 5697 xt,
2086 5632 2166 5684 ll.
2243 5631 2287 5713 ζ)
2317 5628 2442 5682 Luc.
2472 5645 2505 5694 I,
2541 5628 2624 5681 76.

252 5767 321 5839 β)
346 5771 518 5848 Greg.,
557 5787 693 5834 orat.
724 5778 792 5832 58
819 5788 870 5834 et
894 5779 980 5834 42.
