3924 6312
559 222 657 286 451

1742 217 2028 279 ΝΙΕΕΤᾸΞ
2054 216 2574 281 PAPHLAGONIS

3666 217 3779 283 ηε

564 334 675 395 nis,
727 338 890 399 atque
943 326 1160 393 linitas,
1223 324 1493 392 essentia;
1558 326 1938 392 immutabilis,
2000 328 2113 398 pari
2142 328 2619 399 Adel‘ungeretur,
2654 337 2905 385 naturam
2932 329 3147 385 interitu
3180 339 3448 386 mortuam
3471 332 3767 397 excitaret,

566 420 816 476 sublimis
843 423 1067 483 honore,
1089 420 1402 473 intemerata
1437 428 1629 471 natura
1652 435 1667 481 ;
1692 418 1876 472 eadem
1904 418 2118 486 puerul-

564 506 698 583 gens
720 512 986 573 claritate,
1015 511 1198 563 eodem
1252 510 1450 561 throno
1498 510 1690 563 sedens
1736 526 1749 561 :
1790 524 1893 560 una
1928 508 2119 561 volun-

563 612 664 666 tas,
697 618 805 655 una
840 601 1098 669 operatio,
1130 601 1314 652 eadem
1344 599 1553 664 virtus;
1585 608 1843 667 potestas,
1876 598 2116 650 domina-

564 694 661 755 tio,
697 706 918 760 regnum
959 705 1064 742 non
1094 689 1350 742 divisum.
1403 687 1956 741 Nulloeniurmodo
1997 704 2117 756 quae

562 791 691 835 sunt
711 798 773 837 ex
809 782 924 849 ipsa
973 779 1196 848 (mente)
1252 780 1320 833 ab
1394 780 1503 847 ipsa
1552 778 1827 841 diﬁ‘erunt;
1885 793 2113 845 quorum

561 872 713 925 alteri
733 871 968 939 quidem,
991 881 1048 923 ut
1069 870 1338 938 gignatur,
1364 870 1538 931 alteri,
1561 878 1616 921 ut
1633 868 1878 936 procedat
1905 877 2113 932 auctor,

561 962 795 1015 exsistit.

632 1053 723 1106 Sic
773 1053 989 1121 quidem
1034 1052 1197 1120 igitur
1258 1060 1501 1113 sanctus,
1562 1049 1755 1103 Sancta
1808 1058 2112 1104 sanctorum

559 1142 821 1195 secretius
852 1144 1064 1201 doctus.
1114 1151 1373 1210 quantum
1426 1140 1582 1218 brevi.
1614 1154 1859 1193 sermone
1916 1156 2111 1209 reprae-

560 1245 777 1289 sentare
846 1234 990 1294 licet,
1074 1234 1355 1301 deﬁxaque
1407 1234 1533 1285 huic
1588 1232 1865 1300 theologim
1922 1234 2115 1287 mentis

558 1328 693 1389 acie,
742 1334 861 1393 post
901 1340 1016 1378 eam
1072 1325 1279 1384 ordine,
1326 1339 1445 1391 quas
1495 1324 1654 1376 etiam
1695 1324 1757 1375 ad
1786 1330 1960 1377 creata
1991 1338 2113 1391 spe-

556 1424 726 1479 ctant,
781 1414 996 1467 divinas
1042 1413 1452 1481 prredicationes
1509 1412 1730 1478 aptavit.
1789 1408 1938 1464 Haud
1983 1426 2110 1465 vero

555 1506 650 1559 abs
677 1515 681 1519 '
713 1520 767 1557 re
797 1503 1047 1565 forsitan,
1100 1514 1156 1555 ut
1189 1511 1243 1556 et
1276 1496 1465 1554 horum
1500 1502 1705 1569 paucis,
1740 1517 1801 1554 ex
1852 1502 2021 1573 sacris
2046 1501 2111 1554 il-

556 1599 660 1651 lius
712 1595 969 1664 eloquiis,
1006 1594 1439 1647 meminerimus:
1462 1593 1681 1662 'Duplici
1711 1594 1853 1646 cnim
1890 1593 2107 1657 mundo,

530 1705 617 1757 ,ca
652 1703 772 1757 quae
805 1696 953 1747 sunt,
1002 1701 1213 1739 summa
1244 1684 1501 1753 colligens
1528 1683 1625 1753 (6),
1673 1694 1834 1753 atque
1884 1684 2109 1738 alterum

554 1778 774 1848 quidem
816 1776 1082 1846 ejusmodi
1119 1785 1180 1829 ut
1218 1788 1397 1829 mente
1422 1776 1769 1845 intelligatur,
1805 1778 2029 1829 alterum
2058 1784 2115 1829 ut

554 1884 718 1923 sensu
755 1868 956 1937 percipi
990 1867 1197 1937 possit;
1231 1868 1463 1934 primum
1491 1868 1743 1933 alterum,
1778 1867 1989 1934 Deoque
2025 1866 2109 1920 fa-

554 1958 853 2021 miliarem,
912 1967 1079 2026 atque
1120 1957 1452 2027 intelligendi
1484 1957 1531 2011 vi
1565 1956 1880 2026 praeditum;
1919 1972 2115 2011 secun-

553 2049 681 2114 dum
732 2050 986 2111 alterum,
1022 2055 1449 2115 extranenmque
1485 2062 1511 2097 a
1545 2048 1761 2110 deitate,
1793 2061 1856 2102 ac
1888 2046 2111 2099 materia

552 2146 889 2202 concretum,
917 2137 1222 2205 intelligens
1249 2154 1262 2201 ;
1301 2141 1564 2191 utrumvis
1587 2137 1653 2191 ab
1678 2138 1846 2191 altero
1894 2137 2113 2206 sapien-

556 2227 758 2281 tissima
791 2229 998 2281 ratione
1058 2243 1121 2282 ac
1156 2242 1319 2281 sensu
1360 2227 1640 2281 discernit.

624 2316 837 2371 Etenim
903 2317 1135 2371 alterum
1198 2318 1417 2384 quidem
1490 2318 1811 2386 spiritalem,
1862 2318 2113 2389 velutque

551 2408 790 2461 essentia
836 2408 1050 2477 igneum
1110 2423 1173 2461 ac
1208 2407 1523 2461 deiformem
1568 2408 1857 2477 (angelicas
1910 2409 2115 2463 scilicet

555 2507 797 2561 naturas,
818 2514 880 2552 ae
903 2514 931 2551 a
961 2513 1188 2568 corpore
1213 2498 1535 2568 absolutas),
1567 2499 1794 2552 alterum
1828 2514 1957 2553 vero
1984 2514 2110 2565 cor-

559 2600 780 2657 poreum
828 2598 939 2642 tum
972 2605 1109 2653 esse,
1149 2598 1258 2641 tum
1294 2589 1393 2642 sibi
1425 2590 1597 2657 ipsum
1624 2599 1960 2658 compactum
1987 2605 2111 2660 par-

554 2680 1174 2744 tibusquetconnexum;
1216 2680 1309 2747 qui
1341 2695 1531 2748 nempe
1570 2694 1633 2733 ex
1679 2681 1991 2736 continente
2021 2696 2111 2735 re-

554 2785 675 2822 rum
753 2769 895 2822 hanc
952 2771 1386 2833 universitatem,
1440 2786 1501 2824 ac
1554 2772 1833 2827 elementis
1883 2782 2127 2842 quatuor.

547 2868 776 2912 constet.
810 2860 889 2911 Ad
919 2860 1143 2927 majoris
1169 2868 1353 2914 autem
1416 2863 1690 2930 sapientiae
1730 2864 2024 2931 specimen,
2047 2880 2111 2918 ex

2219 432 2379 488 atque
2410 422 2475 474 ad
2512 422 2831 476 diviniorem
2865 422 3028 475 vitam
3055 421 3385 476 transferret.

2287 509 2564 578 Ejusmodi
2631 518 2786 565 erant
2848 527 2965 579 quae
3038 511 3340 580 Theologus
3396 510 3666 565 hactenus
3713 510 3774 565 in

2217 600 2387 653 Ponto
2444 602 2640 670 degens
2675 640 2690 662 ,
2745 601 3239 669 philosophabatur.
3289 599 3412 653 Haec
3453 599 3603 668 prius
3657 599 3775 653 illic

2199 702 2393 758 _mente
2471 692 2793 760 speculando
2876 691 3272 756 contemplatus
3343 698 3475 753 cst;
3542 697 3775 757 tumque

2217 796 2404 850 p05tea
2459 795 2709 834 sermone
2776 794 2876 848 pro
2924 778 3177 847 Theologi
3231 777 3471 845 partibus
3520 778 3767 831 dictavit.

2214 872 2388 939 Atque
2442 872 2529 925 hic
2574 870 3066 939 ejuS‘solitudinis,
3123 884 3227 936 qua
3281 882 3520 921 eremum
3574 868 3772 929 co'uit,

2216 961 2425 1015 fructus
2454 973 2553 1023 est,
2580 970 2839 1027 quantum
2894 958 3025 1011 mihi
3069 957 3315 1026 equidem
3361 970 3445 1009 res
3500 955 3645 1023 ejus,
3702 969 3770 1008 ex

2217 1051 2501 1119 ipsiusmet
2533 1051 2769 1117 scriptis,
2807 1048 2993 1101 saltem
3048 1047 3253 1100 modice
3291 1045 3475 1098 datum
3527 1053 3612 1097 est
3639 1056 3775 1112 pro-

2214 1141 2388 1210 sequi.
2804 1134 2823 1148 “

2216 1228 2225 1235 “
2284 1230 2473 1284 Totam
2502 1230 2660 1297 igitur
2690 1236 2919 1281 veterem
2952 1234 3226 1293 totamque
3269 1238 3481 1288 novam,
3508 1235 3617 1292 qua
3643 1222 3771 1275 nul-

2215 1322 2300 1376 lus
2332 1314 2624 1392 sagacitate
2653 1330 2764 1375 tum
2802 1319 3188 1388 antiquiorum,
3219 1325 3331 1371 tum
3359 1331 3495 1383 quos
3528 1329 3774 1384 sequens

2214 1414 2598 1483 protulitzetas,
2630 1410 2960 1480 Scripturam
2993 1410 3321 1478 meditatus;
3357 1406 3638 1475 divinique
3672 1420 3776 1459 cu-

2209 1504 2408 1573 jusque
2438 1503 2581 1557 verbi
2621 1517 2683 1555 ac
2710 1501 2856 1554 vocis
2883 1508 3184 1553 accuratam
3215 1497 3480 1558 notitiam,
3506 1495 3773 1563 primam-

2215 1612 2318 1664 que
2335 1594 2575 1649 veritatis
2597 1592 3001 1662 intelligentiam
3020 1590 3204 1643 divino
3221 1585 3423 1656 Spiritu
3438 1591 3775 1655 praeceptore

2214 1688 2481 1740 sacratius
2520 1676 2771 1750 edoctus;
2801 1697 2862 1749 ac
2879 1697 2998 1735 cum
3034 1682 3103 1733 ita
3139 1678 3228 1732 Dei
3250 1676 3554 1747 paradisum
3584 1675 3773 1728 fructu

2213 1778 2357 1831 omni
2376 1774 2964 1842 dulcissimo,honoqne
2989 1770 3378 1839 omnicogitatu
3403 1784 3466 1823 ac
3492 1767 3770 1821 intellectu

2213 1866 2536 1930 confertum,
2567 1872 2723 1919 suurn
2752 1864 2865 1932 ipse
2894 1863 3131 1915 animum
3160 1859 3503 1921 reddidisset,
3537 1855 3771 1910 reverti-

2215 1969 2341 2023 tur;
2377 1958 2611 2027 primum
2647 1955 2862 2024 quidem
2919 1952 3087 2006 sacris
3130 1948 3465 2019 parentibus,
3521 1948 3616 2017 qui
3645 1945 3772 2015 eius

2219 2048 2452 2101 maxime
2508 2061 2629 2100 cum
2680 2042 2926 2113 spiritali,
2959 2049 3070 2093 tum
3098 2039 3363 2108 corporali
3410 2051 3511 2105 ope
3554 2036 3799 2105 indigc-.

2214 2146 2353 2200 rent,
2383 2145 2606 2204 tumque
2630 2135 2791 2188 etiam
2844 2132 3096 2185 omnibus
3127 2130 3321 2199 quibus
3378 2135 3523 2182 esset
3582 2127 3771 2181 animo

2184 2226 2564 2281 .constitutum
2608 2232 2667 2277 ut
2720 2222 2973 2292 pietatem
3036 2219 3291 2282 colerent,
3329 2218 3379 2271 in
3417 2229 3768 2272 communem

2213 2331 2271 2371 se
2306 2316 2587 2368 utilitatem
2607 2354 2621 2375 ,
2658 2314 2832 2381 iisque
2862 2308 3141 2374 uten'rlhm,
3168 2324 3463 2377 exponens.

2284 2408 2360 2462 Ac
2396 2406 2541 2459 sicut
2569 2402 2781 2464 Petrus,
2828 2400 3027 2458 Christi
3074 2399 3462 2468 discipulorum
3496 2403 3767 2466 praestan—

2214 2498 2436 2551 tissima:
2466 2494 2716 2565 primitiae
2773 2508 2834 2547 ac
2868 2492 3082 2548 coronis
3114 2508 3128 2544 :
3169 2501 3331 2559 atque
3362 2488 3615 2542 universe
3646 2485 3766 2541 dei—

2215 2588 2401 2641 formis
2456 2585 2629 2642 omnis
2687 2584 3063 2654 apostolorum
3115 2581 3491 2645 chorus,tota
3528 2576 3769 2646 primum

2214 2674 2522 2737 sinceritate
2620 2672 3016 2726 divinissimum
3093 2681 3409 2735 summeque
3468 2664 3771 2736 principem

2211 2765 2395 2820 Jesum
2447 2765 2728 2827 assectati,
2763 2762 2992 2831 ﬁdeique
3024 2762 3282 2814 doctrinae
3334 2766 3596 2812 navantes
3632 2768 3769 2835 ope—

2213 2873 2351 2922 ram,
2383 2857 2524 2910 omni
2561 2855 2775 2925 quidem
2812 2852 2976 2905 animi
3032 2851 3243 2905 macula
3298 2847 3769 2917 abstergebantur,

549 2950 942 3002 contrariorum
978 2950 1233 3005 mistione
1286 2967 1451 3006 unum
1482 2954 1747 3021 quoddam
1801 2956 1994 3007 animal
2023 2971 2106 3008 ar-

2215 2948 2471 3015 omnique
2497 2945 2692 2999 divinae
2721 2943 2961 2997 scientia:
2984 2941 3108 2994 luce
3160 2939 3535 3008 replebantur;
3587 2931 3767 3005 perfe-

549 3041 690 3093 tilice
718 3041 922 3093 ratione
949 3043 1325 3109 compegisse;
1367 3042 1629 3110 ejusmodi
1660 3045 1883 3109 scilicet,
1912 3056 1969 3097 ut
1994 3056 2103 3099 tum

546 3145 673 3183 caro
712 3130 959 3193 exsistat,
996 3139 1251 3199 tanquam
1284 3148 1349 3185 ex
1403 3135 1625 3187 materia
1662 3150 1690 3187 e
1721 3143 1863 3189 terra
1899 3136 2104 3190 forma-

545 3228 659 3273 tum
688 3236 700 3283 ;
728 3232 946 3287 tumque
979 3219 1224 3289 spiritus,
1275 3230 1527 3289 tauquam
1587 3222 1899 3288 insuﬂlatio,
1946 3234 2106 3293 atque

548 3310 669 3378 ejus
719 3310 1018 3363 similitudo
1053 3311 1143 3379 qui
1199 3311 1271 3363 illi
1319 3311 1628 3367 insutﬁarit.
1683 3314 1875 3377 Porro,
1936 3323 2103 3369 totum

546 3410 858 3453 concretum
900 3392 1025 3475 hoc,
1077 3401 1352 3454 hominem
1409 3405 1700 3471 exstitisse,
1742 3408 1937 3460 mentis
1986 3424 2105 3461 sen-

543 3503 746 3556 susque
787 3498 1125 3557 compotem;
1170 3498 1226 3542 ut
1253 3505 1414 3544 sensu
1463 3492 1703 3559 quidem,
1739 3495 1805 3548 iis
1840 3510 1958 3562 qua:
1982 3511 2107 3550 sen-

545 3579 666 3631 silia
689 3586 815 3633 sunt
842 3616 857 3639 ,
900 3589 1078 3633 mente
1117 3595 1265 3645 vero,
1318 3581 1401 3635 his
1432 3596 1551 3650 qua:
1611 3570 1940 3639 iutellectilia
1986 3595 2105 3641 tan-

543 3682 709 3738 quam
744 3657 1103 3724 iamiliaribus
1138 3681 1544 3725 consuesceret.

613 3756 786 3823 Hunc,
830 3767 889 3812 ut
907 3759 1075 3813 sacris
1100 3761 1365 3828 proditum
1396 3761 1612 3818 Litteris
1633 3774 1735 3830 est,
1766 3766 1818 3819 in
1852 3768 2103 3836 paradiso

544 3848 866 3904 collocatum
930 3865 1053 3904 esse
1109 3846 1491 3907 immortalium
1537 3856 1865 3925 plantarum,
1902 3860 1952 3912 id
1998 3870 2100 3925 est,

544 3940 851 3993 divinorum
933 3956 1214 3996 sensorum
1309 3955 1661 4013 spectatorem
1714 3966 1728 4001 :
1788 3950 2101 4019 nequissimi

546 4041 675 4079 vero
727 4028 995 4095 serpentis
1044 4029 1289 4084 consiliis
1333 4033 1638 4097 seductum,
1672 4051 1736 4089 ac
1766 4041 2101 4095 cum‘minus

545 4117 806 4169 hactenus
840 4132 1132 4187 congruam
1167 4109 1477 4189 importune
1534 4125 1954 4193 speculationem
1980 4131 2102 4183 atti-

543 4208 729 4275 gisset,
752 4216 864 4261 tum
905 4211 971 4263 ab
1008 4210 1126 4278 ipso
1152 4212 1451 4278 conditore,
1482 4221 1595 4267 tum
1631 4231 1660 4269 a
1690 4220 1943 4285 paradiso
1985 4238 2086 4276 vo—

545 4301 762 4368 luptatis
792 4310 1071 4356 exturrcm
1109 4304 1305 4357 merito
1329 4304 1558 4373 ejectum
1594 4322 1731 4364 esse.
1771 4310 1898 4366 Inde
1942 4314 2102 4367 vitam
2138 4298 2179 4351 D

544 4391 702 4444 nullis
728 4392 1007 4445 molestam
1037 4394 1335 4459 laboribus,
1355 4405 1614 4467 extraque
1641 4400 1884 4456 interitus
1907 4405 2100 4471 aleam,

541 4478 852 4542 sudoribus,
907 4494 971 4533 ac
1012 4480 1319 4544 laboribus,
1366 4493 1649 4553 morteque
1712 4500 2097 4543 commutasse.

543 4566 669 4619 Inde
734 4582 1004 4631 sermone,
1069 4568 1206 4637 lege,
1252 4568 1547 4637 judicibus,
1614 4576 1911 4642 prophetis,
1952 4581 2101 4633 omni

519 4656 733 4731 :generc
761 4658 1165 4720 beneliciorum,
1192 4659 1449 4729 omnique
1479 4661 1814 4733 ﬂagellorum
1858 4668 2097 4735 periculo

517 4736 525 4772 "
541 4746 915 4812 ferocientem,
950 4750 1147 4818 vixque
1178 4752 1535 4817 tractabilem,
1589 4756 1721 4823 quin
1754 4757 2095 4828 desperatum

540 4837 785 4901 omnino,
829 4854 893 4892 ac
959 4838 1333 4905 insanabilem,
1366 4857 1431 4896 eo
1475 4844 1765 4908 adductus,
1824 4857 1883 4901 ut
1920 4849 2095 4917 primo

544 4928 1051 4997 indigeretauxilio,
1108 4945 1468 5001 supremoque
1496 4936 1769 4991 curandus
1835 4948 1977 4993 esset
2016 4955 2098 4996 ree

536 5020 735 5089 medio.
766 5018 823 5071 lu
864 5034 927 5073 eo
964 5020 1091 5073 illud
1118 5025 1375 5090 positum,
1410 5033 1469 5077 ut
1503 5025 1616 5093 ipse
1648 5027 1786 5080 Deus
1836 5026 2089 5093 Verbum,

536 5107 719 5161 carnis
757 5123 971 5176 expers,
997 5110 1177 5164 carnis
1204 5126 1330 5180 ergo
1360 5128 1424 5165 ex
1453 5114 1706 5181 virgineis
1739 5117 2093 5184 sanguinibus

542 5211 762 5252 carnem
817 5198 1101 5265 indueret;
1138 5202 1441 5271 animmque
1504 5204 1818 5273 intelligenti
1879 5219 2095 5278 propter

539 5287 777 5342 animam
837 5291 1330 5357 commiscere-tur;
1383 5308 1445 5344 ac
1502 5311 1605 5363 qua
1648 5296 1863 5351 demum
1924 5311 2095 5358 morte

606 5432 648 5463 “
680 5430 850 5485 ICor.
886 5448 964 5493 ιιι,
1000 5433 1085 5484 l7.
1164 5433 1204 5460 "
1235 5432 1350 5485 Jac.
1380 5449 1415 5498 ι,
1445 5435 1527 5487 18.

601 5546 679 5617 (6)
718 5546 867 5601 Orat.
902 5550 969 5599 58
997 5558 1048 5601 et
1088 5552 1173 5603 42.

1606 5440 1651 5469 ⁸³
1682 5437 1696 5490 Ι
1727 5438 1850 5495 Cor.
1884 5456 1970 5508 κν,
2001 5445 2086 5499 59.

2218 3039 2387 3090 ctiore
2415 3043 2591 3088 autem
2621 3044 2800 3100 postea
2822 3031 3054 3100 Spiritus
3083 3028 3311 3081 adventu
3340 3026 3605 3091 exhibito,
3628 3026 3764 3080 ube-

2214 3127 2519 3193 rioremque
2542 3123 2844 3177 divinorum
2868 3122 2916 3173 in
2946 3136 3037 3175 eos
3065 3119 3337 3173 amatuum
3366 3118 3768 3195 ‘donorumque

2214 3215 2679 3285 participationem
2761 3213 2931 3274 nacti,
2994 3214 3179 3280 sicque
3240 3209 3511 3269 instructi,
3558 3204 3768 3261 cunctis

2212 3306 2567 3373 sospitatores'
2593 3304 2844 3373 gentibus
2877 3301 3230 3357 mittebantur
3261 3318 3274 3355 :
3302 3300 3442 3354 haud
3476 3297 3767 3354 secusvhic

2212 3411 2425 3465 quoque
2483 3411 2606 3457 cum
2664 3395 2888 3450 Domino
2947 3393 3152 3464 Spiritu
3180 3392 3222 3424 “
3249 3406 3473 3446 accensa
3528 3389 3764 3459 primum

2211 3492 2314 3545 ﬁde
2346 3492 2483 3545 inter
2500 3490 2812 3545 solitudinis
2831 3489 3043 3544 silentia
3069 3483 3333 3552 versatus,
3363 3502 3426 3539 ac
3442 3499 3562 3559 cum
3584 3484 3765 3539 scien-

2213 3584 2298 3638 tiae
2318 3582 2720 3647 .cultor,‘etiam
2748 3580 3188 3655 contempla‘tioni
3216 3593 3433 3655 operam
3468 3576 3761 3646 posuisset,

2210 3689 2533 3743 omnemque
2560 3687 2783 3742 prorsus
2822 3673 2935 3725 vitii
2970 3654 3141 3725 labem
3165 3654 3405 3741 cluisset,
3436 3683 3501 3720 ac
3527 3665 3764 3727 divinam

2210 3778 2426 3818 omnem
2465 3761 2877 3817 illustrationem
2905 3769 3227 3816 consecutus
3248 3768 3410 3821 esset,
3446 3753 3764 3826 pet-tectiore

2208 3855 2424 3909 demum
2462 3854 2700 3923 Spiritus
2750 3851 2950 3915 aﬂlatu,
2990 3851 3068 3906 sic
3120 3850 3435 3919 operatione
3480 3840 3759 3907 donatus,

2208 3956 2369 4015 atque
2398 3947 2499 4010 ita,
2536 3946 2687 4014 juxta
2724 3929 2903 3998 divum
2940 3941 3221 4005 Jacohum,
3249 3936 3497 3994 Sermone
3525 3934 3762 3990 veritatis

2211 4038 2445 4106 genitus,
2479 4039 2593 4107 ipse
2623 4049 2836 4107 quoque
2871 4036 3087 4088 illorum
3134 4048 3284 4093 more
3336 4030 3586 4100 primitia:
3612 4040 3761 4096 qua-

2208 4132 2330 4184 dam
2372 4140 2742 4184 creaturarum
2780 4129 2895 4192 Dei,
2936 4128 3134 4181 missus
3158 4134 3240 4179 est
3259 4126 3325 4177 τ’.

2285 4220 2387 4286 Qui
2442 4221 2647 4288 primus
2690 4220 2851 4272 homo
2881 4217 3133 4271 conditus
3167 4225 3247 4269 est
3272 4255 3286 4279 ,
3328 4212 3421 4267 Dei
3457 4209 3711 4279 imaginis
3736 4250 3754 4275 ,

2208 4319 2370 4380 atque
2403 4309 2637 4364 dextera:
2666 4309 2914 4378 gloriam,
2947 4323 3010 4380 ac
3039 4306 3270 4375 paradisi
3300 4310 3626 4358 consecutus
3658 4301 3759 4354 de-

2208 4404 2381 4467 licias,
2403 4403 2545 4472 quod
2569 4418 2662 4472 per
2690 4403 2868 4456 carnis
2890 4401 3185 4462 libidinem,
3216 4399 3342 4460 vita,
3369 4411 3488 4465 qua:
3520 4395 3573 4448 in
3597 4394 3753 4462 spiri-

2210 4504 2264 4548 tu
2304 4504 2405 4558 est,
2438 4495 2719 4569 exciderit,
2748 4493 2980 4547 carnalis
3007 4502 3157 4544 ortus
3203 4505 3406 4557 auspex
3461 4496 3756 4556 auctorque

2209 4582 2518 4639 hominibus
2537 4585 2741 4639 exstitit
2769 4602 2783 4648 ;
2816 4585 3034 4652 vitaque
3092 4581 3332 4651 angelica
3384 4594 3447 4633 ac
3482 4577 3618 4631 nulli
3660 4575 3756 4631 ob-

2206 4675 2366 4728 noxia
2399 4674 2639 4728 iuteritui
2687 4689 2781 4742 per
2832 4671 3138 4727 socordiam
3175 4670 3376 4723 amissa
3434 4676 3593 4735 atque
3629 4679 3753 4733 pro-

2202 4766 2365 4835 jecta,
2424 4766 2544 4832 ejus
2588 4748 2708 4833 qua:
2758 4764 3038 4818 aﬁ‘ectibus
3099 4754 3401 4830 mortisque
3460 4756 3752 4813 iuteritioni

2200 4846 2417 4930 addicto
2451 4865 2553 4917 est.
2594 4871 2788 4923 parens
2827 4855 3073 4908 inaudiit.
3131 4854 3200 4907 At
3246 4852 3561 4922 Gregorius,
3600 4850 3749 4920 primi

2203 4948 2425 5016 quidem
2466 4954 2628 5016 atque
2677 4949 2874 5001 terreni
2936 4948 3083 5016 prius
3117 4955 3333 5016 gestans
3386 4943 3671 5011 imaginem
3706 4943 3751 4975 ⁸³

2202 5041 2426 5107 (etenim
2452 5042 2613 5093 homo
2638 5042 2797 5110 erat),
2830 5052 3050 5109 tumque
3078 5053 3142 5093 eo
3172 5038 3440 5100 abdicato,
3458 5036 3749 5090 secundum

2201 5142 2387 5201 postea
2427 5140 2585 5199 atque
2605 5133 2877 5186 etnlestem
2906 5131 3168 5185 Adamum
3204 5130 3459 5194 inducns;
3486 5136 3749 5197 natusque

2204 5234 2367 5292 atque
2395 5222 2667 5291 perfectus
2722 5224 3019 5280 secundum
3054 5221 3172 5291 ejus
3213 5222 3501 5292 imaginem
3536 5220 3749 5289 (quippe

2201 5312 2547 5384 praestantior
2591 5315 2831 5387 homine)
2890 5318 3100 5371 initium
3152 5315 3425 5385 quoddam
3479 5327 3543 5369 ae
3601 5311 3748 5367 radix
