3924 6312
225 313 325 379 £53

956 304 1238 368 ORATIO
1275 304 1404 365 XX.
1434 326 1500 338 --
1529 300 1608 399 IN
1650 289 1961 363 LAUDEM
1998 299 2061 362 S.
2100 294 2479 359 GREGORII
2502 240 2775 357 TIlEOL.

3389 294 3496 362 45!

228 428 488 502 spiritalis
516 424 1069 489 nativitatis,ra:tatis
1116 436 1229 484 sua:
1268 416 1580 473 hominibus
1628 430 1798 487 appa-
1830 424 1876 479 Α
1904 413 2307 472 Nazianzenam
2369 410 2554 467 sedem
2611 405 2906 485 regendam
2958 408 3336 486 suscepisset,
3391 430 3493 470 an-

229 514 361 578 ruit.
400 518 558 575 Verbi
593 518 740 573 enim
806 515 1154 587 Spiritusquc
1193 511 1456 582 potentia,
1488 524 1587 564 ceu
1619 509 1803 564 incon-

232 615 550 669 taminatam
581 618 880 666 sementem
933 604 1149 677 pietatis
1181 607 1439 681 rverbum
1479 610 1803 656 cunctorum

232 705 487 760 cordibus
519 704 1002 763 disseminaus;ac
1032 696 1178 750 velut
1207 695 1503 762 imbribus,
1525 692 1808 749 continuis

234 797 362 853 illud
403 776 752 852 sermonibus
790 807 853 845 ac
886 787 1179 859 colloquiis
1237 789 1485 842 nutriens
1542 800 1815 841 consunt-.

236 904 518 960 meusque,
556 898 718 956 atque
746 884 811 939 ad
846 896 1155 937 mensuram
1178 880 1457 950 ‘spiritalis
1487 878 1663 934 atatis
1684 891 1812 947 pro—

237 980 470 1046 vebeus;
505 980 743 1049 primum
776 973 1022 1044 quidem,
1054 986 1247 1026 eorum
1274 970 1550 1039 quicarue
1578 969 1805 1039 genuis-

235 1080 375 1133 sent.
438 1070 632 1139 spiritu
673 1065 917 1121 efﬁcitur
950 1060 1516 1139 par-ensteximquue
1552 1060 1713 1114 etiam
1742 1058 1809 1113 ad

234 1136 546 1222 extraneos,
579 1158 783 1213 mentis
811 1156 975 1220 hanc,
997 1136 1536 1224 pulcherrimamque
1564 1152 1813 1222 adoptio-

237 1268 362 1307 nem
392 1265 556 1320 supra
587 1247 808 1303 modum
842 1262 906 1305 ac
942 1245 1209 1301 latissime
1239 1240 1494 1312 proferta

208 1410 213 1415 l
307 1342 431 1412 lpse
458 1349 642 1409 autem
702 1341 968 1409 seipsum,
1031 1336 1178 1391 omni
1228 1336 1455 1405 dignum
1499 1332 1814 1399 miaculo,

238 1450 300 1489 ac
321 1436 480 1505 longe
508 1432 815 1487 absolutum
842 1429 1063 1484 virtutis
1086 1427 1367 1496 exemplar
1391 1424 1818 1496 proponens(7),

242 1528 476 1597 primunt
510 1524 729 1594 quidem
781 1538 896 1577 sua:
941 1522 993 1573 in
1042 1519 1275 1577 Pontum
1320 1518 1461 1587 luga
1493 1515 1847 1585 manifestas,

238 1633 513 1681 excusans
564 1616 723 1670 all‘ert
756 1613 1047 1668 rationes:
1106 1610 1251 1682 quod
1310 1624 1506 1679 nempe
1561 1607 1823 1677 praeclaro

1907 509 2101 579 nisque
2140 506 2341 578 gravis,
2379 519 2443 560 ac
2471 520 2699 577 corpore
2730 508 2936 565 morbis
2971 510 3193 575 attrito,
3229 505 3499 563 Ecclesiae

1908 609 2060 656 rerto
2090 598 2186 657 Dei
2223 597 2457 652 consilio
2500 588 2742 669 molestis
2795 602 2982 668 rebus,
3007 616 3102 656 seu
3152 599 3497 670 inaequalita-

1909 693 2057 747 tibus
2094 689 2335 746 ferendis
2394 690 2570 760 impar
2616 702 2785 757 esset,
2816 692 3119 764 Gregorius
3169 692 3247 747 illi
3298 700 3499 749 cuncta

1908 794 2045 847 erat,
2095 782 2400 840 senectutis
2432 784 2680 846 baculus.
2713 787 3031 842 morborum
3065 785 3300 850 curatio.
3327 784 3499 841 adifi-

1911 875 2052 930 catio
2076 874 2349 943 corporis.
2376 874 2543 928 animi
2578 875 2819 945 requies,
2854 877 3099 932 solamen
3134 872 3398 947 spiritus;
3434 889 3500 932 ac

1912 968 2057 1038 quod
2090 965 2437 1037 potissimum
2460 967 2731 1031 omnium,
2753 983 3010 1029 sensuum
3035 970 3204 1024 animi
3228 967 3498 1035 custodia,

1912 1076 1977 1117 ac
2006 1074 2285 1116 succussu:
2318 1058 2439 1133 fidei
2473 1059 2804 1114 emendatio.

1987 1153 2199 1209 Etenim
2236 1144 2515 1224 ejusmodi
2545 1151 2756 1222 aliquid
2778 1152 2898 1222 ejus
2933 1153 3235 1210 rationibus
3276 1152 3499 1211 accidit.

1915 1244 2053 1313 Quia
2092 1246 2239 1303 enim
2270 1245 2602 1300 Arianorum
2638 1227 2795 1299 furor
2832 1260 3053 1301 omnem
3109 1250 3503 1317 propemodum

1919 1348 2187 1395 terrarum
2262 1340 2454 1397 orbem
2529 1347 2882 1409 pervaserat;
2940 1354 3190 1411 novaque
3246 1340 3508 1397 adversus

1919 1429 2205 1487 Trinitatis
2229 1419 2595 1501 aequalitatem
2630 1415 2907 1495 doctrina,
2940 1445 3040 1486 ceu
3077 1432 3195 1486 lues
3223 1431 3509 1500 quaedam,

1923 1523 2038 1578 sive
2088 1539 2445 1594 grangra:na,-
2464 1540 2561 1595 per
2610 1539 2805 1580 omnes
2858 1517 3189 1594 pro'vincias.
3236 1524 3513 1595 url:esque

1925 1615 2299 1683 grassabatur,
2355 1631 2419 1678 ac
2474 1626 2589 1671 tum
2651 1618 3027 1687 imperatores,
3065 1625 3179 1669 tum
3236 1615 3512 1687 principes

242 1709 558 1764 solitudinis
600 1707 811 1767 amatus
842 1720 1047 1770 amore,
1088 1717 1448 1773 superumque
1473 1699 1826 1785 philosophiae
1928 1722 2291 1777 proceresque
2322 1724 2385 1767 ac
2411 1712 2661 1779 populos,
2702 1710 2834 1779 quin
2891 1710 3056 1764 etiam
3088 1708 3254 1778 (quod
3294 1707 3512 1764 dic-issi-

244 1802 539 1857 instinctus
567 1800 867 1866 desiderio,
891 1799 1132 1852 urbanos
1160 1795 1427 1849 tumultus
1448 1794 1823 1859 declinaverit;
1864 1786 1902 1839 Β
1933 1813 2081 1852 mum
2111 1800 2377 1868 omnium)
2397 1802 2567 1856 malos
2592 1800 2853 1871 prmsules
2885 1802 2985 1855 sibi
3021 1798 3336 1869 addixerat;
3370 1813 3514 1872 quos

246 1902 306 1947 ut
334 1908 396 1971 se
431 1892 690 1946 nimirum
725 1891 779 1945 in
804 1907 892 1955 ea,
923 1900 1185 1960 tanquam
1211 1888 1437 1958 speculo
1468 1886 1823 1950 nitidissima,

245 1977 676 2057 contemplatus,
717 1999 803 2052 ac,
840 1997 1006 2053 quam
1034 1983 1187 2052 prius
1231 1996 1325 2051 per
1358 1980 1624 2051 Spiritum
1656 1977 1829 2033 divini

249 2077 548 2133 sacerdotii
623 2075 933 2131 unctionem
1017 2081 1213 2129 nactus
1279 2080 1441 2138 erat,
1506 2069 1831 2141 perfectiore

247 2168 645 2238 emundalione
668 2168 984 2237 obsignans,
1017 2173 1305 2234 ratamque
1335 2163 1442 2218 sibi
1501 2178 1567 2216 ac
1613 2161 1828 2216 ﬁrmam

248 2261 419 2315 divini
461 2260 591 2315 doni
619 2260 1020 2328 possessionem
1049 2266 1314 2329 praestans
1336 2298 1353 2322 ,
1384 2254 1466 2309 sic
1488 2268 1625 2324 pure
1650 2254 1832 2326 puris-

252 2355 393 2409 simo
426 2353 503 2406 nti
539 2362 753 2421 posset,
784 2366 848 2405 ac
869 2351 917 2404 ei
952 2362 1337 2404 consuescere.
1370 2345 1508 2419 Τμιῃ
1533 2344 1832 2422 sacerdotis

248 2443 489 2500 ostendit
527 2442 871 2509 dignitatem,
939 2454 1002 2493 ac
1029 2438 1246 2507 qualem
1279 2440 1685 2506 cumoporteat
1711 2450 1834 2491 esse

253 2536 352 2607 qui
398 2536 452 2589 in
503 2534 820 2603 episcopum
858 2526 1238 2600 praeﬁciendus
1298 2515 1414 2583 sit‘:
1445 2527 1647 2598 quibus
1704 2528 1831 2582 item

253 2626 568 2684 rationibus
600 2638 837 2694 praeesse
875 2638 999 2678 eum
1032 2630 1281 2692 oporteat
1306 2624 1456 2693 gregi
1505 2622 1678 2676 utenti
1735 2630 1837 2677 ra-

256 2718 427 2791 tione,
460 2714 827 2787 pulcherrime
873 2727 1197 2781 summaque
1213 2712 1555 2783 philosophia
1584 2727 1840 2767 sermone

254 2808 385 2863 aliis
421 2810 659 2871 tradens,
699 2805 814 2882 ipse
848 2802 1140 2867 oneribus,
1170 2802 1611 2872 clarissimisque
1642 2810 1832 2857 certa-

254 2901 507 2955 minibus
529 2897 821 2968 implendo,
855 2895 1015 2949 [idem
1051 2894 1225 2949 verh’s
1261 2894 1515 2948 addebat.

331 2991 597 3058 Quaenam
624 2990 785 3059 igitur
818 2986 1019 3055 opera?
1046 2999 1110 3039 ac
1143 2986 1426 3040 videamus
1458 3001 1584 3039 nam
1620 2984 1837 3055 plurimi

257 3101 325 3143 ea
361 3084 615 3140 facienda
680 3096 743 3135 ac
773 3077 1199 3149 praemagniﬁca.
1227 3076 1292 3130 Et
1319 3077 1449 3147 quid
1476 3077 1838 3149 enumquam

258 3175 532 3245 Theologi
581 3144 783 3228 animo?
824 3186 887 3225 ac
935 3144 1038 3224 ﬁde
1089 3168 1287 3239 digna?
1337 3144 1580 3222 Primum
1623 3144 1840 3237 q’uidem
1876 3144 1919 3202 (δ

258 3267 532 3337 templum
577 3271 771 3319 ornatu
820 3270 1111 3316 venustum
1166 3275 1231 3315 ac
1282 3260 1423 3314 mole
1482 3252 1674 3329 ingens
1726 3261 1845 3329 ejus

261 3338 581 3427 cura'atqne
600 3354 874 3424 diligentia
894 3351 1190 3406 excitatum
1216 3349 1315 3421 (8),
1338 3351 1594 3419 velutque
1619 3350 1763 3403 aliud
1794 3351 1847 3403 in

265 3460 421 3505 terra
455 3448 652 3502 caelum
684 3448 735 3498 iu
764 3445 918 3499 caelis
940 3442 1205 3498 habitanti
1232 3438 1848 3511 palam‘consecramm.

263 3540 475 3595 Verum
503 3539 580 3600 id,
610 3553 723 3607 prze
749 3536 813 3590 iis
843 3550 962 3605 quae
989 3534 1108 3603 ejus
1129 3541 1276 3599 sunt,
1311 3533 1492 3585 minus
1522 3530 1586 3585 ad
1617 3531 1853 3584 miracu-

267 3628 414 3683 lum.
452 3626 555 3693 Qui
588 3626 734 3681 enim
774 3625 888 3693 ipse
924 3638 982 3676 se
1018 3621 1279 3690 templum
1334 3618 1444 3672 Deo
1495 3619 1720 3687 dignum
1770 3627 1854 3670 at-

268 3736 385 3793 que
418 3727 710 3790 augustum
744 3717 1007 3769 virtutum
1062 3713 1215 3767 cultu
1268 3719 1660 3781 exstruxerat,
1712 3710 1850 3780 quid

273 3817 481 3871 mirum
515 3805 808 3885 plurimam
842 3809 984 3882 patri
1041 3822 1262 3877 Operam
1298 3805 1600 3862 contulisse
1625 3843 1641 3870 ,
1673 3814 1732 3859 ut
1785 3819 1853 3859 ex

268 3906 551 3979 lapidibus
580 3919 794 3960 sacram
835 3916 953 3956 eam
982 3901 1149 3962 aedem
1175 3896 1517 3953 aidilicaret?‘
1543 3966 1547 3968 _

350 4000 559 4055 Deinde
595 4006 883 4067 parentum
926 3996 1160 4049 honores
1206 4011 1220 4047 :
1273 3992 1364 4062 qui
1420 4005 1613 4060 nempe
1652 3989 1856 4050 verbis,

275 4093 378 4164 qui
407 4092 521 4160 ipsa
550 4086 843 4160 praestandi
880 4100 969 4139 re:
1003 4083 1331 4154 pupillorum
1362 4079 1860 4145 tntamina,vidua-

275 4197 411 4241 rum
444 4179 715 4251 praesidia,
750 4190 1049 4247 pauperum
1082 4172 1412 4247 patrocinia,
1450 4185 1664 4235 senum,
1689 4184 1858 4239 aegro-

276 4283 493 4337 torum,
524 4270 895 4325 mendicorum
920 4265 1192 4335 hospitia;
1239 4272 1350 4317 tum
1380 4278 1501 4332 qua:
1551 4263 1700 4316 solus
1744 4261 1859 4329 ipse

281 4381 348 4421 ac
413 4364 643 4420 seorsim
705 4360 978 4417 exstruxit
1031 4358 1085 4412 in
1136 4356 1343 4427 patria;
1402 4363 1517 4408 tum
1544 4353 1737 4422 quibus
1768 4367 1860 4406 ex-

279 4457 570 4514 struendis
599 4454 803 4510 sociam
846 4465 1069 4506 manum
1104 4448 1334 4504 contulit
1379 4445 1555 4499 amico
1588 4460 1652 4499 ac
1684 4443 1859 4498 sodali

280 4550 532 4617 Basilio;
564 4563 663 4602 nee
689 4547 821 4602 solis
844 4544 1099 4614 Operibus
1123 4555 1245 4606 quae
1270 4556 1367 4594 sua
1413 4545 1570 4594 erant
1612 4536 1863 4591 fovendis

284 4646 405 4713 ipse
432 4639 751 4696 conferebat
776 4679 789 4701 ,
830 4636 922 4690 sed
964 4644 1019 4688 et
1052 4634 1231 4687 verbis
1246 4632 1500 4686 eximiam
1530 4630 1865 4683 adhortatio-

284 4735 376 4789 nis
415 4734 527 4786 vim
561 4717 920 4789 habentibus;
945 4740 1107 4780 saxea
1140 4724 1255 4799 ipsa
1304 4734 1518 4791 pectora
1554 4720 1617 4773 ad
1648 4734 1856 4789 paupe-

288 4840 418 4882 rum
488 4837 554 4876 ac
586 4820 956 4874 mendicormn
989 4829 1231 4868 amorem
1261 4812 1584 4867 suscitabat.

357 4918 445 4971 Ac
502 4912 720 4984 quidem
775 4924 902 4979 erga
957 4905 1306 4961 adversarios
1355 4903 1520 4956 rebus
1560 4916 1625 4956 ac
1684 4901 1869 4959 verbis

291 5006 574 5065 contraria
646 5003 861 5069 studia;
918 5014 1044 5068 erga
1099 5006 1279 5052 autem
1339 4993 1672 5048 domesticos
1743 4992 1869 5047 ﬁdei

292 5099 715 5171 opitulationes,
738 5091 1195 5165 gubernationes,
1230 5102 1336 5140 non
1377 5095 1483 5138 tam
1520 5086 1584 5139 ad
1624 5100 1822 5160 corpus
1854 5123 1871 5149 ,

293 5206 466 5261 quam
498 5190 564 5245 ad
595 5189 838 5241 animum
866 5190 1173 5255 spectantes
1206 5180 1273 5246 “,
1297 5194 1421 5234 cum
1454 5178 1573 5247 ejus
1630 5177 1874 5260 doctrina

304 5298 370 5339 ac
442 5282 557 5351 lege
598 5279 784 5334 cuncti
818 5278 1252 5347 gubernarentur
1309 5286 1372 5324 ac
1419 5254 1866 5339 pascerentur“.

302 5374 440 5430 Nam
460 5372 703 5429 Caesario
722 5371 889 5424 fratre
909 5371 1020 5438 jam
1054 5365 1193 5423 vivis
1224 5371 1499 5432 exempto,
1544 5375 1669 5415 cum
1706 5370 1869 5430 pater

370 5506 417 5538 “
454 5509 573 5566 Gal.
605 5523 686 5570 vl,
713 5504 767 5559 8.
843 5504 887 5537 "
917 5502 937 5557 ι
966 5504 1091 5561 Cor.
1118 5477 1216 5569 xu,
1245 5501 1337 5558 28.
1415 5502 1459 5532 “
1489 5498 1635 5555 Psal.
1665 5484 1833 5565 Lxxn,
1874 5497 1924 5552 8.

382 5655 462 5725 (7)
492 5654 542 5725 Id
570 5663 744 5725 totum
774 5648 997 5725 orat_._l_.

382 5717 464 5795 (8)
490 5722 639 5779 Orat.
672 5721 761 5788 l9,
798 5736 850 5790 ι).
882 5717 1003 5773 315.

1934 1891 2018 1942 vel
2048 1904 2263 1956 eorum,
2289 1893 2379 1960 qui
2407 1906 2587 1946 rerum
2620 1890 2783 1960 potiri
2805 1890 3149 1955 videbantur,
3178 1900 3355 1947 metus
3379 1890 3517 1960 dejic

1935 1994 2105 2051 ceret,
2148 1986 2230 2039 vel
2259 1982 2423 2055 (quod
2462 1986 2837 2058 mitissimum)
2918 1986 3221 2057 ignorantia
3281 1985 3514 2042 falleret.

1936 2076 2165 2142 Quando
2195 2075 2404 2130 scilicet
2434 2076 2616 2131 videre
2646 2085 2765 2131 erat
2799 2076 2945 2132 dirui
2987 2078 3279 2141 ecclesias,
3315 2076 3519 2146 templa

1937 2152 2153 2231 ablata,‘
2172 2166 2462 2221 cruoribus
2488 2154 2725 2233 foedata,
2758 2181 3026 2238 sacraque
3053 2167 3308 2237 spoliata,
3331 2176 3521 2221 sancta

1936 2260 2165 2331 polluta,
2211 2270 2399 2328 atque,
2434 2267 2493 2313 ut
2534 2259 2886 2328 proverbium
2934 2268 3052 2323 est,
3080 2257 3248 2314 illotis
3294 2257 3524 2329 pedibus

1940 2352 2180 2423 projecta
2236 2365 2299 2405 ac
2331 2340 2675 2418 conculcata.
2730 2349 2966 2417 Quando
2997 2350 3092 2423 qui
3134 2365 3283 2407 sanae
3336 2359 3524 2406 rectas-

1940 2458 2047 2511 que
2072 2442 2190 2497 ﬁdei
2221 2449 2545 2505 assertores,
2574 2455 2639 2495 ac
2667 2440 2887 2511 pietatis
2924 2441 3163 2495 cultores
3197 2439 3251 2493 in
3277 2436 3523 2493 Ecilesia

1939 2542 2097 2590 erant
2125 2532 2390 2603 universi,
2420 2533 2534 2588 suis
2564 2534 2805 2602 ipsorum
2834 2534 3065 2603 turp'ter
3090 2530 3524 2600 expellebantur,

1942 2626 2115 2680 ae-vel
2147 2624 2460 2681 carceribus
2492 2620 2744 2693 publicis,
2774 2624 2854 2678 vel
2878 2622 3203 2693 gravissima
3237 2619 3401 2684 fame,
3431 2628 3529 2675 aut

1945 2717 2228 2787 acerrimis
2266 2716 2614 2780 verberibus,
2649 2723 2745 2769 aut
2786 2715 2947 2782 longe
2977 2714 3228 2784 plurimis
3252 2711 3530 2779 variisque

1946 2810 2121 2881 plagis
2169 2823 2234 2874 ac
2263 2807 2783 2870 dehonestamentis,
2826 2815 2921 2860 aut
2948 2805 3262 2859 durissimis
3292 2801 3530 2873 exsiliis,

1946 2911 2042 2956 aut
2079 2900 2463 2965 amarissimis,
2504 2909 2563 2953 ut
2590 2899 2761 2954 verbo
2788 2897 2989 2960 dicam,
3023 2895 3416 2951 cruciamentis
3468 2907 3533 2948 ac

1949 2994 2214 3048 molestiis
2270 2988 2487 3057 tentati,
2539 3000 2783 3047 extrema
2843 2977 3064 3044 adibant
3117 2986 3391 3059 pericula,
3427 2986 3534 3043 nisi

1950 3086 2216 3157 impietati
2277 3101 2563 3161 assensum
2622 3087 2954 3154 prmberent:
3008 3095 3173 3152 atque
3222 3083 3259 3137 ii
3309 3082 3533 3153 quidem

1952 3186 2145 3246 sponte
2177 3175 2403 3231 urbibus
2448 3175 2848 3243 demigrantes,
2879 3176 3207 3243 desertaque
3247 3188 3312 3228 ac
3339 3174 3534 3229 soliti-

1950 3268 2108 3322 dines
2152 3268 2293 3321 ultro
2338 3275 2605 3336 petentes.
2647 3281 2772 3320 cum
2828 3265 3020 3321 bestiis
3056 3264 3266 3319 ratione
3300 3260 3538 3319 carenti-

1954 3360 2056 3413 bus
2086 3358 2326 3411 exerceri
2363 3358 2428 3411 ad
2470 3358 2725 3426 pietatem
2764 3356 3059 3419 malebant,
3098 3370 3260 3423 quam
3288 3353 3535 3409 habitare

1956 3464 2080 3505 eum
2130 3448 2196 3503 iis
2220 3448 2288 3513 “,
2312 3449 2405 3516 qui
2431 3448 2579 3516 loqui
2598 3448 2650 3499 in
2676 3447 2894 3501 excelso
2918 3445 3311 3513 blasphemiam
3337 3450 3539 3498 temere

1938 3540 2251 3596 audebant.
2320 3539 2601 3607 Quotquot
2676 3544 2857 3591 autem
2923 3534 3213 3589 contraria:
3266 3520 3541 3601 opinionis

1959 3642 2135 3699 erant,
2169 3646 2234 3686 ac
2281 3646 2340 3685 se
2390 3629 2655 3699 impietati
2704 3628 3046 3703 addixeram,
3087 3624 3347 3681 ecclesias
3400 3622 3543 3678 obti-

1960 3720 2179 3789 nentes:
2214 3739 2417 3793 easque
2451 3723 2597 3777 velut
2643 3736 2755 3776 suae
2788 3706 3031 3793 ipsorum
3088 3716 3258 3786 hujus
3289 3713 3545 3784 nequltia‘

1962 3817 2168 3870 munita
2213 3817 2462 3885 quaedam
2496 3814 2746 3884 praesidia
2778 3811 3178 3874 existimantes,
3210 3807 3334 3887 inde
3364 3806 3546 3867 incus

1961 3910 2053 3978 qui
2107 3909 2358 3978 pietatem
2420 3907 2597 3962 colere
2652 3904 2976 3961 statuissent
3030 3902 3543 3971 irrumpentes,eos

1965 4002 2373 4076 disperdebant.

2037 4092 2189 4149 Tune
2256 4094 2446 4163 plane,
2501 4103 2629 4145 tunc
2692 4104 2910 4159 quoque
2965 4086 3019 4143 in
3070 4084 3250 4156 magni
3296 4082 3543 4153 Gregorii

1967 4185 2223 4254 patriam.
2245 4184 2389 4237 velut
2419 4197 2682 4251 aquarum
2705 4181 3000 4233 vehemens
3021 4177 3256 4246 impetus
3273 4173 3548 4229 haereseos

1969 4274 2147 4329 scelus
2176 4272 2771 4341 erumpens,quotq‘uot
2793 4270 2936 4324 leves
2970 4268 3173 4322 invenit
3218 4281 3282 4320 ae
3316 4262 3545 4325 debiles.

1969 4365 2207 4435 abripuit
2265 4365 2455 4432 utique
2521 4378 2586 4416 ao
2634 4360 2888 4417 dissolvit
2937 4358 3047 4429 (ubi
3076 4368 3128 4411 et
3155 4365 3359 4427 patrem
3402 4352 3545 4408 fama

1972 4468 2077 4522 est,
2104 4458 2302 4511 mentis
2334 4454 2681 4525 simplicitate
2710 4453 2983 4518 delusum,
3028 4448 3247 4513 litteris,
3282 4462 3392 4501 non
3426 4445 3548 4500 ani-

1974 4562 2100 4611 mo,
2150 4536 2229 4597 ut'
2262 4543 2615 4614 nequissimis
2670 4557 2957 4597 assensum
3012 4539 3203 4607 daret,
3256 4536 3549 4592 adductum

1966 4652 2087 4692 8:38
2113 4635 2240 4709 [9]),
2264 4645 2533 4706 quotquot
2554 4648 2683 4689 vero
2714 4632 2957 4703 Gregorii
2988 4629 3269 4699 theologiae
3321 4642 3386 4682 ac
3429 4623 3550 4680 lidel

1968 4739 2133 4801 petrae
2184 4729 2341 4782 ﬁrmo
2386 4727 2742 4793 fundamento
2775 4724 3068 4788 haeserant,
3110 4720 3242 4774 nihil
3290 4717 3545 4772 haeretica

1968 4822 2021 4878 vi
2066 4834 2130 4875 ac
2181 4818 2379 4889 injuria
2408 4817 2717 4899 labefactati
2779 4816 3056 4883 emotique
3104 4814 3545 4882 permanserunt.

2029 4906 2283 4973 ﬁoemus
2336 4905 2521 4973 itaque
2577 4896 2730 4966 olim,
2759 4917 2882 4956 cum
2925 4914 3039 4954 suae
3080 4897 3254 4952 aetatis
3286 4896 3547 4949 scelerata

1974 5009 2130 5072 gente
2171 4998 2287 5068 ipse
2330 4997 2578 5053 criminis
2624 5004 2897 5064 expertem
2972 4983 3319 5047 communem
3386 4984 3549 5039 vitam

1974 5104 2173 5161 agens,
2230 5091 2444 5143 inventa
2480 5087 2650 5159 gratia
2682 5084 2819 5155 apud
2867 5082 3055 5146 Deum,
3094 5081 3337 5134 futurum
3380 5088 3551 5144 aqua-

1978 5194 2094 5231 rum
2113 5177 2307 5232 illuvie
2333 5176 2519 5229 mundi
2545 5176 2769 5229 docetur
2790 5171 3016 5225 exitium
3041 5186 3053 5221 :
3085 5168 3215 5235 quin
3244 5175 3297 5219 et
3328 5162 3550 5215 modum

1976 5261 2224 5333 docetur,
2258 5283 2369 5338 quo
2414 5283 2445 5321 a
2497 5266 2653 5320 malis
2702 5264 3014 5318 liberandus
3045 5259 3117 5313 sit
3146 5276 3157 5312 :
3188 5270 3362 5324 exque
3389 5251 3551 5320 lignis

1976 5358 2180 5415 aﬂabre
2206 5367 2485 5429 compacta
2516 5372 2665 5424 arca,
2700 5365 2863 5427 atque
2892 5355 2943 5407 in
2983 5365 3101 5406 eam
3150 5346 3361 5405 cunctis
3385 5341 3549 5400 simul

2051 5635 2129 5706 (9)
2158 5633 2319 5705 Greg.
2352 5640 2492 5688 orat.
2528 5629 2615 5698 l9,
2645 5644 2700 5700 p.
2730 5626 2856 5680 297.
