3924 6312
538 200 642 263 455

532 305 857 366 animalium
887 300 1125 356 inductis
1154 293 1477 359 seminibus,
1502 302 1779 360 uxoreque
1804 300 1867 339 ac
1893 282 2018 335 ﬁliis
2045 292 2105 329 t-a
2133 274 2179 333 Α
2211 283 2331 327 rato

539 400 783 460 inclusis,
842 394 894 447 in
954 407 1077 446 eum
1129 386 1348 443 modum
1412 384 1661 440 caelestes
1708 383 2010 433 cataractas
2044 384 2107 460 ac

539 490 718 559 abyssi
779 498 1043 554 aquarum
1102 478 1314 541 fontes,
1351 490 1535 529 semen
1590 472 1703 541 ipse
1754 482 1815 519 ac
1858 459 2107 532 primitu-

540 554 719 635 szceuli
779 574 1058 642 sequentis
1111 576 1383 631 servatus,
1444 566 1636 620 evasit.
1701 562 1768 614 At
1816 554 2107 622 Gregorius

540 674 813 725 luercseon
848 663 1147 735 przevidens
1178 658 1424 729 spiritale
1457 654 1717 710 diluvium
1741 690 1754 713 ,
1783 656 1934 701 tanto
1973 643 2104 696 illud

538 762 724 815 Noemi
752 758 953 812 diluvio
989 753 1223 823 gravius,
1268 759 1472 819 quanto
1504 744 1789 799 animabus
1821 736 2102 791 interitmn

541 866 729 921 parere
763 850 826 903 ad
855 853 1244 901 uocumentum
1278 842 1473 910 majus,
1509 850 1671 907 quam
1713 832 1886 885 labem
1919 828 2110 895 corpo-

540 944 691 997 ribus
753 940 983 1003 inferrc;
1041 951 1307 1003 suamque
1386 933 1500 1001 ipse
1577 924 1872 987 Ecclesiam
1922 934 2109 972 arcam

505 1032 831 1096 fabricatis,
886 1039 1049 1099 atque
1106 1043 1226 1081 eam
1273 1024 1490 1079 arcanis
1521 1018 1786 1074 doctrinis
1844 1022 2112 1079 rectmque

539 1126 660 1183 ﬁdei
694 1122 1034 1193 documentis
1067 1117 1475 1180 communicns;
1509 1129 1607 1165 nec
1658 1124 1753 1163 eos
1807 1105 1986 1160 solum
2019 1104 2109 1170 qui

537 1214 752 1285 generis
786 1211 1187 1267 necessitudine
1211 1205 1616 1271 contingebant,
1645 1200 1737 1254 sed
1770 1207 1821 1251 et
1854 1196 1946 1265 qui
1983 1195 2112 1247 alie-

540 1305 748 1373 nigena:
792 1301 1111 1355 videbantur
1155 1297 1309 1365 (quos
1344 1307 1535 1360 nempe
1563 1304 1751 1344 omnes
1792 1286 1883 1341 Dei
1928 1294 2110 1354 prote-

537 1408 670 1461 gens
691 1392 909 1444 dextera
936 1388 1295 1450 adduxisset),
1313 1396 1571 1451 perquam
1608 1380 1861 1433 alacriter
1886 1377 2108 1428 lubens—

538 1497 645 1551 que
685 1481 971 1549 recipiens,
1007 1477 1293 1545 edulisque
1320 1489 1414 1528 eos
1455 1488 1519 1526 ac
1555 1468 1897 1525 suavissimis
1926 1464 2109 1517 Τιὶηἱ-

537 1580 649 1627 tate
699 1571 895 1624 tuenda
942 1568 1290 1624 sermonibus
1324 1566 1593 1628 nutriens,
1622 1564 1691 1617 ab
1721 1559 1865 1614 omni
1912 1556 2109 1610 illaesos

540 1662 709 1716 animi
735 1661 943 1714 diluvio
978 1667 1181 1713 servat.

605 1754 676 1807 At
722 1734 940 1822 quidem
991 1752 1082 1804 ille
1111 1746 1371 1818 (Noemus
1413 1730 1670 1814 scilicet).
1698 1742 1785 1798 sui
1835 1740 2019 1803 unius,
2053 1746 2113 1790 ut

534 1844 768 1907 videtur,
796 1858 908 1897 rem
956 1855 1140 1908 agens,
1186 1853 1396 1906 suaque
1444 1838 1708 1889 duntaxat
1745 1842 2021 1900 spectans,
2058 1830 2112 1883 iu

537 1944 658 1988 octo
702 1923 877 1986 solum
912 1929 1146 1993 maxima
1205 1925 1509 1995 conjunctis
1535 1921 1934 1977 necessitudine
1998 1918 2115 1971 ani-

539 2023 731 2077 mabus
785 2019 1013 2083 salutem
1049 2016 1258 2085 paravit
1296 2033 1308 2068 :
1346 2015 1432 2068 hic
1465 2022 1665 2076 autem,
1692 2012 1744 2064 in
1793 2010 2108 2073 multorum,

537 2127 700 2181 quam
744 2112 797 2164 in
840 2104 995 2165 suam
1040 2109 1152 2178 ipse
1178 2109 1407 2162 salutem
1447 2106 1640 2159 affectu
1668 2102 2019 2173 propensior;
2048 2115 2112 2155 ac

536 2221 658 2260 eum
707 2218 829 2257 eum
882 2216 992 2256 non
1029 2201 1206 2253 minor
1234 2213 1423 2252 eorum
1470 2183 1603 2251 cura
1629 2205 1891 2265 tangeret,
1923 2193 2013 2261 qui
2054 2206 2112 2246 se

536 2290 942 2353 abseindebant,
970 2304 1132 2359 quam
1166 2288 1262 2357 qui
1295 2287 1627 2342 accedebant
1655 2300 1714 2338 ac
1746 2284 2112 2353 adjungeban-

535 2392 654 2446 tur;
690 2389 929 2449 paterno.
954 2377 1170 2453 quidem
1198 2376 1472 2433 sermonis
1503 2376 1700 2429 delicto
1736 2376 2006 2452 sermonis
2036 2372 2107 2435 vi,

522 2489 599 2540 ac
634 2473 858 2542 spiritus
906 2452 1175 2539 rectaque
1224 2468 1349 2523 ﬁdei
1402 2467 1732 2523 abundantia
1780 2452 2017 2529 obtecto,
2048 2479 2110 2517 ac

536 2563 801 2633 quidquid
846 2563 989 2617 illius
1024 2577 1153 2632 ergo
1183 2560 1500 2615 offensionis
1545 2559 1829 2623 inciderat,
1861 2558 2106 2621 sublato,

539 2670 639 2711 nec
676 2670 786 2708 non
832 2654 1173 2708 sermonibus
1204 2654 1269 2707 ad
1298 2667 1484 2721 pacem
1512 2652 1825 2706 decentibus
1849 2650 2110 2719 tantisper

539 2742 795 2799 eﬁ‘renem
844 2744 1253 2814 mulationem
1315 2743 1603 2807 delinieus,
1650 2743 1928 2796 discordes
1972 2741 2109 2810 patri

538 2834 793 2889 conciliat
835 2834 1082 2898 animos;
1142 2846 1449 2901 magnoque
1488 2846 1550 2885 ac
1592 2828 1894 2885 concordia:
1939 2830 2108 2884 tenaci

1715 167 2007 232 NICET/E
2036 157 2560 222 PAPHLAGON’IS

2163 662 2167 666 λ
2210 638 2464 690 universo

3693 146 3789 208 45%

2386 268 2585 339 singuli
2619 281 2683 320 ac
2727 278 2972 335 congruo
3022 272 3298 331 tempore,
3328 260 3473 332 quod
3533 259 3790 328 cujusque

2209 363 2507 420 functionis
2540 368 2644 421 est,
2685 359 2913 428 implent
2969 372 3031 410 ac
3061 365 3339 425 praestant.
3372 354 3670 422 Gregorius
3703 366 3790 403 au-

2210 466 2315 510 tem
2365 454 2452 508 cui
2495 465 2747 520 suprema
2782 450 2987 503 credita
3022 446 3289 516 theologia
3330 444 3502 509 foret;
3541 454 3702 512 atque
3729 443 3787 494 ad

2210 559 2564 618 personarum
2643 542 2985 605 Trinitatem,
3080 556 3141 595 ac
3244 537 3467 591 Diitazis
3536 539 3786 587 un‘tatent

2564 632 2679 686 orbi
2779 630 3181 700 precdicalionis
3287 626 3590 681 luminil-us
3662 624 3788 677 infe-

2211 727 2454 787 rendam,
2518 724 2718 777 missus
2776 729 2941 781 esset,
3006 718 3219 773 tametsi
3272 717 3519 785 corporis
3584 715 3783 766 ratione

2212 821 2351 872 intra
2409 816 2587 869 brevis
2638 813 2743 866 luci
2787 820 2907 896 pret
2944 809 3199 863 deﬁnitus
3228 806 3542 877 angustias;
3570 804 3781 858 emisds

2212 908 2617 981 prirmagniﬁce
2646 914 2761 958 toto
2791 894 3006 956 'mundo
3034 899 3317 970 theol0gia:
3348 897 3539 960 radiis,
3562 894 3698 947 alios
3723 895 3781 947 ad

2213 1003 2393 1055 lumen
2450 997 2575 1051 vitae
2616 994 2956 1057 attrahebat;
3002 999 3271 1061 quotquot
3323 988 3532 1042 scilicet
3559 985 3778 1055 potioris

2215 1090 2439 1145 rationis
2478 1102 2541 1141 ac
2564 1085 2780 1153 pietatis
2804 1092 2992 1147 erant;
3021 1082 3157 1135 alios
3193 1078 3454 1142 tenebris,
3483 1077 3614 1129 dztl.i
3651 1084 3776 1139 tate,

2212 1179 2531 1238 confusione
2559 1182 2689 1244 (non
2727 1189 2823 1227 sua
2857 1174 2974 1242 ipse
3016 1170 3197 1225 indole
3230 1184 3293 1222 ac
3334 1169 3618 1237 preposito
3642 1206 3655 1227 ,
3695 1170 3778 1219 sel

2212 1257 2425 1326 illortm
2474 1268 2639 1321 animi
2677 1268 2975 1336 pravitate;
3014 1269 3281 1334 quotquot
3325 1259 3586 1313 nimirum
3637 1268 3786 1313 erant

2212 1361 2477 1415 lueretica:
2510 1356 2669 1424 labis)
2696 1354 2973 1419 implebat.

2282 1456 2452 1511 Porro
2481 1454 2640 1526 etiam
2678 1450 2823 1503 illum
2854 1448 3143 1517 episcopali
3176 1444 3545 1502 consummari
3586 1453 3783 1511 myste-

2214 1549 2296 1601 rio
2326 1530 2704 1601 chebat.VPar
2751 1556 2986 1619 namque
3023 1542 3327 1604 videbatur,
3374 1548 3430 1592 ut
3469 1538 3561 1607 qui
3595 1536 3783 1590 nedum

2142 1612 2185 1665 Β
2214 1624 2595 1708 episcopalem,
2645 1636 2738 1689 sed
2790 1644 2841 1688 et
2884 1634 3269 1703 apostolicum,
3304 1648 3545 1701 «operum
3579 1630 3783 1691 merito,

2217 1732 2461 1785 ordinem
2494 1727 2768 1794 explebat,
2828 1725 3054 1778 omnino
3094 1738 3312 1791 quoque
3355 1719 3785 1774 ordinationibus

2214 1822 2385 1876 sacris
2427 1820 2794 1888 perﬁceretur.
2832 1817 3021 1885 Operm
3042 1818 3273 1885 pretium
3317 1823 3498 1867 autem
3542 1821 3663 1868 erat
3717 1811 3783 1873 id,

2215 1930 2323 1967 non
2385 1910 2734 1980 profanorum
2778 1922 2984 1977 opera,
3060 1908 3154 1961 sed
3200 1916 3511 1961 sanctorum
3550 1923 3565 1970 ;
3619 1918 3786 1975 neque

2213 2020 2310 2074 per
2337 2019 2431 2059 cos
2460 2000 2774 2073 quiindigui
2802 2000 3051 2053 instituto
3088 2009 3293 2060 essent,
3324 1999 3414 2067 qui
3450 2008 3504 2051 et
3541 1999 3783 2052 deitatem

2213 2095 2523 2151 damnanda
2571 2093 2874 2148 temeritate
2922 2093 2974 2145 in
3020 2100 3131 2147 tres
3176 2091 3311 2145 alias
3345 2091 3468 2143 aliis
3508 2099 3785 2143 extraneas

2210 2189 2628 2242 contrarietates
2673 2184 3003 2249 scindereut,
3059 2183 3150 2239 sed
3195 2196 3287 2251 per
3325 2196 3420 2235 eos
3470 2181 3560 2250 qui
3612 2180 3787 2250 gratia:

2213 2276 2515 2332 ﬁdelissimi
2543 2275 2963 2343 diSpensatores,
2992 2288 3056 2327 ac
3082 2270 3361 2326 Trinitatis
3386 2270 3661 2325 verissimi
3687 2270 3781 2323 mi-

2213 2370 2375 2425 nistri
2446 2377 2651 2423 essent.
2698 2366 2799 2431 Qui
2864 2375 3047 2420 autem
3109 2363 3374 2435 ejusmodi
3419 2371 3604 2419 essent
3658 2364 3780 2416 nulli

2211 2452 2365 2525 tunc,
2393 2460 2633 2528 exceptis
2652 2457 2939 2527 Gregorio,
2968 2458 3113 2511 illius
3135 2464 3305 2527 patre,
3339 2470 3401 2510 ac
3430 2456 3651 2521 Basilio,
3689 2456 3786 2510 illic

2208 2555 2579 2618 exsistebant;
2605 2567 2833 2621 quorum
2856 2550 2988 2603 alter
3006 2548 3173 2602 ﬁlium
3203 2548 3316 2617 pari
3339 2560 3524 2601 secum
3557 2546 3784 2613 nomine,

2162 2664 2168 2669 ·
2212 2644 2825 2731 iisdetnque’prieditum
2873 2642 3116 2696 moribus
3157 2640 3321 2694 alacri
3366 2640 3549 2693 animo
3583 2640 3787 2708 episco-

2212 2754 2342 2808 pum
2371 2738 2619 2806 designat
2649 2753 2665 2799 ;
2702 2735 2834 2789 alter
2859 2742 3062 2799 autem,
3101 2746 3221 2787 cum
3250 2732 3360 2802 jam
3392 2730 3647 2786 Ecclesiae
3677 2730 3783 2784 (Σιε-

2214 2829 2473 2885 sariensis
2500 2828 2703 2881 credita
2733 2825 3100 2895 gubernacula
3149 2826 3468 2893 accepisset,
3500 2838 3660 2878 sacro
3687 2824 3781 2878 ritu

537 2923 793 2979 Ecclesia:
843 2923 1007 2976 (εαξιυί
1044 2922 1255 2975 sincera
1321 2926 1573 2993 veraque
1606 2922 1725 2976 lidci
1769 2921 2111 2975 confessione
2140 2937 2181 2993 ο
2218 2921 2392 2975 initiat
2435 2930 2598 2988 atque
2651 2919 2867 2972 ordinat
2902 2936 2915 2984 ;
2962 2917 3219 2987 additque
3258 2918 3502 2986 spiritum
3555 2918 3781 2985 spiritui,

535 3015 877 3075 devinciens,
910 3013 1167 3081 populum
1220 2998 1451 3065 Domino
1482 3012 1809 3081 peculiarem
1834 3052 1849 3076 ,
1877 3020 2112 3065 sectato-

539 3119 654 3159 rem
694 3104 965 3157 bonorum
1012 3103 1329 3172 cperam",
1360 3103 1592 3171 pastoris
1640 3104 1859 3158 solertia
1899 3103 2112 3158 salvum

539 3193 764 3263 recepit.

481 3304 486 3308 ·
604 3284 818 3348 Quibus
870 3284 1055 3354 igitur,
1104 3284 1173 3351 is,
1204 3284 1297 3354 qui
1329 3284 1561 3354 spiritali
1588 3287 1821 3340 ratione
1850 3288 1917 3341 ab
1946 3287 2111 3340 animi

537 3377 707 3432 exitio
742 3377 955 3440 liberat,
987 3376 1060 3429 illi
1106 3387 1342 3445 prtestet,
1378 3381 1469 3447 qui
1500 3394 1530 3432 a
1560 3380 1804 3447 corporis
1835 3382 1985 3445 labe;
2020 3381 2111 3449 qui

541 3467 948 3560 multitudinem
998 3478 1227 3521 numero
1277 3470 1563 3538 majorem,
1616 3471 1712 3531 illi,
1766 3472 1855 3539 qni
1908 3487 2112 3541 paucas

541 3559 753 3612 animas
770 3557 977 3613 Lsalute
1014 3559 1218 3624 donat;
1262 3561 1346 3613 his
1394 3559 1684 3629 Gregorius
1720 3561 1907 3615 Noemi
1952 3563 2111 3616 clari-

538 3658 702 3703 tatem
755 3649 1147 3703 obscuraverit.
1212 3652 1501 3707 Enimvero
1539 3654 1667 3722 quid
1719 3656 1783 3709 iis
1807 3672 1930 3724 quae
1969 3656 2111 3711 illius

544 3740 750 3792 minora
803 3749 963 3803 sunt,
1043 3742 1377 3808 immoraris,
1439 3746 1739 3799 orationem
1800 3751 2113 3816 protrahere

544 3830 754 3894 videor,
789 3846 910 3883 cum
966 3847 1142 3899 operte
1174 3834 1402 3900 pretium
1436 3836 1506 3888 sit
1542 3847 1597 3888 ut
1632 3840 1695 3889 ad
1732 3840 1937 3907 majora
1968 3841 2113 3893 illius

539 3922 804 3974 mirabilia
834 3930 1199 3985 transeamus,
1235 3928 1507 3990 gestisque
1539 3926 1950 3994 pctfeetioribus
1991 3945 2111 3999 pcr-

543 4007 824 4062 fectiorem
856 4009 1028 4076 ipsum
1053 4011 1406 4079 ostendamus
1424 4012 1445 4062 ἲ

616 4094 995 4152 Sanctiﬁcatos
1033 4100 1254 4168 quidem
1309 4093 1655 4157 sanctissimo
1700 4117 1919 4164 sanctos
1964 4122 2112 4165 ante-

540 4202 701 4255 quam
758 4199 1155 4255 naseerentur,
1209 4192 1286 4243 uti
1339 4200 1392 4245 et
1442 4204 1749 4259 peccatores
1796 4199 2050 4256 alienatos
2082 4219 2109 4257 a

465 4280 698 4353 [anlva
731 4280 798 4342 “,
832 4281 1111 4337 verissime
1143 4283 1330 4339 divino
1366 4287 1570 4353 Spiritu
1598 4295 1830 4345 testante
1858 4308 2099 4366 comper-
2143 4278 2187 4333 ι)

542 4373 655 4417 tum
702 4376 811 4429 est;
842 4370 1083 4421 omnium
1119 4371 1287 4434 enim,
1321 4381 1431 4425 tum
1466 4391 1590 4442 qua;
1627 4378 1772 4429 facta
1816 4392 1962 4448 sunt,
1997 4395 2107 4439 tum

542 4472 662 4525 qua:
710 4458 859 4522 ﬁent,
902 4460 1152 4513 similiter
1184 4462 1516 4529 iuolfensam,
1548 4470 2012 4545 certissimamque
2050 4496 2113 4535 ac

542 4548 913 4611 firmissimam
940 4552 1083 4618 apud
1113 4566 1238 4603 eum
1263 4568 1384 4607 esse
1411 4558 1677 4613 notitiam.
1711 4562 1813 4616 Alii
1843 4564 2023 4636 itaque
2047 4572 2114 4625 ad

541 4638 686 4691 aliud
718 4638 916 4696 divinae
958 4641 1261 4697 voluntatis
1321 4660 1644 4713 propensum
1678 4655 1990 4719 consilium,
2026 4671 2116 4715 aut

540 4726 712 4825 gentis
742 4727 1143 4825 praefecturam,
1166 4730 1446 4801 legemque
1478 4737 1783 4807 ferendam;
1816 4755 1905 4797 aut
1928 4751 2108 4817 populi

543 4821 803 4908 regimen,
832 4828 925 4871 ant
956 4821 1246 4875 sacerdotii
1280 4825 1507 4892 apicem,
1536 4837 1629 4882 aut
1676 4832 1935 4890 visionem
1978 4854 2106 4908 pro-

542 4905 832 4999 pheticam,
878 4918 970 4960 aut
1012 4917 1385 4978 portentosam
1421 4921 1809 4988 operationem,
1838 4936 1930 4979 aut
1966 4905 2105 4999 apo-

542 4996 1081 5090 uol-icatu‘gratiam;
1126 5012 1219 5057 aut
1276 5010 1517 5078 martyrii
1566 5016 1873 5082 certamen;
1909 4996 2106 5090 autiut

541 5085 707 5139 verbo
753 5086 952 5155 dicam)
1009 5091 1250 5159 spiritale
1298 5098 1663 5153 ministerium
1716 5085 2097 5178 praedestinati,

2215 3009 2507 3099 ac.douum
2541 3006 2788 3076 adjungit
2825 3007 2990 3061 dono.
3021 3004 3165 3072 Quin
3207 3006 3405 3075 potius,
3443 3005 3519 3059 illi
3545 3005 3779 3076 quidem,

2216 3114 2478 3174 quantum
2528 3105 2702 3159 oculis
2734 3104 3095 3174 conspicuum
3148 3113 3286 3175 erat,
3328 3106 3499 3160 sacris
3533 3105 3783 3176 symbolis

2216 3194 2433 3248 initiant
2474 3210 2534 3248 ac
2558 3194 2844 3263 perﬁciunt
2877 3211 2891 3247 :
2929 3192 3165 3264 Spiritus
3192 3204 3371 3250 autem
3392 3196 3482 3264 qui
3514 3197 3782 3266 proprium

2215 3288 2344 3341 olim
2368 3288 2712 3342 defensorem
2748 3297 2994 3352 noverat,
3021 3288 3073 3342 in
3100 3303 3165 3342 eo
3192 3287 3463 3357 perfectus
3496 3298 3783 3344 manserat.

2214 3380 2292 3435 Ae
2333 3380 2406 3435 illi
2434 3376 2674 3450 quidem,
2704 3380 2847 3450 quod
2885 3379 3194 3435 ordinatum
3222 3389 3381 3435 cerne
3414 3383 3639 3436 omnino
3672 3383 3783 3435 cui-

2214 3475 2335 3527 dam
2372 3474 2577 3527 civitati
2617 3488 2681 3527 ac
2723 3461 2953 3549 regioni,
2987 3488 3051 3527 ex
3084 3487 3365 3529 sacrorum
3402 3465 3672 3528 canonum
3700 3475 3783 3528 in-

2213 3568 2404 3621 stituto
2464 3565 2576 3636 (10)
2639 3565 2984 3635 nuncupari,
3032 3566 3257 3637 ejusque
3313 3566 3582 3637 designari
3636 3570 3782 3623 titulo

2213 3658 2520 3727 Oportebat.
2567 3657 2740 3746 arenti
2778 3658 2897 3710 solo
2958 3666 3306 3726 angustaeque
3352 3658 3654 3726 prxﬁciunt
3694 3674 3782 3727 pa-

2214 3752 2415 3813 rcet-ire,
2452 3764 2518 3803 ne
2552 3748 2768 3817 quidem
2805 3748 3086 3801 hominum
3119 3748 3465 3811 habitationi,
3503 3752 3699 3803 nedum
3730 3758 3781 3804 ut

2213 3842 2507 3910 episcopali
2534 3841 2645 3894 sedi
2671 3839 2962 3903 suﬂiceret,
2979 3841 3114 3895 satis
3135 3836 3457 3907 commodas,
3478 3843 3618 3896 velut
3638 3851 3778 3911 puto,

2215 3935 2305 4002 qui
2334 3934 2595 3989 doctrinae
2619 3934 2690 3997 vi,
2711 3932 2853 4002 quod
2874 3932 2976 3989 loci
2994 3934 3154 4003 genio
3176 3934 3385 4000 deerat,
3403 3946 3584 4003 posset
3613 3937 3780 3990 adim-

2215 4026 2358 4094 plcre
2389 4028 2432 4093 (Ι
2453 4026 2522 4092 Ι).

2289 4114 2482 4169 Verum
2517 4112 2754 4184 Spiritus
2790 4126 3018 4170 sanctus
3043 4159 3057 4183 ,
3100 4117 3409 4179 divinioris.
3456 4126 3517 4172 ut
3557 4118 3774 4185 videtur,

2212 4221 2481 4277 propensa
2511 4207 2725 4260 consilii
2753 4208 2984 4272 ratione,
3020 4223 3121 4262 nec
3166 4210 3667 4279 eorum'ejusmodi
3693 4227 3773 4265 co-

2214 4308 2401 4353 natum
2450 4298 2711 4361 inhibuit,
2766 4314 2867 4353 nec
2911 4309 2971 4353 ut
3017 4300 3106 4353 ille
3136 4300 3202 4353 ad
3248 4301 3489 4369 majores
3530 4303 3776 4357 hactenus

2216 4388 2418 4443 infulas
2471 4388 2767 4457 sedemque
2813 4387 3106 4459 eligeretur
3163 4392 3464 4446 constituit.
3509 4392 3775 4463 Siquidem

2217 4482 2359 4534 enim
2392 4488 2617 4535 vetustae
2646 4480 2920 4546 Ecclesia,
2949 4496 3012 4537 ac
3042 4484 3272 4555 digniori
3305 4486 3463 4542 datus
3500 4488 3774 4556 episcopus

2218 4582 2382 4634 esset,
2429 4587 2651 4628 necesse
2692 4572 2920 4628 lorsitan
2952 4586 3070 4645 erat
3103 4586 3162 4629 ut
3193 4578 3270 4630 illi
3299 4570 3632 4641 ﬁxusfhnud
3665 4580 3775 4630 inde

2225 4662 2505 4717 transferri
2550 4663 2717 4719 facile
2752 4676 2933 4734 posset
2967 4682 2982 4731 ;
3041 4668 3416 4722 ecclesiastica
3458 4669 3665 4722 scilicet
3699 4684 3774 4719 re-

2220 4751 2342 4821 gula
2372 4756 2785 4811 translationum
2816 4759 2866 4814 id
2895 4774 3066 4829 genus
3099 4760 3420 4828 prohibente
3448 4754 3493 4826 (Ἰ
3507 4761 3595 4829 2);
3629 4770 3771 4828 atque

2215 4842 2351 4897 adeo
2377 4843 2615 4903 futurum
2652 4861 2768 4905 erat
2795 4859 2853 4904 ut
2883 4842 3101 4906 urbium
3146 4852 3618 4919 praestantissima,
3646 4866 3769 4921 pne-

2211 4937 2529 4991 stantissimi
2561 4941 2641 4991 sui
2675 4949 2784 4996 tum
2813 4943 3077 5014 episcopi,
3112 4952 3224 4998 tum
3254 4945 3483 5013 pastoris
3508 4947 3767 5015 jatturam

2207 5040 2528 5083 tncurreret.

2281 5119 2541 5188 Denique,
2570 5135 2736 5202 sacrae
2766 5126 2985 5195 quidem
3029 5128 3353 5187 initiationis
3379 5133 3524 5205 (.etsi
3557 5132 3611 5188 id
3641 5144 3763 5203 quo-

611 5242 653 5273 "
692 5244 799 5298 Tit.
832 5263 890 5311 ιι,
930 5250 1015 5304 14.
1091 5256 1136 5287 ⁸⁸
1171 5258 1276 5314 Jer.
1316 5273 1351 5325 r',
1380 5264 1412 5316 5
1449 5280 1462 5325 ;
1496 5264 1601 5316 lsa.
1637 5279 1777 5328 κων,
1812 5267 1878 5331 2;
1912 5268 2055 5327 Psal.
2096 5292 2220 5341 Lvn,
2260 5279 2311 5331 4.

1294 5415 1413 5453 can.
1470 5402 1521 5464 6,
1580 5404 1799 5476 Μηδένα
1841 5412 2101 5469 imis)»-

614 5489 725 5584 (ὦ
750 5489 897 5577 iiii?
911 5489 1259 5597 Ἕδῖυίῖῗξεδ

2235 5419 2617 5543 agilia-agilem.
2677 5424 2882 5483 Nieaen.
2948 5447 3069 5489 can.
3132 5437 3219 5504 i3,
3285 5451 3442 5492 conc.
3502 5434 3759 5501 Antiocho
