3924 6312
168 279 242 341 45Ἰ
863 269 1140 330 ORATIO
1167 269 1289 327 XX.
1333 291 1397 298 —
1439 265 1518 324 IN
1562 261 1869 321 LAUDEM
1907 261 1963 320 S.
2023 258 2393 315 Cillitulilll
2431 255 2700 314 'l‘illitlL
3273 253 3378 313 ιω

166 403 245 457 que
272 384 319 436 vi
352 391 508 447 ,erat
544 378 686 434 enim
722 377 767 430 si
799 377 920 445 quis
957 375 1266 428 mortalium
1314 388 1477 441 quam
1520 372 1689 423 maxi-
1722 374 1764 429 Α
1797 368 1862 420 lis
1908 372 2228 427 cernuntur,
2267 365 2515 432 moleque
2573 363 2600 414 a
2647 376 2785 414 terra
2817 371 3115 439 assurgunt
3147 363 3273 424 ;sed
3319 366 3371 415 in

167 449 230 530 .ne
274 489 302 525 a
360 472 500 526 fastu
558 470 814 532 alienus;
864 467 942 521 sic
996 477 1174 520 tamen
1215 466 1367 534 quasi
1424 465 1694 531 praebente
1798 469 1966 508 sacra:
2017 451 2516 534 imperturbationis
2559 453 2669 504 alto
2723 449 3003 512 culmine;
3051 464 3286 514 cumque
3319 464 3378 501 se

163 559 392 615 Altissimi
449 557 692 626 dextera)
743 555 1054 623 summique
1133 553 1420 609 sacculotii
1481 560 1693 618 sumpta
1799 546 1912 613 ipse
1937 546 2115 614 magni
2166 543 2436 612 primique
2459 543 2732 611 pontificis
2755 542 3007 594 manibus
3031 539 3374 605 praebuisset,

165 663 378 714 tessera;
406 663 469 702 ac
504 664 626 703 cum
656 646 860 716 Spiritu
893 645 1049 708 duce,
1087 644 1152 700 ad
1177 647 1319 713 quod
1365 658 1490 697 eum
1523 641 1694 710 gratia
1800 636 2096 720 non‘lsaaci
2119 649 2272 687 more
2301 634 2612 694 dimittitur,
2649 634 2740 686 sed
2773 632 2826 684 in
2859 632 2966 684 duo
2999 637 3237 691 secatur,
3267 629 3377 680 vita

163 755 273 807 opus
293 741 619 808 segregaret,
665 737 1003 805 exploratum
1043 736 1279 796 haberet.
1317 733 1542 788 omnino
1579 732 1697 800 qui-
1799 726 2028 788 scilicet,
2076 740 2196 793 quae
2252 724 2316 777 ad
2350 738 2566 777 carnem
2613 731 2840 791 Spectat,
2900 730 3015 808 tota
3047 729 3375 784 emortuus;

161 806 258 882 dam
293 806 626 883 Sasiniorum
681 827 951 882 abdicavit
1009 827 1298 896 paroreiam
1353 842 1367 888 ;
1417 838 1694 878 sacrorum
1799 816 2020 884 solaque
2047 831 2109 868 ea
2147 813 2346 883 quati"
2399 811 2591 879 spiritu
2642 819 2745 874 est,
2810 806 3010 865 vivus?
3043 826 3106 865 ac
3156 818 3373 863 terrena

162 930 313 973 autent
368 921 628 972 hactenus
683 929 963 986 parentum
1021 919 1104 986 pie
1177 917 1322 971 cultu
1377 914 1696 985 defungeus,
1801 908 2015 974 quidem
2059 905 2392 983 ῒιίῐὶῖοάίῑίιιε»
2427 905 2683 972 ιειιιίιιιείηι
2715 901 2857 955 ﬂuxa
2923 916 2988 956 ³ο
3034 902 3238 954 caduca
3280 915 3376 955 0³⁸·

162 1022 530 1078 paternumque
575 1025 789 1078 gregem
842 1009 1124 1078 pastoralis
1173 1007 1402 1060 solertia:
1433 1006 1700 1060 sermoni-
1802 998 2036 1062 cedens;
2072 997 2139 1050 ad
2194 1011 2486 1064 supernam
2530 1004 2734 1059 autem,
2775 1009 2840 1046 ac
2889 994 3164 1058 stabilem,
3193 995 3375 1048 muni-

162 1105 344 1164 bus,ac
364 1101 621 1170 operibus
652 1117 979 1171 componens
1015 1115 1029 1164 ;
1059 1099 1307 1166 velutque
1339 1096 1534 1166 prazvia
1565 1114 1700 1166 qua-
1801 1089 2036 1157 εῖβπιυιη
2110 1090 2230 1141 "llic
2283 1085 2524 1140 Γίηίοηος
2599 1084 2930 1138 ιτδηείοτθηδ
2973 1126 2988 1150 ι
3032 1084 3378 1154 ίίιίοτυιηειιιε

161 1193 260 1244 dam
309 1190 710 1253 exercitatione,
759 1204 822 1244 ac
859 1186 1117 1254 praeludio
1148 1184 1338 1254 patriae
1385 1185 1697 1253 episcopatu
1803 1181 2180 1248 promissionis
2223 1179 2606 1248 pulcherrima:
2654 1178 2936 1247 primitiae,
2980 1192 3043 1231 ac
3104 1179 3378 1232 nobilissi-
3434 1179 3437 1183 ’

160 1297 290 1345 usus,
323 1297 441 1336 sese
471 1281 620 1336 urbis
661 1280 953 1349 Augustm;
994 1277 1124 1345 quin
1183 1285 1237 1332 et
1289 1276 1460 1340 orbis,
1505 1277 1699 1345 praefe-
1804 1286 1904 1323 ma:
1948 1272 2240 1326 exsistens.
3309 1338 3325 1348 ς

161 1383 307 1426 ctura:
336 1362 984 1441 aptabat;supermeq‘ue
1003 1366 1347 1436 perfectionis
1398 1366 1702 1420 arrhabonc
1874 1360 2005 1414 Nam
2054 1363 2176 1432 quis
2208 1378 2316 1432 prre
2371 1363 2485 1428 illo,
2544 1361 2732 1429 sicque
2790 1373 2848 1413 se
2901 1359 3266 1428 intelligentia:
3329 1360 3377 1411 vi

159 1461 408 1531 suscepto,
450 1463 515 1516 ad
571 1467 691 1515 eam
725 1459 1066 1512 festinantem
1099 1456 1465 1526 praeferebat:
1509 1471 1574 1510 ac
1619 1458 1702 1526 pia
1806 1453 2128 1518 praeditum,
2195 1454 2551 1523 Opimumque
2608 1452 3016 1514 holocaustum,
3071 1449 3262 1519 prima:
3306 1448 3380 1501 illi

159 1553 560 1621 longanimitate,
597 1551 810 1605 divinas
840 1549 1227 1619 promis’sioues
1259 1548 1572 1618 recipiebat.
1806 1541 2010 1604 mCIlli.
2058 1540 2273 1609 Deoque
2318 1556 2416 1610 pro
2454 1540 2951 1610 intelligentissima
3001 1538 3090 1591 illa
3111 1553 3173 1591 ac
3221 1537 3386 1605 spiri-

213 1645 547 1698 Abrabamus
581 1643 796 1711 quidem
865 1640 1295 1710 patriarcharum
1345 1639 1702 1701 clarissimus,
1739 1702 1775 1711 __
1809 1630 1900 1683 tali
1931 1646 2026 1685 ara
2051 1631 2284 1686 Obtulit?
2313 1631 2444 1698 Quis
2476 1649 2601 1687 vero
2629 1633 2708 1687 sic
2745 1631 2966 1685 victima
2987 1639 3177 1685 utente
3220 1630 3381 1683 ratio-

159 1734 310 1787 tribus
331 1735 459 1786 viris
476 1702 757 1786 Trinitatis
785 1702 908 1802 typo
938 1731 1172 1798 hospitio
1199 1729 1524 1800 susceptis"
1550 1747 1564 1794 ;
1596 1730 1704 1782 imo
1739 1702 1777 1758 Β
1806 1733 1876 1772 ne
1905 1757 1922 1782 ι
1948 1734 2011 1774 ac
2040 1720 2390 1776 iuunaculata
2451 1724 2695 1779 omnium
2744 1722 2914 1793 gratia
2946 1723 3242 1777 immolatae
3295 1740 3381 1776 ra-

156 1840 262 1878 cum
293 1825 454 1876 trium
512 1814 751 1876 virorum
809 1823 978 1875 forma
1017 1819 1339 1874 Trinitatem
1398 1820 1701 1873 venientem

1831 1810 1962 1874 ioni,
1994 1810 2276 1882 Verbaque
2309 1813 2436 1869 fecit
2463 1816 2487 1867 ‘I
2511 1815 2646 1881 Quis
2686 1815 2760 1869 ita
2803 1815 3037 1869 hostiam
3088 1811 3378 1872 viventem.

158 1915 244 1968 sub
271 1929 471 1984 quercu
523 1913 886 1983 refrigeraret,
947 1914 1348 1981 bumaniusque
1409 1913 1703 1981 exciperet,

1831 1910 2074 1966 auctam,
2118 1904 2557 1974 beneplacentem
2610 1922 2808 1976 corpus
2864 1922 3047 1973 suum,
3099 1923 3161 1963 ac
3221 1910 3382 1977 Spiri-

159 2004 541 2059 beuedictiones
571 2019 602 2056 a
633 2003 740 2057 Deo
767 2003 1113 2072 consequitur
1144 2020 1156 2054 :
1191 2002 1519 2071 hospitiique
1560 2003 1705 2056 illius
1809 2000 1944 2054 lum.
1975 1993 2206 2050 Domino
2234 1995 2460 2065 Spiritui
2502 1997 2748 2053 exhibuit
2793 1996 2884 2050 "1
2911 1997 3045 2063 Quis
3101 1999 3172 2052 ita
3232 1999 3384 2070 prius

160 2096 384 2164 praemio,
441 2094 836 2165 optatissimam
869 2093 1032 2148 refert
1083 2094 1520 2163 promissionem.
1549 2094 1705 2158 ρυερ-
1808 2094 1924 2140 tum
1957 2100 2140 2149 carne,
2183 2096 2295 2141 tum
2327 2088 2512 2142 animo
2555 2087 2848 2142 sanctitate
2894 2089 3156 2153 imbutus,
3193 2089 3388 2142 exinde.

158 2202 268 2240 nam
327 2202 458 2241 vero
501 2187 789 2256 promissio
818 2187 840 2239 ξ)
869 2185 1069 2254 Nempe
1117 2184 1295 2240 Same
1333 2202 1499 2256 snpm
1555 2201 1704 2254 spem
1807 2177 2120 2232 sanctitatis
2177 2179 2464 2246 sacerdos,
2519 2195 2584 2234 ac
2636 2180 2962 2234 administer
2991 2178 3216 2235 effectus
3264 2182 3392 2232 est?

157 2293 353 2332 onmem
387 2317 403 2340 ,
442 2288 764 2346 aetatemque
814 2277 984 2346 prolis
1035 2278 1349 2346 susceptio;
1388 2278 1614 2332 seminis
1643 2291 1706 2330 ea
1810 2266 1944 2333 Quis
1977 2285 2289 2337 supremam
2321 2279 2448 2326 θιιιθ
2494 2279 2687 2325 malls
2741 2269 3112 2339 adoptionem.
3145 2269 3223 2324 δίε
3268 2268 3391 2322 alii“

159 2368 487 2421 multitudine
518 2366 755 2431 diffusio,
807 2374 864 2420 ut
903 2366 1088 2420 stellas
1114 2367 1234 2420 coeli
1293 2360 1513 2434 aequet;
1551 2377 1710 2421 terrae
1809 2357 1953 2412 Patri
1983 2360 2337 2429 spirituum"
2353 2361 2677 2430 ad0ptandis
2693 2360 3017 2416 conciliator
3037 2359 3242 2414 ascitus
3266 2362 3391 2414 est?

158 2459 358 2523 optimae
403 2456 688 2510 hereditas
766 2470 830 2508 ac
868 2457 1158 2524 possessio.
1201 2454 1299 2510 llic
1353 2466 1558 2522 autem,
1597 2473 1704 2510 non
1878 2449 2161 2516 Quodnam
2219 2453 2506 2520 pasmralis
2561 2451 2794 2512 SOIertia!
2844 2466 3062 2520 genus;
3103 2451 3381 2520 quodnam

160 2545 318 2598 tribus
358 2545 507 2605 viris,
544 2544 636 2599 sed
681 2543 895 2597 deitatis
957 2543 1130 2598 tribus
1182 2545 1424 2612 personis
1459 2560 1474 2607 ;
1530 2558 1706 2610 neque
1810 2541 2028 2596 virtutis
2067 2554 2256 2614 vegeta
2296 2543 2512 2597 actione
2559 2557 2666 2596 non
2710 2542 2847 2596 obiit
2887 2542 3214 2611 specimen?
3248 2540 3392 2606 Quid

159 2633 424 2689 Trinitatis
449 2635 642 2704 ﬁgura,
678 2633 772 2688 s‘d
807 2634 918 2702 ipsa
951 2649 1074 2687 vere
1125 2642 1372 2703 suscepta
1402 2634 1704 2699 Trinitate;
1807 2642 1914 2696 est,
1947 2634 2092 2703 quod
2157 2634 2352 2688 divinae
2406 2635 2810 2704 praedicationis
2868 2635 3222 2690 sermonibus
3281 2650 3391 2687 non

162 2741 323 2795 neque
368 2741 429 2780 ea
457 2740 578 2794 qua:
603 2725 770 2780 semel
805 2727 1000 2794 hospes
1029 2725 1255 2789 venerit,
1297 2724 1389 2779 sed
1419 2740 1540 2794 qua:
1567 2742 1708 2779 sein.
1809 2721 2114 2779 clarissime
2160 2725 2427 2779 delcxcrit
2463 2726 2490 2780 ἲ
2525 2734 2584 2778 ut
2638 2726 2691 2778 iu
2748 2740 2813 2778 eo
2864 2725 3129 2793 majorem
3189 2741 3391 2787 sermo,

161 2830 247 2882 per
277 2815 677 2870 alistruSissima
707 2814 912 2868 ratione
946 2815 1190 2880 adesset;
1217 2829 1322 2867 non
1365 2814 1707 2869 irrationabi-
1810 2821 1971 2880 atque
2009 2813 2257 2868 doctrina
2286 2831 2395 2884 pra:
2450 2816 2667 2869 actione
2706 2815 3125 2869 admirationem
3154 2817 3348 2870 habeat
3377 2835 3392 2882 ;

166 2905 294 2959 libus
320 2905 473 2970 cibis,
521 2905 615 2959 sed
651 2904 786 2958 vivis
818 2904 1184 2968 sermonibus,
1240 2905 1494 2973 verisque
1544 2905 1706 2958 animi
1811 2899 2058 2964 quinimo
2083 2901 2227 2956 actio
2261 2901 2372 2969 prae
2394 2916 2667 2964 sermone,
2699 2911 2865 2970 atque
2895 2902 3144 2956 doctrina
3191 2904 3390 2972 majori

166 2998 346 3066 seltsis,
367 3012 428 3050 ac
458 2995 784 3056 rationibus,
808 2994 1032 3062 ipsaque
1062 3008 1186 3047 vere
1214 2993 1391 3062 dignis
1419 2993 1705 3059 Trinitate,
1735 3037 1775 3066 ρ
1815 2989 2180 3044 admiratione
2218 2992 2408 3060 rapiat.
2436 2991 2574 3058 Quis
2599 2992 2669 3046 ita
2721 3007 2972 3048 sermone
3005 2993 3189 3049 clarus
3267 3011 3394 3064 gra-

168 3087 466 3155 magnilice,
513 3084 906 3154 ambitioseque
953 3085 1100 3138 illam
1155 3085 1406 3138 convivio
1471 3084 1708 3153 accipit;
1740 3080 1777 3092 "
1818 3080 2041 3148 visque;
2082 3081 2160 3136 sic
2190 3082 2501 3149 distinctus,
2557 3092 2722 3154 atque
2746 3084 2985 3154 elegans,
3019 3094 3392 3167 ornatusque;

169 3177 360 3230 uecsub
379 3175 585 3230 arboris
603 3175 790 3228 umbra
807 3173 1106 3244 refrigerat,
1139 3175 1230 3229 sed
1259 3176 1360 3230 sub
1385 3176 1710 3230 eximiorum
1816 3174 1897 3226 sic
1941 3186 2101 3247 verax
2152 3189 2217 3228 ac
2276 3175 2614 3244 perspicuus,
2658 3185 2715 3228 ut
2766 3175 2958 3240 videri,
3005 3191 3169 3244 quam
3210 3166 3390 3233 audiri

168 3285 437 3324 sensorum
473 3268 582 3322 alto
608 3277 812 3322 recreat
840 3285 855 3332 ;
891 3268 1246 3338 melioresque
1280 3284 1344 3323 ac
1382 3268 1712 3322 certissimas

172 3361 542 3428 promissiones
558 3358 927 3428 consequitur.
947 3358 1260 3413 Liberorum
1292 3361 1433 3411 enim
1455 3359 1713 3427 multipli-

171 3461 538 3517 catorum,uon
558 3450 984 3516 carnalium,scd
1016 3451 1332 3519 spiritalium
1359 3466 1562 3518 ;neque
1591 3451 1715 3504 stel-

171 3541 234 3594 lzs
256 3542 305 3594 in
318 3548 591 3610 aspectum
605 3541 944 3603 cadentibus,
966 3543 1057 3595 sed
1073 3557 1189 3611 quae
1209 3550 1386 3594 mente
1403 3541 1714 3611 intelligun-

176 3641 274 3694 tur,
296 3643 401 3685 tum
440 3631 810 3694 multitudine,
844 3639 956 3682 tum
989 3632 1184 3683 decore
1217 3645 1381 3698 quam
1406 3629 1665 3683 similium
1698 3648 1712 3695 ;

173 3735 264 3774 nec
295 3730 441 3774 terra:
455 3721 595 3789 ejus,
623 3736 785 3788 quam
811 3721 1083 3774 sceleratae
1107 3733 1293 3788 gentes
1324 3721 1460 3785 aliae,
1487 3722 1712 3789 aliaeque

174 3810 387 3865 subinde
436 3813 735 3874 ealcarent,
772 3811 863 3865 sed
910 3826 1029 3879 qua:
1065 3811 1274 3864 mitium
1306 3811 1350 3841 ⁷⁸
1380 3813 1592 3881 propria
1633 3821 1715 3866 est

175 3899 458 3967 (celestis,
492 3899 752 3970 inquam)
787 3899 1124 3968 possidenda:
1164 3901 1474 3956 verissimas
1527 3889 1716 3970 recipit

174 3992 570 4054 promissiones.

242 4082 311 4134 Ac
335 4083 554 4150 quidem
584 4082 924 4135 Abrahamus
953 4091 1134 4150 postea
1167 4082 1498 4151 unigenitum
1516 4083 1718 4151 primo-

178 4176 527 4242 genitumque,
557 4174 621 4226 de
646 4187 754 4241 quo
783 4171 919 4226 facta
957 4171 1247 4241 promissio
1279 4183 1413 4237 erat,
1443 4189 1564 4226 cum
1599 4173 1715 4226 ten-

182 4275 366 4317 tarctur
397 4275 454 4317 ut
479 4279 643 4333 super
673 4279 777 4316 uno
818 4263 1080 4315 montium
1114 4263 1384 4316 victimam
1411 4264 1624 4318 offerret
1646 4266 1714 4329 7’,

1815 3629 1992 3680 tabem
2043 3647 2056 3692 ;

1820 3267 2001 3332 potius
2051 3266 2316 3331 videatur,
2375 3266 2637 3336 quidquid
2695 3267 2979 3336 loquitur;
3040 3269 3090 3321 id
3126 3279 3230 3335 est,
3290 3285 3390 3337 pro

1821 3354 2078 3425 Theologi
2105 3356 2351 3424 partibus
2385 3357 2452 3411 de
2489 3357 2599 3410 Deo
2622 3359 2993 3425 exsequitur?
3027 3357 3141 3414 imo
3172 3360 3297 3428 quis
3321 3361 3394 3414 ita

1819 3445 1927 3500 Deo
1953 3447 2187 3512 afflatus,
2222 3458 2385 3518 atque
2410 3450 2596 3518 gratiae
2622 3449 2875 3503 conditus
2901 3450 3144 3516 salibus;
3169 3461 3224 3504 ut
3277 3466 3394 3505 om-

1818 3554 1941 3590 nem
2011 3540 2126 3592 vitii
2163 3580 2177 3601 ,
2245 3541 2752 3611 putentissimazque
2812 3542 3081 3598 haereseos
3154 3545 3393 3598 exsiccet

2119 3632 2379 3698 quidquid
2443 3646 2572 3686 vero
2605 3633 2857 3684 humanis
2902 3634 3175 3688 .moribus
3217 3635 3393 3690 disso-

1818 3719 2014 3780 lutum,
2053 3721 2376 3790 molliusque
2402 3722 2560 3785 inest,
2590 3732 2753 3790 atque
2783 3723 3052 3789 difﬂuens,
3093 3726 3159 3780 ad
3195 3729 3394 3782 mentis

1817 3810 2201 3873 constantiam,
2217 3807 2586 3881 sanarumque
2613 3814 2884 3866 rationum
2907 3813 3203 3869 transferat
3222 3815 3393 3870 firmi-

1819 3907 1986 3953 tatem
2017 3902 2040 3954 ἲ

1890 3990 2024 4056 Quis
2080 3980 2188 4061 prae
2236 3994 2678 4064 illo(dummodo
2711 3989 3010 4064 principem
3037 3992 3193 4049 illum
3215 4007 3395 4066 pasto-

1821 4096 1939 4134 rum
1964 4082 2010 4112 ⁷⁸
2036 4084 2274 4151 excipias
2306 4085 2627 4154 )magisque
2656 4088 2836 4140 bonus
2896 4086 3107 4150 Pastor,
3142 4089 3234 4156 qui
3281 4104 3397 4143 ser-

1823 4173 1998 4227 monis
2031 4175 2210 4228 fistula
2238 4176 2302 4228 ad
2331 4176 2470 4228 bona
2496 4191 2695 4244 pascua
2722 4177 2918 4230 educat
2949 4178 3014 4239 ’5,
3040 4181 3203 4245 inque
3227 4179 3397 4234 bonas

1823 4275 1985 4334 atque
2029 4269 2188 4320 utiles
2242 4268 2427 4321 caulas
2460 4269 2727 4321 inducat?
2774 4270 2908 4333 Quis
2943 4270 3024 4324 sic
3058 4270 3280 4337 probus,
3329 4285 3395 4323 ac

184 4355 312 4409 haud
342 4345 665 4425 praeceptum
721 4355 949 4416 distulit,
992 4354 1131 4407 haud
1165 4371 1274 4407 rem
1308 4356 1525 4425 aggredi
1558 4357 1716 4411 dubi-
1751 4354 1793 4409 D
1823 4356 2148 4418 industrius,
2202 4366 2262 4410 ut
2307 4373 2522 4426 gregem
2582 4368 2694 4411 tum
2784 4359 3122 4428 impinguare
3162 4361 3396 4425 noverit,

186 4447 352 4509 tavit;
411 4448 549 4500 haud
609 4447 903 4514 obstupuit,
940 4447 1069 4514 quin
1121 4461 1359 4511 manmn,
1396 4457 1556 4515 atque
1608 4448 1722 4516 gla-

183 4536 316 4588 dium
339 4538 356 4605 (
378 4552 412 4588 o
448 4537 612 4589 animi
645 4537 1089 4605 magnitudinem,
1125 4537 1232 4588 imo
1260 4537 1522 4604 insignem
1549 4539 1718 4606 pieta-

190 4624 402 4698 tis‘vim,
441 4641 505 4678 ac
559 4626 870 4693 religionem
904 4626 956 4693 l)
989 4627 1296 4680 charissimi
1330 4627 1517 4697 jugulo
1554 4628 1720 4683 infera

194 4720 301 4776 ret;
337 4715 541 4768 tametsi
579 4729 718 4767 novo
755 4715 846 4766 illo
871 4729 934 4767 ac
969 4715 1185 4767 insolito
1224 4717 1489 4769 sacrificio
1518 4718 1722 4771 inhibi-

195 4810 273 4856 tus
307 4815 403 4864 est.
441 4807 605 4858 ariete
644 4804 822 4856 statim
854 4804 1406 4867 coruibusdevincto,
1441 4807 1532 4874 qui
1564 4807 1722 4861 victi-

199 4908 287 4948 ma:
315 4897 504 4949 utentis
551 4896 759 4948 ratione
783 4895 958 4947 locum
1002 4894 1260 4961 expleret.
1293 4895 1582 4965 Gregorius
1625 4914 1723 4951 au-

201 4992 318 5045 tem,
350 4997 454 5038 tum
484 4987 634 5038 altari
665 4985 910 5038 admotus
931 4992 1032 5046 est,
1063 4992 1175 5035 tum
1210 4987 1448 5051 paternis
1482 4985 1723 5042 initiatus

204 5075 430 5127 manibus
488 5079 688 5145 integra
741 5076 971 5137 victima,
997 5089 1058 5127 ac
1097 5090 1246 5126 nova:
1287 5077 1542 5132 sacerdos
1570 5077 1724 5132 victi-

210 5174 299 5211 ma:
329 5164 599 5217 sacerdotii
624 5166 924 5219 initiatione
954 5166 1186 5220 oblatus.
1221 5165 1327 5221 Nec
1354 5184 1383 5221 a
1405 5178 1554 5237 patre
1581 5170 1722 5224 duu-

207 5256 361 5311 taxat,
387 5254 470 5305 sed
499 5255 652 5324 longe
681 5258 828 5324 prius
871 5274 897 5310 a
937 5259 1133 5311 teneris
1159 5260 1315 5313 annis
1355 5261 1468 5330 ipse
1491 5276 1548 5316 se
1598 5261 1726 5315 ofl‘e-

213 5356 345 5405 rens,
369 5360 463 5397 non
491 5363 650 5415 super
669 5366 774 5402 uno
803 5351 978 5418 aliquo
1003 5367 1064 5404 ex
1094 5352 1157 5405 iis
1183 5355 1456 5408 montibus
1485 5356 1575 5423 qui
1597 5370 1726 5409 ocu-

277 5519 680 5592 f’_ch.xvm,i
720 5541 867 5592 seqq.
943 5528 986 5556 "
1017 5527 1196 5583 Matth.
1241 5547 1289 5590 v,
1326 5532 1374 5584 4.

213 5584 255 5613 ’⁸
286 5585 299 5638 l
325 5588 447 5645 Petr.
474 5613 521 5661 v,
554 5597 604 5648 4.
683 5595 727 5625 ⁷⁵
756 5584 912 5648 ibi".
943 5613 1014 5656 xl,
1060 5599 1142 5653 li.

533 5690 798 5748 PATROL.
833 5690 945 5746 Gn.
983 5689 1098 5748 Cl".

1221 5603 1263 5630 ⁷⁵
1296 5603 1429 5655 Gen.
1469 5620 1633 5663 xxvii,
1667 5604 1718 5657 4.

1453 5535 1494 5564 Ἠ

1516 5535 1648 5586 Gen.
1676 5549 1806 5596 χιιι,
1839 5535 1889 5588 l.
1978 5536 2024 5564 "'
2062 5535 2214 5585 Rom.
2250 5550 2300 5586 χι

1516 5621 1633 5663 ivit.
1667 5604 1718 5657 4.
1795 5605 1837 5636 ⁷⁷
1865 5603 1998 5658 Gen.
2025 5619 2210 5665 xxvui,
2261 5603 2304 5668 1,

1827 4456 1939 4499 tum
1968 4448 2121 4516 copia
2152 4461 2347 4518 augere.
2375 4468 2390 4515 ;
2423 4466 2486 4504 ac
2517 4467 2676 4519 quam
2711 4451 2897 4520 procul
2926 4467 2956 4506 a
2988 4451 3240 4522 luporum
3273 4453 3401 4510 feri-

1829 4547 1934 4590 tate
1965 4540 2290 4592 incolumem
2318 4556 2534 4594 servare
2561 4542 2582 4593 ?

1900 4629 2134 4684 Iacobus
2162 4632 2376 4699 quidem
2412 4633 2499 4686 ille
2522 4631 2692 4688 lsaaci
2722 4632 2869 4687 filius
2924 4633 3270 4688 suavissimis
3302 4649 3400 4703 pa-

1831 4727 1965 4772 trem
1989 4721 2261 4787 accipiens
2285 4719 2520 4788 dapibus
2549 4722 2615 4784 "°,
2650 4723 2769 4790 ejus
2792 4723 2842 4776 iu
2875 4737 2934 4775 se
2957 4722 3399 4778 benedictionem

1829 4810 1980 4865 fratri
2016 4816 2268 4880 praefatus
2296 4813 2537 4865 attraxit.
2588 4813 2724 4866 Tum
2765 4813 2906 4867 Esau
2953 4814 3152 4869 eisdem
3183 4817 3400 4884 spiran-

1832 4903 1899 4956 tis
1930 4904 2185 4958 invidiam
2227 4903 2437 4973 fugiens
2460 4903 2739 4969 ",faustis
2769 4921 2902 4958 usus
2940 4907 3253 4971 insomniis,
3276 4924 3397 4977 qua:

1829 4994 1894 5046 ad
1925 4996 2126 5048 scalam
2185 4996 2236 5046 in
2288 4995 2483 5048 coelum
2536 5005 2845 5063 protensam
2896 5009 3224 5066 spectarent,
3269 5015 3394 5064 pro-

1825 5097 2094 5153 spereque
2128 5085 2388 5138 deductus
2425 5084 2633 5148 itinere,
2678 5102 2742 5138 ac
2777 5103 2834 5142 se
2884 5090 3144 5141 maternis
3183 5088 3392 5140 laribus

1827 5174 2084 5238 inferens,
2122 5175 2320 5230 Labani
2354 5176 2582 5228 filiarum
2620 5193 2782 5231 causa
2809 5178 3024 5232 labores
3050 5178 3274 5231 desudat
3308 5180 3388 5240 τες

1827 5265 2055 5321 desudat
2112 5283 2238 5320 vero
2295 5269 2538 5320 curando
2589 5270 2793 5336 pecori,
2844 5285 2907 5324 ac
2963 5270 3062 5323 sibi
3115 5269 3396 5320 vindican-

1829 5360 1932 5422 do;
1973 5360 2252 5426 tribusque
2313 5359 2362 5410 in
2421 5360 2693 5413 canalium
2751 5361 2915 5416 alveis
2963 5358 3126 5427 virgis
3173 5359 3394 5426 apposi-

1978 5536 2024 5564 ⁷²
2062 5535 2214 5585 Rom.
2250 5550 2346 5599 xu,
2378 5534 2427 5594 l;
2461 5533 2734 5597 lCor.m,
2762 5534 2844 5586 17.
2921 5531 2966 5562 ’³
3002 5529 3162 5584 llebr.
3192 5546 3287 5594 xu,
3339 5531 3392 5586 9.

2386 5605 2431 5635 ⁷⁸
2461 5603 2597 5658 Gen.
2637 5619 2783 5665 xxtx,
2819 5605 2867 5651 l.

2904 5690 2975 5749 15
