3924 6312
618 271 727 335 459

1816 278 2103 337 NICETir‘E
2132 278 2652 339 PAPHLAGONIS

3734 284 3825 343 460

613 380 682 442 tis
716 381 781 446 τ’,
813 395 875 434 ac
908 382 1009 436 sub
1038 375 1224 436 eorum
1256 384 1435 437 colore.
1464 388 1703 439 variante
1748 399 2020 454 aspcctttttt
2050 404 2175 440 oves
2203 390 2247 445 Α
2279 405 2384 440 non
2425 392 2475 442 in
2507 392 2730 455 somnis,
2757 392 2849 446 sed
2890 391 3000 459 ipsa
3030 392 3230 460 vigilia,
3262 408 3381 461 quise
3412 409 3441 445 e
3462 408 3521 446 re
3554 402 3732 446 essent
3773 410 3825 445 ac

615 475 682 525 ad
720 471 920 526 coitum
950 472 1220 533 emittens,
1259 472 1443 541 plures
1470 476 1775 529 maculosus
1812 476 1957 535 facit,
2006 490 2167 543 qualn

583 577 733 629 una:
764 562 921 614 nullis
965 571 1121 616 erant
1166 562 1437 616 distinctae
1494 566 1769 620 maculis:
1804 566 1993 633 hisque
2037 566 2168 617 arti-

609 652 711 705 bus
736 651 927 706 deluso
964 649 1122 723 Syro,
1142 668 1205 709 ac
1233 668 1358 708 cum
1379 656 1608 709 solerter
1630 659 1729 711 sibi
1767 665 2009 726 parasset
2044 657 2170 711 sub-

606 742 885 807 stantiam,
921 743 995 797 ita
1026 759 1146 797 cum
1179 745 1445 800 uxoribus
1473 761 1538 800 ac
1588 748 1771 801 liberis
1800 749 1868 801 ab
1895 764 1958 802 eo
1981 747 2116 817 fugit
2149 768 2164 815 ;

506 878 510 880 γ
605 828 809 898 Deique
833 830 1026 898 copiis,
1072 845 1138 886 ac
1193 833 1388 888 turmis
1446 838 1703 890 occurrit.
1750 836 1829 888 Ad
1865 837 1979 891 haec
2041 852 2167 891 cum

604 914 736 979 Deo,
768 919 860 986 qui
900 929 1243 987 apparuerat,
1288 932 1538 978 conserta
1584 939 1783 994 pugna,
1818 924 1974 993 cujus
2002 926 2164 979 etiam

601 1017 737 1062 nutu
772 1018 975 1070 mutata
1019 1011 1379 1080 appellatione
1426 1015 1640 1071 lsraelis
1697 1030 1889 1070 nomen
1938 1018 2165 1085 accepit,

599 1095 809 1151 cunctis
844 1099 1106 1156 liberatus
1145 1102 1434 1169 molestiis,
1465 1106 1518 1158 in
1543 1114 1818 1174 paternam
1841 1105 2038 1160 alacris
2069 1106 2168 1181 do-

596 1202 748 1241 mum
779 1190 957 1245 rediit.

668 1341 808 1405 Quid
832 1357 958 1395 vero
991 1342 1286 1413 Gregorius
1314 1347 1337 1398 ?
1374 1346 1563 1399 Nonne
1598 1346 1813 1413 optimis
1864 1333 2169 1417 Theologite

597 1430 864 1499 dogmatis
891 1432 1135 1485 divinum
1168 1433 1725 1502 accipiebatNumen;
1764 1438 2168 1506 presbyterum-

593 1535 701 1588 que
726 1522 886 1574 etiam
921 1523 1274 1589 illi.invisum
1315 1525 1588 1578 funestum
1635 1514 1820 1580 Arium
1854 1530 2024 1598 gloria
2073 1545 2167 1583 su-

594 1625 810 1678 perans.
838 1611 1147 1666 divinarum
1181 1613 1349 1669 decus
1397 1616 1841 1691 benedii-tionum
1885 1620 2169 1689 privilegio

595 1701 800 1767 accepit
829 1699 1065 1756 ?Nonne
1093 1702 1182 1757 bic
1208 1718 1427 1775 quoque
1483 1706 1630 1761 illius
1678 1701 2169 1764 crudelitatem'fu-
2201 1712 2245 1767 Β

457 1822 517 1877 -ἇ
595 1790 770 1857 giens,
799 1791 866 1845 ad
918 1803 1217 1848 maternam
1269 1796 1514 1863 donmm,
1559 1800 1909 1868 apostolicam
1964 1802 2170 1856 scilicet

594 1880 891 1937 l-chlesiam
933 1888 1357 1954 commigravit?
1398 1890 1589 1943 Nonne
1631 1891 1834 1945 scalam
1864 1906 1896 1945 e
1941 1894 2166 1946 terrain

590 1970 813 2034 caelum,
852 1971 1149 2041 fastigiata,
1183 1991 1247 2031 ac
1296 1993 1417 2046 quae
1463 1978 1757 2033 virtutibus
1789 1978 2165 2044 fabricaretur,

588 2060 744 2127 prius
773 2063 1025 2131 aspexit?
1053 2064 1245 2120 Nonne
1278 2081 1373 2137 per
1400 2083 1542 2134 eam,
1579 2070 1669 2123 D‘ei
1712 2072 1806 2139 qui
1847 2071 1923 2123 illi
1961 2072 2165 2127 innite-

592 2147 771 2214 batur,
794 2151 1219 2223 angelorumque
1241 2154 1293 2208 in
1321 2171 1382 2210 ea
1403 2159 1812 2212 ascendentium
1861 2174 1923 2212 ac
1946 2160 2167 2213 descen-

590 2237 834 2293 dentium
887 2242 1082 2298 doctus
1129 2253 1213 2299 est
1266 2248 1775 2316 contemplationem
1816 2250 1838 2303 ?
1886 2249 2025 2315 Quin
2080 2251 2169 2305 hic

588 2343 810 2397 quoque
840 2329 1057 2387 labores
1102 2334 1355 2399 desudat,
1393 2346 1589 2396 at_non
1647 2339 1720 2393 ita
1776 2350 1835 2394 ut
1874 2342 2164 2396 mulierum

476 2486 489 2498 ι
585 2426 871 2473 venustate
900 2422 1183 2490 tabescat;
1217 2441 1330 2479 non
1364 2425 1483 2494 ejus
1511 2429 1686 2497 gratia
1722 2432 2164 2499 pulchritudinis.

587 2523 708 2574 quae
745 2510 811 2562 ad
840 2510 1032 2566 horam
1070 2510 1229 2568 ﬂoret
1264 2533 1279 2582 ;
1319 2532 1441 2586 qua:
1473 2519 1539 2573 ad
1591 2521 1883 2575 modicum’
1912 2524 2162 2589 delectat,

580 2601 855 2671 citiusque
897 2606 1221 2672 evanescit;
1291 2622 1468 2678 neque
1518 2612 1661 2680 apud
1713 2611 2017 2676 Labanum,
2068 2613 2161 2669 sed

579 2693 706 2760 ejus
733 2702 990 2762 nepotem
1019 2694 1237 2765 Moysen
1273 2715 1288 2753 :
1317 2700 1528 2755 laborat
1561 2712 1763 2767 autem,
1814 2696 1873 2757 ut
1929 2704 2161 2759 duarum

584 2782 709 2852 ejus
740 2783 993 2848 ﬁliarum,
1028 2792 1227 2842 veteris
1258 2790 1465 2844 scilicet
1517 2793 1756 2862 novique
1806 2794 2158 2861 Testameuti,

590 2873 839 2927 notitiam
866 2873 1162 2943 perfectam
1198 2879 1565 2934 nanciscatur.
1604 2881 1681 2935 Ac
1728 2883 1885 2950 plane
1942 2884 2158 2939 illarum

588 2976 815 3031 compos
846 2962 1111 3031 edicitur;
1146 2967 1378 3034 primum
1401 2969 1616 3036 quidem
1658 2971 1891 3026 senioris
1925 2974 2163 3037 ;exinde

586 3061 766 3109 autem
796 3055 1054 3123 junioris.
1113 3056 1201 3111 Sic
1231 3061 1375 3111 enim
1408 3060 1549 3115 forte
1594 3076 1691 3129 par
1724 3071 1879 3137 erat,
1917 3073 1977 3118 ut
2036 3080 2160 3118 cum

585 3145 720 3213 legis
750 3145 902 3214 prius
932 3146 1132 3210 littera,
1177 3147 1249 3203 ac
1290 3158 1403 3202 tum
1443 3166 1567 3205 cum
1617 3153 1810 3220 spiritu
1838 3192 1854 3218 ,
1907 3157 2164 3211 societate

580 3224 919 3306 jungeretur.
977 3236 1081 3291 Par
1108 3248 1244 3300 erat,
1304 3253 1360 3293 ut
1382 3242 1579 3295 veteris
1614 3240 1907 3313 Scriptura:
1941 3262 2160 3301 sensum

584 3323 815 3391 facilem,
874 3342 938 3381 ac
984 3329 1317 3397 expeditum,
1369 3345 1471 3386 nec
1526 3333 1817 3388 admodum
1872 3336 2157 3402 pulchrum

584 3412 827 3484 aspectu,
862 3427 1025 3485 atque
1056 3429 1339 3472 venustum
1374 3435 1499 3474 vere
1528 3420 1760 3490 primum
1792 3425 1993 3479 coleret
2026 3427 2161 3492 ;sic~

583 3523 692 3576 quc
735 3508 789 3559 iu
820 3522 885 3561 eo
931 3508 1040 3561 alte
1088 3508 1370 3575 latentem,
1412 3510 1577 3579 inque
1637 3516 1820 3581 gratiae
1870 3518 2159 3596 Evangelio

589 3595 875 3649 manifeste
902 3595 1191 3665 proditam,
1233 3596 1531 3653 formosam
1567 3602 1711 3654 illam
1754 3618 1820 3657 ac
1861 3595 2156 3674 elegantem

582 3686 853 3751 rationem
898 3686 915 3755 (
968 3686 1058 3738 Dei
1121 3686 1327 3742 scilicet
1388 3687 1543 3743 Verbi
1597 3691 1987 3749 incarnationis
2026 3712 2158 3751 con-

588 3775 1023 3843 templationem)
1049 3777 1194 3830 clare
1224 3790 1588 3845 pernosceret,
1617 3797 1680 3835 ac
1703 3784 1965 3855 diligeret,
1996 3788 2159 3858 inque

583 3864 705 3931 ejus
730 3864 1014 3933 amplexus
1064 3868 1229 3917 animi
1272 3868 1547 3934 proposito
1576 3880 1771 3925 rueret.

656 4011 751 4064 His
804 4012 990 4079 utique
1042 4010 1257 4065 duobus
1314 4016 1654 4071 testamentis
1706 4026 1961 4087 tanquam
2014 4023 2157 4078 veris

586 4112 723 4153 usus
762 4098 1109 4169 coxijugibus,
1172 4092 1336 4171 filios
1382 4105 1518 4171 patri
1578 4107 1921 4176 multiplicat.
1978 4112 2155 4167 Animl

566 4189 979 4257 ._parturigiuum
1017 4192 1068 4242 iu
1118 4193 1333 4259 spiritu,
1387 4192 1477 4248 Dei
1514 4198 1937 4263 promissionum
1982 4202 2154 4256 haere-

583 4282 700 4344 des,
734 4272 929 4335 liberes
957 4293 1225 4352 procreat.
1272 4284 1381 4338 Nec
1406 4286 1456 4339 id
1506 4297 1712 4341 tantum
1759 4306 1888 4345 cura
1950 4294 2151 4349 intenta

2280 480 2665 544 conducerent,
2694 482 2936 548 quotidie
2957 482 3419 537 submonStraret?

2343 568 2528 623 Trium
2557 572 2764 625 illarum
2789 573 2907 627 loco
2933 576 3225 641 virgarum,
3246 574 3420 627 tribus
3466 573 3689 627 Deitatis
3716 589 3826 642 per—

2273 662 2422 715 sonis
2449 663 2499 715 iu
2534 661 2792 717 Ecclesiis
2819 679 3069 719 sermone
3101 664 3393 734 propositis
3426 665 3561 731 (has
3604 680 3827 732 namque

2270 750 2447 818 palam
2496 752 2798 819 figurabant
2849 753 3120 807 caualium
3171 752 3356 820 alvei),
3405 753 3743 820 hortansque
3768 755 3825 805 ad

2269 856 2362 894 eas
2411 842 2647 895 animum
2728 846 3067 898 attendentes
3118 845 3318 913 pietate
3392 843 3564 896 fetum
3621 835 3825 894 uter’um

2270 941 2565 999 gestarent,
2611 935 2829 1001 optima:
2857 935 3329 1003 contemplationis
3380 934 3640 1002 optimam
3676 934 3829 983 ratio-

2270 1036 2415 1083 nem,
2439 1023 2712 1076 salubrem
2739 1026 3004 1090 rationem
3037 1026 3468 1088 uteniterentur,
3497 1023 3785 1092 praestabat
3811 1040 3823 1082 ;

2269 1127 2379 1182 quo
2412 1114 2478 1165 ad
2530 1127 2798 1182 supernas
2848 1116 3055 1181 caulas,
3091 1115 3235 1169 bono
3269 1115 3360 1167 illo
3388 1114 3634 1178 Pastore,
3691 1126 3827 1166 sum-

2271 1217 2463 1270 meque
2500 1204 2722 1271 provido
2755 1206 3123 1266 submittente,
3167 1206 3484 1258 transirent.

2340 1293 2530 1348 Omnis
2556 1297 2770 1363 generis
2817 1306 3060 1351 terrenas
3087 1296 3389 1358 facultates,
3440 1309 3581 1363 quas
3624 1294 3700 1347 illi
3749 1308 3830 1346 sa-

2270 1382 2493 1447 pientia,
2513 1384 2791 1452 virtusque
2807 1385 3108 1452 paraverat,
3126 1392 3346 1439 sumens
3364 1400 3377 1445 ;
3395 1391 3559 1449 atque
3572 1383 3829 1434 hactenus

2271 1473 2393 1525 fidei
2452 1488 2578 1540 ope,
2636 1489 2745 1527 non
2796 1475 2907 1541 ipsa
2957 1477 3135 1543 specie
3190 1475 3555 1543 angelicarutn
3585 1470 3829 1524 Potesta-

2271 1573 2383 1615 tum
2424 1566 2618 1617 castris
2672 1566 3063 1619 humanissime
3093 1566 3376 1633 acceptus,
3423 1563 3474 1615 id
3521 1572 3606 1617 est
3667 1562 3828 1628 stipa-

2271 1662 2403 1719 tus;
2443 1670 2505 1708 ac
2540 1670 2664 1710 cum
2725 1656 2833 1708 Deo
2886 1655 3099 1709 homine
3140 1655 3195 1708 in
3244 1655 3435 1723 spiritu
3484 1666 3827 1722 congressus.

2272 1756 2534 1811 mensque
2588 1759 2712 1799 vere
2758 1744 2922 1798 Deum
2968 1745 3156 1798 videns
3221 1744 3417 1797 nedum
3466 1751 3827 1811 nuncupatus,

2270 1845 2458 1884 verum
2500 1833 2659 1886 etiam
2702 1832 2898 1897 factus,
2930 1850 3024 1903 per
3069 1834 3220 1887 illum
3248 1837 3315 1887 ad
3363 1848 3597 1902 superna
3678 1844 3829 1902 atque

2266 1933 2489 1991 paterna
2524 1924 2869 1978 tabernacula
2898 1935 3012 1979 tuto
3040 1926 3380 1980 contmeavit.

2338 2012 2451 2068 Hoc
2476 2014 2751 2084 Theologo
2803 2016 3082 2084 sapientia:
3133 2031 3199 2082 ac
3249 2015 3550 2081 prudentize
3597 2013 3827 2069 efticitnr

2266 2107 2563 2175 specimen.
2622 2106 2803 2161 Virilis
2855 2108 2956 2160 hoc
2994 2108 3183 2172 animi,
3228 2106 3493 2174 fortisque
3550 2106 3823 2175 preludto,

2208 2216 2216 2227 ι
2266 2212 2379 2251 rem
2414 2200 2673 2255 adversus
2701 2200 2981 2253 haereticos
3027 2209 3250 2253 strenue
3306 2198 3597 2268 gerendam
3653 2197 3825 2251 fauste

2266 2291 2602 2359 auspicatus,
2634 2291 2705 2344 ita
2740 2306 2798 2345 se
2835 2291 2899 2344 ad
2941 2290 3265 2360 perfectiora
3331 2300 3667 2359 aspectuque
3719 2290 3827 2358 ipso

2269 2381 2524 2435 terribilia
2551 2384 2848 2436 certamina
2891 2382 3145 2451 accingit.
3186 2381 3262 2436 Ac
3298 2383 3439 2435 sicut
3488 2381 3827 2450 pugnacissi-

2266 2472 2339 2525 mi
2368 2473 2600 2537 athletae,
2634 2468 2740 2526 non
2781 2488 2813 2526 a
2839 2474 3015 2541 primo
3075 2475 3256 2526 statim
3286 2474 3665 2541 experimento
3719 2473 3824 2523 for-

2264 2563 2494 2617 tioribus
2517 2564 2848 2618 adversariis
2894 2564 3324 2633 congrediuntur
3346 2580 3362 2626 ;
3381 2564 3475 2618 sed
3502 2572 3631 2616 ante
3660 2576 3827 2635 pugna

2262 2671 2385 2707 eum
2419 2656 2484 2709 iis
2512 2656 2605 2725 qui
2653 2655 2941 2711 debiliores
2968 2666 3096 2710 sunt
3128 2656 3399 2725 tyrociuio
3446 2657 3682 2723 quodam
3708 2670 3827 2706 eru-

2233 2747 2383 2811 diti,
2427 2747 2838 2817 majoribusque
2892 2748 3106 2802 abunde
3137 2746 3527 2800 luctaminibus
3577 2743 3827 2808 instituti,

2261 2838 2335 2893 ita
2366 2840 2583 2893 demum
2621 2848 2679 2894 ut
2708 2854 2833 2895 cum
2863 2826 3263 2909 potentioribus
3289 2838 3433 2891 vires
3477 2836 3825 2899 contendant,
3873 2902 3876 2911 ἠ

2262 2930 2317 2983 in
2341 2944 2561 2983 arenam
2593 2929 2950 2997 descendunt.
2977 2928 3061 2983 Ad
3093 2928 3341 2983 eumdem
3375 2928 3541 2983 etiam
3578 2925 3691 2980 fere
3719 2940 3829 2978 mo-

2188 3026 2231 3084 (ζ
2265 3021 2389 3074 dum
2407 3019 2721 3089 Gregorius,
2740 3020 2972 3089 primum
2987 3018 3039 3073 in
3054 3018 3225 3088 patria
3241 3032 3364 3071 cum
3385 3017 3563 3085 impiis
3580 3030 3826 3086 congres-

2264 3126 2379 3174 sus,
2397 3110 2730 3180 rationisque
2751 3109 3015 3167 adversus
3037 3122 3131 3163 eos
3152 3106 3318 3172 lucta,
3336 3121 3401 3160 ac
3425 3105 3667 3160 victoriis
3679 3103 3828 3158 fortis

2264 3202 2460 3270 pugilis
2483 3201 2733 3265 lacertos,
2765 3216 2831 3256 ac
2870 3186 3223 3270 multiplicem
3260 3197 3655 3266 experientiam
3688 3197 3826 3250 ade-

2261 3301 2387 3363 ptus
2412 3297 2427 3357 ;
2455 3292 2691 3362 deinque
2715 3290 3027 3361 parentibus
3071 3288 3214 3344 felici
3247 3287 3371 3342 vitae
3391 3286 3538 3341 exitu
3562 3300 3818 3339 consum-

2262 3382 2444 3446 matis,
2488 3397 2611 3435 cum
2658 3380 2958 3435 laudatorio
3006 3392 3275 3443 sermone,
3306 3385 3419 3432 tum
3463 3374 3825 3445 justislegiti-

2260 3474 2366 3527 mis
2415 3470 2767 3541 perfunctus;
2804 3468 3142 3540 paternoque‘
3189 3483 3349 3537 grege
3410 3467 3560 3520 velut
3607 3466 3662 3520 in
3718 3476 3825 3519 tuta
3886 3480 3899 3499 π

2260 3566 2486 3618 mandra
2545 3578 2641 3619 sua
2693 3563 2863 3633 ipsius
2941 3560 3215 3629 theologia
3256 3559 3617 3621 communito,
3670 3564 3826 3626 atque

2259 3664 2539 3724 pastorum
2596 3653 2836 3722 Principi
2902 3652 2969 3706 in‘
3008 3666 3205 3706 manus
3254 3650 3464 3713 relicto,
3498 3649 3617 3718 ipse
3654 3663 3715 3702 se
3762 3646 3824 3700 ad

2260 3745 2511 3815 graviora
2545 3742 2811 3804 sermonis
2846 3756 3034 3802 causa,
3080 3748 3245 3809 atque
3281 3737 3545 3791 doctrina:
3586 3735 3823 3803 pericula

2259 3834 2495 3903 expedit.
2544 3816 2624 3886 at
2659 3831 2805 3887 velut
2833 3831 2953 3899 qui
2984 3829 3040 3882 in
3079 3829 3293 3882 modico
3344 3826 3517 3879 fidelis
3565 3825 3822 3893 probatus

2260 3933 2431 3987 esset,
2487 3924 2552 3976 ad
2603 3921 2900 3975 multorum
2947 3934 3007 3973 se
3063 3933 3253 3971 curam
3295 3926 3468 3986 parat.
3514 3913 3823 3983 Relictaque

2259 4014 2554 4076 Nazianzo,
2585 4022 2726 4067 recta
2754 4012 2817 4065 ad
2847 4011 3033 4065 urbem
3075 4011 3373 4078 Augustam
3398 4008 3500 4061 iter
3527 4007 3818 4061 contendit.

2259 4106 2316 4159 ιιι
2348 4120 2478 4158 vero
2512 4102 2793 4172 temporis,
2820 4102 3009 4171 ingens
3035 4115 3154 4153 eam
3177 4138 3191 4163 ,
3224 4098 3512 4177 gravisque
3546 4100 3817 4152 haereseon

2260 4196 2434 4265 caligo
2465 4195 2736 4248 invaserat
2785 4200 2948 4261 atque
2978 4191 3230 4261 opplebat
3261 4207 3277 4256 ;
3309 4204 3431 4260 qua:
3453 4190 3684 4252 scilicet,
3710 4195 3816 4240 tutu

2258 4288 2377 4341 alia:
2402 4286 2524 4341 aliis
2554 4292 3009 4353 compugnarent,
3036 4292 3147 4335 tum
3180 4282 3391 4336 veritati
3422 4279 3635 4334 infensa
3661 4280 3816 4332 vehe-

586 4372 717 4441 agit,
744 4381 803 4424 ut
852 4373 1118 4443 suscipiat
1157 4374 1774 4438 liberos,~sublimiores
1831 4382 2035 4438 scilicet
2089 4400 2152 4440 ac
2186 4362 2227 4415 θ
2261 4382 2493 4433 mentius
2537 4379 2650 4430 acie
2693 4377 3026 4445 iugruerent.
3061 4364 3153 4426 Sic
3193 4372 3337 4425 enim
3375 4369 3488 4423 fere
3537 4384 3815 4437 compara-

584 4462 856 4529 spiritales
884 4480 899 4527 ;
923 4466 1013 4517 scd
1042 4467 1116 4526 §ut
1165 4467 1348 4519 etiam'
1372 4469 1637 4538 mancipia
1675 4472 1947 4540 acquirat;
1994 4475 2154 4529 nimi-

590 4567 707 4603 rum
758 4556 971 4620 corpori
1027 4553 1321 4609 viciniores
1386 4572 1449 4611 ac
1499 4560 1836 4615 humiliores.
1870 4561 1964 4616 His
2005 4565 2149 4619 enim

586 4642 675 4695 ille
705 4657 805 4712 pro
840 4642 926 4695 sui
983 4642 1194 4697 ratione
1235 4645 1508 4713 spiritales
1549 4648 1649 4710 sibi
1701 4665 1765 4703 ac
1819 4652 2152 4709 immortales

581 4733 798 4786 divitias
826 4742 999 4801 parat.
1033 4731 1168 4787 Nam
1216 4736 1331 4804 ipse
1357 4752 1593 4806 quoque,
1636 4742 1819 4807 paucis
1860 4745 2148 4799 admodum

581 4838 644 4877 ac
704 4823 850 4875 brevi
909 4838 1137 4877 numero
1180 4826 1401 4880 creditis
1435 4864 1449 4888 ,
1500 4826 1824 4898 solertiaquc
1871 4848 1933 4887 ac
1966 4834 2151 4889 labore

580 4916 636 4969 in
689 4916 921 4984 amplam
974 4931 1134 4985 grege
1187 4928 1446 4986 provecto
1488 4917 1764 4986 sobolem;
1802 4936 1907 4975 non
1962 4939 2149 4978 omnes

581 5005 841 5059 mercedis
871 5007 990 5059 loco
1016 5008 1169 5059 datos
1227 5008 1317 5075 qui
1352 5008 1637 5061 reret-tenti
1669 5010 1722 5061 in
1756 5020 2028 5079 paternam
2052 5016 2148 5067 do-

581 5113 731 5151 mum
758 5112 862 5150 una
904 5101 1131 5152 comites
1178 5107 1383 5161 essent,
1439 5100 1531 5153 sed
1596 5101 1795 5159 electos
1846 5104 2141 5172 duntaxat;

582 5204 678 5241 nec
712 5190 804 5256 qui
835 5199 955 5242 nota
979 5198 1247 5252 carerent,
1301 5190 1396 5241 sed
1445 5192 1537 5259 qui
1585 5202 1762 5245 essent
1794 5192 2053 5263 iusiguiti,
2093 5197 2144 5250 in

586 5281 795 5331 divinas
856 5279 1155 5331 subductos
1208 5268 1463 5345 rationes,
1511 5292 1672 5350 atque
1715 5282 1861 5337 illius
1904 5284 2143 5354 signatos

583 5374 852 5427 thesauris
901 5373 1205 5439 intelligens
1232 5387 1247 5437 ;
1283 5373 1541 5441 quidnam
1576 5375 1796 5428 molitur
1817 5376 1851 5428 ‘l‘
1876 5378 2013 5441 Quin
2045 5394 2139 5448 po-

582 5465 689 5515 tius
744 5479 901 5530 quem
952 5464 1005 5514 iu
1060 5476 1277 5515 sensum
1311 5463 1648 5531 provehitur,
1683 5464 1829 5522 illius
1856 5467 2016 5523 ductu
2046 5470 2138 5541 qui

657 5640 703 5668 ⁷⁸³
734 5640 862 5690 Gen.
902 5652 1027 5699 ut,
1062 5635 1148 5691 57.

2255 4480 2368 4524 tum
2398 4479 2502 4532 est,
2537 4478 2595 4522 ut
2622 4468 2812 4520 vitium
2881 4474 3043 4534 atque
3078 4464 3337 4532 pravitas,
3376 4462 3576 4543 nedum
3618 4461 3815 4523 virtuti,

2254 4564 2346 4616 sed
2382 4569 2435 4616 et
2467 4562 2567 4615 sibi
2595 4561 2709 4628 ipsa
2760 4558 2958 4629 acriter
3005 4556 3341 4609 adversetur.
3373 4551 3444 4608 lis
3491 4561 3675 4606 autem
3729 4550 3813 4621 qui

2259 4665 2458 4707 ret-tam
2491 4653 2743 4707 tenebant
2769 4650 2925 4704 fidem
2980 4657 3135 4703 atrox
3173 4645 3405 4717 procella
3434 4643 3809 4706 incumbebat;

2253 4747 2625 4813 immensaque
2677 4743 2917 4809 undi-Ine
2964 4739 3139 4794 offusa
3199 4732 3467 4795 anxietas.
3514 4751 3580 4789 ac
3606 4733 3810 4795 consilii

2254 4837 2435 4905 inepia
2474 4849 2613 4896 erat,
2674 4850 2796 4886 cum
2827 4830 3099 4886 neminem
3133 4822 3325 4884 tuenda
3348 4828 3596 4880 doctrina
3651 4836 3809 4905 certa-

2250 4922 2419 4979 minis
2445 4924 2637 4979 ducem
2689 4940 2752 4977 ac
2789 4921 3130 4977 defensorem
3168 4919 3448 4972 haberent.

2326 5017 2494 5088 Igitur
2511 5017 2691 5071 videre
2712 5026 2827 5070 erat
2846 5015 2992 5069 velut
3021 5010 3225 5082 ingenti
3268 5009 3650 5083 immensaque
3671 5020 3817 5058 vora~

2250 5110 2374 5179 gine
2399 5120 2716 5178 exporrecto
2747 5108 2936 5177 pelago
2979 5112 3169 5158 ventos
3198 5095 3319 5155 sese
3364 5099 3498 5153 alios
3550 5097 3675 5152 aliis
3715 5097 3804 5151 im-

2253 5199 2396 5251 mani
2428 5199 2634 5267 impetu
2667 5196 3001 5251 collidentes.
3059 5190 3123 5243 Hi
3158 5186 3351 5258 nempe
3382 5188 3680 5241 lenioribus
3705 5184 3803 5256 pii-

2250 5304 2395 5342 mum
2449 5290 2598 5342 auris
2653 5289 2854 5354 atllant,
2923 5291 3248 5358 versantque
3299 5293 3363 5334 ac
3413 5279 3798 5348 circumagunt,

2248 5380 2507 5448 paulatim
2544 5379 2836 5447 procellam
2883 5375 3206 5437 attollentes,
3239 5372 3309 5425 ita
3342 5380 3545 5433 tamen,
3582 5377 3642 5422 ut
3690 5380 3801 5419 uec.-

2246 5471 2373 5523 dum
2412 5468 2673 5538 impactos
2721 5468 3014 5532 stridentes
3056 5464 3249 5521 fluctus
3286 5462 3619 5530 dirumpant.
3675 5456 3799 5510 Tum
