3924 6312
104 380 182 442 tu
708 339 714 346 ’
763 377 1043 438 omne
1077 378 1207 439 xx.
1234 376 1399 437 -ΙΝ
1430 376 1738 436 usuusu
1777 376 1835 434 s.
1871 372 2244 433 esseom
2276 351 2546 434 TH'EOL.

3173 373 3283 438 462

104 468 285 561 repente
311 487 540 542 turbinis
563 495 736 541 instar
788 488 1041 555 utrinque
1069 488 1158 541 alii
1187 487 1309 541 aliis
1363 487 1618 552 ingruen-
1649 494 1697 546 Α
1723 486 1873 541 velut
1906 484 2428 550 conﬂare;-a'lterum
2458 496 2705 549 nurnero,
2735 492 2897 554 atque
2927 484 3155 539 alterum
3186 502 3287 541 na-

106 593 189 640 tes,
212 574 368 648 alque
389 576 566 632 collisi
600 577 940 631 intoleranda
976 576 1199 631 iiatuum
1229 578 1276 630 vi
1310 580 1457 631 mare
1512 588 1625 629 tum
1731 587 1862 630 turre
1880 576 2109 630 ratione.
3046 569 3053 573 ’

77 668 278 746 inﬂant,
340 676 559 735 tumque
607 664 974 735 din‘ringnnt;
1018 676 1337 737 assurgente
1394 668 1625 735 procella

97 772 151 810 ac
177 757 461 817 desidente,
506 756 930 825 interceptisque
982 758 1212 813 navibus
1244 758 1446 828 pariter
1472 760 1525 811 iu
1549 759 1630 811 al-

96 842 478 908 tum'subiatis,
519 846 738 912 imoque
795 846 1083 915 depressis,
1140 856 1306 916 atque
1367 846 1631 901 ﬂuctuum
1677 918 1683 926 _

96 937 425 999 immanitate,
453 944 731 1005 astusque
761 938 1083 991 submersis.

154 1025 347 1079 Similis
384 1025 630 1092 quaedam
668 1034 781 1078 tum
824 1035 1115 1093 tempestas
1161 1024 1506 1080 Constantini
1545 1042 1635 1081 ur-

94 1116 195 1168 bem
239 1115 511 1169 invaserat
552 1132 570 1180 ;
629 1116 983 1185 nequissimi:
1038 1116 1246 1171 scilicet
1308 1116 1591 1185 spiritibus
1615 1160 1631 1185 ,

94 1204 421 1259 adversantes
449 1204 685 1276 linguas,
708 1222 776 1261 ac
808 1214 1021 1262 mentes
1058 1206 1195 1261 alias
1224 1206 1344 1260 aliis
1383 1207 1633 1261 commit-

95 1294 309 1350 tentibus
337 1310 355 1360 ;
383 1311 450 1350 ac
474 1311 599 1351 cu
620 1312 815 1352 omnes
843 1297 1102 1367 loquendi
1139 1299 1407 1352 immensa
1460 1300 1638 1367 pruri-

93 1384 217 1452 gine,
238 1400 301 1440 ac
333 1387 581 1451 libidine,
608 1390 905 1460 pronisque
934 1390 1307 1446 molitionibus
1328 1391 1515 1446 litibus
1544 1392 1637 1446 alii

92 1475 209 1530 alios
228 1475 563 1548 dilfringere,
579 1493 645 1533 ac
657 1480 1009 1548 pessumdare
1034 1482 1261 1550 superbe
1280 1482 1636 1537 eonniteban-

93 1575 207 1621 lur:
240 1567 286 1620 si
313 1583 438 1636 qua:
463 1583 596 1625 vero
618 1585 744 1639 pars
800 1581 961 1626 recta:
994 1571 1122 1645 ﬁdei
1155 1572 1374 1627 addicta
1409 1574 1464 1628 in
1493 1583 1640 1628 tanta

92 1657 352 1711 hominum
390 1660 553 1713 turba
577 1661 788 1730 reliqua
814 1670 953 1726 erat,
992 1677 1113 1717 eam
1144 1673 1278 1719 vero
1332 1664 1645 1734 opprimere

90 1762 145 1802 ac
168 1749 482 1816 perditionis
509 1750 620 1804 alto
649 1766 895 1821 mergere
932 1754 1359 1808 contendebant.

1802 665 1940 719 Nam
1963 678 2223 719 excessus
2245 664 2485 733 quidem,
2524 663 2791 729 defectui;
2816 664 3062 720 deiectus
3094 666 3291 720 adver—

1730 764 1882 809 satur
1906 754 2155 808 excessui
2188 770 2202 805 :
2237 754 2399 808 ambo
2430 763 2610 809 autem
2640 754 3018 821 immoderath
3046 764 3198 818 sunt,
3230 770 3298 809 ac

1734 844 2112 915 imprdportio,
2142 844 2395 912 velutqne
2458 859 2626 899 unum
2665 852 2884 914 accepta
2908 844 3128 909 vitium,
3168 861 3296 901 cum

1729 952 1817 1001 ea,
1849 952 1973 1007 quae
1991 951 2055 991 ex
2088 945 2237 990 recta
2285 937 2678 1011 mediocritatis
2727 938 2936 993 ratione
2996 934 3299 991 moderatio

1733 1043 1799 1081 ac
1829 1028 2113 1098 proportio
2133 1028 2403 1092 consistit,
2433 1029 2580 1083 velut
2615 1044 2739 1083 cum
2789 1031 2991 1084 virtute
3033 1038 3298 1099 pugnant.

1734 1119 1794 1172 in
1836 1134 1961 1183 cum
1992 1118 2214 1174 modum
2262 1133 2513 1187 perversa
2559 1118 2766 1186 opinio,
2801 1117 2999 1174 nedum
3052 1108 3114 1173 ut
3144 1126 3303 1173 rretze

1737 1207 2074 1273 adversetur,
2120 1208 2217 1263 sed
2270 1217 2329 1261 ut
2360 1210 2524 1262 etiam
2554 1223 2736 1276 prava:
2771 1190 3047 1263 contraria
3107 1208 3204 1275 sit,
3236 1223 3305 1262 ex

1736 1308 1929 1353 natura
1958 1300 2140 1354 habet.
2169 1298 2208 1352 ll
2246 1298 2430 1370 igitur,
2462 1299 2517 1353 in
2549 1314 2615 1354 ea
2634 1299 2871 1368 prolapsi
2900 1300 3157 1363 absurda,
3187 1310 3304 1354 tum

1738 1403 1863 1442 cum
1890 1389 2014 1445 aliis
2055 1391 2169 1455 alii,
2200 1386 2314 1445 tuin
2358 1404 2484 1443 cum
2517 1389 2748 1444 veritate
2795 1388 3305 1458 eongrediebantur.

1808 1480 1865 1535 ln
1901 1482 1987 1537 bis
2004 1490 2182 1545 erant,
2217 1482 2313 1552 qui
2338 1472 2479 1539 Filio
2498 1482 2740 1551 quidem,
2764 1492 2973 1535 natura:
2994 1495 3121 1535 cum
3148 1479 3311 1535 Patre

1741 1572 2179 1641 coniunctionem
2228 1572 2624 1643 indulgebant;
2657 1572 2923 1646 Spiritum
2957 1585 3111 1635 vero,
3143 1586 3311 1641 quem

1744 1678 1772 1714 a
1804 1662 2001 1729 Patris,
2024 1678 2088 1718 ac
2119 1661 2240 1719 Filii
2269 1664 2556 1720 divinitate
2585 1665 2827 1719 alienum
2879 1663 3205 1728 sentiebant,
3238 1663 3309 1718 li-

1745 1750 1932 1805 berum
1958 1753 2073 1819 alii,
2103 1753 2193 1807 alii
2228 1754 2390 1808 etiam
2424 1769 2645 1809 servum
2690 1753 3033 1824 blasphemia
3060 1752 3313 1808 dictitare

144 1835 271 1890 Nam
308 1838 402 1892 alii
431 1840 650 1909 quidem
693 1838 913 1895 Sabellii
946 1839 1114 1911 Libys
1147 1843 1466 1900 confusione
1518 1860 1641 1900 sns-
1675 1852 1715 1906 Β
1744 1841 2033 1896 audebant.
2067 1844 2225 1898 Aliud
2252 1844 2354 1897 hoc
2372 1859 2549 1912 pravze
2573 1844 2848 1914 opinionis
2869 1859 3063 1914 genus.
3093 1832 3310 1912 Apolli-

89 1936 244 1995 eepta,
274 1928 558 1999 nimiaque
585 1930 994 1999 conjunctione,
1039 1933 1295 2003 velutque
1338 1936 1641 2011 concretio-

90 2033 321 2102 ne;aec,
355 2029 562 2088 quanta
604 2036 700 2090 par
753 2030 895 2084 erat,
951 2024 1282 2102 discretione
1337 2026 1645 2082 inconsulte

89 2109 180 2172 usi,
209 2099 465 2177 Patrem,
495 2110 714 2177 Filium,
745 2127 808 2167 ac
829 2099 1092 2179 Spiritum
1119 2123 1392 2181 sanctum,
1424 2116 1645 2170 nomine

87 2208 229 2253 tenus
250 2200 561 2268 honorant;
594 2211 715 2272 qua
738 2213 920 2257 autem
947 2204 1033 2257 his
1070 2204 1471 2275 signiﬁcantur,
1520 2220 1646 2276 pro-

88 2290 174 2342 bro
208 2290 738 2362 babent,nudasque
762 2294 877 2348 hac
903 2294 1338 2367 nuncupationes
1371 2294 1643 2360 arbitrati,

86 2394 139 2433 ac
173 2371 291 2450 qui
327 2396 432 2436 nec
463 2397 591 2441 vere
610 2383 897 2448 exsistant,
968 2383 1418 2439 inconsistentem
1468 2383 1644 2452 reipsa

86 2457 524 2540 atque-inanem,
555 2473 781 2528 Iudaica
815 2474 1107 2543 singularis
1146 2474 1484 2543 principatus
1524 2475 1645 2543 opi-

88 2562 254 2626 nione,
298 2576 368 2617 ac
420 2562 720 2632 impietate,
774 2564 878 2618 sibi
933 2565 1092 2619 tidem
1151 2565 1487 2635 contingunt.
1541 2567 1643 2620 Alii

87 2649 187 2703 Arii
238 2649 532 2706 dementiae
576 2651 938 2721 astipulantes
967 2691 983 2717 ,
1019 2667 1197 2722 exque
1234 2654 1522 2719 diametro,
1554 2656 1643 2719 iis,

87 2756 211 2809 quos
257 2741 535 2808 dicebam,
569 2742 874 2811 pugnantes
940 2744 1231 2807 sententia,
1297 2747 1413 2813 pari
1463 2755 1642 2799 tamen

89 2833 349 2901 impietate
375 2835 657 2903 provecti;
689 2835 891 2905 quibus
910 2836 987 2890 illi
1010 2835 1376 2899 concretione,
1413 2836 1466 2891 bi
1505 2838 1642 2891 divi-

88 2924 225 2976 sione
250 2923 429 2992 impii,
466 2924 600 2998 recti
628 2934 800 2979 metas
821 2927 1110 2982 excedunt.

150 3011 618 3078 Quemadmodum
651 3014 796 3069 enim
849 3018 1077 3085 priores,
1110 3023 1202 3089 qui
1229 3019 1392 3075 imam
1426 3022 1645 3076 deitatis

1744 1930 1881 1983 uarii
1910 1932 2052 1984 enim
2085 1929 2231 2002 Syri,
2268 1932 2527 2000 quidnam
2563 1933 2708 1987 aliud
2737 1947 2922 1988 vocem
2968 1933 3263 1988 amentiam
3286 1932 3312 1985 ἲ

1742 2023 1837 2091 qui
1866 2021 2075 2079 scilicet
2100 2024 2320 2077 doceret
2373 2024 2650 2094 accepisse
2682 2025 2901 2093 quidem
2930 2023 3163 2079 Verbum
3184 2038 3313 2079 car-

1744 2128 1887 2177 netu;
1917 2129 2038 2169 eam
2068 2123 2249 2177 tamen
2278 2114 2463 2168 animo
2519 2129 2583 2168 ac
2615 2122 2797 2169 mente
2813 2129 3001 2170 carere
3029 2116 3315 2170 dementer
3382 2175 3387 2179 ,

1743 2214 2033 2265 assereret.
2272 2272 2279 2279 .

1815 2291 1912 2347 llis
1934 2294 2141 2363 utique,
2167 2294 2398 2365 aliisque
2442 2297 2884 2365 quamplurimis,
2915 2312 2980 2350 ac
3001 2298 3319 2353 deterrimis

1744 2384 2113 2453 opinionibus,
2159 2400 2258 2441 ceu
2305 2387 2462 2442 saevis
2493 2387 2747 2457 procellis
2780 2387 3013 2441 immane
3045 2396 3310 2457 quantum

1745 2473 2027 2560 ﬂuctuanti
2057 2476 2180 2531 urbi
2206 2476 2480 2545 Augustae,
2510 2478 2658 2532 velut
2697 2476 2821 2545 quis
2846 2478 3087 2546 optimus
3118 2477 3316 2546 guber-
3368 2498 3369 2501 η
3478 2556 3484 2565 Ι

1746 2575 1905 2630 nator
1924 2553 2279 2622 admirandus
2318 2567 2408 2622 bic
2438 2566 2735 2637 Gregorius
2768 2584 2797 2621 a
2837 2567 2966 2632 Deo,
3007 2582 3186 2636 eoque
3214 2583 3316 2623 au-

1746 2658 1917 2728 spice,
1956 2657 2244 2714 incumbit.
2290 2658 2371 2713 Ac
2441 2658 2587 2713 sicut
2642 2658 2798 2727 prius
2844 2658 3111 2713 Dominus
3153 2656 3316 2712 Jesus

1744 2749 2050 2818 discipulis,
2076 2750 2263 2819 pelago
2286 2759 2448 2805 nocte
2478 2751 2603 2804 navi
2646 2749 3111 2810 conﬂictantibns;
3140 2748 3317 2803 lactus

1746 2838 2097 2909 conspicuus,
2126 2852 2230 2893 suo
2260 2837 2445 2893 statim
2491 2838 2727 2892 adventu
2775 2845 3049 2891 tumentes
3076 2837 3319 2907 compri-

1748 2930 1848 2983 mit
1902 2929 2134 2995 ﬂuctus;
2191 2936 2496 2997 ventosque
2548 2921 2865 2995 increpans,
2903 2925 3197 2995 procellam
3260 2926 3319 2980 in

1750 3019 2200 3089 tranquillitatem
2256 3017 2529 3073 convertit
2552 3017 2639 3069 ’σε
2684 3017 2767 3071 sic
2796 3030 2962 3070 verus
3016 3015 3194 3084 reipsa
3234 3014 3354 3076 di-_

89 3113 188 3155 tum
232 3113 495 3158 naturam
550 3105 811 3169 sentiant,
872 3119 985 3161 tum
1046 3125 1356 3179 personam,
1393 3114 1643 3183 procula
1679 3174 1717 3188 Α
1751 3112 2017 3181 scipulus,
2042 3126 2125 3175 ac,
2174 3109 2355 3179 quoad
2402 3104 2547 3173 licet,
2608 3108 2849 3188 imitator
2878 3115 3157 3169 strenuus,
3193 3121 3318 3161 cum

87 3194 300 3251 veritate
324 3196 719 3262 exerrant;sic
741 3208 795 3252 et
840 3174 1087 3267 secundi,
1124 3204 1218 3271 qui
1250 3174 1445 3272 praeter
1463 3190 1645 3258 ternas
1678 3174 1720 3230 (δ
1755 3174 2210 3271 illo'pariter,iis,
2234 3199 2327 3269 qui
2356 3198 2581 3269 spiritali
2608 3174 2929 3265 tempestate
2945 3196 3317 3265 jactabantur,

90 3298 361 3352 personas,
396 3286 562 3341 etiam
593 3295 800 3352 natura!
840 3288 1185 3356 divisionem,
1220 3292 1533 3348 Graecorum
1564 3312 1651 3347 er-

90 3389 199 3429 rore
247 3391 315 3432 ac
368 3378 649 3447 impietate
706 3380 998 3447 inducant;
1052 3383 1258 3438 alienos
1298 3400 1327 3438 a
1355 3383 1513 3441 Patre
1534 3385 1649 3439 elli-

88 3466 248 3533 eiunt,
277 3469 376 3538 qui
410 3478 628 3525 suntex
662 3456 817 3541 ipso;
855 3474 984 3542 quin
1019 3484 1073 3527 et
1103 3475 1251 3552 ipsos
1274 3475 1413 3530 inter
1439 3476 1653 3531 sealie—

92 3568 177 3609 nos
223 3559 626 3626 pronuntiant:
678 3563 977 3630 imparibus
1021 3564 1248 3630 scilicet,
1314 3580 1652 3636 pronusque

91 3644 313 3715 indignis
347 3650 551 3705 deitate
588 3653 866 3721 gradibus,
895 3653 1091 3709 Filium
1123 3657 1270 3713 Patri
1329 3658 1655 3715 submitteua

93 3746 196 3805 tes;
249 3754 317 3797 ac
347 3742 592 3812 Spiritus
634 3744 861 3815 gloriam
916 3746 1038 3801 Filii
1091 3749 1335 3805 claritate
1360 3750 1652 3813 minorem,

90 3829 464 3901 detrahentes;
496 3837 626 3904 quin
657 3837 835 3905 potius
877 3837 979 3908 ipsi
1007 3854 1067 3894 se
1101 3856 1208 3895 una
1266 3857 1331 3897 ac
1391 3843 1654 3914 singulari

92 3920 277 3979 deitate
333 3925 499 3996 longe
536 3926 875 3994 abdicanles,
905 3932 1180 3997 extraneis
1227 3941 1392 4003 atque
1431 3934 1656 3989 absonis

92 4014 437 4079 opinionibus
461 4015 553 4070 alii
576 4016 629 4070 in
649 4016 793 4072 alios
823 4019 1019 4072 merito
1052 4019 1368 4077 incitantur.

155 4102 256 4159 Eos
288 4106 462 4168 enim,
488 4108 579 4175 qui
613 4122 661 4160 a'
674 4109 855 4161 medio
885 4121 1290 4178 exerravcraut,
1318 4123 1481 4181 atque
1504 4129 1534 4167 a
1568 4129 1655 4168 re-

94 4195 167 4259 gia
200 4196 615 4251 declinaveraut
662 4198 739 4267 (in
790 4214 895 4266 qua
943 4203 1018 4253 uti
1066 4202 1238 4255 virtus
1267 4205 1467 4267 omnis,
1492 4206 1570 4259 sic
1603 4218 1657 4259 et

97 4284 358 4355 inculpata
420 4303 666 4357 puraque
724 4290 996 4357 consistit,
1057 4306 1123 4346 ac
1186 4302 1461 4361 spectatur
1502 4295 1655 4365 lidcs)

94 4377 308 4430 omnino
365 4393 461 4445 par
493 4388 628 4438 erat,
660 4380 976 4445 excess-ilius
1038 4396 1103 4436 ac
1136 4382 1437 4438 defectibus
1492 4386 1655 4440 iulia:-

1752 3304 2037 3360 apparens,
2103 3288 2359 3358 procellae
2403 3285 2669 3355 prrecipit,
2715 3293 2879 3354 atque
2934 3284 2988 3337 in
3024 3298 3218 3338 auram
3246 3285 3319 3348 ³⁸,

1750 3384 1870 3452 ejus
1901 3382 2157 3438 ﬂuctibus
2190 3381 2497 3445 silentibus,
2521 3378 2729 3433 statuit.

1819 3471 1888 3527 At
1909 3484 2145 3541 quonam
2170 3470 2223 3525 id
2252 3469 2446 3523 modo?
2474 3466 2576 3521 Hic
2607 3467 2739 3520 mihi
2774 3466 3108 3520 narrationis
3129 3476 3324 3521 vernat

1753 3560 2005 3615 amabilis
2058 3567 2409 3628 conspectus.
2484 3553 2790 3625 Ingreditur
2839 3550 3183 3625 Byzantium,
3212 3568 3360 3610 non?

1752 3652 2048 3709 sateititum
2076 3656 2270 3719 agmen
2300 3648 2598 3710 adducens,
2637 3643 2732 3699 sed
2759 3644 3055 3699 virtutibus
3084 3645 3327 3700 circum-

1755 3742 2105 3813 stipantibus.
2129 3737 2247 3793 Non
2278 3752 2495 3801 aurum,
2529 3749 2635 3789 non
2674 3726 2981 3805 argentum,
3016 3747 3123 3788 non
3148 3748 3225 3790 es
3267 3735 3326 3789 in

1756 3846 1892 3888 zona
1948 3833 2179 3896 habens;
2236 3830 2330 3883 sed
2391 3828 2513 3899 ﬁde,
2562 3842 2678 3897 spe,
2732 3814 2797 3880 ac
2860 3826 3146 3897 cbaritate,
3180 3826 3329 3881 velut

1759 3922 1964 3977 mundo
1989 3918 2365 3990 prastantiore
2388 3916 2552 3987 quam
2582 3932 2681 3987 pro
2725 3915 2917 3972 mundi
2965 3916 3082 3985 ipsa
3108 3918 3326 3971 ratione

1758 4012 2064 4068 redimitus.
2125 4008 2242 4063 Non
2284 4008 2563 4080 pretiosas
2620 4014 2835 4071 vestes,
2889 4020 2997 4059 non
3054 4005 3335 4079 mulorum,

1758 4100 2126 4159 convelnendis
2193 4096 2935 4161 sarcinis_multitudinem;
3000 4110 3112 4149 non
3180 4095 3327 4150 aliud

1759 4196 2077 4265 quidquam,
2114 4191 2197 4244 vel
2219 4189 2498 4259 exiguum,
2534 4188 2616 4242 vel
2647 4195 2926 4257 magnum,
2974 4187 3045 4242 iis
3066 4201 3132 4242 ex
3165 4187 3331 4243 rebus

1759 4301 1895 4355 quas
1923 4290 2263 4351 comportare
2293 4280 2461 4333 moris
2489 4289 2573 4333 est
2594 4279 2726 4332 viris
2754 4278 2882 4332 luxu
2908 4277 3235 4347 magnificis.
3264 4284 3337 4335 ac‘

1759 4375 1943 4430 carnis
1968 4388 2157 4442 curam
2191 4372 2502 4441 agentibus,
2536 4371 2774 4425 inferens
2798 4388 2814 4437 ;
2839 4371 2934 4426 sed
2967 4368 3096 4426 Jesu
3114 4370 3332 4441 sapien-s
3370 4445 3376 4450 ‘

96 4479 285 4533 rentes,
312 4469 370 4522 in
397 4468 694 4523 nimietatis
712 4472 905 4525 scirtes
938 4472 1247 4539 incurrere;
1274 4487 1657 4545 postremoque
1691 4491 1737 4549 ῃ
1761 4467 1891 4519 liam
1951 4479 2014 4518 ac
2047 4462 2398 4526 ιειιυὶιειθιιη
2430 4461 2742 4530 culmoque
2785 4459 3047 4530 apostolis
3100 4458 3337 4526 parcita-

97 4562 141 4612 in
198 4556 657 4616 contrarietatem
698 4563 945 4630 dissidio,
992 4565 1413 4636 inimicitiasque
1467 4585 1655 4637 prore-

97 4663 228 4714 pere.
269 4650 443 4719 quue
478 4646 613 4704 alica
652 4653 1108 4720 quemadmodum
1169 4655 1309 4719 istis,
1346 4657 1396 4709 in
1440 4657 1507 4711 iis
1536 4674 1659 4730 qua:

100 4741 155 4789 ad
182 4740 383 4793 trinam
417 4737 677 4793 Deilatcm
706 4750 974 4809 spectant,
1012 4744 1084 4796 ita
1116 4759 1308 4798 rursus
1334 4746 1477 4811 aliis,
1509 4746 1562 4798 iu
1595 4749 1660 4799 iis

99 4844 207 4893 qua:
230 4829 298 4882 ad
331 4829 432 4882 Dei
466 4827 627 4882 Verbi
655 4830 1106 4896 incarnationem,
1144 4834 1296 4885 aiunt
1344 4835 1611 4890 accidisse
1643 4854 1655 4888 ;

98 4914 210 4972 uim
235 4935 439 4989 nempe
472 4920 564 4973 alii
595 4936 663 4974 ex
690 4919 1143 4991 Cbristoﬁuplici
1173 4935 1365 4978 natura
1390 4924 1527 4979 duos
1556 4927 1657 4980 sibi

103 5008 255 5074 Filios
282 5012 627 5067 inducendos
670 5012 968 5078 sentirent;
1000 5012 1090 5065 alii
1119 5014 1174 5066 in
1209 5030 1373 5068 unam
1408 5031 1532 5069 eum
1561 5027 1660 5068 na-

1763 4570 1895 4623 tem,
1933 4559 2244 4625 nudamque
2300 4570 2365 4608 ac
2402 4553 2705 4625 simplicem
2738 4553 2807 4607 ad
2858 4550 3209 4623 Evangelium
3234 4550 3331 4622 (et,

1768 4665 1825 4708 ut
1850 4654 1921 4707 ita
1953 4649 2152 4719 dicam)
2174 4649 2493 4716 imparatam
2525 4648 2994 4716 praeparationem.

1838 4746 1929 4800 Sic
1955 4744 2136 4812 igitur,
2154 4756 2331 4810 coque
2362 4740 2658 4795 adveniens
2687 4748 2971 4808 apparatu,
2998 4739 3176 4807 qualis
3209 4755 3336 4795 eum
3403 4771 3411 4777 -

1768 4837 2012 4899 decebat,
2068 4833 2151 4886 cui
2186 4831 2498 4885 concredita
2550 4829 2851 4897 apostolica
2894 4825 3105 4879 functio
3150 4838 3335 4892 esset;

1768 4928 2002 4996 primum
2045 4924 2260 4990 quidem
2291 4919 2433 4987 apud
2460 4919 2727 4986 quosdam
2754 4916 3176 4979 necessitudine,
3217 4932 3341 4983 quae

1764 5016 2064 5070 secundum
2104 5014 2353 5082 spiritum
2391 5019 2497 5072 est,
2543 5008 2891 5076 coniunctos,
2956 5008 3156 5077 hospes
3185 5008 3337 5075 agit:

103 5109 264 5156 turam
299 5119 370 5158 ex
416 5119 525 5158 una
556 5119 797 5174 persona:
829 5105 1037 5160 ratione
1068 5114 1326 5174 cogerent
1357 5125 1370 5159 :
1408 5122 1531 5159 cum
1567 5121 1664 5175 par
1768 5108 1821 5163 id
1850 5118 2028 5162 autem
2063 5105 2131 5159 ad
2158 5118 2367 5173 magna:
2392 5099 2698 5155 Anastasis;
2740 5098 2854 5169 (l3)
2885 5099 3094 5167 exiguae
3143 5099 3338 5151 domus

104 5200 235 5245 esset
259 5193 376 5249 illic
412 5198 637 5263 pariter,
681 5208 843 5264 atque
875 5196 965 5252 hic
994 5197 1203 5251 honesti
1245 5198 1493 5252 terminis
1524 5198 1663 5251 insi-

1770 5200 2044 5274 prosimas
2104 5198 2281 5265 ardes.
2317 5194 2434 5248 Una
2491 5193 2628 5253 haec,
2664 5191 2813 5261 quod
2845 5191 2938 5244 vili
2970 5190 3149 5242 forsan
3184 5189 3339 5240 sche-

103 5288 316 5350 stentes,
350 5295 470 5340 tum
502 5289 666 5343 simul
697 5290 1025 5360 dispescere,
1084 5299 1205 5353 tum~
1225 5301 1551 5345 connectere
1602 5305 1667 5346 ac
1772 5287 1936 5354 matﬁ,
1970 5302 2215 5357 penequc
2236 5283 2444 5338 inutilis
2467 5282 2764 5344 videretur,
2785 5280 3053 5334 ha-rctia-is
3074 5278 3341 5345 neglecta.

166 5464 208 5495 ⁸⁸
244 5461 394 5518 Psal.
428 5479 539 5528 ενι,
573 5466 666 5519 29.

109 5633 120 5637 ﬂ
172 5666 278 5736 (l5)
308 5664 458 5736 lianc
490 5665 606 5730 ipse
645 5662 860 5736 Nicctas
905 5662 1121 5736 egregio
1168 5661 1355 5715 laudat
1374 5663 1667 5736 encomio;

1781 5662 1895 5714 aede
1942 5662 2051 5713 illic
2090 5674 2245 5713 sacra
2296 5674 2359 5713 ac
2408 5660 2559 5713 cultu
2620 5658 3153 5731 Byzaminam;quo
3182 5654 3342 5710 etiam

108 5731 291 5807 nempe
319 5735 594 5791 seniorem
618 5747 683 5788 ac
705 5734 927 5785 seniore
949 5731 956 5732 7
976 5732 1148 5787 Roma
1172 5742 1369 5797 ortam,
1406 5746 1504 5786 nec
1562 5731 1666 5786 nisi
1778 5732 1941 5785 modo
1972 5742 2162 5786 auctor
2191 5740 2346 5785 vocat
2376 5744 2557 5785 suam.

296 5936 338 5959 Χ
