3924 6312
369 400 474 467 463

1541 401 1621 461 NI
1627 399 1833 461 CETE
1862 398 2053 461 PAPH
2061 396 2304 458 LAGON
2312 399 2383 459 IS

3480 392 3603 457 ω

368 510 687 584 Gregorium
724 510 775 565 in
805 511 955 566 orbis
994 526 1168 581 usque
1208 512 1342 567 flues
1378 512 1463 567 sui
1500 514 1802 569 claritatem
1834 526 1927 565 no-
1961 512 2005 568 Δ
2034 509 2412 574 deterioribus,
2450 507 2544 563 sed
2580 508 3063 578 prmstantioribus,
3127 523 3233 563 non
3269 507 3335 563 ab
3368 507 3437 563 iis
3471 522 3605 576 qna.-

368 604 533 660 minis
573 601 819 673 protulit.
855 601 1092 667 Modum,
1127 616 1237 669 quo
1287 603 1340 656 in
1387 603 1559 656 lucem
1598 612 1883 671 susceptus
1915 618 1933 657 :

367 696 628 751 maternis
659 694 800 748 enim
826 693 1092 761 pret-ibus,
1124 707 1187 747 ac
1217 694 1338 755 fide,
1373 693 1513 747 haud
1538 710 1695 750 secus
1724 710 1786 750 ac
1815 711 1935 764 qua:

369 786 544 841 Verbo
592 786 873 854 praecurrit
905 800 1026 851 vox,
1064 792 1157 837 aut
1195 784 1342 837 velut
1373 800 1525 840 sacer
1560 786 1646 840 ille
1675 803 1735 839 ex
1783 796 1933 839 utero

366 878 611 945 Samuel,
645 880 988 947 impetratus,
1029 877 1717 946 earumquedubioprocu!
1748 885 1931 944 partus

367 971 537 1025 audiit
593 986 655 1025 ac
685 968 926 1025 effectus.
969 968 1241 1024 Urbanam
1276 969 1677 1031 educationem,
1708 968 1930 1022 scitam-

368 1078 506 1133 qtte,
543 1078 606 1116 ac
630 1076 735 1131 qua
764 1061 979 1115 educari
1023 1056 1146 1115 eum
1184 1061 1434 1121 decebat,
1477 1060 1565 1128 qui
1588 1070 1949 1133 sacrosancta.

368 1141 676 1223 decensque
720 1153 934 1207 virtutis
974 1154 1185 1208 oliicina
1228 1153 1444 1207 futurus
1482 1161 1617 1206 erat.
1653 1150 1929 1222 Ingenium

368 1245 583 1308 subtile,
625 1260 688 1297 ac
713 1244 1127 1312 capacissimum
1161 1244 1211 1295 in
1237 1243 1466 1311 juvene,
1498 1258 1562 1295 ac
1594 1251 1779 1296 tenero
1802 1258 1928 1297 eor-

367 1348 540 1403 pore;
583 1334 856 1402 animique
886 1331 1160 1386 solertiam
1206 1342 1429 1393 tantam,
1466 1334 1812 1401 sagacitatem
1870 1348 1932 1386 ac

365 1425 764 1493 praestantiam,
788 1432 987 1489 quanta
1018 1439 1141 1477 eum
1175 1424 1355 1477 statim
1383 1422 1656 1492 designari
1688 1422 1927 1485 decebat,

365 1519 457 1586 qui
501 1517 744 1570 divinum
806 1531 871 1570 ac
931 1517 1278 1585 magnificum
1326 1514 1604 1584 sapientia:
1650 1514 1928 1569 delubrum

364 1605 761 1660 exstruebatnr.

435 1697 516 1749 Ad
538 1697 652 1750 hazc
681 1695 862 1750 varias
894 1695 1190 1764 disciplina:
1219 1710 1380 1749 causa
1410 1710 1631 1765 peregre
1650 1703 1929 1764 susceptas

364 1787 724 1854 profectiones
756 1804 817 1841 ac
838 1789 1028 1841 itinera
1051 1805 1064 1852 ;
1090 1787 1538 1856 puta.—Nazian7.o
1585 1789 1925 1855 Caesaream;

363 1876 595 1947 ln'deque
629 1880 680 1933 in
715 1878 1052 1933 Pakesﬁnam
1091 1896 1103 1939 ;
1140 1896 1312 1948 exque
1345 1879 1627 1934 Paltestina
1693 1881 1927 1934 Alexanu

360 1971 535 2024 driatn
570 1986 583 2034 ;
633 1970 961 2022 Alexandria
1010 1971 1061 2022 in
1094 1969 1382 2033 Graeciam,
1427 1970 1776 2038 Athenasque
1816 1986 1931 2024 ma-

363 2077 528 2131 gnum
567 2062 696 2114 illud
728 2062 1101 2115 doctrinarum
1127 2062 1315 2124 decus.
1341 2076 1404 2116 ac
1427 2076 1614 2115 earum
1641 2062 1877 2131 reginam
1914 2077 1929 2126 ;

362 2154 455 2209 ubi
490 2154 673 2208 divino
708 2154 904 2208 Basilio
936 2155 1083 2223 paris
1113 2154 1414 2223 disciplina
1444 2169 1606 2209 causa
1638 2154 1747 2207 illic
1779 2168 1933 2222 pere-

363 2260 458 2314 gre
481 2247 656 2314 agenti
688 2261 1035 2313 congressus,
1066 2246 1318 2315 illiusque
1350 2262 1481 2301 usus
1514 2246 1929 2309 consuetudine,

364 2337 564 2390 nedum
606 2337 754 2397 tecti,
801 2337 1105 2404 victusque,
1144 2351 1206 2390 ac
1246 2352 1445 2390 mensa:
1480 2336 1685 2390 socium
1722 2334 1930 2398 habuit,

365 2427 458 2481 sed
504 2437 553 2479 et
602 2427 1091 2494 pulcherrimarum
1143 2427 1590 2495 disciplinarum,
1645 2428 1931 2497 omnisque

364 2516 581 2569 virtutis
624 2517 879 2570 concordi
918 2518 1114 2571 mentis
1158 2517 1453 2586 proposito.
1504 2533 1716 2585 unaqnu
1768 2517 1929 2570 animi

363 2608 763 2674 cuiuspiratione
806 2624 957 2677 teque
999 2608 1072 2660 illi
1106 2610 1370 2677 particeps
1408 2609 1657 2664 accessit.
1704 2609 1933 2663 Athenis

365 2710 493 2748 vero
532 2695 873 2764 Byzantium,
910 2696 1093 2749 urbem
1141 2682 1344 2752 scihcet
1374 2697 1482 2763 jam
1514 2696 1635 2767 ‘fcre
1663 2714 1931 2751 summam
1987 2705 1997 2714 ‘

361 2787 509 2840 orbis
533 2804 737 2849 arcem,
773 2788 825 2840 in
871 2803 1056 2856 quam,
1088 2788 1160 2841 uti
1194 2788 1410 2857 reliquae
1430 2799 1697 2843 terrarum
1734 2789 1933 2844 divitia:

364 2893 428 2932 ac
459 2887 780 2931 ornamenta
824 2894 917 2947 pro
953 2889 1196 2949 augusta:
1225 2880 1375 2933 urbis
1418 2880 1699 2948 majestate
1732 2897 1930 2933 conve-

365 2972 575 3022 nienter
622 2968 1016 3033 inferebantur,
1059 2970 1137 3023 sic
1184 2986 1402 3038 quoque
1449 2980 1576 3024 tunc
1619 2971 1770 3039 quod
1806 2971 1930 3025 uni-

362 3062 535 3115 versis
566 3061 914 3129 praastantius
946 3055 1047 3121 est,
1091 3061 1279 3114 litterae
1330 3061 1536 3114 sciliect
1568 3077 1629 3115 ac
1660 3061 1931 3126 doctrina,

2035 600 2290 664 exterius,
2327 598 2696 669 profanisque,
2722 616 2785 657 ac
2815 618 2933 670 qua:
2964 602 3105 655 circa
3124 603 3306 669 ipsum
3336 598 3603 654 conside—

2036 702 2245 757 rantur,
2272 692 2362 746 sed
2388 708 2416 745 a
2443 692 2692 761 propriis,
2716 708 2777 745 ac
2795 693 2993 762 quibus
3024 708 3117 762 per
3138 692 3291 746 [idem
3315 708 3378 747 ex
3409 690 3602 744 Evan-

1992 794 1995 795 '
2035 783 2156 852 gelii
2208 784 2415 838 ratione
2461 786 2673 853 egregie
2713 784 2930 839 functus
2975 794 3074 847 est,
3122 784 3319 837 virtute
3386 782 3603 837 scilict-t

2036 875 2133 945 (uti
2167 875 2367 927 dictum
2399 875 2523 941 est),
2557 876 2816 944 sapientia
2864 874 2925 928 ac
2960 875 3249 943 theologia,
3281 874 3599 943 pontificem

2036 980 2288 1035 magnum
2337 981 2399 1019 ac
2430 966 2758 1035 Theologum
2792 966 3072 1020 laudemus
3098 982 3112 1031 ;
3141 966 3315 1034 ipsum
3340 965 3599 1019 eumdem
3650 968 3657 971 ‘

2038 1059 2441 1121 invocantibus,
2488 1069 2544 1111 ut
2585 1059 2808 1112 canticis
2852 1069 3012 1127 atque
3061 1059 3313 1112 laudibus
3377 1044 3607 1124 adjutor

2034 1149 2207 1213 adsit,
2264 1150 2650 1219 dexteramque
2702 1149 3270 1219 benignius'pratbcat
3320 1149 3600 1204 fatiscenti

2038 1241 2302 1311 sermoni.

2100 1331 2193 1386 Ille
2229 1334 2386 1401 igitur
2416 1343 2590 1386 mente
2654 1332 2944 1402 animoque
2966 1334 3184 1387 divinus
3217 1350 3230 1385 :
3261 1334 3417 1401 cujus
3447 1332 3602 1386 actio

2031 1424 2176 1475 omni
2234 1425 2406 1492 major
2468 1425 2729 1478 imitantis
2776 1438 3029 1489 conatu;
3099 1424 3602 1493 contemplatioque

2031 1512 2227 1565 eximie
2252 1514 2541 1580 praecellit:
2569 1526 2761 1567 cuncta
2791 1525 3041 1569 scrutatis
3068 1516 3118 1569 in
3151 1514 3241 1569 Dei
3281 1515 3504 1584 Spiritu,
3523 1529 3602 1570 ac

2030 1598 2351 1665 dijudicans,
2396 1603 2597 1670 quique
2645 1601 2778 1669 ipse,
2832 1612 2889 1655 ut
2932 1602 3473 1671 divinusApostolus
3508 1604 3602 1656 lo-

2029 1690 2250 1758 quitur,
2300 1707 2329 1767 ξι
2379 1694 2592 1759 nemine
2648 1691 2968 1761 dijudicetur
3000 1693 3063 1745 ³⁹.
3116 1693 3304 1761 Magna
3355 1693 3601 1749 ccelestis

2032 1784 2253 1837 tonitrui
2280 1786 2453 1852 proles
2477 1800 2538 1838 ac
2581 1785 2721 1839 illius
2742 1803 2754 1847 ;
2778 1784 2892 1837 sola
2913 1784 3172 1853 temporis
3194 1784 3601 1852 antecessione,

2034 1871 2165 1924 nihil
2206 1888 2332 1925 vero
2360 1889 2635 1927 sacrorum
2676 1873 2986 1940 dogmatum
3020 1872 3315 1941 magnificis
3343 1870 3600 1937 'vocibus,

2031 1958 2443 2026 divinorumque
2477 1976 2756 2014 sensorum
2792 1954 3270 2030 fulgetris,qitibus
3296 1962 3431 2015 trine
3452 1960 3602 2016 sub-

2031 2050 2273 2104 sistentis
2294 2050 2517 2118 Deitatis
2536 2051 3069 2105 consubstantialitas
3088 2050 3373 2124 praedicata
3394 2054 3603 2109 meruit

2030 2140 2208 2207 fidem,
2250 2157 2279 2195 a
2327 2142 2499 2209 primo
2546 2141 2635 2194 illo
2679 2142 2936 2196 deficiens
2974 2159 2988 2207 ;
3043 2142 3111 2195 ob
3144 2158 3265 2211 quae
3294 2144 3460 2217 etiam
3492 2159 3603 2212 par

2032 2228 2103 2281 illi
2138 2244 2331 2282 nomen
2365 2241 2686 2284 consecutus
2718 2240 2821 2286 est.
2852 2230 2954 2296 Qui
2986 2231 3147 2294 clare,
3181 2247 3244 2285 ac
3283 2246 3390 2299 prae
3413 2231 3603 2285 omni—

2031 2316 2152 2381 bus,
2193 2319 2282 2387 qui
2312 2333 2726 2387 prazcesserunt,
2773 2322 3032 2389 apertius,
3058 2318 3379 2376 Trinitatem
3403 2328 3627 2389 perso-'

2033 2426 2221 2464 narum
2258 2410 2487 2467 Deitatis
2524 2414 2728 2467 unitate
2759 2412 2925 2468 Deum
2960 2414 3233 2480 celebret;
3274 2422 3605 2487 naturaeque
3673 2428 3689 2457 ‘-

2035 2503 2298 2557 unitatem
2366 2506 2418 2556 in
2466 2506 2858 2572 proprietatum
2907 2500 3174 2559 Trinitate
3218 2505 3600 2562 adorationem

2033 2595 2339 2659 habentem,
2375 2594 2617 2649 divinam
2652 2597 2917 2664 enuntiet.
3011 2628 3013 2630 -
3090 2608 3093 2609 '

2103 2687 2215 2751 Ille,
2254 2687 2399 2739 omni
2432 2689 2664 2755 primum
2708 2690 2944 2743 humana
2981 2690 3245 2759 sapientia
3293 2704 3357 2745 ac
3386 2690 3596 2744 virtute

2030 2778 2408 2847 pra-eruditus,
2429 2779 2745 2847 abundeque
2765 2780 2946 2834 animo
2971 2790 3033 2834 ac
3052 2788 3236 2835 mente
3256 2779 3319 2834 ad
3339 2780 3597 2850 pii-tatem

2031 2869 2419 2922 exercitatione
2449 2870 2644 2937 praevia
2686 2863 2953 2932 excultus,
3001 2885 3065 2924 ac
3095 2885 3217 2925 cum
3254 2886 3313 2926 se
3349 2872 3462 2941 ipse
3494 2887 3599 2942 per

2034 2955 2291 3025 Spiritum
2324 2972 2416 3009 vas
2449 2957 2558 3010 Deo
2577 2956 2797 3026 dignum
2829 2970 3206 3027 praeparasset,
3241 2959 3313 3015 ita
3346 2963 3413 3016 ad
3444 2962 3601 3016 lava-

2033 3062 2183 3101 crum
2214 3046 2637 3113 regenerationis
2662 3048 2807 3100 venit
2838 3064 2853 3111 ;
2903 3062 3012 3101 non
3039 3056 3098 3103 ut
3125 3048 3314 3103 sordes
3341 3050 3599 3108 ablueret

363 3165 462 3205 ceu
498 3150 562 3203 ad
596 3149 1100 3219 prmslanljssjmam
1133 3149 1347 3204 urbium
1377 3150 1428 3203 in
1456 3165 1575 3203 eam
1607 3151 1932 3220 commigra-
1957 3160 1999 3216 ς
2034 3138 2262 3209 (audens
2288 3138 2509 3204 dicam),
2536 3143 2629 3194 sed
2661 3139 2887 3195 clariore
2916 3140 3080 3195 animi
3113 3142 3474 3199 illustratione
3492 3145 3601 3199 ἀα-

365 3240 521 3296 bant.

438 3332 493 3385 In
522 3333 609 3384 his
640 3332 821 3399 itaque
847 3332 1188 3397 Gregorium,
1221 3332 1366 3384 viros
1393 3331 1677 3386 adeuntem
1706 3334 1930 3389 scientia

366 3422 869 3490 prmsmntissimos,
923 3423 1372 3495 iisque‘dantetn
1420 3438 1639 3491 operam
1698 3440 1712 3487 ;
1770 3434 1932 3493 atque

367 3512 516 3565 omni
574 3512 1081 3581 at'tevgrammatica
1126 3511 1440 3580 poeticaque
1476 3512 1690 3567 abunde
1723 3514 1932 3568 exerci-

368 3613 542 3657 tatum
579 3620 593 3667 ;
629 3604 863 3656 oratoria
896 3616 1108 3656 summe
1136 3588 1432 3667 excultum,
1470 3603 1689 3673 vimque
1714 3618 1930 3659 omnem

368 3695 657 3754 sermonis.
687 3694 1137 3763 elegantiamque,
1172 3709 1236 3747 ac
1264 3694 1569 3749 facundiam
1606 3696 1933 3769 commodis-

370 3788 506 3843 sime
536 3787 782 3854 adeptum
811 3802 824 3849 ;
859 3786 1093 3854 itemque
1124 3784 1496 3853 philosophiae,
1531 3800 1634 3837 non
1667 3785 1929 3854 quidquid

370 3876 632 3929 duntaxat
663 3874 981 3942 organicum
1010 3880 1113 3936 est,
1154 3881 1318 3941 atque
1379 3872 1444 3925 ad
1481 3888 1658 3927 mores
1689 3889 1753 3928 ac
1784 3884 1935 3929 natu-

367 3979 484 4019 ram
505 3978 975 4032 spectans,verum
1004 3964 1164 4016 etiam
1188 3962 1447 4031 quidquid
1479 3962 1649 4032 magis
1675 3965 1930 4020 eximium

370 4057 794 4125 spiritallusque,
850 4054 1239 4109 sublimissime
1267 4053 1587 4115 contuitntn.
1624 4055 1933 4124 mentisque

372 4147 717 4217 intelligentia
746 4154 1053 4223 assecutum
1086 4160 1098 4196 :
1134 4144 1225 4211 qui
1257 4143 1488 4211 denique
1513 4143 1931 4211 cujusvisdisci-

370 4238 569 4306 plinae,
623 4236 909 4303 omnisque
966 4236 1060 4304 (ut
1116 4235 1284 4288 verbo
1343 4235 1558 4300 dicam)
1617 4234 1931 4288 Graecorum

369 4328 645 4394 sapientiae
668 4342 732 4381 ac
760 4325 999 4379 scientia:
1045 4325 1323 4394 potissima
1353 4341 1580 4395 quaeque
1612 4326 1927 4395 decerpens,

367 4414 561 4481 hisque
588 4415 700 4482 ipse
730 4413 830 4467 sibi
866 4414 929 4465 ad
961 4428 1021 4467 ea
1052 4413 1462 4482 contemplanda
1495 4430 1613 4484 qua:
1645 4414 1749 4469 vim
1781 4432 1931 4470 men-

2032 3230 2263 3295 nandus,
2310 3230 2574 3299 baptisma
2603 3229 2821 3284 demum
2857 3230 3160 3300 suscipiens
3196 3249 3211 3296 ;
3248 3248 3347 3287 nec
3377 3244 3433 3287 ut
3461 3234 3597 3288 abo-

2031 3318 2164 3372 leret
2194 3330 2430 3388 peccata,
2466 3321 2557 3373 sed
2595 3319 2806 3388 potiora
2833 3319 2974 3374 dona
3006 3321 3384 3391 percepturus,
3424 3324 3607 3392 Spiri-

2034 3421 2143 3464 tum
2170 3410 2354 3480 gratiae
2377 3410 2688 3465 admittens.

2102 3498 2267 3567 Inque
2291 3500 2433 3554 hunc
2453 3503 2693 3565 modum,
2712 3501 2960 3556 secunda:
2977 3502 3103 3557 hinc
3126 3502 3248 3556 vila'
3266 3504 3597 3573 optimusque

2033 3606 2097 3644 ac
2130 3582 2467 3660 perfectioris
2508 3590 2812 3660 disciplina
2844 3592 3048 3649 ducens
3072 3595 3373 3657 exordium,
3411 3609 3439 3647 a
3465 3596 3599 3651 vita:

2034 3677 2121 3731 illa
2180 3678 2388 3747 ratione
2423 3693 2546 3748 qua:
2584 3681 2733 3733 carni
2786 3680 3083 3750 impensior
3113 3690 3215 3745 est,
3270 3683 3490 3737 omnino
3530 3700 3602 3739 se

2033 3768 2265 3823 alienum
2306 3769 2594 3825 exhibebat
2628 3787 2641 3825 :
2687 3772 2820 3842 quin
2877 3780 2931 3827 et
2966 3774 3365 3842 quodammodo
3409 3792 3439 3831 a
3480 3787 3597 3831 ter-

2034 3875 2159 3914 rena
2184 3860 2443 3931 tantisper
2479 3870 2536 3915 et
2560 3864 2781 3917 animali
2814 3863 3076 3933 sapientia
3113 3866 3158 3897 ⁸⁸
3198 3878 3358 3934 atque
3391 3871 3597 3924 virtute

2033 3951 2337 4018 excedebat.
2356 3951 2458 4007 Sed
2476 3960 2529 4006 'et
2543 3967 2701 4022 supra
2722 3955 3046 4011 mundanam
3064 3973 3274 4013 omnem
3295 3962 3594 4018 amicitiam

2032 4041 2225 4108 elatus,
2266 4043 2317 4096 in
2353 4045 2600 4112 spiritum
2632 4046 2977 4103 solummodo
3001 4051 3395 4119 commigrabat
3423 4070 3436 4117 ;
3471 4061 3590 4107 sta-

2035 4136 2248 4203 tuitque
2280 4145 2337 4189 ut
2378 4136 2546 4191 solam
2582 4138 2803 4206 spiritus
2831 4138 2999 4208 legem
3031 4154 3363 4209 sequeretur,
3420 4159 3588 4198 unam

2034 4222 2171 4277 hanc
2205 4232 2410 4280 teneret
2432 4241 2697 4293 normam,
2727 4229 2950 4299 ejusque
2973 4231 3186 4287 virtutis
3210 4248 3273 4287 ac
3310 4216 3593 4303 sapientia:

2032 4326 2150 4380 quae
2174 4315 2356 4369 divino
2383 4318 2585 4386 Spiritu
2622 4310 2927 4387 praestatur,
2970 4322 3241 4377 internum
3275 4325 3456 4379 animo
3484 4342 3589 4379 na-

2033 4415 2153 4459 ctus
2175 4419 2431 4472 amoretn,
2448 4422 2691 4477 eumque
2710 4413 3074 4480 magnificum,
3110 4416 3347 4485 iniquam
3367 4434 3587 4474 omnem

367 4507 439 4559 tis
481 4500 755 4557 excedunt
787 4503 1041 4570 praeclare
1089 4502 1381 4555 admodum
1441 4504 1582 4556 viam
1638 4506 1890 4559 muniens
1914 4546 1927 4567 ,
1962 4490 2004 4545 D
2034 4511 2257 4565 prorsus
2286 4498 2423 4569 viam
2454 4499 2759 4554 declinabat
2788 4517 2803 4567 ;
2852 4506 3167 4574 cunctisque
3199 4508 3395 4563 divinis
3430 4525 3589 4563 man-

368 4597 631 4659 sictotam
662 4592 877 4661 quidem
902 4592 1098 4649 mentis
1130 4608 1243 4647 suae
1273 4593 1378 4646 vim
1412 4608 1476 4647 ac
1502 4593 1927 4664 intelligentiam,

368 4684 641 4746 Tt-initati,
689 4698 806 4751 qua:
849 4683 1024 4753 ipsum
1070 4694 1360 4745 antequam
1404 4685 1567 4739 etiam
1614 4696 1930 4743 nasceretur

368 4777 635 4839 st-ivisset,
652 4790 976 4843 sacrumque
992 4775 1095 4828 sibi
1119 4774 1451 4845 Theolognm
1472 4778 1927 4847 prtedestinasset,

367 4866 601 4935 perfecte
648 4864 912 4919 addixerit
948 4883 962 4930 ;
1016 4868 1207 4934 patriae
1233 4870 1357 4920 vero
1392 4882 1455 4921 ac
1492 4869 1803 4934 parentibus
1837 4885 1928 4923 ca-

368 4966 512 5010 stum
555 4957 656 5011 hoc
700 4958 1120 5024 corpusculum,
1164 4960 1467 5027 majorique
1505 4961 1755 5017 animum,
1790 4976 1931 5030 pra:-

371 5047 658 5115 fulgentcm
703 5049 969 5103 castitatis
1010 5050 1129 5103 luce
1170 5051 1483 5104 reddiderit.
1520 5049 1643 5106 Haec
1681 5053 1932 5121 quidem,

370 5139 458 5192 cui
488 5137 725 5203 libuerit,
762 5151 943 5192 narret
1000 5156 1064 5194 ac
1096 5141 1508 5209 philosophetur
1543 5160 1556 5206 ;
1593 5143 1929 5198 rudimenta—

282 5286 283 5289 η
372 5228 470 5283 riis
522 5229 664 5283 velut
704 5229 1047 5294 actionibus,
1096 5232 1557 5301 defunctoriisque
1601 5233 1701 5287 viri
1744 5236 1929 5304 magni

373 5318 760 5386 agitationibus
786 5318 1060 5374 facultatis
1092 5321 1301 5374 dicendi
1330 5322 1436 5374 vim
1465 5338 1571 5377 non
1597 5323 1933 5380 defunctorie

377 5424 671 5478 promens;
703 5410 967 5477 siquidem
1006 5411 1071 5464 in.
1090 5410 1173 5463 his
1217 5427 1433 5480 quoque
1467 5414 1689 5483 dignum
1732 5415 1932 5483 aliquid

376 5498 494 5563 cius
522 5499 823 5565 prudentia.
846 5499 1119 5566 animiqtte
1153 5502 1456 5567 praestantia
1481 5519 1542 5556 ac
1570 5505 1938 5573 magnitudine

381 5588 525 5655 loqui
570 5589 710 5641 licet.
754 5589 917 5643 Nobis
956 5603 1132 5643 autem
1176 5592 1223 5642 id
1270 5594 1639 5661 propositum,
1681 5608 1783 5651 nun
1819 5610 1879 5674 ut
1906 5614 1935 5653 a

455 5764 540 5815 "l
573 5766 695 5819 Cur.
726 5782 782 5832 tt,
816 5766 874 5818 10
906 5785 916 5833 ς
952 5770 966 5821 l
1005 5770 1127 5822 Cur.
1164 5785 1220 5831 tt,
1266 5770 1340 5824 lii.
1422 5771 1463 5801 ⁸ο
1497 5768 1679 5823 Jacob.
1715 5784 1794 5839 In,
1833 5770 1915 5823 15.

2035 4589 2176 4644 datis
2219 4589 2387 4657 probe
2438 4590 2789 4659 perfunctus,
2857 4608 3045 4649 eurum
3096 4597 3241 4651 cultu
3311 4598 3589 4655 Christum

2036 4679 2406 4755 a’ppetibilium
2458 4696 2769 4748 supremum
2813 4684 2956 4738 votis
3020 4687 3464 4755 persequebatur.
3512 4690 3595 4745 Ac

2036 4772 2173 4826 sicut
2206 4773 2381 4840 pueri,
2424 4787 2546 4826 cum
2580 4776 2873 4829 teneriores
2917 4777 3213 4833 decurrunt
3255 4796 3459 4841 annos.
3508 4781 3595 4834 in-

2038 4858 2316 4915 fantilibus
2366 4862 2514 4917 scitis
2554 4864 2780 4932 vitasque
2811 4865 3111 4921 rationibus
3150 4869 3385 4932 educati,
3420 4870 3593 4939 mori-

2036 4952 2136 5006 bus
2174 4968 2387 5023 quoque
2424 4955 2691 5009 ac-sensis
2721 4956 3011 5023 puerilibus
3042 4966 3285 5024 utuntur,
3334 4961 3386 5014 in
3443 4962 3595 5016 viros
3648 5026 3655 5029 ν

2037 5052 2213 5095 autem
2247 5052 2637 5110 promoventes,
2668 5044 2914 5111 cogitatis
2941 5059 3003 5097 ac
3034 5048 3226 5101 studiis
3259 5062 3377 5115 quae
3415 5049 3595 5119 mgis

2038 5132 2181 5185 viros
2212 5132 2465 5197 deceant,
2504 5134 2854 5207 consequenti
2897 5135 3104 5191 ratione
3151 5138 3445 5202 accedunt,
3515 5140 3596 5194 ita

2039 5240 2249 5293 nempe,
2287 5232 2345 5277 ut
2369 5239 2431 5279 eo
2465 5226 2605 5294 quod
2635 5225 2926 5293 perfectum
2960 5234 3062 5292 est,
3090 5229 3309 5296 puerilis
3338 5229 3444 5283 illis
3466 5245 3593 5285 sen-

2037 5330 2131 5369 sus
2173 5330 2236 5368 ac
2281 5315 2548 5369 institutio
2605 5316 2884 5369 aboleatur
2921 5333 2934 5370 :
2976 5317 3053 5371 sic
3105 5332 3321 5387 quoque
3365 5335 3596 5389 magnus

2033 5405 2156 5469 iste,
2189 5406 2446 5475 quidquid
2495 5418 2618 5459 ante
2675 5408 2946 5461 lavacrum
2989 5408 3063 5460 illi
3107 5406 3427 5477 disciplinae.
3470 5420 3586 5465 tum

2039 5498 2103 5551 ad
2133 5497 2511 5561 eruditionem,
2541 5508 2651 5550 tum
2679 5498 2741 5549 ad
2767 5498 3005 5552 aetiones
3034 5514 3313 5567 moresque
3342 5510 3594 5567 spectans

2040 5591 2371 5647 elaboratum
2413 5590 2604 5655 fuerat,
2644 5598 2895 5657 tanquam
2938 5591 3192 5660 puerilem
3240 5604 3460 5645 sensum
3505 5608 3595 5646 re-
