3924 6312
154 427 265 496 αδ

876 424 1150 487 omne
1183 425 1308 524 xx.
1348 451 1412 464 —
1438 425 1522 488 IN
1559 424 1866 486 LAUDEM
1900 424 1962 486 s.
2002 421 2373 484 onseonn
2405 394 2684 483 THEOL.

3269 414 3371 484 “6

124 537 431 612 'linqnens
460 586 476 611 ,
532 545 778 613 quinimo
823 558 886 598 ea
931 536 1030 599 c'eu
1082 545 1388 599 rudimento
1450 546 1727 615 primaque
1755 544 1805 603 Α
1826 555 1891 596 eo
1918 541 2169 595 omnibus
2199 539 2356 595 simul
2375 537 2624 607 parandis
2647 535 2931 591 virtutibus
2955 533 3134 591 studio
3159 533 3371 589 incum-

156 627 518 686 Institutione
558 632 625 684 ad
676 629 1051 699 perfectionem
1099 633 1477 700 capessendam
1527 643 1722 696 utens,

153 723 534 787 apostolicum
562 722 688 777 illud
712 723 911 790 juther
935 736 1093 790 opere
1121 723 1374 790 implebat
1397 741 1410 775 :
1444 724 1573 788 Quae
1601 734 1720 777 sunt

156 818 302 864 retro
328 812 663 875 obliviscem,
721 811 789 864 ad
816 827 877 864 ea
912 828 1025 865 vero
1049 829 1164 881 qua:
1187 830 1218 866 α
1248 814 1417 882 fronte
1445 815 1724 867 secundum

156 897 455 965 prmﬁatatm
487 902 690 970 signum
714 898 780 952 άό
805 902 1035 954 ιιι-αυίιιηι
1065 917 1297 970 superna:
1328 893 1609 957 vocationis
1634 920 1724 957 ea:-

158 989 382 1042 tettdens
418 994 669 1060 meipsum
695 994 761 1046 δι.

210 1079 374 1139 Cum
409 1084 554 1134 enim
585 1081 794 1136 duobus
830 1083 1003 1136 modis
1036 1082 1266 1152 spectari
1304 1084 1719 1153 philosophiam,

155 1168 365 1222 nedum
417 1170 489 1224 ab
527 1172 594 1225 iis
635 1172 725 1240 qui
767 1171 899 1226 foris
939 1181 1096 1237 sunt,
1130 1173 1226 1228 sed
1254 1183 1305 1226 et
1341 1189 1370 1227 a
1411 1174 1609 1228 nostris
1632 1191 1727 1229 ex-

157 1256 444 1324 ploratum
493 1258 731 1331 haberet,
773 1269 884 1312 tuttt
925 1275 1114 1328 nempe
1148 1261 1398 1325 rationis,
1442 1269 1552 1314 tum
1593 1277 1727 1315 con-

161 1347 547 1413 templationis
592 1349 844 1412 ratione;
892 1349 1117 1418 profana
1171 1349 1385 1420 quidem
1436 1352 1502 1406 iis
1543 1353 1723 1408 relicta

159 1436 250 1500 qui
280 1435 448 1502 .foris
487 1447 614 1491 sunt
668 1453 735 1492 ac
782 1437 1020 1506 profanis
1047 1439 1210 1508 ,‘ipse
1252 1439 1328 1492 illi
1363 1455 1481 1508 quae
1514 1441 1725 1495 interna

153 1535 241 1578 est
270 1527 461 1581 solum
491 1529 891 1583 inhaerescebat.
948 1529 1002 1582 ld
1055 1529 1309 1584 nimirum
1335 1546 1457 1585 vere
1486 1533 1724 1600 philoso-

156 1614 350 1684 phiam
395 1617 620 1696 ducens,
653 1626 710 1672 ut
744 1634 770 1670 a
816 1618 1018 1672 mundo
1063 1619 1259 1675 animis
1297 1620 1722 1690 abrumperetur,

155 1719 502 1775 manentque
542 1708 596 1761 in
632 1723 696 1763 eo
736 1709 1105 1762 confusionem
1167 1725 1230 1763 ac
1265 1711 1732 1779 perturbationem
1767 1744 1769 1746 -

160 1788 601 1858 transcenderet,
647 1795 854 1862 solique
917 1797 1104 1864 prima:
1165 1811 1228 1851 ac
1273 1799 1567 1853 verissima
1617 1801 1721 1854 luci

1825 630 2004 692 bebat,
2052 629 2263 684 actione
2311 627 2524 698 quidem
2568 627 2634 682 iis
2682 627 2979 696 defungens
3007 639 3124 693 qua:
3163 623 3376 678 actione

1823 728 2092 786 constant,
2144 719 2590 788 contemplatione
2640 727 2816 772 autem
2869 717 2955 782 iis,
2995 731 3116 785 quas
3135 725 3376 770 contem-

1826 811 2058 880 platione
2085 830 2095 863 :
2125 811 2225 874 vel,
2261 811 2471 864 actione
2503 810 2738 878 quidem,
2769 809 2834 862 ad
2865 823 2927 862 ea
2966 824 3088 876 qua:
3131 814 3377 861 contem-
3443 809 3450 812 ’

1825 901 2073 970 plationis
2110 909 2255 965 sum,
2286 914 2648 969 promovens;
2696 892 3147 967 contemplatione
3190 903 3370 949 autem

1825 1005 1887 1044 ca
1918 991 2018 1044 sibi
2056 989 2339 1044 familiaria
2370 989 2598 1043 reddens
2631 1005 2749 1058 qua:
2785 998 2910 1046 sunt
2946 986 3196 1041 actionis.

1891 1081 1959 1133 At
1984 1092 2224 1149 quantam
2257 1078 2396 1132 actio
2419 1079 2645 1146 ?Opera!
2670 1078 2899 1148 pretium
2933 1079 3074 1130 enim
3103 1075 3372 1137 existimo,

1825 1178 1882 1222 ut
1913 1184 2006 1237 per
2029 1168 2270 1227 virtutes,
2298 1169 2493 1236 quibus
2540 1168 2627 1221 illa
2661 1167 2943 1236 magnifice
2978 1165 3218 1234 splendet
3251 1173 3375 1217 ante

1822 1257 2349 1326 contemplationem,
2376 1271 2493 1310 eam
2527 1256 2887 1324 desiguexuus.
2919 1252 3173 1316 Quaenam
3215 1251 3374 1322 igitur

1823 1359 1947 1403 sunt
1969 1348 2235 1401 virtutes?
2285 1347 2523 1400 Primum
2554 1346 2767 1413 quidem
2803 1345 2953 1398 firma
2993 1343 3245 1403 solitudo,
3279 1356 3372 1396 seu

1823 1438 2001 1506 quies,
2037 1451 2101 1490 ac
2149 1436 2519 1491 mundissima.
2547 1434 2812 1497 Solitudo,
2840 1435 3079 1504 inquam,
3129 1447 3192 1486 ac
3221 1430 3374 1500 quies

1823 1528 1990 1581 animi
2027 1527 2227 1596 pariter
2256 1535 2309 1581 et
2358 1525 2622 1594 corporis.
2653 1525 2765 1577 Non
2798 1525 2939 1577 enim
2961 1522 3081 1576 'loci
3113 1523 3378 1576 duntaxat
3436 1596 3438 1598 ν

1824 1617 2072 1686 prasidio
2103 1630 2162 1670 se
2203 1625 2313 1670 tum
2345 1616 2616 1677 civilibus,
2657 1625 2766 1669 tum
2795 1616 3086 1668 rusticanis
3109 1616 3378 1670 subduce-

1819 1707 1916 1762 bat
1951 1708 2286 1772 tumultibus,
2323 1708 2412 1761 sed
2454 1708 2609 1775 longe
2648 1708 2818 1775 magis
2853 1709 2904 1760 in
2937 1723 2994 1761 se
3041 1708 3154 1774 ipse
3182 1704 3380 1762 mentis

1823 1797 2149 1859 constantia,
2188 1808 2351 1864 seque
2376 1795 2570 1858 medio,
2610 1795 2661 1846 in
2702 1793 2868 1847 Deum
2901 1809 3215 1854 conversus,
3253 1808 3375 1848 mo-

158 1892 258 1947 pcr
291 1894 486 1934 veram
513 1895 576 1936 ac
603 1882 868 1937 sinceram
892 1891 1002 1937 tum
1032 1884 1169 1950 vitae,
1196 1893 1307 1939 tum
1331 1887 1604 1950 doctrinae,
1637 1903 1722 1962 ra-
1757 1861 1794 1916 Β
1824 1885 1976 1940 ribus
1999 1884 2176 1955 potius
2210 1861 2677 1949 solitudinemacg
2701 1882 2951 1950 quietem
2984 1881 3163 1933 obibat
3193 1895 3210 1943 ;
3241 1889 3384 1932 tran-

157 1968 368 2024 tionem
391 1971 731 2037 misceretur,
774 1973 921 2026 omni
946 1975 1152 2030 studio.
1183 1968 1722 2047 uervicacissimaque

157 2058 464 2129 diligentia.
483 2062 534 2115 id
559 2064 886 2118 enitcbatur.

227 2149 548 2218 lntelllgens
594 2162 793 2218 autent,
840 2171 942 2208 non
994 2157 1097 2210 alia
1150 2171 1208 2210 se
1246 2138 1465 2213 ratione
1491 2159 1541 2211 id
1579 2161 1721 2226 quod

159 2238 306 2293 votis
345 2239 675 2310 emagitabat
725 2243 863 2297 felici
908 2233 1164 2299 successu
1213 2247 1467 2314 consequi
1523 2263 1746 2315 posse,-

159 2344 329 2398 quant
363 2329 411 2384 si
451 2331 565 2400 ipse
607 2347 635 2384 a
665 2349 724 2387 se
773 2335 989 2389 virtutis
1016 2335 1279 2390 actionem
1315 2337 1534 2400 coleret,
1572 2338 1719 2409 coeli-

159 2428 358 2489 tusque
404 2435 437 2473 a
470 2419 667 2488 Spiritu
752 2424 1009 2478 auxilium
1079 2438 1341 2497 Opemque
1389 2425 1654 2480 obtineret
1705 2442 1719 2480 :

157 2510 282 2560 esse
317 2508 468 2561 enim
511 2509 706 2577 pariter
737 2526 1070 2567 communem
1108 2514 1230 2566 boni
1260 2514 1600 2582 adeptionem
1658 2531 1720 2570 ac

161 2598 716 2665 consummationem,
746 2616 868 2654 cum
904 2591 1107 2656 scilicet
1154 2601 1296 2656 Deus
1329 2603 1555 2666 semina,
1596 2619 1721 2658 nos-

161 2702 289 2755 que,
352 2696 416 2741 ut
473 2687 645 2754 decet,
697 2690 1058 2759 operationem
1099 2691 1439 2748 conferamus
1490 2693 1608 2761 (2):
1658 2709 1720 2747 ac

166 2776 409 2846 Spiritus
431 2782 646 2849 quidem
680 2791 736 2836 ut
771 2782 969 2838 bonum
1006 2784 1250 2848 velimus,
1286 2782 1633 2854 alilatutuque
1663 2784 1717 2837 in

163 2868 322 2924 nobis
367 2873 614 2941 mystice,
651 2872 1018 2942 secretiusque
1066 2882 1335 2942 operetur,
1397 2889 1496 2928 nos
1540 2883 1717 2927 autem

171 2960 413 3030 Spiritus
445 2965 612 3019 secuti
650 2965 956 3029 consilium,
1001 2967 1186 3035 proba:
1219 2967 1413 3022 mentis
1449 2968 1720 3036 proposito

167 3050 615 3122 illicooperemur
648 3053 664 3109 ξ
697 3056 810 3110 haec
834 3057 1012 3126 itaque
1038 3058 1118 3110 vir
1147 3059 1235 3111 ille
1263 3060 1528 3128 magninci
1554 3059 1718 3111 animi

168 3145 438 3213 cogitans,
475 3153 859 3214 perspectoque
894 3162 1054 3215 quam
1087 3148 1139 3201 in
1167 3148 1378 3216 oppidis
1439 3158 1599 3217 atque
1629 3163 1718 3201 ur-

171 3233 367 3287 banam
416 3236 577 3290 vitam
616 3237 843 3303 agimus,
893 3238 1233 3306 quandoque,
1265 3241 1330 3292 iis
1357 3239 1589 3292 maxime
1625 3239 1714 3307 qui

168 3324 419 3380 tirocinia
437 3335 660 3394 ponunt,
680 3327 927 3381 instituto
957 3327 1166 3381 ollicere
1186 3368 1200 3393 ,
1233 3329 1284 3381 id
1317 3338 1417 3394 est,
1449 3344 1727 3396 capessen-

170 3415 250 3467 da:
286 3415 505 3469 sublimi
545 3417 923 3485 philosophias,
974 3428 1187 3486 repente
1231 3433 1288 3472 se
1346 3434 1373 3472 a
1403 3421 1724 3486 parentibus

1826 1975 2154 2045 quillamque
2214 1987 2276 2027 ac
2338 1978 2693 2024 mansuetam‘
2720 1970 2884 2022 animi
2940 1967 3377 2022 constitutionem
3435 2033 3438 2038 η

1824 2069 2071 2134 adeptus,
2099 2066 2152 2118 in
2184 2079 2288 2132 qua
2322 2063 2464 2115 velut
2488 2058 2752 2129 peliueido
2779 2059 2996 2128 speculo
3046 2073 3109 2111 ac
3133 2055 3378 2111 mundis-
3433 2108 3436 2111 .

1826 2155 1984 2217 simo,
2029 2153 2324 2214 cmlestium
2374 2150 2789 2204 illustrationuttt
2841 2147 3378 2216 reprzesentationes,

1827 2243 2054 2299 terrenis
2089 2225 2451 2313 impermistas
2484 2240 2667 2308 figuris
2727 2254 2788 2293 ac
2827 2237 3224 2298 seducentibus,
3257 2251 3382 2290 sus-

1825 2331 2078 2403 cipiebat.

1893 2421 2032 2477 Tum
2064 2437 2190 2475 vero
2217 2423 2490 2475 meditatio
2523 2423 2738 2475 robusta
2793 2422 3068 2490 jugisqtte.
3110 2415 3382 2469 lllcditatio

1826 2527 2102 2569 sacrOrum
2133 2512 2366 2581 Spiritus
2406 2514 2762 2579 eloquiorutn,
2806 2527 2925 2580 qua:
2961 2509 3156 2563 nedum
3200 2507 3379 2571 labiis,

1825 2603 1916 2658 sed
1944 2613 1998 2658 et
2025 2603 2188 2656 corde
2213 2618 2337 2655 vere
2365 2605 2416 2663 in
2452 2602 2706 2672 mysterio
2738 2599 3076 2669 proferantur
3108 2615 3122 2662 ;
3156 2592 3383 2663 eamque

1824 2695 1978 2762 piatte
2030 2693 2098 2746 ob
2133 2708 2264 2754 rem,
2295 2708 2400 2744 non
2445 2701 2777 2758 atramento,
2809 2690 2904 2756 sed,
2948 2687 3147 2756 Spiritu
3199 2686 3381 2740 animo

1823 2784 2208 2838 inscribantur.
2233 2783 2487 2850 Precandi
2517 2792 2693 2836 autem
2720 2782 2955 2835 studiunt
2992 2780 3170 2848 jugaie
3193 2789 3383 2830 nactus

1825 2874 2176 2938 meditationi,
2218 2875 2542 2928 iudivulsum
2595 2890 2622 2926 a
2655 2871 2761 2926 Deo
2801 2873 3038 2925 animum
3084 2868 3380 2922 obtinebat.

1825 2969 2286 3035 Quemadmodum
2319 2966 2461 3021 enim
2498 2982 2692 3036 corpus
2722 2963 3030 3018 solitudinis
3061 2962 3229 3021 cultu,
3259 2961 3378 3036 ani-

1833 3073 2087 3124 mum,th
2118 3057 2477 3110 meditat'onis
2511 3056 2559 3108 \i
2593 3069 2910 3109 consecrare
2943 3051 3049 3103 Ilco
3085 3051 3381 3118 satagebat,

1826 3151 1901 3202 sic
1930 3148 2107 3215 nti-pte
2145 3147 2307 3199 etiam
2355 3155 2582 3222 mentem
2632 3145 2850 3214 jugibus
2897 3141 3382 3210 supplicationibus
3445 3178 3450 3182 -

1828 3240 2033 3291 instans
2074 3237 2294 3305 Spiritui
2329 3237 2634 3303 ropniabat.

1894 3327 2025 3379 Cum
2063 3335 2239 3378 autem
2273 3326 2323 3377 in
2356 3325 2436 3377 Itis
2469 3325 2662 3385 tribus,
2696 3324 2910 3387 ratione,
2931 3321 3155 3384 scilicet,
3193 3321 3288 3381 ira,
3322 3334 3384 3372 ac

1822 3415 2137 3484 cupiditate.
2169 3415 2403 3468 hominis
2431 3422 2573 3468 totus
2603 3415 2818 3467 animus
2849 3412 3220 3466 consideretur
3247 3427 3261 3475 ;
3299 3418 3384 3461 at-

173 3514 234 3553 ac
253 3503 500 3570 cognatis
533 3504 802 3573 abrumpit
837 3522 852 3570 ;
901 3505 1168 3572 abrumpit
1197 3520 1320 3558 vero
1354 3506 1419 3560 ab
1453 3506 1595 3558 omni
1629 3523 1726 3560 saa-
1811 3521 1925 3575 quc
1961 3507 2023 3558 ad
2074 3506 2332 3558 rationem
2374 3504 2608 3572 quidem,
2657 3513 2910 3571 tanquam
2945 3500 3380 3570 augustissimam

174 3589 277 3642 culi
320 3605 491 3654 cura;
527 3591 825 3659 tollensque
871 3594 1030 3661 pedes
1069 3593 1122 3646 in
1153 3593 1419 3647 desertum
1467 3595 1721 3663 agebatur

175 3691 207 3731 a
235 3677 476 3748 Spiritu.

239 3768 316 3821 Ac
333 3769 477 3822 sicut
507 3784 695 3837 magna
723 3769 881 3824 Verbi
913 3786 1034 3835 vox,
1070 3787 1134 3827 ac
1165 3787 1282 3841 quae
1314 3773 1385 3826 illi
1419 3773 1716 3841 praecurrit,

175 3857 619 3925 pmclarissimus
658 3858 888 3914 Joannes
910 3903 923 3923 ,
957 3862 1227 3930 prophetis
1256 3862 1505 3917 omnibus
1550 3864 1719 3931 major

177 3961 277 4014 qua
307 3945 384 4002 illi
426 3949 647 4002 vicinior
676 3965 834 4018 quem
870 3951 1242 4020 prophetarum
1273 3954 1561 4024 [angebant
1598 3969 1720 4006 ora-

178 4037 314 4100 cuia,
363 4037 587 4091 Domino
615 4042 951 4106 praedicatus,
989 4057 1109 4096 cum
1137 4043 1349 4098 deserto
1379 4045 1524 4112 prius
1577 4045 1711 4099 Dec-

179 4138 281 4193 que
330 4136 570 4180 vocasset
589 4128 654 4192 δ’,
686 4129 995 4198 eximieque
1028 4134 1148 4185 vita:
1178 4134 1321 4187 cultu
1380 4150 1442 4188 ac
1478 4137 1721 4188 eminen-

183 4213 299 4267 tiori
326 4217 776 4283 contemplatione
813 4229 1060 4287 superata
1107 4231 1352 4275 creatura
1390 4221 1454 4286 ”,
1490 4225 1718 4276 creatori

182 4305 396 4373 propius
434 4307 742 4361 adhaesisset
777 4326 789 4360 :
829 4317 947 4376 post
976 4309 1088 4365 haec
1126 4312 1306 4379 utique
1358 4324 1480 4366 ante
1513 4313 1717 4365 Domini

185 4387 363 4444 faciem
410 4392 681 4459 incedens,
732 4395 872 4447 illius
925 4396 1038 4448 vias
1090 4401 1294 4466 paravit
1320 4400 1398 4451 διε
1443 4400 1520 4451 sic
1567 4400 1721 4466 plane

1799 3603 2108 3664 .spectetut
2144 3597 2323 3663 praesit
2377 3610 2440 3647 ac
2487 3594 2815 3656 dominetur,
2868 3591 2932 3646 ad
2974 3592 3206 3658 reliquas
3236 3604 3383 3652 vero,

1820 3695 1879 3737 ut
1920 3683 2043 3736 huic
2081 3685 2196 3752 ipsa
2240 3691 2477 3749 pareant,
2525 3685 2689 3750 atque
2725 3681 2790 3732 ab
2827 3694 2888 3732 ea
2943 3689 3196 3746 regantur
3245 3677 3383 3745 (hinc

1821 3773 1962 3826 enim
1987 3773 2084 3825 viri
2119 3771 2373 3840 perfectio
2400 3770 2512 3840 est)
2544 3771 2744 3822 virtute
2777 3768 3091 3837 perfunctus
3123 3781 3243 3836 qum
3269 3765 3384 3818 cub-

1821 3879 1925 3932 qtte
1957 3863 2120 3916 animi
2151 3862 2284 3930 parti
2321 3871 2442 3930 apta
2476 3862 2546 3914 sit
2608 3876 2670 3914 ac
2705 3859 3025 3912 conveniens
3055 3873 3069 3922 ;
3104 3857 3265 3925 inque
3302 3855 3384 3909 bis

1821 3968 2030 4005 summa
2050 3953 2132 4006 vir.
2155 3967 2378 4019 magnus
2401 3951 2736 4018 philosophia
2765 3957 3058 4017 spectatus,
3077 3956 3382 4013 temperan-

1821 4042 1945 4092 tiam
1973 4041 2187 4108 quidom
2217 4039 2493 4106 cupiditati
2529 4037 2768 4104 przelicit,
2800 4051 2918 4104 qua:
2942 4035 3149 4088 scilicet
3177 4032 3376 4086 nedum

1819 4132 2110 4184 necessarii
2143 4131 2269 4193 cibi,
2314 4119 2596 4196 somnique
2631 4136 2831 4196 partem
2862 4126 3148 4177 maximam
3190 4138 3383 4198 ampu-~

1819 4228 1973 4282 taret,
1998 4222 2088 4274 sed
2128 4230 2181 4272 ct
2207 4220 2413 4273 cunctis
2433 4220 2680 4292 sensibus
2709 4217 2895 4270 modos
2947 4215 3267 4283 regulasqne
3288 4215 3381 4267 dc-

1816 4312 2036 4372 Iiniret;
2085 4310 2502 4380 pulchritudinis
2573 4324 2634 4361 ac
2689 4307 2875 4360 forma:
2921 4305 3223 4373 cupidinem
3266 4319 3381 4356 ont-

1821 4415 1942 4453 nem
1978 4400 2237 4458 aboleret,
2267 4399 2532 4464 outtnetjue
2566 4410 2744 4447 rerum
2783 4392 3160 4445 intereuntium
3202 4408 3264 4445 ac
3289 4407 3382 4444 ca-

185 4481 328 4534 ctiam
346 4480 660 4549 Gregorius,
685 4485 859 4537 saeculi
893 4487 1062 4539 turbis
1107 4487 1333 4555 ejusque
1364 4489 1478 4541 salu
1507 4489 1714 4556 placide
1747 4507 1788 4560 ι)
1817 4491 2076 4543 ducarum
2139 4487 2460 4540 desiderium
2533 4495 2752 4539 necaret
2793 4501 2807 4550 ;
2864 4484 3168 4536 membrum
3220 4497 3382 4534 omne

187 4570 319 4635 prius
340 4572 582 4636 avulsus,
613 4574 826 4640 vitaque
856 4574 1238 4644 imperturbata
1291 4587 1447 4644 atque
1475 4578 1541 4629 ab
1565 4577 1713 4630 omni

187 4658 449 4720 pravitatis
477 4660 798 4714 commercio
822 4661 1211 4726 liberapmente
1236 4664 1477 4717 sublimis
1502 4665 1671 4718 factus
1695 4680 1710 4728 ;

128 4760 138 4768 '
188 4759 342 4814 exque
407 4747 609 4802 divinis
641 4749 836 4817 (quoad
871 4752 1208 4821 concessum)
1252 4755 1713 4821 contemplationi-

187 4833 275 4890 bus
317 4839 518 4892 deitate
567 4838 801 4894 imbutus
833 4879 848 4903 ,
907 4842 1099 4896 nedum
1165 4843 1487 4911 pmnitetttite
1551 4854 1710 4912 atque

192 4925 508 4994 baptismatis
538 4929 843 4986 hominibus
874 4948 1066 5001 prteco,
1100 4934 1188 4987 sed
1221 4945 1273 4986 et
1302 4934 1447 4987 omni
1493 4935 1712 5003 majoris

189 5017 493 5082 perfectione
552 5021 1068 5092 absolutissimteque
1096 5022 1373 5078 Trinitatis
1411 5027 1660 5093 magister
1687 5043 1715 5079 c

191 5102 382 5162 deserto
419 5109 698 5166 emittitur.
737 5112 789 5166 id
822 5128 998 5166 autem
1041 5115 1212 5166 oratio
1247 5128 1497 5181 processu
1538 5114 1715 5167 decla-

192 5195 331 5251 nbit.

255 5286 448 5343 Etenim
485 5305 736 5360 magnum
768 5293 982 5362 quidem
1015 5293 1291 5359 Basiliam,
1325 5294 1398 5348 ttti
1431 5296 1577 5363 prius
1595 5295 1711 5363 ejus

195 5374 522 5446 philosophiae
574 5396 694 5448 qua:
739 5399 836 5437 usu
886 5385 1129 5439 saeculari
1176 5386 1356 5448 venit,
1404 5387 1472 5438 ita
1528 5395 1709 5454 postea

193 5465 426 5532 spiritalis
465 5472 763 5539 adjutorem
820 5476 1134 5544 sociumque
1165 5478 1446 5540 adhibens,
1479 5479 1558 5532 sic
1587 5494 1706 5533 cum

1821 4594 2140 4646 omnemque
2171 4587 2373 4630 motum
2438 4577 2720 4642 disciplina
2761 4583 3106 4642 componeret
3145 4588 3206 4625 ac
3239 4588 3380 4626 com-

1819 4674 2095 4740 primerct,
2179 4671 2471 4739 mentique,
2521 4685 2652 4739 quas
2684 4678 2764 4722 est
2811 4667 3166 4736 prmstantior,
3216 4666 3381 4741 subji-

1818 4779 1939 4816 cere
1948 4773 1962 4814 t
1972 4801 1986 4814 .
3035 4764 3044 4770 ”

1891 4852 2095 4903 ltursus
2144 4865 2268 4902 vero
2318 4838 2794 4902 mansuetudinem
2835 4841 2926 4899 irae
2971 4846 3248 4898 adversam
3285 4844 3396 4921 in-'

1818 4941 1974 4992 struit
2009 4957 2021 4991 :
2059 4940 2108 4991 in
2140 4955 2244 5008 qua
2281 4939 2534 4990 nimirunt
2572 4937 2747 4990 omnis
2798 4936 2844 4988 ei
2877 4936 3041 4987 animi
3079 4935 3376 4986 amaritudo

1816 5031 2014 5099 iraeque
2038 5033 2263 5098 impetus
2303 5033 2603 5084 solveretur
2639 5046 2652 5092 ;
2686 5030 2987 5101 solveretur
3020 5034 3194 5078 autem
3233 5023 3375 5073 blas-

1815 5123 2026 5190 phemia
2065 5131 2117 5175 ct
2162 5123 2413 5174 clamor:
2462 5136 2525 5174 ac
2581 5121 2793 5188 quidem
2847 5117 3061 5170 ma'litia‘
3085 5114 3259 5167 omnis
3311 5125 3372 5160 ac

1818 5227 2010 5265 rancor
2043 5214 2169 5282 (ira:
2199 5214 2401 5265 sciliCet
2451 5212 2586 5264 mala
2619 5210 2857 5277 germina
2887 5209 2905 5275 )
2937 5206 3144 5274 penitus
3175 5199 3370 5251 evelle-

1817 5311 2044 5366 rentur;
2103 5303 2350 5369 velutque
2395 5318 2457 5355 ex
2504 5296 2737 5369 pcrl'ccla
2779 5300 3084 5356 radicc,,CX
3114 5290 3364 5351 τοηίῑτὶιθ,

1815 5392 1990 5443 (initiis
2045 5392 2096 5443 in
2133 5408 2196 5444 eo
2228 5393 2524 5460 benignitas
2558 5401 2719 5457 alque
2770 5383 3000 5456 μοιιίιίίδ
3037 5379 3361 5446 ςρτηιίιιειτει

1817 5497 1880 5535 ac
1911 5482 2189 5535 eiiiorcrtrt.
2351 5488 2353 5490 ’
2545 5460 2554 5468 ’
2599 5478 2604 5484 ’

251 5598 287 5631 ⁸⁸
318 5599 455 5657 Phil.
494 5618 579 5670 tn,
623 5606 706 5660 15.
779 5607 824 5637 ⁸⁸
856 5607 1038 5662 Matth.
1090 5626 1161 5676 tv,
1193 5612 1217 5663 l
1255 5629 1266 5664 :
1303 5609 1430 5666 Luc.
1464 5627 1532 5670 tv.
1570 5615 1619 5669 l.
1696 5614 1716 5646 ‘

1827 5623 1954 5671 atth.
1982 5633 2053 5683 ιι,
2094 5618 2174 5670 il.
2251 5617 2295 5699 ff
2324 5615 2449 5669 Luc.
2480 5631 2513 5681 ι,
2549 5615 2632 5668 76.

252 5752 322 5824 (Ξ)
349 5745 526 5832 Crcg.,
565 5770 700 5817 Orat.
731 5761 800 5816 58
826 5772 878 5817 et
901 5763 986 5818 4‘2.
