3924 6312
379 201 484 265 447

1570 204 1862 267 NICETIE
1900 206 2346 271 PAPHLAGON
2354 210 2423 271 IS

3525 219 3647 285 “8

402 370 408 377 _
451 308 767 373 Modestiam
790 316 971 364 autem
1008 306 1402 381 (humilitatem
1432 311 1661 382 vocant)
1694 319 1942 367 ornatum
1971 312 2023 372 Α
2046 329 2151 383 que
2177 330 2241 369 ac
2268 325 2503 372 mentem
2536 282 2931 392 cireumseptus
2958 336 3021 375 ac
3071 323 3420 387 cmundatus,
3556 334 3643 388 ἀι.

381 404 642 470 optimum
687 399 885 455 rationi
929 401 1196 470 imponit;
1249 400 1302 455 in
1359 418 1467 473 qua
1496 404 1707 459 inanem
1735 420 1949 461 omnem

381 500 543 561 atque
587 490 788 546 elatum
841 491 1006 545 animi
1047 506 1269 548 sensum
1341 505 1505 579 esset
1554 496 1948 558 destructurus,

380 596 709 652 omnemque
763 581 1101 637 altitudinem
1130 624 1145 650 ,
1201 588 1544 641 extollentem
1590 602 1649 642 se
1694 588 1950 642 adversus

342 673 807 742 prestantiorem
850 674 1157 741 scientiam,
1200 692 1633 745 compressurus.
1678 678 1951 743 Quemad-

381 762 601 817 modum
631 765 776 817 enim
805 765 857 819 in
889 765 992 819 boc
1022 766 1157 820 ratio
1192 768 1489 822 constituta
1521 779 1625 834 est,
1660 780 1717 823 ut
1740 751 1975 838 cupidi:

379 855 504 908 tatis
524 854 799 909 lasciviam
833 857 1200 927 temperantiae
1223 859 1292 922 vi,
1339 858 1541 928 ineque
1579 860 1946 917 inconsultum

377 945 637 1035 impetum
661 949 880 1017 lenitate
919 961 1229 1020 retorqueat
1253 970 1267 1018 ;
1296 953 1373 1006 sic
1401 967 1619 1023 quoque
1648 970 1805 1009 suum
1832 957 1947 1026 ipsa

283 1107 287 1111 .
377 1049 641 1095 tumorem
697 1058 761 1097 ac
819 1044 1131 1111 superbiam
1212 1046 1474 1100 modestia
1532 1050 1804 1116 castigans
1887 1065 1950 1106 ac

374 1134 786 1212 eoinprjmens,_
818 1135 964 1204 piam
1028 1150 1090 1192 se
1126 1137 1576 1207 modestamqoe,
1629 1148 1686 1192 ut
1732 1140 1948 1194 Christo

375 1216 611 1286 cbediat,
650 1208 916 1293 captivam
949 1224 1172 1279 addicit.

448 1312 601 1368 Sicut
626 1324 804 1369 autem
829 1322 1034 1371 natura:
1061 1316 1177 1386 ipsa
1204 1317 1253 1371 vi
1281 1333 1345 1374 ac
1376 1318 1586 1383 ratione
1622 1320 1731 1374 lilio
1763 1336 1948 1377 comes

375 1405 659 1477 flagrantia
690 1399 791 1468 est.
839 1408 917 1471 sic
948 1417 1003 1463 et
1048 1410 1130 1463 bis
1179 1410 1474 1468 virtutibus
1519 1414 1685 1466 animi
1733 1430 1945 1470 summa

378 1499 773 1569 tranquillitas,
805 1514 927 1553 cum
977 1502 1100 1570 quis
1132 1502 1238 1563 illis
1277 1502 1591 1577 perfunctus
1639 1513 1740 1559 est.
1776 1505 1949 1568 Tt'ano.

374 1589 637 1661 quillitas,
668 1590 957 1650 afl'ectuum
982 1605 1253 1658 recessus,
1279 1576 1520 1649 omnium
1542 1596 1940 1665 :rgritudinum,

2056 406 2194 459 vinas
2230 404 2520 477 Sapientia:
2548 410 2745 467 celsam
2779 412 2959 465 evadit
2983 427 3186 468 arcem.

2124 497 2203 551 Ad
2259 499 2506 554 timorem
2560 511 2761 567 autem,
2797 502 3166 557 fortitudinem
3220 519 3286 560 ac
3326 510 3634 566 consilium

2053 601 2374 656 assumens;
2412 590 2610 660 prioris
2651 592 2754 655 usi,
2812 595 3007 647 nedum
3074 594 3336 649 adversus
3392 591 3637 671 affectus

2052 678 2306 746 vitiaqtte,
2341 696 2525 734 verum
2557 683 2719 735 etiam
2766 684 3038 739 daemones
3090 686 3258 739 robur
3306 687 3503 755 induit,
3563 707 3633 747 ac

2051 771 2426 826 confirmatur.
2462 771 2570 827 Nec
2607 789 2737 828 vero
2784 785 2974 837 contra
3036 779 3137 831 hos
3188 778 3387 842 solum,
3421 783 3529 838 sed
3571 792 3633 836 et

2050 870 2237 914 contra
2278 862 2452 931 ipsum
2484 864 2781 934 principem
2816 868 3098 934 potestatis
3160 869 3305 923 aeris
3334 871 3629 941 "conva-

2050 950 2207 1005 lescit
2251 968 2394 1005 :nec
2424 963 2614 1007 contra
2664 955 2818 1008 illum
2876 958 3165 1023 duntaxat,
3219 964 3403 1013 verum
3453 955 3628 1017 etiam

2050 1053 2241 1098 contra
2277 1046 2429 1113 ipsos
2462 1045 2769 1100 dillidcntize
2809 1039 2945 1102 ﬁlios
2974 1049 3040 1114 ",
3069 1064 3259 1118 nempe
3287 1050 3628 1121 incredulos,

2047 1135 2139 1204 qui
2165 1135 2285 1201 ejus
2316 1135 2495 1188 afﬂatu
2516 1145 2781 1205 aguntur;
2814 1137 3141 1209 quibuscum
3167 1126 3471 1207 opportune
3498 1159 3628 1199 cer-

2049 1235 2225 1278 tamen
2257 1227 2653 1282 eommissurus
2673 1226 3030 1298 erat.Spiritu
3053 1239 3232 1284 autem
3264 1234 3477 1289 consilii
3505 1250 3627 1290 non

2050 1316 2098 1368 id
2142 1317 2319 1370 solum
2360 1331 2616 1371 scrutans
2676 1319 2818 1388 quod
2871 1320 3124 1388 privatim
3181 1323 3406 1391 suisque
3453 1326 3631 1382 rebus

2045 1410 2395 1473 conduceret,
2429 1409 2523 1463 sed
2552 1412 2700 1480 quod
2728 1414 2888 1465 etiam
2920 1412 3170 1466 omnibus
3204 1414 3281 1486 ἐκ
3299 1423 3395 1477 aut
3420 1418 3625 1485 pletis-

2045 1516 2148 1571 que
2176 1498 2315 1553 foret
2347 1488 2518 1566 utile;
2578 1517 2752 1571 neque
2793 1502 2995 1577 proprii
3042 1504 3375 1563 voluntatem
3408 1508 3617 1577 animi,

2046 1594 2139 1647 sed
2177 1591 2539 1675 Dominicam,
2596 1609 2919 1663 summeque
2968 1595 3163 1649 bonam
3217 1604 3402 1671 atque,
3434 1598 3627 1667 perfe-

376 1691 487 1735 tum
518 1698 638 1749 qua:
690 1683 955 1748 animum,
998 1693 1109 1737 tum
1139 1700 1259 1753 qua:
1295 1701 1491 1755 corpus
1531 1688 1651 1742 labe
1682 1688 1940 1755 alliciunt,
1978 1680 2015 1733 li
2045 1694 2208 1748 ctam,
2243 1693 2500 1753 tanquam
2553 1685 2754 1753 probus
2776 1684 3012 1740 famulus
3044 1688 3335 1759 explorans
3360 1690 3427 1750 “,
3457 1705 3623 1744 eam-

287 1779 290 1782 ’
370 1773 577 1827 cvulsio
627 1789 689 1827 ac
723 1773 977 1828 interitus
1009 1790 1024 1839 ;
1066 1775 1255 1830 beatus
1280 1785 1475 1842 status,
1508 1779 1760 1848 nullaque
1787 1782 1941 1835 turba

370 1864 617 1934 pulsatus
633 1879 698 1920 ac
718 1865 964 1921 molestia
984 1882 1001 1934 ;
1017 1867 1332 1935 angelorum
1352 1868 1479 1935 vita,
1502 1867 1693 1925 fututa:
1711 1872 1946 1926 arrltabo

372 1957 670 2013 beatitatis.
700 2006 705 2011 .
1782 1946 1783 1949 η

436 2044 518 2100 Ad
545 2047 688 2103 banc
722 2063 844 2102 cum
874 2049 1139 2107 evasisset
1170 2048 1389 2107 divinus
1427 2049 1743 2122 Gregorius,
1776 2056 1943 2111 hanc-

371 2152 478 2208 que
520 2140 814 2208 septimum
870 2140 953 2195 sui
1003 2143 1235 2197 actionis
1291 2144 1340 2197 vi
1395 2159 1657 2200 ascensus
1716 2148 1940 2216 gradum

369 2232 673 2296 statuisset,
702 2234 777 2287 illi
808 2234 1062 2303 deinceps
1101 2236 1365 2303 optimum
1428 2252 1491 2291 ac
1523 2238 1939 2295 stabilissimum

374 2324 670 2377 ternarium
709 2325 993 2389 virtutum,
1027 2324 1179 2382 fidem
1198 2328 1423 2390 scilicet,
1450 2344 1599 2399 spem
1623 2345 1685 2385 ac
1702 2332 1943 2387 charita-

368 2424 499 2477 tem,
521 2428 617 2470 ceu
641 2416 1063 2485 pulcherrimam
1092 2419 1406 2473 coronidem
1455 2418 1731 2488 imposuit.
1756 2420 1941 2479 Fidem

366 2506 611 2575 quidem,
640 2507 693 2561 in
726 2507 938 2561 Patrem
978 2519 1031 2561 ct
1069 2508 1264 2562 Filium
1296 2519 1349 2564 et
1373 2508 1635 2579 Spiritum
1667 2520 1939 2578 sanctum,

368 2612 531 2651 unam
558 2596 809 2653 deitatem
829 2608 881 2651 et
904 2600 1220 2667 potentiam,
1240 2614 1302 2653 ac
1322 2614 1577 2670 regnum;
1600 2618 1695 2657 ore
1716 2605 1938 2674 quidem

368 2688 636 2743 sinceram
689 2688 1113 2756 confessionem,
1172 2693 1338 2746 corde
1390 2702 1567 2748 autem
1614 2709 1679 2749 ac
1732 2708 1936 2761 mente,

368 2779 865 2845 comprobationcm
902 2780 1312 2836 irrevocabilem
1341 2799 1755 2856 assensumque.
1779 2783 1942 2855 Spem

367 2885 518 2933 vero,
552 2872 743 2924 borum
774 2871 1036 2940 ipsorum,
1072 2888 1196 2942 qua:
1244 2890 1388 2929 nunc
1421 2876 1653 2931 obscure
1682 2879 1943 2947 tenuique

369 2963 561 3017 umbra
593 2979 656 3017 ex
688 2965 788 3016 fide
825 2964 1195 3035 conspicimus
1216 2966 1262 3000 “
1284 3008 1298 3032 ,
1335 2966 1669 3037 perfectioris
1702 2978 1943 3033 postmo-

368 3054 497 3108 dum
526 3055 923 3124 explicationis,
964 3056 1015 3110 id
1050 3066 1153 3123 est,
1204 3059 1551 3114 revelationis
1586 3074 1650 3114 ac
1679 3059 1944 3115 delectio-

370 3146 454 3200 nis
492 3146 973 3214 exspectationem.
998 3146 1329 3202 Cltaritatem
1362 3158 1540 3202 autem
1566 3189 1578 3208 ,
1628 3164 1942 3219 supremum

372 3237 597 3307 hujusce
624 3239 784 3292 scala:
815 3239 1075 3308 spiritalis
1112 3254 1395 3295 ascensum
1427 3227 1605 3310 :ilegis
1671 3256 1943 3296 summam

371 3346 435 3383 ac
465 3329 850 3398 prophetarum
870 3330 936 3396 “,
986 3330 1261 3385 vinculum
1295 3330 1641 3399 perfectionis
1667 3332 1735 3398 ",
1771 3336 1945 3389 conti-

370 3436 554 3487 uuam,
606 3436 672 3474 ac
723 3426 882 3491 quam
924 3424 1129 3477 nullum
1182 3422 1402 3475 dirimat
1442 3422 1704 3487 medium,
1749 3426 1961 3493 mentis

372 3514 602 3583 propriae
647 3529 768 3568 cum
811 3513 922 3569 Deo
974 3515 1024 3567 in
1078 3514 1278 3583 Spiritu
1322 3530 1416 3585 per
1449 3513 1634 3569 Jesntn
1662 3515 1940 3573 Christum

364 3607 689 3666 societatem
725 3617 886 3677 atque
910 3623 1246 3676 compagem.

448 3698 606 3751 llisce
635 3698 909 3761 universis
949 3698 1264 3761 virtutibus,
1299 3712 1421 3766 qua:
1454 3697 1670 3754 actione
1715 3698 1943 3769 ejusque

377 3775 635 3856 gerantur
671 3788 844 3853 cultu,
896 3803 1010 3853 eas,
1063 3805 1183 3859 quae
1242 3789 1440 3844 mentis
1484 3792 1945 3860 contemplatione

375 3878 905 3933 consummationem
938 3878 1159 3943 habent,
1185 3878 1380 3948 aequali
1415 3894 1642 3934 numero
1673 3885 1941 3948 attexuit;

375 3970 612 4037 primum
646 3968 859 4023 scilicet
892 3970 1258 4038 operationes,
1298 3984 1394 4024 seu
1431 3970 1643 4025 alllalus
1678 3971 1940 4039 Spiritus,

380 4074 517 4128 quos
548 4059 787 4128 Spiritus
810 4069 1016 4129 septem
1057 4059 1224 4115 Isaias
1260 4063 1614 4127 nuncupavit.
1662 4062 1727 4117 Hi
1751 4080 1943 4134 nempe

378 4166 503 4204 vere
554 4151 841 4219 primoque
873 4151 925 4204 in
971 4150 1191 4206 Christo
1233 4154 1636 4221 requievernnt,
1688 4167 1809 4209 orto
1851 4157 1943 4212 illo

376 4258 442 4297 ex
469 4243 653 4297 radice
688 4241 839 4297 .lesse
862 4243 908 4275 “
933 4260 948 4309 ;
983 4243 1221 4297 secundo
1256 4255 1455 4308 autem,
1494 4246 1603 4310 illa,
1633 4262 1755 4316 quae,
1782 4263 1847 4301 ex
1877 4265 1941 4303 eo

2044 1792 2149 1846 que
2190 1776 2315 1849 imis
2351 1776 2552 1830 mentis
2584 1778 2953 1844 penetralibus
2983 1778 3252 1845 formans,
3288 1781 3441 1849 pravi
3468 1796 3619 1835 con-

2044 1866 2151 1922 silli
2184 1844 2355 1935 genus
2398 1881 2557 1920 omne
2585 1867 2835 1937 cavebat.

2116 1958 2375 2013 Pietatem
2424 1958 2736 2029 dogmatum
2800 1960 3026 2016 veritate
3083 1962 3399 2026 acinorum
3447 1965 3628 2033 recti-

2051 2050 2240 2104 tudine
2281 2049 2495 2104 colebat
2540 2066 2781 2118 :nempe
2827 2046 2896 2104 ab
2951 2053 3107 2105 omni
3158 2057 3299 2122 turpi
3346 2056 3624 2124 cogitatu,

2044 2142 2305 2209 onmique
2336 2141 2564 2210 profano
2598 2157 2868 2208 sermone,
2918 2159 2981 2197 ac
3006 2144 3211 2197 -alieno
3248 2148 3399 2201 omni
3439 2147 3626 2203 hare-

2044 2232 2277 2286 ticorum
2322 2230 2446 2286 fuco
2491 2232 2750 2289 defaecate
2791 2234 3132 2298 mundatus,
3170 2236 3223 2289 in
3256 2238 3451 2303 mentis
3481 2222 3627 2295 vero

2045 2323 2281 2377 novitate
2337 2323 2391 2377 iu
2436 2323 2660 2405 Christo
2702 2315 3157 2391 'transfor‘matus,
3197 2342 3260 2380 ea
3316 2328 3623 2397 plurimum

2043 2416 2392 2482 promovebat
2425 2424 2588 2485 atque
2606 2416 2921 2488 (praestabat.
3223 2477 3229 2482 _

2116 2504 2372 2560 Scientiaa
2402 2498 2606 2571 autem,
2640 2521 2761 2575 quae
2809 2506 2879 2561 sit
2932 2506 3354 2573 intellectilium,
3408 2509 3457 2563 id
3499 2520 3622 2579 est,

2040 2610 2230 2649 eorum
2260 2612 2382 2666 quae
2411 2582 2639 2651 scientia
2673 2606 2994 2663 noscuntur,
3042 2607 3151 2653 tota
3184 2602 3429 2669 quaedam
3474 2614 3623 2658 eon-

2042 2685 2288 2756 fertaque
2326 2674 2638 2753 contuitio;
2692 2686 2769 2740 uti
2820 2688 2986 2761 etiam
3026 2690 3184 2753 visio,
3217 2706 3408 2752 eorum
3448 2707 3619 2759 aspe-

2041 2788 2184 2847 ctus,
2208 2793 2329 2847 qua:
2352 2778 2501 2832 (ξεινιιί
2534 2778 2707 2849 oculis
2743 2788 3008 2849 possunt;
3037 2790 3219 2835 tantus
3250 2783 3299 2835 ei
3348 2768 3623 2841 cumulus

2043 2870 2308 2939 copiaque
2342 2854 2673 2941 accesserat,
2714 2877 2917 2937 quanto
2974 2870 3137 2925 etiam
3188 2887 3298 2940 pra:
3356 2874 3625 2929 omnibus

2044 2962 2393 3025 emundatus,
2429 2962 2495 3014 ad
2528 2946 2827 3037 angelicam
2878 2962 3397 3031 contemplationem
3431 2974 3621 3018 mente

2048 3051 2537 3106 transmutabatur.
2606 3050 2963 3125 Dum‘xm‘aris
3023 3066 3268 3118 arenam,
3324 3062 3378 3106 et
3427 3062 3619 3124 guttas

2046 3140 2280 3211 pluviae,
2329 3141 2556 3211 diesque
2615 3141 2800 3196 saeculi
2862 3139 3273 3217 enumeraveris
3316 3144 3383 3210 ",
3443 3160 3617 3213 quam

2045 3233 2208 3286 etiam
2240 3246 2395 3286 sacra
2415 3232 2533 3301 ejus
2562 3233 2774 3303 eloquia
2827 3222 3190 3305 intelligentiae
3219 3234 3325 3297 vim
3351 3245 3621 3305 praestant

2046 3339 2111 3379 ac
2173 3312 2423 3379 fecundo.
2476 3326 2646 3380 edunt
2697 3327 2963 3396 germine,
3020 3328 3369 3385 intellexeris.
3428 3326 3619 3385 Sacra:

2045 3432 2284 3486 namque
2324 3418 2617 3487 Scriptura:
2650 3433 2869 3485 sensus,
2907 3420 3052 3474 velut
3100 3434 3226 3475 rosa
3259 3422 3313 3474 in
3352 3421 3614 3487 caliculo,

2045 3507 2301 3561 dictionis
2334 3507 2668 3562 obscuritate
2699 3519 2979 3562 contectus
3002 3518 3140 3563 erat.
3175 3508 3226 3565 ls
3254 3520 3429 3564 autem
3460 3511 3620 3565 clare

2046 3601 2101 3653 in
2145 3599 2340 3667 spiritu
2387 3600 2685 3669 explicans,
2739 3601 3003 3667 suavique
3048 3600 3191 3656 illius
3244 3601 3620 3671 intelligentia:

2046 3689 2341 3761 fragrantia
2367 3706 2532 3759 supra
2565 3692 2784 3746 modum
2820 3694 3075 3762 repletus,
3105 3708 3169 3750 ea
3204 3696 3387 3750 Statim
3418 3710 3616 3749 sacra-

2047 3779 2320 3838 tiSsimam
2344 3784 2669 3853 sapientiam
2703 3774 3074 3840 sacratissimo
3098 3787 3223 3841 nisu
3251 3788 3618 3855 comprehen-

2043 3873 2137 3929 tlit.

2115 3964 2210 4018 Est
2239 3964 2404 4035 igitur
2427 3964 2713 4034 sapientia,
2743 3966 2833 4020 illa
2874 3966 3093 4036 quidem
3152 3975 3265 4022 tum
3321 3969 3439 4023 viva
3488 3977 3613 4025 tum

2042 4070 2163 4125 qum
2195 4070 2291 4126 per
2312 4053 2373 4111 ac
2400 4066 2484 4111 est
2539 4067 2699 4127 atque
2722 4060 2995 4123 consistit,
3020 4061 3110 4129 qui
3138 4076 3262 4116 cum
3292 4059 3449 4116 Patre
3478 4073 3615 4119 ante
3674 4102 3679 4105 »

2044 4150 2241 4203 saecula
2270 4149 2463 4203 Sermo
2495 4160 2599 4215 est,
2636 4165 2700 4203 ac
2733 4166 2855 4204 eum
2885 4157 2951 4207 eo
2992 4168 3097 4207 una
3143 4156 3468 4222 sempiterne
3520 4158 3619 4209 in-

2046 4241 2304 4309 telligitur
2332 4260 2345 4295 :
2371 4248 2455 4295 est
2474 4255 2598 4295 vero
2622 4242 2784 4295 etiam
2814 4243 3102 4311 sapientia,
3124 4246 3215 4314 qui
3245 4247 3311 4299 de
3338 4245 3614 4303 Sermone

380 4345 489 4395 cst.‘
520 4336 782 4389 societate
820 4349 887 4390 ac
918 4335 1267 4400 commercio,
1305 4345 1416 4389 tum
1453 4336 1505 4390 in
1536 4339 1660 4392 aliis
1697 4341 1788 4408 qui
1826 4331 1939 4395 sint
1972 4343 2013 4395 D
2044 4345 2330 4386 Sermones
2362 4341 2521 4397 sum;
2553 4347 2789 4401 quorum
2839 4335 2889 4387 Vi
2926 4334 3135 4400 Sermo.
3167 4337 3233 4391 iis
3263 4337 3353 4407 qui
3404 4339 3615 4406 Ρίειειο

379 4425 499 4497 ejus
529 4428 841 4495 participes,
868 4437 981 4480 tum
1007 4427 1088 4481 vel
1112 4427 1347 4483 maxime
1376 4431 1539 4483 etiam
1582 4431 1634 4483 in
1680 4446 1745 4484 eo
1772 4447 1934 4509 quem

377 4519 705 4595 laudamus;
750 4520 841 4589 qtti
874 4519 975 4573 hos
1001 4528 1179 4575 mente
1213 4531 1335 4588 agat
1360 4524 1425 4575 ac
1456 4523 1735 4591 intelligat,
1776 4526 1941 4592 quin-

382 4608 493 4666 imo
558 4612 667 4667 illis
716 4621 911 4683 agatur
962 4626 1027 4665 ac
1082 4608 1514 4679 consummetur,
1568 4615 1795 4683 mystice
1851 4632 1939 4669 rc-

379 4703 689 4773 quiescunt.

450 4794 687 4861 Quinam
712 4795 876 4865 igitur
908 4794 1119 4852 afﬂatus
1178 4812 1243 4851 ac
1285 4788 1559 4867 Spiritus?
1602 4794 1789 4850 Priore
1816 4796 1940 4866 qui-

383 4886 506 4941 dem
547 4886 670 4943 loco
702 4887 1025 4956 sapientiam
1060 4888 1140 4954 “;
1191 4890 1437 4956 quinimo
1472 4888 1537 4939 ab
1590 4884 1943 4943 inferioribus

386 4994 604 5034 sursum
638 4995 826 5034 versus
880 4981 1199 5046 ascendens,
1257 4981 1400 5031 velut
1464 4977 1745 5046 sapientia:
1793 4980 1940 5033 radi-

386 5084 501 5123 czsm
557 5086 619 5126 ac
651 5072 998 5140 principium,
1046 5073 1290 5126 timorem
1346 5069 1552 5121 Domini
1595 5070 1936 5137 praejaciens,

390 5173 600 5217 castum
633 5164 803 5225 illum,
848 5179 912 5217 ac
942 5164 1034 5233 qui
1066 5172 1201 5216 teste
1256 5159 1473 5224 Davide,
1526 5172 1836 5229 permaneat
1884 5166 1936 5218 in

356 5256 647 5309 smculum
680 5256 860 5309 saeculi
892 5273 905 5321 ;
948 5272 1013 5310 eo
1042 5254 1284 5308 conﬁxus
1316 5266 1532 5305 carnem
1566 5254 1634 5317 ⁸ο,
1668 5257 1938 5308 animum-

467 5458 510 5488 "
541 5458 557 5511 Ι
583 5457 704 5513 Cor.
745 5463 978 5523 xm,12.
1090 5462 1136 5492 δ”
1158 5461 1341 5514 Matth.
1378 5480 1507 5525 uti,
1544 5464 1628 5517 40.

400 5529 485 5580 l0.
598 5529 639 5559 ⁸⁸
667 5528 806 5582 Psal.
843 5550 1028 5594 t‘.\\l!l,
1066 5532 1177 5585 124).

1292 5535 1332 5566 ⁵¹
1384 5534 1577 5602 Ellilt'b.
1616 5553 1671 5593 ll,
1704 5536 1757 5586 “1)..

396 5596 440 5628 "
472 5596 647 5653 Ecclc.
680 5616 713 5663 ι,
746 5603 797 5649 2.

1706 5466 1749 5493 ⁸⁷
1780 5464 1987 5518 Coloss.
2036 5478 2111 5520 Ill,
2146 5459 2194 5511 4.

1895 5538 1937 5565 δ’
1984 5533 2177 5599 Ευὴυδ.
2216 5547 2265 5595 γ,
2298 5531 2346 5583 ὕ.

2046 4422 2252 4483 colunt,
2282 4438 2439 4477 sacra
2459 4427 2780 4494 occultaque
2810 4428 3018 4481 ratione
3050 4430 3401 4497 conspicitur.
3430 4427 3615 4484 Tanto

2000 4507 2003 4511 ’
2046 4523 2225 4567 autem
2245 4512 2517 4585 Tlieologo
2544 4517 2805 4571 illustrior
2832 4517 3135 4587 clariorque
3158 4520 3602 4588 incomprehensi

2044 4607 2462 4676 comprehensio
2482 4608 2730 4671 efiieitur,
2745 4619 3016 4678 quantoet
3034 4610 3352 4679 perfectiore
3368 4613 3615 4669 donatus

2016 4696 2024 4704 ’
2047 4700 2428 4769 intelligentia,
2454 4715 2620 4771 eaque
2655 4701 2872 4756 uberius
2896 4702 3119 4770 pollens,
3146 4704 3359 4759 cunctis
3384 4720 3615 4773 quoque

2048 4792 2394 4860 praestantius
2442 4794 2840 4862 perfectiusque
2873 4794 3150 4864 sapientiae
3201 4812 3479 4853 sermones
3532 4814 3611 4856 ac

2045 4882 2343 4939 doctrinam
2366 4885 2652 4951 decerpsit.

2116 4975 2206 5029 Sic
2232 4977 2489 5045 spiritalis
2523 4973 2689 5026 lsrael
2724 4974 2885 5043 (vere
2923 4976 2968 5030 is
2998 4977 3175 5030 videns
3203 4977 3403 5050 Deum)
3430 4980 3614 5035 virtu-

2050 5069 2194 5121 tibus
2219 5082 2337 5136 quac
2365 5066 2577 5117 actione
2626 5077 2909 5135 geruntur,
2966 5084 3060 5123 eas
3114 5086 3435 5134 conserens,
3480 5088 3615 5140 quae

2048 5158 2499 5226 contemplatione
2532 5167 2885 5226 praestantur,
2948 5161 3108 5229 inque
3149 5162 3308 5215 scalae
3356 5164 3611 5231 modum,

2053 5264 2303 5319 tanquam
2339 5248 2553 5317 sapiens
2584 5249 2915 5305 architectus
2973 5253 3109 5306 alias
3155 5254 3279 5308 aliis
3321 5269 3612 5325 opponens

2748 5458 2790 5489 "
2826 5457 3001 5511 Et‘t'ic.
3027 5474 3063 5523 I,
3109 5455 3189 5509 l6.
3269 5454 3408 5510 l’sal.
3446 5473 3609 5523 xvm,

2754 5567 2765 5578 .
2805 5544 2855 5581 Χ.
2886 5529 2971 5581 53.
3114 5527 3158 5557 ³³
3214 5525 3367 5579 fiunt.
3422 5544 3497 5581 λιι
3545 5532 3609 5581 2.

3263 5542 3367 5579 om.
3422 5544 3497 5582 λιι
3545 5542 3613 5585 2.

2310 5458 2351 5490 ιδ
2386 5457 2485 5513 lsa.
2521 5478 2593 5521 xu,
2626 5461 2670 5511 l.

2498 5532 2539 5561 “
2578 5533 2589 5581 Ι
2643 5529 2765 5581 Cor.
2805 5544 2856 5591 χ,
2886 5529 2971 5581 53.
