3924 6312
210 376 335 442 449
420 452 427 455 _
975 378 1257 441 ORATIO
1293 377 1421 437 xx.
1449 374 1613 435 —IN
1653 376 1817 437 LAUl

1924 377 1977 467 up
2001 375 2061 434 s.
2100 375 2472 457 GnEGontt
2505 377 2776 438 THEOL.
3347 376 3476 441 .450

211 499 413 559 atque
463 490 833 554 committens,
916 503 981 543 ac
1046 502 1141 556 per
1198 498 1290 539 eas
1346 482 1697 549 ascensiones
1751 481 1803 534 in
1850 490 1895 546 Α
1931 499 1996 537 ex
2034 500 2094 539 ea
2124 501 2247 553 qua:
2282 492 2438 539 vacat
2480 500 2742 555 corpore;
2803 484 3272 555 incomprehensa,
3303 503 3367 545 ex
3412 502 3474 539 ea

211 580 412 649 corde
456 582 749 650 disponens
776 579 846 645 ",
895 587 1189 647 menteque
1247 577 1301 629 in
1338 576 1515 643 ipsum
1562 572 1804 627 directus
1920 588 2042 644 quae
2074 576 2459 645 comprehendi
2493 591 2601 630 non
2635 584 2848 646 potest;
2910 576 3225 646 ignotaque,
3288 592 3352 632 ex
3410 594 3477 633 ea

215 672 475 738 coelum,
523 671 669 726 hunc
697 673 855 742 plane
878 678 1208 743 postremum
1234 681 1541 730 ascensum,
1590 664 1807 729 mentis,
1911 677 2032 732 quae
2063 663 2223 718 altior
2256 664 2445 718 notitia
2466 674 2578 717 est.
2610 663 2773 719 Solus
2801 664 2945 719 enim
2979 664 3227 735 Genitor,
3256 666 3336 719 uti
3367 676 3473 731 est,

217 764 498 827 rationis,
528 750 624 817 sco
676 762 833 818 Verbi
883 777 951 816 ac
1004 759 1239 829 Spiritus
1298 755 1809 824 contemplationem
1911 749 2708 823 Natumcognoscit,solusque
2728 752 2900 810 Natus
2920 754 3227 809 Genitorem
3249 755 3475 809 novit".

215 849 532 921 disponit;
578 838 690 921 quo
731 852 938 906 scilicet
977 850 1081 919 ipsi
1108 849 1272 909 clare,
1299 862 1421 917 qua:
1474 846 1632 900 scalae
1684 844 1812 897 huic
1912 842 2379 907 Quemadmodum
2439 854 2617 898 autem
2666 845 2769 898 soli
2816 845 3034 913 quidem
3082 847 3265 901 radius
3297 861 3480 900 eomes

215 942 500 997 innititur
533 944 604 1009 ",
645 938 809 997 unius
864 940 1196 1012 principatus
1228 937 1494 1001 Trinitas,
1523 936 1812 1005 copulatus
1913 933 2227 987 individuus
2276 934 2491 988 exsistit
2522 934 2849 1005 (siquidem,
2869 938 3015 1005 quod
3060 946 3143 993 est
3197 939 3475 992 infinitum

213 1039 334 1088 εει,
1911 1025 2174 1092 exemplis
2209 1026 2506 1093 sollicitare
2541 1026 2711 1090 decet,
2736 1028 2914 1096 iisque
2936 1029 3005 1083 de
3038 1029 3130 1083 illo
3159 1028 3476 1098 conjicere),

200 1180 203 1187 ,
296 1120 549 1180 lentem
597 1123 782 1194 igitur,
812 1121 1038 1177 rationis
1077 1134 1172 1176 seu
1227 1116 1407 1182 Verbi,
1458 1132 1524 1184 ac
1578 1115 1812 1185 Spiritus
1917 1118 2070 1171 radio
2123 1132 2250 1171 vero
2304 1119 2394 1173 lux
2448 1135 2663 1190 semper
2694 1121 2986 1189 conjuncta
3024 1134 3140 1189 est;
3194 1123 3276 1177 sic
3336 1124 3477 1176 Patri

212 1220 535 1271 auctorem
553 1213 844 1274 eﬂicacem,
893 1215 1185 1282 virumque
1229 1212 1376 1266 nullo
1423 1209 1681 1264 anteriori
1715 1224 1814 1263 au-
1916 1208 2130 1276 quidem
2164 1208 2368 1275 Filius,
2422 1208 2561 1266 Filio
2627 1222 2805 1268 autem
2868 1213 3105 1283 Spiritus
3156 1213 3336 1268 Patris
3371 1231 3479 1268 una

217 1312 428 1368 ctore,
457 1304 694 1358 arbitror
731 1303 883 1356 illum
924 1302 1266 1372 intellexisse-
1289 1303 1384 1374 (3),
1426 1301 1671 1371 hancque
1713 1299 1815 1355 Pa-
1879 1369 1882 1373 ὓ
1914 1298 2099 1353 comes
2132 1300 2304 1356 adest.
2349 1302 2421 1356 Ac
2457 1303 2598 1357 sicut
2629 1319 2906 1373 nunquam
2938 1306 3017 1359 sol
3041 1304 3145 1360 iste
3165 1306 3282 1359 sine
3328 1306 3480 1359 radio

219 1404 422 1449 terna
451 1395 723 1461 essentia,
772 1407 893 1469 quae
920 1392 1183 1449 essentia
1217 1392 1363 1447 omni
1407 1392 1655 1463 superior
1707 1400 1812 1457 est,
1916 1404 1979 1444 ac
2010 1388 2132 1445 luce
2165 1390 2340 1460 possit
2371 1392 2651 1458 exsistere,
2690 1394 2763 1447 ita
2795 1408 2973 1471 [neque
3016 1403 3075 1447 ut
3131 1390 3291 1447 Pater
3329 1394 3483 1447 lumi-

219 1494 371 1557 typo
413 1471 706 1557 accepisse.
773 1485 1072 1541 Rationem
1138 1472 1347 1552 autem,
1400 1500 1496 1542 seu
1551 1482 1813 1548 Verbum,
1915 1496 2044 1535 num
2093 1482 2303 1551 absque
2330 1480 2509 1538 Verbo
2542 1500 2604 1539 ac
2632 1483 2833 1554 Spiritu
2882 1485 3215 1555 intelligatur
3241 1494 3479 1554 unquam

222 1579 396 1632 velut
422 1581 695 1634 notionem
722 1587 885 1647 atque
917 1587 1258 1647 conceptum,
1307 1577 1575 1647 gignentia
1619 1576 1816 1637 mentis

223 1683 459 1725 natura:
485 1656 955 1726 accuratissimam
1019 1669 1424 1737 expressionem
1479 1683 1543 1723 ac
1593 1666 1818 1721 simula-

222 1764 715 1830 crunrspectasse
744 1778 757 1812 :
809 1774 1107 1830 rursusque
1135 1758 1419 1829 Spiritum,
1452 1758 1813 1827 quimentem

1918 1573 2028 1627 ﬁat.
2058 1575 2133 1628 Ex
2181 1574 2275 1629 illo
2320 1590 2555 1645 namque
2589 1586 2846 1646 tanquam
2875 1592 2938 1631 ex
2989 1578 3169 1632 radice
3201 1590 3323 1645 qua
3354 1592 3384 1631 a
3421 1591 3482 1630 se

1917 1666 2009 1729 sit,
2039 1667 2325 1736 primoque
2365 1671 2592 1723 auctore
2630 1683 2693 1724 ac
2725 1669 2973 1739 originali
3009 1669 3174 1723 totius
3214 1668 3484 1737 augustis-

1922 1757 2070 1811 sima:
2101 1757 2315 1812 deitatis
2341 1759 2468 1822 orti,
2500 1769 2827 1814 coa:ternam
2872 1760 2928 1814 in
2972 1759 3065 1815 illo
3107 1759 3480 1815 cssistentiam

222 1853 469 1920 quidem
518 1838 793 1909 auctorem
825 1866 887 1905 ac
936 1850 1261 1919 principium
1297 1850 1493 1903 habeat
1539 1848 1639 1920 (4),
1674 1847 1821 1901 velut
1846 1830 1893 1890 Β
1922 1849 2063 1901 nacti
2099 1858 2248 1903 sunt.

221 1956 407 2010 aqua:
444 1941 606 1996 fontis
656 1940 912 2005 oculum;
953 1942 1123 1993 instar
1150 1953 1277 1991 vero
1300 1938 1465 2002 ﬂuvii,
1517 1952 1613 2009 per
1644 1946 1818 1993 scatu-

222 2034 473 2102 riginem
504 2034 787 2101 (rationem
806 2030 1015 2086 scilicet
1038 2027 1409 2098 Verbumque)
1446 2027 1709 2097 proﬂuat;
1738 2027 1816 2080 uti

224 2126 511 2178 tationem
569 2121 909 2192 Verbumque
962 2120 1027 2174 ad
1076 2118 1243 2190 prolis
1280 2120 1528 2173 nativam.
1563 2133 1686 2172 cum
1738 2117 1820 2187 gi-

226 2225 444 2285 gnente
497 2214 641 2267 omni
702 2213 963 2281 majorem
1037 2213 1283 2265 essentia
1358 2207 1817 2264 necessitudinem

230 2304 502 2372 exemplo
550 2304 952 2370 declarandam,
1003 2303 1083 2357 sic
1117 2306 1182 2357 ad
1221 2302 1416 2354 divina:
1450 2297 1818 2368 processionis

240 2398 520 2464 aeqtialem
562 2412 683 2450 cum
722 2405 900 2449 mente
947 2395 1275 2464 producente
1302 2392 1406 2446 sub
1439 2390 1670 2459 imagine
1694 2388 1819 2442 red-

229 2488 479 2541 dendam
535 2487 854 2557 dignitatem
893 2484 1299 2539 considerasse.
1343 2479 1574 2533 Tantam
1615 2476 1821 2552 scilicet

231 2593 477 2647 magnus
515 2574 602 2632 hic
662 2577 955 2646 divinaque
995 2574 1251 2644 praeclare
1303 2569 1561 2639 sapientia
1609 2565 1819 2635 fulgens

231 2669 463 2723 animus
506 2667 983 2737 contemplationis
1013 2666 1061 2719 vi
1104 2679 1168 2719 ac
1219 2661 1451 2716 actionis
1483 2656 1816 2741 conscende-

233 2743 331 2815 tat
398 2759 716 2830 speculam;
768 2758 982 2827 ipsique
1057 2754 1411 2809 divinissimae
1474 2764 1536 2803 ac
1590 2746 1818 2818 principi

230 2838 440 2919 menti,
502 2851 701 2904 rationi
755 2865 849 2904 seu
901 2847 1104 2915 Verbo,
1147 2860 1210 2901 ac
1245 2843 1494 2913 Spiritui,
1541 2856 1638 2910 per
1671 2853 1819 2891 men-

232 2953 353 2999 tem
388 2944 442 2997 in
474 2945 591 3013 ipso
637 2942 1007 3005 exsistcntem,
1038 2937 1375 3004 rerbumque
1408 2949 1500 2988 seu
1527 2930 1815 2991 rationem,

233 3050 306 3091 ac
364 3035 617 3103 spiritum
674 3045 1039 3087 consuescens
1088 3041 1440 3096 versansque,
1480 3021 1817 3077 intemeratis

1989 1936 2456 2004 Quemadmodum
2488 1948 2667 1994 autem
2702 1938 2877 1993 tribus
2903 1938 3112 1993 lacibus
3140 1938 3255 2008 pari
3281 1937 3479 1991 miratu

1920 2028 1973 2082 in
2004 2029 2164 2083 domo
2203 2031 2467 2094 accensis,
2510 2047 2620 2085 una
2650 2031 2871 2100 quidem
2921 2032 3084 2085 trium
3139 2029 3483 2098 conspicitur

1919 2116 2053 2185 qu,'
2091 2120 2163 2173 ita
2217 2130 2398 2174 tamen
2435 2129 2499 2174 ut
2539 2124 2619 2177 sic
2660 2109 2953 2176 uniformis
2986 2120 3352 2191 subiectarum
3400 2122 3483 2174 fa-

1917 2210 2062 2265 cium
2123 2210 2257 2266 nihil
2321 2212 2731 2277 distinctionem
2801 2214 3133 2275 confundat,
3193 2226 3317 2266 eum
3371 2214 3485 2268 suis

1919 2302 2171 2372 quodque
2195 2306 2429 2374 propriis
2457 2306 2598 2359 notis
2622 2321 2651 2359 a
2673 2306 2915 2374 compari
2942 2296 3157 2360 diﬂerat
3200 2320 3261 2358 ac
3305 2318 3486 2358 secer-

1919 2403 2126 2447 natur:
2161 2396 2259 2455 sic,
2310 2411 2433 2449 cum
2492 2412 2597 2450 una
2644 2398 2901 2461 essentia,
2956 2398 3006 2467 id
3029 2404 3132 2460 est,
3185 2396 3380 2459 deitns,
3427 2396 3481 2448 in

1920 2480 2083 2538 Patre
2111 2492 2163 2537 et
2199 2482 2338 2539 Filio
2366 2498 2417 2541 et
2449 2487 2655 2555 Spiritu
2690 2497 2879 2542 sancto
2909 2488 3307 2549 consideretur,
3340 2501 3485 2555 qure-

1920 2572 2041 2626 dam
2094 2574 2337 2641 singulos
2400 2586 2808 2646 consequuntur
2840 2578 3193 2646 proprietates
3236 2574 3488 2629 immobi-

1922 2664 2022 2730 les,
2059 2666 2260 2735 quibus
2304 2679 2662 2738 personarum
2700 2670 2843 2725 trina
2877 2669 3161 2725 distinctio
3190 2668 3486 2723 inconfuse

1920 2759 2191 2814 consistit.

1989 2850 2243 2918 Quaenam
2270 2844 2434 2923 igitur
2472 2859 2601 2906 sunt
2637 2851 3044 2920 proprietates?
3077 2850 3301 2920 Nempe,
3336 2851 3487 2921 inge—

1919 2942 2118 3008 nitum,
2153 2943 2433 3009 natis-itas,
2466 2959 2529 2998 ac
2580 2946 2884 3012 processio.
2916 2943 3053 2999 Esse
3085 2945 3231 2999 enim
3266 2944 3483 2999 Patrem

1918 3036 2136 3104 quidem
2168 3037 2497 3109 ingenitum,
2538 3037 2684 3107 quod
2726 3037 2859 3090 nulli
2896 3036 3105 3091 auctori
3154 3052 3219 3092 ac
3278 3038 3486 3102 princi-

234 3142 411 3196 supra
436 3117 671 3179 modum
702 3122 898 3204 ‘aﬂusis
931 3119 1100 3174 radiis
1155 3119 1505 3189 replebatur;
1549 3116 1815 3168 sacratio—
1842 3154 1885 3211 ο
1920 3127 2009 3195 p50
2058 3127 2416 3194 mbjicimm;
2482 3128 2772 3195 omnisque
2820 3129 3135 3197 quicunque
3183 3136 3373 3199 mom-
3420 3141 3487 3183 ac

237 3233 452 3289 resque
485 3233 578 3272 eas
600 3216 880 3271 doctrinas
926 3229 988 3267 ac
1011 3212 1345 3267 initiationes
1376 3206 1813 3271 nanciscebatur,

230 3327 364 3383 qua:
399 3309 631 3373 rationis
660 3308 770 3366 vim
810 3321 1027 3360 omnem
1062 3315 1403 3374 superarent.

314 3402 386 3456 At
428 3403 680 3471 quisnam
716 3397 1031 3453 sacratioris
1066 3394 1211 3449 illius
1266 3392 1526 3447 doctrinas
1579 3393 1819 3447 modus?

239 3493 475 3548 Praestat
517 3489 685 3556 enim,
720 3500 871 3558 puto,
905 3495 963 3540 ut
1015 3496 1070 3540 et
1096 3483 1262 3549 illius,
1294 3484 1474 3553 quoad
1511 3485 1665 3538 nobis
1690 3499 1821 3538 con-

238 3598 485 3648 cessum,
543 3579 986 3642 meminerimus;
1020 3582 1077 3628 ut
1110 3574 1565 3644 quemadmodum
1599 3575 1820 3653 reliqua:

238 3674 489 3737 virtutis,
546 3674 630 3726 sic
680 3679 735 3725 et
762 3669 909 3724 illius
960 3666 1155 3721 divinae
1204 3664 1603 3735 praedicationis
1658 3677 1821 3734 atque

242 3765 507 3821 doctrina:
528 3762 755 3817 formam
776 3761 1091 3813 habeamus.
1105 3755 1361 3821 Quaenam
1385 3755 1545 3824 igitur
1562 3756 1821 3809 sacratior

239 3856 491 3909 doctrina
541 3865 607 3906 ac
663 3848 932 3903 initiatio?
964 3846 1104 3900 Deus
1158 3846 1214 3899 in
1260 3844 1437 3899 tribus
1464 3847 1714 3913 personis
1741 3845 1821 3898 in—

243 3946 526 4015 telligitur.
557 3941 720 4006 Deus,
746 3938 836 4010 qui
860 3939 1121 4010 primum,
1153 3936 1439 4005 solumque
1469 3951 1531 3990 ac
1554 3952 1677 3990 vere
1727 3937 1819 3991 sit.
1846 3980 1849 3983 γ

243 4034 476 4100 Sit,uon
504 4030 1021 4095 factussit;tametsi
1051 4029 1105 4083 id
1138 4028 1506 4099 postea,circa
1539 4027 1736 4082 Filium
1758 4042 1822 4081 ac

240 4143 416 4198 quam
433 4125 721 4194 assumpsit
740 4122 1147 4185 hunntnitatem,
1168 4119 1693 4190 obtigit.Vivificatts,
1713 4134 1820 4171 non

242 4219 341 4289 qui
360 4216 688 4280 vitivicetur;
709 4214 1042 4274 illuminans,
1079 4226 1185 4265 non
1204 4211 1293 4280 qui
1313 4210 1642 4264 illuminetnt‘
1664 4225 1681 4275 ;
1700 4224 1825 4263 san-

240 4306 715 4364 ctitateimbuens,
738 4320 842 4359 non
861 4302 1243 4373 qui-imbuatur
1265 4318 1280 4366 ;
1300 4299 1547 4370 principii
1592 4298 1823 4367 ﬁnisque

244 4413 467 4467 expers,
520 4406 777 4462 aeternus,
829 4394 1086 4459 essentia,
1123 4392 1254 4457 vita,
1304 4386 1505 4446 deitate
1537 4390 1820 4460 superior;

1917 3217 2239 3285 principium
2278 3216 2631 3289 intelligatur,
2670 3219 2751 3271 vel
2776 3218 3009 3283 dicatur,
3041 3230 3229 3273 auctor
3251 3218 3483 3273 exsistat

1917 3308 2139 3361 omnino
2198 3308 2429 3376 primus,
2480 3321 2818 3378 prorsusqne
2867 3309 3169 3377 originalis.
3226 3306 3482 3364 Genitum

1917 3412 2045 3450 vero
2080 3397 2302 3460 Filium,
2338 3410 2596 3469 tanquam
2636 3398 2873 3453 Verbum
2924 3411 3087 3469 atque
3125 3402 3481 3467 Sermonem,

1924 3500 1989 3540 ex
2023 3486 2181 3542 Patre
2196 3496 2374 3542 mente
2396 3499 2604 3543 natum.
2633 3489 2975 3545 Proeessisse
3006 3500 3185 3544 autem
3220 3487 3481 3559 Spiritum

1920 3587 2191 3645 sanctum,
2225 3593 2320 3633 ceu
2354 3589 2543 3643 verum
2571 3581 2823 3635 essentia
2862 3591 3098 3650 paterna:
3150 3580 3473 3636 deﬂuvium.

1918 3668 2054 3725 Esse
2080 3678 2265 3724 autem
2292 3671 2434 3745 sicut
2464 3670 2660 3725 Filium
2692 3681 2927 3740 paternae
2974 3671 3162 3727 forma:
3212 3686 3276 3726 ac
3320 3672 3481 3724 clari-

1923 3762 2071 3826 tatis,
2095 3763 2171 3815 sic
2202 3761 2358 3828 plane
2391 3763 2553 3815 etiam
2601 3764 2863 3832 Spiritum
2896 3763 3017 3817 Filii
3052 3764 3367 3817 invariabile
3406 3761 3480 3815 si—

1918 3854 2224 3906 mulacrum
2248 3854 2347 3923 (εἰ).
2386 3852 2516 3907 Nam
2546 3855 3002 3923 quemadmodum
3032 3870 3206 3916 mens,
3242 3856 3357 3921 eius
3387 3853 3479 3922 qui

1922 3940 1976 3993 in
2024 3940 2179 3993 nobis
2227 3941 2476 3994 internus
2528 3956 2710 3995 sermo
2754 3953 2856 4002 est,
2906 3942 3052 3996 velut
3097 3941 3218 3995 fons
3248 3944 3480 4008 exsistit,

1922 4030 2220 4099 eademque
2252 4034 2364 4099 ipsa
2391 4033 2555 4086 etiam
2589 4033 2857 4088 sermonis
2906 4034 2997 4103 qui
3032 4048 3127 4087 ore
3184 4034 3479 4102 profertur,

1923 4135 1985 4174 ac
2025 4133 2246 4174 sensum
2288 4121 2477 4189 tangit,
2506 4132 2698 4176 auctor
2745 4131 2863 4188 est;
2918 4138 3103 4175 verum
3156 4115 3479 4191 concepiutn

1923 4211 2161 4279 quidem,
2197 4213 2341 4265 velut
2392 4214 2476 4265 sui
2515 4213 2696 4267 \‘ivum
2748 4214 3098 4268 simulacrum
3140 4213 3379 4284 mystice
3418 4228 3483 4270 ac

1876 4360 1879 4363 λ
1924 4310 2135 4355 secreto
2161 4302 2364 4371 gignit;
2397 4315 2691 4372 conceptus
2719 4318 2848 4358 vero
2885 4317 3076 4359 rursus
3100 4306 3479 4370 simulacrum,

1925 4406 2228 4446 sermonem
2260 4392 2487 4455 scilicet,
2541 4392 2748 4461 profert
2807 4409 2870 4448 ac
2909 4396 3019 4447 edit
3052 4412 3064 4446 :
3100 4395 3171 4446 ita
3204 4410 3356 4448 mens
3392 4396 3481 4450 illa

246 4490 432 4545 omnis
491 4488 740 4544 essentia
781 4485 1053 4547 conditor,
1103 4483 1282 4538 omnis
1330 4484 1583 4553 potentia:
1629 4480 1813 4546 robur,
1845 4476 1894 4539 υ
1920 4474 2067 4535 omni
2098 4482 2272 4550 major
2321 4483 2581 4552 cogitatu,
2624 4484 2927 4553 primaque,
2968 4493 3231 4553 quantum
3271 4501 3335 4538 ex
3392 4502 3483 4541 re-

244 4580 427 4635 omnis
452 4590 605 4633 actus
648 4574 969 4644 amatusque
992 4574 1246 4640 eﬂ’eclor;
1276 4573 1542 4635 Omnium,
1564 4572 1816 4627 uniterse

247 4670 541 4738 loquendo,
574 4683 764 4722 eorum
787 4680 907 4736 qua:
940 4672 1087 4727 sunt,
1115 4664 1525 4726 int’cllcctilium,
1548 4663 1811 4716 utentium

250 4764 485 4825 ratione,
518 4760 792 4813 sensilium
836 4771 1030 4811 causas
1066 4755 1415 4808 uniformiter
1450 4768 1514 4807 ac
1572 4754 1811 4822 comple-

250 4846 411 4903 xione
444 4850 501 4902 in
535 4849 716 4917 seipso
736 4847 1078 4917 praehabens.

320 4938 607 5007 Nullisquc
637 4937 813 4990 adhuc
836 4936 998 4990 rebus
1020 4936 1077 5009 in
1111 4944 1361 4987 naturam
1409 4926 1809 5003 productis‘at-

251 5043 358 5098 que
403 5028 584 5091 editis,
643 5036 761 5081 erat
817 5026 908 5078 lux
950 5039 1071 5077 vera
1123 5038 1186 5075 ac
1236 5023 1429 5090 prima,
1466 5023 1625 5075 Pater
1651 5022 1809 5075 lumi-

254 5132 383 5169 num
417 5116 483 5181 ⁵⁸,
511 5130 575 5169 ex
601 5130 708 5185 quo
732 5104 1351 5181 ante.s:PculaFiliusae
1382 5109 1617 5163 Verbum
1641 5111 1809 5179 prima

256 5209 501 5262 similiter
531 5223 763 5277 veraque
802 5208 892 5260 lux
930 5205 1127 5259 eximie
1177 5204 1429 5273 eﬂ‘ulgct;
1469 5203 1810 5271 incorporea,

349 5401 391 5432 "
422 5400 565 5456 Psal.
596 5414 828 5461 ιιιιιιι,
860 5398 911 5454 6.
988 5398 1033 5431 "’
1067 5396 1202 5451 Gen.
1231 5411 1419 5448 xxvm.
1460 5395 1544 5448 i3.

329 5611 565 5679 (ὄψι-ες.
601 5619 743 5664 orat.
776 5610 863 5670 i3,
896 5624 948 5677 p.
988 5608 1111 5660 2H.

352 5680 924 5748 b)0rat.37,p6li.
1034 5746 1045 5748 _
1136 5744 1230 5748 ί,
1319 5743 1384 5748 __
1476 5730 1479 5731 ν

352 5682 400 5748 δ)
424 5681 571 5734 Orat.
612 5680 700 5741 37,
737 5696 768 5746 p
802 5680 924 5730 6H.
1476 5730 1479 5731 ,

326 5680 402 5819 ξε»)
430 5749 498 5807 Ita
526 5750 639 5807 fere
676 5749 873 5813 Grzcci,
900 5760 1004 5801 non
1027 5746 1182 5802 facile
1212 5743 1413 5807 Latini,
1448 5746 1645 5811 quibus
1681 5741 1808 5811 Spi-

1692 5391 1739 5425 ⁸³
1772 5390 1887 5446 Jac.
1929 5408 1964 5457 t,
2001 5392 2085 5446 l7.
2163 5392 2208 5424 "
2240 5390 2431 5446 Matth.
2460 5409 2531 5459 xt,
2558 5392 2649 5446 27.

1921 4571 2028 4625 bus
2054 4570 2266 4641 exiguis
2297 4570 2421 4625 licet
2458 4586 2580 4640 qua:
2612 4583 2739 4626 sunt
2764 4574 2998 4628 maxima
3043 4573 3336 4642 conjicere,
3364 4578 3482 4647 rel-

1921 4669 1979 4713 ut
2017 4660 2181 4712 alium
2218 4675 2296 4724 se,
2350 4660 2620 4725 innatum,
2652 4663 3172 4717 ac‘substantialent
3207 4674 3332 4718 ante
3382 4682 3482 4719 ste-

1924 4750 2105 4802 culum
2147 4750 2489 4817 Sermonem,
2517 4767 2610 4806 seu
2647 4750 2909 4818 Verbum,
2952 4755 3163 4823 gignit;
3226 4756 3482 4825 velutquc

1917 4838 2234 4892 Set-munem
2266 4840 2469 4905 alium,
2524 4856 2617 4894 seu
2674 4840 2907 4895 Verbum
2980 4858 3170 4897 rursus
3220 4842 3477 4913 Spiritum

1919 4925 2197 4995 (Verbum
2258 4928 2462 4981 scilicet
2520 4931 2730 4983 virtutis
2779 4945 2891 4983 suae
2919 4930 3008 4999 ⁸⁸)
3066 4932 3344 5000 proferens
3414 4950 3477 4987 ac

1916 5020 2100 5081 edens,
2127 5017 2176 5069 iu
2205 5032 2269 5069 eo
2298 5028 2600 5071 creaturam
2633 5021 2938 5073 universam
2984 5021 3231 5075 absolvit.

1990 5108 2225 5161 Trinitas
2261 5110 2421 5177 igitur
2446 5110 2497 5162 in
2525 5110 2780 5176 Unitate;
2816 5121 2978 5180 atque
3013 5110 3269 5164 Unitasin
3298 5112 3478 5165 Trini—

1920 5208 2047 5265 tate,
2086 5201 2394 5268 declaratur
2428 5201 2480 5255 id
2513 5203 2656 5271 quod
2687 5204 2917 5271 colimus
2949 5220 2961 5255 :
3001 5200 3260 5265 Trinitas,
3291 5215 3475 5269 perso-

2760 5394 2803 5425 ⁸⁸
2832 5393 3036 5453 chm,
3066 5390 3115 5440 5.

1920 5606 2055 5672 ritus
2077 5606 2123 5657 vi
2159 5606 2384 5674 originis
2429 5606 2725 5662 formalitet‘
2768 5617 2870 5657 non
2906 5600 2976 5655 sit
3010 5601 3225 5667 similis,
3256 5600 3355 5655 etsi
3385 5613 3471 5655 rc-
3517 5614 3539 5620 “

1922 5675 2036 5744 ipsa
2064 5684 2165 5745 cst,
2201 5680 2277 5731 uti
2308 5687 2361 5732 ct
2388 5676 2550 5731 Deus.
