3924 6312
586 224 683 287 451

1769 222 2055 284 ΝΙΟΕΤιΕ
2081 224 2601 288 PAPHLAGONIS

3691 230 3787 295 452

591 335 702 397 nis,
754 340 917 401 atque
970 329 1187 397 iluitas,
1250 328 1520 397 essentia';
1586 330 1965 397 immutabilis,
2026 334 2647 408 pariAdei‘ungeretur,
2682 346 2932 394 naturam
2960 338 3174 396 interitu
3207 349 3474 397 mortuam
3496 343 3778 409 excitaret,

592 422 843 478 sublimis
870 425 1094 486 honore,
1115 423 1429 475 intemerata
1464 433 1655 475 natura
1678 440 1693 486 ;
1719 423 1903 476 eadem
1931 424 2145 491 prmittl-

590 507 724 584 gens
747 513 1012 576 claritate,
1041 513 1224 566 eodem
1278 513 1476 565 throno
1524 514 1716 567 sedens
1763 531 1775 566 :
1816 529 1920 565 una
1955 514 2146 567 volun-

589 614 690 667 tas,
723 620 831 658 una
866 604 1124 671 Operatio,
1156 604 1340 655 eadem
1369 603 1579 669 virtus;
1611 613 1869 671 potestas,
1902 604 2142 657 domina-

590 695 685 757 tio,
722 709 944 762 regnum
985 708 1089 745 nou
1119 693 1376 745 divisum.
1429 692 1584 745 Nullo
1625 693 1982 747 euim.modo
2023 710 2143 762 quae

586 794 797 838 suntex
835 785 949 851 ipsa
999 774 1221 851 (mente)
1278 784 1346 837 ab
1419 784 1529 850 ipsa
1577 782 1853 847 differunt;
1911 800 2139 851 quorum

586 874 737 927 alteri
758 874 993 941 quidem,
1015 883 1072 926 ut
1093 874 1363 942 gignatur,
1389 874 1563 936 alteri,
1587 884 1641 926 ut
1658 874 1903 942 procedat
1929 883 2138 939 auctor,

586 964 820 1016 exsistit.

657 1054 747 1108 Sic
797 1055 1013 1123 quidem
1058 1055 1221 1123 igitur
1282 1064 1525 1117 sanctus,
1586 1054 1780 1108 Sancta
1832 1065 2136 1110 sanctorum

583 1145 845 1198 secretius
876 1146 1089 1205 doctus.
1136 1155 1397 1214 quantum
1451 1145 1605 1222 brevi
1638 1160 1883 1199 sermone
1941 1130 2135 1216 reprae-

584 1247 800 1290 sentare
869 1237 1013 1298 licet,
1097 1238 1378 1305 deﬁxaque
1431 1238 1557 1290 huic
1611 1238 1889 1305 theologia?
1946 1240 2138 1294 mentis

581 1330 716 1392 acie,
765 1336 885 1394 post
924 1344 1039 1381 eam
1095 1328 1302 1388 ordine,
1349 1343 1469 1394 qua:
1518 1328 1677 1381 etiam
1718 1330 1780 1381 ad
1809 1336 1983 1383 creata
2015 1345 2136 1398 spe-

579 1426 749 1480 ctant,
804 1417 1018 1469 divinas
1065 1417 1475 1483 praedicationes
1532 1417 1752 1482 aptavit.
1812 1412 1961 1471 [laud
2006 1432 2133 1471 vero

578 1508 672 1560 abs
700 1518 705 1521 ‘
735 1522 789 1559 re
820 1505 1069 1569 forsitan,
1122 1517 1178 1558 ιιι
1212 1515 1265 1559 et
1299 1502 1488 1558 borum
1522 1507 1727 1574 paucis,
1762 1523 1824 1560 ex
1875 1509 2043 1580 sacris
2068 1507 2134 1561 il-

578 1600 682 1653 lius
734 1598 991 1666 el0quiis,
1028 1598 1461 1651 meminerimus;
1484 1598 1704 1667 'Duplici
1733 1600 1875 1652 cnim
1913 1600 2130 1664 mundo,

552 1706 638 1757 ica
673 1706 793 1757 qua:
827 1699 975 1750 sunt,
1024 1704 1235 1742 summa
1266 1687 1523 1757 colligens
1550 1689 1647 1758 (6),
1695 1699 1856 1760 atque
1907 1691 2131 1745 alterum

575 1780 795 1849 quidem
837 1779 1103 1848 ejusmodi
1140 1789 1201 1832 ut
1238 1792 1418 1833 mente
1444 1781 1791 1850 intelligatur.
1827 1783 2051 1835 alterum
2079 1792 2136 1836 ut

576 1885 739 1924 sensu
776 1870 976 1939 percipi
1010 1871 1218 1939 possit;
1251 1872 1484 1938 primum
1512 1872 1764 1939 alterunt,
1800 1872 2010 1941 Deoque
2046 1872 2131 1926 fa-

575 1952 873 2022 miliarem,
932 1970 1099 2029 atque
1141 1960 1473 2030 intelligendi
1504 1962 1552 2015 vi
1586 1962 1901 2031 praeditum;
1940 1978 2136 2017 secun-

550 2050 701 2114 dum
753 2052 1007 2113 alterum,
1043 2058 1470 2119 extraneumque
1506 2067 1532 2102 a
1566 2052 1781 2115 deitate,
1813 2067 1876 2108 ac
1909 2054 2132 2106 materia

572 2147 910 2203 concretum,
937 2140 1242 2209 intelligens
1269 2158 1282 2205 ;
1321 2146 1585 2196 utrumvis
1607 2142 1674 2196 ab
1699 2143 1867 2197 altero
1916 2144 2134 2213 sapien-

574 2229 777 2282 tissima
811 2231 1017 2283 ratione
1078 2246 1141 2285 ac
1176 2246 1339 2284 sensu
1380 2231 1659 2286 discernit.

643 2318 857 2372 Etenim
922 2320 1155 2373 alterum
1218 2322 1437 2388 quidem
1509 2324 1831 2391 spiritalem,
1882 2324 2132 2395 velutque

570 2410 808 2463 essentia
855 2411 1070 2480 igneum
1130 2426 1193 2464 ac
1226 2412 1541 2465 deiformem
1587 2413 1877 2483 (angelicas
1929 2416 2134 2471 scilicet

573 2509 816 2564 naturas,
836 2516 899 2554 ac
922 2517 950 2553 a
980 2516 1207 2571 corpore
1232 2502 1554 2572 absolutas),
1585 2505 1814 2558 alterum
1847 2521 1976 2560 vero
2003 2521 2129 2572 cor-

577 2604 799 2659 poreum
846 2600 957 2645 tum
990 2608 1127 2656 esse,
1168 2602 1277 2644 tum
1313 2593 1412 2646 sibi
1444 2595 1617 2661 ipsum
1642 2605 1979 2664 compactum
2005 2612 2130 2667 par-

572 2682 1192 2747 tibusque-connexum;
1234 2684 1327 2751 qui
1360 2700 1549 2752 nempe
1587 2700 1653 2739 ex
1698 2686 2010 2742 continente
2040 2703 2130 2742 re—

571 2787 693 2824 rum
770 2772 913 2825 hanc
970 2774 1404 2838 universitatem,
1458 2791 1520 2829 ac
1572 2778 1852 2833 elementis
1901 2789 2145 2848 quatuor.

564 2870 793 2914 conStet.
828 2863 905 2914 Ad
936 2863 1160 2931 majoris
1186 2873 1373 2919 autem
1434 2868 1709 2935 sapientia:
1748 2871 2042 2937 specimen,
2065 2887 2129 2924 ex

2246 438 2405 495 atque
2437 430 2502 483 ad
2540 430 2857 485 diviniorem
2892 432 3054 484 vitam
3082 431 3411 487 transferret.

2314 517 2591 586 Ejusmodi
2658 527 2812 573 erant
2875 536 2992 589 quae
3065 521 3366 591 Theologus
3422 522 3692 577 hactenus
3733 523 3783 578 in

2243 608 2414 661 Ponto
2470 610 2666 678 degens
2701 649 2716 671 ,
2771 610 3265 679 philosophabatur.
3314 610 3436 664 llaec
3478 611 3628 680 prius
3683 612 3785 666 illic

2226 709 2419 765 _meute
2496 701 2819 769 speculando
2902 702 3296 767 contemplatus
3367 710 3499 764 est;
3565 709 3784 769 tumque

2242 804 2429 857 p05tea
2484 804 2735 842 sermone
2801 804 2901 857 pro
2950 788 3203 858 Theologi
3256 789 3495 855 partibus
3542 790 3777 842 dictavit.

2238 880 2413 946 Atque
2467 879 3091 947 hicejuS‘solitudiuis,
3147 894 3251 947 qua
3306 893 3543 932 eremum
3597 880 3779 942 co'uit,

2241 968 2451 1022 fructus
2478 981 2578 1033 est,
2604 979 2863 1036 quantum
2920 968 3049 1021 mihi
3093 968 3339 1036 equidem
3386 982 3470 1020 res
3523 968 3669 1034 ejus,
3722 982 3777 1020 ex

2242 1058 2525 1126 ipsius-net
2557 1060 2794 1125 scriptis,
2831 1057 3017 1110 saltem
3072 1058 3278 1110 modice
3315 1056 3499 1109 datum
3550 1065 3636 1109 est
3663 1069 3781 1124 pro—

2238 1149 2411 1217 sequi.
2828 1144 2847 1157 “

2241 1235 2261 1253 “”
2308 1237 2497 1292 Totam
2526 1237 2685 1305 igitur
2715 1246 2943 1290 veterem
2976 1244 3250 1303 totamque
3294 1250 3504 1300 novam,
3530 1247 3639 1304 qua
3666 1235 3777 1287 nul-

2238 1329 2324 1383 lus
2356 1331 2647 1400 sagacitate
2677 1339 2787 1384 tum
2825 1328 3212 1397 antiquiorum,
3243 1336 3355 1382 tum
3383 1342 3518 1395 quos
3551 1342 3781 1396 sequens

2237 1422 2621 1490 protulitaatas,
2653 1419 2983 1489 Scripturam
3016 1420 3344 1488 meditatus;
3380 1417 3662 1487 divinique
3695 1432 3781 1471 cu-

2232 1512 2430 1581 jusque
2461 1512 2602 1566 verbi
2644 1526 2707 1564 ac
2732 1511 2879 1563 vocis
2906 1518 3207 1563 accuratam
3240 1508 3502 1569 notitiam,
3528 1506 3778 1574 primatu-

2237 1620 2340 1672 que
2358 1602 2597 1657 veritatis
2619 1602 3023 1671 intelligentiam
3042 1600 3227 1654 divino
3244 1596 3445 1667 Spiritu
3459 1603 3780 1666 praeceptore

2236 1695 2503 1748 sacratius
2542 1686 2792 1758 edoctus;
2823 1707 2884 1745 ac
2901 1698 3020 1745 cum
3056 1692 3124 1743 ita
3162 1689 3250 1743 Dei
3272 1687 3577 1758 paradisum
3606 1686 3778 1740 fructu

2234 1785 2378 1838 omni
2398 1784 2724 1847 dulcissimo,
2739 1784 2985 1852 bonoque
3011 1781 3400 1849 omnicogitatu
3424 1796 3487 1834 ae
3513 1779 3777 1833 intellectu

2234 1873 2557 1937 coofcrtum,
2588 1882 2745 1928 suum
2773 1873 2887 1942 ipse
2916 1872 3153 1925 animum
3182 1870 3523 1932 reddidisset,
3559 1867 3777 1922 reverti-

2236 1976 2362 2031 tur;
2398 1966 2632 2035 primum
2668 1965 2883 2033 quidem
2940 1962 3109 2016 sacris
3151 1960 3487 2029 parentibus,
3542 1960 3637 2029 qui
3666 1957 3778 2027 ejus

2240 2056 2473 2109 maxime
2529 2070 2650 2108 cum
2700 2052 2947 2122 spiritali,
2980 2059 3091 2103 tum
3119 2050 3383 2119 corporali
3410 2063 3530 2125 cpe
3574 2048 3799 2117 indigem

2235 2154 2374 2208 rent,
2404 2154 2626 2214 tumque
2650 2145 2811 2198 etiam
2863 2142 3116 2195 omnibus
3148 2142 3341 2209 quibus
3398 2147 3541 2195 esset
3602 2140 3777 2193 animo

2204 2234 2585 2291 .constitutum
2629 2242 2688 2286 ut
2740 2232 2994 2301 pietatem
3056 2230 3311 2293 colerent,
3349 2230 3400 2283 in
3436 2242 3773 2284 communem

2233 2339 2290 2379 se
2326 2325 2607 2377 utilitatem
2626 2362 2641 2383 ,
2677 2322 2852 2391 iisque
2881 2318 3160 2384 utendum,
3187 2335 3482 2389 exponens.

2304 2416 2379 2470 Ac
2416 2414 2560 2468 sicut
2588 2410 2800 2473 Petrus,
2846 2410 3045 2467 Christi
3094 2410 3481 2479 discipulorum
3514 2415 3771 2478 praestan—

2232 2506 2456 2559 tissima:
2484 2503 2735 2573 primitiae
2792 2518 2853 2556 ac
2887 2501 3101 2557 coronis
3132 2519 3147 2554 :
3188 2512 3350 2569 atque
3380 2500 3634 2554 universe
3665 2497 3771 2553 dei—

2234 2595 2419 2649 formis
2474 2594 2648 2651 omnis
2705 2593 3081 2663 apostolorum
3134 2592 3369 2656 chorus,
3400 2598 3509 2643 tota
3546 2588 3773 2658 primum

2232 2681 2540 2745 sinceritate
2639 2681 3034 2735 divinissimum
3111 2692 3427 2748 summeque
3486 2676 3775 2747 principem

2229 2773 2413 2840 Jesum
2465 2774 2745 2836 assec‘tati,
2780 2772 3010 2840 ﬁdeique
3042 2772 3300 2825 doctrina:
3353 2778 3615 2824 navantes
3651 2780 3774 2837 ope-

2232 2880 2368 2931 ram,
2400 2864 2542 2918 omni
2578 2864 2792 2933 quidem
2829 2862 2993 2914 animi
3049 2862 3261 2915 macula
3315 2859 3773 2929 abstergebantur,

566 2952 959 3005 contrariorum
995 2954 1249 3009 mistione
1303 2972 1468 3010 uuum
1499 2960 1765 3026 quoddam
1818 2963 2012 3013 animal
2040 2977 2124 3015 ar-

2232 2955 2489 3022 omnique
2514 2954 2709 3007 divina:
2738 2952 2978 3006 scientia:
3002 2951 3125 3004 luce
3176 2951 3551 3019 replehautur;
3605 2943 3772 3016 perie-

565 3044 706 3096 titice
734 3044 939 3096 ratione
966 3047 1302 3113 compegisse
1327 3063 1343 3111 ;
1384 3048 1646 3114 ejusmodi
1678 3051 1901 3116 scilicet,
1929 3063 1985 3105 ut
2011 3063 2119 3105 tum

562 3146 689 3185 caro
728 3133 975 3197 exsistat,
1012 3143 1268 3203 tauquam
1301 3152 1366 3190 ex
1420 3141 1643 3192 materia
1678 3156 1707 3211 e
1738 3150 1879 3195 terra
1916 3142 2121 3197 forma-

560 3230 675 3274 tum
703 3238 715 3286 ;
743 3234 962 3289 tumque
995 3223 1240 3293 spiritus,
1292 3234 1544 3294 tauquam
1604 3228 1915 3295 insuliiatio,
1962 3240 2122 3300 atque

563 3312 684 3380 ejus
734 3313 1034 3366 similitudo
1069 3316 1160 3383 qui
1215 3315 1287 3368 illi
1334 3316 1644 3373 iusulliavit.
1700 3320 1890 3384 Porro,
1952 3330 2119 3376 totum

561 3413 873 3457 concretum
916 3396 1041 3475 hoc,
1093 3405 1367 3459 hominem
1425 3410 1716 3477 exstitisse,
1758 3414 1953 3466 mentis
2001 3430 2122 3468 seu-

559 3505 762 3559 susque
803 3502 1141 3560 compotem;
1186 3504 1242 3547 ut
1269 3511 1429 3549 sensu
1478 3498 1719 3566 quidem,
1754 3500 1820 3555 iis
1855 3516 1973 3569 qua:
1997 3518 2122 3556 sen-

560 3581 681 3633 silia
704 3589 829 3635 sunt
858 3619 872 3643 .
916 3593 1094 3637 mente
1133 3600 1280 3649 vero,
1332 3587 1417 3641 his
1447 3602 1566 3655 qua:
1626 3577 1955 3646 iutellectilia
2002 3602 2120 3647 tau-

559 3685 724 3740 quam
759 3661 1118 3728 lamiliaribus
1153 3687 1559 3731 consuesceret.

628 3759 801 3825 iiunc,
846 3763 1089 3817 utsacris
1114 3766 1379 3831 proditum
1411 3767 1626 3823 Litteris
1648 3780 1749 3835 est,
1781 3772 1832 3825 in
1866 3774 2118 3842 paradiso

558 3851 880 3906 collocatum
944 3868 1067 3909 esse
1123 3852 1505 3911 immortalium
1551 3862 1880 3929 plantarum,
1918 3866 1966 3918 id
2012 3877 2114 3933 est,

558 3942 865 3996 divinorum
948 3959 1227 4000 sensorum
1322 3960 1674 4018 spectatorem
1727 3970 1742 4006 :
1802 3955 2114 4025 nequissimi

560 4043 690 4081 vero
741 4031 1008 4098 serpentis
1057 4033 1302 4089 consiliis
1347 4038 1651 4103 seductum,
1685 4056 1749 4095 ac
1780 4047 2114 4101 comminus

558 4119 820 4179 hactenus
854 4136 1145 4191 congruam
1180 4114 1489 4193 importune
1547 4131 1967 4197 speculationem
1993 4138 2115 4189 atti-

557 4209 742 4277 gisset,
766 4218 877 4264 tum
918 4214 985 4266 ab
1022 4214 1138 4282 ipso
1164 4216 1465 4283 conditore,
1495 4226 1607 4272 tum
1644 4236 1672 4274 a
1702 4212 1955 4289 paradiso
1996 4244 2098 4282 vo-

2235 3046 2405 3097 ctiorc
2432 3050 2609 3096 autem
2638 3053 2817 3109 postea
2839 3040 3071 3109 Spiritus
3099 3039 3327 3092 adventu
3356 3038 3622 3102 exhibito,
3645 3037 3769 3091 ube-

2232 3134 2535 3202 rioremque
2558 3132 2860 3185 divinorum
2885 3131 2933 3183 in
2962 3146 3053 3186 eos
3081 3130 3352 3183 amatuum
3382 3128 3773 3207 ‘donorumque

2230 3224 2696 3293 participationem
2777 3222 2948 3283 nacti,
3010 3223 3194 3291 sicque
3256 3219 3525 3281 instructi,
3573 3216 3772 3273 cunctis

2228 3313 2583 3381 sospitatores
2609 3312 2859 3386 gentibus
2893 3311 3245 3367 mittebantur
3276 3328 3289 3365 :
3318 3312 3457 3364 haud
3492 3309 3772 3365 secus-hic

2227 3419 2441 3473 quoque
2498 3420 2630 3462 cum.
2678 3404 2903 3459 Domino
2962 3403 3167 3474 Spiritu
3195 3403 3238 3434 "
3263 3416 3487 3458 accensa
3540 3401 3768 3471 primum

2226 3500 2329 3553 ﬁde
2361 3500 2498 3553 inter
2516 3499 2827 3554 solitudinis
2846 3499 3057 3553 silentia
3083 3494 3348 3562 versatus,
3377 3512 3440 3551 ac
3455 3510 3576 3571 cum
3599 3495 3769 3550 scien-

2228 3592 2313 3646 tiae
2334 3576 2734 3655 .cultorfetiam
2762 3590 3201 3666 contemplationi
3230 3604 3446 3667 operam
3480 3587 3765 3657 posuisset,

2224 3697 2547 3751 omnemque
2574 3696 2798 3751 prorsus
2835 3682 2949 3735 vitii
2984 3681 3155 3734 labem
3179 3680 3419 3745 cluisset,
3449 3693 3512 3731 ac
3538 3676 3768 3739 divinam

2224 3786 2440 3826 omnem
2479 3770 2891 3825 illustrationem
2918 3779 3240 3826 consecutus
3262 3779 3424 3832 esset,
3459 3764 3767 3836 perfectiora

2222 3863 2438 3916 demum
2476 3862 2713 3931 Spiritus
2746 3860 2964 3926 iamatu,
3003 3861 3082 3916 sic
3133 3861 3447 3930 operatione
3492 3852 3763 3917 donatus,

2222 3963 2383 4022 atque
2411 3955 2512 4017 ita,
2548 3954 2700 4022 juxta
2737 3939 2916 4007 divum
2953 3951 3235 4016 Jacobum,
3262 3946 3510 4005 Sermone
3535 3945 3765 4002 veritatis

2225 4046 2457 4113 genitus,
2492 4046 2605 4115 ipse
2636 4059 2848 4115 quoque
2884 4045 3100 4098 illorum
3146 4059 3296 4103 more
3347 4041 3598 4112 primitia:
3625 4051 3764 4109 qua-

2220 4139 2343 4191 dam
2385 4148 2753 4191 creaturarum
2792 4138 2907 4200 Dei,
2948 4138 3147 4191 missus
3171 4137 3337 4190 est".
3658 4145 3660 4149 '

2297 4227 2399 4293 Qui
2455 4228 2659 4296 primus
2702 4228 2864 4280 homo
2893 4228 3145 4281 conditus
3179 4236 3298 4290 est,
3339 4223 3431 4278 Dei
3468 4221 3756 4291 imaginis,

558 4302 775 4379 luptatis
805 4313 1083 4359 extorrem
1122 4307 1317 4360 merito
1342 4309 1570 4376 ejectum
1607 4328 1743 4369 esse.
1784 4315 1910 4372 inde
1953 4320 2114 4374 vitam
2150 4305 2191 4358 ί)
2220 4326 2381 4387 atque
2414 4316 2648 4372 dextera:
2677 4317 2925 4386 gloriare,
2960 4332 3022 4389 ac
3050 4317 3282 4385 paradisi
3311 4321 3638 4369 consecutus
3670 4313 3761 4366 de-

556 4392 715 4446 nullis
742 4395 1019 4448 molestam
1049 4397 1347 4463 laboribus,
1367 4409 1626 4472 extraque
1653 4405 1895 4462 interitus
1919 4412 2111 4479 aleam,

554 4479 865 4545 sudoribus,
920 4497 983 4536 ac
1024 4483 1330 4550 laboribus,
1378 4498 1661 4558 morteque
1722 4506 2108 4551 commutasse.

556 4567 682 4621 inde
746 4584 1015 4634 sermone,
1080 4572 1217 4640 lege,
1263 4572 1558 4641 judicibus,
1625 4581 1922 4648 prephetis,
1964 4588 2112 4639 omni

532 4657 745 4741 ;genere
772 4660 1176 4723 heneliciorum,
1204 4664 1460 4733 omnique
1491 4665 1824 4737 ﬂagellorum
1868 4674 2108 4741 periculo

527 4736 537 4795 ἶ
554 4748 925 4816 ferocientem,
962 4754 1159 4822 vixque
1190 4757 1545 4823 tractabilem,
1574 4736 1731 4829 quin
1763 4736 2106 4833 desperatum

552 4838 795 4905 omnino,
841 4857 903 4894 ac
970 4842 1345 4910 insanabilem,
1377 4862 1441 4901 eo
1485 4848 1774 4914 adductus,
1834 4862 1893 4907 ut
1930 4855 2106 4923 primo

555 4929 1063 5000 indigeretauxilio,
1119 4949 1477 5006 supremoque
1505 4942 1778 4996 curandus
1844 4955 1986 4999 esset
2026 4961 2108 5002 re—

547 5023 745 5092 medio.
776 5023 833 5074 lu
874 5038 937 5075 eo
975 5023 1102 5076 illm]
1130 5028 1385 5093 positum,
1419 5038 1477 5081 ut
1512 5031 1624 5097 ipse
1657 5033 1795 5085 Deus
1845 5032 2099 5099 Verbum,

546 5110 747 5173 carnis,
766 5126 982 5178 expers,
1009 5113 1187 5167 carnis
1214 5129 1339 5184 ergo
1369 5132 1433 5169 ex
1462 5118 1714 5184 virgineis
1749 5123 2101 5191 sanguiuibus

552 5214 771 5254 carnem
826 5201 1111 5269 indueret;
1148 5205 1451 5274 animaeque
1514 5208 1826 5276 intelligenti
1887 5226 2104 5283 pr0pter

548 5290 786 5344 animam
848 5294 1339 5361 commiscere-tur;
1391 5311 1453 5347 ac
1511 5312 1613 5364 qua
1657 5298 1871 5355 demum
1932 5317 2103 5364 morte

614 5435 656 5465 “
689 5432 861 5487 lCor.
897 5449 973 5496 ιιι,
1008 5436 1093 5488 i7.
1171 5438 1212 5465 ⁶¹
1242 5436 1357 5489 Jac.
1388 5452 1423 5500 ι,
1453 5438 1535 5489 l8.

612 5549 689 5618 (δ)
730 5549 877 5605 0m.
909 5552 976 5604 58
1004 5562 1056 5607 et
1096 5557 1181 5607 te.

1613 5442 1657 5471 ⁸³
1687 5440 1703 5493 Ι
1733 5442 1857 5498 Cor.
1891 5462 1978 5513 xv,
2010 5450 2093 5504 '59.

2221 4411 2393 4474 licias,
2414 4410 2557 4479 quod
2580 4426 2674 4480 per
2702 4412 2880 4465 earnis
2903 4410 3197 4473 libidinem,
3228 4409 3353 4470 vita,
3380 4422 3498 4477 qua:
3530 4408 3585 4459 iu
3609 4404 3755 4473 spiri-

2221 4512 2275 4555 tu
2315 4510 2417 4577 est,
2449 4503 2730 4578 exciderit,
2759 4503 2992 4557 carnalis
3019 4512 3168 4555 ortus
3213 4516 3416 4568 auspex
3471 4508 3757 4567 auctorque

2220 4590 2530 4647 hominibus
2549 4594 2795 4657 exstitit;
2828 4594 3045 4661 vitaque
3103 4593 3342 4661 angelica
3394 4606 3457 4644 ac
3492 4588 3630 4642 nulli
3672 4587 3756 4641 ob-

2218 4683 2377 4736 noxia
2410 4682 2651 4737 iuteritui
2698 4698 2792 4751 per
2842 4682 3149 4736 socordiam
3186 4681 3386 4735 amissa
3442 4688 3604 4747 atque
3640 4690 3755 4745 pro-

2212 4772 2375 4842 jecta,
2435 4774 2554 4840 ejus
2599 4757 2719 4842 quae
2769 4774 3048 4827 aﬁ’eetibus
3109 4773 3410 4841 mortisque
3468 4765 3752 4824 iuteritioui

2214 4864 2427 4937 addicta
2461 4874 2563 4926 est,
2605 4880 2798 4933 parens
2837 4865 3083 4919 iuaudiit.
3142 4865 3210 4918 At
3255 4864 3572 4933 Gregorius,
3610 4858 3749 4931 primi

2213 4955 2434 5024 quidem
2476 4962 2638 5024 atque
2688 4958 2884 5010 terreni
2946 4958 3093 5026 prius
3126 4966 3341 5026 gestans
3394 4955 3678 5023 imaginem
3711 4952 3750 4983 "

2212 5049 2436 5114 (etenim
2463 5050 2623 5101 homo
2648 5050 2805 5117 erat),
2840 5061 3058 5118 tumque
3087 5064 3152 5103 eo
3181 5049 3447 5111 abdicato,
3466 5046 3747 5102 secundum

2210 5149 2396 5209 postea
2436 5146 2595 5205 atque
2614 5139 2885 5193 emlestcm
2914 5140 3177 5194 Adamum
3212 5140 3466 5205 inducas;
3494 5149 3746 5206 natusque

2213 5242 2376 5299 atque
2404 5229 2675 5297 perfectus
2730 5233 3027 5287 secundum
3061 5231 3181 5301 ejus
3221 5232 3509 5303 imaginem
3543 5231 3746 5301 (quippe

2156 5326 2159 5327 '
2209 5320 2555 5390 praestantior
2600 5321 2838 5396 homine)
2897 5326 3107 5381 initium
3160 5326 3433 5395 quoddam
3486 5339 3548 5381 ac
3607 5319 3741 5378 radix
