3924 6312
238 317 349 385 ἄ5¹ἷ

981 311 1262 374 ORATIO
1300 310 1429 372 XX.
1459 333 1524 344 -
1552 307 1633 368 ΙΝ
1675 296 1986 371 LAUDEM
2022 306 2085 369 S.
2125 302 2503 367 GREGORII
2527 242 2801 366 TIiEOL.

3414 303 3520 371 451

240 434 513 508 spiritalis
541 430 885 498 nativitatis,_
912 430 1094 485 relatis
1140 442 1253 490 suae
1292 423 1605 480 hominibus
1653 437 1822 494 appa-
1854 432 1901 487 Α
1929 421 2332 478 Nazianzenam
2393 419 2579 475 sedem
2635 414 2930 493 regendam
2983 416 3360 495 suscepisset,
3415 438 3518 479 an-

241 522 383 583 ruit.
424 524 583 581 Verbi
617 524 766 580 enim
831 521 1178 594 Spiritusquc
1216 518 1481 589 potentia,
1513 531 1612 571 ceu
1643 517 1827 570 incon-

244 620 575 674 taminatam
606 624 905 672 sementem
958 610 1173 683 pietatis
1204 614 1461 689 {verbum
1503 616 1827 663 cunctorum

244 711 512 785 cordibus
542 710 907 765 disseminaus
927 721 942 769 ;
963 718 1026 758 ac
1056 703 1201 756 velut
1231 701 1527 768 imbribus,
1550 699 1832 756 continuis

247 803 383 858 illud
425 801 777 858 sermonibus
814 812 877 852 ac
910 794 1202 866 colloquiis
1261 795 1509 848 nutriens
1567 807 1840 848 consum-.

248 910 542 965 mausque,
581 904 743 962 atque
770 891 835 945 ad
871 903 1179 943 mensuram
1202 886 1481 956 _spiritaiis
1511 886 1687 940 atatis
1708 897 1836 955 pro—

250 987 495 1053 vehens;
529 986 768 1055 primum
800 980 1046 1050 quidem,
1078 993 1271 1033 eorum
1298 978 1574 1045 quicarne
1603 976 1829 1045 genuis-

247 1086 397 1137 sent.
461 1077 657 1145 spiritu
698 1071 936 1127 efﬁcitur
974 1067 1539 1140 parenstexirnquue
1576 1067 1737 1121 etiam
1766 1065 1834 1121 ad

246 1144 570 1228 extraneos,
603 1163 807 1219 mentis
836 1162 999 1226 hanc,
1020 1144 1560 1231 pulcherrimamque
1588 1159 1837 1229 adoptio—

250 1274 382 1313 uem
413 1270 580 1326 supra
611 1254 833 1309 modum
865 1268 929 1312 ac
967 1252 1234 1307 latissime
1262 1246 1517 1319 proferta
1543 1263 1545 1265 ί

216 1414 221 1419 τ
329 1347 457 1418 Ipse
482 1355 666 1415 autem
725 1347 992 1416 seipsum,
1054 1342 1215 1413 omni
1252 1342 1479 1411 dignum
1522 1339 1790 1396 nil-acqu
1821 1382 1838 1406 ,

251 1455 322 1495 ac
342 1442 503 1511 longe
531 1437 839 1493 absolutum
865 1435 1085 1490 virtutis
1109 1434 1391 1503 exemplar
1414 1430 1842 1503 proponens(7),

256 1533 499 1603 primum
532 1530 752 1600 quidem
804 1544 919 1583 sua:
965 1527 1017 1580 in
1065 1525 1299 1583 Pontum
1342 1525 1485 1593 luga!
1517 1522 1845 1578 manifestas

251 1639 537 1686 excusans
587 1621 747 1676 ailert
780 1619 1070 1673 rationes:
1129 1617 1275 1688 quod
1334 1630 1529 1687 nempe
1584 1615 1846 1684 prmelaro

1931 516 2124 586 nisque
2165 512 2365 585 gravis,
2403 527 2468 568 ac
2495 528 2723 585 corpore
2754 517 2960 573 morbis
2995 517 3217 584 attrito,
3253 512 3524 571 Ecclesia!

1932 616 2084 663 certo
2114 606 2210 666 Dei
2247 604 2482 660 consilio
2525 596 2766 677 molestis
2819 610 3006 676 rebus,
3031 624 3127 664 seu
3176 607 3521 678 inequalits-

1934 700 2081 755 tibus
2118 696 2359 753 ferendis
2418 698 2594 768 impar
2640 710 2809 766 esset,
2840 700 3143 772 Gregorius
3193 699 3271 755 illi
3322 708 3523 757 cuncta

1932 801 2069 855 erat,
2119 789 2424 847 senectutis
2456 791 2704 854 baculus.
2738 795 3055 850 morborum
3089 794 3323 859 curatio,
3350 792 3523 849 aditi-

1935 882 2076 937 catio
2100 881 2373 952 corporis.
2400 881 2567 936 animi
2602 884 2842 953 requies,
2879 886 3123 940 solamen
3158 882 3422 955 spiritus;
3458 898 3524 941 ac

1936 975 2081 1045 quod
2113 973 2462 1044 potissimum
2483 975 2755 1039 omnium,
2776 992 3034 1032 sensuum
3058 978 3227 1032 animi
3252 975 3522 1044 custodis,

1936 1084 2000 1124 ac
2030 1058 2309 1123 suecusste
2342 1066 2463 1121 tidei
2497 1067 2827 1122 emendatio.

2012 1160 2224 1217 Etenim
2260 1148 2538 1231 ejusmodi
2569 1158 2780 1230 aliquid
2802 1160 2921 1230 ejus
2957 1161 3258 1219 rationibus
3300 1161 3523 1220 accidit.

1939 1252 2077 1319 Quia
2115 1254 2263 1311 enim
2294 1253 2626 1308 Arianorum
2662 1235 2819 1307 furor
2856 1268 3077 1309 omnem
3132 1258 3527 1325 propemodum

1943 1356 2210 1402 terrarum
2285 1348 2477 1405 orbem
2553 1354 2905 1418 pervaserat;
2963 1362 3214 1418 novaque
3270 1348 3531 1406 θάνοι-δας

1944 1437 2228 1495 Trinitatis
2253 1430 2619 1510 aquaiitatem
2653 1424 2930 1504 doctrina,
2963 1454 3063 1494 ceu
3101 1441 3219 1494 lues
3247 1439 3532 1509 quaedam.

1946 1530 2061 1585 sive
2111 1547 2467 1602 gangraena,-
2488 1548 2585 1603 per
2634 1547 2829 1589 omnes
2881 1525 3213 1602 provincias,
3260 1532 3536 1603 uriresque

1948 1622 2322 1691 grassabatur,
2378 1640 2443 1685 ac
2498 1634 2613 1678 tum
2674 1626 3050 1694 imperatores,
3088 1633 3202 1678 tum
3259 1624 3536 1695 principes

257 1715 580 1769 solitudinis
623 1713 834 1773 amsttus
866 1726 1070 1791 amore,
1112 1724 1471 1779 superumque
1496 1707 1849 1792 philosophiae
1951 1729 2314 1785 proceresque
2344 1732 2407 1774 ac
2433 1719 2685 1787 populos,
2726 1719 2858 1788 quin
2915 1718 3079 1772 etiam
3111 1718 3276 1786 (quod
3318 1716 3535 1773 dii-issi-

259 1808 561 1863 instinctus
589 1806 890 1871 desiderio,
914 1805 1155 1858 urbanos
1183 1802 1450 1856 tumultus
1472 1800 1847 1869 declinaverit;
1887 1793 1925 1847 Β
1956 1820 2104 1860 mum
2134 1808 2399 1876 omnium)
2420 1810 2589 1863 malos
2615 1809 2876 1879 prmstlles
2908 1810 3008 1863 sibi
3044 1809 3359 1877 addixerat;
3394 1823 3537 1880 quos

261 1908 327 1953 ut
357 1913 419 1977 se
452 1898 712 1952 nimirum
747 1898 802 1952 in
827 1913 915 1962 ea,
947 1906 1208 1966 tanquam
1234 1895 1460 1965 speculo
1491 1893 1846 1958 nitidissimo,

260 1982 699 2063 contemplatus,
740 2006 826 2058 ac,
864 2004 1029 2059 quam
1057 1990 1211 2059 prius
1255 2003 1348 2058 per
1381 1987 1647 2057 Spiritum
1679 1984 1851 2040 divini

265 2083 568 2139 sacerdotii
644 2082 955 2137 unctionem
1039 2088 1236 2135 nactus
1302 2087 1464 2145 erat,
1529 2076 1853 2148 perlectiore

263 2174 666 2244 eruntndationc
690 2173 1007 2243 obsignans,
1040 2180 1328 2241 ratamque
1358 2170 1465 2225 sibi
1524 2184 1589 2224 ac
1636 2168 1851 2223 ﬁrmam

265 2267 442 2321 divini
484 2265 614 2321 doni
641 2266 1043 2335 possessionem
1072 2272 1337 2335 praestans
1358 2304 1375 2329 ,
1407 2261 1489 2316 sic
1511 2275 1649 2332 pure
1673 2261 1855 2333 puris-

268 2361 417 2416 simo
449 2359 527 2412 uti
563 2369 774 2427 posset,
805 2372 870 2411 ac
891 2357 939 2410 ei
974 2369 1360 2410 consuescere.
1392 2352 1531 2425 Tpm
1556 2351 1855 2429 sacerdotis

264 2449 513 2506 ostendit
551 2448 892 2516 dignitatem,
960 2461 1025 2500 ac
1052 2444 1269 2514 qualem
1302 2447 1707 2513 cumoporteat
1733 2457 1856 2499 esse

270 2542 374 2613 qui
420 2542 476 2595 in
527 2540 842 2609 episcopum
880 2532 1261 2607 préciieiendus
1321 2520 1436 2591 sit‘:
1467 2535 1669 2605 quibus
1726 2536 1854 2589 item

272 2632 591 2690 rationibus
624 2646 861 2700 praesse
897 2645 1021 2685 eum
1054 2637 1304 2699 oporteat
1329 2631 1478 2700 gregi
1527 2630 1700 2683 utenti
1757 2636 1860 2684 ra-

273 2724 448 2797 tione,
482 2721 849 2793 pulcherrime
894 2719 1577 2789 summaquephilosqphia
1606 2734 1862 2774 sermone

274 2814 406 2869 aliis
440 2816 684 2878 tradens,
725 2812 838 2879 ipse
870 2809 1126 2874 cperibus
1147 2847 1161 2873 ,
1192 2809 1633 2878 clarissimisque
1664 2818 1855 2864 certa-

275 2907 528 2962 minibus
551 2904 844 2975 implendo,
878 2902 1037 2956 ﬁdem
1072 2901 1248 2956 verb’s
1284 2900 1537 2955 addebat.

357 2997 619 3064 Quaenam
646 2996 809 3066 igitur
841 2993 1042 3062 opera?
1068 3007 1132 3046 ac
1166 2993 1448 3047 videamus
1480 3008 1607 3047 nam
1642 2991 1860 3061 plurimi

280 3107 351 3149 ea
384 3091 636 3147 facienda
702 3103 765 3142 ac
796 3085 1221 3155 praemagnilica.
1249 3083 1313 3137 Et
1341 3085 1471 3154 quid
1498 3085 1665 3147 cnim,
1697 3097 1860 3152 quam

280 3182 553 3251 Thcologi
600 3150 807 3234 animo-
848 3193 911 3231 ac
960 3150 1083 3230 ﬁde.
1112 3175 1309 3246 digna?
1358 3150 1602 3230 l’rimum
1644 3150 1863 3245 q’uidem
1898 3150 1941 3209 (ἶ

282 3274 553 3343 templum
597 3277 794 3326 ornatu
845 3277 1134 3323 venustum
1188 3282 1253 3322 ac
1303 3267 1445 3321 mole
1503 3259 1696 3336 ingens
1748 3268 1867 3336 ejus

284 3344 602 3434 curaiatque
621 3361 896 3430 diligentia
917 3358 1212 3413 excitatum
1239 3356 1338 3429 (8),
1361 3358 1617 3426 velutque
1641 3357 1786 3410 aliud
1816 3358 1868 3410 in

288 3467 442 3512 terra
477 3454 672 3509 cretum
704 3454 755 3505 in
785 3450 940 3505 c'oelis
963 3449 1227 3504 habitanti
1254 3446 1870 3519 palam'consecratum.

286 3546 497 3601 Verum
526 3545 601 3607 id,
631 3560 743 3613 pra:
770 3542 834 3597 iis
864 3556 984 3611 quae
1011 3540 1129 3610 ejus
1152 3548 1299 3605 sunt,
1333 3540 1515 3593 minus
1544 3538 1609 3593 ad
1640 3538 1875 3591 miracu—

290 3634 435 3690 lum.
474 3632 577 3699 Qui
611 3632 756 3687 enim
795 3632 910 3699 ipse
946 3644 1003 3683 se
1040 3628 1302 3696 templum
1357 3625 1466 3680 Deo
1517 3626 1743 3695 dignum
1792 3634 1876 3678 at-

291 3743 408 3799 que
439 3734 733 3796 augustum
767 3724 1028 3776 virtutum
1084 3719 1237 3773 cultu
1291 3726 1683 3787 exstruxerat,
1735 3718 1871 3787 quid

295 3823 505 3879 mirum
539 3811 829 3892 plurimam
864 3816 1006 3888 patri
1063 3829 1284 3884 Operam
1321 3812 1622 3868 contulisse
1648 3850 1663 3878 ,
1696 3822 1755 3866 ut
1807 3826 1876 3866 ex

292 3914 573 3985 lapidibus
602 3925 814 3966 sacram
856 3924 973 3964 eam
1002 3908 1170 3968 rudem
1197 3903 1537 3961 avditlcaret?
1562 3973 1570 3975 4

378 4006 581 4061 Deinde
616 4013 902 4074 parentum
947 4004 1182 4055 honores
1228 4017 1242 4053 :
1294 3999 1386 4069 qui
1442 4012 1635 4067 nempe
1674 3996 1878 4058 verbis,

300 4099 403 4169 qui
431 4098 541 4166 ipsa
571 4092 865 4167 praestandi
900 4107 990 4146 re:
1023 4089 1353 4161 pupillorum
1383 4086 1882 4153 tulamina,vidua-

300 4203 436 4247 rum
467 4186 737 4257 praesidia,
773 4197 1071 4254 pauperum
1104 4179 1434 4253 patrocinia,
1472 4193 1685 4242 senum,
1710 4192 1880 4247 aegro-

301 4289 514 4343 torum,
543 4277 919 4332 mendicorum
942 4272 1172 4342 hospitia
1199 4288 1213 4337 ;
1259 4280 1372 4325 tum
1402 4285 1522 4339 qua:
1573 4269 1722 4323 solus
1765 4269 1881 4336 ipse

308 4387 374 4427 ac
438 4370 664 4426 seorsim
727 4366 1000 4423 exstruxit
1053 4365 1105 4419 in
1157 4363 1364 4434 patria;
1424 4370 1538 4415 tum
1565 4360 1759 4429 quibus
1789 4374 1881 4413 ex-

306 4463 589 4521 struendis
618 4460 825 4516 sociam
869 4473 1090 4513 manum
1124 4455 1354 4511 contulit
1399 4453 1577 4506 amico
1609 4467 1673 4506 ac
1706 4450 1881 4505 sodali

308 4556 553 4623 Basilio;
584 4570 684 4609 nee
710 4553 843 4609 solis
866 4551 1119 4621 cperibus
1144 4563 1266 4614 quae
1292 4563 1388 4602 sua
1434 4553 1591 4601 erant
1634 4544 1884 4599 fovendis

310 4652 430 4720 ipse
456 4646 773 4702 conferebat
797 4686 811 4708 ,
851 4643 943 4697 sed
984 4651 1041 4695 et
1074 4641 1252 4695 verbis
1268 4639 1521 4693 eximiam
1552 4638 1886 4691 adhortatio-

313 4741 404 4795 uis
440 4741 548 4791 vim
580 4724 941 4796 habentibus;
966 4748 1128 4787 saxea
1161 4731 1276 4803 ipsa
1325 4742 1539 4798 peetora
1575 4728 1638 4780 ad
1670 4742 1877 4796 paupe-

317 4846 441 4888 rum
508 4844 575 4883 ac
606 4827 977 4881 mendicorum
1010 4836 1251 4875 amorem
1281 4819 1605 4875 suscitabat.

387 4924 467 4977 Ac
522 4919 740 4991 quidem
796 4931 923 4987 erga
977 4913 1326 4969 adversarios
1377 4911 1540 4964 rebus
1582 4925 1645 4963 ac
1705 4909 1890 4966 verbis

319 5014 596 5072 contraria
666 5010 881 5077 studia;
938 5022 1065 5076 erga
1120 5013 1300 5059 autem
1360 5001 1693 5055 domesticos
1764 5001 1890 5055 ﬁdei

322 5105 736 5176 opitulationes,
759 5098 1216 5171 gubernationes,
1251 5110 1357 5148 non
1398 5104 1504 5146 tam
1541 5094 1605 5147 ad
1645 5108 1843 5161 corpus
1875 5131 1892 5157 ,

324 5212 487 5267 quam
518 5196 584 5250 ad
616 5196 859 5248 animum
887 5198 1194 5263 spectantes
1227 5187 1293 5253 “,
1318 5202 1442 5241 eum
1474 5186 1593 5255 ejus
1650 5184 1895 5266 doctrina

335 5304 399 5344 ac
464 5288 578 5357 lege
619 5286 804 5341 cuncti
838 5261 1273 5355 gubernarentur
1329 5294 1393 5331 ac
1439 5284 1793 5346 pascerentur
1818 5261 1887 5329 “.

333 5380 462 5435 Nam
482 5378 723 5435 Caesarie
742 5377 909 5431 fratre
928 5378 1040 5445 jam
1074 5372 1213 5430 vivis
1245 5378 1519 5440 exempto,
1564 5383 1689 5423 cum
1726 5378 1890 5438 pater

398 5511 442 5543 “
476 5516 593 5573 Gal.
626 5529 707 5577 vr,
734 5511 786 5567 8.
863 5512 907 5544 "
937 5509 956 5563 Ι
986 5512 1112 5569 Cor.
1138 5484 1237 5577 xu,
1265 5509 1357 5565 28.
1435 5509 1479 5539 “
1510 5506 1655 5563 Psal.
1686 5492 1854 5573 uin,
1894 5505 1945 5561 8.

409 5661 483 5731 (7)
513 5660 563 5731 id
591 5670 764 5731 totum
795 5654 1017 5731 orat‘._i_.

409 5724 484 5801 (8)
511 5728 660 5785 Orat.
692 5728 781 5795 l9,
818 5742 871 5797 p.
902 5724 1023 5780 515.

1958 1898 2041 1950 vel
2072 1912 2286 1963 eorum,
2312 1901 2402 1968 qui
2430 1915 2610 1953 rerum
2643 1898 2806 1969 potiri
2828 1898 3171 1964 videbantur,
3201 1908 3378 1954 metus
3403 1898 3541 1968 deji—

1958 2002 2128 2059 ceret,
2170 1994 2252 2047 vel
2282 1989 2445 2063 (quod
2485 1994 2860 2066 mitissimum)
2941 1995 3243 2065 ignorantia
3304 1994 3537 2051 falleret.

1959 2083 2188 2150 Quando
2218 2083 2428 2139 scilicet
2457 2084 2639 2140 videre
2668 2093 2788 2140 erat
2822 2085 2968 2140 dirui
3010 2070 3302 2150 ecclesias,
3338 2084 3542 2154 templs

1960 2161 2174 2238 ablata,
2195 2174 2485 2230 cruoribus
2520 2162 2748 2240 foedata,
2782 2190 3049 2246 sacraque
3075 2176 3331 2245 spoliata,
3354 2185 3544 2230 sancta

1959 2268 2187 2338 polluta,
2234 2277 2422 2335 atque,
2456 2274 2516 2321 ut
2557 2266 2909 2337 proverbium
2957 2276 3074 2331 est,
3103 2266 3271 2322 illotis
3318 2265 3546 2337 pedibus

1962 2359 2203 2431 projecta
2259 2373 2322 2413 ac
2353 2348 2697 2426 conculcata.
2754 2357 2988 2425 Quando
3020 2358 3115 2431 qui
3157 2368 3306 2414 sane
3359 2368 3547 2413 rectze-

1962 2465 2069 2519 que
2094 2449 2213 2505 tidei
2244 2456 2567 2513 assertores,
2596 2463 2662 2503 ac
2691 2448 2910 2519 pietatis
2946 2449 3185 2503 cuEtores
3220 2447 3273 2501 in
3300 2444 3546 2502 Ecclesia

1962 2550 2119 2597 erant
2148 2541 2413 2605 universi,
2442 2541 2557 2596 suis
2588 2541 2828 2610 ipsorum
2856 2542 3088 2610 turp'ter
3114 2539 3546 2609 expellebantur,

1964 2633 2138 2688 advel
2170 2632 2482 2688 carceribus
2514 2626 2767 2701 publicis,
2797 2632 2883 2686 vel
2901 2630 3226 2702 gravissima
3260 2628 3425 2692 tame,
3455 2637 3551 2683 aut

1967 2724 2251 2793 acerrimis
2288 2724 2637 2788 verberibus,
2670 2732 2767 2778 aut
2808 2724 2969 2791 longe
3000 2722 3250 2793 plurimis
3275 2719 3552 2788 variisque

1968 2817 2144 2888 plagis
2192 2831 2257 2881 ac
2285 2815 2805 2879 dehonestamentis,
2848 2823 2943 2868 aut
2970 2812 3285 2868 durissimis
3316 2809 3553 2881 exsiliis,

1969 2918 2065 2964 aut
2101 2908 2485 2972 amarissimis,
2525 2917 2585 2961 ut
2612 2907 2782 2961 verbo
2810 2906 3011 2969 dicam,
3045 2903 3439 2960 crueiamentis
3490 2916 3556 2957 ac

1972 3002 2236 3055 molestiis
2292 3002 2509 3065 tentati,
2561 3009 2804 3053 extrema
2865 2985 3086 3052 adibant
3139 2994 3403 3067 pericula,
3450 2995 3557 3052 nisi

1973 3094 2239 3165 impietati
2298 3109 2584 3168 assensum
2643 3094 2976 3162 praeberent;
3030 3103 3195 3160 atque
3244 3091 3282 3145 ii
3332 3091 3555 3161 quidem

1974 3192 2167 3253 sponte
2198 3182 2425 3238 urbibus
2470 3182 2870 3251 demigrantes,
2901 3182 3229 3252 deSertaque
3269 3197 3333 3236 ac
3361 3182 3556 3236 solitb
3636 3234 3639 3237 .

1972 3275 2131 3329 dines
2174 3275 2315 3328 nitro
2360 3283 2627 3343 petentes,
2669 3290 2794 3328 cum
2851 3274 3042 3329 bestiis
3077 3272 3287 3327 ratione
3322 3269 3561 3327 carenti-

1977 3367 2079 3420 bus
2109 3366 2348 3419 exerceri
2385 3365 2450 3418 ad
2492 3366 2747 3434 pietatem
2786 3364 3081 3427 malebant,
3119 3378 3282 3431 quam
3311 3362 3557 3417 habitare

1979 3471 2102 3512 cum
2152 3456 2218 3510 iis
2243 3455 2309 3521 ⁵⁸,
2334 3456 2428 3524 qui
2453 3455 2601 3524 loqui
2620 3456 2672 3508 in
2698 3454 2916 3509 excelso
2940 3453 3333 3521 blasphemiam
3359 3459 3561 3506 temere

1980 3547 2272 3604 audebant.
2342 3547 2622 3615 Quotquot
2699 3552 2880 3600 autem
2946 3542 3235 3598 contraria:
3288 3539 3562 3609 opinionis

1981 3649 2157 3706 erant,
2191 3654 2256 3693 ac
2302 3653 2362 3693 se
2412 3636 2677 3707 impietati
2727 3637 3068 3711 addixeram,
3108 3632 3370 3689 ecclesias
3421 3630 3564 3686 obti-

1983 3728 2201 3797 nentes:
2235 3714 2439 3800 easque
2473 3731 2619 3785 velut
2665 3744 2778 3785 suae
2811 3715 3053 3801 ipsorum
3111 3725 3281 3794 hujus
3311 3721 3567 3793 nequitia

1983 3824 2191 3878 munita
2235 3824 2484 3892 quaedam
2519 3822 2768 3891 praesidia
2800 3819 3200 3883 existimantes,
3232 3816 3356 3871 inde
3387 3815 3568 3871 incus

1983 3917 2074 3985 qui
2128 3916 2380 3985 pietatem
2441 3916 2619 3970 colere
2674 3912 2998 3969 statuissent
3052 3893 3440 3980 irrumpentes,
3469 3918 3565 3963 eos

1986 4010 2395 4083 disperdebant.

2058 4099 2211 4156 Tunc
2278 4102 2468 4170 plane,
2523 4110 2651 4154 tunc
2713 4112 2931 4168 quoque
2986 4095 3040 4151 iu
3092 4093 3271 4164 magni
3318 4090 3565 4162 Gregorii

1989 4192 2244 4261 patriam.
2267 4192 2411 4245 velut
2440 4205 2704 4259 aquarum
2728 4189 3021 4242 vehemens
3043 4185 3278 4254 impetus
3295 4182 3570 4238 haereseos

1990 4282 2168 4337 scelus
2198 4281 2793 4349 erumpens,quotq’uot
2815 4279 2958 4332 leves
2991 4276 3195 4330 invenit
3239 4290 3303 4328 ac
3338 4270 3567 4334 debiles,

1990 4372 2229 4443 abripuit
2287 4372 2476 4440 utique
2542 4386 2608 4424 ao
2655 4368 2909 4425 dissolvit
2958 4366 3068 4437 (ubi
3097 4376 3150 4419 et
3177 4373 3381 4435 patrem
3424 4361 3566 4417 fama

1993 4476 2098 4529 est,
2126 4465 2323 4519 mentis
2355 4462 2703 4533 simplicitate
2731 4461 3005 4527 delusum,
3050 4458 3268 4521 litteris,
3304 4471 3414 4510 non
3447 4453 3569 4509 ani-

1995 4570 2122 4620 mo,
2171 4544 2250 4605 ω’
2284 4551 2637 4621 nequissimis
2692 4565 2978 4604 assensum
3034 4547 3224 4610 daret,
3277 4544 3571 4600 adductum

1987 4660 2109 4701 esse
2134 4643 2262 4717 [9]),
2285 4653 2554 4714 quotquot
2575 4657 2705 4697 vero
2735 4640 2978 4711 Gregorii
3009 4638 3290 4707 theologia:
3342 4649 3407 4689 ac
3450 4632 3572 4688 iidei
3640 4632 3643 4633 ⁷

1988 4747 2155 4808 petra:
2204 4737 2363 4790 ﬁrmo
2408 4735 2763 4801 fundamento
2796 4732 3089 4796 haeserant,
3131 4728 3263 4782 nihil
3311 4725 3566 4783 haeretica

1990 4830 2042 4886 vi
2087 4843 2151 4883 ac
2203 4827 2400 4898 injuria
2429 4825 2738 4909 labefactati
2801 4824 3077 4891 emotiQue
3125 4822 3566 4890 permanserunt.

2050 4914 2305 4981 ,Noemus
2344 4913 2542 4981 itaque
2598 4904 2751 4974 olim,
2781 4925 2904 4964 cum
2947 4922 3060 4962 sua:
3101 4906 3275 4960 astatis
3307 4904 3569 4957 scelerata

1995 5017 2151 5079 gente
2192 5007 2308 5076 ipse
2336 5005 2599 5061 criminis
2645 5012 2918 5072 expertem
2992 4991 3341 5055 communem
3407 4993 3571 5047 vitam

1994 5113 2195 5169 agens,
2252 5099 2464 5151 inventa
2501 5095 2671 5166 gratia
2702 5092 2840 5163 apud
2888 5090 3076 5154 Deum,
3115 5089 3358 5142 futurum
3402 5096 3572 5152 aqua-

1999 5202 2115 5240 rum
2134 5186 2328 5240 illuvie
2354 5183 2539 5238 mundi
2566 5184 2789 5237 docetur
2811 5179 3073 5233 exitium:
3105 5176 3236 5242 quin
3265 5183 3319 5227 et
3350 5170 3571 5224 modum

1997 5269 2245 5342 docetur,
2279 5290 2390 5346 quo
2435 5290 2465 5329 a
2518 5274 2674 5329 malis
2722 5272 3036 5326 liberandus
3066 5267 3139 5321 sit
3167 5284 3179 5321 :
3210 5278 3384 5333 exque
3410 5259 3573 5329 lignis

1998 5366 2200 5423 aﬂabre
2226 5375 2506 5438 compacta
2537 5380 2686 5432 area,
2721 5373 2884 5435 atque
2912 5363 2966 5417 in
3005 5374 3123 5417 eam
3172 5355 3382 5427 cunctis
3407 5349 3570 5408 simul

2072 5641 2149 5715 (9)
2179 5642 2339 5713 Greg.
2373 5649 2512 5697 orat.
2549 5637 2635 5706 l9,
2665 5652 2721 5709 p.
2752 5634 2878 5689 297.
