3924 6312
534 176 637 241 455

1710 147 2003 212 NICET/E
2030 138 2556 202 PAPHLAGONIS

3686 128 3784 191 458

526 282 853 343 animalium
882 278 1120 334 inductis
1149 272 1473 338 seminibus,
1497 282 1774 339 uxorcqne
1800 280 1863 319 ac
1888 261 2013 315 ﬁliis
2040 272 2101 309 ea
2128 252 2174 314 Α
2206 263 2326 307 rato
2383 249 2581 320 singuli
2615 261 2678 301 ac
2722 259 2968 317 congruo
3017 253 3294 313 tempore.
3323 242 3467 313 quod
3526 241 3785 310 cujusque

535 377 779 438 inclusis,
837 372 889 425 in
949 385 1073 424 eum
1125 365 1343 421 modum
1407 362 1657 417 caelestes
1704 363 2005 412 cataractas
2039 363 2102 402 ac

534 467 713 537 abyssi
775 476 1038 532 aquarum
1097 456 1309 520 fontes,
1346 468 1530 508 semen
1586 450 1698 519 ipse
1749 462 1810 499 ac
1854 439 2102 512 primitie

535 534 714 613 amen“
774 552 1052 620 sequentis
1107 556 1377 610 servatus,
1439 544 1631 598 evasit.
1696 541 1763 592 At
1811 534 2102 601 Gregorius

535 650 808 702 haereseon
843 641 1141 713 praevidens
1172 637 1418 707 spiritale
1452 633 1712 689 diluvium
1736 668 1749 692 ,
1778 636 1930 680 tanto
1968 623 2099 675 illud

532 739 718 792 Noemi
746 736 948 789 diluvio
984 731 1218 801 gravius,
1262 737 1466 798 quanto
1498 723 1783 778 animabus
1816 716 2096 770 interitum

537 828 724 899 parere
758 828 821 880 ad
849 832 1239 878 nocumentmn
1272 821 1468 889 majus,
1504 829 1666 886 quam
1708 811 1880 864 labem
1914 808 2104 875 corpo-

535 922 686 975 ribus
748 917 977 981 inferre;
1035 930 1302 981 suamque
1380 912 1495 979 ipse
1571 904 1866 965 Ecclesium
1918 914 2103 952 aream

532 1010 825 1074 fabricatis,
880 1016 1043 1076 atque
1100 1021 1220 1060 eam
1268 1003 1484 1057 arcanis
1516 996 1781 1053 doctrinis
1838 1003 2105 1059 recueque

532 1103 654 1160 ﬁdei
689 1101 1027 1171 documentis
1062 1097 1470 1160 communiens;
1503 1108 1601 1145 nec
1653 1104 1747 1142 eos
1801 1085 1980 1140 solum
2014 1084 2103 1150 qui

530 1192 747 1263 generis
780 1189 1181 1245 necessitudine
1205 1184 1610 1251 contingebant,
1639 1179 1731 1234 sed
1764 1186 1816 1231 et
1848 1177 1940 1245 qui
1977 1174 2106 1227 alic-

533 1283 742 1351 uigens:
785 1280 1105 1333 videbantur
1148 1275 1302 1344 (quos
1338 1287 1529 1340 nempe
1556 1283 1745 1323 omnes
1785 1266 1876 1321 Dei
1922 1274 2104 1333 prote-

531 1385 663 1438 gens
684 1370 903 1422 dextera
930 1367 1288 1429 adduxisset),
1307 1375 1565 1430 perquam
1601 1360 1855 1413 alacriter
1880 1357 2102 1407 lubens-

531 1475 638 1529 que
678 1460 965 1527 rccipiens,
1000 1456 1287 1523 cdulisque
1314 1468 1408 1506 eos
1448 1467 1511 1505 ac
1548 1448 1891 1505 suavissimis
1919 1443 2102 1496 Tiini-

530 1558 642 1604 tate
692 1549 889 1602 tuenda
936 1546 1283 1602 sermonibus
1317 1544 1587 1606 nutriens,
1615 1543 1684 1594 ab
1714 1539 1858 1593 otnui
1905 1534 2102 1590 illaasos

532 1640 703 1694 animi
728 1638 936 1692 diluvio
971 1645 1174 1691 servat.

579 1731 669 1802 ~At
715 1712 932 1799 quidem
984 1730 1074 1783 ille
1104 1725 1363 1797 (Noemus
1407 1709 1663 1793 scilicet).
1691 1720 1777 1777 sui
1826 1720 2011 1782 unius,
2045 1726 2106 1770 ut

526 1822 760 1885 videtur,
788 1836 901 1875 rem
948 1834 1133 1886 agens,
1179 1832 1389 1885 suaque
1437 1817 1699 1868 duntaxat
1738 1821 2013 1879 spectans,
2050 1810 2104 1862 in

529 1921 651 1965 octo
695 1910 868 1964 solum
905 1907 1138 1961 maxima
1197 1900 1927 1974 conjunctisnecessitudine
1990 1898 2107 1950 ani-

531 2000 723 2055 mabus
777 1998 1006 2063 salutem
1042 1995 1251 2064 paravit
1289 2012 1300 2047 :
1337 1994 1425 2047 hie
1456 1999 1657 2054 autem,
1684 1992 1736 2043 in
1785 1989 2101 2053 multorum,

529 2105 693 2159 quani
736 2090 789 2142 in
832 2083 986 2142 suam
1032 2087 1145 2157 ipse
1169 2088 1399 2141 salutem
1439 2084 1632 2137 aﬁ‘cctu
1659 2082 2011 2153 propensior;
2040 2095 2104 2134 ac

527 2198 650 2237 cum
699 2195 821 2235 eum
874 2194 985 2234 non
1021 2179 1197 2231 minor
1226 2192 1415 2231 eorum
1462 2162 1594 2231 cura
1620 2184 1883 2243 tangeret,
1908 2172 2005 2241 qui
2046 2185 2104 2226 se

528 2268 933 2331 ahscindebant,
962 2283 1123 2337 quam
1157 2267 1253 2335 qui
1286 2265 1618 2321 accedebant
1647 2279 1707 2317 ac
1737 2263 2103 2332 adjuugeban-

527 2370 645 2424 tur;
681 2367 921 2428 paterno.
946 2355 1161 2430 quidem
1188 2355 1463 2411 sermonis
1494 2355 1691 2409 delicto
1727 2356 1997 2430 sermonis
2028 2352 2098 2415 vi,

514 2467 591 2518 ac
625 2451 849 2519 spiritus
898 2428 1166 2517 metasque
1215 2447 1339 2502 ﬁdei
1393 2447 1723 2502 abundantia
1770 2428 2008 2509 obtecto,
2039 2460 2101 2497 ac

526 2541 793 2611 quidquid
838 2541 981 2595 illius
1014 2555 1144 2610 ergo
1174 2539 1490 2595 oﬂ'cnsionis
1536 2538 1820 2602 inciderat,
1852 2538 2097 2601 sublato,

530 2648 629 2689 nec
667 2648 777 2686 non
822 2633 1164 2686 sermonibus
1195 2632 1259 2686 ad
1289 2646 1475 2700 pacem
1503 2631 1816 2686 decentibus
1841 2630 2101 2699 tantisper

530 2720 785 2777 etfrenem
835 2718 1273 2777 mulationem'
1305 2722 1594 2787 deliniens,
1642 2723 1919 2776 discordes
1962 2722 2099 2790 patri

529 2811 784 2867 conciliat
825 2812 1072 2877 animos;
1132 2825 1439 2879 magnoque
1478 2825 1541 2863 ac
1582 2808 1885 2866 concordiae
1930 2810 2098 2864 tenaci

2156 642 2161 646 ·
2205 618 2459 671 universo

2204 343 2502 400 functionis
2536 349 2639 402 est,
2681 340 2909 409 implent
2964 353 3026 391 ac
3057 346 3335 406 przeslant.
3367 336 3663 404 Gregorius
3697 348 3785 386 au-

2206 447 2310 491 tem
2360 435 2447 488 cui
2490 446 2744 501 suprema
2777 430 2981 484 credita
3018 428 3284 497 lilCOiugia
3325 425 3495 490 foret;
3534 436 3697 494 atque
3724 425 3782 476 ad

2205 539 2559 598 personarum
2638 522 2980 585 Trinitatem,
3074 537 3136 576 ac
3239 518 3461 572 Dtitazis
3529 521 3782 569 un‘tatent

2560 612 2675 667 orbi
2774 611 3176 681 prmdicationis
3281 608 3581 662 illlllilliiflls
3655 606 3783 659 infe-

2205 707 2449 768 rendam,
2513 704 2713 758 missus
2770 710 2935 762 esset,
3001 701 3215 754 tametsi
3266 698 3512 766 corporis
3576 698 3779 749 ratioqe

2205 801 2345 853 intra
2403 798 2582 849 brevis
2633 794 2737 847 luci
2781 801 2901 877 erat
2938 791 3193 845 deﬁnitus
3223 788 3535 859 angustias;
3561 786 3775 841 emissis

2205 888 2612 960 pricmagniﬁce
2641 895 2756 939 toto
2787 876 3000 937 mundo
3028 881 3311 951 theologia:
3342 878 3531 941 radiis,
3554 876 3691 929 alios
3718 877 3776 929 ad

2206 983 2386 1035 lumen
2444 978 2568 1032 vita
2610 975 2950 1039 attrahebat;
2996 981 3265 1042 quotquot
3317 970 3525 1024 scilicet
3551 967 3773 1037 potioris

2208 1071 2433 1126 rationis
2472 1083 2535 1121 ac
2559 1066 2775 1134 pietatis
2798 1073 2987 1129 erant;
3015 1063 3151 1116 alios
3187 1061 3447 1124 tenebris,
3477 1059 3607 1111 dubi
3643 1066 3771 1123 tate,

2206 1160 2525 1219 confusione
2553 1164 2682 1225 (non
2721 1170 2817 1209 Sua
2852 1156 2969 1224 ipse
3010 1152 3191 1207 indole
3224 1165 3287 1204 ac
3328 1152 3648 1219 pt'epnsito.
3687 1152 3772 1202 sel

2205 1238 2419 1306 illor'm
2467 1249 2633 1303 animi
2671 1249 2970 1317 pravitate;
3007 1251 3274 1315 quotquot
3318 1241 3578 1295 nimiruzu
3629 1250 3779 1295 erant

2205 1342 2470 1395 ltrcreticze
2504 1337 2662 1405 labis)
2690 1335 2967 1401 implebat.

2275 1437 2445 1491 Porro
2474 1435 2633 1488 etiam
2671 1431 2816 1484 illum
2847 1429 3135 1499 episcopali
3170 1426 3538 1483 consummari
3580 1435 3776 1494 myste-

2208 1529 2289 1581 rio
2319 1510 2572 1581 decebat.
2595 1523 2698 1578 Par
2744 1537 2979 1600 namque
3016 1523 3321 1586 videbatur,
3366 1530 3423 1574 ut
3461 1520 3554 1589 qui
3587 1518 3775 1572 nedum

2208 1619 2589 1689 episc0palem,
2638 1617 2731 1670 sed
2783 1624 2835 1669 et
2876 1615 3262 1683 apestulicum,
3298 1630 3537 1683 operum
3572 1613 3775 1674 merito,

2210 1712 2455 1765 ordinem
2487 1708 2761 1775 explebat,
2821 1706 3047 1758 omnino
3087 1720 3306 1773 quoque
3349 1702 3777 1756 ordinationibus

2207 1803 2378 1856 sacris
2420 1801 2787 1868 perﬁceretur.
2825 1798 3014 1866 Operm
3034 1800 3265 1866 pretium
3310 1805 3489 1850 autem
3534 1803 3654 1850 erat
3708 1794 3775 1856 id,

2207 1910 2315 1948 non
2378 1891 2726 1961 profanorum
2770 1902 2977 1958 opera,
3053 1890 3146 1944 sed
3192 1898 3503 1943 sanctorum
3542 1905 3558 1953 ;
3611 1902 3779 1956 neque

2206 2001 2303 2055 per
2329 2000 2423 2039 eos
2452 1982 2767 2053 quilndigni
2794 1981 3044 2034 instituta
3080 1990 3284 2043 essent,
3316 1981 3406 2049 qui
3442 1990 3495 2033 et
3533 1982 3775 2033 deitatem

2205 2076 2514 2131 damnanda
2564 2072 2866 2129 temeritate
2914 2073 2966 2127 in
3012 2082 3124 2128 tres
3169 2073 3302 2127 alias
3336 2073 3459 2125 aliis
3500 2082 3777 2125 extraneas

2201 2169 2620 2222 contrarietates
2664 2165 2995 2223 scimlercnt.
3051 2164 3142 2220 sed
3187 2178 3279 2233 per
3316 2178 3412 2217 eos
3461 2164 3551 2232 qui
3603 2163 3778 2233 gratia:

2205 2256 2506 2311 ﬁdelissimi
2535 2255 2955 2324 diepensatores,
2984 2269 3048 2309 ac
3074 2251 3351 2307 'l‘rinitatis
3377 2252 3652 2307 verissimi
3679 2253 3774 2305 mi-

2205 2351 2366 2405 nistri
2437 2357 2643 2403 essent.
2690 2347 2791 2412 Qui
2856 2356 3038 2401 autem
3101 2345 3364 2416 ejusmodi
3411 2353 3595 2400 essent
3649 2346 3771 2399 nulli

2202 2432 2356 2504 tunc,
2384 2441 2624 2509 exceptis
2645 2438 2930 2508 Gregorio,
2959 2440 3104 2493 illius
3126 2445 3297 2508 patre,
3331 2452 3392 2491 ac
3422 2437 3643 2503 Basilio,
3680 2438 3777 2492 illic

2199 2536 2534 2590 exsistebant
2556 2551 2570 2599 ;
2596 2548 2825 2602 quorum
2848 2532 2979 2585 alter
2998 2529 3163 2583 ﬁlium
3194 2530 3307 2599 pari
3331 2543 3514 2584 secum
3547 2528 3776 2596 nomine,

2154 2644 2158 2651 '
2202 2625 2817 2710 iisdemquelprieditum
2864 2623 3107 2677 moribus
3148 2622 3313 2676 alacri
3357 2622 3540 2675 animo
3573 2622 3777 2691 episco-

2203 2734 2333 2789 pum
2362 2719 2609 2787 designat
2640 2734 2656 2780 ;
2692 2716 2825 2770 alter
2850 2723 3053 2781 autem,
3092 2730 3212 2769 cum
3241 2714 3351 2784 jam
3384 2711 3638 2768 Ecclesiae
3667 2712 3774 2766 Ca:-

2205 2810 2464 2866 saricnsis
2491 2809 2694 2863 credita
2724 2806 3090 2876 gubernacula
3140 2808 3458 2874 accepisset,
3490 2820 3649 2861 sacro
3677 2806 3771 2860 ritu

527 2900 783 2957 Ecclesia:
832 2901 998 2954 coetui
1034 2901 1244 2954 sincera
1311 2914 1546 2972 veraque
1597 2901 1716 2955 ﬁdei
1760 2901 2102 2961 confessione
2131 2917 2172 2974 ο
2209 2902 2383 2955 initiat
2426 2912 2588 2969 atque
2641 2900 2857 2953 ordinat
2892 2917 2906 2965 ;
2952 2898 3209 2968 additque
3248 2901 3491 2968 spiritum
3544 2900 3770 2968 spiritui,

526 2993 867 3054 devinciens,
900 2991 1157 3059 populum
1211 2978 1441 3044 Domino
1472 2992 1799 3060 peculiarem
1825 3032 1839 3055 ,
1868 3000 2103 3046 sectato-

529 3097 644 3137 rem
684 3082 955 3135 bouorum
1002 3082 1319 3150 operum",
1350 3083 1582 3150 pastoris
1630 3084 1850 3138 solertia
1890 3083 2102 3138 salvum

530 3171 754 3240 recepit.

594 3262 808 3325 Quibus
860 3262 1045 3332 igitur,
1094 3263 1163 3329 is,
1194 3263 1286 3333 qui
1320 3264 1551 3333 spiritali
1576 3266 1811 3319 ratione
1840 3268 1908 3320 ab
1937 3268 2129 3320 animi

526 3355 698 3410 esitio
732 3355 945 3418 liberat,
977 3354 1051 3407 illi
1096 3366 1332 3424 praestet,
1368 3360 1459 3426 qni
1491 3373 1520 3411 a
1550 3360 1794 3426 corporis
1826 3361 1975 3424 labe;
2011 3361 2101 3428 qui

531 3445 937 3498 multitudinem
987 3457 1217 3500 numero
1267 3450 1553 3517 majorem,
1606 3450 1702 3511 illi,
1756 3452 1845 3519 qui
1898 3467 2102 3520 pauens

530 3524 966 3592 anitnas‘.salute
1004 3536 1207 3603 dormt;
1251 3539 1335 3592 his
1383 3538 1673 3608 Gregorius
1709 3540 1897 3594 Noemi
1942 3543 2101 3596 clari-

528 3636 691 3681 tatem
745 3627 1136 3682 obscuraverit.
1202 3631 1491 3685 Enimvero
1528 3633 1657 3701 quid
1708 3635 1773 3688 iis
1797 3650 1920 3703 quae
1959 3635 2100 3691 illius

472 3744 475 3745 ν
534 3718 739 3770 minora
793 3728 953 3781 sunt,
1032 3720 1367 3787 immorans,
1428 3725 1729 3778 orationem
1790 3730 2102 3795 protrahere

532 3808 743 3871 videor,
778 3824 899 3861 cum
955 3825 1131 3878 operte
1163 3813 1392 3879 pretium
1425 3816 1495 3867 sit
1530 3826 1586 3867 ut
1621 3818 1684 3868 ad
1722 3819 1927 3886 majora
1958 3820 2102 3873 illius

529 3899 793 3951 mirabilia
823 3908 1188 3964 transeamus,
1224 3906 1496 3969 gestisque
1528 3905 1939 3972 perfectioribus
1980 3924 2101 3978 pcr-

533 3984 813 4040 fectiorent
844 3988 1017 4053 ipsum
1042 3990 1435 4057 ostendamus?

606 4072 984 4131 Sanctiﬁcatus
1022 4079 1243 4146 quidem
1297 4072 1644 4135 sanctissimo
1691 4097 1908 4143 sanctos
1952 4102 2101 4146 ante-

528 4180 690 4233 quam
746 4178 1099 4222 nascerentur
1129 4210 1144 4234 ,
1197 4170 1275 4222 uti
1327 4178 1381 4223 et
1430 4182 1738 4238 peccatores
1784 4179 2039 4236 alienatus
2071 4199 2099 4237 a

2205 2990 2497 3080 ac.donum
2531 2988 2778 3057 adiungit
2815 2988 2981 3042 dono.
3012 2986 3155 3054 Quin
3198 2989 3395 3058 potius,
3433 2987 3509 3041 illi
3535 2988 3768 3061 quidem,

2206 3095 2469 3155 quantum
2518 3086 2692 3141 oculis
2724 3085 3085 3155 conspicuum
3138 3094 3276 3157 erat,
3318 3089 3487 3141 sacris
3522 3087 3771 3159 symbolis

2207 3175 2423 3229 initiant
2464 3190 2525 3230 ac
2548 3176 2833 3243 perﬁciunt
2867 3193 2880 3228 :
2918 3174 3155 3245 Spiritus
3183 3186 3360 3232 autem
3382 3178 3472 3246 qui
3503 3179 3769 3249 pr0prium

2204 3268 2333 3321 olim
2358 3268 2702 3323 defensorem
2738 3278 2983 3333 noverat,
3011 3268 3154 3324 ineo
3182 3269 3451 3339 perfectus
3484 3280 3770 3327 manserat.

2203 3360 2282 3415 Ac
2323 3361 2396 3415 illi
2423 3362 2663 3431 quidem,
2693 3360 2836 3431 quod
2874 3360 3184 3416 ordinatura
3212 3371 3371 3417 certae
3403 3366 3629 3419 omnino
3662 3365 3770 3417 cui-

2204 3455 2324 3507 dam
2362 3454 2566 3508 civitati
2606 3469 2670 3508 ac
2712 3454 2943 3530 regioni,
2976 3469 3040 3509 ex
3074 3469 3354 3510 sacrorum
3391 3448 3661 3510 canonum
3689 3456 3770 3509 in-

2203 3548 2393 3601 stituto
2453 3545 2565 3617 (10)
2628 3547 2973 3615 nuncupari,
3021 3548 3246 3618 ejusque
3303 3548 3570 3620 designari
3626 3550 3770 3605 titulo

2202 3639 2509 3707 Oportebat,
2557 3638 2729 3727 αἰτίζειιί
2767 3639 2887 3691 solo
2946 3648 3296 3707 angustaeque
3342 3639 3643 3709 praﬁcinnt
3682 3656 3770 3709 pa-

2203 3731 2405 3793 rmene,
2441 3744 2507 3783 ne
2541 3728 2757 3797 quidem
2794 3729 3076 3782 hominum
3108 3730 3453 3793 habitationi,
3491 3734 3686 3786 nedum
3718 3739 3768 3785 ut

2203 3822 2496 3889 episcopali
2522 3822 2634 3874 sedi
2660 3820 2952 3884 sufﬁceret,
2969 3822 3103 3877 satis
3124 3817 3445 3888 commodae,
3465 3825 3607 3879 velut
3627 3833 3765 3893 puto,

2204 3915 2294 3982 qni
2324 3914 2583 3968 doctrinae
2608 3914 2679 3979 vi,
2699 3914 2842 3982 quod
2863 3914 2965 3970 loci
2983 3916 3142 3985 genio
3166 3916 3373 3982 deerat,
3392 3928 3572 3985 posset
3602 3918 3766 3972 adim-

2204 4006 2347 4074 plere
2378 4008 2421 4074 (Ι
2442 4006 2511 4072 Ι).

2278 4094 2471 4149 Verum
2506 4093 2743 4164 Spiritus
2778 4107 3007 4151 sanctus
3031 4140 3045 4163 ,
3089 4098 3397 4162 divinioris,
3444 4108 3504 4153 ut
3544 4100 3760 4166 videtur,

2200 4200 2470 4256 propensa
2500 4187 2714 4241 consilii
2741 4189 2973 4253 ratione,
3008 4204 3110 4243 nec
3155 4204 3347 4245 eorum
3388 4191 3654 4261 ejusmodi
3680 4208 3759 4245 co-

454 4258 687 4331 l~vulva
720 4258 787 4321 ",
821 4260 1099 4351 verissime
1131 4262 1318 4351 divino
1354 4266 1560 4332 Spiritu
1587 4274 1818 4325 testante
1846 4288 2089 4345 compcr-
2132 4258 2175 4312 Ῑ)
2203 4290 2391 4332 natum
2439 4278 2699 4342 inhibuit,
2754 4295 2855 4333 nec
2899 4289 2959 4333 ut
3005 4281 3095 4334 ille
3124 4280 3191 4334 ad
3237 4258 3477 4351 majores
3517 4285 3762 4339 hactenus

532 4352 644 4395 tum
691 4355 801 4408 est;
831 4349 1071 4400 omnium
1107 4350 1275 4413 enim,
1309 4360 1419 4403 tum
1455 4370 1579 4422 qua;
1615 4357 1760 4409 facta
1804 4371 1952 4428 sunt,
1986 4375 2095 4419 tum

532 4450 651 4503 qua:
700 4436 849 4502 ﬁent,
891 4440 1139 4492 similiter
1172 4442 1504 4507 inotl‘ensam,
1536 4450 1999 4524 certissimamque
2038 4436 2101 4514 ac

532 4526 902 4595 ﬁrmissimam
929 4531 1071 4598 apud
1100 4546 1225 4584 eum
1250 4548 1372 4587 esse.
1399 4536 1664 4593 notitiam.
1699 4541 1800 4596 Alii
1830 4544 2011 4615 itaque
2035 4551 2101 4603 ad

530 4615 676 4670 aliud
708 4616 905 4675 divinae
947 4620 1247 4677 voluntatis
1308 4639 1631 4693 propensum
1666 4635 1977 4698 consilium,
2013 4650 2104 4694 aut

530 4704 702 4803 gentis
732 4706 1126 4773 praefecturam,
1155 4710 1432 4781 legemque
1464 4717 1770 4784 ferendam;
1804 4735 1892 4776 aut
1916 4730 2096 4794 pepuli

532 4801 791 4886 regimen,
821 4807 913 4850 aut
945 4801 1233 4855 sacerdotii
1267 4805 1493 4872 apicem,
1523 4817 1615 4861 aut
1663 4811 1923 4867 visionem
1965 4833 2094 4886 pro—

532 4882 821 4976 pheticam,
867 4897 959 4939 aut
1000 4896 1371 4957 portentosam
1407 4899 1795 4964 operationem,
1826 4913 1917 4955 aut
1952 4882 2092 4976 apo-

531 4974 790 5068 stolicant
810 4978 1068 5068 gratiam;
1113 4992 1205 5036 aut
1262 4990 1504 5057 martyrii
1553 4992 1860 5058 certamen;
1895 4974 2092 5068 aut—(ut

529 5063 694 5117 verbo
741 5065 940 5134 dicam)
997 5070 1236 5138 spiritale
1284 5076 1649 5130 ministerium
1701 5063 2084 5156 praedestina‘ti,

2205 4367 2406 4423 infulas
2459 4368 2755 4437 sedemque
2801 4368 3094 4439 eligeretur
3152 4373 3450 4428 constituit.
3497 4374 3760 4445 Siquidem

2205 4461 2348 4513 enim
2380 4469 2605 4516 vetustae
2634 4460 2908 4527 Ecclesiae,
2936 4478 3000 4517 ac
3030 4464 3260 4535 digniori
3293 4468 3450 4523 datus
3488 4470 3758 4537 episcopus

2207 4560 2370 4614 esset,
2418 4567 2639 4608 necesse
2673 4554 2908 4609 'lorsitan
2939 4566 3057 4626 erat
3092 4567 3150 4611 ut
3182 4559 3258 4611 illi
3288 4552 3620 4623 ﬁxus,'haud
3652 4560 3761 4611 imle

2213 4642 2493 4697 transferri
2539 4642 2705 4700 facile
2740 4657 2921 4715 posset
2955 4663 2970 4712 ;
3028 4649 3403 4703 ecclesiastica
3445 4651 3652 4703 scilicet
3684 4664 3758 4700 re-

2208 4732 2330 4801 gula
2360 4737 2774 4792 translationum
2804 4740 2854 4794 id
2883 4755 3053 4810 genus
3086 4742 3408 4809 prohibente
3436 4736 3480 4808 (Ἰ
3495 4742 3583 4810 2);
3617 4752 3755 4809 atque

2203 4822 2339 4876 adeo
2365 4823 2602 4882 futurum
2640 4841 2755 4884 erat
2783 4840 2839 4884 ut
2872 4833 3089 4887 urbium
3133 4834 3607 4901 praestantissima,
3634 4846 3753 4903 pra:-

2198 4916 2517 4969 slantissimi
2549 4920 2629 4971 sui
2661 4929 2771 4974 tum
2800 4924 3064 4995 episcopi,
3099 4933 3210 4979 tum
3241 4927 3471 4995 pastoris
3496 4929 3751 4997 jacturam

2194 5019 2515 5062 IllClll'I’EI'Cl.

2268 5099 2527 5167 Denique,
2558 5114 2723 5183 sacra;
2752 5107 2971 5174 quidem
3015 5110 3340 5170 initiationis
3365 5116 3512 5187 (.etsi
3543 5114 3599 5169 id
3630 5125 3747 5185 quo-

599 5220 641 5251 "
680 5222 787 5277 Tit.
820 5242 879 5290 ll,
918 5228 1002 5282 Η.
1077 5235 1122 5266 ⁸⁸
1156 5237 1263 5292 Jer.
1302 5252 1337 5303 r,
1366 5242 1398 5293 5
1435 5257 1448 5303 ;
1482 5241 1587 5294 lsa.
1622 5257 1763 5307 xuv,
1796 5244 1863 5309 2;
1897 5246 2041 5306 Psal.
2081 5270 2207 5322 Lvn,
2245 5258 2296 5311 ὦ.

1280 5393 1399 5431 can.
1455 5378 1506 5442 6⁶
1565 5382 1784 5454 Μηδένα
1825 5390 2086 5448 amisio-

604 5494 714 5561 ut;
739 5494 870 5555 οτξιι
930 5507 1017 5565 eo.
1061 5525 1112 5576 p.
1143 5510 1244 5564 356

2219 5398 2603 5524 αξιιέἒωξῖοηρ.
2642 5394 2868 5464 Νίσαιη.
2933 5428 3054 5469 can.
3116 5418 3204 5486 t3,
3272 5433 3429 5473 conc.
3488 5416 3742 5481 Antiocho
