3924 6312
163 279 240 340 45⁸7

863 266 1141 328 ORATIO
1167 267 1290 324 XX.
1333 287 1398 295 -
1439 262 1520 320 IN
1563 259 1704 318 LAU

1825 258 1870 314 Μ
1907 256 1964 316 S.
2023 253 2392 310 Gliliiidi‘dl
2431 248 2701 309 THEOL.

3274 245 3379 304 45‘!

160 403 243 456 quc
271 383 320 436 vi
354 390 508 448 ;erat
545 377 687 433 enim
722 375 767 428 si
799 375 921 444 quis
957 373 1266 426 mortalium
1315 384 1478 438 quam
1522 368 1688 420 maxi—
1722 370 1765 424 Α
1798 363 1862 416 lis
1908 368 2228 422 ccrmmtur,
2267 359 2515 426 moleque
2574 373 2601 408 a
2647 368 2786 408 terra
2817 363 3115 432 assurgunt
3148 355 3273 416 ;scd
3319 359 3371 407 in

161 493 228 530 me
273 488 301 525 a
362 472 501 524 fastu
559 468 815 530 alienus;
865 465 943 519 sic
997 475 1175 518 tamen
1215 463 1368 532 quasi
1424 461 1695 528 prmlmntc

158 555 394 615 Altissimi
451 554 694 624 dextera)
745 553 1056 621 summique
1134 549 1420 606 saeculotii
1482 555 1694 614 sumpta

160 663 340 702 tessera
365 664 380 712 ;
408 662 471 701 ac
505 662 628 702 eum
658 645 860 714 Spiritu
894 643 1050 706 duce,
1088 641 1153 697 ad
1178 643 1320 710 quod
1367 654 1491 694 eum
1524 637 1696 706 gratia

159 753 272 807 opus
292 738 620 807 segregaret,
667 735 1005 803 exploratum
1043 734 1281 793 haberet,
1318 729 1543 785 omnino
1579 727 1698 796 qui-

157 831 258 881 dam
292 826 629 882 Sasimorum
683 825 952 880 abdicavit
1010 825 1299 893 parmciam
1355 838 1368 884 ;
1419 834 1696 874 sacrorum

158 929 314 974 autem
371 920 631 971 hactenus
686 927 965 984 parentum
1023 917 1107 984 pie
1178 914 1324 968 cultu
1379 911 1698 981 defungens,

159 1020 532 1078 paternumque
578 1023 792 1076 gregem
845 1006 1126 1075 pastoralis
1175 1002 1405 1057 solertia:
1435 1002 1702 1056 sermoni-

159 1103 262 1162 bus,
283 1117 347 1155 ac
367 1099 625 1168 operibus
655 1114 981 1168 componens
1017 1113 1032 1162 ;
1061 1096 1310 1162 velutque
1342 1093 1536 1162 prievia
1568 1110 1702 1163 qua-

158 1193 261 1242 dam
309 1188 713 1251 exercitatione,
762 1202 826 1241 ac
862 1184 1120 1253 praeludio
1151 1181 1341 1250 patriae
1387 1181 1699 1250 episcopatu

157 1297 292 1345 usus,
325 1295 444 1335 sese
474 1279 622 1335 urbis
664 1278 955 1346 Augustin;
997 1275 1127 1343 quin
1186 1282 1240 1328 et
1291 1273 1462 1337 orbis,
1508 1273 1701 1342 praefe-

159 1382 308 1426 cturae
339 1371 558 1439 aptabat
587 1386 601 1435 ;
634 1359 988 1438 supermeq‘Ue
1006 1363 1350 1434 perfectionis
1401 1362 1706 1416 arrhabone

157 1460 412 1529 suscepto,
453 1461 519 1514 ad
574 1474 694 1514 eam
729 1456 1070 1510 festinantem
1102 1453 1420 1524 praeferebat
1455 1471 1468 1508 :
1512 1468 1578 1506 ac
1621 1454 1705 1522 pia

158 1552 564 1620 longanimitate,
600 1549 813 1603 divinas
844 1545 1231 1617 promiSsiOues
1263 1544 1576 1614 recipiebat.

214 1643 551 1696 Abrahamus
584 1641 799 1709 quidem
869 1637 1299 1708 patriarcharum
1349 1636 1705 1698 clarissimus,

158 1733 313 1786 tribus
334 1733 464 1785 viris
480 1720 760 1784 Trinitatis
789 1741 912 1800 typo
942 1729 1176 1795 hospitio
1203 1726 1528 1797 susceptis"
1554 1742 1568 1790 ;
1599 1726 1708 1778 imo

155 1839 264 1877 cum
296 1824 459 1875 trium
516 1812 755 1874 virorum
813 1821 982 1873 forma
1021 1817 1344 1871 Trinitatem
1402 1817 1705 1870 venientem

157 1915 247 1968 sub
274 1929 475 1982 quercu
528 1912 890 1982 refrigeraret,
951 1910 1352 1978 humaniusque
1414 1909 1707 1977 exciperet,

159 2003 546 2058 benedictiones
577 2018 606 2055 a
638 2001 745 2056 Deo
771 2000 1118 2070 consequitur
1149 2017 1161 2050 :
1196 1998 1524 2068 hOSpitiiqne
1565 1999 1709 2052 illius

159 2094 390 2162 praemio,
447 2092 841 2164 Optatissimam
874 2091 1035 2146 refert
1087 2090 1525 2160 promissionem.
1554 2089 1710 2154 Qua?-

157 2201 272 2239 uam
334 2201 462 2240 vero
507 2185 845 2254 promissio?
875 2183 1074 2252 Nempe
1122 2181 1300 2237 Sarra:
1339 2198 1504 2252 Supra
1561 2197 1709 2250 spem

157 2292 360 2331 omnem
393 2315 409 2339 ,
448 2286 769 2344 aztatemque
820 2275 989 2344 prolis
1040 2274 1354 2343 susceptio;
1393 2274 1619 2328 seminis
1649 2287 1711 2326 ca

159 2367 493 2420 multitudine
524 2365 760 2429 diffusio,
812 2372 870 2417 ut
909 2364 1092 2418 stellas
1119 2363 1240 2417 coeli
1299 2356 1518 2431 aequet;
1557 2372 1715 2417 terra:

159 2458 364 2522 optima:
409 2455 693 2509 haereditas
771 2467 836 2507 ac
873 2454 1163 2522 possessio.
1207 2451 1304 2508 llie
1359 2462 1564 2518 autem,
1603 2469 1710 2506 non

160 2544 324 2597 tribus
365 2543 513 2602 viris,
551 2542 643 2597 sed
688 2541 901 2595 deitatis
963 2540 1136 2594 tribus
1188 2542 1479 2609 personis;
1536 2554 1711 2606 neque

159 2632 432 2688 Trinitatis
456 2633 648 2703 ﬁgura,
684 2647 709 2686 s
730 2631 778 2685 ‘d
813 2632 925 2699 ipsa
957 2647 1081 2685 vere
1131 2639 1379 2700 suscepta
1408 2630 1710 2694 Trinitate;

163 2739 330 2793 neque
375 2740 436 2778 ea
464 2739 586 2793 qua).
611 2722 777 2778 semel
811 2725 1006 2792 hospes
1035 2723 1262 2786 venerit,
1303 2721 1395 2776 sed
1426 2737 1546 2791 quae
1573 2739 1714 2775 sem-

163 2829 252 2882 per
282 2813 685 2868 alistruSiSsima
713 2813 918 2866 ratione
953 2813 1196 2877 adesset;
1223 2826 1329 2864 non
1371 2811 1713 2865 irrationabi-

168 2904 301 2958 libus
329 2904 482 2969 cibis,
528 2903 622 2957 sed
658 2902 793 2955 vivis
826 2901 1192 2965 sermonibus,
1247 2902 1501 2969 verisque
1550 2902 1713 2954 animi

168 2997 356 3060 scrisis,
377 3010 438 3048 ac
467 2993 791 3054 rationibus,
815 2992 1039 3060 ipsaque
1068 3005 1193 3044 vere
1221 2991 1398 3060 dignis
1425 2990 1712 3054 Trinitatc,

169 3086 474 3154 magnifice,
521 3083 913 3151 ambitioseque
960 3082 1108 3136 illam
1163 3081 1414 3135 comivio
1478 3080 1714 3149 accipit;

171 3191 262 3229 nec
276 3175 370 3228 sub
390 3174 594 3228 arboris
610 3173 797 3226 umbra
814 3170 1114 3241 refrigerat,
1146 3171 1237 3226 sed
1266 3173 1367 3227 sub
1392 3171 1717 3226 eximiorum

171 3284 447 3324 sensorum
482 3267 590 3320 alto
614 3273 820 3320 recreat
848 3281 863 3331 ;
899 3265 1253 3334 melioresque
1287 3281 1352 3320 ac
1389 3265 1720 3318 certissimas

174 3360 550 3428 promissioncs
566 3355 935 3426 consequitur.
956 3355 1267 3410 Liberorum
1300 3357 1441 3408 enim
1458 3356 1613 3408 multi
1623 3355 1720 3423 pli-

175 3460 546 3515 catorum,non
567 3447 992 3514 carnalium,scd
1025 3447 1340 3517 spiritalium
1367 3462 1570 3514 ;neqne
1599 3447 1723 3501 stel-

175 3540 240 3593 lis
264 3541 314 3592 in
327 3546 600 3608 aspectum
614 3539 952 3600 cadentibus,
975 3539 1066 3593 sed
1081 3554 1198 3608 qua)
1217 3546 1393 3590 mente
1411 3537 1722 3607 intelligun-

180 3639 282 3695 tur,
306 3641 410 3684 tum
449 3629 818 3692 multitudine,
852 3637 964 3680 tum
997 3629 1192 3680 decore
1225 3641 1389 3695 quam
1414 3625 1673 3680 similium
1705 3643 1720 3692 ;

177 3734 273 3774 nec
302 3729 450 3773 terra:
464 3720 604 3788 ejus,
631 3733 794 3787 quam
820 3718 1092 3772 sceleratae
1116 3729 1301 3786 gentes
1332 3717 1469 3781 aliae,
1495 3718 1721 3785 aliaeque

179 3809 396 3863 subinde
445 3811 743 3872 calcarent,
780 3809 872 3863 sed
919 3823 1038 3876 qua:
1073 3808 1283 3860 mitium
1314 3809 1358 3838 ⁷⁸
1388 3809 1600 3877 pr0pria
1642 3816 1724 3861 est

180 3899 467 3965 (cmlrstis,
501 3898 759 3968 inquam)
795 3896 1133 3967 possidenda:
1172 3897 1482 3952 verissimas
1535 3885 1725 3966 recipit

180 3990 580 4054 promissiones.

251 4081 321 4134 Ac
345 4082 564 4149 quidem
594 4079 934 4134 Abrahamus
963 4089 1143 4147 postea
1176 4079 1507 4147 unigenitum
1525 4080 1726 4147 primo-

183 4176 538 4241 genitumque,
567 4173 631 4225 de
656 4185 763 4239 quo
792 4169 929 4223 facta
966 4169 1257 4239 promissio
1289 4178 1422 4234 erat,
1453 4185 1573 4222 CUlll
1609 4168 1724 4222 ten-

187 4274 376 4316 taretur
407 4274 464 4316 ut
489 4277 654 4331 super
683 4277 787 4315 uno
827 4261 1088 4312 montium
1123 4260 1394 4314 victimam
1420 4260 1634 4314 offerret
1655 4261 1723 4325 '“,

1799 465 1967 504 sacra:
2018 446 2518 516 imperturbationis
2560 447 2669 497 alto
2724 442 3003 505 culmine;
3052 456 3286 506 cumque
3319 455 3378 493 se

1799 541 1913 609 ipse
1938 527 2116 609 magni
2166 538 2436 607 primique
2461 536 2733 605 pontificis
2755 535 3008 601 manibus
3033 531 3374 597 prmhuisset,

1801 647 1904 683 non
1931 631 2097 684 lsaaci
2120 644 2272 682 more
2302 628 2613 688 dimittitur,
2650 627 2742 680 sed
2774 625 2826 677 in
2859 625 2968 677 duo
2999 630 3238 682 secatur,
3268 621 3377 696 vita

1800 707 2030 783 scilicet,
2077 735 2198 788 qua:
2252 718 2318 772 ad
2352 733 2567 770 carnem
2615 725 2841 785 spectat,
2901 721 3376 782 totagemortuus;

1801 811 2022 881 solaque
2048 826 2111 863 ea
2148 791 2347 878 quaelin
2400 805 2592 874 spiritu
2643 790 2746 868 est,
2780 807 2968 874 _vivus
2992 799 3012 856 Ξ
3034 797 3108 857 ac
3157 809 3375 855 terrena

1802 903 2017 969 quidem
2060 899 2393 962 hmreditate,
2428 898 2685 968 tauquam
2716 895 2859 948 ﬂuxa
2925 909 2989 949 ac
3036 894 3238 947 caduca
3281 907 3378 946 cx-

1803 993 2038 1058 cedens;
2075 992 2140 1045 ad
2196 1005 2488 1059 supernam
2531 997 2735 1052 autem,
2777 1003 2841 1040 ac
2890 987 3165 1050 stabilem,
3195 987 3376 1040 muni-

1803 1084 2038 1152 cipatum
2112 1085 2232 1136 vitae
2285 1082 2526 1134 rationes
2601 1074 2932 1131 transferens
2974 1119 2990 1143 ,
3034 1077 3380 1152 filiorumque

1806 1176 2182 1243 promissionis
2225 1173 2609 1243 pulcherrimae.
2656 1171 2938 1240 primitiae,
2982 1185 3045 1223 ac
3105 1170 3380 1223 nobilissi-
3437 1171 3440 1174 ’

1807 1281 1907 1319 ma:
1951 1266 2242 1322 exsistcns.
3311 1329 3327 1340 η

1877 1355 2022 1409 Nam
2056 1358 2179 1426 quis
2211 1372 2320 1427 prie
2375 1358 2488 1423 illo,
2547 1355 2735 1422 sicque
2793 1367 2851 1406 se
2903 1351 3270 1420 intelligentia:
3331 1352 3380 1403 vi

1809 1449 2131 1514 przeditum,
2198 1448 2554 1516 Opimumque
2611 1445 3019 1508 holocaustum,
3073 1439 3383 1512 primas-illi

1796 1535 2013 1598 menti,
2061 1535 2276 1603 Deoque
2321 1533 2954 1605 prointelligentissima
3004 1531 3093 1585 illa
3114 1545 3175 1583 ac
3223 1529 3388 1597 spiri-

1812 1626 1904 1678 tali
1934 1641 2029 1680 ara
2054 1626 2288 1680 obtulit?
2315 1626 2447 1691 Quis
2479 1643 2605 1681 vero
2632 1626 2712 1680 sic
2748 1625 2969 1678 victima
2990 1631 3180 1677 intente
3224 1621 3385 1675 ratio-

1810 1729 1879 1767 ne
1909 1753 1925 1777 ,
1951 1729 2014 1769 ac
2045 1715 2394 1771 immaculata
2455 1718 2699 1773 omnium
2747 1715 2918 1786 gratia
2950 1715 3246 1769 immolatae
3299 1731 3385 1767 ra-

1810 1805 1966 1870 tioni,
1998 1805 2280 1877 verboque
2312 1807 2440 1863 fecit
2467 1810 2491 1861 ?
2515 1808 2650 1875 Quis
2690 1808 2764 1862 ita
2807 1809 3041 1863 hostiam
3092 1802 3382 1864 viventem.

1810 1904 2078 1961 sanctam,
2122 1899 2561 1969 bencplacentem
2614 1915 2813 1969 corpus
2868 1916 3051 1964 suum,
3103 1915 3165 1955 ac
3225 1901 3386 1969 Spiri-

1813 1996 1948 2050 tum,
1979 1988 2210 2044 Domino
2239 1990 2464 2060 Spiritui
2506 1991 2753 2046 exhibuit
2798 1989 2887 2043 "2
2915 1990 3049 2055 Quis
3106 1991 3177 2044 ita
3237 1991 3389 2064 prius

1812 2089 1928 2136 tum
1963 2095 2144 2144 carne,
2187 2091 2300 2136 tum
2332 2083 2518 2136 animo
2561 2080 2854 2136 sanctitate
2899 2082 3162 2145 imbutus,
3198 2080 3393 2134 exinde.

1813 2172 2123 2228 sanctitatis
2182 2174 2469 2240 sacerdos,
2523 2189 2589 2228 ac
2640 2173 2967 2227 administer
2995 2171 3222 2227 effectus
3269 2174 3397 2225 est?

1814 2261 1948 2328 Quis
1982 2279 2294 2332 supremam
2326 2273 2452 2320 ante
2499 2272 2692 2318 nactus
2745 2262 3116 2332 adoptionem,
3151 2261 3228 2315 sic
3273 2261 3396 2313 aliis

1814 2353 1958 2408 Patri
1988 2355 2278 2424 spirituum
2295 2357 2342 2388 ⁷³
2358 2354 2682 2425 adoptandis
2698 2353 3023 2409 conciliator
3043 2351 3248 2407 ascitus
3271 2353 3397 2405 est?

1883 2444 2166 2510 Quodnam
2224 2447 2512 2515 pastoralis
2566 2445 2800 2508 solertiae
2849 2459 3068 2514 genus;
3109 2443 3387 2512 quodnam

1816 2537 2033 2592 virtutis
2073 2547 2261 2608 vegeta
2302 2537 2518 2591 actione
2565 2551 2672 2590 non
2716 2536 2853 2590 obiit
2892 2534 3220 2604 specimen?
3254 2532 3397 2599 Quid

1813 2637 1920 2691 est,
1953 2629 2098 2698 quod
2163 2629 2358 2682 divina:
2412 2628 2816 2699 praedicationis
2873 2627 3228 2682 sermonibus
3287 2642 3397 2679 non

1815 2717 2120 2774 clarissime
2166 2720 2434 2774 detexerit
2469 2720 2496 2774 ‘l
2531 2727 2590 2772 ut
2643 2720 2698 2783 in
2754 2733 2819 2771 eo
2870 2717 3135 2786 majorem
3194 2732 3397 2779 sermo,

1816 2816 1978 2875 atque
2015 2809 2265 2862 doctrina
2292 2825 2402 2878 pra:
2456 2810 2674 2863 actione
2712 2808 3131 2862 admirationem
3159 2809 3354 2862 haheat
3383 2827 3399 2875 ;

1817 2895 2064 2960 quinimo
2089 2895 2233 2950 actio
2267 2894 2378 2964 prie
2400 2910 2673 2958 sermone,
2706 2904 2871 2963 atque
2901 2895 3151 2949 doctrina
3197 2897 3396 2964 majori

1821 2984 2187 3038 admiratione
2225 2986 2416 3054 rapiat.
2443 2985 2581 3052 Quis
2606 2986 2676 3039 ita
2727 3001 2978 3041 sermone
3011 2987 3194 3041 clarus
3273 3003 3400 3057 gra-

1825 3075 2048 3144 visque;
2088 3076 2167 3131 sic
2197 3076 2508 3142 distinctus,
2563 3086 2729 3148 atque
2753 3077 2992 3147 elegans,
3026 3086 3398 3161 ornatusque;

1823 3170 1904 3222 sic
1948 3181 2109 3243 verax
2159 3183 2224 3222 ac
2282 3170 2622 3238 perspicuus,
2665 3178 2722 3223 ut
2773 3169 2965 3233 videri,
3011 3184 3176 3237 quam
3217 3171 3396 3224 audiri

1827 3262 2008 3328 potius
2058 3261 2324 3326 videatur,
2382 3260 2645 3330 quidquid
2702 3261 2986 3330 loquitur;
3047 3261 3097 3314 id
3133 3271 3238 3327 est,
3297 3277 3397 3329 pro

1828 3350 2085 3420 Theologi
2112 3351 2358 3419 partibus
2393 3351 2459 3405 de
2497 3350 2607 3405 Deo
2629 3352 3001 3419 exsequitur?
3035 3350 3149 3406 lmo
3180 3353 3305 3420 quis
3329 3353 3401 3407 ita

1827 3441 1935 3495 Deo
1961 3442 2195 3507 aftlatus,
2229 3451 2392 3512 atque
2418 3444 2604 3513 gratiae
2629 3443 2883 3497 conditus
2909 3443 3152 3508 salibus;
3177 3453 3233 3497 ut
3285 3459 3402 3498 om-

1825 3549 1948 3586 nem
2019 3534 2185 3596 vitii,
2253 3535 2761 3606 putentissimaaque
2821 3535 3090 3592 lizreseos
3163 3538 3402 3591 exsiccet

1824 3624 2000 3676 tabem
2051 3641 2064 3688 ;
2129 3626 2387 3693 quidquid
2451 3640 2580 3680 vero
2613 3626 2866 3679 humanis
2910 3627 3183 3682 .moribus
3226 3627 3402 3684 disso-

1827 3714 2022 3775 lutum,
2061 3715 2384 3784 molliusque
2410 3716 2569 3779 inest,
2598 3725 2761 3784 atque
2792 3717 3062 3783 diffluens,
3101 3719 3168 3772 ad
3203 3721 3403 3774 mentis

1825 3801 2595 3875 constantiam,sanarumque
2622 3808 2894 3860 rationum
2916 3806 3212 3862 transferat
3231 3808 3402 3863 firmi-

1828 3902 1994 3948 tatem
2026 3897 2049 3949 ἲ

1899 3985 2033 4051 Quis
2089 3975 2197 4056 pra:
2245 3988 2687 4059 illo(dummodo
2720 3982 3019 4057 principem
3046 3985 3202 4043 illum
3225 4000 3404 4059 pasto-

1830 4092 1948 4129 rum
1974 4077 2019 4107 ”
2045 4079 2282 4146 excipias
2315 4078 2636 4148 )magisque
2665 4081 2845 4133 bonus
2905 4079 3116 4143 Pastor,
3151 4081 3243 4149 qui
3290 4097 3406 4136 ser-

1832 4168 2007 4222 monis
2039 4169 2220 4222 fistula
2247 4170 2312 4222 ad
2340 4169 2480 4222 bona
2506 4184 2704 4238 pascua
2732 4170 2927 4224 educat
2959 4171 3024 4232 ⁷⁵,
3049 4173 3212 4239 inque
3236 4172 3406 4226 bonas

1833 4270 1995 4329 atque
2039 4263 2197 4315 utiles
2251 4263 2437 4316 caulas
2470 4247 2736 4315 inducat?
2783 4264 2918 4327 Quis
2953 4263 3034 4317 sic
3068 4263 3290 4331 probus,
3338 4278 3404 4315 ac

189 4354 322 4409 haud
352 4349 675 4424 praeceptum
731 4353 958 4414 distulit,
1001 4351 1140 4405 haud
1175 4367 1284 4404 rem
1317 4352 1535 4421 aggredi
1567 4353 1726 4406 dubi-
1760 4349 1803 4404 ἰ)
1833 4351 2158 4413 industrius,
2212 4360 2272 4405 ut
2316 4367 2532 4420 gregem
2593 4363 2704 4405 tum
2793 4352 3132 4422 impinguare
3171 4353 3406 4418 noverit,

192 4447 363 4508 tavit;
421 4446 561 4499 haud
620 4445 914 4512 obstupuit,
950 4443 1078 4512 quin
1131 4458 1370 4508 manum,
1405 4454 1565 4512 atque
1618 4444 1731 4512 gla-

189 4535 327 4588 dium
350 4535 367 4604 (
388 4551 422 4587 o
459 4536 624 4588 animi
655 4534 1099 4603 magnitudinem,
1134 4534 1242 4586 imo
1271 4534 1532 4601 insignem
1559 4535 1729 4602 pieta-

195 4625 412 4699 liaiVilll,
452 4640 516 4677 ac
571 4624 880 4692 religionem
914 4624 966 4691 ι)
999 4625 1307 4677 eharissimi
1340 4623 1527 4693 jugulo
1563 4624 1730 4679 infera

199 4720 311 4777 ret;
346 4714 553 4767 tametsi
591 4727 728 4766 novo
765 4713 856 4764 illo
881 4727 944 4764 ac
979 4712 1196 4765 insolito
1235 4713 1499 4766 sacrificio
1528 4714 1733 4768 inhibi-

201 4811 284 4856 tus
316 4814 413 4864 est,
451 4805 617 4857 ariete
656 4803 833 4854 statim
864 4802 1124 4862 cornibus
1142 4802 1416 4864 devineto,
1451 4803 1543 4871 qui
1574 4804 1733 4858 victi-

204 4909 296 4948 mae
324 4896 515 4948 utentis
563 4894 770 4946 ratione
793 4893 968 4945 locum
1013 4878 1282 4959 expleret.
1305 4891 1592 4961 Gregorius
1636 4910 1734 4946 au-

207 4993 326 5046 tem,
357 4997 464 5037 tmn
495 4985 647 5037 altari
676 4983 921 5036 admotus
942 4991 1042 5044 est,
1074 4989 1186 5033 tum
1221 4984 1460 5049 paternis
1493 4983 1734 5037 initiatus

211 5075 439 5127 manibus
499 5077 700 5144 integra
752 5075 982 5136 victima,
1007 5087 1070 5125 ac
1109 5087 1257 5124 novae
1299 5074 1553 5128 sacerdos
1580 5074 1735 5128 victi-

215 5174 306 5213 ma:
335 5163 612 5216 sacerdotii
637 5165 936 5217 initiatione
965 5164 1198 5217 oblatus.
1232 5161 1338 5218 Nec
1365 5181 1394 5218 a
1416 5175 1565 5234 patre
1592 5167 1733 5220 dun-

214 5257 366 5311 taxat,
392 5253 479 5305 sed
509 5253 665 5322 longe
692 5257 838 5323 prius
881 5272 909 5309 a
949 5257 1145 5308 teneris
1172 5257 1327 5310 annis
1366 5257 1480 5326 ipse
1502 5273 1559 5312 se
1610 5257 1738 5311 olfe-

218 5357 352 5408 rcns,
375 5361 472 5398 non
501 5363 663 5413 super
681 5364 785 5400 uno
814 5349 990 5417 aliquo
1015 5364 1076 5402 ex
1106 5349 1169 5402 iis
1195 5351 1468 5405 montibus
1497 5352 1586 5420 qui
1610 5366 1737 5404 ocu-

286 5519 474 5590 ξ’γϐριι.
499 5539 645 5578 xviii.
675 5525 692 5576 f
732 5539 878 5590 seqq.
955 5525 998 5554 ⁷ο
1030 5525 1209 5580 Matth.
1253 5543 1301 5588 ν,
1337 5529 1387 5581 4.

220 5585 264 5616 "
294 5587 457 5645 lf‘ctr.
484 5612 533 5660 v,
567 5596 618 5647 4.
695 5594 739 5623 ⁷⁵
768 5585 925 5646 Joan.
957 5611 1027 5655 vi,
1074 5597 1155 5651 ff.

1233 5600 1275 5628 ⁷⁸
1308 5599 1441 5652 Gen.
1480 5616 1645 5664 xxvii,
1679 5600 1731 5653 4.

546 5688 810 5747 Ρλτιιοιι.
845 5688 958 5744 Gn.
996 5687 1111 5745 CV.
1374 5698 1376 5700 '

1465 5531 1505 5561 '“
1529 5532 1660 5583 Gen.
1687 5545 1818 5583 χιιι.
1849 5531 1902 5583 i.

1805 5570 1849 5632 ,"
1878 5600 2011 5653 Gen.
2037 5615 2222 5660 xxvm,
2273 5598 2317 5664 1,

1837 4451 1948 4495 tum
1977 4444 2131 4512 cepia
2162 4455 2356 4514 augere
2386 4462 2400 4510 ;
2433 4460 2496 4498 ac
2527 4461 2687 4514 quam
2720 4444 2907 4514 procul
2936 4461 2966 4499 a
2998 4445 3249 4515 luporum
3283 4446 3411 4503 feri-

1838 4542 1945 4586 tate
1975 4535 2300 4588 incolumcm
2328 4550 2544 4588 servare
2571 4536 2593 4588 ?

1910 4625 2144 4679 lacubus
2172 4627 2386 4695 quidem
2422 4627 2510 4680 ille
2533 4626 2702 4681 lsaaci
2733 4626 2879 4680 filius
2935 4626 3280 4680 suavissimis
3313 4642 3411 4695 pa-

1842 4724 1975 4769 trem
1999 4716 2271 4782 accipiens
2295 4713 2530 4783 dapibus
2559 4717 2625 4778 ⁷⁸,
2660 4717 2779 4784 ejus
2803 4717 2853 4769 in
2886 4730 2944 4768 se
2968 4715 3409 4770 benedictionem

1839 4806 1991 4861 fratri
2027 4811 2278 4876 praelatus
2307 4808 2548 4860 attraxit.
2599 4807 2735 4860 Tum
2776 4807 2917 4860 Esau
2964 4807 3163 4862 caedem
3195 4810 3411 4878 spiran-

1843 4899 1910 4952 tis
1940 4900 2196 4953 invidiam
2237 4898 2448 4968 fugiens
2470 4897 2750 4964 ",faustis
2781 4915 2913 4952 usus
2950 4900 3264 4964 insomniis,
3287 4917 3408 4970 quae

1841 4991 1905 5042 ad
1936 4991 2137 5043 scalam
2195 4991 2247 5042 in
2299 4989 2494 5043 ccelum
2546 4999 2856 5057 protensam
2907 5001 3235 5059 spectarent,
3280 5008 3404 5057 pro-

1837 5093 2104 5148 speroqne
2138 5080 2400 5133 deductus
2436 5079 2644 5143 itinere,
2689 5096 2753 5133 ac
2789 5097 2846 5135 se
2895 5084 3156 5135 maternis
3194 5081 3404 5134 laribus

1839 5169 2095 5234 inferens,
2133 5170 2330 5225 Labaui
2365 5171 2594 5223 filiarum
2631 5186 2794 5225 causa
2821 5172 3035 5226 labores
3061 5171 3287 5224 desudat
3320 5172 3400 5233 7°;

1839 5261 2066 5316 desudat
2124 5277 2249 5316 vero
2307 5263 2549 5315 curando
2599 5264 2804 5330 pecori,
2855 5278 2919 5318 ac
2974 5263 3074 5316 sibi
3127 5263 3408 5322 vindican—

1841 5356 1944 5417 do;
1984 5355 2264 5422 tribusque
2323 5353 2374 5404 in
2433 5354 2704 5407 carnalium
2763 5355 2927 5410 alveis
2975 5352 3139 5421 virgis
3186 5353 3405 5419 apposi-

1990 5531 2036 5559 τ’
2073 5530 2227 5581 Rom.
2262 5544 2358 5594 xn,
2389 5529 2440 5589 -!;
2473 5527 2746 5592 lCor.m,
2774 5528 2857 5580 l7.
2933 5524 2978 5556 "
3014 5523 3175 5578 Hebr.
3205 5540 3300 5588 xii,
3351 5523 3404 5579 9.

2399 5599 2444 5629 ⁷⁸
2474 5598 2610 5652 Gen.
2650 5613 2796 5659 xxtx,
2831 5600 2879 5646 l.

2956 5684 2980 5706 ΓΖ

2917 5684 2987 5743 15
