3924 6312
615 261 724 324 459

1812 268 2099 326 NICETLIE
2128 268 2650 329 PAPHLAGUNIS

3728 273 3820 333 ten

609 370 679 431 tis
712 370 778 435 η,
810 385 873 424 ac
904 371 1005 426 sub
1035 364 1220 425 co'rnm
1253 373 1432 427 colore
1462 377 1700 428 variante
1746 388 2017 443 aspectum
2047 393 2172 430 oves
2201 380 2244 435 Α
2277 394 2381 430 non
2421 382 2472 432 in
2503 381 2727 445 somnis,
2754 381 2846 436 sed
2887 381 2997 449 ipsa
3026 381 3227 450 vigilia,
3258 397 3378 450 quae
3409 398 3437 434 e
3458 398 3517 436 re
3549 392 3727 436 essent
3767 399 3820 435 ac

611 465 678 514 ad
716 460 916 515 coitum
946 462 1217 522 emittens,
1255 462 1439 531 plures
1467 466 1772 517 maculosus
1808 466 1954 525 facit,
2003 480 2163 532 quam

581 566 730 618 qua:
760 551 918 604 nullis
961 560 1117 605 erant
1163 552 1433 606 distinctae
1492 556 1766 609 maculis:
1801 556 1989 623 hisque
2034 555 2165 607 arti-

605 642 707 694 bus
733 640 924 696 delnso
960 639 1118 712 Syro,
1138 658 1201 697 ac
1229 658 1355 698 cum
1377 645 1605 699 solerter
1627 649 1726 700 sibi
1764 655 2005 716 parasset
2041 646 2167 700 sub-

602 731 881 797 stantiam,
918 732 991 786 ita
1022 747 1143 786 cum
1176 734 1442 791 uxoribus
1470 750 1534 790 ac
1585 738 1768 791 liberis
1797 738 1865 791 ab
1892 754 1955 791 eo
1977 736 2113 806 fugit
2146 757 2161 805 ;

601 818 805 887 Deique
830 819 1023 889 copiis,
1070 835 1134 875 ac
1189 823 1385 878 turmis
1442 826 1699 880 occurrit.
1748 826 1826 878 Ad
1862 826 1975 879 haec
2037 842 2163 879 cum

600 904 733 969 Deo,
765 908 856 975 qui
896 918 1240 977 apparuerat,
1284 922 1534 967 conserta
1581 928 1780 983 pugna,
1815 914 1970 983 cujus
1998 914 2161 968 etiam

586 1006 733 1052 nutu
769 1008 973 1060 mutata
1015 1002 1375 1069 appellatione
1423 1004 1637 1061 lsraelis
1693 1019 1885 1059 nomen
1935 1008 2162 1074 accepit,

595 1084 807 1141 cunctis
841 1088 1103 1145 liberatus
1142 1092 1431 1159 molestiis,
1461 1095 1514 1147 in
1540 1103 1815 1163 paternam
1838 1094 2035 1150 alacris
2066 1096 2165 1169 do-

592 1191 745 1231 mum
775 1179 953 1234 rediit.

664 1330 804 1394 Quid
829 1347 954 1385 vero
989 1330 1283 1402 Gregorius
1311 1336 1335 1388 ?
1371 1335 1560 1388 Nonne
1594 1336 1811 1403 optimis
1860 1322 2166 1407 'l‘heologiaa

594 1419 861 1488 dogmatis
889 1421 1132 1475 divinum
1165 1423 1723 1492 accipiebathmen;
1762 1428 2165 1496 presbyterum-

590 1525 697 1577 que
722 1512 883 1564 etiam
917 1512 1270 1577 illi.invisum
1312 1515 1586 1568 funestum
1632 1504 1817 1569 Arium
1851 1520 2021 1588 gloria
2070 1534 2164 1573 Su-

591 1615 807 1667 perans.
835 1601 1145 1655 divinarum
1178 1603 1345 1659 decus
1395 1604 1838 1681 benedit-tionum
1883 1610 2165 1679 privilegio

591 1690 798 1757 accepit
826 1688 1061 1745 ?Nonne
1090 1692 1179 1747 hic
1205 1708 1424 1764 quoque
1480 1695 1627 1751 illius
1676 1691 2165 1754 crudelitatem‘fu-
2198 1701 2241 1756 Β

496 1844 513 1865 ὦ
592 1780 766 1847 giens,
796 1781 863 1834 ad
914 1792 1214 1838 maternam
1266 1786 1511 1853 domum,
1557 1790 1907 1857 apostolicam
1962 1792 2210 1847 scilicet.

590 1870 888 1926 Ecclesiam
930 1876 1354 1943 commigravit?
1395 1879 1586 1933 Nonne
1628 1880 1831 1934 scalam
1862 1897 1894 1935 e
1939 1891 2078 1935 terra
2110 1884 2164 1936 in

586 1960 811 2023 celum,
849 1960 1145 2031 fastigiata,
1180 1980 1245 2021 ac
1293 1982 1415 2035 qua
1460 1967 1754 2023 virtutibus
1786 1968 2162 2033 fabricaretur,

585 2049 741 2116 prius
769 2053 1022 2120 aspexit?
1049 2053 1242 2109 Nonne
1276 2071 1371 2127 per
1396 2073 1540 2123 eam,
1576 2060 1667 2113 Dei
1709 2061 1802 2128 qui
1845 2060 1921 2113 illi
1958 2062 2163 2116 innite-

589 2136 769 2203 batur,
790 2140 1217 2213 angelorumque
1237 2144 1290 2198 in
1318 2160 1379 2200 ea
1400 2148 1808 2201 ascendentium
1858 2163 1921 2201 ac
1943 2149 2164 2202 descen-

587 2227 830 2283 dentium
884 2231 1080 2288 doctus
1127 2242 1210 2289 est
1263 2238 1773 2306 contemplationem
1813 2239 1837 2292 ἲ
1884 2238 2023 2304 Quin
2078 2240 2165 2294 hic

585 2332 807 2387 quoque
836 2318 1054 2377 labores
1099 2323 1352 2389 desudat,
1390 2336 1586 2386 at,non
1645 2329 1717 2382 ita
1773 2339 1832 2383 ut
1872 2332 2161 2385 mulierum

473 2476 486 2488 ἢ
582 2416 868 2463 venustate
896 2411 1139 2465 tabescat
1166 2431 1181 2479 ;
1214 2430 1327 2469 non
1361 2415 1479 2483 ejus
1508 2419 1683 2487 gratia
1718 2422 2161 2488 pulchritudinis.

583 2513 705 2563 quae
742 2499 807 2552 ad
838 2500 1029 2556 horam
1067 2500 1226 2559 ﬂoret
1262 2523 1276 2571 ;
1317 2521 1437 2575 qua:
1470 2508 1535 2563 ad
1588 2510 1882 2564 modicum’
1909 2513 2159 2579 delectat,

576 2590 852 2661 citiusque
894 2595 1218 2662 evanescit;
1288 2613 1465 2667 neque
1514 2601 1658 2669 apud
1710 2600 2014 2665 Labanum,
2066 2602 2159 2658 sed

576 2683 703 2750 ejus
730 2692 987 2751 nepotem
1016 2684 1235 2755 Moysen
1270 2704 1285 2741 :
1314 2689 1525 2745 laborat
1558 2702 1760 2756 autem,
1811 2684 1871 2746 ut
1926 2693 2158 2748 duarum

581 2772 706 2843 cjns
737 2773 991 2838 ﬁliarum,
1025 2781 1225 2831 veteris
1255 2779 1462 2833 scilicet
1514 2782 1753 2850 novique
1803 2783 2155 2850 Testamenti,

585 2857 836 2916 notitiam
863 2863 1159 2933 perfectam
1195 2868 1562 2923 nanciscatur.
1602 2870 1678 2924 Ac
1725 2872 1882 2939 plane
1940 2873 2155 2928 illarum

585 2952 813 3020 compos
842 2953 1108 3020 elllcitur;
1143 2956 1375 3023 primum
1398 2958 1613 3025 quidem
1655 2960 1889 3015 senioris
1923 2963 2160 3027 ;exinde

583 3050 763 3098 autem
794 3045 1051 3113 junioris.
1109 3045 1198 3100 Sic
1229 3050 1372 3100 enim
1405 3050 1546 3103 forte
1591 3066 1688 3118 par
1721 3061 1876 3126 erat,
1914 3062 1975 3107 ut
2034 3070 2157 3108 cum

582 3134 717 3202 legis
747 3134 900 3203 prius
930 3136 1129 3199 littera,
1174 3152 1238 3191 ac
1287 3147 1401 3191 tum
1441 3155 1564 3193 cum
1615 3142 1807 3209 spiritu
1835 3182 1851 3207 ,
1905 3146 2161 3201 societate

577 3224 916 3295 iungeretur.
974 3225 1078 3280 Par
1105 3236 1241 3290 erat,
1301 3242 1357 3282 ut
1379 3231 1576 3285 veteris
1611 3230 1905 3302 Scriptum
1938 3251 2157 3290 sensum

581 3313 813 3380 facilem,
871 3331 935 3369 ac
982 3318 1315 3385 expeditum,
1366 3334 1469 3375 nec
1524 3322 1815 3377 admodum
1870 3325 2155 3392 pulchrum

582 3402 825 3474 aspectu,
860 3416 1022 3474 atque
1053 3418 1336 3461 venustum
1371 3424 1497 3463 vere
1526 3410 1757 3480 primum
1789 3414 1991 3468 coleret
2023 3416 2158 3481 ;sic-

581 3513 689 3565 quc
732 3498 787 3550 in
818 3512 883 3551 eo
929 3496 1037 3551 alte
1086 3498 1368 3563 latentem,
1410 3500 1574 3569 inque
1634 3506 1817 3571 gratiae
1869 3506 2156 3587 Evangelio

587 3585 873 3639 manifeste
900 3585 1189 3655 proditam,
1230 3586 1528 3643 formosam
1565 3591 1708 3644 illam
1751 3608 1817 3647 ac
1858 3585 2153 3663 elegantem

579 3675 850 3741 rationem
895 3675 913 3744 (
966 3675 1055 3727 Dei
1118 3676 1325 3731 scilicet
1386 3676 1540 3732 Verbi
1595 3680 1984 3738 incarnationis
2023 3701 2156 3741 con-

585 3764 1021 3833 templationem)
1046 3767 1191 3820 clare
1221 3780 1585 3834 pernosceret,
1614 3787 1677 3825 ac
1701 3773 1963 3844 diligeret,
1994 3777 2157 3847 inque

581 3853 702 3921 ejus
726 3855 1012 3922 amplexus
1061 3858 1225 3907 animi
1270 3858 1546 3924 proposito
1573 3870 1768 3914 rueret.

654 4000 749 4054 His
802 4002 987 4068 utique
1040 4000 1254 4055 duobus
1311 4006 1651 4061 testamentis
1703 4015 1959 4076 tanquam
2010 4012 2155 4067 veris

584 4101 721 4142 usus
759 4088 1106 4159 coxijugihus,
1169 4080 1335 4145 ﬁlios‘
1379 4096 1515 4161 patri
1575 4097 1919 4165 multiplicat.
1974 4101 2153 4156 Animi

563 4178 976 4246 ._parturiginu|n
1016 4182 1066 4232 in
1115 4182 1330 4249 spiritu,
1384 4182 1474 4237 Dei
1512 4188 1935 4253 promissionum
1980 4190 2153 4245 haere-

580 4271 699 4333 dcs,
731 4271 926 4326 liberos
955 4284 1221 4342 procreat.
1269 4274 1377 4329 Nec
1403 4276 1454 4329 id
1504 4286 1709 4330 tantum
1756 4295 1885 4335 cura
1947 4283 2149 4339 intenta

2277 470 2661 533 conducerent,
2691 472 2933 539 quotidie
2954 472 3417 526 submonStraret?

2340 558 2525 612 Tr‘um
2554 562 2761 615 illarum
2785 563 2904 616 loco
2931 565 3222 631 virgarum,
3242 563 3416 616 tribus
3463 563 3683 617 Deitatis
3710 578 3823 632 per-

2269 651 2419 704 sonis
2445 652 2496 704 in
2533 650 2789 707 Ecclesiis
2815 668 3065 709 sermone
3098 654 3390 723 propositis
3422 655 3441 720 (
3461 655 3557 705 has
3599 669 3822 721 namque

2267 740 2444 807 palam
2492 741 2794 809 figurahant
2846 743 3117 796 canalium
3168 742 3352 809 alvei),
3401 742 3736 809 hortansque
3762 743 3821 794 ad

2265 845 2360 883 eas
2408 832 2644 885 animum
2725 835 3065 887 attendentes
3115 835 3315 902 pietate
3389 832 3560 886 fetum
3616 824 3819 883 uterum

2268 930 2562 988 gestarent,
2608 924 2826 991 optima:
2854 924 3327 992 contemplationis
3376 923 3635 992 optimam
3670 922 3824 973 ratio-

2266 1026 2411 1071 nem,
2436 1012 2709 1065 salubrem
2736 1016 3001 1079 rationem
3034 1023 3093 1068 ut
3110 1015 3465 1077 eniterentur,
3495 1011 3778 1081 praestabat
3804 1028 3816 1072 ς

2266 1116 2376 1171 quo
2410 1102 2475 1155 ad
2526 1117 2795 1171 supernas
2845 1105 3053 1170 caulas,
3088 1104 3232 1159 bono
3266 1104 3357 1156 illo
3385 1103 3630 1167 Pastore,
3684 1116 3820 1155 sum-

2267 1206 2460 1259 meque
2497 1193 2719 1261 provido
2751 1196 3120 1254 submittente,
3165 1195 3481 1247 transirent.

2336 1283 2527 1337 Omnis
2553 1286 2767 1352 generis
2814 1295 3057 1339 terrenas
3085 1285 3386 1347 facultates,
3438 1298 3579 1351 quas
3620 1282 3694 1336 illi
3743 1296 3822 1336 sa-

2267 1371 2489 1438 pientia,
2509 1373 2787 1441 virtusque
2805 1373 3106 1441 paraverat,
3124 1381 3374 1434 sumens;
3392 1381 3555 1439 atque
3569 1372 3823 1423 hactenus

2268 1462 2389 1514 fidei
2450 1476 2575 1529 ope,
2633 1478 2742 1516 non
2792 1464 2903 1531 ipsa
2954 1465 3132 1532 specie
3187 1464 3552 1532 angelicarum
3582 1458 3821 1513 Potesta-

2268 1563 2380 1604 tum
2420 1555 2615 1607 castris
2669 1555 3060 1607 humanissime
3090 1555 3374 1621 acceptus,
3420 1552 3471 1605 id
3519 1560 3604 1605 est
3662 1551 3820 1617 stipa-

2268 1651 2400 1709 tus;
2439 1659 2502 1697 ac
2537 1660 2661 1699 eum
2721 1645 2830 1698 Deo
2883 1644 3096 1698 homine
3138 1644 3192 1698 in
3241 1644 3433 1712 spiritu
3481 1655 3819 1711 congressus,

2269 1746 2531 1801 mensque
2585 1748 2709 1788 vere
2755 1734 2920 1787 Deum
2965 1734 3153 1788 videns
3218 1733 3415 1787 nedum
3464 1740 3820 1800 nuncupatus,

2266 1835 2455 1873 verum
2497 1823 2656 1875 etiam
2699 1822 2895 1886 factus,
2927 1839 3021 1892 per
3066 1824 3217 1877 illum
3246 1826 3313 1876 ad
3360 1837 3595 1891 superna
3672 1834 3821 1890 atque

2263 1922 2486 1981 paterna
2520 1914 2866 1968 tabernacula
2895 1925 3009 1969 tuto
3036 1914 3377 1969 commeavit.

2334 2001 2448 2057 Hoc
2472 2003 2749 2073 Theologo
2799 2006 3079 2074 sapientia:
3130 2020 3196 2071 ac
3247 2004 3547 2071 prudentia:
3594 2002 3820 2057 efficitur

2263 2096 2559 2164 specimen.
2618 2095 2799 2151 Virilis
2852 2098 2953 2150 hoc
2990 2097 3180 2161 animi,
3225 2094 3489 2164 furtisque
3548 2094 3816 2163 pneludto,

2205 2206 2213 2217 ι
2264 2202 2376 2240 rem
2410 2189 2670 2244 adversus
2697 2190 2979 2243 haereticos
3025 2198 3247 2243 strenue
3302 2187 3595 2257 gerendam
3648 2186 3817 2240 fauste
3896 2194 3897 2199 ‘

2263 2280 2598 2348 auspicatus,
2631 2282 2703 2333 ita
2737 2296 2794 2334 se
2832 2281 2896 2334 ad
2938 2280 3261 2349 perfectiora
3328 2288 3662 2348 aspectuque
3713 2279 3819 2347 ipso

2266 2371 2521 2424 terribilia
2548 2373 2845 2425 certamina
2888 2372 3142 2441 accingit.
3183 2370 3258 2425 Ac
3295 2372 3437 2425 sicut
3485 2370 3818 2439 pugnacissi-

2263 2461 2337 2514 mi
2364 2462 2598 2527 athletas,
2631 2458 2739 2516 non
2778 2478 2809 2516 a
2836 2463 3012 2530 primo
3072 2464 3253 2515 statim
3283 2462 3660 2530 experimento
3713 2462 3816 2513 for—

2264 2552 2491 2606 tioribus
2513 2552 2845 2607 adversariis
2891 2553 3321 2623 congrediuntur
3343 2552 3472 2615 ;sed
3499 2562 3627 2606 ante
3654 2566 3818 2621 pugna

2259 2660 2382 2697 cum
2417 2644 2482 2697 iis
2509 2644 2602 2714 qui
2650 2645 2938 2700 debiliores
2965 2655 3093 2700 sunt
3126 2645 3395 2714 tyrocinio
3443 2645 3677 2712 quodam
3701 2658 3819 2695 eru-

2230 2736 2381 2800 diti,
2424 2736 2835 2806 majoribusque
2888 2737 3103 2791 abunde
3134 2735 3524 2789 luctantinihus
3573 2732 3819 2797 instituti,

2259 2828 2332 2882 ita
2364 2829 2581 2883 demum
2619 2837 2677 2883 ut
2706 2843 2830 2883 cum
2861 2818 3259 2897 potentioribus
3286 2828 3430 2880 vires
3474 2825 3817 2887 contendant,
3864 2892 3865 2899 γ

2260 2919 2315 2973 in
2338 2934 2558 2972 arenam
2591 2918 2947 2986 descendunt.
2974 2916 3058 2971 Ad
3090 2916 3338 2971 eumdem
3372 2916 3537 2973 etiam
3574 2913 3685 2969 fere
3713 2928 3821 2967 mo-

2185 3016 2228 3073 c
2262 3010 2387 3063 dum
2404 3008 2718 3078 Gregorius,
2737 3009 2969 3077 primum
2984 3008 3036 3061 in
3050 3007 3223 3076 patria
3238 3020 3361 3061 cum
3382 3005 3560 3073 impiis
3576 3019 3817 3073 congres-

2260 3115 2376 3163 sus,
2395 3099 2726 3168 rationisque
2748 3097 3012 3154 adversus
3033 3110 3128 3151 eos
3149 3096 3315 3161 lucta,
3333 3109 3397 3149 ac
3422 3093 3662 3148 victoriis
3674 3091 3820 3146 fortis

2261 3191 2457 3259 pugilis
2481 3190 2730 3254 lacertos,
2762 3204 2828 3244 ac
2866 3173 3220 3258 multiplicem
3257 3185 3651 3255 experientiam
3682 3185 3818 3238 ade-

2258 3290 2384 3352 ptus
2408 3287 2424 3346 ς
2452 3280 2688 3351 deinque
2712 3278 3025 3350 parentibus
3068 3277 3212 3333 felici
3244 3275 3367 3331 vita:
3388 3274 3535 3330 exitu
3559 3289 3809 3328 consum-

2260 3372 2441 3435 matis,
2485 3386 2608 3424 cum
2654 3369 2955 3424 laudatorio
3002 3380 3273 3431 sermone,
3303 3374 3416 3420 tum
3461 3362 3817 3434 justislegitio

2256 3464 2363 3517 mis
2412 3460 2763 3530 perfunctus;
2802 3458 3140 3529 paterneque
3187 3471 3346 3526 grege
3407 3456 3557 3509 velut
3604 3455 3657 3508 in
3711 3464 3817 3508 tuta

2257 3554 2481 3607 mandra
2542 3568 2638 3608 sua
2690 3552 2861 3623 ipsius
2940 3547 3212 3618 theologia
3254 3547 3614 3610 communito,
3665 3552 3817 3613 atque

2256 3652 2536 3713 pastorum
2592 3642 2833 3711 Principi
2900 3641 2965 3694 in‘
3005 3654 3202 3694 manus
3252 3638 3462 3702 relicto,
3497 3638 3613 3706 ipse
3649 3651 3708 3690 se
3754 3634 3815 3688 ad

2257 3734 2508 3803 graviora
2541 3731 2809 3793 sta-monis
2844 3744 3032 3790 causa.
3078 3737 3241 3797 atque
3279 3725 3542 3780 doctrina:
3583 3722 3813 3791 pericula

2256 3822 2491 3892 expedit.
2541 3805 2620 3875 Ac
2657 3820 2803 3876 velut
2830 3819 2951 3887 qui
2982 3818 3037 3871 in
3077 3817 3290 3870 modico
3342 3815 3514 3867 fidelis
3562 3813 3813 3881 probatus

2258 3922 2427 3975 esset,
2483 3912 2548 3964 ad
2600 3910 2897 3963 multorum
2945 3922 3003 3962 se
3060 3922 3250 3960 curam
3292 3914 3466 3974 parat.
3511 3902 3813 3971 Relictaque

2256 4003 2551 4066 Nazianzo,
2581 4010 2723 4056 recta
2750 4001 2815 4054 ad
2844 4000 3031 4054 urbem
3072 4000 3370 4067 Augustam
3395 3996 3496 4049 iter
3523 3994 3809 4049 contendit.

2257 4094 2314 4148 Id
2346 4108 2475 4147 vero
2510 4091 2790 4160 temporis,
2818 4090 3006 4160 ingens
3033 4104 3151 4142 eam
3175 4127 3189 4151 ,
3222 4087 3509 4166 gravisque
3543 4088 3808 4140 haereseon

2256 4185 2431 4253 caligo
2462 4184 2734 4238 invaserat
2782 4189 2946 4250 atque
2975 4179 3227 4250 opplebat
3259 4196 3274 4245 ;
3307 4193 3429 4248 quae
3450 4179 3677 4240 scilicet,
3704 4184 3807 4228 tum

2255 4276 2374 4331 alite
2398 4274 2522 4329 aliis
2551 4281 3006 4342 compugnarent,
3033 4280 3145 4323 tum
3177 4270 3388 4325 veritati
3420 4267 3631 4323 infensa
3656 4267 3807 4321 vehe-

584 4361 715 4431 agit,
742 4372 801 4414 ut
850 4364 1115 4433 suscipiat
1153 4365 1772 4427 hberos,~sub|imiores
1828 4371 2033 4427 scilicet
2086 4388 2150 4429 ac

2264 4371 2490 4422 mentius
2534 4368 2648 4419 acie.
2690 4366 3024 4434 ingruerent.
3058 4353 3150 4415 Sic
3191 4361 3334 4413 enim
3372 4357 3485 4411 fere
3534 4372 3806 4426 compara-

583 4452 853 4519 spiritales
882 4456 1010 4518 ;sed
1039 4458 1113 4519 ;‘ut
1162 4458 1345 4509 etiam'
1370 4459 1634 4527 mancipia
1672 4461 1945 4529 acquirat;
1992 4464 2152 4518 nimi-

588 4558 705 4593 rum
755 4546 968 4611 corpori
1025 4544 1320 4598 viciniores
1384 4562 1447 4599 ac
1497 4549 1834 4603 humiliores.
1867 4550 1961 4605 His
2002 4553 2147 4607 enim

583 4632 672 4685 ille
702 4647 803 4702 pro
838 4633 922 4686 sui
980 4632 1191 4686 ratione
1234 4634 1505 4702 spiritales
1546 4638 1647 4699 sibi
1699 4654 1763 4692 ac
1817 4640 2149 4699 immortales

578 4722 795 4777 divitias
824 4731 996 4791 Parat.
1030 4721 1165 4776 Nam
1214 4724 1330 4793 ipse
1356 4740 1591 4795 quoque,
1634 4730 1817 4795 paucis
1858 4733 2145 4788 admodum

566 4828 641 4866 ac
701 4814 847 4866 brevi
906 4828 1135 4866 numero
1178 4814 1400 4868 creditis
1433 4852 1448 4877 ,
1497 4814 1823 4886 solertiaque
1869 4836 1932 4876 ac
1964 4823 2147 4879 labore

577 4906 633 4959 in
685 4906 918 4974 amplam
972 4920 1133 4974 grege
1186 4916 1445 4975 provecto
1486 4906 1763 4974 sobolem;
1799 4924 1905 4964 non
1959 4928 2147 4968 omnes

578 4996 839 5049 mercedis
869 4997 988 5049 loco
1014 4996 1169 5048 datos
1225 4996 1316 5065 qui
1351 4997 1637 5050 revertenti
1667 4998 1721 5050 in
1754 5008 2025 5067 paternam
2049 5006 2145 5057 do-

578 5103 726 5141 mum
756 5102 860 5140 una
901 5089 1131 5141 comites
1177 5096 1383 5151 essent,
1438 5089 1531 5142 sed
1595 5089 1793 5148 electos
1843 5092 2139 5161 duntaxat;

580 5194 676 5231 nec
710 5180 802 5246 qui
833 5188 954 5231 nota
978 5186 1248 5241 carerent,
1300 5179 1395 5231 sed
1443 5180 1536 5248 qni
1584 5190 1760 5234 essent
1791 5182 2050 5252 insigniti,
2090 5187 2141 5239 in

584 5270 794 5321 divinas
855 5268 1154 5321 subductos
1207 5256 1462 5335 rationes,
1509 5281 1671 5339 atque
1712 5271 1859 5326 illius
1900 5274 2140 5342 signatos

582 5364 850 5416 thesauris
899 5361 1246 5429 intelligens;
1282 5362 1538 5431 quidnam
1572 5364 1838 5417 molitur?
1873 5368 2009 5430 Quin
2042 5382 2137 5435 po-

581 5454 687 5505 tius
743 5468 901 5518 quem
950 5453 1005 5503 in
1059 5465 1275 5507 sensum
1309 5453 1645 5521 provehitur,
1680 5454 1826 5510 illius
1853 5456 2014 5510 ductu
2044 5457 2135 5526 qui

655 5629 702 5656 ⁷⁸³
732 5628 862 5680 Gen.
900 5641 1025 5690 vlt,
1060 5625 1147 5679 57.

2253 4470 2366 4513 tum
2396 4468 2500 4522 est,
2535 4467 2593 4511 ut
2620 4457 2809 4509 vitium
2878 4463 3039 4523 atque
3075 4453 3334 4520 pravitas,
3374 4451 3575 4532 nedum
3616 4449 3806 4510 virtuti,

2252 4554 2343 4605 sed
2379 4559 2433 4605 et
2465 4551 2565 4604 sibi
2593 4549 2707 4617 ipsa
2757 4547 2956 4618 acriter
3002 4545 3338 4617 adversetur.
3371 4541 3442 4597 lis
3489 4550 3668 4595 autem
3721 4538 3803 4609 qui

2256 4654 2456 4697 rectam
2489 4642 2741 4695 tenebant
2767 4639 2923 4693 fidem
2977 4646 3133 4693 atrox
3170 4634 3403 4705 procella
3432 4626 3799 4693 ineumbebat;

2251 4736 2623 4802 immensaque
2674 4732 2915 4797 undi-lue
2962 4727 3136 4783 offusa
3196 4722 3465 4785 anxietas.
3512 4740 3579 4778 ac
3607 4720 3800 4782 consilii

2252 4827 2433 4894 itmpia
2472 4838 2611 4885 erat,
2672 4838 2793 4875 cum
2825 4818 3096 4875 neminem
3130 4810 3323 4873 tuenda
3346 4816 3595 4870 doctrina
3647 4824 3799 4893 certa-

2248 4914 2409 4969 minis
2444 4913 2635 4968 ducem
2687 4928 2750 4966 ac
2787 4910 3128 4965 defensorem
3165 4908 3447 4961 haberent.

2324 5006 2492 5077 Igitur
2509 5006 2689 5059 videre
2710 5014 2825 5058 erat
2842 5004 2990 5057 velut
3018 4999 3222 5070 ingenti
3272 4998 3646 5065 immensaque
3664 5007 3817 5063 voras

2248 5100 2371 5168 gine
2398 5108 2715 5167 exporrecto
2745 5096 2935 5166 pelago
2977 5101 3166 5146 ventos
3196 5083 3317 5144 sese
3362 5088 3497 5141 alios
3548 5087 3667 5141 aliis
3705 5084 3793 5138 itn-

2251 5188 2393 5239 mani
2428 5188 2631 5255 impetu
2665 5185 2999 5239 collidentes.
3056 5178 3121 5231 Hi
3155 5174 3350 5246 nempe
3381 5176 3673 5230 lenioribus
3697 5170 3791 5243 pri-

2249 5292 2393 5329 mum
2448 5278 2597 5329 ani-is
2652 5278 2853 5342 ainant,
2921 5279 3245 5347 versantque
3296 5282 3361 5323 ac
3412 5268 3786 5335 circumagunt.

2246 5366 2506 5435 paulatim
2543 5368 2834 5435 procellam
2881 5364 3205 5426 attollentes,
3237 5361 3307 5413 ita
3342 5370 3545 5422 tamen,
3582 5365 3637 5410 ut
3681 5367 3790 5406 near

2244 5457 2372 5510 dum
2410 5456 2671 5527 impactus
2719 5454 3011 5511 stridentes
3054 5453 3248 5509 fluctus
3284 5450 3615 5520 dirutnpant.
3668 5443 3787 5498 Tum
