3924 6312
123 378 193 442 461
252 466 255 467 ί
712 338 718 345 ’
766 376 1046 436 omne
1081 377 1210 437 xx.
1237 374 1402 435 -ΙΝ
1433 374 1742 467 unum
1780 374 1839 432 s.
1875 371 2248 432 GREGORII
2279 349 2549 432 TH'EOL.
3177 372 3286 436 ‘62

124 466 290 560 repente
315 486 545 541 turbinis
567 495 739 540 instar
792 487 1045 555 utrinque
1072 487 1161 539 alii
1190 486 1313 539 aliis
1366 466 1621 551 ingrncn-
1653 493 1700 545 Α
1727 484 1877 539 velut
1910 482 2147 538 conflare
2164 500 2189 549 ;.
2202 484 2431 539 alterum
2462 495 2709 549 numero,
2738 491 2900 552 atque
2930 483 3158 537 alterum
3190 500 3291 539 na-
3404 530 3407 531 ν

125 591 198 639 tes,
219 572 371 647 sique
392 575 570 631 collisi
603 576 943 629 intoleranda
978 576 1203 631 tlatuum
1232 576 1280 629 vi
1313 578 1461 630 mare
1515 586 1629 628 tum
1734 585 1866 629 tura:
1884 575 2113 629 ratione.
3048 568 3055 572 ’

122 667 283 728 inlisu,
343 675 564 734 tumque
611 662 977 734 diﬂ’ringunt;
1022 675 1341 735 assurgente
1397 666 1629 734 procella
1806 664 1943 717 Nam
1967 677 2226 718 excessus
2249 663 2489 731 quidem,
2528 662 2794 728 defectui;
2819 662 3066 718 delectus
3098 664 3295 719 adver-

100 742 165 809 Δπ
187 755 465 816 desidente,
510 754 933 824 interceptisque
985 756 1215 812 navibus
1248 757 1449 827 pariter
1476 758 1528 810 in
1552 758 1634 810 al-
1734 763 1886 808 satur
1910 752 2159 807 escessui
2192 768 2205 804 :
2240 752 2403 807 ambo
2433 762 2613 807 autem
2643 752 3022 819 immoderatlo
3050 762 3201 817 sunt,
3233 768 3300 807 ac

118 840 482 906 tum'sublatis,
524 845 741 911 imoque
798 845 1087 913 depressis,
1144 854 1309 915 atque
1371 845 1635 900 fluctuum
1680 898 1687 925 λ
1737 842 2116 913 improportio,
2146 842 2399 911 velutqne
2462 858 2630 898 unum
2668 850 2888 913 accepta
2916 843 3132 907 vitium,
3172 858 3300 899 cum

116 935 429 997 immanitate,
457 943 734 1003 astusque
765 936 1087 990 submersis.
1733 950 1821 999 ea,
1853 951 1976 1006 qua:
1995 949 2058 989 es
2092 943 2240 989 recta
2288 935 2681 1009 mediocritatis
2730 936 2939 991 ratione
3000 933 3303 990 moderatio

168 1023 350 1078 Similis
386 1024 634 1091 quadam
672 1033 786 1077 tum
828 1034 1118 1092 tempestas
1165 1024 1510 1079 Constantini
1548 1041 1639 1080 ur—
1737 1042 1803 1079 ac
1832 1026 2117 1096 proportio
2136 1026 2407 1091 consistit,
2437 1027 2584 1081 velut
2618 1042 2742 1082 cum
2792 1030 2993 1082 virtute
3036 1037 3302 1097 pugnant.

116 1116 202 1167 best
242 1113 514 1169 invaserat
556 1131 573 1179 ;
634 1115 987 1183 nequissimi:
1041 1114 1249 1169 scilicet
1311 1114 1635 1183 spiritibus,
1738 1118 1799 1171 ln
1840 1132 1966 1183 cum
1996 1116 2218 1172 modo
2265 1130 2528 1185 perversa
2563 1116 2769 1185 opinio,
2805 1115 3003 1173 nedum
3055 1106 3117 1171 ut
3147 1125 3307 1172 recta:

114 1204 424 1258 adversantes
452 1203 690 1275 linguas,
712 1221 779 1260 ac
812 1213 1024 1261 meritos
1062 1205 1199 1260 alias
1227 1205 1348 1259 aliis
1386 1205 1638 1259 commit-
1741 1206 2078 1271 adversetur,
2124 1207 2220 1262 sed
2273 1215 2333 1260 ut
2364 1208 2527 1260 etiam
2558 1221 2739 1275 prava
2774 1189 3051 1261 contraria
3111 1207 3207 1273 sit,
3240 1221 3309 1260 ex

116 1292 315 1349 testibus
341 1309 359 1359 ;
386 1310 455 1349 ac
478 1310 602 1350 cum
624 1311 819 1351 omnes
848 1296 1106 1366 loquendi
1143 1298 1411 1351 immensa
1463 1298 1642 1366 pruri-
1741 1306 1933 1351 natura
1962 1298 2143 1352 liabet.
2173 1297 2211 1351 ll
2250 1296 2434 1369 igitur,
2464 1298 2520 1351 in
2553 1312 2619 1352 ea
2638 1297 2873 1366 prolapsi
2903 1298 3160 1361 absurda,
3190 1308 3308 1352 tum

114 1384 218 1451 giae,
242 1398 309 1438 ac
337 1386 584 1451 libidine,
612 1388 909 1458 pronisque
937 1388 1311 1446 molitionibus
1332 1390 1520 1445 litibus
1547 1390 1641 1444 alii
1742 1402 1866 1441 cum
1894 1388 2017 1445 aliis
2059 1389 2172 1454 alii,
2204 1384 2318 1444 tuin
2362 1403 2487 1441 cum
2521 1388 2751 1442 'veritate
2799 1387 3308 1457 congredieliantur.

114 1472 213 1529 alios
232 1474 567 1547 diﬂ'ringere,
583 1491 649 1532 ac
661 1479 1013 1547 pessumdare
1037 1480 1265 1549 superbe
1284 1480 1640 1536 conniteban-
1812 1478 1870 1533 ln
1905 1481 1991 1535 bis
2008 1488 2185 1543 erant,
2221 1480 2317 1550 qui
2342 1471 2483 1536 Filio
2501 1480 2743 1549 quidem,
2767 1492 2976 1534 natura:
2998 1494 3124 1534 cum
3152 1478 3314 1533 Patre

114 1573 210 1619 tur:
245 1566 293 1619 si
320 1582 442 1635 qua:
468 1583 599 1623 vero
622 1583 747 1637 pars
804 1580 965 1625 recta:
998 1570 1125 1643 ﬁdei
1159 1571 1378 1627 addicta
1413 1572 1467 1627 in
1497 1582 1644 1626 tanta
1731 1567 2183 1639 coniunctionem
2232 1571 2629 1642 indulgebant;
2661 1570 2926 1645 Spiritum
2961 1584 3115 1633 vero,
3147 1584 3315 1640 quem

113 1656 357 1710 hominum
395 1658 556 1712 turba
581 1660 792 1729 reliqua
817 1669 957 1725 erat,
996 1676 1117 1715 eam
1148 1671 1281 1717 vero
1337 1662 1648 1733 opprimere
1747 1677 1776 1713 a
1808 1660 2005 1726 Patris,
2027 1677 2093 1716 ac
2124 1660 2244 1717 Filii
2273 1662 2561 1718 divinitate
2589 1663 2831 1717 alienum
2883 1661 3208 1726 sentiebant,
3242 1661 3312 1716 li-

110 1760 157 1801 ae
177 1748 485 1814 perditionis
512 1749 624 1803 alto
652 1764 898 1820 mergere
936 1753 1363 1807 contendebant.
1749 1749 1936 1803 herum
1962 1751 2077 1817 alii,
2107 1752 2197 1805 alii
2233 1752 2393 1806 etiam
2428 1767 2649 1808 servum
2694 1751 3037 1822 blasphemia
3064 1751 3316 1806 dictitare

156 1833 278 1889 Nam
315 1837 407 1891 alii
435 1839 654 1907 quidem
697 1836 917 1894 Sabellii
950 1838 1118 1910 Libys
1152 1842 1469 1898 confusione
1521 1859 1645 1899 sus-
1678 1850 1719 1905 Β
1748 1840 2037 1895 audebant.
2070 1842 2229 1896 Aliud
2255 1842 2358 1896 hoc
2376 1857 2553 1911 prava:
2577 1842 2852 1912 opinionis
2873 1858 3066 1913 genus.
3096 1830 3314 1911 Apolli-

109 1934 251 1994 ecpta,
281 1928 562 1998 nimiaque
588 1928 998 1998 conjunctione,
1042 1932 1299 2002 velutque
1342 1935 1645 2011 concretio-
1748 1929 1886 1983 uarii
1914 1930 2056 1983 enim
2089 1927 2235 2000 Syri.
2272 1930 2531 1999 quidnam
2567 1932 2713 1986 aliud
2742 1945 2926 1986 vocem
2973 1930 3315 1986 amentiam?

110 2032 328 2101 νημαι,
361 2028 565 2086 quanta
608 2035 704 2089 par
758 2029 898 2083 erat,
955 2022 1286 2101 discretione
1341 2025 1648 2080 inconsulte
1746 2022 1841 2089 qui
1869 2020 2079 2078 Scilicet
2105 2022 2324 2076 doceret
2376 2023 2654 2092 accepisse
2686 2023 2905 2092 quidem
2934 2022 3166 2077 Verbum
3188 2036 3317 2076 car-

108 2108 185 2171 nsi,
214 2098 456 2176 Patrem,
499 2108 719 2176 Filium,
749 2126 812 2166 ac
833 2098 1095 2178 Spiritum
1123 2122 1395 2180 sanctum,
1428 2114 1648 2169 nomine
1748 2126 1890 2176 nem;
1921 2128 2042 2168 eam
2072 2122 2253 2175 tamen
2282 2113 2467 2167 animo
2523 2128 2587 2166 ac
2619 2121 2801 2168 mente
2817 2128 3005 2168 carere
3033 2114 3319 2168 dementer
3386 2174 3389 2177 η

108 2206 238 2253 tenus
258 2199 565 2266 honorant;
598 2210 719 2271 qua:
742 2211 924 2256 autem
943 2202 1037 2256 liis
1074 2202 1475 2274 signitlcantnr,
1524 2219 1650 2274 pro-
1748 2213 2037 2267 assereret
2276 2271 2282 2279 ,

108 2288 180 2341 bro
214 2289 741 2361 babent,nudasque
766 2293 881 2347 haec
907 2294 1342 2361 nuncupationes
1375 2292 1646 2359 arbitrati,
1819 2290 1915 2346 llis
1938 2293 2145 2362 utique,
2170 2293 2402 2364 aliisque
2446 2296 2888 2364 quamplurimis,
2920 2310 2983 2349 ac
3006 2295 3323 2351 deterrimis

106 2393 151 2431 ac
178 2370 299 2457 ειιᾷ
333 2395 437 2435 nec
467 2395 595 2440 vere
614 2381 901 2447 exsistant,
972 2382 1422 2437 inconsistentem
1472 2382 1647 2451 reipsa
1749 2382 2117 2451 opinionibus,
2163 2400 2262 2440 ceu
2309 2386 2466 2441 savis
2497 2386 2750 2457 procellis
2784 2386 3018 2440 immane
3049 2394 3314 2455 quantum

106 2456 528 2539 atque-inanem,
560 2471 785 2528 Iudaica
818 2473 1112 2543 singularis
1150 2473 1488 2551 principatus
1528 2474 1649 2543 opi-
1748 2472 2031 2535 ﬂuctuanti
2060 2474 2183 2530 urbi
2209 2475 2484 2545 Augustae,
2515 2477 2661 2531 velut
2702 2475 2825 2544 quis
2849 2476 3091 2545 optimus
3122 2475 3319 2544 guber-

108 2560 263 2625 nioue,
306 2575 373 2615 ac
425 2561 724 2631 impietate,
778 2563 883 2617 sibi
938 2563 1096 2617 tidem
1155 2564 1491 2635 contingunt.
1544 2565 1647 2619 Alii
1749 2574 1909 2629 nator
1927 2552 2283 2620 admirandus
2323 2566 2411 2621 bic
2442 2565 2739 2636 Gregorius
2772 2583 2801 2619 a
2840 2565 2969 2632 Deo,
3011 2581 3190 2635 eoque
3219 2581 3319 2621 au-

106 2647 195 2701 Arii
247 2648 535 2705 dementire
580 2650 943 2720 astipulanles
971 2690 987 2717 ,
1023 2666 1201 2721 exque
1238 2653 1526 2718 diametro,
1559 2654 1646 2718 iis,
1750 2658 1921 2726 apice,
1960 2656 2248 2713 incumbit.
2294 2657 2375 2712 Ac
2445 2657 2591 2711 sicut
2646 2658 2801 2727 prius
2848 2656 3114 2711 Dominus
3156 2655 3319 2711 Iesus

106 2755 219 2807 quos
266 2740 539 2806 dicebam,
573 2751 878 2811 pugnantes
944 2742 1235 2806 sententia,
1302 2746 1418 2812 pari
1467 2753 1646 2798 tamen
1747 2747 2054 2817 discipulis,
2080 2748 2268 2817 pelago
2290 2757 2452 2803 nocte
2482 2750 2607 2803 navi
2650 2748 3114 2808 conﬂictantibus;
3144 2747 3321 2801 factus

108 2830 355 2900 impietate
380 2834 661 2902 provecti;
693 2834 894 2903 quibus
914 2834 991 2888 illi
1014 2834 1380 2899 concretione,
1417 2836 1471 2889 lii
1510 2836 1646 2889 divi-
1750 2839 2101 2908 conspicuus,
2130 2850 2234 2892 suo
2263 2836 2448 2892 statim
2496 2837 2730 2890 adventu
2779 2845 3053 2889 tumentes
3079 2836 3323 2905 compri-

107 2921 433 2991 ilonelmpii,
469 2924 604 2997 recti
632 2933 803 2977 metas
825 2926 1114 2981 excedunt.
1752 2929 1852 2982 mit
1906 2928 2138 2993 fluctus;
2195 2934 2500 2996 ventosque
2552 2920 2868 2995 increpans;
2906 2924 3200 2993 procellam
3264 2925 3322 2979 in

158 3010 622 3077 Quemadmodum
655 3014 799 3067 enim
854 3017 1081 3084 priores,
1114 3021 1206 3088 qui
1233 3018 1396 3074 imam
1430 3020 1649 3075 deitatis
1754 3018 2204 3088 tranquillitatem
2260 3017 2533 3071 convertit
2556 3016 2643 3068 ’σε
2688 3016 2770 3070 sic
2799 3029 2965 3069 verus
3019 3014 3197 3082 reipsa
3238 3013 3357 3074 die

108 3111 197 3154 tum
243 3112 498 3157 naturam
554 3104 815 3168 sentiant,
875 3119 990 3160 tum
1050 3124 1360 3178 personam,
1396 3113 1647 3181 procula
1691 3173 1721 3181 _
1755 3111 2129 3179 scipulus,ac,
2179 3108 2359 3178 quoad
2406 3103 2551 3172 licét,
2612 3106 2852 3181 imitator
2881 3114 3161 3168 strenuus,
3197 3120 3322 3159 cum

106 3193 309 3249 veritate
332 3194 723 3261 exerraut;sic
745 3206 800 3250 et
844 3173 1091 3266 secundi,
1128 3202 1221 3270 qui
1255 3173 1450 3271 praeter
1468 3196 1649 3257 ternas
1681 3173 1724 3229 Ο
1758 3173 1858 3255 illo
1876 3173 2101 3269 pariter,
2118 3173 2214 3263 iis,
2238 3197 2585 3268 quispiritali
2611 3173 2933 3263 tempestate
2949 3194 3320 3264 iactabantur,

108 3296 369 3350 personas,
401 3284 566 3339 etiam
597 3294 804 3350 naturae
844 3286 1190 3355 divisionem,
1224 3291 1538 3347 Grecorum
1568 3310 1654 3345 er-
1756 3303 2042 3359 apparens,
2107 3287 2363 3357 procellae
2406 3284 2673 3354 pmcipit,
2718 3292 2883 3353 atque
2938 3284 2991 3335 in
3028 3297 3221 3337 auram
3249 3283 3322 3347 ⁸⁸,

108 3388 212 3428 rore
259 3390 325 3431 ac
375 3376 653 3446 impietate
711 3380 1002 3447 inducant;
1056 3382 1262 3437 alienos
1302 3399 1331 3437 a
1358 3382 1517 3439 Patre
1538 3384 1654 3437 elll-
1754 3384 1874 3451 ejus
1906 3381 2161 3437 ﬂuetibus
2194 3380 2501 3444 silentibus,
2524 3378 2733 3432 statuit.

108 3464 259 3532 ciunt,
287 3468 383 3536 qui
413 3476 543 3523 sunt
568 3484 632 3523 es
666 3455 821 3539 ipso;
859 3472 988 3541 quin
1023 3482 1077 3526 et
1107 3473 1255 3541 ipsos
1276 3474 1418 3528 inter
1443 3475 1657 3530 scalis-
1823 3470 1892 3525 At
1913 3482 2149 3540 quonam
2173 3468 2227 3524 id
2255 3460 2450 3522 modo?
2478 3465 2581 3521 Hic
2610 3466 2743 3519 mihi
2778 3465 3112 3519 narrationis
3133 3476 3328 3520 vernat

110 3566 189 3608 nos
235 3557 630 3624 pronuntiant:
681 3539 981 3629 imparibus
1025 3539 1252 3629 scilicet,
1318 3579 1656 3635 prorsusque
1757 3559 2009 3614 amabilis
2066 3566 2414 3627 conspectus.
2488 3552 2794 3623 Ingreditur
2843 3549 3188 3624 Byzantium,
3217 3567 3363 3609 non?

109 3642 323 3715 indignis
356 3649 555 3704 deitate
592 3651 870 3720 gradibus,
900 3651 1095 3707 Filium
1128 3656 1274 3712 Patri
1333 3656 1659 3713 submitten-
1757 3651 2052 3708 sateititum
2080 3654 2275 3718 agmen
2304 3646 2601 3709 adducens,
2641 3642 2736 3699 sed
2762 3644 3059 3698 virtutibus
3088 3644 3331 3699 circum-

110 3744 212 3803 tes;
262 3754 327 3795 ac
355 3741 596 3811 Spiritus
639 3744 865 3813 gloriam
920 3745 1042 3800 Filii
1095 3747 1339 3803 claritate
1363 3749 1656 3812 minorem,
1760 3740 2109 3811 stipantibus.
2132 3736 2250 3791 Non
2281 3751 2499 3800 aurum,
2532 3748 2638 3787 non
2677 3724 2984 3817 argentum,
3020 3746 3127 3787 non
3153 3748 3230 3789 es
3270 3734 3330 3788 in

109 3828 469 3907 detrahentes;
501 3836 630 3903 quin
662 3836 840 3904 potius
881 3836 982 3906 ipsi
1012 3852 1071 3893 se
1106 3855 1212 3893 una
1269 3856 1335 3895 ac
1395 3842 1658 3913 singulari
1760 3846 1896 3886 20M
1952 3831 2183 3896 bibens;
2241 3828 2334 3882 ωδ
2395 3827 2517 3901 ΜΘ»
2566 3841 2682 3896 ενοι
2736 3840 2801 3879 ³ο
2864 3826 3150 3896 “ulla”:
3184 3825 3334 3881 ⁷⁸1⁸³⁸

110 3920 288 3977 deitate
342 3923 504 3994 l0nge
540 3924 878 3993 abdicantes,
910 3931 1184 3995 extraneis
1231 3940 1395 4001 atque
1435 3932 1659 3987 absonis

1780 3921 1968 3975 nundo
1993 3917 2369 3989 praestantiore
2392 3914 2556 3986 quam
2585 3931 2685 3985 pro
2729 3915 2921 3971 mundi
2969 3915 3087 3985 ipsa
3112 3917 3329 3971 ratione

110 4012 441 4078 opinionibus
466 4014 557 4068 alii
580 4015 633 4069 in
652 4015 797 4070 alios
827 4018 1023 4071 merito
1056 4018 1372 4076 incitantur.
1762 4010 2068 4066 τθάῖωίιυεο
2129 4006 2246 4062 Νοη
2288 4006 2567 4078 limum“
2623 4014 2797 4060 νεειεί
2823 4046 2839 4070 ι
2893 4019 3001 4059 ³ου
3058 4004 3339 4077 "morum,

170 4101 269 4157 Eos
299 4104 466 4167 enim,
492 4106 583 4173 qui
617 4106 859 4160 a’medio
889 4120 1293 4177 exerraverant,
1322 4122 1485 4180 atque
1509 4127 1538 4166 ε
1572 4129 1658 4167 re-
1762 4099 2130 4157 convehendis
2197 4097 2428 4152 sarcinis
2461 4146 2468 4157 ,
2498 4095 2939 4160 multitudinem;
3003 4110 3116 4149 non
3183 4094 3331 4149 aliud

111 4193 184 4257 gia
215 4194 619 4249 declinaverant
666 4197 742 4265 (in
794 4213 898 4264 qua
946 4202 1022 4251 uti
1070 4200 1241 4254 virtus
1270 4204 1471 4266 omnis,
1495 4204 1574 4258 sic
1607 4216 1661 4259 et
1764 4194 2081 4263 (ιυῖάίιιιδηιο
2117 4190 2200 4243 νει
2222 4188 2501 4257 θιίῧυυων
2538 4187 2620 4241 ⁷⁸³
2650 4195 2929 4255 "mgnum,
2979 4186 3048 4241 iis
3069 4200 3137 4241 ⁸⁸
3169 4186 3335 4241 rebus

113 4283 364 4354 inculpata
424 4302 670 4355 puraque
729 4288 999 4355 consistit,
1061 4304 1127 4344 ac
1190 4302 1466 4360 spectatur
1506 4294 1659 4363 θαρε)
1762 4299 1898 4354 quas
1927 4289 2267 4350 comportare
2296 4279 2466 4332 moris
2493 4288 2577 4332 est
2598 4277 2730 4331 viris
2757 4278 2886 4330 luxu
2912 4276 3239 4346 magnificis.
3268 4269 3341 4335 ac

112 4376 319 4428 omnino
370 4391 466 4444 par
496 4386 632 4437 erat,
665 4378 980 4445 excessibus
1042 4394 1107 4435 ac
1140 4380 1441 4437 defectibus
1496 4385 1660 4439 inlue-
1764 4374 1947 4429 carnis
1972 4387 2161 4440 curam
2195 4370 2506 4440 agentibus,
2539 4369 2818 4437 inferens;
2843 4370 2938 4425 sed
2971 4368 3099 4425 Jesu
3118 4370 3336 4440 sapiens
3374 4444 3379 4449 _

114 4476 295 4531 rentes,
320 4467 375 4521 in
400 4467 699 4521 nimietatis
716 4470 908 4523 scirtes
942 4471 1251 4538 incurrere;
1278 4486 1661 4544 postremoque

1791 4466 1894 4518 iam
1955 4477 2018 4516 ac
2051 4460 2402 4525 tenuitatem;
2434 4459 2746 4528 cultamque
2789 4457 3051 4529 apostolis
3104 4457 3340 4525 parcita-

117 4558 159 4610 in
213 4554 661 4615 contrarietatem
703 4562 948 4629 discidio,
996 4563 1417 4635 inimicitiasque
1471 4584 1659 4636 prore-

1785 4574 1899 4621 ,em,
1937 4557 2249 4623 nudamque
2304 4568 2369 4607 ac
2407 4552 2708 4625 simplicem
2742 4551 2811 4606 ad
2862 4550 3213 4622 Evangelium
3237 4549 3334 4621 (et,

115 4660 240 4712 pere.
280 4649 447 4718 ldque
482 4644 617 4703 adeo
656 4651 1112 4719 quemadmodum
1172 4654 1313 4717 istis,
1349 4656 1400 4708 in
1444 4656 1511 4710 iis
1540 4673 1663 4728 qua:
1772 4663 1829 4707 ut
1853 4653 1925 4706 ita
1957 4647 2157 4717 dicam)
2178 4648 2498 4715 imparatam
2529 4647 2998 4715 praeparationem.

118 4740 169 4787 ad
196 4738 387 4792 trinam
421 4736 681 4791 Deitatem
710 4749 978 4808 spectant,
1016 4742 1088 4795 ita
1119 4758 1312 4797 rursus
1337 4745 1481 4809 aliis,
1512 4745 1567 4797 in
1599 4747 1665 4798 iis
1842 4745 1934 4799 Sic
1958 4743 2140 4811 igitur,
2157 4754 2334 4809 eoque
2365 4738 2662 4793 adveniens
2692 4746 2975 4807 apparatu,
3003 4738 3180 4806 qualis
3212 4754 3340 4794 cum
3406 4770 3415 4776 -

117 4841 218 4891 qua:
242 4827 307 4881 ad
338 4828 434 4881 Dei
470 4826 631 4881 Verbi
659 4828 1109 4894 incarnationem,
1147 4833 1299 4885 aiunt
1348 4834 1615 4888 accidisse
1647 4853 1658 4886 ;
1772 4836 2016 4897 decebat,
2072 4832 2154 4885 cui
2189 4829 2502 4884 concredita
2555 4828 2855 4895 apostolica
2899 4824 3110 4879 functio
3153 4837 3339 4891 esset;

117 4912 221 4971 uim
247 4934 442 4988 nempe
476 4918 568 4972 alii
598 4935 666 4973 es
694 4918 1147 4989 Cbristoﬁuplici
1176 4933 1369 4977 natura
1393 4924 1532 4977 duos
1560 4926 1660 4978 sibi
1772 4926 2006 4994 primum
2049 4922 2264 4989 quidem
2294 4917 2437 4985 apud
2464 4917 2731 4985 quosdam
2758 4915 3180 4978 necessitudine,
3221 4931 3345 4983 qum

120 5006 266 5065 Filios
292 5011 631 5066 inducendos
674 5012 972 5077 sentirent;
1004 5011 1094 5064 alii
1123 5013 1177 5064 in
1213 5029 1377 5066 unam
1412 5029 1536 5068 eum
1565 5025 1664 5066 na-
1768 5014 2068 5069 secundum
2108 5012 2357 5080 spiritum
2395 5018 2501 5071 est,
2547 5006 2895 5075 coniunctos,
2960 5007 3160 5076 hospes
3189 5007 3340 5073 agit:

121 5107 275 5155 turam
310 5118 376 5157 es
420 5118 529 5157 una
560 5117 801 5172 persona:
833 5104 1040 5158 ratione
1072 5112 1329 5173 cogerent
1362 5124 1373 5157 :
1411 5120 1535 5158 cum
1570 5119 1667 5173 par
1771 5106 1825 5161 id
1853 5116 2032 5160 autem
2068 5104 2135 5157 ad
2162 5117 2370 5171 magna:
2395 5097 2702 5154 Anastasis:
2744 5097 2859 5168 (l5)
2889 5098 3098 5167 exigua:
3147 5097 3342 5150 domus

121 5198 247 5243 esset
272 5191 382 5248 illic
416 5196 641 5263 pariter,
684 5207 847 5263 atque
879 5195 969 5250 bic
996 5195 1207 5250 honesti
1248 5197 1496 5250 terminis
1528 5196 1666 5249 insi-
1773 5198 2049 5273 prosimas
2108 5196 2285 5264 aedes,
2321 5192 2439 5247 Una
2495 5191 2632 5252 hac,
2668 5190 2816 5259 quod
2848 5189 2942 5243 vili
2973 5188 3153 5242 forsan
3188 5187 3343 5239 scite-

122 5286 326 5349 stentes,
359 5294 473 5338 tum
505 5288 669 5341 simul
700 5289 1028 5358 dispescere,
1088 5297 1201 5341 tum
1229 5300 1553 5344 connectere
1606 5304 1671 5345 ac
1775 5286 1940 5352 matis,
1974 5301 2219 5356 peneque
2240 5282 2448 5337 inutilis
2471 5280 2769 5343 videretur.
2789 5278 3057 5333 ha-rctia-is
3077 5277 3345 5343 neglet'ta.

183 5460 224 5492 ⁸²
258 5459 401 5516 Psal.
432 5478 543 5527 ενι,
576 5464 669 5518 ἳ9.

190 5662 293 5731 (t3)
321 5661 462 5716 lianc
494 5662 609 5729 ipse
648 5660 863 5714 Nicctas
908 5661 1124 5731 egregio
1172 5660 1359 5714 laudat
1378 5661 1670 5731 encomio;
1784 5660 1899 5712 ante
1946 5660 2055 5712 illic
2094 5673 2248 5712 sacra
2299 5673 2363 5712 ac
2412 5658 2563 5712 cultu
2624 5657 3157 5729 Byzantinam;quo
3185 5652 3346 5708 etiam

129 5745 306 5803 nempe
333 5733 598 5788 seniorem
622 5745 686 5786 ac
709 5731 930 5784 seniore
979 5730 1151 5785 Roma
1176 5740 1373 5795 ortam,
1410 5745 1507 5785 nec
1565 5730 1669 5785 nisi
1782 5730 1945 5783 ni'odo
1976 5741 2166 5785 auctor
2194 5738 2350 5783 vocat
2380 5742 2561 5783 suam.
3232 5748 3235 5751 ·

312 5932 351 5953 \_
