3924 6312
665 247 700 306 -4
709 247 776 307 63

1841 239 2132 300 NICETrE
2151 237 2687 314 mritmcoms
3764 245 3842 303 tu
3890 217 3891 310 ξ

650 355 932 422 .lidclium,
956 369 1016 406 ac
1053 354 1264 423 pictatis
1294 353 1563 406 cultorum
1596 352 1791 418 exiguo
1833 349 2221 405 cmtuiaddicta
2261 351 2300 402 A
2333 353 2545 406 labores
2629 368 2691 405 ac
2745 353 2980 418 pericula
3016 352 3297 418 inciderit;
3329 355 3547 421 quantis
3603 355 3845 410 Trium“,
3890 345 3891 398 ῗ

519 487 526 492 .
577 503 585 507 _
675 454 968 499 manserat.
1017 443 1341 500 Anastasim,
1399 443 1642 508 inquam,
1703 442 1845 493 illius
1887 438 2131 499 illustris,
2167 452 2228 488 ac

671 545 897 598 nostra};
931 532 1154 600 virginis
1176 544 1420 598 corpore,
1451 531 1677 598 virginis
1695 530 1885 598 spiritu
1948 541 2010 577 ac
2030 534 2222 576 mente.

669 624 968 678 Anasmsia:
1024 637 1143 691 qua:
1189 621 1318 675 olim
1350 621 1461 687 jam
1503 619 1692 688 ingens
1750 619 2008 670 adversus
2039 615 2229 668 diabo—

669 717 778 768 lum
802 713 1004 767 eximio
1030 711 1269 780 martyrii
1293 725 1466 780 agone
1489 718 1670 763 erecto
1721 719 1947 776 tropzno,
1973 706 2224 773 majorem

662 807 927 858 adversus
965 804 1208 858 diversas
1239 803 1474 855 haereses
1515 799 1771 867 Tbcologi
1807 813 1969 866 opera
1998 798 2227 850 subinde

653 898 1002 966 triumphum
1035 893 1340 958 revexerit;
1375 907 1568 961 nempe
1613 890 1934 960 expugnatis
1962 898 2228 958 quotquot

647 990 1114 1044 contentiosiores
1143 993 1320 1050 erant,
1351 1000 1417 1040 ac
1446 983 1749 1040 clarissima
1770 981 2098 1037 Ortbodoxis
2125 997 2215 1037 as-

661 1088 808 1132 serta
839 1078 1086 1133 victoria.

718 1165 936 1221 Etenim
957 1168 1194 1222 exterius
1223 1168 1534 1237 aspectabili
1558 1167 1754 1235 specie,
1779 1162 2088 1233 aspectabili
2105 1163 2224 1231 ejus

657 1257 862 1326 templo
919 1258 1053 1324 (tum
1090 1259 1305 1326 quidem
1369 1259 1656 1311 invenusto
1740 1271 1804 1310 ac
1863 1255 2095 1323 exiguo;
2129 1270 2224 1322 per

660 1350 837 1415 ipsum
895 1358 1075 1401 autem
1120 1350 1314 1404 decore
1343 1359 1520 1405 aucto.
1568 1362 1629 1400 ac
1659 1346 2060 1414 magnitudine:
2099 1346 2221 1412 ipso

658 1437 869 1489 scilicet
894 1439 1032 1504 quod
1072 1453 1215 1490 nunc
1244 1437 1500 1503 Tbeologi
1564 1434 2019 1502 nuncnpationem
2052 1433 2219 1486 sorti-

657 1528 772 1576 tum
800 1526 904 1591 εει)
941 1527 1194 1579 insistens
1229 1526 1495 1586 antistes;
1543 1524 1769 1576 interius
1795 1533 1972 1576 autem
2007 1523 2220 1590 inaspe-

654 1615 839 1668 ctabili
871 1617 1063 1669 mentis
1096 1616 1302 1682 habitu,
1363 1616 1465 1683 ipsi
1507 1615 1791 1683 perspicue
1827 1614 2214 1667 resurrectioui

649 1706 870 1758 tibi-isto
896 1720 990 1773 per
1021 1706 1361 1759 Anastasiam
1389 1706 1729 1768 incumbens,
1765 1707 1816 1757 iu
1861 1719 1923 1756 ea
1953 1718 2082 1758 suos
2117 1720 2212 1756 va-

645 1797 899 1847 cillantes
931 1795 1105 1856 fulcit,
1139 1794 1448 1849 contractos
1503 1795 1679 1861 erigit,
1733 1802 1986 1846 nutantes
2016 1794 2213 1845 confir-

651 1896 797 1952 mat;
830 1900 1040 1939 ac'cum
1070 1886 1509 1952 persecutoribus
1561 1885 1938 1953 grassantibus
1971 1885 2056 1936 vix
2094 1884 2208 1950 spi-

650 1987 834 2032 tantes
855 1978 1166 2041 invenisset,
1194 1977 1342 2030 vitali
1378 1987 1501 2031 actu
1565 1991 1629 2029 ac
1652 1975 1892 2044 potentia
1933 1974 2204 2041 adimplet.

653 2066 824 2120 Recto
866 2066 1010 2119 enim
1053 2078 1303 2119 sermone
1359 2073 1519 2132 atque
1557 2065 1800 2116 doctrina
1835 2072 2090 2131 tanquam
2119 2077 2210 2116 ve-

651 2156 870 2209 rissimo
894 2156 1073 2209 tritico
1105 2156 1370 2208 bonorum
1405 2154 1616 2207 animos
1662 2153 1960 2217 esurientes
2012 2153 2207 2220 replet;

649 2246 1116 2314 mundissimoque
1167 2244 1450 2311 inculpatae
1509 2239 1793 2312 theologia:
1843 2258 2002 2312 pane,
2051 2243 2207 2312 longa

645 2334 788 2387 fame
814 2333 1142 2391 tabescentia
1173 2342 1391 2400 pectora
1415 2333 1536 2386 cibo
1564 2343 1791 2386 recreat.
1931 2333 1940 2340 '

713 2425 985 2494 Josephus
1037 2425 1268 2493 quidem,
1313 2424 1402 2482 ille
1458 2423 1670 2484 beatus,
1720 2422 1960 2476 fraterna
2009 2423 2205 2476 invidia

572 2564 576 2568 .
640 2513 910 2585 Egyptiis
933 2514 1179 2568 venditus
1209 2513 1275 2578 δ’,
1303 2525 1401 2566 nec
1432 2513 1574 2565 herae
1598 2511 1883 2580 impudicae
1916 2512 2206 2581 praestigiis

633 2608 902 2671 delusus;
958 2603 1049 2660 sed
1079 2618 1296 2658 carcere
1341 2603 1550 2656 munito
1580 2601 1850 2657 castitatis
1898 2615 2062 2655 causa
2094 2602 2205 2654 cir-

639 2706 990 2763 cemseptus;
1031 2695 1145 2748 visa
1177 2693 1386 2747 somnia
1426 2693 1652 2747 solerter
1707 2692 2000 2760 dextreque
2037 2690 2204 2744 inter-

636 2797 908 2855 pretatus,
964 2783 1179 2854 Egypti
1224 2785 1489 2837 universae
1515 2782 1786 2851 princeps,
1840 2781 2205 2849 frumentique

643 2878 866 2945 largitor
925 2885 1088 2944 atque
1111 2875 1364 2939 nutritor,
1397 2874 1591 2927 nedum
1623 2874 1785 2927 unius
1832 2869 2076 2942 Egypti,
2108 2869 2203 2925 sed

2332 457 2496 494 causa
2531 441 2916 495 certaminibus
2945 441 3258 509 perfunctus
3283 442 3374 504 sit,
3403 457 3844 512 quanam,qu;esii,

2332 530 2601 584 sermonis
2621 529 2669 581 vi
2698 530 3192 596 reprmsentaverim
3208 531 3230 582 ?
3245 530 3529 595 Quomodo
3547 535 3840 600 praecipuum

2330 621 2584 688 quiddam
2617 621 2864 683 dixerim,
2899 635 2995 673 nec
3028 622 3096 672 ita
3133 622 3320 689 procul
3350 622 3714 675 consectanda
3739 630 3845 675 veri-

2332 721 2438 764 tate
2490 708 2709 762 iverim?
2756 708 3039 773 Quomodo
3097 710 3241 763 illius
3292 725 3377 763 res
3425 724 3615 763 omnes
3671 720 3846 763 tentatus

2329 815 2605 860 enarrare,
2641 814 2748 852 non
2783 797 2998 851 fastidio
3029 812 3243 865 gravem
3296 799 3600 853 orationem
3635 798 3846 852 reddi-lia-
3890 837 3891 844 χ

2329 892 2466 956 rim;
2504 899 2598 943 aut
2627 891 2898 958 quomodo
2931 889 3187 957 pleraque
3233 891 3420 944 volens
3447 890 3714 950 omittere.
3764 906 3844 942 non
3890 877 3891 884 “

2327 983 2527 1048 ingenti
2555 981 2832 1035 auditores
2871 979 3070 1033 damno
3100 978 3408 1032 al'fecerim?
3437 979 3586 1033 Illius
3605 978 3751 1047 plane
3773 996 3843 1031 ne-

2326 1073 2558 1124 erssaria
2603 1086 2726 1130 vox.
2757 1079 2919 1140 atque
2947 1070 3235 1132 sententia,
3269 1077 3328 1123 ut
3376 1071 3544 1123 multa
3579 1071 3759 1139 paucis
3777 1087 3847 1123 ex-

2326 1157 2630 1212 ltibeantur.
2670 1161 2818 1214 Illius
2855 1172 3084 1229 namque
3112 1160 3214 1213 hoc
3241 1160 3498 1227 partium,
3532 1170 3695 1227 atque
3723 1163 3846 1213 indo-

2328 1251 2418 1310 lis,
2471 1251 2544 1302 ttti
2577 1251 2656 1302 sic
2692 1251 2975 1319 magnifice
3047 1259 3207 1319 atque
3238 1259 3456 1306 strenue
3475 1251 3764 1313 decertare,
3794 1254 3846 1305 ita
3890 1313 3891 1316 η

2321 1349 2376 1393 et
2406 1341 2760 1393 certaminum
2801 1341 3251 1411 magniﬁcentiam
3301 1343 3570 1396 sermonis
3625 1344 3842 1412 magnifi-

2321 1432 2495 1484 centia
2537 1431 2810 1485 exhibere.
3371 1493 3373 1496 η

2391 1519 2524 1572 Cum
2550 1521 2661 1587 jam
2691 1522 2852 1590 igitur
2881 1522 3099 1590 pessimi
3152 1523 3424 1578 daamones
3453 1522 3755 1578 Graecanica
3783 1525 3845 1576 in-

2320 1611 2644 1672 cantatione,
2674 1627 2757 1665 -ac
2790 1627 2993 1673 errore,
3034 1612 3369 1681 impurisque
3410 1616 3602 1679 sacris,
3643 1629 3706 1668 ac
3726 1616 3847 1668 enini

2322 1698 2631 1765 impietate,
2688 1700 2994 1754 divinorum
3050 1702 3418 1772 apostolorum
3487 1716 3753 1767 munere,
3799 1720 3846 1757 ac

2320 1793 2734 1860 triumphalibus
2795 1796 2991 1862 przeliis
3022 1807 3344 1866 martyrum,
3377 1799 3708 1864 cessissent;
3738 1799 3847 1852 sub-

2323 1887 2538 1955 lataque
2585 1887 2850 1942 idolorum
2915 1888 3104 1942 nefarii
3137 1891 3316 1943 cultus
3367 1891 3616 1960 caligine.
3648 1905 3709 1946 ac
3745 1907 3847 1944 ma

2317 1963 2437 2033 fidei
2471 1981 2588 2034 luce
2611 1989 2817 2033 rectum
2840 1995 3054 2034 omnem
3083 1982 3322 2034 animum
3350 1982 3704 2036 collustrante
3746 1999 3846 2035 cum

2315 2071 2570 2137 deinceps
2599 2081 2920 2124 extraneoru
2934 2088 2980 2121 ιιι
3017 2086 3178 2139 opera
3220 2073 3437 2140 pietatis
3461 2074 3700 2128 cultores
3730 2074 3847 2127 bello

2317 2159 2540 2228 fatigare
2570 2175 2674 2212 non
2713 2168 2952 2227 possent,
2971 2161 3114 2228 ipsos
3137 2176 3320 2214 secum
3348 2161 3577 2216 invicem
3607 2163 3848 2218 Christia-

2317 2266 2416 2302 nos
2451 2249 2813 2312 concitantes;
2855 2251 3101 2318 quinimo
3131 2252 3393 2320 quidquid
3435 2252 3489 2306 in
3535 2253 3696 2309 nobis
3726 2255 3850 2308 debi-

2317 2339 2420 2392 lins
2477 2348 2594 2391 erat
2636 2354 2819 2392 errore
2854 2340 3202 2402 abducentes,
3244 2343 3630 2412 corruptisque
3661 2359 3847 2398 sermo-

2316 2429 2474 2482 nibus
2510 2429 2772 2483 adversus
2801 2445 2896 2485 eos
2919 2431 3009 2499 qui
3050 2432 3324 2500 praecipua
3365 2434 3565 2502 pietate
3594 2434 3848 2505 fulgebant
3890 2421 3891 2438 ¹

2314 2515 2661 2576 instruentes.
2687 2518 2795 2570 acri
2827 2519 2937 2580 lite,
2979 2520 3494 2589 pugnacissimaque
3544 2523 3719 2577 excita
3741 2539 3848 2578 con-

2313 2605 2572 2666 tentione,
2592 2607 2726 2661 alios
2756 2609 2875 2663 aliis
2911 2610 3288 2673 committunt;
3312 2609 3616 2682 fraudeque
3678 2615 3757 2666 usi
3800 2631 3848 2666 ac

2311 2695 2556 2757 audacia,
2592 2697 2782 2764 partim
2808 2698 3025 2765 quidem
3049 2703 3310 2754 suasoriae
3331 2684 3598 2756 orationis
3637 2703 3848 2756 artiﬁcio

2310 2784 2610 2838 rationibus
2639 2785 2997 2854 simpliciores
3016 2787 3160 2841 dicto
3185 2789 3286 2842 sibi
3311 2791 3593 2846 audientes
3615 2792 3847 2854 reddunt;

2310 2874 2504 2943 partim
2538 2890 2663 2929 vero
2710 2876 3157 2934 imbecillioribus
3219 2879 3555 2948 ingruentes,
3617 2893 3849 2950 metuque

639 2975 696 3022 et
727 2967 838 3033 jam
882 2975 1214 3026 exterarum,
1263 2962 1511 3016 inaudiit.
1541 2960 1835 3030 Gregorius
1861 2968 2064 3025 autem,
2093 2974 2202 3013 non
2237 2981 2281 3040 ο
2312 2964 2661 3032 procacitatis
2695 2965 3281 3036 perterrentes,'impio
3307 2969 3546 3038 ipsorum
3569 2973 3848 3026 seusuieos

638 3073 706 3112 ex
736 3055 973 3110 fraterna
1000 3053 1225 3117 invidia,
1251 3055 1341 3107 sed
1372 3052 1545 3122 Magni
1577 3051 1784 3113 Basilii,
1823 3051 2060 3119 fideique
2085 3065 2207 3119 per-

626 3143 1071 3199 necessariorum
1121 3140 1477 3195 hortamentis
1535 3140 1769 3204 cedens;
1828 3138 2206 3208 quinimoltn-

637 3234 902 3304 pensioris
954 3232 1303 3303 providentiae
1341 3228 1602 3286 consiliis
1650 3231 1940 3294 adductus,
1973 3243 2082 3282 non
2107 3228 2203 3283 abs

626 3325 903 3379 scelerata
935 3324 1061 3376 hera
1082 3331 1290 3386 tentata
1336 3321 1627 3390 pudicitia;
1658 3320 1835 3390 palam
1865 3333 1995 3373 vero
2029 3319 2201 3372 haere-

639 3414 867 3467 ticorum
916 3414 1146 3482 maligne
1196 3413 1471 3482 agentium
1524 3412 1739 3466 insidiis
1795 3410 2086 3479 appetitus,
2115 3410 2201 3462 in-

637 3512 857 3572 starque
898 3518 1174 3557 carcerum
1221 3503 1514 3556 instructos
1543 3515 1730 3555 eorum
1770 3500 1925 3554 dolos
1983 3498 2185 3561 varios,

635 3608 702 3648 ac
725 3593 1156 3646 machinamenta
1195 3591 1463 3655 incidens,
1519 3590 1904 3658 sapientiaeque
1951 3589 2197 3643 doctrina

622 3683 865 3752 .potioris
889 3684 1153 3738 contritos
1180 3683 1489 3737 venantium
1524 3682 1745 3751 laqueos
1777 3681 2057 3749 etfugiens.
2089 3695 2197 3733 non

636 3789 798 3826 unam
838 3773 1190 3842 provinciam,
1223 3781 1315 3825 aut
1339 3771 1562 3837 urbem;
1611 3774 1701 3827 sed
1726 3787 1820 3840 per
1851 3786 2042 3831 unam,
2075 3784 2196 3837 qua:

631 3865 736 3918 sub
766 3863 905 3918 caelo
940 3873 1068 3917 sunt
1101 3866 1401 3924 universas,
1437 3862 1698 3916 beneﬁcio
1729 3863 2010 3932 impartire
2035 3875 2197 3914 mon-

632 3963 853 4005 stratur.

706 4043 797 4095 llle
829 4041 993 4110 igitur
1018 4041 1137 4110 ejus
1159 4041 1265 4095 cibi
1303 4041 1395 4110 qui
1422 4040 1594 4110 perit;
1630 4040 1716 4095 hic
1745 4039 1864 4108 ejus
1891 4041 1983 4110 qui
2011 4047 2194 4094 manet

608 4134 686 4184 .in
710 4132 872 4184 "itam
906 4141 1182 4195 aeternam,
1214 4132 1560 4200 dispensator
1598 4131 1924 4196 ostenditur,
1961 4131 2192 4183 arbiter-

623 4237 736 4290 que
763 4221 1101 4291 magnificus.
1136 4221 1309 4290 Atque
1364 4221 1451 4274 ille
1484 4221 1723 4287 quidem,
1752 4235 1858 4274 non
1892 4219 2190 4288 corporalis

2309 3053 2626 3108 submittere
2664 3065 2948 3109 conantur.

2379 3140 2518 3206 Quid
2558 3142 2718 3213 igitur
2739 3144 2820 3196 vir
2846 3144 2897 3196 in
2923 3144 3128 3198 divinis
3165 3145 3596 3210 versatissimus,
3627 3141 3842 3203 accura-

2307 3229 2634 3299 tisslmzeque
2667 3230 2969 3300 Theologize
3018 3232 3242 3287 infracta
3303 3235 3557 3289 columna
3646 3251 3712 3291 ac
3760 3237 3849 3291 im-

2303 3321 2558 3375 mobilis?
2584 3321 2724 3376 Num
2763 3324 3224 3392 nequissimorum
3259 3326 3522 3394 pravitate
3546 3328 3722 3382 minor
3756 3342 3842 3395 ap-

2303 3409 2514 3476 paruit?
2543 3419 2633 3463 aut
2665 3425 2852 3464 eorum
2917 3412 3140 3464 omnino
3178 3415 3536 3482 grassantium
3576 3418 3626 3468 vi
3670 3418 3849 3471 cessit?

2294 3507 2392 3555 aut
2417 3501 2542 3570 quid
2575 3503 2887 3556 modicume
2906 3503 3102 3571 pietate
3139 3505 3377 3559 remisit?
3396 3516 3494 3559 aut
3520 3507 3665 3560 illitis
3689 3523 3839 3561 causa

2300 3592 2595 3645 mediocria
2662 3592 2903 3660 pericula
2953 3592 3176 3647 adivit?
3248 3593 3722 3665 Haudquaquam;
3764 3599 3845 3650 sed

2298 3697 2486 3735 eorum
2513 3683 2768 3745 audaciae,
2795 3685 3130 3751 prudentiam
3161 3699 3476 3752 opponens;
3552 3687 3845 3750 calliditali,

2296 3770 2571 3840 vafrisqne
2595 3772 2860 3832 consiliis.
2896 3773 3061 3825 animi
3085 3773 3424 3840 prtesentiam
3487 3788 3551 3827 ac
3581 3775 3844 3837 fiduciam;

2296 3863 2426 3930 quin
2463 3862 2662 3929 potius,
2698 3860 3068 3915 fortitudinem
3121 3861 3382 3924 adversus
3433 3861 3718 3917 audaciam
3794 3878 3845 3915 ac

2297 3950 2688 4014 temeritatem;
2722 3949 3170 4018 prudentiamque
3191 3948 3454 4004 adversus
3502 3950 3843 4003 calliditatem

2295 4054 2356 4090 ac
2388 4038 2656 4092 vafritiem
2693 4040 2928 4101 educens
2951 4055 2965 4103 ;
2993 4039 3397 4108 universimque
3420 4039 3555 4093 adeo
3581 4040 3844 4102 virtutem,

2292 4130 2551 4184 adversus
2584 4145 2767 4184 eorum
2799 4139 2963 4184 totam
3016 4130 3332 4199 pravitatem
3379 4129 3575 4184 infesta
3614 4133 3730 4184 acie
3772 4131 3842 4182 in-

2293 4231 2540 4287 struens;
2572 4222 2649 4277 sic
2674 4223 2895 4276 omnino
2932 4221 3091 4285 fudit,
3124 4221 3456 4291 fugavitque,
3485 4236 3548 4274 ac
3583 4236 3840 4290 perexpn.

631 4312 832 4374 solum,
884 4312 975 4364 sed
1037 4323 1091 4364 et
1117 4301 1499 4377 "temporanete
1559 4327 1784 4364 annonae
1811 4329 1824 4374 ;
1867 4311 2026 4379 idque
2057 4312 2190 4364 adeo
2217 4297 2272 4358 Ῑ)
2297 4315 2499 4382 gnavit,
2536 4322 2595 4366 ut
2627 4316 2804 4383 potius
2835 4314 3086 4366 semitam
3121 4314 3274 4366 navis
3305 4327 3454 4366 mare
3479 4314 3739 4376 secantis,
3762 4323 3843 4365 aut

630 4418 753 4456 cum
782 4401 1051 4456 frumenta
1078 4403 1246 4470 pretio
1284 4403 1570 4465 venderet;
1613 4401 1697 4454 hic
1722 4410 1920 4461 autem,
1964 4417 2070 4453 non
2104 4416 2189 4453 so—

629 4493 739 4545 lum
773 4492 1053 4559 spiritalis,
1095 4505 1158 4544 ac
1189 4505 1309 4566 qua;
1343 4489 1616 4542 contineat
1639 4490 1880 4558 animos;
1915 4489 2008 4542 sed
2033 4499 2086 4543 et
2134 4489 2187 4541 in

631 4583 888 4636 saeculum
933 4582 1116 4650 largus
1142 4580 1368 4633 conviva
1401 4580 1606 4645 enitet;
1636 4581 2099 4648 uberrimumque,
2128 4596 2192 4634 ac

628 4675 745 4726 sine
773 4674 944 4741 pretio
983 4673 1208 4742 pulchre
1248 4671 1620 4724 esurientibus
1649 4659 1957 4723 convivium
1992 4686 2188 4740 propo-

627 4767 764 4819 situs
788 4773 887 4818 est.
927 4763 1140 4829 Quanto
1176 4762 1338 4831 igitur
1369 4777 1519 4814 mens
1556 4775 1718 4815 sensu
1757 4760 2009 4823 nobilior,
2038 4772 2188 4816 tanto

629 4858 792 4925 hujus
832 4857 921 4909 illa
959 4854 1219 4908 frumenti
1253 4853 1586 4916 distributio,
1615 4867 1723 4921 pra:
1748 4851 1894 4905 illius
1921 4863 2185 4921 praestan-

627 4951 751 5011 tior,
784 4957 841 5002 ut
869 4962 986 5003 mea
1014 4946 1118 5000 fert
1137 4946 1340 5013 opinio,
1374 4946 1479 5011 bis,
1505 4945 1705 5014 quibus
1733 4958 1881 4998 sana:
1899 4944 2185 4998 sintanimi

625 5041 883 5113 rationes,
916 5037 1075 5092 facile
1093 5037 1448 5107 judicabitur.
1914 5100 1918 5105 _

698 5127 892 5181 Verum
920 5142 1046 5197 erga
1070 5129 1285 5196 quidem
1316 5126 1645 5182 domesticos
1687 5125 1809 5180 ﬁdei
1882 5141 1944 5180 ac
1994 5140 2181 5179 neces-

625 5219 799 5272 sarios
830 5220 950 5286 talis
983 5234 1105 5272 cum
1145 5226 1289 5272 esset
1310 5217 1523 5272 divinus
1545 5216 1860 5285 Gregorius,
1887 5217 2008 5270 talis
2041 5232 2181 5270 sem-

624 5324 718 5376 per
743 5307 807 5360 ad
831 5321 924 5359 eos
952 5306 1140 5360 habuit
1177 5323 1188 5358 :
1235 5305 1410 5376 qualis
1452 5320 1580 5361 vero
1619 5307 1778 5359 etiam
1820 5320 1945 5374 erga
1992 5306 2183 5357 adver-

622 5397 797 5451 sarios
851 5396 1133 5460 enituerit;
1185 5398 1240 5450 in
1285 5411 1446 5466 quam
1487 5397 1685 5452 multos
1735 5395 1983 5451 veritatis
2017 5410 2182 5449 causa

689 5592 730 5622 "
758 5591 890 5645 Gen.
918 5607 1114 5655 xxxvu,
1138 5592 1224 5644 ‘28.
1302 5591 1344 5624 ⁸³
1373 5591 1526 5643 Prov.
1566 5607 1690 5650 xxx,
1740 5589 1822 5642 l9.

2287 4405 2552 4471 serpentis
2578 4406 2692 4458 vias
2724 4417 2886 4472 super
2917 4413 3143 4468 petram,
3178 4415 3271 4456 aut
3312 4402 3610 4457 volantium
3647 4405 3842 4473 aquila-

2288 4508 2406 4544 rum
2451 4494 2737 4561 vcstigium
2761 4493 2826 4554 ⁸³,
2862 4500 2920 4544 ιιι
2943 4492 3101 4546 habet
3124 4492 3409 4561 parcemia,
3441 4493 3650 4557 videas,
3682 4509 3832 4562 quam

2290 4582 2503 4636 illorum
2530 4584 2824 4652 impietatis
2850 4583 3046 4638 saeculo
3080 4583 3263 4638 relicta
3288 4584 3511 4654 vestigia
3543 4584 3838 4654 deprehen-

2295 4673 2412 4727 das.
3071 4737 3079 4747 ¹

2367 4766 2501 4821 Nam
2540 4767 2613 4820 illi
2651 4765 2866 4834 quidem
2910 4782 3075 4820 unum
3105 4766 3156 4820 id
3183 4780 3320 4834 opus
3341 4773 3457 4818 erat
3506 4779 3570 4816 ac
3589 4763 3835 4825 studium,

2297 4866 2354 4912 ut
2399 4857 2664 4910 mendacii
2729 4857 2948 4925 quidem
3010 4857 3118 4909 vim
3179 4855 3533 4923 infringeret;
3568 4854 3834 4907 veritatem

2292 4961 2469 5004 autem
2526 4957 2922 5020 propugnaret;
2975 4956 3140 5016 atque
3169 4956 3278 5000 uta
3331 4944 3832 5005 scelestissimorum

2291 5036 2730 5091 dissimilitudine
2773 5050 2934 5105 quam
2969 5033 3336 5086 alienissimus
3391 5028 3556 5094 foret,
3609 5029 3833 5085 consub-

2291 5129 2656 5182 stantialitatis
2685 5137 2865 5179 autem
2892 5123 3132 5193 Opinioni
3156 5121 3381 5174 omnino
3408 5120 3727 5174 adhaereret.
3754 5118 3834 5176 llis

2289 5228 2464 5272 autem
2495 5228 2550 5270 nt
2575 5234 2638 5271 ex
2673 5219 2853 5270 animo
2884 5230 3000 5269 eam
3052 5203 3410 5277 excutientes,
3455 5228 3553 5266 suo
3611 5215 3832 5281 ipsorum

2290 5308 2457 5360 errori
2501 5307 2840 5368 insisterent;
2873 5319 2935 5357 ac
2965 5303 3184 5372 quidem
3217 5301 3460 5357 veritatis
3487 5304 3746 5371 praeconi,
3785 5307 3833 5351 ut

2291 5404 2514 5450 cunctos
2572 5395 2699 5448 boni
2753 5394 2928 5449 socios
2979 5406 3077 5462 pro
3133 5392 3390 5447 bonitatis
3441 5392 3622 5447 indole
3656 5392 3833 5444 habere
