3924 6312
83 408 171 468 ιξῖ5
200 422 203 423 ⁷

728 364 1036 469 sumo
1072 410 1305 497 xx“:-
1334 377 1767 497 tn'LAupsM
1797 408 1861 489 s.
1900 404 2277 497 GREGORII
2313 404 2587 497 annon

3184 392 3307 457 4'66"

82 522 395 584 percuperet-;
448 516 717 570 mendacii
744 520 927 571 autem
960 493 1703 601 patronlsféiutjtanquamA
1732 494 2101 597 interpretem,
2141 512 2297 568 Sicut
2321 493 2486 565 etiam
2512 509 2718 572 Jesnm,
2753 505 2846 577 qui
2875 514 3007 601 ante
3034 503 3291 573 Stephani

83 603 345 669 perduelle,
401 604 668 674 hosteque
719 615 1035 673 uterentur;
1071 623 1135 662 ac
1181 591 1403 661 tiimrilli
1437 618 1624 661 necem

84 692 279 754 inferre.
312 700 425 747 tum
467 708 633 763 quam
691 694 922 748 docebat
970 699 1630 759 rcetam~fldem‘,cxstiu-

85 796 226 847 puere
251 791 541 837 tentarent.
569 782 739 863 Quem
787 784 932 836 enim
965 787 1206 839 animum
1259 787 1511 840 absurda:
1542 801 1632 839 ra-

84 874 257 938 tiones,
295 883 389 927 aut
433 873 681 927 actiones
745 885 1010 942 occupato
1072 876 1404 940 addixerint,
1444 876 1633 942 sicque

84 972 409 1029 comparatus
434 972 522 1017 est
559 970 619 1016 ut
649 978 756 1033 qua
793 972 1010 1019 tenetur
1052 965 1664 1037 praesumptionelibes

86 1051 181 1105 rari
205 1052 626 1121 nolit,tanquam
655 1053 892 1108 infensos
921 1053 1263 1111 reformidat.
1281 1056 1325 1107 si
1347 1054 1439 1123 qui
1460 1068 1641 1106 emen-

90 1142 204 1194 dare
225 1138 592 1209 tantam-rint;
642 1144 1231 1213 reprehensionemque
1275 1144 1465 1198 vibicis
1497 1145 1640 1207 loco,

85 1247 136 1283 ac
162 1229 321 1301 plaga:
342 1230 575 1297 ducens,
601 1235 850 1287 amarum
879 1222 1430 1301 crudelissimumque
1474 1233 1642 1287 animi

88 1321 296 1375 consilio
336 1322 602 1379 adversus
644 1331 961 1392 arguentem
994 1323 1297 1377 exsuscitat
1351 1334 1513 1393 atque
1561 1325 1645 1379 in-

86 1415 247 1469 struit.
906 1396 913 1405 ’

143 1504 215 1559 Ac
253 1507 477 1574 quidem
510 1503 812 1575 Theologo,
853 1506 1050 1560 divina
1100 1506 1501 1575 praedicationis
1539 1520 1650 1561 scr-

86 1610 251 1648 moncs
282 1595 797 1662 praetendebantur;
824 1610 1019 1665 nempe
1050 1610 1333 1650 sermones
1354 1596 1645 1664 ejusmodi,

82 1684 161 1751 qui
195 1685 390 1737 nedum
421 1683 485 1737 ad
518 1699 701 1739 veram
762 1684 1148 1755 salubremque
1177 1684 1460 1738 Trinitatis
1489 1684 1646 1738 fidem

84 1774 449 1842 proveherent,
498 1777 593 1830 sed
642 1776 737 1846 qui
781 1776 945 1831 etiam
980 1777 1183 1831 Christi
1238 1776 1491 1831 charitati
1555 1790 1648 1843 per

1735 593 2133 678 testimonium,
2192 604 2248 655 in
2298 602 2477 655 medio
2531 600 2650 670 ipso
2679 598 2915 654 concilio
2963 597 3292 653 clamasset:

1739 694 1870 762 Ego,
1909 703 1977 747 et“
2002 694 2163 749 Pater
2186 709 2348 746 unum
2379 708 2558 745 sumus
2582 692 2649 754 ιτς
2713 698 3000 758 surgentes
3056 688 3305 755 lapidare»

1724 784 2066 848 nitebantur,
2097 798 2405 853 quanquam
2433 781 2557 835 fecit
2582 782 2648 842 is,
2678 790 2737 834 ut
2766 781 3039 834 incassum
3094 777 3308 846 lapides

1740 871 2082 926 mitterentur
2112 892 2126 927 :
2184 872 2298 941 pari
2355 871 2564 925 ratione
2606 870 2867 940 Gregorio
2894 883 3107 938 quoque
3137 867 3307 924 Deum

1741 961 1979 1027 Patrem,
2012 962 2292 1031 Deumque
2337 960 2556 1027 Filium,
2603 976 2666 1015 ac
2697 961 2860 1014 Deum
2892 958 3145 1028 Spiritum
3181 974 3306 1013 san-

1728 1060 1914 1115 ctum,
1946 1067 2110 1107 unam
2135 1051 2419 1113 Deitatem,
2451 1065 2571 1119 quas
2600 1051 2768 1105 tribus
2795 1051 3038 1119 personis
3059 1046 3303 1118 ejusdem

1745 1142 2312 1199 substantiaediscrete
2359 1155 2421 1205 ac
2464 1142 2608 1195 velut
2636 1142 2851 1195 dividue
2887 1159 2991 1195 una
3026 1142 3307 1209 consistat,

1746 1231 1944 1286 eximie
1974 1248 2073 1300 pro
2099 1230 2359 1301 Tlieologi
2387 1230 2631 1299 partibus
2685 1232 3006 1291 disserente.
3044 1232 3305 1288 immensa

1748 1322 1901 1377 rabie
1931 1322 2061 1382 acti,
2097 1338 2160 1375 ac
2205 1321 2389 1376 lurore
2426 1323 2607 1390 repleti
2644 1322 2891 1392 princeps
2936 1324 3306 1378 haereticorum

1749 1427 1940 1481 agmen
1999 1413 2164 1481 inque
2211 1412 2318 1467 illis
2368 1414 2615 1475 antistes,
2650 1423 2901 1480 tanquam
2934 1414 3047 1468 suis
3075 1415 3153 1467 eis
3181 1400 3308 1467 “do;-

1755 1506 1957 1571 gmatis
2040 1505 2285 1560 funditus
2346 1505 2721 1569 labefactatis,
2802 1505 3307 1583 praestantissimum

1751 1594 2036 1663 theologia
2066 1596 2441 1664 interpretem,
2467 1597 2613 1654 velut
2651 1610 2747 1651 sua
2798 1611 2986 1667 opera,
3018 1598 3175 1666 vique
3206 1600 3302 1650 do.

1750 1685 1940 1738 ctrinae
1975 1701 2158 1755 parem
2191 1688 2469 1743 Trinitatis
2508 1671 2769 1742 honorem
2796 1674 3315 1765 as'se'rentem',-lapi—
3354 1740 3357 1745 .

1753 1776 1914 1830 dibus
1939 1780 2148 1845 petunt.

84 1834 449 1920 mandatorum
483 1834 919 1922 observationem
948 1869 1171 1936 (quibus
1199 1870 1348 1922 salus
1405 1834 1647 1936 acjusti-
1677 1834 1725 1891 Β
1821 1834 1963 1932 Quia
1983 1885 2132 1932 vero,
2164 1884 2327 1939 quam
2359 1870 2435 1925 iiIi
2465 1873 2602 1926 male
2626 1875 3007 1944 impugnabant
3053 1874 3309 1929 deitatem

88 1957 147 2008 tia
176 1957 463 2025 provenire
499 1958 766 2026 creditur)
800 1959 1176 2029 adjungerent.
1206 1958 1284 2012 Ad
1319 1958 1651 2023 hzrc,carnis

84 2047 147 2098 illi
176 2047 319 2100 culta
373 2047 752 2111 mortificatio,
797 2048 1056 2119 jugisque
1081 2049 1280 2113 oratio,
1336 2065 1444 2119 qua
1481 2050 1648 2103 animi

84 2153 278 2193 summa
334 2139 609 2210 plenaque
633 2141 985 2207 emundatio;
1010 2156 1074 2195 ex
1108 2156 1214 2209 qua
1246 2142 1445 2197 mentis
1471 2142 1524 2195 in
1548 2142 1652 2195 Do-

84 2231 273 2282 minum
304 2241 569 2285 excessus
599 2217 1026 2297 l",diviniorum
1060 2232 1487 2288 illustrationum
1527 2248 1650 2302 pcr-

84 2320 266 2387 ceptio,
291 2321 604 2376 caelestium
653 2322 1005 2394 splendorum
1029 2322 1298 2388 societas;
1327 2338 1393 2377 ac
1424 2322 1648 2377 demum

82 2414 339 2481 potiorum
397 2422 651 2468 votorum
704 2415 1063 2486 adimpletio;
1099 2416 1309 2507 quibus:
1345 2414 1439 2471 Dei
1484 2428 1648 2470 verus

82 2504 230 2559 homo
257 2505 567 2571 absolutus,
592 2508 773 2577 aequi
827 2509 1031 2564 mentis
1061 2504 1415 2569 renovatione
1444 2508 1646 2563 Christi

82 2593 435 2651 similitudine
464 2604 636 2665 quoto
665 2610 884 2667 quoque
910 2596 998 2652 die
1033 2597 1480 2664 transfermatur,
1535 2614 1643 2653 non

80 2688 197 2741 vita:
214 2687 402 2742 minus
432 2685 635 2742 deitate
690 2701 754 2741 ac
783 2688 1208 2758 magnificentia,
1249 2704 1410 2757 quam
1441 2703 1647 2745 sermo-

81 2778 153 2832 nis
206 2787 374 2847 atque
408 2777 671 2833 doctrinae
705 2778 903 2834 illustri
940 2779 1205 2844 claritate,
1234 2780 1300 2833 iis
1333 2780 1428 2849 qui
1468 2780 1645 2835 salute

83 2870 213 2941 digni
236 2880 392 2934 sunt,
418 2870 613 2925 salutis
644 2870 861 2925 exsistit
889 2870 1177 2939 praesidio;
1199 2870 1416 2925 Arianis
1436 2879 1640 2934 autem,

81 2977 133 3017 ac
160 2964 249 3032 qui
291 2963 405 3019 illis
435 2962 714 3032 adjutores
755 2976 918 3031 atque
939 2962 1075 3016 socii
1099 2969 1259 3016 erant
1284 2962 1470 3030 (porro
1488 2969 1643 3014 erant

82 3054 343 3121 adjutores
398 3052 790 3108 consciscenda
844 3052 1045 3105 Sancto
1096 3066 1227 3105 nece
1257 3051 1637 3105 haereticorum

1752 1971 1818 2012 ac
1853 1958 2190 2023 dividebant,
2219 1961 2333 2015 inec
2364 1960 2466 2016 rite
2494 1978 2597 2032 pro
2620 1979 2681 2017 ea
2714 1966 3126 2035 depugnantem,
3158 1969 3310 2019 auxi-

1752 2048 1828 2102 lio
1856 2048 2102 2115 fovebat;
2154 2066 2218 2104 ac
2277 2050 2514 2120 Spiritus
2564 2054 2663 2117 illi,
2696 2056 2785 2122 qui
2821 2056 2871 2107 iu
2906 2055 3023 2125 ejus
3076 2057 3313 2124 spirabat

1750 2141 1999 2210 gratiam,
2029 2142 2257 2196 aderat:
2289 2143 2356 2198 ab
2388 2144 2771 2200 homicidarum
2807 2163 2929 2201 eum
2988 2147 3184 2216 injuria
3246 2149 3313 2201 li-

1753 2232 1906 2287 berat
1933 2250 1949 2299 ;
1997 2232 2338 2302 illzesumque
2367 2250 2397 2288 a
2421 2236 2657 2305 lapidum
2681 2238 2935 2307 grandine
2962 2253 3201 2302 servans,
3232 2241 3313 2294 alr

1753 2323 1960 2392 majora
2003 2326 2327 2387 certamina,
2380 2341 2443 2381 ac
2477 2327 2824 2395 perfectiores
2855 2346 3081 2385 coronas
3112 2347 3315 2402 prmpae

1751 2423 1856 2469 rat.
1882 2412 2046 2470 [idem
2076 2430 2312 2485 namque
2341 2418 2443 2486 ipsi
2475 2433 2538 2473 ea
2565 2420 2771 2474 ratione
2802 2424 3053 2488 convicti,
3089 2424 3315 2492 probro-

1749 2521 1859 2577 que
1890 2505 2088 2571 aﬂecti,
2121 2507 2188 2561 ad
2213 2508 2360 2561 aliud
2402 2524 2594 2564 rursus
2614 2511 2983 2575 fortissimum,
3003 2526 3060 2568 ut
3093 2524 3313 2584 putave-

1748 2606 1887 2660 rant,
1904 2596 2589 2666 prorsusqueineluctabile
2612 2608 2889 2653 vertuntur
2923 2612 3306 2659 commentum.

1743 2685 1948 2756 Nempe
1992 2686 2156 2741 variis
2196 2698 2487 2743 onerantes
2542 2690 2876 2755 criminibus,
2935 2693 3106 2762 iisque
3162 2676 3311 2749 urbis

1747 2779 2087 2850 praefectum,
2121 2779 2242 2834 fidei
2276 2780 2391 2850 ipsa
2426 2783 2808 2837 communione
2839 2786 3007 2855 magis
3031 2766 3307 2842 credulum

1745 2886 1808 2925 ac
1837 2869 2216 2938 procliviorem
2268 2871 2645 2935 accendentes,
2693 2888 2816 2927 cum
2873 2884 2921 2928 et
2973 2886 3312 2933 accusatores

1746 2959 2072 3014 statuissent
2095 2969 2326 3028 repente
2356 2963 2804 3031 comprehensum
2840 2965 3177 3037 Gregorium,
3212 2986 3311 3039 pro

1748 3048 1997 3103 tribunali
2027 3048 2247 3104 sistunt.
2274 3049 2468 3120 Atque,
2498 3065 2532 3107 o
2554 3061 2826 3122 stuporem
2853 3056 2865 3108 !
2904 3070 2937 3110 ο
2974 3058 3309 3124 insipientem

82 3144 244 3197 omnis
264 3157 513 3206 cuneus;
546 3140 693 3195 novit
732 3141 876 3194 enim
910 3140 1053 3195 haud
1105 3156 1231 3194 raro
1273 3140 1461 3194 vitium
1512 3142 1645 3195 vitio
1674 3156 1719 3217 ο
1752 3140 2145 3195 sceleratorum
2172 3136 2575 3211 aggressionem
2604 3145 2617 3196 l
2653 3144 2865 3200 Pacifici
2898 3149 3316 3216 probatissimos.

82 3234 318 3287 auxiliari
360 3232 611 3300 belloque
649 3230 921 3301 fatiganda
946 3231 1170 3295 virtute,
1208 3232 1284 3284 uti
1311 3232 1509 3286 dictum
1534 3240 1640 3297 est,

82 3324 261 3377 Sectari
287 3323 608 3387 cnnennlia,
651 3336 962 3390 quanquam
1020 3322 1122 3374 sibi
1160 3322 1333 3388 ipsum
1367 3313 1639 3376 dissenta-

82 3431 223 3469 neum
263 3431 329 3470 ac
356 3415 574 3469 discors
600 3414 707 3482 est)
738 3429 752 3478 ;
804 3413 890 3466 bis
932 3412 1116 3480 itaque
1140 3413 1458 3476 inimicitiae,
1493 3414 1636 3476 lites,

80 3506 467 3569 azmulationes,
524 3507 638 3568 irae,
687 3518 751 3558 ac
788 3518 911 3571 quae
948 3500 1206 3571 deinceps
1233 3518 1462 3571 magnus
1497 3505 1639 3559 Pau-

80 3598 217 3651 lus"
267 3596 483 3663 pridem
536 3595 849 3665 percensuit
890 3596 1075 3650 carnis
1122 3609 1328 3662 Opera;
1382 3610 1446 3649 ac
1494 3597 1635 3664 quod

79 3688 302 3739 ennium
336 3700 656 3753 supremum
692 3686 962 3739 malorum
991 3693 1096 3751 est,
1126 3684 1302 3747 caedes
1328 3685 1445 3755 ipsa
1478 3700 1640 3743 accu-

80 3781 279 3832 rabalul'
302 3777 443 3831 nihil
476 3775 838 3831 defunctorie.
982 3773 988 3779 ’

134 3871 304 3939 Atque
354 3868 435 3933 hi,
477 3866 715 3937 primum
758 3867 1293 3937 quidcmmaleficas
1336 3870 1636 3926 dialectica:

76 3964 408 4018 sermonibus
448 3972 741 4027 tentantes,
806 3965 1101 4035 litigantes,
1142 3966 1388 4020 veritatis
1438 3968 1632 4021 turrim

76 4042 289 4123 dejicere
312 4056 636 4121 molientes;
680 4056 936 4126 velutque
986 4058 1259 4125 praesidio,
1302 4074 1409 4129 qua
1464 4060 1633 4128 polle-

78 4148 439 4217 batsapieutia
473 4146 736 4211 submoti,
771 4162 1196 4216 sermonumque
1221 4164 1286 4203 ac
1319 4150 1533 4205 dicendi
1570 4151 1631 4204 fi-

78 4238 249 4301 ducia;
285 4252 352 4292 ac
382 4247 645 4303 tanquam
672 4236 808 4289 duro
838 4250 974 4289 saxo
1028 4236 1227 4304 ﬁrmoq
1250 4251 1336 4299 ue,
1373 4237 1475 4289 viri
1512 4251 1629 4290 ma-

78 4328 148 4395 gni
183 4328 323 4387 ﬁdei,
364 4310 581 4396 procaci
627 4326 907 4391 irruentes
940 4327 1202 4387 audacia,
1234 4341 1408 4395 exque
1454 4326 1629 4382 imbe-

77 4420 279 4473 cillitate
307 4418 510 4481 abacti,
538 4433 601 4473 ac
642 4413 977 4485 impudentia
1025 4417 1244 4486 quidem
1285 4419 1387 4471 ado
1404 4418 1623 4483 riemes,

1750 3229 2068 3299 discipulus,
2095 3244 2159 3285 ac
2178 3232 2330 3311 pacis
2362 3232 2678 3290 mitissimus
2735 3237 2961 3302 arbiter,
2986 3239 3222 3294 seditiosi
3244 3256 3308 3295 ac

1749 3323 1988 3392 protervi
2025 3322 2232 3377 Crimen
2265 3325 2611 3391 sustinebat;
2644 3343 2708 3383 ac
2730 3330 2822 3399 qui
2862 3331 3131 3393 docendo,
3153 3333 3303 3401 juxta

1748 3415 1991 3468 divinum
2042 3416 2358 3484 Apostolum
2393 3417 2467 3483 ⁸⁸,
2494 3418 2701 3473 fidelem
2758 3436 3060 3476 sermom-m
3105 3425 3308 3491 ample-

1748 3514 2007 3569 cteretur,
2047 3514 2304 3575 tanquam
2337 3508 2431 3575 qui
2475 3507 2649 3563 aliena
2679 3525 2708 3563 a
2760 3513 2882 3575 fide,
2933 3527 2995 3566 ac
3043 3512 3314 3568 luereticis

1749 3597 1966 3666 propria
1992 3597 2233 3659 doceret,
2266 3597 2335 3652 ab
2359 3598 2539 3668 impiis
2570 3600 2838 3655 calumnia
2872 3588 3336 3660 insimulabatur.-

1749 3686 2130 3771 Stabatautem
2157 3688 2237 3741 vir
2254 3697 2537 3756 strenuus,
2578 3693 3004 3771 velutsodalium
3073 3697 3308 3765 cuipiam

1749 3794 1811 3833 ac
1846 3764 2130 3843 notortim;
2163 3794 2270 3833 non
2305 3780 2457 3850 quasi
2506 3782 2683 3844 tanto,
2722 3764 3073 3853 magistratui,
3116 3764 3308 3856 judici-

1747 3864 2171 3941 que‘assistcret.

1816 3963 2060 4029 Quonam
2085 3963 2244 4018 modo
2276 3966 2408 4020 Scite
2462 3975 2711 4036 apteque,
2740 3970 2821 4021 vel
2844 3968 3077 4038 pra‘fccti
3112 3987 3303 4041 super-

1744 4054 1909 4120 biam,
1976 4055 2283 4125 fastumquc
2347 4057 2537 4121 animi,
2572 4073 2635 4112 ac
2688 4075 2997 4113 sermonum
3045 4077 3300 4128 arrogan-

1744 4147 1870 4198 tiam
1898 4162 1913 4212 ;
1946 4152 2038 4198 aut
2062 4144 2162 4198 viri
2182 4144 2516 4213 prudentiam
2562 4162 2624 4201 ac
2655 4147 2924 4202 lenitatem
2952 4166 2963 4201 :
2991 4160 3300 4219 certamque

1741 4236 1806 4289 ad
1835 4250 1958 4289 eum
2028 4251 2089 4290 ac
2114 4234 2437 4304 exquisitam
2468 4236 2894 4293 satisfactionem
2931 4240 3107 4295 verbis
3132 4258 3295 4310 cxpc-
3337 4224 3347 4229 ’

1741 4328 1881 4381 diam
1912 4328 1933 4380 ’ἶ
3272 4320 3273 4323 “

1809 4414 1987 4470 Ριιιῖ.
2032 4415 2170 4482 Quid
2224 4415 2324 4470 sibi
2371 4416 2505 4483 vult,
2537 4401 2669 4471 heus
2707 4428 2783 4483 tu,
2819 4420 2962 4487 quod
3024 4421 3104 4475 sic
3158 4437 3298 4490 prae-

81 4526 171 4573 pia:
197 4512 396 4565 virium
424 4519 605 4563 autem
642 4511 884 4563 exilitate
914 4509 1042 4564 vic:i
1096 4508 1455 4573 recedentes;
1497 4514 1629 4579 quin
1672 4506 1710 4558 Ι)
1744 4507 2083 4577 magnificam
2142 4508 2695 4579 augustissimamque
2721 4510 2990 4566 civitatem
3022 4513 3295 4568 seditiosis

80 4604 234 4667 potius
290 4601 545 4662 contriti,
582 4616 645 4654 ac
675 4602 817 4654 velut
864 4599 1036 4667 pulvis
1084 4612 1241 4655 vento
1296 4616 1363 4655 ac
1388 4602 1624 4667 turbine,

79 4694 156 4744 alti
181 4693 300 4762 ejus
321 4694 593 4747 sermonis
637 4693 855 4761 spiritu,
905 4694 1090 4748 :estiva
1121 4708 1245 4747 area
1273 4694 1491 4747 excussi
1566 4710 1629 4748 ac

78 4786 298 4838 ventilali
322 4802 339 4851 ;
368 4799 494 4839 cum
522 4782 977 4839 absurdissimum
1008 4785 1285 4838 videretur
1320 4798 1488 4838 novos
1513 4783 1625 4853 jam

78 4891 180 4928 cum
196 4891 259 4931 eo
288 4889 605 4929 sermonum
631 4874 769 4929 inire
789 4888 1136 4945 congressus,
1163 4875 1256 4945 qui
1278 4875 1424 4929 omni
1453 4877 1625 4943 palam

80 4965 329 5018 sermonis
383 4979 448 5019 ac
486 4962 747 5019 doctrina:
780 4963 829 5017 vi
850 4958 1151 5033 superaret,
1184 4965 1452 5033 lapidibus
1472 4965 1627 5019 dein-

82 5068 187 5120 (eps
216 5055 500 5108 tentabant
528 5054 777 5109 obruere.
802 5076 805 5079 λ

136 5146 209 5198 Ac
259 5147 405 5200 sicut
460 5145 733 5200 homicida
764 5142 1073 5199 Iudaeorum
1131 5133 1305 5213 plebs,
1342 5145 1622 5215 Stephano

82 5239 135 5287 ad
166 5252 257 5290 eos
292 5252 463 5290 unum
488 5237 715 5291 verbum
761 5235 1045 5306 prolocuto
1073 5234 1156 5301 ⁸⁸;
1209 5220 1421 5304 apertos
1458 5229 1622 5289 nilni-

82 5341 186 5378 rum
217 5327 319 5395 ipsi
359 5327 550 5387 ctelos,
585 5340 648 5381 ac
681 5326 877 5381 Filium
913 5327 1153 5381 hominis
1183 5329 1248 5380 ad
1287 5326 1465 5381 Patris
1489 5326 1622 5379 dex-

80 5424 231 5467 teram
260 5430 322 5469 se
352 5416 551 5479 videre,
584 5431 709 5472 cum
735 5417 996 5487 aequalem
1021 5431 1149 5471 cum
1177 5416 1433 5470 Genitore
1456 5417 1626 5469 hono-

81 5526 179 5560 rem
228 5511 397 5578 prolis
440 5510 579 5565 ferre
622 5526 732 5567 non
757 5522 1012 5581 possent;
1046 5512 1386 5567 continentes
1439 5525 1621 5573 aures,

82 5614 296 5669 moxque
314 5612 617 5672 surgentes,
650 5602 1026 5672 lapidaverunt
1079 5604 1365 5675 theologia),
1404 5618 1618 5657 sacrum

143 5773 184 5805 “
218 5774 253 5827 ll
282 5772 411 5829 Cor.
440 5795 489 5840 v,
530 5778 612 5831 l5.
692 5777 737 5807 ¹¹¹
764 5776 937 5829 Calai.
965 5794 1014 5843 ν,
1042 5777 1128 5831 20.
1209 5781 1251 5810 5“
1282 5779 1397 5832 Act.
1428 5794 1519 5842 vn,
1552 5778 1638 5835 5:5.

1738 4600 2108 4654 molitionibus
2131 4602 2334 4659 turbas.
2374 4616 2497 4654 cum
2529 4601 2825 4670 prmsertim
2853 4612 3147 4659 extraneas
3210 4615 3293 4660 at.-

1737 4706 1843 4760 que
1870 4692 2067 4759 hospes
2094 4692 2329 4745 exsistas
2354 4691 2377 4744 ?

1804 4783 1969 4837 Gneo.
2004 4782 2100 4837 Cui
2136 4782 2223 4835 ille
2260 4800 2274 4837 :
2315 4782 2570 4848 Quaenam
2601 4782 2815 4849 injuria,
2865 4796 3051 4850 quaeve
3100 4783 3294 4837 adver-

1732 4891 1850 4929 sum
1886 4857 2238 4942 nos,iinquit,
2278 4872 2682 4927 accusatoribus
2706 4871 3006 4939 divulgata,
3045 4888 3293 4927 rumore-

1734 4979 1838 5034 que
1872 4941 2059 5031 sparsit
2092 4941 2347 5015 seditiosa
2388 4958 2592 5011 molitio
2664 4972 2726 5010 ac
2763 4956 3052 5031 petulantia
3083 4956 3105 5009 ?
3144 4955 3288 5039 Nihil

1732 5055 1873 5109 enim
1909 5054 2039 5107 mihi
2069 5051 2336 5121 ejusmodi
2359 5064 2537 5103 rerum
2567 5050 2819 5103 conscius
2856 5064 3005 5103 sum.

1802 5123 1974 5199 Press.
2008 5142 2187 5209 Quod,
2214 5141 2679 5209 inquit,inanibus
2714 5140 2893 5195 verbis
2964 5147 3126 5209 atqtte
3164 5154 3286 5207 pro-

1732 5238 1889 5303 fanis,
1918 5235 2326 5305 incompositam
2353 5234 2557 5303 plebem
2585 5233 2650 5305 ad
2683 5249 2769 5289 res
2794 5249 2961 5288 novas
2985 5230 3242 5286 sollicitas
3270 5248 3284 5283 :

1728 5330 2037 5396 viderisque
2086 5317 2460 5380 mihi‘turbas
2498 5304 2664 5385 ciere,
2722 5325 2815 5394 qui
2911 5321 3283 5389 imperitorum

1726 5436 1788 5473 ac
1812 5418 2178 5491 insipientium
2209 5416 2303 5470 tibi
2348 5416 2563 5469 animos
2601 5415 2843 5477 addicas,
2902 5424 3057 5479 atque
3087 5411 3151 5461 θαι
3190 5423 3275 5459 se—

1728 5513 1982 5565 ditionem
2003 5512 2145 5580 (quae
2174 5507 2259 5563 bis
2275 5507 2435 5563 facile
2458 5507 2838 5567 succendatur)
2860 5512 3026 5559 (nstro
3044 5500 3281 5572 quodam

1726 5604 1989 5671 impcllus.

1743 5781 1783 5810 ⁸⁷
1816 5777 1969 5832 Joan.
2007 5793 2058 5841 x,
2091 5778 2175 5830 ΖΟ.
2291 5779 2333 5810 ⁸⁸
2364 5776 2471 5830 Tit.
2513 5793 2547 5842 ι,
2582 5778 2631 5830 9.
