3924 6312
623 292 730 356 467

1774 306 2066 368 NICETIE
2101 308 2621 373 PAPHLAGONIS

3606 323 3612 328 ’
3718 317 3817 378 468

690 398 861 454 Cass.
899 399 1203 466 Enimvero,
1222 404 1296 456 ait
1320 419 1533 468 rursus,
1564 409 1838 467 seditiosa:
1855 416 2171 477 malitiosis.
2199 415 2253 473 Δ
2276 436 2444 476 unum
2493 438 2713 491 corpus,
2749 437 2997 492 unusque
3028 422 3252 492 spiritus
3296 421 3609 499 Christiani
3636 441 3819 479 001"th

620 490 897 559 turbaeque
924 492 1197 563 popularis
1227 503 1435 550 tantum
1470 497 1627 554 abest
1650 528 1658 536 ~
1682 512 1739 555 ut
1771 504 1865 556 ulli
1906 506 2021 573 ipse
2062 508 2165 560 sim

2269 528 2554 579 ageremus
2580 516 2656 579 ”;
2687 513 2909 581 jamque
2932 516 3068 569 adeo
3090 530 3195 569 non
3219 529 3283 568 ex
3312 514 3422 567 alio
3444 516 3559 576 alii,
3589 517 3814 585 alioque,

623 591 835 642 auctor,
860 592 1121 648 quantum
1160 584 1253 653 qui
1275 585 1404 639 olim
1439 592 1661 656 mortui,
1691 605 1921 649 avcstra
1954 597 2172 651 civitate
2266 593 2363 655 sed
2416 619 2481 656 ex
2533 602 2983 673 Christo,omnes
3030 615 3143 659 tum
3192 620 3654 674 nuncuparemur,
3705 584 3814 660 tum

617 682 683 724 ac
713 671 987 737 republica
1014 675 1255 752 extranei
1293 687 1485 744 agunt.
1519 680 1662 736 Olim
1691 686 1833 740 enim
1859 685 2059 755 (neque
2084 703 2170 741 me

612 761 895 829 quisquam
912 765 1233 833 arrogantia
1282 768 1563 839 {astusque
1578 773 1870 844 insimulet)
1895 780 2043 830 omni
2066 794 2170 833 sae-

610 848 742 914 culi,
780 849 1043 919 ﬂuxaeque
1069 853 1256 921 gloriae
1278 856 1527 912 claritate
1543 872 1723 929 spreta
1752 877 1814 915 ac
1834 865 2018 918 carnis
2043 866 2166 919 uni-

613 937 788 994 versis
809 940 1194 1009 cupiditatibus
1206 951 1483 1011 excussis,
1504 951 1716 1021 solique
1730 952 1945 1007 Christo
1966 953 2169 1009 findere

614 1026 925 1107 adjunctus,
955 1046 1020 1086 ac
1059 1034 1154 1101 qui
1180 1035 1303 1105 ejus
1338 1037 1457 1107 lege
1477 1040 1714 1109 Spiritus
1741 1042 1825 1110 agi
1855 1044 2163 1108 maluerim,

611 1101 681 1199 ab
714 1120 860 1172 omni
882 1120 1154 1178 discordia
1202 1101 1267 1180 ac
1293 1101 1419 1181 rixa
1440 1101 1702 1183 mundum
1742 1101 2006 1199 nieipanm
2050 1101 2166 1188 ser:-
2237 1145 2241 1149 ‘

612 1197 739 1264 vare
774 1214 1044 1287 contendo
1066 1211 1088 1277 ’ς
1138 1233 1241 1273 nec
1292 1220 1465 1273 solam
1512 1197 1925 1290 pulcherrimam
1976 1240 2163 1293 pacem

609 1297 769 1352 solus
793 1314 895 1369 ego
945 1305 1243 1384 amplector
1273 1349 1289 1372 ,
1343 1310 1439 1364 sed
1494 1321 1549 1364 et
1595 1321 1825 1367 cunctos
1881 1315 2007 1368 totis
2033 1315 2165 1368 viri-

518 1429 534 1433 μ
608 1386 711 1444 bus
776 1405 897 1444 eam
956 1394 1236 1462 ampkcti,
1309 1414 1433 1453 cum
1494 1399 1661 1454 Paulo
1708 1402 1757 1435 ⁸ο
1828 1403 2018 1459 hortor
2080 1415 2165 1459 at-

607 1493 714 1543 que
764 1482 994 1545 suadeo.
1050 1483 1189 1540 Fore
1233 1488 1376 1543 enim
1417 1500 1476 1543 ut
1532 1479 1651 1546 sine
1680 1492 1771 1546 illa
1797 1508 1959 1561 nemo
1983 1495 2164 1551 videat

610 1568 800 1625 Deum.

2267 706 2535 756 essemus,
2564 694 2679 762 qui'
2700 694 2766 746 ad
2791 710 2952 748 unam
3013 699 3364 768 eamdemque
3390 713 3542 767 spem
3582 700 3817 753 vocatio-

2270 783 2356 836 nis
2386 784 2588 851 pariter
2613 800 2959 840 curreremus
2988 788 3056 840 “.

2339 873 2477 938 Quia
2531 890 2660 929 vero
2713 877 2999 941 nonnulli,
3056 879 3222 932 animi
3279 881 3461 949 potius
3516 879 3815 949 pravitate,

2266 978 2430 1031 quam
2460 964 2695 1031 inscitia,
2728 968 2776 1022 si
2811 976 2973 1022 certe
2999 970 3232 1031 veritati,
3270 971 3543 1039 clarisque
3575 971 3815 1025 testimoo

2268 1054 2393 1118 niis,
2442 1068 2507 1108 ac
2559 1044 2976 1112 auctoritatibus
3023 1058 3344 1113 obuituntur
3373 1076 3388 1113 :
3420 1070 3549 1129 puta
3586 1061 3676 1123 iis,
3699 1075 3819 1129 qua:

2268 1145 2336 1198 ad
2359 1143 2559 1199 Filium
2589 1155 2860 1215 spectant,
2899 1149 3046 1217 quod
3076 1148 3170 1214 Dei
3201 1163 3383 1205 sermo
3426 1165 3552 1204 cum
3579 1158 3723 1205 esset
3764 1150 3814 1202 in

2266 1233 2554 1302 principio,
2573 1244 2691 1288 erat
2711 1238 2854 1305 apud
2880 1237 3096 1315 Patrem
3116 1240 3187 1302 ⁸⁸,
3220 1240 3274 1293 et
3302 1240 3440 1293 Deus
3460 1248 3580 1293 erat
3602 1256 3619 1301 ;
3649 1242 3817 1308 quod-

2264 1340 2371 1393 que
2428 1322 2786 1391 Unigenitus,
2825 1338 2879 1381 et
2902 1329 3049 1397 quod
3104 1329 3160 1383 in
3193 1330 3313 1385 sinu
3341 1328 3700 1399 Patris..Ego,
3737 1331 3819 1382 in-

2265 1417 2402 1484 quit,
2435 1417 2491 1469 in
2521 1416 2705 1485 Patre,
2730 1430 2781 1472 et
2827 1417 2991 1471 Pater
3030 1420 3085 1472 in
3120 1437 3213 1474 ,πω
3256 1430 3333 1474 est
3363 1421 3434 1471 “.
3486 1418 3554 1486 Et
3577 1462 3594 1484 ,
3620 1423 3733 1488 Ego
3772 1431 3817 1472 et

2266 1504 2430 1569 Pater
2472 1524 2637 1561 unum
2663 1510 2925 1562 mu".
2950 1506 3105 1575 Quod
3131 1511 3258 1565 item
3286 1511 3539 1580 splendor
3550 1510 3738 1581 gloria:
3752 1511 3816 1573 ⁸⁸,

2266 1611 2329 1651 ac
2373 1596 2546 1663 ﬁgura
2582 1605 2818 1663 paterna:
2846 1597 3183 1658 substantiae,
3231 1600 3284 1652 id
3316 1608 3423 1661 est,
3451 1601 3634 1670 iago
3669 1598 3819 1653 inva-

680 1657 859 1757 Pussr.
893 1659 1211 1757 Quidvero,
1243 1666 1447 1757 inquit,
1472 1671 1617 1738 quod
1655 1680 1709 1726 et
1747 1674 1943 1738 aliena,
1972 1690 2038 1729 ac
2060 1690 2161 1745 pro
2194 1736 2236 1757 ἢ
2262 1657 2502 1751 ﬂabilis,
2560 1657 2747 1741 divino
2811 1686 2980 1742 Paulo
3041 1688 3365 1757 pradicatus
3408 1657 3513 1744 rest
3537 1657 3816 1756 ;'necnoa

607 1746 873 1851 haereticis
894 1751 1143 1819 partibus
1168 1753 1370 1809 doces?
1405 1736 1595 1812 Nonne
1610 1760 1764 1815 vobis
1785 1736 1982 1814 audiuit
2002 1736 2163 1827 ﬁdes,
2190 1736 2237 1793 Β
2263 1736 2645 1856 Animulas};
2673 1736 2885 1833 sine;
2894 1736 3818 1845 deitaXtIszna-t‘uravastruiluEVE-u;

601 1839 687 1893 cui
710 1850 764 1894 et
795 1857 1023 1912 magnus
1047 1844 1341 1915 imperator
1364 1847 1691 1917 astipulatur
1719 1868 1733 1902 :
1761 1852 2051 1920 omnisque
2075 1853 2160 1907 di-

590 1920 680 1983 tio
722 1947 787 1985 ac
815 1932 1009 1989 civitas
1059 1937 1395 1990 assentitur?
1430 1936 1664 1995 Solusne
1684 1941 1818 1995 ﬁdei
1864 1943 2157 1996 novitatem

601 2020 852 2078 illaturus
890 2040 970 2087 es,
1014 2027 1308 2100 orbemque
1354 2031 1511 2086 solus
1538 2032 1593 2086 in
1634 2034 1956 2089 sententiam
2009 2044 2157 2090 tuam

595 2112 883 2189 .pertrahes
905 2115 930 2168 2
1834 2122 1838 2127 ’
2083 2137 2087 2139 λ

671 2203 846 2261 Gueu.
871 2204 1014 2262 Nihil
1036 2196 1295 2279 equidem
1320 2226 1543 2277 novum,
1586 2216 1783 2284 inquit,
1812 2225 1910 2269 aut
1933 2219 2004 2270 ah
2029 2232 2160 2286 apo-

603 2295 793 2349 stolica
830 2295 934 2352 ﬁde
957 2299 1219 2376 alienum,
1246 2302 1331 2356 vel
1355 2304 1511 2373 ipse.
1523 2306 1752 2376 cogitavi
1784 2323 2047 2378 unquam,
2075 2308 2159 2364 vel

599 2384 738 2467 alios
762 2387 958 2452 docui;
986 2390 1081 2443 sed
1114 2402 1475 2462 quaeunque,
1492 2391 1647 2464 juxta
1671 2411 1883 2451 sacram
1915 2396 2161 2469 Scriptu-

602 2462 739 2538 ram,
771 2476 1091 2541 audiuimus,
1118 2470 1168 2555 et
1206 2462 1543 2550 cognouimus
1585 2501 1668 2549 ea,
1699 2494 1751 2540 et
1778 2498 1955 2555 patres
1986 2462 2159 2542 nostri

600 2576 945 2622 narraueram
968 2552 1129 2621 nobis
1151 2570 1221 2632 ⁸⁸,
1246 2570 1361 2626 hac
1384 2573 1671 2639 sentimus,
1692 2552 1807 2629 hac
1835 2577 2110 2644 loquimur
2140 2598 2156 2632 :

602 2658 655 2707 in
696 2656 779 2711 his
803 2672 1205 2732 pennanemus,
1233 2676 1356 2731 qua:
1381 2663 1730 2729 credidimus,
1758 2681 1823 2721 ac
1860 2667 2017 2722 nobis
2038 2682 2159 2722 cre-

599 2744 709 2798 dita
729 2754 880 2812 sunt,
902 2748 1136 2804 scientes
1160 2766 1191 2804 a
1206 2766 1316 2821 quo
1337 2753 1687 2809 didicerimus
1708 2756 1753 2787 "
1767 2799 1779 2811 .
1809 2755 1929 2811 Non
1969 2756 2162 2831 huma-

607 2834 692 2914 nis
769 2836 1157 2903 c0gitationum
1218 2842 1521 2898 rationibus
1568 2843 1883 2900 inconcessa
1918 2888 1933 2912 ,
1988 2848 2164 2917 iisque

605 2911 882 2979 inaccessa
908 2928 1211 2982 metimur:
1260 2945 1435 2998 neque
1468 2940 1718 2987 naturam
1772 2937 1917 2993 nulla
1973 2938 2164 2991 verbo—

2260 1882 2391 1923 vero
2437 1860 2684 1937 spectant
2737 1870 2805 1924 ad
2863 1869 3146 1940 Spiritum,
3188 1870 3334 1941 quod
3382 1870 3653 1953 Dominus
3701 1879 3815 1932 εει,

2260 1960 2407 2027 quod
2449 1961 2635 2023 mittit,
2686 1961 2831 2030 quod
2873 1962 2975 2016 sibi
3016 1962 3274 2031 templum
3303 1961 3463 2015 eﬁeit
3511 1964 3581 2023 ",
3610 1976 3676 2015 ac
3700 1960 3818 2014 dei—

2262 2049 2421 2116 ﬁcat;
2457 2050 2605 2119 quod
2638 2051 2852 2120 operari
2900 2067 3026 2105 eum
3058 2052 3220 2120 sicuti
3250 2052 3366 2105 vult
3403 2054 3443 2115 ί,
3466 2067 3530 2106 ac
3562 2052 3705 2106 dona
3740 2041 3819 2104 di-

2259 2142 2443 2196 videre
2485 2149 2714 2196 testante
2739 2141 3023 2213 Scriptura
3073 2146 3098 2175 ’
3130 2143 3402 2212 proditum
3448 2151 3567 2209 est;
3599 2142 3816 2211 quibus,

2260 2232 2491 2304 aliisque
2539 2234 2809 2302 plurimis,
2848 2235 2969 2303 ejus
2997 2249 3215 2304 quoque
3268 2249 3393 2288 cum
3454 2233 3614 2289 Patre
3646 2234 3818 2296 socia,

2260 2339 2479 2393 unaque
2502 2325 2801 2380 dominatio
2828 2325 3156 2381 Ostenditur.

2329 2413 2469 2480 Quia
2501 2396 2691 2485 igitur:
2692 2416 2841 2470 nulla
2884 2425 3154 2472 tantorum
3201 2415 3436 2485 Spiritus
3462 2416 3817 2470 testimonio-

2261 2520 2379 2558 rum
2427 2504 2724 2560 reverentia
2772 2507 2944 2570 ducti,
2994 2522 3105 2561 non
3137 2507 3361 2561 horrent
3384 2492 3698 2562 creatricem
3760 2519 3819 2560 ac

2260 2593 2585 2649 electricem
2637 2597 2882 2650 omnium
2944 2611 3168 2651 causam
3224 2596 3424 2651 creatis
3487 2609 3816 2660 accenserc;

2260 2687 2505 2753 liuntque
2538 2693 2788 2740 creatura
2842 2702 3108 2755 nequam,
3166 2689 3257 2757 qui
3304 2686 3452 2740 omni
3494 2688 3701 2754 pudore
3733 2699 3815 2739 sc-

2262 2784 2428 2837 moto,
2469 2784 2718 2829 naturam
2756 2776 2905 2831 omni
2932 2777 3262 2845 superiorem
3287 2777 3591 2838 dominatu,
3619 2776 3676 2830 in
3702 2790 3817 2830 ser-

2262 2863 2484 2919 vitutem
2514 2868 2824 2935 arrogantia
2893 2883 2957 2923 ac
2984 2868 3236 2936 superbia
3278 2868 3585 2933 detrahant,
3623 2883 3725 2922 nec
3753 2882 3815 2919 ex

2263 2951 2459 3017 scipsls
2494 2952 2757 3008 hactenus
2788 2954 3086 3023 intelligere
3123 2955 3422 3018 voluerint,
3471 2970 3595 3009 cum
3655 2954 3819 3016 animi

605 3028 722 3066 rum
751 3013 800 3067 vi
830 3006 1228 3083 explicabilem,
1255 3032 1322 3071 ac
1352 3033 1513 3087 quam
1546 3035 1705 3073 nemo
1736 3020 2017 3091 intelligat,
2039 3024 2160 3078 dia—

2270 3006 2494 3091 interior
2516 3039 2677 3103 ratio,
2720 3049 2884 3108 atque
2909 3006 3059 3095 notio
3087 3057 3169 3111 ex_
3186 3050 3366 3096 mente
3403 3043 3552 3095 nulla
3572 3043 3822 3111 passione

602 3102 808 3157 lecticis
842 3105 1107 3160 methodis
1132 3107 1492 3174 pensitaiuus.
1547 3108 1733 3178 Neque
1768 3114 1914 3166 enim
1947 3124 2005 3181 ut
2039 3117 2164 3183 qui-

603 3194 828 3248 busdam
884 3196 1053 3249 moris
1091 3204 1195 3259 est,
1253 3207 1449 3266 praeter
1498 3214 1560 3253 ca
1603 3215 1726 3268 quae
1782 3204 1956 3259 sacris
2006 3206 2162 3260 nobis

486 3329 491 3339 .
598 3278 834 3338 oraculis
857 3285 1102 3353 exposita
1129 3296 1278 3359 sunt,
1297 3289 1676 3345 contumacius
1699 3291 1992 3361 quidquam
2024 3309 2159 3362 prae-

602 3372 894 3447 sumimus.
917 3374 1109 3439 Omnis
1136 3375 1301 3444 igitur
1319 3378 1425 3446 qui,
1442 3393 1507 3431 ex
1536 3378 1649 3433 Deo
1676 3394 1781 3445 est,
1812 3391 2161 3450 nostramque

600 3460 753 3514 audit
779 3477 987 3526 vocem,
1013 3476 1077 3516 ac
1109 3479 1273 3532 quam
1313 3465 1588 3535 loquimur
1639 3470 1920 3523 veritatem
1996 3486 2160 3540 agno-

603 3566 763 3606 scens
801 3570 814 3604 :
854 3566 962 3607 non
984 3553 1139 3607 nobis
1155 3553 1490 3621 simpliciter,
1520 3557 1614 3611 sed
1648 3558 1747 3626 ipsi
1775 3560 1951 3627 plane,
1977 3552 2159 3614 nostra

603 3655 785 3709 opera,
817 3642 1031 3697 veritati
1061 3644 1290 3709 accedit,
1316 3646 1475 3715 eique
1491 3648 1837 3702 conciliatur.
2130 3636 2131 3641 “

671 3732 851 3789 Ριλιε.
895 3735 1035 3799 Quid
1081 3749 1245 3803 ergo,
1286 3736 1483 3805 inquit,
1522 3738 1768 3793 ridemur
1809 3742 1904 3794 tibi
1943 3758 2047 3799 non
2094 3759 2160 3797 ex

606 3821 715 3877 Deo
764 3838 828 3876 ac
866 3825 1085 3877 veritate
1121 3840 1221 3879 nos
1237 3840 1380 3893 esse,
1419 3828 1563 3896 quod
1594 3839 1777 3883 vestro
1804 3833 2165 3893 consubstan—

606 3912 722 3964 tiali
763 3926 870 3965 non
908 3914 1199 3977 adodum
1254 3916 1586 3969 assentimur
1627 3932 1639 3968 :
1684 3932 1860 3987 neque
1898 3920 2045 3973 enim
2095 3938 2160 3975 ex

606 4002 901 4073 Scripturis
927 4004 1207 4069 habemus,
1242 3994 1301 4058 ut
1347 4007 1395 4060 ei
1427 4020 1577 4061 certo
1612 4024 1895 4063 assensum
1924 4013 2165 4078 paelica-

608 4108 750 4146 mus.
783 4086 925 4157 Quid
964 4108 1090 4148 vero
1126 4094 1219 4148 tibi
1247 4137 1262 4161 ,
1295 4095 1388 4163 qui
1427 4112 1527 4151 nec
1557 4098 1900 4167 imperatoris
1930 4102 2163 4156 decretis

610 4184 941 4249 consentias,
966 4184 1129 4253 inque
1170 4196 1382 4263 tantum
1421 4189 1697 4258 opinionis
1738 4190 1939 4246 fastum
1974 4210 2184 4251 vet-ors-

610 4273 848 4328 evaseris
871 4316 886 4338 ,
922 4290 1021 4331 nec
1058 4289 1183 4330 cum
1233 4289 1383 4331 tanto
1415 4274 1793 4349 episcoporum
1844 4294 1986 4338 cmtu
2035 4301 2164 4340 con-

2269 3145 2331 3183 ac
2360 3128 2616 3194 ﬂusione,
2653 3130 2801 3184 nulla
2831 3130 3092 3199 temporis
3121 3131 3262 3186 inter
3286 3133 3544 3202 capedine
3569 3144 3821 3194 nascens,

2266 3229 2429 3286 atque
2466 3234 2497 3271 a
2536 3223 2788 3289 gignente
2820 3220 3229 3289 inseparabilis,
3279 3236 3508 3291 quaeque
3540 3222 3671 3275 item
3708 3236 3821 3276 ser-

2267 3310 2445 3363 monis
2482 3310 2787 3377 prolatione
2815 3311 2883 3364 ad
2921 3309 3140 3365 sensum
3172 3315 3391 3376 transit,
3422 3312 3665 3382 ejusdem
3700 3328 3819 3366 cum

2266 3407 2444 3450 mente
2470 3398 2664 3450 borum
2698 3407 2923 3465 parente
2945 3408 3152 3452 naturae
3171 3400 3313 3466 sint;
3344 3416 3471 3454 vero
3501 3401 3666 3455 etiam
3702 3416 3823 3468 pro-

2266 3472 2389 3554 pius
2412 3496 2559 3540 certa
2588 3490 2822 3556 quadam
2866 3490 3074 3543 ratione
3128 3485 3325 3556 qui'ex
3369 3488 3528 3544 Patre
3554 3490 3819 3544 luminum

2268 3579 2413 3631 velut
2432 3589 2701 3634 coaeterna
2721 3580 2969 3648 quaedam
2987 3581 3229 3651 germina
3251 3581 3544 3645 exsistunt,
3574 3581 3818 3649 ejusdem

2269 3670 2462 3723 merito
2504 3680 2711 3733 natura:
2747 3686 2872 3726 cum
2910 3672 3154 3741 genitore
3179 3672 3375 3729 debere
3393 3672 3728 3752 existimari.

2335 3753 2393 3808 Id
2425 3770 2551 3810 vero
2581 3756 2845 3810 iu‘causa
2878 3766 2984 3821 est,
3019 3766 3077 3811 ut
3105 3758 3205 3827 ipsi
3232 3758 3302 3813 ab
3321 3772 3510 3812 eorum
3541 3775 3643 3814 nos
3670 3774 3817 3814 com-

2269 3846 2547 3910 munione,
2584 3845 2733 3897 velut
2764 3845 2855 3913 qui
2889 3846 3117 3900 adversa
3141 3847 3356 3914 veritati
3386 3849 3639 3917 dogmata
3666 3850 3819 3902 indu-

2268 3943 2416 3997 cant,
2442 3948 2549 3987 non
2569 3932 2765 4001 injuria
2788 3928 3168 3989 abscindamus
3190 3953 3205 4001 ;
3230 3950 3331 3989 nec
3347 3936 3579 3991 decretis
3602 3936 3817 4006 acquie-

2268 4035 2506 4089 scamus‘,
2538 4040 2602 4079 ac
2626 4008 2989 4093 impietatibus
3019 4040 3302 4081 assensum
3351 4027 3713 4096 praebeamus,
3744 4042 3808 4080 ne

2267 4117 2475 4172 scilicet
2514 4131 2697 4183 parem
2756 4115 2865 4170 illis
2919 4116 3267 4184 blasphemia
3312 4117 3813 4193 condemnationem

2267 4207 2651 4266 sustineamus,
2704 4206 2966 4275 quidquid
3015 4206 3133 4261 orbi
3184 4222 3330 4262 nunc
3365 4208 3617 4262 universo
3646 4209 3812 4277 impe-

2267 4312 2388 4351 rare
2418 4296 2737 4360 videantur;
2779 4296 2880 4349 etsi
2914 4296 3075 4363 vulgo
3108 4297 3392 4351 videantur
3425 4299 3684 4367 episcopi,
3714 4298 3812 4351 etsi

612 4364 849 4417 cordiam
869 4364 1050 4418 colas?
1067 4365 1205 4418 Num
1221 4367 1379 4422 times
1400 4382 1467 4422 ne
1494 4370 1548 4422 in
1565 4381 1623 4426 te
1649 4373 1943 4457 ipsegrave
1960 4376 2162 4444 aliquid
2194 4400 2239 4454 ι)
2265 4368 2525 4439 sublimes
2567 4384 2721 4438 sodes
2781 4385 3218 4439 conscenderint.
3250 4385 3419 4439 Nobis
3459 4364 3749 4453 siquidem,
3778 4402 3810 4439 ο

575 4498 580 4503 .
612 4467 676 4506 ex
710 4453 1055 4507 contentione
1084 4454 1386 4508 inconsulte
1432 4463 1721 4514 arcessas?

681 4540 851 4596 Caus.
886 4541 1117 4597 Decebat
1146 4543 1385 4612 quidem,
1413 4560 1448 4597 ο
1480 4550 1731 4615 ~prml’ecte
1756 4551 1882 4618 (qua
1914 4567 2163 4607 mansne-

2264 4475 2577 4543 sper-tande,
2629 4475 2987 4541 imperatores
3036 4489 3143 4553 non
3196 4489 3458 4544 purpura,
3490 4478 3589 4530 sed
3619 4478 3811 4531 virtute

2266 4565 2474 4618 nobiles
2523 4574 2687 4632 atque
2722 4564 2913 4632 inclyti
2962 4583 2975 4616 :
3010 4578 3114 4618 non
3142 4579 3304 4628 auro,
3335 4574 3583 4634 argento,
3612 4568 3807 4638 pretio-

613 4631 827 4723 tudine.
854 4632 1168 4723 blandaque
1228 4635 1453 4703 lenitate
1508 4640 1787 4705 respondit
1832 4639 2161 4713 Theologus)
2262 4631 2606 4721 sissimisque
2634 4631 2865 4721 capillis,
2899 4653 2978 4706 vel
3010 4668 3145 4707 auro
3194 4631 3493 4723 compactis
3529 4631 3803 4719 curribus,

608 4718 875 4789 'unigeniti
910 4722 1097 4792 gloriae
1130 4736 1234 4776 non
1268 4724 1596 4793 impingere;
1644 4744 1742 4782 nec
1796 4731 2056 4785 adversus
2082 4733 2165 4786 di-

606 4810 719 4865 ‘vini
752 4810 991 4881 Spiritus
1021 4811 1246 4866 boatoris
1285 4815 1641 4881 mqualitatem
1661 4819 1854 4882 elatos,
1884 4820 2025 4874 illius
2049 4838 2164 4876 ma.

514 4894 523 4901 ’
610 4900 862 4968 Ῑοειέιειη
894 4915 1146 4969 spernere
1178 4922 1192 4956 :
1224 4918 1326 4957 nec
1356 4906 1589 4973 denique
1638 4915 1784 4961 tanta
1824 4912 2163 4966 testimonio-

612 5006 734 5044 rum
764 4992 1006 5059 neglecta
1037 4994 1212 5061 copia,
1235 4995 1438 5062 quibus
1462 4995 1610 5049 Patri
1640 4998 1844 5054 honore
1880 5007 2165 5069 coequah-

612 5084 724 5140 tur,
754 5076 1115 5143 deterioribus
1148 5083 1390 5136 animum
1425 5085 1768 5154 opinionibus
1798 5087 2036 5144 inlicere.
2073 5092 2164 5145 Sic

614 5166 758 5220 cnim
802 5182 913 5222 una
943 5168 1064 5223 ﬂdei
1114 5172 1479 5239 confessione,
1520 5178 1823 5247 mentisque
1850 5183 2163 5247 concordia,

618 5258 789 5313 tribus
814 5255 1333 5317 sanctiﬁcationibus
1357 5265 1500 5319 velut
1549 5267 1809 5323 sublimes
1857 5268 2162 5339 Seraphim,

606 5363 781 5427 unam
844 5350 1408 5424 dominationemhac
1467 5356 1724 5411 Deitatem
1785 5360 2064 5416 laudantes
2093 5365 2161 5424 ".

687 5483 742 5556 ’ζ
765 5481 926 5556 Ilebr.
961 5498 1059 5547 ιιι,
1100 5486 1186 5556 μ.
1242 5486 1290 5519 ⁹⁶
1320 5486 1459 5543 Psal.
1487 5508 1657 5556 Lxxn,
1689 5494 1741 5543 5.

2264 4758 2359 4795 seu
2390 4741 2600 4811 ma'gnis
2645 4742 2975 4797 exercitibus
3025 4745 3239 4813 augusti
3308 4760 3373 4799 ac
3422 4745 3804 4809 formidabiles,

2267 4832 2361 4886 sed
2411 4832 2531 4907 ﬁdei
2575 4832 2907 4895 sinceritate,
2945 4850 3179 4903 veraque
3220 4850 3286 4889 ac
3316 4838 3550 4905 genuina
3580 4853 3701 4903 erga
3734 4839 3810 4889 di-

2268 4920 2449 4973 vinum
2477 4918 2684 4974 Numen
2714 4916 3017 4976 aﬁ‘ectione.
3054 4923 3346 4991 Episcopus
3365 4934 3546 4977 autem
3586 4941 3685 4978 non
3718 4942 3803 4979 eos

2268 5010 2491 5062 omnino
2541 5009 2826 5071 habemus,
2881 5010 2972 5078 qui
3023 5012 3451 5066 sacerdotalibus
3502 5013 3807 5083 pmfnlgent

2267 5099 2442 5161 stolis,
2473 5109 2633 5168 atque
2664 5096 2887 5165 infulis;
2933 5100 3023 5154 sed
3065 5102 3158 5167 qui
3206 5102 3351 5154 velut
3382 5104 3599 5169 pudere,
3639 5104 3687 5156 id
3729 5114 3805 5156 est

2270 5190 2444 5251 talari,
2483 5190 2647 5241 etiam
2682 5191 2879 5243 virtute
2921 5190 3098 5263 amicti
3133 5201 3291 5257 sunt;
3322 5201 3630 5262 rectumque
3658 5194 3802 5246 ﬁdem
3898 5230 3899 5233 η

2274 5278 2419 5330 velut
2443 5279 2702 5331 rationale
2726 5280 2913 5347 jndicii
2946 5280 2986 5341 ³,
3012 5288 3066 5333 et
3090 5283 3391 5346 veritatem,
3419 5293 3473 5336 et
3503 5282 3803 5335 manifesta-

2272 5369 2469 5421 tionem
2499 5370 2549 5421 in
2585 5380 2820 5436 pectore,
2860 5372 3134 5440 animique
3162 5374 3461 5441 precordiis
3490 5379 3717 5443 gestant.

1831 5496 1881 5567 ξξ
1912 5496 1952 5567 l_l
1979 5496 2119 5549 Tim.
2166 5514 2245 5559 Ill,
2276 5502 2359 5552 η.
2452 5502 2496 5531 "
2532 5502 2631 5555 lsa.
2671 5521 2743 5563 VI,
2902 5502 2943 5531 ”
2987 5504 3004 5555 1
3036 5504 3163 5565 Cor.
3203 5520 3257 5567 ι,
3293 5504 3385 5567 l7;
3420 5504 3439 5556 1
3473 5504 3591 5557 Cor.
3623 5518 3693 5564 rt,
3724 5503 3799 5555 l7.

620 5552 665 5638 :‘
688 5544 897 5638 ‘Ephes.
922 5568 993 5638 Ix,
1023 5544 1144 5638 17:41:
1193 5556 1239 5585 “
1272 5556 1425 5638 Joau.
1469 5578 1504 5638 I_.
1524 5544 1657 5638 let,
1687 5561 1763 5612 18.

2277 5544 2401 5619 if"
2430 5544 2822 5635 ιοιιὶἷῗὲζξόῗ
2864 5573 2906 5601 οη
2938 5544 3165 5638 lli-1,77};
3192 5544 3257 5625 Ξῖ
3300 5544 3693 5638 ﬁumina:
3723 5544 3798 5624 ii:

621 5619 638 5645 ⁸
675 5620 789 5670 Act.
826 5636 903 5681 ιιι,
934 5620 1001 5685 2;
1059 5624 1227 5678 lCur.
1261 5627 1419 5687 u,l9.
1478 5632 1495 5657 ’
1524 5630 1539 5679 ι
1565 5630 1689 5681 Cor.
1725 5646 1820 5693 HI,
1860 5634 1934 5685 ll.
2028 5635 2047 5663 ¹
2080 5619 2256 5711 Exod.
2321 5619 2505 5702 xxviii,
