3924 6312
111 344 206 407 ιω

794 349 1077 423 ORATIO
1112 350 1239 411 xx.
1274 376 1343 387 -—
1383 350 1466 413 tN
1506 352 1814 415 unum
1850 353 1913 416 s.
1951 354 2325 418 GREGORII
2361 354 2632 424 THEOL.

3213 370 3333 436 470·

175 457 263 511 Sic
290 464 471 512 autem
506 459 800 527 animatus,
837 476 903 515 ac
932 476 1054 515 cum
1080 463 1151 517 ita
1177 465 1244 519 de
1274 465 1359 521 his
1398 466 1652 531 sentiam,
1686 473 1728 528 Α
1760 466 2087 523 militudine.
2130 468 2196 524 At
2227 470 2521 544 Gregorius
2572 478 2795 549 (quippe
2816 482 2909 551 qui
2946 497 3052 537 non
3086 487 3351 543 nesciret-

108 548 363 616 siquidem
415 550 721 620 ingruentia
781 551 1065 608 Trinitatis
1109 570 1238 624 ergo
1280 557 1540 626 pericula,
1595 574 1660 613 ac

108 638 312 705 exsilia,
340 644 637 710 cruciatus,
663 653 890 700 mortem
925 646 1066 715 (vita
1101 650 1306 705 scilicet
1334 653 1658 710 immortalis

104 730 434 801 argumenta)
485 733 894 789 detrectaverim
924 752 938 799 ;
973 745 1085 790 tum
1116 754 1244 793 vero
1284 743 1461 811 reipsa
1500 734 1661 799 innu-

106 817 261 888 meris
293 833 383 875 me
410 821 633 890 dignum
663 823 929 878 mortibus
990 839 1055 879 ac
1103 826 1355 895 periculis
1383 832 1658 886 existima-

102 907 287 960 verim.

162 997 327 1053 Aiunt
351 998 685 1067 praelectum,
703 1002 788 1059 bis
808 1019 872 1059 ex
890 1020 955 1060 eo
971 1006 1192 1071 auditis,
1218 1008 1317 1063 viri
1340 1012 1658 1079 sapientiam

101 1087 228 1141 mira
244 1089 479 1158 quadam
503 1092 714 1150 ratione
739 1095 920 1154 virtuti
939 1107 1397 1168 contemperatam
1424 1106 1659 1161 admira-

101 1187 200 1231 tam
215 1195 373 1235 esse:
396 1182 586 1253 sicque
604 1186 739 1241 adeo
766 1187 972 1257 plebem
1000 1191 1196 1259 pietate
1222 1206 1570 1261 commotam,
1595 1215 1658 1256 ac

96 1269 267 1322 «liviua
304 1270 505 1326 victam
548 1277 951 1344 pradicatione,
983 1290 1041 1335 ut
1061 1283 1330 1351 ingentem
1361 1287 1655 1359 clamorem

96 1358 367 1428 extulerit,
397 1378 462 1416 ac
493 1367 691 1421 nedum
722 1370 1005 1439 theologia
1031 1374 1246 1429 nomine
1274 1377 1491 1431 beatum
1524 1396 1660 1450 pra—

95 1447 383 1517 elicaverit,
427 1471 612 1510 verum
641 1457 806 1512 etiam
846 1460 954 1518 illic
987 1447 1655 1539 primoTheologum'ap-

95 1539 382 1605 pellaverit.
420 1544 511 1600 Sic
546 1548 805 1604 nimirum
835 1566 1060 1620 prorsus
1098 1556 1368 1611 theatrum
1398 1558 1654 1629 ceperat;

93 1627 295 1715 sibique
331 1632 598 1701 judicium
634 1639 933 1713 (auditores
976 1645 1206 1715 scilicet)
1256 1627 1556 1706 addixerat.
1582 1627 1658 1707 Ae

92 1712 404 1786 Gregorium
464 1724 685 1792 quidem
745 1743 872 1785 cum
904 1735 1206 1788 reverentia
1237 1737 1455 1792 domum
1488 1742 1656 1795 remi-

91 1805 251 1869 sisse;
300 1822 648 1875 accusatores
698 1833 825 1899 vero
886 1823 1153 1899 tantisper
1198 1826 1557 1899 obiurgasse,
1597 1843 1656 1886 ut

90 1898 173 1963 qui
206 1899 272 1952 ad
303 1916 485 1957 causa
510 1896 846 1963 momentum
878 1897 1154 1981 arguendo
1195 1916 1312 1972 viro
1347 1896 1483 1974 nihil
1509 1932 1655 1977 attu-

86 1985 277 2045 lerant.
308 1989 449 2048 Hinc
485 1995 649 2050 etiam
695 1998 805 2062 ille,
835 2003 1404 2075 utdivino-proditum
1434 2012 1655 2083 eloquio

90 2088 185 2167 est,
206 2081 472 2167 majorem
500 2085 525 2116 ⁸
553 2087 608 2139 in
644 2088 840 2157 plateis
869 2093 1064 2162 agebat
1104 2095 1401 2152 libertatem
1422 2142 1439 2167 ,
1480 2081 1648 2158 ﬁden-

91 2165 302 2240 tiusque
356 2176 533 2242 palam
578 2173 922 2255 loquebatur.
967 2181 1158 2242 Omnis
1207 2188 1353 2243 enim
1412 2165 1649 2260 animus,

90 2270 204 2310 cum
244 2266 547 2320 certamina
570 2268 799 2327 necdum
836 2272 1431 2348 adierit,‘plerumque
1457 2282 1651 2339 formi-

89 2343 228 2411 dare,
246 2363 423 2418 seque
456 2368 655 2421 pugna
706 2358 1057 2445 subducere,
1078 2362 1217 2419 lucta
1246 2343 1427 2427 autem
1454 2372 1648 2429 defun-

90 2441 217 2491 ctus.
250 2445 558 2509 auctusque
599 2443 846 2508 victoria,
895 2441 1106 2506 fortiter
1145 2469 1207 2509 ac
1247 2466 1468 2515 strenue
1503 2474 1653 2519 amat

88 2536 257 2591 agere.
1555 2584 1573 2594 κ

149 2612 325 2717 Homo
376 2635 510 2677 sane
555 2625 704 2683 illius
750 2626 968 2717 Ausites
996 2649 1061 2691 ac
1093 2637 1282 2695 beatus
1307 2642 1501 2707 Johns,
1538 2663 1645 2717 pra

89 2700 295 2803 virtutis
357 2714 671 2776 prastantia
731 2713 1033 2779 invidiosus
1090 2726 1309 2784 diabolo
1362 2700 1641 2803 redditits,

90 2783 267 2895 illiqt’te
294 2801 594 2866 postulanti
620 2806 873 2875 traditus,
901 2808 1089 2872 liberis
1112 2783 1642 2896 quidemJor‘n-nique

90 2885 227 2951 prius
255 2890 563 2949 substantia
619 2898 888 2967 nudatur;
921 2894 1145 2976 tumque
1184 2912 1348 2965 etiam
1388 2885 1641 2982 pessimis

91 2986 310 3043 corpore
336 2980 614 3039 ulceribus
644 2986 948 3059 caditur';
973 2995 1039 3049 ad
1073 2996 1188 3051 hac
1207 2980 1471 3058 vermium
1495 3008 1639 3070 tabo,
1695 3023 1703 3031 '

90 3067 358 3138 acutisque
379 3080 595 3128 amotus
623 3075 931 3147 doloribus;
963 3097 1202 3145 ac,.cum
1229 3105 1396 3146 uxore
1419 3067 1638 3151 denten;
1670 3094 1713 3153 C

92 3152 155 3207 tia
188 3156 468 3227 loquente,
502 3172 666 3233 atque
705 3158 897 3224 amicis
934 3171 1354 3245 imprudentius,
1394 3199 1494 3236 nec
1546 3202 1645 3259 pro

89 3244 158 3295 rei
194 3246 372 3303 indole
398 3253 811 3314 consolantibus
837 3275 990 3326 usus,
1022 3279 1122 3319 nec
1153 3268 1438 3325 minimum
1469 3244 1639 3331 em'ol-

90 3332 205 3388 litus
229 3347 391 3404 esset,
428 3336 509 3396 vel
544 3344 708 3398 ullam
740 3362 966 3418 prorsus
995 3352 1105 3407 Deo
1139 3358 1423 3415 stultitiam
1466 3364 1644 3420 dedis-

88 3434 179 3490 set,
204 3428 487 3509 magniﬁce
505 3432 762 3507 claroque
785 3441 1055 3505 praconio
1083 3442 1136 3497 in
1162 3445 1267 3501 line
1287 3452 1642 3507 certaminum

90 3516 381 3573 celebratus
406 3530 492 3577 est
514 3539 531 3587 ;
559 3538 641 3589 ac,
666 3528 807 3594 quod
833 3531 1081 3585 omnium
1106 3539 1642 3609 prastantissimum,

90 3601 223 3659 illius
256 3621 389 3663 voce
416 3611 744 3687 praedicatur
772 3617 975 3687 justus,
1018 3601 1122 3691 qui
1150 3640 1180 3679 e
1214 3629 1427 3703 turbine
1479 3601 1645 3703 atque

90 3698 308 3757 nubibus
342 3702 417 3756 illi
448 3704 830 3774 respondebat.
888 3711 988 3767 Hic
1027 3726 1233 3780 autem,
1286 3699 1437 3776 nulla
1497 3698 1639 3779 mala

93 3788 442 3857 amulatione,
501 3804 664 3863 atque
712 3798 882 3856 livore
923 3804 1104 3859 ablata
1153 3809 1494 3875 substantia,
1548 3819 1641 3870 sed

89 3872 275 3931 Christi
334 3880 448 3951 lege
491 3895 711 3955 erogata
754 3888 808 3941 in
848 3901 1117 3962 panperes
1156 3900 1306 3951 omni
1357 3872 1639 3973 lacultatc;

92 3976 180 4018 nec
212 3966 395 4023 decem
428 3972 695 4029 duntaxat
729 3977 1019 4051 confertim
1041 4023 1057 4047 ,
1112 4000 1329 4055 unoque
1364 3966 1641 4049 momento

97 4057 413 4121 corporalem
449 4059 744 4116 liberorum
776 4080 1065 4135 perpessus
1098 4072 1399 4141 interitum,
1427 4081 1522 4134 sed
1555 4083 1638 4135 in-

94 4146 490 4201 numerabilium
545 4150 715 4205 animi
781 4155 955 4208 labem
994 4158 1399 4222 tabescentibus
1450 4171 1638 4226 dolore

95 4229 375 4290 visceribus
403 4238 681 4296 sustinens
712 4243 849 4312 ejus,
876 4248 966 4314 qui
995 4262 1326 4317 expetierat,
1364 4256 1444 4310 ira
1474 4259 1637 4314 cadi-

90 4316 202 4385 tur;
228 4336 323 4377 nec
374 4340 513 4387 vero
551 4328 728 4382 solum
777 4347 1027 4402 corpore,
1060 4339 1193 4406 quin
1237 4316 1421 4409 potius
1449 4349 1631 4402 medio

1759 558 1879 627 ejus
1902 561 2283 631 cogitationes)
2325 566 2699 624 admirandam
2734 574 2995 631 adversus
3025 578 3205 631 omnia
3232 594 3340 648 ρει-.

1760 652 2003 706 tientiam
2038 668 2318 722 opponens
2375 671 2441 711 ac
2494 659 3333 727 longanimitatem,haudsecus

1760 754 1825 793 ac
1899 741 2235 810 inturgentes
2281 759 2525 814 spumas,
2607 750 2940 810 decumanos
3000 756 3326 826 injuriarum

1763 830 1962 886 ﬂuctus
2007 833 2162 887 elidit
2201 848 2214 884 :
2252 836 2345 889 sed
2375 836 2425 889 ei
2472 839 2917 899 administrorum
2952 848 3167 903 invidia
3206 865 3329 904 om-

1758 937 1882 977 nem
1914 925 2303 994 malignitatem
2360 927 2692 999 sinistraque
2737 935 3019 990 molimina
3044 939 3324 994 convellit.

1760 1011 1817 1066 In
1849 1014 1957 1067 ﬁne
1980 1024 2162 1070 autem
2192 1030 2277 1080 ea,
2326 1032 2449 1087 qua
2492 1019 2547 1071 in
2592 1035 2760 1077 censu
2790 1035 2967 1092 erant,
3001 1042 3111 1083 non
3139 1030 3325 1100 dupli-

1760 1104 1843 1158 cia
1875 1106 2081 1173 recipit,
2111 1108 2203 1161 sed
2236 1110 2421 1163 multis
2452 1111 2699 1178 partibus
2733 1116 3001 1181 auctiora,
3042 1120 3190 1173 velut
3211 1124 3325 1177 sci-

1760 1193 1885 1249 licet
1914 1196 2088 1274 bonus
2117 1197 2207 1253 ille
2239 1213 2454 1264 servus,
2488 1211 2711 1271 accepta
2746 1214 3014 1272 potestate
3040 1224 3203 1279 super
3232 1213 3326 1266 de-

1759 1299 1875 1338 cem
1916 1285 2183 1351 civitates,
2248 1290 2496 1359 quinimo
2524 1292 2696 1347 instar
2726 1294 2902 1350 ﬁdelis
2957 1311 3023 1350 ac
3046 1301 3326 1365 prudentis
3356 1338 3359 1341 ›

1759 1374 2027 1427 aconomi
2060 1375 2102 1439 °,
2141 1375 2258 1445 ipse
2288 1393 2509 1447 quoque
2543 1379 2667 1450 (nec
2696 1397 2951 1453 magnum
2980 1386 3177 1456 dictu.)
3208 1405 3327 1443 om-

1759 1462 1920 1516 nibus
1950 1480 2072 1534 qua
2118 1476 2247 1521 sunt
2277 1466 2491 1523 Domini
2552 1471 2640 1526 sui
2704 1474 3048 1543 prapositus.
3110 1478 3329 1535 Minime

1759 1562 1939 1607 autem
1994 1557 2316 1623 pradicatur
2344 1559 2550 1629 justus,
2585 1563 2680 1617 sed
2710 1564 2944 1621 elﬁcitur
2973 1584 2986 1621 :
3018 1566 3329 1637 Theologus

1760 1653 1939 1697 autem
2005 1653 2117 1700 tum
2175 1646 2428 1715 efﬁcitur,
2501 1661 2616 1707 tum
2690 1657 2977 1725 magniﬁce
3060 1662 3329 1726 pradica-

1764 1742 1871 1787 tur.

1829 1866 1968 1923 Hinc
1996 1857 2256 1938 Trinitas,
2279 1875 2423 1930 haud
2443 1892 2603 1934 secus
2627 1893 2693 1934 ac
2711 1880 2919 1951 lampas
2944 1884 3090 1938 trino
3111 1885 3325 1957 fulgens

1756 1956 1983 2022 lumine,
2022 1962 2218 2016 eximie
2243 1963 2297 2016 in
2319 1980 2384 2020 eo
2412 1981 2662 2031 accensa,
2685 1983 2798 2024 non
2828 1972 2937 2035 jam
2969 1973 3166 2030 silentii
3209 1993 3325 2031 mo-

1754 2046 1846 2101 dio
1880 2050 2062 2131 premi
2091 2055 2394 2109 sustinebat
2429 2074 2442 2109 :
2474 2072 2580 2111 non
2600 2059 2713 2126 jam
2740 2060 2805 2114 ad
2834 2077 2930 2117 eos
2990 2064 3344 2135 indulgentia
3425 2072 3429 2077 ’

1755 2140 2013 2194 utendum
2043 2142 2428 2209 arbitrabatur,
2460 2151 2690 2217 querum
2724 2150 3043 2207 imbecillior
3069 2165 3184 2210 erat
3203 2158 3322 2211 ani-
3412 2166 3416 2171 ‘

1753 2244 1910 2295 mus;
1936 2231 2029 2285 sed
2054 2232 2196 2286 sicut
2229 2234 2602 2291 lncidissimus
2626 2238 2729 2294 iste
2760 2241 2864 2315 sol,
2893 2242 3006 2310 jam
3041 2256 3201 2300 terra
3228 2258 3332 2301 sn-'

1750 2317 1899 2373 lutus
1928 2320 2074 2383 sinu,
2113 2323 2277 2391 inque
2304 2326 2641 2384 horizontem
2686 2339 2829 2385 terra
2854 2336 3191 2404 superiorem
3221 2339 3323 2392 mi-

1748 2410 2002 2467 cantibus
2037 2412 2203 2467 radiis
2227 2417 2490 2485 tantisper
2515 2420 2868 2486 prominens;
2902 2424 3163 2479 hactenus
3193 2428 3339 2495 qui-t

1746 2500 2145 2560 dcmgsnmmos
2175 2507 2438 2561 montium
2471 2511 2698 2565 vertices
2747 2527 2964 2567 sensum
3025 2517 3143 2570 luce
3192 2534 3319 2588 per-

1745 2590 2001 2658 fundens,
2044 2594 2213 2651 densa
2245 2601 2590 2675 tenebrarum
2622 2602 2689 2656 ad
2737 2612 2895 2658 terra
2923 2620 3057 2660 cava
3094 2618 3319 2665 contrud-

1741 2680 1859 2735 dit:
1919 2685 2293 2757 paulatimque
2340 2703 2694 2758 promovens,
2753 2696 2981 2754 omnino
3024 2699 3321 2768 caliginem

1739 2771 1971 2840 dissipat
1989 2783 2153 2843 atque
2177 2776 2414 2846 dispellit
2490 2778 2921 2850 universumque
2937 2785 3123 2839 orbem
3161 2795 3321 2841 terra

1684 2886 1687 2889 -
1740 2862 1931 2915 mundi
1960 2868 2239 2919 communi
2272 2856 2682 2923 lucerubertim
2734 2871 3007 2940 itnpartit;
3044 2875 3149 2930 nisi
3187 2878 3318 2945 quid

1739 2965 1804 3004 ex
1834 2967 2023 3007 eorum
2075 2970 2273 3022 genere
2303 2969 2407 3024 est,
2465 2974 2589 3027 qua
2650 2971 2808 3016 noctu
2865 2975 3184 3032 pascuntur,
3220 2984 3321 3023 nec

1744 3043 1876 3097 solis
1902 3046 2085 3100 radios
2108 3032 2249 3103 ferre
2286 3061 2555 3118 possunt;
2583 3052 2667 3107 sic
2686 3054 2946 3109 nimirum
2976 3066 3318 3126 comparata,

1746 3143 1806 3187 nt
1834 3134 1972 3190 luris
1993 3137 2309 3203 excellentia
2337 3131 2522 3193 eorum
2543 3156 2650 3197 non
2675 3153 2782 3197 tam
2815 3147 3116 3201 illustretur
3141 3150 3315 3215 visus,

1747 3237 1908 3290 quam
1940 3222 2255 3292 deteratur;
2289 3240 2383 3282 aut
2406 3239 2629 3305 propter
2647 3241 2860 3287 meatus
2882 3234 3179 3290 inferenda
3203 3239 3322 3294 luci

1746 3328 1854 3366 non
1899 3314 2151 3383 idoneos,
2204 3334 2305 3373 nec
2354 3320 2488 3374 satis
2522 3323 2823 3390 explicatos
2868 3335 2922 3378 ut
2965 3306 3327 3395 splendorem

1744 3393 2415 3476 recipiantacujusmodi
2466 3411 2633 3466 lustra
2698 3414 2863 3479 subit,
2922 3393 3328 3485 nepetrarum-

1747 3507 1962 3560 specus.
1992 3495 2084 3549 Sic
2111 3510 2330 3565 quoque
2353 3496 2696 3568 Gregorius;
2727 3504 2859 3570 quin
2890 3506 3067 3571 potius
3099 3524 3220 3576 qua
3257 3511 3329 3562 in:
3424 3520 3425 3523 ‘

1724 3584 1839 3637 illo
1866 3584 2011 3638 velut
2034 3585 2165 3639 orbe
2194 3586 2329 3641 solis
2368 3588 2536 3642 rutilo
2552 3590 2867 3658 quiescebat
2896 3591 3159 3658 Trinitas,
3195 3599 3309 3663 pri-
3410 3616 3429 3629 ν

1747 3686 1894 3726 mum
1924 3684 2103 3728 mente
2134 3676 2483 3733 sublimiores
2509 3678 2811 3745 illustrans,
2845 3691 3071 3753 tumque
3094 3700 3325 3741 orantem-

1745 3762 1992 3817 animum
2022 3764 2142 3820 luce
2164 3766 2391 3835 dignum
2432 3770 2656 3824 amabili
2684 3772 2914 3827 scientia
2962 3774 3197 3844 replens,
3232 3776 3316 3832 fex

1747 3851 1924 3904 rinum
1950 3869 2108 3908 omne
2135 3867 2343 3923 pectus,
2376 3862 2962 3930 sensuntque‘aﬂ'ectus
3016 3879 3050 3918 a
3103 3870 3328 3922 ratione

1743 3942 1907 4022 alieni
1964 3944 2254 4001 alumnum
2312 3955 2469 4003 terra
2507 3949 2720 4008 .abditis
2771 3954 3067 4008 obscurum
3114 3958 3333 4033 tradltz:

1741 4019 1938 4101 nempe
1968 4048 2075 4087 non
2098 4033 2357 4111 ferentem
2389 4038 2557 4093 divini
2618 4042 2753 4095 radii
2803 4043 3103 4111 spiritalem
3183 4047 3311 4101 ill'u-

1744 4124 2096 4190 strationem;
2130 4134 2293 4195 atque
2313 4110 2433 4183 ideo
2456 4130 2696 4186 divinam
2726 4110 3071 4200 rene-{lentem
3111 4135 3308 4197 lucem,

1742 4209 1889 4280 q'uod
1922 4215 2005 4267 vel
2030 4215 2175 4271 malo
2201 4228 2413 4273 natura
2448 4220 2631 4286 genio,
2681 4221 2765 4275 vel
2797 4222 2969 4275 animi
3018 4226 3307 4291 pravitate,
3344 4270 3345 4273 η

1740 4304 2117 4358 excellentiam
2145 4307 2403 4363 bonitatis
2429 4304 2841 4377 suscipere'non
2865 4312 3059 4381 possit.
3176 4320 3177 4323 “

94 4404 199 4475 ipso
235 4424 467 4482 pectore,
493 4421 683 4499 ‘atque
734 4424 917 4479 animo
949 4404 1165 4483 duriore
1190 4404 1343 4504 plaga
1379 4434 1627 4494 afﬁcitur,
1663 4413 1708 4467 θ
1803 4433 1944 4502 Ergo
1975 4434 2180 4489 civitati
2228 4436 2467 4506 quidem,
2500 4432 2673 4507 inque~
2704 4456 2767 4495 ea
2804 4444 3114 4512 agentibus,
3144 4456 3309 4514 atque

1617 4493 1621 4494 ν
1876 4493 1905 4502 ν
2246 4493 2259 4506 .
2452 4493 2466 4503 .
2577 4493 2593 4507 .
2651 4493 2658 4494 γ
2717 4493 2766 4495 ν-
2808 4493 3308 4514 -ον--ηη--ν--Ί--ν

98 4493 339 4557 Tentator
362 4506 510 4559 enim
554 4496 709 4563 velut
739 4515 925 4585 armis,
964 4525 1135 4587 atque
1160 4493 1376 4589 jaculis,
1406 4529 1631 4597 nequis-
1728 4523 1959 4585 civibus,
2008 4531 2129 4595 qua
2163 4527 2216 4580 in
2249 4527 2512 4597 Gregorio
2545 4540 2666 4585 erat
2713 4534 2841 4613 trini
2867 4549 2873 4556 ·
2896 4535 3034 4590 solis
3059 4539 3308 4620 exoritur

98 4587 327 4620 αἴπερ-...και
383 4598 632 4620 .ι---.ει.---
710 4603 743 4620 ι·
864 4605 877 4618 ι
1009 4618 1011 4620 ,
1142 4610 1154 4620 .
1400 4616 1411 4620 -
1726 4613 1740 4620 -
1788 4612 1793 4620 .
2045 4616 2054 4620 -
2139 4618 2147 4620 .

64 4587 329 4654 Isimorum
380 4598 675 4665 dentibus,
710 4603 1040 4675 linguisque,
1075 4610 1219 4666 velut
1268 4587 1444 4671 acutis
1495 4587 1629 4674 usus
1726 4612 1849 4681 lux;
1907 4616 2201 4685 provincia
2254 4629 2458 4684 autem,
2523 4636 2588 4677 ac
2620 4636 2744 4691 qua
2771 4612 2924 4679 extra
2959 4633 3111 4694 sunt,
3151 4618 3307 4685 illius

95 4678 282 4749 gladiis,
315 4687 694 4744 haereticorum
730 4693 984 4763 loquendi
1015 4699 1257 4768 licentia,
1292 4714 1454 4775 atque
1494 4725 1625 4778 ρι-υ-
1723 4678 2093 4758 destituuntur
2123 4706 2346 4761 luminis
2385 4710 2675 4765 claritate?
2703 4722 2797 4767 aut
2828 4712 3025 4769 vicinis
3054 4716 3307 4785 quidem.

95 4769 186 4822 ritu
208 4775 458 4831 continue
481 4788 737 4848 tanquam
766 4788 1141 4853 mucronibus,
1174 4790 1325 4859 l‘erit;
1364 4769 1624 4865 percutit—

96 4873 187 4922 qne
204 4863 549 4935 blasphemiis
564 4870 807 4926 animum
828 4891 842 4938 ;
863 4881 1026 4944 atque
1045 4893 1233 4934 eorum
1252 4863 1534 4955 opera,qui
1557 4891 1630 4944 si-

98 4952 267 5037 mulata
282 4956 404 5021 tlde,
420 4959 717 5016 amicitiam
737 4964 1128 5033 profitebantur
1151 4971 1226 5037 (in
1250 4973 1448 5037 quibus
1461 4952 1625 5031 etiam

97 5036 183 5093 fuit
203 5042 463 5105 Maximus
488 5050 755 5120 Cynicus;
790 5056 947 5124 cujus
977 5073 1075 5127 pro
1103 5058 1306 5141 Gynica
1330 5063 1509 5121 indole
1537 5083 1630 5122 su-

100 5133 375 5202 percilium,
406 5157 727 5214 morumque
752 5133 1157 5216 impudentiam,
1177 5167 1239 5206 ac
1262 5154 1506 5221 insidias,
1542 5174 1632 5214 ve-

99 5217 375 5283 lutcunctis
405 5244 586 5302 notas,
618 5237 905 5307 dimittam)
934 5241 1112 5305 omni,
1142 5251 1199 5296 ut
1242 5245 1405 5301 verbo
1430 5217 1624 5317 dicam,

103 5314 341 5380 machina,
368 5333 579 5401 acarte
632 5332 933 5393 commode,
972 5317 1313 5393 incommode
1373 5339 1614 5402 admota,

103 5413 192 5464 qua
215 5402 297 5457 ille
321 5398 578 5477 fulgebat,
602 5416 881 5472 veritatem
901 5421 1239 5491 redarguere,
1263 5424 1471 5493 sibique
1500 5443 1618 5482 eam

104 5488 351 5549 vindicare
394 5505 563 5554 tentat
587 5503 820 5560 actionis
860 5488 1279 5578 necessitudine,
1316 5488 1397 5591 ac-
1422 5532 1520 5584 pro
1551 5520 1623 5571 si-

154 5670 333 5727 ‘Prov.
362 5692 393 5740 I,
418 5648 525 5733 20.’
596 5682 615 5713 '
647 5678 751 5735 Joh
783 5698 877 5746 xu,
910 5696 1036 5752 etc.,
1061 5648 1149 5745 Ω.
1264 5693 1281 5722 ⁸
1315 5690 1444 5745 Luc.
1482 5710 1589 5761 xw,
1625 5695 1709 5748 17.

1726 4808 1827 4852 nec
1873 4794 2087 4865 longius
2134 4797 2345 4852 dissitis
2404 4800 2689 4871 theologia
2716 4804 3206 4883 splendor-illucet,
3237 4808 3310 4861 ad

1733 4898 1830 4940 eos
1877 4896 2057 4941 autem
2105 4890 2198 4957 qui
2254 4894 2444 4959 procul
2483 4892 2690 4947 remoti
2720 4901 2869 4957 sunt,
2927 4904 2995 4950 ac
3058 4900 3309 4952 extrema

1736 4982 1894 5030 terra
1953 4986 2247 5046 occupant,
2301 4992 2616 5034 sermonum
2669 4978 2841 5048 gratia
2876 4992 3007 5035 'non
3047 4981 3307 5053 attingit!

1738 5077 1830 5119 aut
1856 5069 2104 5136 pervenit
2139 5069 2355 5137 quidem
2379 5071 2542 5123 etiam
2567 5069 2632 5124 ad
2658 5068 2803 5144 illos,
2827 5070 3061 5127 obscure
3085 5081 3265 5128 tamen
3282 5076 3308 5127 τ

1682 5205 1688 5212 .
1739 5167 1828 5210 aut
1854 5158 1998 5211 clare
2019 5160 2259 5229 quidem,
2296 5168 2355 5230 at
2385 5174 2488 5213 non
2522 5157 2769 5227 firmiter,
2804 5168 2859 5217 et
2901 5166 2958 5216 ut
2990 5163 3303 5231 perennet?

1738 5244 2207 5321 Haudquaquam;
2237 5252 2329 5303 sed
2352 5256 2545 5304 cuncta
2575 5249 2738 5303 Simul
2770 5256 2989 5321 purgat,
3004 5249 3302 5314 illuminat,

1736 5339 1967 5405 perlicit.
2030 5317 2232 5407 Purgat
2268 5337 2486 5407 quidem
2536 5317 3039 5409 ltareslspla'eulo,
3068 5356 3163 5395 eos
3208 5343 3301 5410 qui

1734 5430 2038 5499 ignorantia
2093 5432 2221 5485 olim
2277 5430 2632 5495 tenebantur;
2686 5430 2918 5513 eximia.
2960 5444 3023 5486 ac
3064 5432 3307 5489 caelestis

1735 5520 2143 5588 pradicationis
2166 5520 2359 5576 divinis
2387 5522 2755 5586 sermonibus,
2787 5521 3098 5590 illuminat;
3132 5539 3303 5593 augu-
