3924 6312
488 331 591 395 471

1677 336 1969 400 ΝΙΕΕΤΧΕ
2009 339 2201 398 PAPI-I
2211 339 2454 402 LAGON
2462 341 2532 402 IS

3639 337 3762 400 472

486 446 747 500 stissimis
778 447 1139 503 divinissimm
1157 457 1371 504 natura:
1391 449 1636 520 ejusdem
1657 453 2060 523 conjunctionis
2092 459 2134 513 Α
2163 453 2411 516 edoctus,
2469 453 2579 508 veri
2614 467 2832 523 quoque
2874 449 3210 506 tabernaculi
3259 451 3483 521 ﬂguram
3516 466 3582 506 ex
3620 469 3760 506 um-

489 538 657 591 radiis
687 539 1012 602 concilians,
1049 541 1286 610 perlicit.

557 629 674 684 Non
706 645 792 685 me
822 631 952 686 latet
993 647 1058 688 eo
1087 635 1310 703 provehi
1341 637 1646 692 orationem
1673 681 1686 704 ,
1721 647 1802 703 ut,
1833 653 1936 708 qua
1965 654 2064 691 ex-

485 721 660 775 currit
715 723 1048 792 prolixitate,
1088 725 1198 794 jam
1258 743 1476 796 nausea
1527 732 1650 796 ﬂat;
1707 731 2063 806 quamobrem

484 815 691 884 duplici
733 817 1015 872 distrahor
1037 818 1257 884 affectu,
1299 821 1538 892 hincque
1580 823 1706 878 inde
1755 816 1948 878 studiis
1979 836 2065 876 se-

452 981 454 984 .
486 921 602 960 cor.
639 906 776 973 Nam
803 920 978 964 metus
1005 910 1224 978 quidem
1262 929 1328 967 ne
1355 913 1628 984 plerisque
1661 915 1964 976 molestior,
1999 929 2064 966 ac

484 998 669 1054 decori
711 1000 916 1054 inscius
946 1000 1626 1082 videar,’sermonismibi
1685 1005 1945 1074 impetum
1981 1005 2064 1056 ins

489 1089 658 1144 hibet.
690 1092 758 1146 At
790 1092 921 1172 quid
949 1093 1166 1163 patior?
1193 1098 1396 1164 quippe
1440 1097 1604 1152 etiam
1656 1097 1791 1150 alias
1817 1111 1938 1149 eum
1980 1112 2065 1148 re-

485 1183 702 1237 mittere
738 1201 847 1239 non
884 1186 1039 1249 sinit,
1095 1191 1188 1256 qui
1228 1190 1370 1257 cogit
1411 1204 1585 1252 amor,
1635 1189 1854 1255 vimque
1888 1187 2016 1242 facit
2050 1207 2062 1242 :

487 1283 771 1346 totumque
799 1278 1020 1346 penitus
1051 1293 1391 1348 expugnans,
1422 1278 1522 1332 sibi
1566 1279 1742 1348 palam
1782 1279 2062 1334 addicens.

486 1368 542 1423 ls
566 1384 802 1437 namque
825 1368 1084 1440 TheolOgi
1109 1379 1219 1424 tum
1241 1363 1554 1426 sermonum
1582 1370 2064 1440 magnillcentiam,

488 1470 603 1512 tum
639 1459 879 1514 divinam
915 1474 1132 1514 morum
1175 1459 1544 1529 praestantiam
1593 1459 1838 1530 longiore
1871 1459 2066 1514 verbo-

488 1569 610 1606 rum
646 1554 854 1608 ambitu
890 1554 1329 1622 exspatiantibus
1385 1553 1891 1621 comparationibus
1951 1553 2064 1607 cla-

487 1645 604 1700 rius
637 1645 821 1698 animo
850 1659 1166 1714 suggerens,
1200 1631 1256 1697 ut
1290 1643 1343 1697 in
1378 1643 1456 1718 eis
1486 1652 1668 1699 mente
1699 1644 1979 1710 immorer,
2007 1661 2069 1699 ac

491 1736 645 1804 plura
682 1736 896 1805 loquar,
936 1736 1158 1790 evincit.

560 1827 687 1882 Esto
739 1827 923 1897 igitur,
955 1828 1118 1881 etiam
1153 1843 1275 1881 cum
1336 1827 1485 1883 Mose
1538 1843 1637 1897 pro
1691 1829 1833 1882 virili
1881 1838 2065 1884 nostra

488 1935 746 1987 magnum
810 1919 1134 1990 Gregorium
1171 1919 1463 1990 diligenter
1499 1929 1902 1989 comparantes,
1937 1920 2068 1973 hinc

489 2027 708 2081 quoque
733 2012 1006 2067 antistitis
1030 2012 1293 2081 prteclare
1336 2022 1612 2079 gestorum
1654 2012 2066 2082 amplitudinem

489 2105 920 2160 consideremus.
959 2105 1130 2169 Mosa,
1165 2106 1414 2174 inquam,
1449 2105 1563 2171 illo,
1606 2105 1697 2174 qui
1728 2114 1914 2159 sancta
1949 2105 2069 2174 qui-

491 2195 614 2247 dem
649 2195 952 2249 Abrahami
979 2196 1162 2250 radice
1188 2211 1407 2265 germen
1435 2197 1753 2266 progenitus
1776 2197 1868 2260 sit,
1889 2205 2069 2251 metu-

492 2301 598 2353 que
637 2284 949 2341 Pharaonis
987 2287 1167 2342 infans
1200 2288 1253 2340 in
1284 2286 1450 2341 ﬂuvio
1479 2289 1796 2357 expositus;
1842 2303 1904 2342 ac
1931 2287 2072 2342 Pha-

493 2377 678 2431 raonis
711 2377 834 2431 lilia:
882 2378 1035 2432 visus
1063 2378 1308 2448 elegans,
1343 2377 1396 2430 in
1433 2380 1601 2432 lilium
1635 2381 1813 2447 palam
1846 2382 2074 2450 adopta-

493 2477 580 2522 tus
634 2467 851 2521 fuerit:
899 2470 1102 2537 quique
1151 2469 1287 2522 adeo
1357 2470 1456 2522 bac
1506 2486 1568 2523 ex
1624 2486 1790 2526 causa
1853 2486 2069 2527 omnem

493 2557 874 2629 Egyptiorum
937 2561 1221 2614 scientiam
1273 2560 1554 2626 doceatur,
1610 2576 1711 2615 nec
1751 2570 1933 2617 tamen
1979 2578 2072 2616 co-

492 2660 781 2719 gnatorum
813 2651 1146 2705 dedoceatur
1173 2651 1376 2704 amoris
1407 2665 1435 2704 a
1473 2660 1668 2704 natura
1691 2651 1820 2706 vim.
1842 2650 2068 2718 Idcirco,

493 2747 637 2810 quod
671 2742 1035 2797 educantibus
1089 2743 1234 2796 haud
1267 2743 1402 2796 satis
1431 2757 1642 2811 equus,
1679 2750 1857 2811 exque
1886 2742 2072 2796 animo

494 2832 743 2893 allectus,
772 2833 1148 2900 deprehensus
1179 2841 1349 2896 esset,
1379 2847 1438 2887 se
1461 2833 1585 2902 luga
1622 2834 1947 2902 proripiens,
1987 2845 2070 2888 at-

495 2938 603 2990 que
646 2921 714 2975 ad
767 2919 979 2974 Madian
1030 2931 1270 2974 montem
1313 2922 1607 2985 transiens,
1660 2923 1879 2991 illicque
1914 2925 2072 2976 uxori

497 3014 755 3082 legitimis
785 3013 1072 3082 copulatus
1099 3012 1329 3081 nuptiis,
1350 3013 1617 3080 pecudum
1640 3023 1824 3082 pastor
1847 3015 2074 3068 eﬂ'ectns

497 3100 598 3165 sit;
630 3113 800 3168 seque
831 3114 1016 3152 rerum
1051 3099 1499 3170 contemplationi
1537 3102 1877 3170 impendens,
1899 3119 2076 3169 quan-

499 3201 613 3244 tum
661 3191 870 3245 homini
909 3192 1093 3246 videre
1123 3202 1450 3248 concessum
1503 3201 1611 3256 est,
1653 3194 1705 3246 in
1741 3194 1878 3247 rubo
1904 3193 2072 3248 Deum

496 3298 517 3332 κ
534 3280 713 3335 iderit.

569 3366 617 3423 ls
642 3383 836 3422 rursus
879 3369 932 3421 in
969 3367 1264 3437 Egyptum
1309 3383 1432 3422 cum
1468 3369 1747 3436 signorum
1783 3369 2078 3423 virtutibus
2128 3367 2140 3376 ’

500 3458 721 3522 missus,
759 3457 1180 3529 {Egyptiacique
1223 3459 1389 3512 animi
1445 3452 1702 3512 duritiem
1733 3474 2070 3528 expugnans,

503 3549 791 3619 multiplici
821 3564 1045 3618 prorsus
1079 3565 1174 3604 eos
1211 3551 1432 3604 verbere
1487 3565 1551 3602 ac
1583 3551 1732 3618 plaga
1760 3550 1965 3619 aﬂligit,
1986 3551 2074 3603 in-

498 3657 608 3713 que
668 3641 894 3696 brachio
949 3643 1166 3695 excelso
1225 3642 1480 3709 pupulum
1529 3657 1686 3694 suum
1742 3641 1976 3695 liberat:
2011 3656 2076 3696 ac

499 3734 716 3802 quidem
754 3733 823 3787 ab
851 3732 1169 3802 Egyptiaea
1203 3732 1520 3787 morositate
1553 3733 1858 3798 redimens;
1905 3733 2075 3802 ignis-

499 3841 606 3894 que
641 3826 919 3888 columna,
945 3841 1016 3894 ac
1075 3825 1237 3878 nubis
1262 3827 1489 3888 ducens,
1519 3840 1707 3877 eorum
1771 3825 1822 3877 in
1876 3833 2074 3879 terram

502 3918 827 3984 promissam
860 3917 1137 3971 ductorem
1171 3917 1300 3985 agit.
1335 3917 1496 3978 Tum,
1539 3931 1690 3969 mare
1725 3915 1967 3970 Rubrum
1990 3916 2077 3969 di-

501 4009 700 4070 visum,
735 4010 910 4076 siccis,
939 4009 1019 4062 eis
1049 4009 1292 4077 vestigiis
1326 4009 1428 4061 iter
1458 4007 1788 4075 explicavit:
1823 4007 2078 4074 idemque

502 4115 693 4153 rursus
742 4100 794 4151 in
847 4099 1090 4167 seipsum
1123 4097 1438 4160 confusmn,
1471 4096 1916 4163 persecutoribus
1947 4096 2081 4149 inte-

505 4192 642 4241 ritus
673 4190 859 4250 simul,
890 4204 952 4242 ac
978 4190 1285 4256 sepulcrum
1323 4187 1447 4240 fuit.
1479 4187 1621 4241 Hinc
1650 4202 1816 4255 rupes
1841 4182 2076 4255 dirupta,

505 4283 726 4334 ﬂumina
791 4281 1101 4350 profundit;
1167 4282 1485 4348 lignumque
1565 4293 1830 4349 aquarum
1920 4287 2080 4334 sanat

503 4373 921 4427 amaritudinem
965 4377 976 4426 ξ
1021 4390 1084 4426 ac
1115 4373 1336 4442 quidem
1378 4371 1785 4425 ﬁrmamentum
1836 4371 2080 4425 aviculas

2168 545 2380 602 bratilis
2414 546 2585 600 forma
2619 545 2690 599 ibi
2737 546 3118 601 contuebatur.
3183 542 3291 597 Illic
3347 544 3759 598 candelabrum

2166 648 2219 694 et
2269 654 2546 702 mensam;
2601 637 2713 693 illic
2755 651 2881 692 aras
2959 646 3013 691 et
3052 651 3259 699 arcam,
3301 635 3518 703 aliaque
3577 635 3762 689 caele-

2166 732 2331 785 stium
2370 730 2723 785 similitudine
2749 741 3051 799 assumpta,
3088 731 3272 797 figurae
3303 729 3514 782 ratione
3539 728 3626 781 vir
3647 727 3756 780 Del

2168 833 2460 889 conspectu
2508 811 2640 877 usus
2696 823 2843 876 serio
2895 822 3383 898 contemplabatur.
3429 819 3554 872 Hazc
3613 832 3758 872 vero

2171 915 2462 969 tribulibus
2495 914 2734 979 tradens,
2761 928 2824 967 ac
2865 915 3229 967 sacerdotium
3261 911 3481 980 quidem
3511 909 3756 973 Aaroni,

2168 1023 2425 1076 germano
2453 1021 2703 1076 corpore,
2729 1019 2986 1073 germano
3017 1003 3211 1073 spiritu
3251 1003 3538 1073 praabens;
3584 998 3757 1054 ducis

2167 1109 2346 1152 autem
2385 1099 2759 1168 przelecturam
2794 1093 2926 1149 .Iesu
2957 1093 3159 1149 lamulo
3195 1089 3758 1166 concredens,ornni-

2170 1205 2277 1258 que
2306 1205 2532 1258 operum
2575 1188 2745 1260 ipsius
2777 1186 3080 1251 ministerio
3107 1200 3170 1239 ex
3195 1178 3417 1238 ‘consilii
3451 1182 3623 1239 divini
3656 1195 3756 1233 ra—

2167 1281 2406 1336 tionibus
2432 1281 2664 1349 expleto,
2696 1279 2773 1335 sic
2803 1278 2968 1331 vitam
2998 1275 3289 1340 caducam,
3321 1275 3601 1345 mortique
3644 1271 3760 1327 ob-

2168 1375 2388 1428 noxiam
2418 1375 2660 1440 deponit.

2239 1466 2329 1520 Sic
2355 1465 2572 1534 quidem
2609 1463 2814 1526 Moses;
2845 1462 3000 1533 isque
3054 1464 3137 1532 (ut
3167 1458 3359 1531 paucis
3388 1456 3758 1526 complectar)

2167 1557 2287 1626 ejus
2342 1557 2568 1612 instituti
2650 1557 2882 1624 vitaeque
2924 1555 3151 1609 rationis
3189 1553 3385 1606 modus
3420 1549 3542 1603 fuit.
3599 1544 3755 1612 Quid

2170 1665 2296 1704 vero
2325 1647 2651 1718 Gregorius?
2684 1645 2875 1700 Nonne
2902 1660 3180 1701 sacrorum
3212 1651 3519 1713 parentum,
3555 1651 3760 1694 sacra-

2171 1740 2379 1794 tissima
2441 1739 2618 1807 proles
2660 1738 2867 1793 eluxit?
2914 1735 3106 1790 Nonne
3155 1735 3202 1788 is
3259 1748 3481 1803 quoque
3541 1728 3760 1784 saeculo

2173 1840 2426 1898 tanquam
2464 1829 2627 1883 ﬂuvio
2656 1829 2959 1898 expositus,
2995 1827 3234 1897 Spiritus
3279 1827 3495 1894 quidem
3548 1822 3751 1891 signa—

2173 1923 2297 1976 culo
2338 1921 2538 1976 ﬁscella
2560 1921 2930 1984 communitus
2964 1920 3080 1974 est’
3109 1936 3121 1972 :
3160 1918 3405 1974 szeculari
3445 1923 3628 1970 autem
3658 1927 3763 1967 sa-

2173 2014 2386 2084 pientia:
2433 2014 2677 2081 elegans.
2711 2013 3009 2082 dexterque
3045 2010 3225 2064 indole
3265 2009 3438 2067 visus.
3477 2017 3642 2074 atque
3695 2003 3758 2056 in

2172 2104 2340 2158 lilium
2368 2105 2415 2158 ei
2450 2104 2760 2172 adoptatus,
2805 2104 2854 2156 in
2892 2118 2953 2156 ea
2983 2102 3249 2164 eruditur,
3278 2108 3444 2167 atque
3477 2109 3759 2164 praepara-

2174 2196 2298 2250 tur?
2326 2194 2466 2248 Nunt
2513 2196 2659 2250 illius
2693 2210 2913 2251 sensum
2963 2191 3222 2246 humilem
3310 2205 3373 2242 ac
3405 2185 3760 2256 superstitio-

2175 2305 2298 2344 nem
2357 2289 2733 2344 lubentissime
2767 2287 3000 2355 l'ugiens,
3057 2281 3365 2340 sublimiori
3408 2279 3762 2346 contempla-

2175 2382 2341 2443 tione,
2399 2393 2462 2432 ac
2511 2378 2681 2446 magis
2707 2393 2736 2432 e
2775 2378 2971 2446 pietate
3024 2388 3157 2431 usus
3207 2381 3291 2428 est
3319 2372 3383 2425 ad
3419 2367 3758 2438 sapientiam

2174 2471 2379 2527 mundo
2409 2469 2746 2539 superiorem
2769 2470 2792 2522 Τ

2243 2562 2358 2616 Non
2393 2561 2754 2631 commigrans
2807 2559 2953 2613 velut
3008 2555 3183 2610 Moses
3239 2552 3306 2608 ad
3360 2559 3597 2605 montem
3630 2545 3758 2600 Ma-

2172 2649 2355 2714 dian",
2407 2650 2499 2703 sed
2553 2665 2723 2703 sacra:
2759 2648 2926 2701 animi
2974 2642 3406 2713 tranquillitatis,
3448 2654 3512 2693 ac
3543 2638 3759 2704 imper-

2173 2743 2502 2798 turbationis
2533 2741 2786 2793 verticem
2824 2736 3234 2800 conscendens;
3291 2746 3391 2786 nec
3441 2730 3586 2784 sicut
3635 2727 3756 2789 ille,

2174 2832 2457 2887 mortalem
2482 2829 2584 2884 sibi
2614 2827 2898 2897 conjugem
2927 2839 3233 2889 assumens,
3257 2819 3350 2876 sed
3383 2816 3639 2889 perfectae
3659 2830 3756 2869 sa-

2174 2923 2390 2993 pientiae
2419 2935 2604 2974 amore
2653 2920 2928 2978 incensus,
2958 2915 3184 2984 ejusque
3209 2913 3508 2984 gratiarum
3541 2923 3757 2963 corona

2175 3014 2372 3068 eximie
2399 3021 2662 3072 ornatus;
2697 3024 2793 3062 nec
2832 3007 3098 3076 pecudum
3145 3005 3372 3060 rationis
3419 3002 3755 3071 expertium,

2100 3105 2272 3191 c-sed
2304 3103 2516 3157 ratione
2551 3116 2676 3165 vere
2706 3100 2972 3154 utentium
3006 3097 3428 3167 probatissimus
3455 3102 3640 3163 pastor
3670 3091 3758 3145 ef-

2179 3196 2375 3257 fectus,
2410 3193 2454 3247 si
2484 3193 2607 3262 quis
2647 3191 2784 3244 alius
2812 3189 3120 3244 mortalium
3161 3187 3490 3242 lnvisibilem
3519 3183 3754 3246 videt’;

2178 3302 2241 3340 ac
2272 3285 2506 3359 revelata
2562 3283 2698 3337 facie
2733 3281 3128 3349 contemplatus
3177 3277 3386 3331 Domini
3418 3276 3753 3336 claritatem,

2180 3388 2293 3432 tum
2334 3375 2786 3442 contemplatione
2809 3374 2873 3437 ¹⁰,
2895 3381 3008 3425 tum
3040 3369 3278 3439 potentia
3306 3367 3570 3436 repletur,
3589 3373 3758 3433 atque

2179 3470 2233 3524 in
2261 3469 2419 3521 istam
2449 3465 2680 3518 mittitur
2708 3463 3020 3531 A‘ngptum.
3070 3461 3298 3514 Mittitur
3326 3473 3454 3512 vero
3482 3466 3544 3510 ut
3575 3471 3755 3523 popu-

2177 3563 2288 3615 lum
2334 3557 2564 3632 l)omin_o
2617 3556 2939 3625 peculiarem
2971 3554 3311 3622 acquireret;
3372 3560 3536 3618 atque
3571 3563 3601 3601 a
3628 3547 3759 3601 cati-

2176 3653 2366 3720 giuosa
2414 3648 2793 3701 haereticorum
2837 3644 3140 3716 ignorantia
3181 3643 3464 3704 libera-tos,
3511 3637 3580 3692 ad
3609 3638 3754 3691 luci-

2174 3744 2299 3796 dam
2342 3739 2394 3793 in
2433 3739 2535 3792 lidc
2563 3737 2858 3790 viventium
2901 3733 3142 3787 veritatis
3172 3731 3540 3785 hereditatem
3575 3737 3756 3781 trans-

2178 3833 2362 3887 ferret.

2256 3925 2416 3994 Virga
2449 3923 2672 3993 quidem
2701 3937 2729 3974 a
2767 3920 2872 3973 Deo
2896 3918 3116 3973 minime
3145 3918 3199 3969 in
3234 3928 3428 3969 manus
3453 3907 3646 3967 tradita
3676 3911 3752 3978 “;

2178 4019 2308 4088 quin
2371 4017 2486 4085 ipse
2536 4015 2714 4083 potius
2753 4013 2900 4081 virga
2952 4011 3167 4062 virtutis
3203 4007 3431 4060 eﬂicitur
3485 4003 3754 4056 divinitus

2181 4110 2369 4163 missa.
2406 4103 2568 4173 Virga
2612 4103 2827 4172 utique,
2871 4116 2977 4154 non
3010 4114 3129 4167 qum
3170 4097 3221 4150 in
3259 4095 3600 4150 seductorem
3639 4105 3752 4144 ser-

2181 4211 2392 4271 pentem
2429 4196 2845 4251 trattsl‘ormetur
2871 4194 2936 4256 η,
2974 4192 3064 4245 sed
3095 4206 3213 4258 qua:
3243 4190 3294 4242 in
3335 4187 3567 4241 formam
3603 4183 3755 4268 Chri-

2181 4298 2325 4344 stum
2352 4287 2699 4347 rel'ereutem,
2740 4299 2804 4335 ac.
2830 4292 3064 4334 mentem
3107 4280 3419 4330 innnutetur
3445 4292 3460 4325 :
3498 4289 3603 4325 non
3631 4286 3755 4338 quae

2182 4393 2378 4449 aquam
2414 4374 2707 4446 potabilem
2736 4374 2789 4424 in
2821 4371 3138 4437 sanguinein
3166 4366 3311 4434 potui
3353 4365 3595 4416 inutilem
3629 4378 3754 4416 ver-

508 4465 641 4532 pluit
687 4466 829 4519 sicut
881 4466 1199 4533 pulverem;
1229 4465 1367 4518 ccelo
1400 4479 1588 4517 verum
1626 4479 1843 4531 panem,
1879 4464 2077 4535 ‘spisso
2110 4455 2152 4509 ι)
2182 4471 2344 4531 tat”,
2390 4467 2482 4521 sed
2546 4482 2669 4532 quae
2709 4461 2927 4531 potabili
2974 4460 3242 4515 doctrinm,
3298 4455 3499 4509 salsam
3558 4469 3751 4508 eorum

509 4556 699 4620 imbre,
724 4553 1007 4609 demittit:
1043 4565 1207 4622 atque
1255 4565 1492 4607 extensa:
1534 4570 1750 4617 manus,
1793 4554 2080 4607 innumera

507 4645 695 4704 fugant
729 4645 968 4699 hostium
1013 4644 1212 4706 millia;
1247 4642 1612 4711 Deiqucjusta
1661 4643 1950 4706 sententia,
1983 4658 2080 4711 p0-

506 4738 689 4806 pnlum
719 4742 1155 4788 murmurantem
1193 4733 1435 4787 vicissim
1476 4733 1594 4786 neci
1625 4733 1808 4788 tradit.

573 4827 729 4892 Quod
778 4826 1026 4880 omnium
1075 4825 1400 4888 maximum,
1456 4825 1865 4893 maximamque
1918 4824 2082 4878 habet

464 4920 921 4973 oadtnirationem
946 4958 959 4982 ,
1016 4916 1263 4971 ascendit
1310 4917 1362 4969 in
1414 4923 1653 4970 montem
1686 4916 1962 4970 excelsum
1993 4931 2082 4970 so-

506 5015 610 5073 lus,
641 5014 965 5079 dierumque
994 5009 1356 5078 quadraginta
1386 5008 1596 5078 jejunio
1640 5023 1875 5077 corpore
1921 5023 2082 5060 mun-

505 5105 686 5166 datus,
750 5104 934 5155 animo
961 5103 1235 5170 expiatus,
1267 5101 1548 5154 tremenda
1594 5097 1691 5153 Dei
1745 5114 1930 5153 coram
1961 5099 2080 5152 ani-

508 5197 907 5259 madversione,
943 5195 1418 5263 prwstautiorique
1445 5193 1497 5246 in
1538 5193 1722 5258 specie
1751 5192 1892 5259 ignis
1919 5207 2084 5259 appa-

508 5288 727 5349 ritione,
762 5297 924 5355 atque
954 5288 1203 5351 vocibus,
1253 5300 1316 5339 ac
1352 5285 1518 5346 tubis,
1554 5294 1814 5348 tanquam
1852 5283 1903 5333 in
1935 5296 2084 5350 sym-

512 5381 674 5436 bolis.
696 5382 950 5448 dignatur
977 5398 991 5435 :
1016 5380 1367 5448 lapideisque
1396 5377 1596 5430 tabulis
1621 5375 1917 5442 inscriptas
1942 5376 2086 5442 leges

510 5471 807 5540 accipiens,
871 5480 1033 5542 atque
1081 5474 1264 5527 varios
1319 5473 1428 5523 illic
1491 5468 1886 5522 sacrificiorum
1952 5468 2088 5520 ritus

585 5683 601 5708 ⁷
632 5677 798 5730 Exod.
842 5695 895 5735 ll,
926 5677 977 5728 3.

520 5754 558 5780 ”
603 5751 735 5802 l‘.~ul.
767 5767 872 5812 etv,
911 5748 998 5801 (ΞΩ.

1058 5679 1076 5706 ⁸
1111 5678 1240 5739 ibid.
1298 5678 1383 5729 l5.
1461 5679 1524 5730 9!
1567 5677 1708 5731 Tim.
1741 5696 1778 5740 ι,
1822 5679 1904 5732 l7.

1085 5751 1122 5777 ιδ
1154 5745 1318 5798 Exod.
1358 5764 1471 5812 \‘lll,
1503 5751 1552 5813 '2;
1580 5762 1708 5810 xm,
1752 5748 1841 5802 ‘ll.

1989 5679 2028 5708 ¹⁰
2057 5676 2091 5727 ΙΙ
2123 5677 2248 5729 Cor.
2281 5694 2357 5739 ιιι,
2391 5676 2470 5728 18.

1927 5750 1965 5779 ³⁵
2003 5747 2169 5800 l‘lxod.
2210 5764 2260 5806 χ,
2291 5747 2340 5799 .‘i.

2180 4564 2476 4628 abstergat.
2506 4554 2621 4606 Non
2659 4569 2780 4621 qua:
2814 4553 3102 4619 ingruente
3130 4545 3403 4614 reptilium
3433 4544 3610 4613 copia,
3652 4559 3748 4596 ea-

2181 4666 2285 4717 que
2317 4647 2640 4702 edacissima
2671 4643 3013 4698 adversarios
3039 4637 3441 4704 conl‘ringat";
3488 4637 3581 4690 sed
3629 4650 3750 4703 quae

2181 4741 2491 4796 eﬂicacibus
2541 4739 2784 4805 vivisque
2821 4734 3164 4788 sermonibus
3215 4730 3564 4784 durissimam
3599 4743 3748 4780 men-

2187 4845 2291 4889 tem
2351 4841 2514 4901 atque
2564 4830 2856 4898 superbam
2909 4828 3053 4881 velut
3108 4824 3320 4894 ﬂagello
3375 4822 3582 4883 cardat;
3628 4820 3749 4873 aliis

2185 4923 2400 4993 quidem
2436 4922 2633 4974 vulnus
2701 4935 2764 4972 ac
2799 4920 2950 4986 plaga
3010 4927 3248 4974 tumens,
3303 4927 3407 4964 non
3439 4919 3627 4978 suapte
3663 4910 3749 4962 in-

2185 5013 2324 5076 dole,
2364 5011 2455 5066 sed
2483 5011 2699 5064 illorum
2746 5008 3080 5066 morositate,
3109 5004 3200 5071 qui
3237 5002 3386 5054 omni
3423 5001 3601 5053 ulcere
3660 5000 3743 5052 in-

2185 5103 2485 5159 sanabilius
2535 5101 2739 5154 invidia
2803 5096 3068 5150 vulnerati
3123 5111 3185 5147 ac
3237 5093 3420 5146 lcedati
3471 5092 3743 5153 essent";

2185 5195 2306 5246 aliis
2345 5191 2645 5245 consolatio
2685 5190 2848 5250 bona,
2902 5186 3278 5238 fulcimentum
3336 5195 3401 5234 ac
3447 5183 3635 5249 gratia.
3671 5179 3746 5232 Ac

2185 5284 2403 5352 quidem
2442 5283 2585 5342 aliis,
2628 5282 2797 5334 instar
2829 5277 3136 5348 grandinis,
3190 5273 3440 5340 ignisque
3472 5273 3742 5338 ingruens,

2188 5386 2298 5428 tum
2336 5375 2601 5429 densitate
2632 5385 2967 5429 sermonum,
3000 5378 3112 5420 tum
3137 5365 3444 5419 divinorum
3478 5364 3598 5430 igne
3623 5376 3745 5413 sen-

2185 5482 2392 5527 sorum,
2444 5467 2849 5517 contumacium
2909 5461 3120 5514 animos
3147 5457 3506 5512 consumebat
3531 5454 3602 5515 “;
3629 5452 3744 5506 aliis

2591 5673 2627 5702 "
2667 5671 2833 5723 Exod.
2874 5686 2945 5733 tv,
2983 5670 3032 5721 ἓ.
3149 5667 3190 5698 η
3216 5661 3386 5717 Exod.
3432 5677 3528 5725 νη,
3567 5662 3625 5714 l‘)
3653 5660 3739 5714 20.

2428 5748 2469 5775 ’⁵
2506 5742 2672 5795 Exod.
2715 5758 2786 5804 ιχ,
2812 5740 2898 5792 ‘23.
