3924 6312
134 407 230 467 ιτπ

811 395 1094 458 ORATIO
1130 394 1258 455 XX.
1289 414 1355 427 -·-
1395 390 1477 450 ΙΝ
1517 385 1831 483 LAUDiEM
1869 385 1930 444 S.
1967 375 2340 440 GREGORII
2380 374 2652 436 THEOL.

3253 365 3358 429 474

135 516 270 568 Velut
301 527 394 565 rus
428 526 460 563 e
487 510 620 564 cutio
655 508 849 562 leniter
876 506 1109 569 stillans,
1146 501 1399 558 sensibus
1435 508 1495 553 ut
1528 498 1685 552 florc-
1789 488 2224 562 pnnstantiorem
2261 502 2437 554 quam-
2457 501 2555 551 pro
2587 495 2779 537 sensus
2812 479 3027 533 ratione
3065 476 3154 530 Dei
3194 477 3361 530 visio-

136 603 268 667 rent,
305 602 594 673 praestabat
621 617 634 652 :
659 607 823 667 atque
849 597 973 650 aliis
992 596 1213 664 quidem
1245 591 1480 646 tenebrae
1508 589 1690 666 palpa-

134 696 261 751 biles
289 694 568 763 prostabat
589 692 626 722 "
652 709 666 757 ;
695 662 818 743 aliis
863 689 955 740 lux
983 662 1179 740 mentis
1213 690 1424 745 sancta,
1456 696 1519 734 ex
1547 662 1688 741 luce,

133 804 247 857 quae
272 785 421 841 omni
452 783 622 850 major
647 780 933 835 sanctitate
988 787 1090 839 est,
1117 774 1331 830 abunde
1361 771 1644 840 cll‘ulgebat
1675 786 1688 822 :

131 880 254 948 quin
286 875 487 946 potius,
516 874 608 944 qui
660 872 754 925 lux
801 869 1011 923 cunctis
1040 882 1164 921 vera
1201 851 1326 918 tutn'
1363 863 1534 920 fieret,
1578 870 1690 913 tum

132 979 267 1024 esset
291 966 460 1033 ;’aliis
493 962 712 1033 quidem
743 958 1050 1014 illustrandi
1085 957 1136 1009 vi
1164 954 1400 1023 pollebat
1426 952 1515 1022 (iis
1545 950 1691 1004 scili-

131 1068 204 1112 cet
228 1057 322 1126 qui
353 1069 465 1110 suae
496 1051 694 1106 mentis
719 1050 878 1103 oculo
909 1050 974 1101 al.
1001 1047 1119 1112 ejus
1150 1043 1450 1111 fulgoribus
1474 1040 1693 1094 minime

132 1147 532 1213 abbm-rerent),
565 1142 684 1196 aliis
712 1139 1061 1197 obscurandi,
1117 1135 1208 1204 qui
1246 1134 1461 1202 prepria
1496 1131 1693 1185 mentis

131 1240 410 1294 debilitate
439 1251 620 1291 veram
675 1234 975 1286 claritatem
1020 1227 1232 1281 obtueri
1286 1240 1390 1277 non
1441 1231 1691 1291 possent;

131 1332 219 1400 qui
263 1331 442 1384 lucem
473 1324 712 1396 quidem,
764 1331 822 1376 ut
861 1321 1134 1374 inimicam
1178 1313 1516 1384 refugerent;
1551 1320 1696 1364 tene-

134 1424 254 1475 bras
284 1429 467 1472 autem
501 1427 760 1482 tanquam
801 1407 1158 1464 suavissimas
1216 1403 1318 1458 sibi
1371 1401 1694 1469 deligerent.

131 1515 203 1565 Ac
233 1511 473 1564 alierum
503 1505 722 1577 quidem
757 1499 950 1554 mentis
991 1497 1264 1548 rationum
1325 1507 1390 1545 ac
1421 1491 1697 1544 actionum

136 1602 432 1672 primitiva,
472 1595 813 1667 argumentis
857 1587 1148 1645 confutans
1200 1578 1700 1644 exterminabat";

134 1693 366 1746 aliorum
399 1698 578 1744 autem
615 1682 1071 1739 ineontaminatas
1103 1678 1158 1731 in
1197 1675 1400 1731 Christi
1443 1670 1704 1742 sanguine

135 1783 347 1834 animas
374 1778 752 1834 conservabat.

1793 598 1918 638 nem
1981 587 2211 643 nactus;
2268 591 2377 628 non
2430 569 3076 643 fragore_mugientibus
3112 553 3360 628 vocibus,

1791 674 2050 741 tubisque
2099 682 2278 723 aerem
2307 666 2356 719 vi
2387 664 2837 734 percutientibus,
2876 656 3360 722 vehementiusque

1789 764 2019 846 auribus
2050 758 2470 821 insonantibns;
2511 755 2604 810 sed
2635 754 2754 808 sine
2801 751 3056 819 strepitu,
3086 755 3250 814 atque
3286 745 3365 796 le-

1795 837 1957 918 niter,
2012 859 2070 906 et
2128 849 2234 904 leni
2295 863 2359 902 ac
2409 846 2589 916 quieto
2637 844 2730 897 Dei
2769 839 2994 911 Spiritui
3028 837 3364 904 colloquens,

1795 947 1980 1016 illique
2009 939 2385 1011 congrediens,
2429 953 2493 992 ac
2530 929 2762 991 silentio
2790 947 3017 998 magnas
3047 926 3365 984 sublimium

1794 1039 2137 1091 decretorum
2170 1044 2331 1084 voces
2374 1028 2675 1095 percipiens
2710 1043 2723 1079 :
2755 1039 2860 1079 non
2897 1020 3130 1076 tenebris
3174 1033 3240 1071 ac
3276 1031 3366 1071 ca-

1796 1128 1961 1196 ligine
1995 1124 2233 1178 obducto
2259 1132 2510 1188 corpore,
2538 1116 2630 1171 sed
2657 1131 2818 1184 supra
2857 1127 3019 1182 quam
3074 1108 3242 1180 ignoti
3285 1108 3366 1159 in-

1795 1213 2299 1286 comprellensionis
2351 1209 2540 1265 notitia
2571 1207 2781 1261 obtecto
2817 1223 2830 1257 :
2859 1219 2967 1256 non
3017 1198 3271 1270 procellis
3303 1211 3368 1249 ac

1797 1310 2012 1366 turbine
2074 1306 2359 1372 ventisque
2416 1298 2692 1361 flantibus,
2751 1295 2844 1350 sed
2905 1292 3074 1346 divini
3134 1287 3368 1358 Spiritus

1798 1398 2139 1453 mollioribus
2166 1395 2317 1448 auris
2345 1389 2737 1462 perflantibus;
2773 1399 2880 1438 non
2914 1380 3214 1437 caelestium
3241 1378 3370 1429 ima.

1799 1491 1973 1558 gines,
2002 1501 2064 1542 ac
2092 1489 2316 1555 figuras,
2367 1496 2468 1535 nec
2527 1476 2774 1533 veritatis
2818 1473 3074 1528 obtuetur
3123 1464 3368 1526 umbras,

1802 1578 1894 1632 sed
1919 1578 2032 1644 ipsa
2066 1573 2336 1630 sacratius
2363 1570 2590 1624 docetur
2612 1563 2882 1625 caelestia,
2915 1557 3199 1628 ipsamque
3228 1553 3373 1606 clare

1803 1641 2080 1722 veritatem
2109 1665 2298 1719 cernit.
2340 1658 2613 1731 Symbolis
2644 1655 2813 1716 enim,
2876 1667 2940 1704 ac
2985 1645 3194 1702 umbris
3237 1641 3371 1696 Mosi

1807 1755 2112 1825 conspectis
2145 1754 2213 1809 ad
2243 1768 2304 1807 ea
2336 1741 2458 1818 qua:
2494 1763 2622 1800 vera
2675 1754 2804 1800 sunt
2835 1738 3178 1808 intelligemla
3199 1747 3371 1802 usus,

189 1872 354 1924 idem
405 1872 522 1939 ipse
569 1869 707 1938 ignis
736 1866 992 1920 columna
1068 1876 1131 1915 ac
1183 1858 1348 1914 nubis
1375 1855 1701 1916 efficitur”;
1736 1836 1780 1892 Β
1810 1865 1872 1903 ac
1905 1863 1998 1916 per
2029 1860 2090 1898 ea
2140 1844 2205 1897 ad
2239 1843 2415 1911 ipsum
2475 1837 2622 1892 clare
2654 1833 3028 1936 legislaturem
3090 1828 3372 1884 devectus,

1994 1937 2003 1939 _
2078 1935 2090 1939 _
2385 1930 2396 1939 .
2588 1936 2597 1939 -
2745 1925 2756 1939 ι
2894 1937 2902 1939 ξ
2939 1918 3255 1939 _-.__:..._---..
3281 1911 3369 1939 .‘n:

137 1963 346 2030 peccati
379 1960 666 2029 caliginem
710 1956 1058 2024 dispescens,
1099 1949 1423 2017 virtutisque
1463 1946 1704 1999 laborem

137 2052 426 2121 refrigerio
455 2059 762 2118 temperans
805 2056 965 2113 atque
996 2043 1236 2105 leniens;
1267 2040 1520 2106 velutque
1547 2035 1708 2088 nubis

137 2159 284 2206 rore,
337 2141 598 2196 Paracleti
653 2137 1042 2198 consdatiooe,
1101 2132 1398 2203 spiritalem
1457 2127 1710 2182 lsraclem

137 2238 350 2300 levans,
381 2243 544 2301 atque
577 2232 641 2286 ad
671 2243 934 2298 supernas
959 2224 1272 2282 mansiones
1301 2219 1624 2280 traducens;
1648 2230 1710 2270 ac

140 2341 305 2380 manu
349 2325 568 2393 quidem
600 2320 810 2375 excelsa
838 2317 1023 2374 saeculi
1053 2331 1200 2369 mare
1226 2315 1300 2368 illi
1343 2314 1592 2374 scissum,
1627 2310 1712 2362 in-

139 2419 302 2471 noxie
341 2413 758 2474 transmittens;
820 2425 914 2464 eos
953 2423 1081 2460 vero
1109 2406 1201 2474 qui
1243 2402 1479 2458 dementi
1531 2416 1596 2454 ac
1625 2399 1714 2453 fu-

143 2510 284 2562 renti
331 2508 382 2558 in
413 2520 537 2560 eum
573 2502 814 2569 impetu,
852 2499 996 2552 omni
1043 2504 1303 2566 apparatu
1353 2491 1718 2561 insequeban-

143 2609 252 2662 tur,
307 2598 362 2648 in
419 2611 483 2649 eo
534 2591 828 2648 suffocatos
888 2589 1224 2664 relinquens,
1276 2585 1569 2655 purissimo
1604 2583 1718 2650 ipse

142 2687 536 2744 salvandorum
599 2682 787 2744 coetui,
834 2695 956 2734 cum
1003 2678 1291 2747 magnifico
1323 2675 1536 2727 virtutis
1568 2687 1718 2726 com-

145 2791 354 2839 meatu,
398 2776 463 2847 ad
491 2776 677 2828 beatas
705 2771 902 2826 salutis
941 2769 1097 2823 sedes
1136 2768 1328 2821 ductor
1353 2766 1596 2834 praeibat.

217 2869 313 2921 Fit
343 2876 495 2936 petra
522 2865 603 2930 ²⁰;
652 2878 838 2917 revera
897 2861 1041 2915 enim
1072 2859 1368 2928 spiritalem
1425 2854 1716 2924 petram“,

143 2975 252 3013 non
289 2967 630 3027 sequentem,
664 2956 874 3024 ipsique
902 2955 1178 3015 comitem,
1247 2950 1342 3004 sed
1391 2950 1444 3001 in
1492 2964 1555 3002 eo
1606 2962 1722 3000 ma-

145 3060 398 3110 nentem,
425 3049 703 3103 Christum
738 3046 861 3098 vita:
888 3044 1076 3096 latices
1104 3049 1436 3102 manantem,
1468 3038 1720 3091 habebat.

149 3144 389 3211 Lignum
427 3153 644 3208 quoque
695 3136 949 3197 ellicitur,
986 3133 1134 3200 potui
1173 3131 1416 3185 inutilem
1436 3131 1503 3193 “,
1563 3139 1725 3196 atque
1751 3157 1795 3219 C

149 3247 402 3286 amaram
437 3233 713 3283 baereseon
748 3225 1074 3286 doctrinam,
1103 3223 1159 3275 in
1195 3231 1352 3274 rectae
1388 3219 1508 3272 fidei
1540 3207 1722 3272 dulce-

150 3314 616 3380 dinem'mutans.
641 3318 888 3372 Manibus
919 3325 1102 3369 autem
1133 3330 1239 3368 non
1270 3311 1503 3365 interdiu
1532 3317 1722 3364 exten-

152 3419 256 3483 sis,
337 3431 401 3470 ac
453 3430 574 3482 quae
625 3428 816 3482 graves
873 3410 1325 3477 deprimerentur,
1385 3404 1726 3470 aliorumque

153 3524 330 3581 opera
362 3505 652 3572 sustentari
686 3503 972 3565 deberent;
1011 3500 1101 3554 sed
1136 3507 1314 3552 mente
1350 3496 1400 3548 in
1435 3494 1724 3548 Dominum

149 3603 362 3672 jugiter
387 3597 598 3653 sublata
667 3609 730 3648 ac
754 3593 1067 3656 excedente,
1095 3598 1204 3642 tum
1234 3602 1416 3642 verum
1449 3585 1725 3640 suffulcie-

156 3698 250 3750 bat
321 3691 600 3753 lsraelem,
663 3695 776 3740 tum
835 3698 1021 3738 verum
1090 3681 1347 3736 fundebat
1404 3678 1730 3744 fugabatque

158 3785 391 3840 Amalec
405 3783 470 3835 “.

232 3879 350 3931 Alit
394 3885 595 3937 autem,
649 3887 756 3926 non
809 3883 945 3938 pane
989 3865 1082 3935 qui
1139 3863 1314 3932 prima
1348 3861 1468 3915 luce
1507 3874 1537 3914 e
1596 3858 1733 3912 ccelo

162 3972 386 4040 pluens,
447 3967 750 4035 plusculum
791 3959 1117 4014 ascendente
1169 3953 1282 4007 sole
1317 3967 1439 4005 mox
1472 3950 1736 4017 collique-

165 4064 390 4128 scat“;
426 4077 525 4114 nec
551 4059 729 4112 avium
767 4052 1021 4108 carnibus
1054 4050 1320 4102 immensa
1358 4044 1510 4113 copia
1546 4042 1738 4096 imbris

166 4159 348 4209 instar
398 4147 801 4218 depluentium,
861 4140 952 4195 sed
1014 4150 1329 4192 sermonum
1410 4131 1738 4186 abundantia
1797 4190 1804 4195 κ

169 4260 338 4315 atque
372 4242 457 4304 vi;
490 4250 596 4293 tum
625 4249 816 4302 nempe
854 4229 1024 4299 magis
1054 4227 1376 4296 spiritalium
1433 4239 1498 4276 ac
1526 4223 1741 4276 divino-

173 4352 324 4402 rum,
349 4347 488 4403 eque
525 4338 766 4388 sursum,
796 4333 957 4390 atque
1000 4315 1260 4386 sapientia
1285 4328 1406 4382 quae
1427 4313 1492 4365 de
1522 4325 1740 4364 sursum

173 4431 284 4487 est;
338 4422 786 4481 subministrante
838 4404 1274 4481 suppeteutium‘;
1331 4415 1443 4458 tum
1482 4418 1739 4471 corpora~

178 4523 313 4575 lium
353 4514 524 4584 magis
575 4527 640 4566 ac
672 4505 1020 4567 naturalium,
1055 4516 1114 4555 ex
1144 4511 1376 4562 terrena,
1414 4511 1475 4550 ac
1505 4510 1623 4565 quae
1646 4509 1746 4547 saa-

182 4609 292 4664 culi
323 4623 424 4662 usu
476 4609 842 4669 roniparalur,
892 4590 1267 4661 intelligentia,
1328 4587 1631 4653 mentisque
1664 4598 1750 4636 so-

185 4701 339 4756 lertia
377 4695 450 4751 illi
492 4687 933 4746 collectorum“.
993 4683 1088 4737 His
1133 4682 1316 4749 igitur,
1365 4679 1456 4747 qui
1508 4677 1638 4730 recti
1688 4687 1751 4727 ac

189 4790 376 4843 fileles
403 4792 608 4844 essent,
634 4787 748 4832 tum
788 4774 986 4829 alebat.
1022 4780 1132 4824 tum
1167 4765 1480 4826 recreabat;
1528 4761 1617 4829 qui
1650 4775 1748 4813 au-

191 4890 293 4931 tem
321 4878 774 4927 murmuratores.
808 4877 872 4916 ac
903 4861 1010 4913 Deo
1055 4855 1434 4916 detrahebant,
1461 4866 1556 4905 eos
1588 4850 1750 4901 mise-

193 4966 345 5020 iabili
380 4978 444 5016 ac
473 4955 817 5027 deploranda:
845 4949 1006 5004 morti
1039 4946 1305 5003 tradebat.

263 5057 384 5112 Non
432 5054 487 5106 in
543 5059 778 5105 montem
814 5044 994 5117 (terra:
1028 5038 1255 5100 scilicet,
1311 5033 1402 5103 qui
1442 5033 1495 5085 in
1529 5043 1752 5084 sensum

200 5155 374 5213 cadat,
404 5140 699 5207 tumulum)
723 5152 812 5207 per
835 5135 996 5188 breve
1013 5140 1229 5199 tempus
1257 5124 1535 5186 Secedens,
1558 5121 1759 5186 Deique

206 5245 310 5299 illic
343 5254 482 5294 usus
510 5229 865 5300 colloquia",
922 5223 1095 5279 turbis
1129 5236 1189 5274 se
1239 5231 1430 5271 rursus
1485 5210 1760 5279 legislator

207 5333 580 5404 permittebat;
609 5322 700 5377 sed
734 5330 981 5387 suprema
1012 5308 1295 5377 theologiae
1323 5314 1617 5360 conscensa
1644 5312 1765 5365 spc-

212 5389 348 5485 cula,
386 5435 494 5473 non
543 5389 754 5468 dierum
799 5403 1175 5478 quadraginta,
1236 5399 1327 5452 sed
1362 5395 1474 5463 jugi
1508 5389 1761 5461 jejunio;

810 5546 852 5577 ¹⁸
891 5541 1060 5596 Exod.
1123 5553 1223 5597 ιιι,
1252 5534 1341 5588 ‘29.

216 5635 260 5665 ³²
284 5606 572 5684 Exul—sv,
594 5606 689 5674 95.
766 5619 812 5650 ’³
845 5613 1176 5684 Exml_._x_vu,
1205 5606 1289 5658 ll.

216 5701 262 5731 "
487 5674 688 5746 nant.
730 5689 822 5741 25.
923 5679 967 5712 ’⁸
994 5679 1150 5734 llcbr.
1191 5693 1266 5738 lx,
1299 5674 1348 5725 4.

222 5785 345 5836 nx,
385 5767 428 5818 l.
503 5763 548 5794 ³³
576 5759 746 5815 Exod.
777 5772 848 5817 iv,
878 5752 966 5806 9.7.

281 5563 322 5593 "
345 5555 514 5612 Exod.
553 5569 606 5611 κ.
638 5549 731 5601 22.

1459 5531 1500 5561 "
1538 5525 1707 5581 Exod.
1735 5537 1851 5574 xui.
1878 5523 1938 5573 2i
1964 5537 1976 5581 ;
2004 5534 2108 5581 xiv,
2146 5516 2228 5566 ll).

1396 5606 1439 5633 "
1462 5600 1624 5650 Exod.
1691 5609 1798 5650 xw,
1834 5591 1914 5649 Μ,
1958 5593 2036 5644 15.

1438 5672 1482 5718 39
1518 5667 1681 5720 lixod.
1724 5676 1846 5723 xxv,
1879 5664 1965 5714 3|.

1804 1954 1936 1993 vere
1957 1935 2185 2006 gloriam
2217 1930 2492 1986 contuitus
2522 1936 2625 1989 est,
2654 1905 2854 1978 itedum
2876 1918 3257 1990 posteriorum
3279 1911 3373 1964 Dei

1812 2001 2031 2097 (quibus
2055 2041 2083 2078 a
2113 2023 2218 2075 Deo
2259 2020 2515 2083 secunda,
2548 2017 2751 2084 illoque
2780 2019 3004 2066 auctore
3032 2004 3251 2060 condita
3279 2001 3376 2055 ob-

1811 2138 1970 2178 scure
1997 2113 2418 2188 significantur),
2442 2125 2628 2165 verum
2658 2107 2821 2161 etiam
2856 2102 2933 2171 (ni
2977 2096 3266 2152 audentius
3294 2093 3380 2143 10-

1814 2211 1976 2282 quor)
2032 2202 2468 2265 anteriorum";
2500 2199 2704 2268 ipsius,
2757 2194 3001 2259 inquam,
3060 2179 3377 2239 exsistentia

1815 2273 2110 2374 praeeuntis
2141 2311 2305 2365 supra
2328 2307 2489 2362 quam
2530 2290 2765 2359 ignotam
2799 2278 3086 2336 infinitatis
3110 2273 3377 2329 notitiam.

1819 2360 2173 2450 'Viditautetn
2211 2360 2698 2442 —Deiiclaritatem,
2760 2390 2866 2429 non
2921 2370 3070 2425 brevi
3126 2360 3383 2431 temporis

1818 2488 2027 2543 morula
2062 2485 2257 2538 factam
2305 2474 2679 2544 conspicuam,
2729 2468 2947 2534 citoque
2983 2457 3380 2519 abscedentem,

1819 2579 1911 2635 sed
1952 2589 2073 2645 quae
2122 2585 2340 2640 semper
2398 2542 2466 2619 ita
2501 2561 2810 2619 consistat:
2843 2569 2942 2609 nec
2969 2551 3117 2603 velut
3174 2546 3283 2607 ille,
3328 2542 3381 2594 in

1819 2678 1986 2739 petrae
2032 2669 2313 2733 protectus
2342 2655 2630 2713 foramine,
2661 2649 2754 2704 sed
2800 2647 2854 2698 in
2904 2637 3185 2709 unigenito
3205 2631 3385 2686 Verbo

1818 2768 2102 2829 paternam
2131 2761 2396 2805 contuens
2420 2730 2671 2815 gleriam,
2703 2737 2756 2791 in
2795 2733 2918 2788 Filii
2953 2728 3158 2798 Spiritu
3188 2721 3390 2777 eximie

1819 2813 1959 2903 ii'ilio
1990 2813 2464 2906 circumfulgetur.
2504 2832 2646 2886 Vidit
2673 2842 2794 2898 qua:
2819 2840 2915 2894 per
2951 2813 3388 2890 tabernaculum,

1823 2944 1990 3009 inque
2032 2937 2126 2990 illo
2179 2930 2414 3001 reposita
2457 2939 2587 2978 vasa
2621 2919 2851 2990 mystice
2897 2908 3388 2982 significabantur;

1824 2996 1958 3102 quin
1991 3029 2107 3097 ipse.
2134 2996 2314 3093 potius
2366 3017 2518 3072 vario
2542 3014 2805 3068 virtutum
2833 3005 2981 3061 cultu
3019 2996 3305 3056 insolubile
3333 3008 3394 3047 se

1831 3117 2244 3177 tabernaculum
2280 3111 2390 3164 Deo
2415 3107 2702 3165 exhibens,
2730 3099 2891 3155 etiam
2922 3108 3101 3149 arcam
3149 3085 3390 3142 animum

1829 3227 1988 3270 suum
2033 3205 2310 3263 reddidit:
2342 3213 2525 3254 arcam
2579 3193 2807 3255 scilicet,
2857 3202 2965 3241 non
3001 3197 3121 3250 qua:
3171 3177 3394 3232 haberet

1833 3320 2024 3360 urnam
2053 3311 2272 3353 auream
2298 3294 2366 3359 ’⁸,
2391 3291 2484 3346 sed
2513 3303 2632 3358 qua:
2654 3299 2750 3339 eor
2775 3295 2912 3336 auro
2926 3276 3168 3344 rutilum,
3194 3282 3388 3338 panem

1831 3399 1980 3452 illum
2019 3391 2293 3448 etelestem
2317 3381 2520 3455 gremio
2551 3377 2858 3433 continens.
2887 3368 3005 3423 Non
3039 3379 3159 3434 qua:
3184 3361 3391 3442 virgam

1833 3462 2250 3557 atnygtlalinam,
2275 3448 2396 3545 quae
2427 3473 2708 3531 floruerat,
2740 3461 3119 3532 lapideamque
3189 3467 3252 3506 ac
3285 3448 3395 3501 fra-

1835 3552 1996 3647 gilem
2045 3571 2321 3634 tabulam;
2366 3562 2462 3618 sed
2505 3574 2626 3628 quae
2672 3552 2962 3622 expolitam
3012 3553 3259 3604 mentem,
3334 3552 3416 3614 ac.

1838 3636 2235 3725 inviolabilem,
2287 3654 2526 3722 vereqUe
2573 3647 2669 3701 Dei
2725 3641 2897 3712 digito
2943 3636 3223 3704 scriptam,
3265 3642 3397 3683 con-

1840 3764 2066 3827 tegeret.

1914 3811 2056 3903 ltlem
2093 3844 2293 3914 pariter
2318 3834 2715 3912 candelabrum:
2749 3832 2953 3894 septem
2986 3815 3188 3872 habens
3232 3811 3400 3862 lucer-

1845 3920 1943 3996 nas
1980 3899 2412 3993 constituitur",
2446 3925 2537 3994 qui
2570 3903 2781 3981 scilicet
2808 3919 3015 3982 septem
3050 3905 3284 3975 Spiritus
3307 3899 3402 3951 do-

1846 4037 1929 4091 nis
1961 4029 2260 4085 Ecclesiam
2293 4023 2549 4077 illustret.
2610 4007 2970 4069 Constituitur
2993 4010 3044 4056 et
3071 4011 3277 4055 mensa,
3311 4007 3402 4060 pa-

1812 4138 1814 4141 '
1850 4141 1967 4179 nem
2000 4123 2151 4176 illum
2177 4129 2388 4171 summe
2409 4109 2689 4180 mysticum
2720 4099 2888 4170 probe
2909 4087 3278 4149 esurientibus
3306 4096 3404 4150 ap-

1814 4195 1817 4197 »
1850 4215 2082 4285 positum
2112 4195 2771 4262 habens”.Constituitur
2798 4190 2960 4243 etiam
2991 4183 3181 4243 altare,
3207 4174 3404 4244 nedum

1853 4303 2290 4374 thymiamatum,
2345 4293 2487 4346 velut
2533 4283 2891 4340 suavissimos
2919 4273 3149 4334 suliitus,
3185 4279 3405 4337 precum

3088 4363 3098 4374 .
3255 4358 3268 4374 .
3302 4354 3375 4374 77.,

1847 4396 2045 4464 jugiter
2081 4390 2284 4443 hostias
2334 4375 2754 4437 submittens”;
2789 4383 2980 4424 verum
3029 4363 3191 4433 etiam
3255 4354 3407 4408 bolo-

1847 4444 1884 4464 ,
1912 4444 1940 4461 η

1779 4497 1820 4550 D
1850 4491 2185 4540 caustorum,
2217 4477 2413 4544 pietate
2446 4471 2671 4539 pingues
2694 4463 2901 4516 animas
2932 4449 3189 4510 sacrificii
3218 4446 3324 4498 ritu
3351 4444 3405 4498 in

1852 4580 1969 4644 ipso
1999 4571 2205 4624 faciens
2231 4566 2296 4618 ".

1924 4665 2064 4718 idem
2092 4672 2304 4728 quoque
2329 4665 2558 4722 magnus
2587 4641 2828 4714 pontifex
2880 4637 3124 4696 effectus,
3155 4644 3262 4684 non
3305 4641 3408 4677 un-

1852 4753 2046 4809 ctionis
2077 4715 2195 4803 oleo
2221 4715 2398 4811 caput
2425 4715 2776 4802 barbamque
2798 4728 3041 4784 diluitur,
3083 4719 3176 4775 sed
3207 4715 3410 4785 Spiritu

1857 4839 2234 4901 cxsultationis
2290 4843 2468 4888 mente
2507 4846 2569 4882 ac
2629 4827 2807 4879 animo
2860 4814 3248 4872 sanctificatur.
3299 4805 3411 4860 Nec

1861 5209 2079 5260 cinnum
2138 5197 2446 5268 apostolica:
2495 5166 3062 5256 sapientiaesonitum
3105 5179 3412 5227 assumens,

1862 5301 1934 5352 ita
1959 5287 2406 5351 sanctificationis
2435 5278 2713 5340 sacerdos,
2743 5283 2907 5342 atque
2939 5267 3127 5322 hostiae
3158 5273 3310 5313 novae
3338 5271 3417 5308 sa-

1863 5387 2080 5441 erilicus
2113 5398 2214 5435 non
2245 5392 2336 5445 per
2368 5369 2703 5438 sanguinem,
2755 5363 2848 5418 sed
2894 5372 2987 5428 per
3042 5350 3291 5418 spiritum
3333 5345 3414 5397 fa-

2975 5491 3015 5520 "
3046 5486 3063 5539 I
3097 5485 3221 5536 Cor.
3271 5496 3322 5537 χ.
3359 5477 3413 5530 4.

2900 5562 2946 5591 ⁸⁸
2971 5555 3138 5611 Exod.
3193 5567 3300 5611 xu,
3360 5549 3411 5596 5.

2900 5647 2918 5671 ν
2966 5629 3056 5671 93-
3170 5622 3210 5651 "
3245 5615 3411 5671 Εχοιι.

3291 5632 3414 5669 κοιι.

2335 5507 2379 5539 ’⁸
2422 5502 2590 5557 Exod.
2645 5513 2774 5555 xvn.
2820 5494 2873 5547 6.

2570 5570 2658 5630 l5,
2711 5566 2795 5619 Π.

2534 5643 2574 5673 ³¹
2611 5629 2779 5693 Exod.
2817 5647 2941 5694 xxv,
2966 5629 3056 5682 25.

2148 5584 2190 5613 ³⁸
2237 5578 2351 5631 Jac.
2407 5591 2488 5638 Ill,

2045 5659 2086 5688 ³ο
2124 5654 2222 5705 lsa.
2256 5665 2332 5710 χι,
2367 5647 2422 5698 r2.
