3924 6312
474 289 579 351 475

1659 276 1947 366 vicum
1980 275 2504 337 PAPHLAGONIS

3591 256 3701 320 476

477 405 599 450 ctus
627 404 731 451 est.
770 391 888 448 Non
924 393 1067 448 enim
1094 405 1161 445 ex
1190 390 1395 444 umbra:
1446 404 1652 455 rerum,
1682 389 1774 445 sed
1807 405 1869 444 ex
1900 370 2039 442 veri-
2064 388 2116 449 Λ
2139 384 2339 454 injuste
2400 392 2593 438 autem‘
2635 379 2887 437 Ecclesiis
2944 376 3245 441 submotos,
3290 373 3426 427 locis
3461 370 3700 441 propriis

482 487 612 541 tatis
645 479 887 550 ratione;
941 498 1039 558 nec
1066 481 1236 558 juxta
1272 481 1517 535 ordinem
1548 481 1750 547 Aaron,
1798 478 1892 534 sed
1933 493 2036 546 qua

485 581 697 632 ratione
728 576 941 629 divinus
975 556 1197 637 Paulus,
1222 574 1370 641 regni
1404 572 1692 641 Evangelio
1718 571 2037 639 defungens;

484 684 570 733 ac,
597 667 739 724 sicut
785 682 1014 734 magnus
1067 665 1159 718 ille
1206 662 1446 731 pOntifex
1478 663 1639 717 Jesus
1664 663 1915 726 Christus
1942 675 2038 729 pro

480 777 581 817 suo
611 760 809 829 populo
836 760 1052 813 victima
1075 757 1273 819 factus,
1312 772 1612 826 precesque
1639 754 1895 817 oﬂ‘ereus,
1930 766 2035 805 non

479 855 648 909 semel
703 841 759 908 in
811 868 955 908 anno
1012 854 1062 904 in
1106 852 1314 906 sanctis
1337 858 1653 906 sanctorum
1684 846 2037 910 versabatur;

482 943 577 998 sed
615 944 949 998 incessanter
978 941 1207 1010 spiritali
1254 951 1417 1009 atque
1473 940 1682 995 caelesti
1724 938 1883 992 altari
1912 950 2039 1005 pro-

482 1034 775 1105 pinquaus,
814 1033 937 1086 inde
960 1033 1121 1087 nobis
1155 1032 1386 1088 salutem
1415 1040 1692 1099 operatur.
1992 1028 1996 1030 ⁷

554 1124 612 1178 1η
652 1138 777 1178 eum
838 1124 1081 1187 modum,
1112 1124 1311 1176 nedum
1355 1121 1534 1176 Moses
1560 1119 1832 1187 Theologo
1861 1131 2043 1171 esum--

482 1216 631 1284 plum
654 1214 905 1287 eﬂicitur‘,
931 1228 1120 1277 verum
1173 1216 1335 1268 etiam
1375 1215 1552 1267 Aaron
1580 1228 1596 1267 :
1629 1212 1682 1265 in
1717 1209 1861 1279 quod
1896 1209 2045 1277 aspi-

484 1305 653 1362 ciens.
684 1315 945 1373 quantuut
981 1306 1177 1360 veritas
1222 1306 1464 1358 umbram
1500 1307 1670 1373 ipsam
1702 1302 1871 1371 ﬁgura
1899 1299 2046 1354 desi-

470 1404 736 1463 gnantem
779 1395 1054 1463 praecellit,
1092 1404 1321 1457 tantum,
1345 1394 1605 1453 arbitror,
1647 1392 1753 1444 illis
1785 1389 2045 1444 illustrior

486 1483 788 1536 ostenditur
839 1498 903 1535 ac
926 1482 1234 1551 perfectior.
1261 1481 1399 1547 Quid
1423 1480 1580 1534 vero?
1614 1480 1716 1545 Qui
1740 1480 1831 1533 sic
1853 1481 2045 1533 horum

484 1572 731 1628 imitatus
756 1575 953 1641 vitam,
972 1575 1103 1627 adeo
1135 1573 1202 1627 iis
1228 1573 1479 1640 superior
1511 1571 1817 1640 clariorque
1840 1570 2043 1632 elusit;
2090 1592 2093 1595 λ

485 1680 615 1717 num
634 1680 663 1717 a
682 1665 1016 1732 sequentium
1035 1663 1417 1731 prophetarum
1460 1670 1620 1729 atque
1636 1662 1907 1730 justorum
1926 1659 2050 1715 imi-
2080 1684 2097 1732 ί

486 1755 690 1805 talione
706 1752 935 1806 defecit?
963 1760 1056 1805 aut
1090 1752 1227 1804 alios
1255 1751 1470 1820 quidem
1495 1751 1615 1805 aliis
1642 1752 1838 1804 virtute
1870 1750 2049 1805 claros

485 1841 725 1896 imitatus
755 1852 856 1904 est,
882 1855 988 1893 non
1007 1841 1134 1894 item
1164 1841 1649 1896 aiiosiautomnes
1678 1841 1915 1909 quidem,
1947 1840 2050 1893 ali-

485 1948 595 2001 quo
616 1943 792 1985 tamen
808 1932 1146 2001 pra‘ripiente
1159 1933 1410 2001 palmam,
1431 1934 1715 2001 ipsumque
1730 1932 2050 2000 superante}

486 2028 581 2075 aut
613 2021 834 2088 paribus
867 2021 1043 2073 modis
1071 2021 1325 2079 virtutem
1355 2019 1553 2091 gessit?
1584 2029 1677 2073 aut
1707 2019 1901 2089 exiguo
1934 2034 1963 2072 a
1992 2034 2049 2076 se

488 2111 799 2175 interVullo,
836 2112 1187 2180 proximeque
1215 2114 1483 2181 secundas
1517 2110 1730 2163 virtutis
1761 2110 2051 2164 referentes

469 2187 615 2257 illos
660 2202 914 2273 reliquit?
950 2202 1166 2255 Minime
1200 2202 1460 2271 gentium.
1490 2198 1592 2266 Qui
1628 2201 1781 2257 enim
1833 2199 2050 2270 Moysen

492 2289 771 2360 prolabetis
799 2291 1073 2357 omnibus,
1101 2307 1163 2346 ac
1196 2292 1263 2346 iis
1297 2293 1391 2362 qui
1429 2292 1571 2362 leges
1605 2292 1863 2357 tulerunt,
1896 2292 2055 2362 longe

493 2390 865 2451 prmstautem,
927 2378 1065 2435 adeo
1122 2382 1429 2447 antecellit;
1475 2372 1680 2450 quanto
1724 2382 1895 2449 magis
1924 2380 2089 2434 relir

490 2471 1011 2549 quos‘abuudantia
1069 2472 1482 2540 magnificentia:
1525 2473 1711 2542 gratiae
1749 2470 2056 2538 Superabiti

495 2559 694 2623 Verum
723 2560 790 2612 ad
822 2574 884 2613 ea
916 2575 1037 2629 qua:
1065 2562 1325 2614 continua
1372 2561 1517 2614 serie
1566 2563 1631 2613 ad
1666 2560 1937 2627 ejtts'vitaa'
1968 2577 2055 2613 ra-

495 2648 659 2703 tionis
689 2658 1098 2729 monumentum
1120 2661 1389 2720 spectant,
1404 2664 1581 2721 operae
1601 2652 1829 2719 pretium
1862 2634 2054 2706 iterum

497 2738 801 2795 orationem
827 2730 1174 2794 reducamus.
1410 2750 1413 2751 '
1810 2788 1813 2791 .

567 2827 787 2883 Interim
814 2826 1075 2899 Gregorio
1104 2830 1255 2883 hisee
1274 2830 1548 2900 impenso,
1577 2845 1642 2885 ac
1662 2831 1790 2886 dum
1814 2842 2061 2895 errantes

497 2918 719 2987 quidem
763 2933 893 2973 oves
950 2919 1162 2975 reducit
1200 2920 1282 2987 ³⁶;
1311 2922 1507 2989 quaerit
1543 2929 1719 2975 autem
1744 2937 1862 2989 quae
1891 2923 2063 2989 perie—

499 3019 645 3076 rant,
674 3025 738 3065 ac
769 3010 1031 3065 contritas
1060 3010 1267 3080 alligat,
1306 3013 1382 3064 uti
1432 3026 1601 3066 sacra:
1628 3012 1921 3080 prophetia:
1948 3028 2064 3066 ver-

498 3100 587 3156 bis
622 3099 895 3169 proditum
926 3109 1007 3153 est
1039 3118 1053 3153 :
1084 3100 1495 3170 virentibusque
1557 3102 1786 3155 collocat
1824 3104 2063 3171 pascuis,

499 3203 563 3244 ac
595 3204 737 3243 vera:
764 3188 1081 3245 refectionis
1118 3205 1258 3259 aqua
1310 3190 1506 3245 educat
1528 3190 1605 3255 ".;
1630 3192 1886 3258 omnique
1928 3192 2063 3260 (tum

498 3295 620 3351 qum
668 3279 740 3337 ad
785 3281 1054 3336 actionem
1106 3294 1414 3349 moresque,
1459 3289 1570 3335 tum
1619 3297 1739 3349 quae
1777 3282 1843 3335 ad
1906 3281 2063 3337 tidem

498 3367 756 3436 pertinet)
814 3376 1071 3436 tanquam
1132 3368 1299 3423 herba
1347 3368 1595 3424 lethifera
1656 3378 1817 3440 atque
1880 3372 2063 3436 noxia,

502 3446 648 3525 ipsas
684 3455 974 3525 iniquitate
1020 3471 1232 3522 arcens,
1259 3472 1423 3527 super
1469 3460 1691 3515 semitas
1728 3461 1877 3516 ducit
1908 3461 2067 3530 justi-

505 3547 635 3614 tiae;
698 3561 765 3603 ac
813 3546 929 3617 lege
987 3547 1187 3611 sancit,
1224 3562 1329 3602 non
1367 3556 1787 3618 'temporaneam
1820 3554 2067 3621 corporis

502 3636 969 3704 emundationem,
1006 3637 1100 3692 sed
1132 3653 1325 3693 sensus
1358 3640 1537 3693 carnis
1569 3642 2065 3705 mortiﬁcationem;

506 3740 681 3793 neque
704 3724 866 3781 ritum
898 3740 1035 3797 quo
1065 3726 1408 3779 immolanda:
1451 3727 1769 3781 animalium
1811 3729 2067 3795 victimae,

504 3816 771 3882 ostendit;
809 3816 903 3875 sed
930 3816 1165 3885 Spiritus
1186 3817 1623 3889 vivificationem,
1650 3835 1769 3888 qua:
1795 3836 1890 3889 per
1912 3820 2067 3878 ﬁdem

504 3906 757 3973 exsistit;
790 3921 855 3960 ac
884 3907 1030 3961 velut
1060 3908 1271 3978 sagittis
1302 3902 1654 3963 solertissime
1680 3910 2068 3965 Anommorum

505 3994 666 4049 corda
715 3992 860 4059 ferit,
919 3994 1173 4065 velutque
1224 3995 1574 4051 lucidissimis
1626 3997 1830 4061 radiis,
1880 3988 2069 4052 ὁδοῖο-

500 4087 709 4141 sanctis
744 4084 1007 4158 doctrinis
1033 4086 1171 4151 suis,
1207 4088 1394 4143 electis
1426 4088 1600 4143 lucem
1652 4090 1965 4158 praetendit;
2005 4091 2071 4145 de

510 4187 728 4246 repente
754 4178 981 4232 solvitur
1034 4178 1250 4249 ruitque
1290 4180 1555 4249 tyrannis,
1590 4195 1653 4234 ac
1700 4180 1934 4250 legitima
1970 4181 2070 4234 im-

510 4266 649 4336 perii
688 4274 931 4334 potestas
982 4266 1329 4339 designatur;
1390 4284 1454 4323 ac
1506 4267 1797 4339 impiorum
1852 4272 2068 4341 quidem

2142 477 2468 530 restitueret.
3491 516 3496 520 .

2210 565 2381 619 Porro
2409 575 2463 618 ut
2492 560 2931 631 auspicatissimo
2977 556 3199 613 exordio
3243 553 3480 608 delatum
3520 552 3699 621 impe-

2140 656 2281 709 rium
2310 656 2491 717 iniret,
2516 655 2623 706 duo
2661 652 2773 704 haec
2814 658 2872 703 ut
2904 659 3233 718 exsequatur
3265 646 3552 714 diligenter
3582 646 3701 697 eni-

2142 747 2294 799 titur.
2318 744 2573 810 Quaenam
2628 741 2762 796 illa?
2792 739 2862 794 Ut
2901 755 3095 809 nempe
3119 736 3451 793 (ecuutenica
3490 736 3705 804 synodo

2140 835 2333 895 Nicaeae
2367 834 2617 888 Patribus
2653 821 2869 887 decreta
2896 830 3263 895 conﬁrmans,
3308 842 3429 897 quae
3480 839 3705 880 succre-

2142 934 2330 979 verant
2352 925 2617 978 haeresum
2646 924 2911 977 novitates
2934 921 3314 990 exstingueret,
3353 918 3584 986 litesque
3616 930 3709 969 ec-

2109 1025 2114 1029 ”
2142 1017 2477 1071 clesiasticas
2503 1015 2832 1084 dispelleret.
2862 1012 2986 1068 Haec
3006 1012 3182 1082 Magni
3206 1009 3493 1065 Theodosii
3527 1007 3708 1077 prima

2143 1107 2354 1163 consilii
2383 1108 2565 1172 ratio;
2599 1116 2658 1160 ut
2710 1114 2891 1159 autem
2939 1104 3259 1175 Gregorium
3307 1104 3361 1156 in
3391 1099 3711 1156 Constanti-

2144 1200 2458 1268 nopolitana
2492 1199 2620 1253 sede
2649 1197 2961 1262 collocaret,
2985 1196 3037 1248 id
3066 1195 3159 1248 illi
3196 1192 3499 1247 secundum
3544 1201 3709 1257 opus,

2146 1290 2284 1344 nihil
2310 1292 2708 1360 prioreimpar,
2727 1298 2821 1343 aut
2850 1280 3141 1356 quidquam
3179 1284 3398 1367 segnius
3434 1290 3708 1337 curatum.

2218 1382 2514 1450 Gregorius
2541 1392 2746 1445 autem,
2786 1378 2874 1449 qui
2899 1377 3149 1431 animum
3185 1373 3334 1427 omni
3370 1370 3711 1440 superiorem

2146 1474 2440 1530 ambitione
2483 1471 2746 1531 haberet.
2807 1468 3153 1538 paternisque
3220 1463 3527 1518 visceribus
3578 1475 3709 1527 erga

2147 1579 2361 1635 gregem
2389 1562 2614 1617 affectus
2642 1549 2805 1626 esset,
2820 1572 3135 1612 concessam
3157 1556 3373 1625 quidem
3406 1551 3711 1605 Ecclesium

2137 1638 2542 1720 .libentissimus
2570 1654 2799 1721 recepit;
2830 1652 2965 1705 inire
2985 1660 3165 1703 autem
3208 1642 3415 1712 sedem,
3447 1646 3715 1699 hactenus

2077 1730 2119 1785 Β
2148 1746 2445 1801 diﬂ‘erebat.
2465 1744 2655 1800 Postea
2673 1745 2939 1809 tamen,vi
2962 1742 3177 1812 quidem
3196 1780 3211 1806 ,
3236 1727 3475 1794 atcessit
3508 1737 3716 1789 nihilo-

2150 1838 2329 1893 minus
2368 1838 2747 1906 episcoporum
2776 1828 2929 1889 votis
2951 1876 2968 1900 ,
3010 1848 3132 1887 cum
3176 1832 3408 1886 aliorum
3436 1828 3673 1897 plurium
3697 1866 3713 1888 ,

2150 1940 2261 1986 tum
2282 1929 2583 1984 Antiochiae
2604 1911 2884 1998 prmsulis;
2921 1924 3103 1994 magni
3133 1924 3342 1979 scilicet
3364 1922 3509 1976 illius
3553 1920 3719 1971 Mele-

2151 2022 2231 2085 tii,
2260 2016 2353 2090 qui
2386 2020 2553 2073 multa
2586 2017 2794 2087 pridem
2847 2000 2911 2072 ac
2958 2027 3175 2070 strenua
3196 2022 3398 2075 sancta:
3426 2010 3717 2065 Trinitatis

2150 2126 2313 2166 causa
2372 2109 2542 2165 fertur
2583 2109 2879 2163 desudasse
2926 2108 3245 2162 certamina.
3290 2103 3461 2173 Hujus
3497 2102 3703 2156 divinis

2106 2222 2111 2227 τ
2149 2202 2393 2272 iudiciis,
2423 2201 2686 2271 pr-obique
2738 2198 3081 2268 imperatoris
3131 2198 3206 2252 id'
3233 2197 3489 2251 enitentis
3540 2195 3615 2259 vi,
3649 2209 3717 2249 ac

2155 2293 2395 2348 tidelium
2461 2292 2657 2347 civium
2717 2292 2940 2345 adactus
2997 2288 3501 2351 obsecrationibus;
3580 2287 3718 2356 quin

2154 2382 2351 2437 divinis
2406 2382 2585 2450 potius
2632 2381 2939 2448 obsequens
2972 2379 3214 2443 nutibus,
3258 2378 3325 2433 ad
3367 2380 3590 2441 celsam,
3620 2391 3721 2444 pro

2156 2475 2414 2528 antistitis
2453 2486 2680 2528 munere
2696 2456 3032 2540 prarlationis
3062 2470 3266 2536 sedem,
3300 2469 3571 2525 evehitur.
3608 2467 3729 2520 Lua

2156 2579 2317 2618 cerua
2351 2578 2513 2632 super
2557 2564 2941 2637 candelabrum
2985 2562 3234 2615 sublimis
3275 2560 3605 2625 collocatur;
3654 2573 3725 2611 ac

2156 2652 2513 2721 praedicator,
2590 2653 2866 2721 speculam
2938 2652 3308 2705 sublimiorem
3382 2638 3721 2719 aggreditur.

2158 2742 2297 2807 Quid
2328 2742 2490 2796 vero?
2510 2757 2577 2795 an
2604 2756 2726 2811 quae
2745 2749 2964 2811 praastat
2988 2740 3206 2809 regibus
3221 2747 3279 2794 ut
3304 2748 3527 2810 regnent
3553 2754 3723 2807 super

2160 2843 2384 2900 terram,
2410 2848 2474 2888 ac
2519 2834 2765 2903 tyrannis
2806 2843 2865 2887 ut
2891 2832 3237 2887 dominentur
3277 2839 3434 2885 terra:
3459 2829 3531 2911 ³⁹ι
3558 2829 3722 2883 beata

2162 2926 2401 2979 Trinitas
2419 2966 2434 2987 ,
2473 2925 2810 2993 suscitatque
2836 2923 2904 2979 de
2950 2931 3092 2977 terra
3137 2921 3374 2990 inpem,
3400 2935 3464 2993 ac
3492 2920 3560 2975 de
3584 2931 3727 2975 ster-

2165 3026 2291 3070 core
2327 3016 2501 3069 elevat
2524 3029 2815 3084 pauperem
2844 3013 2911 3076 “,
2947 3027 3056 3067 non
3087 3013 3247 3066 etiam
3279 3012 3723 3081 probatissimum

2168 3106 2454 3171 famulum,
2490 3106 2731 3175 ipsisque
2758 3104 2915 3159 rebus
2936 3102 3389 3173 perfectissimum
3417 3101 3727 3171 praesulem,

2166 3196 2221 3248 in
2254 3194 2528 3262 pontiﬁcia
2566 3195 2693 3249 sede
2719 3192 3044 3249 collocaret!

2236 3286 2480 3337 Atnemo
2510 3282 2807 3352 illegitime,
2841 3292 3135 3351 contraque
3164 3296 3228 3336 ac
3267 3295 3420 3336 sacra
3467 3279 3731 3334 Ecclesia:

2166 3374 2349 3442 regula
2372 3382 2630 3428 statutum
2651 3384 2749 3438 est,
2778 3374 2843 3427 ad
2864 3375 3074 3427 tertiam
3093 3388 3215 3427 eum
3238 3372 3530 3427 arbitretur
3557 3381 3735 3426 trans-

2166 3464 2293 3520 ferri
2319 3466 2524 3521 sedem.
2557 3462 2694 3518 Nam
2744 3477 2920 3533 neque
2961 3478 3023 3518 ea
3059 3479 3147 3518 res
3192 3464 3477 3517 translatio
3503 3472 3608 3527 est,
3632 3463 3729 3517 sed

2165 3555 2378 3619 electio,
2434 3555 2715 3624 primaque
2766 3568 2829 3608 ac
2884 3553 3041 3608 unica
3089 3554 3142 3606 in
3179 3553 3313 3607 urbe
3345 3563 3573 3623 augusta
3628 3570 3730 3621 pro

2167 3645 2404 3713 episcopi
2435 3645 2719 3721 dignitate,
2754 3652 2916 3712 atque
2969 3659 3191 3699 munere
3227 3645 3389 3699 sedis
3411 3645 3725 3699 collocatio.

2169 3729 2303 3782 Nam
2338 3730 2483 3799 quod
2515 3730 2967 3799 primoSasimis,
3018 3732 3093 3784 uti
3132 3730 3399 3797 dicebam,
3442 3732 3731 3801 praefectus

2169 3828 2270 3879 εει,
2323 3815 2375 3870 id
2415 3816 2593 3870 solum
2645 3818 2998 3884 promotionis
3038 3833 3202 3874 causa
3238 3818 3358 3879 fuit.
3389 3834 3512 3873 cum
3556 3837 3731 3891 neque

2170 3905 2351 3957 sedem
2382 3902 2662 3971 receperit,
2700 3916 2800 3955 nec
2857 3904 3079 3957 omnino
3109 3904 3219 3955 illic
3257 3905 3614 3969 ordinaverit,
3648 3908 3729 3959 ul-

2170 3995 2346 4049 lamve
2378 3995 2659 4065 mysticam
2688 3976 3040 4047 initiatione‘m
3073 4010 3171 4063 pro
3203 3996 3463 4065 antistitis
3484 3999 3729 4066 partibus

2170 4076 2551 4151 celebraverit;
2576 4084 2719 4153 quod
2754 4098 2945 4153 nempe
2975 4084 3186 4139 viculus
3219 4085 3283 4139 ad
3316 4086 3727 4142 sustentandam

2170 4178 2531 4248 episcopalem
2561 4177 2741 4233 sedem
2769 4186 2915 4231 esset
2966 4178 3187 4231 omnino
3219 4178 3455 4247 ineptus.
3491 4177 3729 4231 Nazian-

2172 4283 2358 4322 zenatn
2392 4275 2570 4323 autem
2602 4267 2915 4321 cathedram
2946 4268 3220 4333 quondam
3257 4267 3557 4329 curavisse.
3602 4283 3727 4321 cum

511 4365 753 4425 potestas
778 4355 991 4425 penitus
1021 4358 1347 4441 eliminatur,
1376 4361 1585 4429 piorum
1621 4371 1798 4416 autem
1828 4364 2070 4433 reliquiae
2101 4374 2146 4428 ι)
2172 4370 2323 4428 pater
2362 4358 2507 4412 illius
2560 4357 2850 4427 episcopus
2877 4364 3023 4410 esset
3053 4371 3069 4408 :
3098 4364 3154 4410 at
3195 4370 3303 4410 non
3332 4356 3452 4425 eius
3484 4368 3727 4429 creatum

512 4446 763 4499 ﬁduciam
799 4438 1051 4513 sumunt;
1076 4438 1462 4504 ‘hat‘reticorum
1497 4453 1687 4507 merito
1714 4454 2063 4521 supercilium

511 4536 840 4602 detrahitur,
900 4537 1103 4605 Deique
1156 4540 1355 4608 populo
1408 4554 1574 4592 cornu
1621 4541 1813 4595 salutis
1840 4544 2072 4595 suscita—

510 4628 673 4685 tur“
724 4636 887 4697 atque
939 4630 1207 4697 exsurgit,
1256 4628 1547 4697 imperator
1581 4630 2069 4695 .clementissimus,

514 4719 886 4787 malorumque
916 4717 1042 4770 odio
1101 4717 1578 4789 propensissimus.
1621 4716 1692 4780 Is,
1733 4719 1841 4772 duo
1873 4721 2073 4787 optima

512 4826 695 4883 secum
725 4806 1041 4871 constituit;
1071 4818 1129 4859 ut
1149 4802 1677 4876 nempe,quitrina‘m
1700 4813 2065 4866 monarcbiam

509 4913 751 4957 evertere
787 4891 1112 4967 viderentur,
1147 4901 1404 4969 probrum
1438 4901 1640 4953 honore
1675 4912 2068 4960 commutantes

514 5000 804 5055 everterat;
834 4990 923 5060 qui
956 5000 1134 5046 autem
1170 4990 1285 5059 pari
1324 4988 1549 5055 honore,
1581 4998 1827 5043 naturam
1865 4992 2068 5049 honore

515 5096 696 5149 parem
727 5117 743 5143 ,
788 5088 950 5148 atque
1002 5083 1258 5149 mqualem
1294 5094 1459 5149 supra
1487 5095 1648 5149 quam
1693 5080 2024 5138 honorarent
2049 5125 2065 5149 ,

514 5183 676 5240 atque
725 5172 1007 5234 colerent,
1056 5170 1261 5225 honore
1299 5181 1557 5241 exceptos
1608 5174 1859 5241 erigeret,
1912 5183 2069 5242 atque

514 5276 610 5316 eos
634 5263 725 5334 qui
756 5262 913 5317 sedes
947 5261 997 5313 vi
1019 5259 1413 5328 inscenderaut,
1442 5265 1664 5333 spretim
1686 5266 2065 5333 submoveret;

2164 4465 2287 4504 esse
2319 4437 2655 4518 episcopum,
2708 4457 2801 4501 aut
2842 4447 3025 4501 sedem
3075 4445 3220 4500 illam
3264 4461 3504 4516 unquam
3538 4462 3728 4502 susce-

2168 4539 2333 4612 pisse.
2379 4537 2567 4593 Solum
2621 4548 2798 4589 autem
2845 4534 3020 4590 Patris
3076 4537 3291 4590 hortatu
3334 4550 3398 4590 ac
3431 4536 3617 4604 jussu,
3675 4543 3732 4589 ut

2170 4627 2311 4682 sacri
2366 4627 2648 4681 ministerii
2706 4625 2975 4679 defectum
3018 4626 3298 4695 impleret,
3350 4628 3429 4681 sic
3474 4625 3731 4681 Ecclesia

2170 4734 2355 4772 curam
2394 4719 2718 4787 suscepisse,
2767 4727 2825 4771 ut
2848 4727 3077 4773 senectae
3115 4717 3370 4779 fulcrum,
3402 4733 3464 4771 ac
3495 4727 3730 4787 paterna:

2172 4809 2557 4863 imbecillitatis
2613 4808 3041 4864 sustentaculum
3103 4808 3337 4864 audiret.
3386 4806 3463 4861 lta
3508 4822 3641 4862 vero
3672 4823 3727 4862 se

2172 4918 2283 4957 rem
2308 4902 2528 4966 habere,
2548 4903 2710 4957 etiam
2744 4919 2807 4959 es
2840 4904 2907 4959 iis
2946 4903 3293 4975 perspicuum
3330 4912 3433 4965 est,
3458 4915 3583 4969 qua:
3614 4901 3725 4970 ipse

2172 4994 2238 5048 ad
2267 4992 2585 5064 Gregorium
2621 4996 2721 5049 sibi
2764 4996 3140 5066 cognominem
3174 4984 3363 5047 scribit
3399 4992 3536 5061 (14).
3584 4991 3725 5045 later

2172 5102 2345 5141 omnes
2390 5090 2574 5143 ctenim
2599 5074 2807 5141 ‘cmtstat
2864 5106 2942 5143 me
2995 5103 3097 5141 non
3138 5085 3427 5148 Naziansi,
3461 5087 3550 5140 sed
3582 5085 3715 5140 Sasi-

2172 5192 2373 5230 morum
2414 5180 2703 5232 antistitem
2733 5188 2965 5232 creatum
2996 5177 3199 5243 fuisse;
3249 5175 3454 5228 tametsi
3480 5177 3534 5227 in
3559 5176 3721 5240 patris

2174 5269 2535 5331 reverentiam,
2565 5280 2613 5319 et
2642 5284 2845 5331 eorum,
2894 5266 2983 5334 qui
3021 5264 3276 5333 supplices
3311 5265 3405 5317 hoc
3434 5280 3466 5317 α
3497 5280 3574 5317 me
3604 5279 3722 5316 con-

624 5393 671 5467 ξφ
703 5391 847 5467 Psal4
874 5405 1018 5453 xuv,
1050 5390 1113 5455 8;
1135 5388 1295 5467 Hebr.
1322 5408 1365 5467 ἰ,
1396 5394 1445 5467 9.
1501 5392 1568 5467 _"
1603 5391 1761 5467 Eccli_.
1801 5407 1920 5456 ην,
1952 5393 2033 5448 10.

2181 5397 2372 5452 Ezeclt.
2412 5416 2590 5463 rxatv,
2616 5400 2667 5463 4,
2695 5400 2725 5453 5
2752 5416 2902 5467 seqq.
2980 5398 3020 5427 ³⁷
3048 5398 3190 5451 l’sal.
3228 5410 3363 5462 χχιι,
3386 5395 3440 5449 2.
3520 5394 3561 5426 ³⁸
3591 5393 3714 5460 Luc.

517 5477 555 5529 t,
581 5462 670 5515 69.
745 5456 969 5522 Ill'Prov,
1005 5475 1123 5523 vui,
1161 5462 1242 5513 15.
1320 5464 1363 5493 ιο
1396 5460 1533 5512 i’sai.
1568 5477 1695 5521 catt,
1730 5461 1778 5512 7.

588 5592 698 5660 (Η)
733 5590 897 5661 Epist.
933 5588 1167 5649 Billiante
1198 5596 1325 5648 edit.
1358 5593 1443 5645 42.
