3924 6312
190 404 283 468 477

874 405 1154 468 ORATIO
1186 406 1313 464 XX.
1364 433 1415 442 -
1456 407 1539 467 IN
1596 408 1907 470 LAUDEM
1943 360 2413 494 SJGBEGORII
2438 411 2709 473 THEOL.

3242 388 3253 395 “
3299 414 3406 480 4⁷13

190 513 475 572 tentarunt,
500 510 570 562 ad
602 509 751 564 breve
772 518 994 579 tempus,
1030 512 1184 579 quasi
1213 513 1439 580 hospites
1473 514 1750 581 prwfecme
1780 518 1823 573 Α
1850 517 2160 573 celebrante
2182 516 2248 579 “,
2279 516 2532 585 frequens
2560 516 2845 583 conﬂuxit;
2882 520 2982 573 nec
3003 518 3083 573 sic
3108 518 3263 588 plena
3286 528 3410 581 ante

186 615 296 651 rem
317 599 659 665 suscepimus.
685 598 842 665 Quod
883 600 1047 668 igitur
1082 608 1233 668 pater
1268 602 1549 656 mortalem
1573 604 1739 658 vitam

183 689 356 743 divina
387 698 839 753 commutaverat,
866 699 1147 743 vacantem
1198 690 1309 759 jam
1348 693 1626 747 inventum
1661 696 1742 747 di-

186 780 300 833 vina
348 778 587 849 Spiritus
642 781 835 850 gratia,
868 780 1099 849 vitaeque
1128 796 1193 835 ac
1216 783 1476 837 doctrina:
1504 784 1740 840 humana

183 870 381 939 majom
430 872 762 945 prastantia'
806 881 988 939 postea
1058 871 1425 926 clarissimum
1469 873 1741 938 eﬂ‘ectum,

186 961 237 1014 in
262 961 411 1016 urbis
438 972 684 1027 augustae
727 963 866 1017 solio
889 972 1152 1032 quantum
1187 963 1361 1019 oculis
1386 966 1740 1035 conspicuum

180 1062 312 1116 erat,
333 1054 655 1117 constituit;
684 1062 947 1122 quantum
974 1062 1157 1107 autem
1185 1054 1369 1108 animo
1396 1058 1741 1125 aspectabile,

181 1144 325 1197 orbis
354 1154 626 1198 terrarum
650 1145 853 1200 bonum
896 1144 1204 1208 Pastorem,
1240 1161 1604 1217 magnumque
1644 1165 1744 1203 an—

184 1234 401 1289 tistitem
433 1235 678 1304 praeficit.

249 1325 441 1393 Opem
500 1330 731 1397 pretium
801 1337 983 1383 autem
1044 1339 1104 1384 ut
1155 1346 1256 1385 nec
1284 1331 1461 1399 ipsum
1495 1330 1745 1386 ineundae

180 1417 319 1471 sedis
339 1425 621 1472 laxamus
659 1417 904 1473 modum.
953 1417 1252 1489 Postquam
1303 1420 1448 1474 enim
1500 1420 1743 1473 divinum

180 1507 304 1562 illud
332 1524 400 1561 ac
447 1508 697 1576 salutare,
724 1520 1049 1577 praeceptum
1105 1503 1268 1579 atque
1313 1510 1587 1564 decretum
1620 1524 1743 1577 per-

178 1598 457 1667 vulgatum
486 1606 570 1652 est
609 1596 730 1651 fore
755 1596 1167 1668 Theologum‘in
1192 1605 1319 1654 sede
1345 1600 1743 1664 collocandum;

180 1688 401 1757 perinde
428 1703 559 1743 vero
600 1678 858 1754 ac‘dicas,
894 1704 1058 1758 quam
1117 1692 1166 1743 is
1209 1690 1530 1742 Trinitatem
1578 1689 1747 1741 Deum

1844 624 1967 662 eum
2008 623 2117 662 uno
2141 608 2308 667 totius
2335 608 2517 675 populi
2569 618 2835 663 conventu
2870 609 3056 664 Davidi
3093 621 3281 664 coacta
3321 623 3413 662 ce-

1843 697 2062 751 lebritas
2091 706 2193 759 est,
2214 706 2492 759 tum,cum
2527 711 2651 749 arca
2672 706 2729 751 ut
2759 698 3066 766 quiesceret
3111 699 3284 751 locata
3311 696 3414 751 fuit

1843 799 2005 857 atque
2042 787 2311 856 deposita,
2353 801 2415 840 ac
2446 800 2451 804 ·
2479 787 2529 839 in
2586 787 2677 839 illo
2712 789 2955 859 ingressu
3003 790 3292 843 conﬂatam
3329 787 3411 842 fc-

1844 889 1972 933 runt
2005 879 2080 941 ";
2126 892 2319 945 nempe
2378 875 2639 944 Gregorio
2672 880 2854 933 sedem
2890 879 3142 933 adeunte.
3182 880 3247 932 lis
3290 879 3413 947 qui-

1844 972 1964 1025 dem
1993 972 2084 1039 qui
2121 977 2264 1023 recta
2307 967 2583 1036 fulgebant
2636 969 2757 1032 llde,
2787 970 2909 1025 talis
2956 970 3175 1037 quidam
3215 984 3413 1023 cursus

1847 1078 1911 1116 ac
1936 1062 2191 1115 alacritas
2247 1066 2395 1122 erat;
2440 1067 2496 1111 at
2526 1074 2702 1127 neque
2748 1061 3121 1120 haereticorum
3160 1075 3352 1128 agmen
3382 1076 3412 1113 a

1845 1150 2123 1205 communi
2148 1149 2238 1201 illa
2267 1148 2449 1216 populi
2487 1148 2877 1215 glomeratione
2932 1151 3144 1204 aberat.
3171 1150 3413 1203 Aderant

1776 1248 1787 1258 “
1846 1249 2051 1304 autem,
2074 1250 2239 1309 atque
2287 1237 2379 1291 alii
2411 1237 2817 1306 quidem,intus
2859 1239 3041 1305 animo
3070 1240 3272 1293 invidia
3298 1240 3415 1293 dis-

1845 1334 2203 1396 secabantur;
2245 1347 2346 1386 nec
2385 1341 2564 1385 tamen
2596 1331 2917 1399 pravitatem
2965 1332 3019 1383 in
3060 1331 3231 1385 lucem
3284 1347 3414 1401 pro-

1848 1418 2133 1485 ferebant;
2175 1422 2267 1476 alii
2315 1406 2471 1477 more
2521 1408 2753 1476 canum'
2785 1420 2841 1474 in
2896 1420 3103 1475 rabiem
3144 1422 3270 1485 acti,
3303 1422 3413 1489 jam

1847 1515 2010 1568 czedis
2036 1512 2181 1566 avidi
2215 1512 2445 1576 irruere,
2480 1521 2646 1581 atque
2677 1525 2873 1565 necare
2898 1511 3297 1575 incitabantur;
3323 1512 3417 1565 scd

1850 1603 1942 1657 Dei
1985 1604 2197 1658 occulta
2243 1620 2431 1667 manu,
2466 1611 2774 1671 cunctaque
2818 1612 3197 1665 conservante,
3233 1600 3421 1656 furens

1851 1693 1939 1746 ille
1963 1709 2151 1746 eorum
2183 1694 2433 1761 impetus.
2454 1692 2825 1747 inhibebatur.
2869 1691 3045 1760 Atque
3086 1692 3161 1744 illi
3194 1690 3414 1761 quidem

177 1780 535 1864 praedicabat;
586 1775 768 1835 videre
815 1790 933 1835 erat
988 1782 1297 1836 universam
1356 1779 1744 1849 propemodum
1774 1822 1822 1879 Β
1854 1784 2101 1849 insidias,
2156 1795 2356 1848 strues,
2411 1783 2598 1857 turbas
2641 1797 2706 1837 ac
2749 1783 3069 1846 seditiones,
3104 1781 3421 1849 innoxiique

176 1871 338 1926 simul
372 1859 704 1932 creaturam.
728 1871 874 1925 illius
904 1871 1310 1935 sublimationis
1331 1886 1485 1943 ergo,
1526 1886 1591 1925 ac
1621 1886 1748 1939 pro-
1774 1859 1799 1925 ‘7

176 1961 642 2031 vectionispecum
665 1960 837 2029 ipsam
872 1960 1098 2015 moveri.
1122 1960 1278 2014 Tunc
1300 1959 1467 2023 enim,
1495 1959 1746 2023 arbitror,

176 2052 446 2107 caelorum
505 2053 736 2112 virtutes
804 2067 1028 2116 omnes,
1083 2060 1299 2116 mente,
1364 2050 1747 2114 imuiateriate,

176 2142 474 2212 inaspecte,
528 2151 866 2211 praeeuntes,
916 2150 1231 2210 sequentes,
1296 2142 1601 2211 stipantes,
1654 2154 1752 2208 pro

176 2247 335 2288 sacro
368 2232 544 2289 divini
592 2231 842 2303 praesulis
896 2232 1145 2301 ingressu
1175 2232 1418 2299 jucunde
1450 2228 1747 2299 applaude-

178 2326 307 2379 bant
369 2342 387 2379 :
452 2339 645 2379 omnes
715 2324 1067 2394 profanorum
1134 2324 1440 2378 daemonum
1520 2330 1748 2385 turma,

176 2423 449 2484 quotquot
479 2414 680 2469 aeriam
703 2415 975 2483 regionem
1006 2413 1372 2478 circumeunt,
1405 2426 1469 2464 ac
1486 2396 1754 2481 quotquot

176 2502 355 2557 locum
388 2510 548 2557 terra
601 2503 923 2557 viciniorem
958 2503 1188 2572 adepta,
1239 2503 1339 2555 lio."
1377 2502 1479 2554 sibi
1510 2501 1751 2554 studium

177 2603 392 2667 ponunt
409 2604 469 2649 ut
500 2593 784 2648 hominum
803 2607 977 2663 genus
1000 2593 1287 2657 Seducant,
1319 2591 1528 2646 inferna
1550 2588 1753 2645 festiue

170 2686 406 2761 latibula
460 2686 737 2750 subibant,
798 2698 921 2739 cum
979 2683 1248 2737 micantia
1293 2682 1462 2737 divini
1516 2681 1752 2759 Spiritus

180 2775 412 2846 fulgetra
455 2790 563 2829 non
629 2773 855 2830 ferrent.
888 2772 1080 2834 Omnis
1122 2788 1252 2827 vero
1304 2773 1516 2841 piorum
1551 2772 1748 2825 civium

181 2872 381 2926 catus,
401 2864 546 2919 ﬁdeli
577 2864 890 2934 imperatori
918 2879 986 2918 ex
1025 2863 1148 2918 fidei
1176 2864 1375 2933 pietate
1400 2877 1605 2923 comes,
1635 2874 1752 2915 mo-

184 2958 541 3027 numentique
576 2957 816 3011 :maximi
854 2955 1203 3010 festivitatem
1249 2955 1511 3009 antistitis
1540 2955 1752 3024 ingres-

1850 1874 2136 1944 sanguinis
2175 1872 2493 1928 effusionem
2544 1874 2745 1928 animis
2782 1874 3139 1942 cogitabant;
3180 1870 3423 1926 Trinitas

1848 1976 2031 2017 autem
2104 1964 2328 2033 (quippe
2394 1964 2523 2018 boni
2591 1962 3203 2030 amans).defensorem
3258 1976 3417 2015 suum

1849 2072 1913 2111 ac
1948 2063 2427 2124 propugnatorem,
2485 2055 2553 2109 ab
2591 2054 2741 2108 omni
2798 2062 2973 2107 tutum
3013 2052 3255 2122 nequitia
3301 2066 3421 2106 ser-

1851 2144 2030 2197 vabat.
2467 2184 2471 2189 .

1921 2232 2165 2288 Vidisses
2194 2232 2345 2286 illinc
2383 2231 2637 2300 utrinque
2686 2230 3104 2298 congressiones
3143 2227 3280 2293 fieri,
3318 2243 3417 2297 pu-

1850 2340 2098 2396 gnasque
2130 2322 2416 2384 committi,
2451 2320 2732 2374 Anornneis
2782 2320 3009 2381 scilicet,
3061 2328 3320 2387 tanquam
3359 2317 3428 2372 ad

1853 2410 2001 2485 ipsos
2031 2423 2360 2483 spectantes,
2409 2411 2678 2487 Ecclesias
2708 2409 3107 2463 vindicantibus
3160 2409 3248 2479 (iis
3281 2410 3424 2462 enim

1852 2507 1945 2576 qui
1984 2507 2213 2574 longiori
2237 2514 2477 2573 tempore
2504 2502 2866 2572 possederint,
2886 2502 2968 2554 vel
2986 2502 3032 2556 si
3068 2499 3427 2568 injustissima

1854 2597 2131 2670 possessio
2177 2596 2270 2658 sit.
2328 2595 2470 2648 haud
2541 2608 2665 2646 raro
2701 2609 2765 2645 ex
2796 2591 3052 2646 continua
3084 2588 3427 2645 solummodo

1850 2667 2178 2751 detentione,
2214 2686 2493 2739 hominum
2512 2684 2729 2753 judicio
2760 2692 2875 2736 rata
2924 2682 3059 2735 fides
3092 2679 3423 2748 succurrit);
3497 2667 3505 2670 ’

1853 2778 2134 2832 Homousii
2193 2772 2375 2830 autem
2437 2774 2814 2829 defensoribus
2872 2773 3096 2828 easdem
3153 2771 3429 2825 mordicus

1854 2867 2231 2931 retinentibus,
2266 2867 2412 2920 velut
2435 2866 2527 2933 qui
2571 2880 2765 2932 recens
2794 2864 2892 2918 Dei
2943 2871 3101 2932 nutu,
3136 2863 3320 2930 piique
3350 2861 3433 2914 fa-

1862 2972 1995 3013 vore
2017 2956 2388 3027 imperatoris,
2415 2956 2695 3026 Theologo
2737 2955 2943 3023 Optimo
2977 2964 3336 3022 praeceptore,
3369 2966 3433 3007 ac

183 3062 302 3101 sum
335 3048 566 3110 damna.
599 3032 882 3116 splendide
925 3061 1205 3116 ovansque
1229 3046 1283 3099 in
1317 3060 1528 3100 sacram
1553 3046 1755 3114 pariter
1854 3057 2139 3113 testatore,
2156 3064 2256 3103 ceu
2286 3048 2524 3117 legitiina
2549 3044 2999 3100 haereditateillas
3024 3042 3204 3112 adepti
3229 3050 3430 3096 essent.

184 3139 351 3194 edem
385 3139 745 3207 irrumpebat.
1109 3163 1114 3168 “
1399 3142 1404 3147 ”
1580 3206 1583 3207 ν

255 3228 503 3283 Vidisses
555 3229 719 3297 igitur
777 3227 891 3282 illic
942 3227 1123 3297 populi
1182 3226 1427 3281 universi
1486 3227 1754 3296 plausus,

185 3318 427 3373 victoria:
462 3320 707 3383 cantica;
730 3333 797 3373 ac
823 3318 1026 3388 quibus
1065 3316 1198 3379 Deo,
1220 3317 1419 3386 quibus
1441 3317 1755 3385 imperatori

185 3418 369 3477 grates
394 3409 826 3465 exsolverentur.
859 3407 1101 3463 Vidisses
1125 3407 1550 3473 viros,l’eminas,
1576 3421 1754 3471 senes,

184 3514 405 3568 pueros,
436 3514 647 3565 servos,
687 3494 872 3562 heros,
933 3499 1212 3552 hominum
1258 3504 1473 3550 a-talem
1512 3496 1756 3561 'omnem,

188 3603 353 3644 omne
377 3590 610 3643 instituti
647 3604 818 3659 genus
840 3588 934 3656 qui
961 3587 1284 3649 solitariam,
1341 3587 1545 3655 quique
1598 3585 1758 3654 vulgo

190 3681 375 3734 tritam
398 3681 569 3735 vitam
589 3687 829 3748 agerent,
846 3677 1160 3733 sacerdotes
1196 3692 1260 3730 ac
1286 3677 1473 3739 laicos,
1514 3691 1577 3729 ex
1608 3676 1758 3730 omni

190 3767 367 3823 ferme
397 3768 704 3834 hominum,
732 3767 876 3836 quod
913 3768 1018 3821 sub
1045 3766 1187 3820 caelo
1211 3774 1318 3825 est,
1353 3780 1578 3834 genere,
1615 3766 1758 3819 haud

191 3875 357 3917 secus
384 3876 449 3915 ac
474 3860 739 3915 ﬂuctuum
767 3859 1133 3929 eruptionem,
1153 3855 1762 3933 conﬂuentes,.influen-

191 3964 297 4019 tes,
334 3962 660 4023 praeeuntes,
692 3959 1065 4015 occursantes,
1097 3949 1464 4017 impellentes,
1494 3948 1546 4000 in
1570 3948 1763 4001 adver-

191 4058 317 4098 sum
343 4044 604 4112 pollentes
633 4055 700 4095 ac
729 4040 821 4109 qui
855 4039 1203 4108 pellerentur,
1224 4034 1520 4107 gaudentes
1548 4038 1763 4099 omnes,

1779 3145 1823 3203 ο
1925 3141 2172 3197 Vidisses
2204 3140 2312 3193 illic
2356 3152 2572 3201 sacrum
2629 3136 2759 3190 illud
2809 3136 2979 3190 melos
3014 3135 3189 3203 reipsa
3228 3133 3431 3203 praesti-

1858 3244 2009 3297 tum,
2064 3244 2284 3298 nempe,
2342 3226 2476 3292 justi
2526 3226 2745 3294 quidem
2798 3240 2965 3279 cornu
3018 3224 3315 3278 exaltatum
3376 3222 3431 3277 in

1856 3324 2060 3393 gloria;
2113 3326 2421 3389 peccatores
2477 3326 2655 3369 autem
2709 3315 2971 3377 videntes,
3020 3324 3073 3367 et
3116 3314 3431 3378 irascentes,

1854 3418 1911 3465 et
1939 3409 2232 3464 stridentes
2272 3408 2545 3472 dentibus,
2580 3423 2644 3475 ae
2682 3407 3041 3475 tabescentes
3070 3420 3086 3469 ;
3132 3419 3431 3472 eorumque

1854 3484 2087 3564 periisse
2114 3499 2383 3553 desideria
2412 3498 2480 3549 ⁸³.
2510 3496 2626 3550 Non
2659 3496 2803 3549 enim
2855 3494 3099 3546 futurum
3130 3500 3247 3547 erat
3277 3502 3336 3544 ut
3372 3494 3426 3544 in

1859 3593 2087 3659 longum
2113 3599 2330 3657 tempus
2359 3585 2571 3641 falsitas
2603 3586 2961 3639 rcluctaretur
3022 3596 3085 3635 ac
3120 3582 3429 3645 obsisteret,

1859 3684 2042 3750 neque
2064 3691 2124 3734 ut
2151 3679 2396 3733 veritatis
2427 3676 2716 3731 adversum
2748 3690 2805 3728 sc
2842 3674 3013 3727 aciem
3037 3674 3103 3726 ad
3131 3681 3430 3724 extremum

1861 3770 2199 3826 sustineret:
2233 3768 2327 3821 sed
2365 3768 2508 3819 sicut
2561 3766 2783 3818 hiberna
2822 3771 3132 3830 tempestas,
3169 3761 3281 3814 sive
3304 3761 3435 3813 bru-

1863 3862 2005 3915 male
2045 3859 2236 3928 frigus,
2290 3859 2478 3926 procul
2537 3856 2718 3909 adhuc
2772 3862 3024 3907 morante
3082 3852 3217 3917 sole,
3270 3860 3436 3919 atque

1861 3952 2156 4006 ausualem
2214 3942 2467 4003 versante
2511 3947 2673 4008 viam,
2732 3946 2838 3999 late
2894 3946 3057 4013 viget,
3109 3958 3436 4012 omnemque

1861 4040 2192 4108 constringit
2223 4052 2496 4101 naturam,
2522 4052 2586 4092 ac
2621 4037 2823 4107 premit
2852 4051 2865 4087 :
2896 4036 2987 4088 illo
3020 4042 3202 4086 autem
3244 4047 3437 4084 rursus

194 4147 387 4188 omnes
408 4131 724 4201 gestientes,
737 4130 982 4208 jucunda
1007 4143 1199 4181 omnes
1218 4128 1424 4188 animo,
1456 4126 1753 4194 bonumque

1864 4132 2011 4202 ipsas
2032 4130 2144 4199 jam
2175 4130 2243 4184 ad
2274 4129 2585 4197 aquilonem
2633 4127 2955 4180 decliviores
2988 4118 3267 4191 detegente
3305 4137 3436 4187 par-

197 4230 468 4277 eertamen
506 4201 815 4275 mtantes:
838 4217 918 4272 Ne
957 4217 1178 4286 quidem
1234 4216 1533 4283 virginibus
1564 4214 1646 4267 fas
1684 4214 1753 4266 vi-

1864 4201 1966 4285 tes,
1990 4231 2153 4291 atque
2175 4208 2420 4274 aestivum
2439 4225 2663 4287 gyrante
2691 4214 3006 4274 solstitium,
3069 4201 3440 4279 clarioresque

198 4313 427 4368 debatur
455 4323 513 4365 ut
545 4325 704 4365 sacro
732 4309 811 4366 illi
858 4307 1180 4379 spectaculo
1221 4306 1495 4359 deessent.
1528 4304 1608 4359 Ac
1636 4319 1767 4358 vero
1865 4325 1931 4363 ac
1989 4324 2141 4361 mora
2199 4306 2466 4359 firmiores
2517 4304 2696 4357 radios
2735 4302 3081 4362 imntittcntc,
3134 4299 3437 4363 incalescit,

201 4405 304 4467 ha,
331 4405 555 4458 honesta
592 4402 859 4484 gravitate
906 4409 1127 4468 operta),
1181 4412 1338 4451 sacra
1383 4394 1575 4450 festive
1607 4404 1758 4465 septa

1867 4400 2229 4469 spiritusque.
2264 4411 2330 4451 ac
2370 4395 2533 4449 vitam
2590 4394 2839 4458 resumit,
2868 4392 3135 4462 quidquid
3171 4392 3223 4443 in
3269 4392 3437 4467 rebus

201 4495 540 4549 invadebant.
575 4462 801 4548 (Sanctis
824 4462 1265 4550 certamen-erat,
1303 4487 1500 4557 piaque
1536 4462 1753 4541 conten-

1859 4462 1961 4552 est,
1999 4462 2230 4557 vereque
2281 4488 2456 4542 laetius
2508 4487 2802 4546 dilucente,
2862 4484 3056 4536 bruma
3105 4481 3284 4541 facile,
3341 4466 3439 4533 t‘ri-

202 4585 297 4648 tio,
349 4587 439 4639 alii
481 4594 544 4639 ut
569 4584 866 4639 antistitem
898 4597 1065 4652 prepe
1110 4581 1426 4645 accederet;
1463 4579 1573 4642 alii,
1608 4587 1667 4633 ut
1695 4579 1761 4633 iis

204 4676 293 4744 qui
324 4690 489 4744 prope
537 4675 869 4728 accedebant
896 4688 928 4727 e
958 4673 1137 4728 vicino
1163 4655 1513 4736 succederet;
1548 4670 1661 4736 alii,
1703 4678 1763 4722 ut

204 4767 283 4819 vel
306 4767 540 4830 eminus,
568 4764 853 4832 ingressus
899 4763 1124 4826 videret,
1183 4765 1330 4817 velut
1383 4762 1512 4815 hinc
1545 4776 1763 4831 quoque

204 4858 541 4929 commodum
575 4853 778 4923 aliquid
808 4862 1160 4920 percepturus
1174 4864 1340 4905 esset.
1362 4846 1593 4904 Animus
1617 4851 1762 4904 enim

186 4945 322 5019 ﬁdei
351 4962 547 5009 sensu,
575 4945 626 4997 ei
651 4942 743 5011 qui
772 4942 1008 4995 creditur
1046 4949 1224 4994 mente
1256 4941 1602 5009 conjunctus.
1634 4941 1762 4993 dum

207 5038 285 5092 vel
306 5038 426 5107 ejus
456 5037 708 5092 umbram
735 5033 920 5102 procul
959 5028 1288 5098 speculando
1317 5032 1630 5093 adverterit,
1664 5048 1762 5085 cu-

209 5126 420 5196 plditate
470 5128 677 5197 agitur,
710 5125 901 5193 gestit,
948 5122 1207 5190 omnique
1250 5122 1435 5175 studio
1463 5123 1527 5175 ad
1582 5123 1760 5191 ipsum

210 5218 471 5270 conitendit
502 5236 519 5271 ε
557 5231 623 5270 ac
654 5216 801 5267 velut
827 5214 1059 5282 quodam
1122 5211 1343 5279 majoris
1381 5212 1633 5265 amicitiae
1666 5212 1763 5265 sti-

192 5310 365 5370 ~mulo,
396 5315 692 5376 conspectu
747 5320 901 5367 usus,
958 5302 1189 5371 corpore
1254 5302 1441 5367 etiam,
1475 5310 1530 5355 ut
1570 5302 1640 5355 ita
1677 5318 1763 5356 res

214 5398 359 5460 lcrat,
378 5398 602 5451 enititur
630 5407 813 5450 amato
837 5394 1115 5463 conjungi.

281 5488 393 5542 Non
453 5487 535 5542 sic
570 5485 831 5539 Judaicus
874 5485 1002 5538 olim
1028 5473 1279 5552 'p0pulus
1312 5483 1455 5535 circa
1504 5483 1761 5551 templum

217 5578 769 5653 llicrosolymitanum,
832 5582 1122 5637 Salomone
1160 5583 1551 5638 dedicationem
1604 5581 1761 5653 illius”

274 5756 313 5787 “
332 5755 372 5811 ll
396 5720 629 5823 Par.vtt-,
654 5752 707 5810 8.
784 5754 828 5785 “
861 5753 904 5807 ll
933 5753 1057 5823 Reg.
1084 5772 1154 5823 vt,
1195 5756 1241 5810 l.
1324 5755 1367 5786 ³³
1409 5753 1547 5807 ΡεςιΙ.
1580 5770 1686 5819 cu,

1867 4592 2078 4656 g’usque
2142 4581 2406 4637 exolescit
2455 4594 2518 4634 ac
2575 4577 2927 4641 dissolvitur,
2978 4576 3143 4642 inque
3197 4573 3444 4626 internus

1862 4653 2113 4733 secessus
2162 4683 2335 4745 atque;
2391 4673 2622 4727 latebras
2665 4668 2908 4723 vicissim
2961 4653 3195 4735 cogitur.
3240 4665 3441 4717 Eodem

1866 4766 1979 4821 fere
2018 4765 2199 4829 modo,
2238 4779 2452 4834 gravem
2510 4762 2658 4814 illam
2702 4760 2992 4820 lueresum,
3028 4770 3090 4807 ac
3128 4769 3289 4822 quam
3325 4768 3443 4804 mo-

1871 4857 2068 4924 lestam
2133 4855 2437 4925 caliginem,
2511 4858 2797 4917 atramque
2849 4852 3245 4913 tempestatem,
3297 4842 3441 4905 haud
3507 4920 3513 4923 γ

1879 4962 2036 4999 secus
2056 4962 2117 5000 ac
2135 4944 2536 4999 crassissimam
2567 4940 2823 4999 hiemem,
2854 4936 3159 5001 nubemque
3182 4931 3439 4985 Ecclesiis

1872 5038 2128 5098 alfnsam,
2186 5052 2251 5089 ac
2308 5035 2515 5103 piorum
2569 5037 2906 5099 prementem
2965 5024 3153 5088 corda,
3191 5020 3436 5089 Gregorii

1872 5138 2187 5183 sermonum
2244 5126 2441 5187 radios,
2480 5122 2627 5175 velut
2658 5133 2688 5173 e
2719 5120 2855 5184 sole,
2896 5116 3188 5172 Christoin
3220 5129 3284 5165 eo
3322 5127 3438 5163 ma-

1871 5202 2031 5271 nente
2086 5216 2487 5286 promicantes;
2540 5210 2849 5279 clariusque
2906 5224 2971 5262 ac
3019 5207 3249 5259 lucidius
3282 5202 3437 5255 eﬂ‘ul-

1870 5320 2058 5379 gentes
2096 5306 2406 5361 dissolvissc
2454 5318 2520 5357 ac
2562 5300 3006 5368 consumpsisse;
3057 5306 3215 5362 atque
3256 5293 3433 5345 Eccle-

1868 5403 1964 5455 siae
1998 5403 2392 5473 firmamentum
2422 5395 2473 5447 in
2495 5402 2695 5448 statum
2719 5392 2825 5446 diei
2847 5389 3143 5459 fulgoribus
3166 5384 3426 5441 lucidum,

1867 5507 1931 5544 ac
1960 5492 2108 5559 pacis
2135 5488 2436 5543 claritatem
2480 5495 2897 5539 transmutasse.
2956 5544 2959 5545 ν

1939 5580 2107 5649 Hujus
2136 5592 2261 5632 vero
2300 5585 2511 5630 certum
2546 5581 2928 5645 argumentum
2953 5608 2968 5635 ,
3001 5582 3065 5621 ac
3104 5562 3431 5633 conjectura,

1770 5798 1773 5801 ,
1815 5728 1894 5805 to.
