3924 6312
365 307 382 316 “
418 303 546 422 .d79'
1144 418 1146 420 ,
1416 397 1418 402 ι
1590 356 1884 420 ΝῙΕΕΤᾸΕ
1928 359 2456 421 PAPIILAGONIS
2506 383 2510 385 ‘
3567 354 3680 417 480

385 522 400 530 ,
429 480 554 536 qua:
581 472 709 520 ante
740 477 956 518 sacrum
1006 461 1158 517 illum
1189 462 1494 533 ingressum
1537 465 1591 518 in
1628 483 1806 520 aerem
1845 466 2014 520 ed'usa
2046 474 2089 527 Α
2124 467 2260 522 tatis
2318 465 2740 532 decretie-‘pari
2775 464 3093 522 credulitate
3134 463 3272 520 sulm
3297 465 3453 519 itlcre
3503 466 3716 527 artium,

429 557 761 612 densissima
806 555 982 624 caligo
1025 569 1088 609 ac
1114 553 1424 611 obscuritas
1455 566 1561 612 est.
1591 554 1664 610 At
1699 559 1788 610 ubi
1819 555 2007 611 Eccle-
2115 575 2296 628 Opera:
2332 558 2573 628 pretium,
2595 559 2886 612 ducebant.

431 637 567 703 siam
603 647 884 716 ingressus
902 655 1006 711 est,
1040 645 1294 701 universa
1325 647 1544 703 civitate
1574 664 1639 702 ac
1684 649 2011 717 imperatore
2158 650 2248 704 Sol
2273 662 2326 704 et
2353 649 2689 714 luna,,ocuiis
2706 649 2925 718 quidem
2947 648 3262 718 conspicua.
3283 647 3715 717 haudquaquam

432 751 540 789 una
593 734 790 787 comite
815 772 831 797 ,
867 734 1126 802 omnique
1184 734 1449 802 Ecclesia;
1498 746 1642 792 etetu
1689 735 2013 792 decantante
2115 755 2279 796 cursu
2314 733 2540 800 inhibita
2569 746 2716 793 sunt.
2767 739 3040 805 Quorsum
3066 737 3210 791 enim
3243 737 3268 789 ?
3296 747 3351 790 at
3389 737 3486 807 qui
3516 748 3713 792 mente

433 826 654 879 laudum
711 825 949 890 cantica,
1000 839 1064 879 ac
1098 825 1286 881 divino
1310 827 1556 882 antistite
1601 828 1672 903 in...
1689 827 1816 883 sede
1839 827 2011 882 collo-
2117 831 2198 886 sol
2235 830 2576 900 intelligitur,
2610 845 2718 883 non
2745 819 2931 906 semel,
2983 829 3077 883 sed
3105 830 3159 881 in
3203 836 3574 898 perpetuum,
3621 846 3743 882 su»

433 923 588 980 cato,
618 923 1055 985 cunetorumque
1095 917 1333 972 vultibus
1371 918 1693 988 prmfervido
1747 919 2013 988 lacrytna-
2118 922 2269 976 blimi
2299 914 2418 994 ejus
2450 914 2641 982 menti,
2682 934 2746 971 ac
2787 917 2986 972 omium
3042 917 3355 987 pervadenti
3389 918 3662 972 assistens
3697 918 3714 966 ς

438 1023 563 1062 rum
608 1007 800 1064 imbre
862 1007 1122 1078 perfusis,
1159 1012 1509 1079 compunetis
1540 1011 1744 1066 scilicet
1766 1009 2012 1065 omnium
2119 1014 2253 1084 quin
2288 999 2341 1067 et
2379 1011 2498 1086 ejus
2546 1008 2824 1084 sapientia:
2870 1021 2993 1078 quae
3035 1009 3222 1063 saeculi
3267 1025 3370 1063 usu
3422 1018 3770 1080 przestatur‘

437 1098 660 1164 animis,
698 1113 799 1154 nec
816 1107 1024 1153 tantam
1057 1100 1309 1155 beneficii
1351 1102 1456 1155 vim
1488 1101 1647 1156 siccis
1680 1102 1856 1156 oculis
1886 1117 2018 1156 rsus-
2121 1099 2462 1176 lucidissima
2502 1089 2683 1170 specie
2712 1096 2856 1152 velut
2887 1091 3035 1165 ,iunae
3086 1096 3251 1167 jubar
3293 1095 3579 1169 effulgens,
3629 1097 3714 1148 vi.

437 1189 618 1258 cipere
678 1188 1035 1257 valentibus;
1067 1191 1156 1244 ubi
1187 1191 1424 1261 denique
1462 1193 1689 1253 clamor,
1734 1190 2015 1266 gaudium,

445 1276 846 1347 commistaque
880 1280 1104 1333 tristitia
1139 1295 1204 1335 ac
1275 1281 1618 1349 supplicatio.
1657 1279 1896 1335 universi
1926 1296 2024 1350 po-

439 1367 550 1434 puli
592 1377 773 1436 gestu,
842 1368 1032 1423 habitu
1083 1386 1289 1440 oreque
1331 1371 1537 1439 erupit;
1576 1370 1805 1425 solvitur
1836 1361 2023 1426 statim

437 1457 766 1512 densissima
799 1458 890 1512 illa
920 1476 1025 1513 nox
1105 1475 1171 1513 ac
1217 1460 1486 1524 tenebras;
1544 1459 1747 1529 luxque
1779 1459 2026 1530 splendi-

440 1546 668 1602 dissima
698 1547 985 1602 confertim
1038 1549 1319 1616 eiiulgens,
1352 1542 1734 1603 haei'eticorum
1797 1548 2023 1618 quidem

445 1652 572 1706 spes
618 1638 671 1690 in
740 1638 1033 1692 obscurum
1068 1639 1257 1702 trudit,
1295 1639 1508 1707 piorum
1558 1623 2030 1712 auterniexceptis

437 1730 759 1796 corporibus
785 1729 948 1783 etiam
980 1730 1222 1783 animum
1277 1730 1527 1785 claritate
1559 1729 1821 1800 perfudit,
1862 1731 2027 1787 exiu-

2127 1198 2335 1243 ctorem
2396 1179 2658 1250 adversus
2714 1183 2807 1240 Dei
2857 1185 3061 1250 hostes,
3117 1201 3183 1239 ac
3240 1183 3702 1255 triumphatonem

2127 1277 2256 1332 facit
2281 1297 2295 1332 :
2331 1277 2533 1348 quibus
2565 1275 2684 1330 neci
2715 1272 2877 1338 datis,
2901 1291 3062 1346 quam
3090 1274 3446 1342 possederant
3469 1285 3701 1337 terram,

2129 1381 2327 1440 nempe
2364 1361 2685 1427 Ecclesiam,
2720 1363 3070 1432 possessione
3099 1362 3234 1416 adit.

2200 1454 2471 1520 Possidet,
2545 1446 2791 1524 inquam,
2859 1453 3081 1522 aditque
3139 1451 3539 1518 hereditatem,
3605 1470 3718 1509 non

2130 1561 2252 1617 quae
2295 1544 2526 1610 difﬂuat,
2573 1545 2731 1610 atque
2768 1542 2929 1598 facile
2959 1543 3271 1609 dilabatur;
3308 1545 3402 1598 sed
3435 1544 3718 1609 stabilem,

2131 1640 2298 1702 atque
2355 1631 2421 1686 ad
2479 1630 2726 1686 futurum
2773 1629 3034 1685 szeculum
3089 1631 3566 1717 commigrantem,
3613 1649 3720 1687 nec

2132 1736 2251 1775 eam
2290 1719 2556 1800 duntaxat
2591 1735 2728 1789 qua:
2759 1718 2811 1772 in
2852 1719 3031 1785 terris,
3073 1729 3236 1790 atque
3273 1720 3449 1776 oculis
3486 1723 3719 1791 conspi-

443 1827 666 1886 perante
693 1819 952 1872 maestitia
989 1818 1458 1888 injucunditatem
1506 1799 1735 1875 nimium
1757 1829 2018 1889 quantam

2137 1825 2225 1864 :ua
2275 1799 2401 1875 est;
2435 1799 2533 1864 sed
2589 1825 2684 1878 per
2730 1825 2875 1870 eam,
2926 1809 2994 1863 ad
3043 1807 3324 1865 cteiestem
3366 1808 3712 1874 Jerusalem,

443 1905 689 1968 cedente,
750 1914 915 1974 atque
974 1922 1263 1961 conversa.
1313 1906 1404 1962 Sic
1444 1908 1701 1961 nimirum
1736 1907 2024 1974 Dominus,

446 1997 905 2063 quemadmodum
941 2012 1054 2058 eos.
1092 1999 1185 2066 qui
1217 1998 1392 2066 ipsum
1418 1999 1746 2064 rlarificant,
1777 1999 2027 2054 claritate

445 2100 665 2154 augere,
688 2086 767 2140 sic
796 2088 889 2157 qui
916 2097 1202 2155 spernunt,
1225 2104 1487 2158 spernere
1507 2089 1812 2144 consuevit.

510 2219 876 2274 Admirandus
904 2221 1124 2289 quidem
1149 2221 1332 2282 Jesus,
1359 2222 1576 2278 lsraeiis
1598 2222 1724 2276 belli
1765 2222 1874 2277 dux
1910 2221 2031 2277 Μο-

443 2311 518 2366 sis
546 2311 666 2365 loco
713 2319 949 2374 creatus,
1014 2312 1272 2380 siccoque
1323 2313 1553 2382 vestigio
1610 2329 1734 2367 cum
1771 2314 2029 2368 omnibus

442 2402 616 2468 copiis
645 2399 882 2455 Jordane
920 2403 1249 2456 transmisso
1277 2402 1360 2467 “;
1402 2411 1566 2471 atque
1599 2403 1864 2459 adversus
1899 2420 2031 2474 gen-

443 2499 526 2542 tes
577 2505 839 2558 regesque
874 2488 1206 2543 fortissimos
1258 2492 1529 2552 instructa
1580 2493 1721 2559 acie,
1778 2494 2032 2562 belloque

446 2587 814 2644 comparatus.
843 2579 922 2632 sic
959 2580 1243 2633 incruenta
1297 2581 1527 2634 victoria
1563 2582 1838 2636 evertebat
1866 2583 2030 2652 quid-

447 2671 577 2738 quid
609 2669 948 2732 incurrisset,
982 2686 1046 2724 ac
1087 2687 1184 2738 par
1207 2680 1326 2725 erat
1356 2673 1646 2734 everteret,
1684 2687 1750 2728 ac
1776 2688 2030 2739 pessum-

443 2761 618 2822 daret,
653 2775 814 2826 quem
853 2760 1161 2815 Altitissimi
1214 2763 1433 2816 dextera
1454 2778 1578 2816 cum
1623 2761 1814 2831 primis
1844 2772 2031 2832 prote-

446 2850 624 2917 gebat.
661 2847 834 2927 l’Jnico
868 2850 1123 2903 tubarum
1157 2851 1438 2919 clangore,
1477 2852 1862 2906 robustissima
1894 2864 2030 2904 eon-

447 2956 609 2997 cussa
661 2942 862 2994 muenia
902 2942 1238 2994 corruebant
1279 2961 1291 2995 :
1323 2951 1545 3010 tumque
1576 2942 1740 2996 urbes
1783 2941 2028 3011 integrae,

450 3031 766 3097 civiumque
796 3031 977 3084 omnis
1028 3029 1272 3084 conferta
1318 3032 1609 3086 multitudo
1637 3032 2033 3087 exscindeban-

452 3130 539 3174 tur
570 3138 584 3174 :
610 3120 1008 3175 bellicosissimi
1040 3135 1195 3187 reges
1243 3121 1606 3189 impressione
1637 3121 1798 3190 facta,
1831 3122 2031 3175 nedum
2060 3143 2104 3199 ο

450 3210 637 3272 armis,
669 3211 761 3263 sed
783 3219 836 3262 et
884 3211 1023 3264 casio
1057 3210 1335 3278 lapsorum
1379 3209 1618 3279 lapidum
1668 3211 1841 3266 instar
1869 3228 2036 3282 gran-

449 3299 592 3352 dinis
621 3299 791 3352 imbre
812 3299 1158 3354 caedebantur
1187 3300 1270 3361 ";
1303 3301 1435 3368 quin
1470 3310 1523 3354 et
1565 3302 1623 3364 ii,
1672 3303 2032 3370 praeeuntium

451 3403 738 3454 vesparum
792 3389 996 3443 aculeis
1051 3388 1119 3454 “,
1175 3391 1290 3444 dire
1335 3391 1734 3459 pungebantur.
1769 3391 2035 3464 Quodque

454 3478 631 3546 majus
687 3493 750 3530 ac
794 3478 1142 3542 insolentius,
1188 3478 1269 3533 soi
1309 3481 1507 3545 stabat,
1554 3481 1682 3535 luna
1745 3481 2032 3535 inhibeba-

455 3580 544 3622 tur
572 3568 644 3633 ",
681 3569 970 3642 ipsumque
1020 3569 1219 3624 ccelum
1283 3569 1466 3625 lsraeli
1518 3571 1707 3625 aderat
1751 3572 1876 3627 belli
1904 3573 2034 3628 sub-

407 3649 597 3714 'sidio
652 3660 917 3715 adversus
981 3661 1299 3731 insipientes
1361 3663 1702 3733 depugnans.
1772 3662 1868 3718 His
1934 3663 2030 3717 Dei

455 3749 790 3817 providentia
845 3765 1089 3820 curaque
1159 3753 1378 3815 excisis.
1450 3768 1641 3808 eorum
1697 3757 2033 3810 substantias

457 3853 520 3892 ac
545 3838 834 3894 facultates
872 3841 926 3894 in
957 3836 1203 3896 funiculo
1225 3843 1649 3908 distributionis,
1681 3859 1776 3912 per
1808 3859 2031 3898 manum

456 3928 605 3992 Jesu,
659 3945 851 3985 eorum
909 3940 1132 3995 terram,
1163 3947 1228 3987 ac
1284 3933 1548 4002 quidquid
1596 3933 1819 3989 ditionis
1852 3933 2033 3988 fuerat

457 4021 768 4092 dividentis,
809 4023 1060 4091 partibus
1090 4023 1335 4080 adibant.

529 4156 822 4225 Gregorius
871 4166 1050 4210 autem
1093 4159 1204 4211 veri
1239 4158 1450 4212 Israelis
1486 4174 1644 4214 sacra
1699 4159 2028 4228 praefectura

459 4247 791 4310 ctmcredita,
821 4249 966 4301 velut
999 4265 1158 4303 amne
1192 4249 1378 4317 rapido
1420 4249 1785 4319 glomerantes
1833 4266 2024 4319 aquas,

463 4338 701 4406 prolixas
731 4339 903 4392 stulte
949 4339 1241 4407 impiorum
1291 4355 1461 4408 nugas
1493 4340 1711 4393 innoxie
1745 4341 2028 4395 transmit—

467 4439 586 4483 tens
617 4445 632 4493 ;
666 4431 809 4498 quod
842 4437 897 4483 et
925 4431 1040 4498 ipse
1067 4430 1336 4484 excelsam
1368 4445 1588 4482 manum
1620 4430 1797 4483 valide
1838 4441 2023 4499 prote-

468 4528 676 4588 gentem
740 4521 994 4583 haberet,
1057 4530 1315 4586 tanquam
1378 4521 1624 4574 civitates
1683 4536 1746 4574 ac
1799 4521 2018 4588 oppida,

465 4610 772 4677 iilegititnas
804 4608 1181 4662 lmreticorum
1217 4609 1530 4662 sodalitates
1577 4613 1880 4676 coetusque,
1911 4609 2021 4662 cla-

467 4701 681 4756 rissime
714 4699 1033 4754 sonantibus
1081 4713 1194 4752 suae
1247 4698 1531 4766 theologia:
1586 4699 1753 4758 tubis,
1804 4705 2025 4767 repente

466 4793 580 4846 solo
611 4791 866 4844 allidebat
893 4827 910 4850 ,
939 4788 1216 4856 fortesque
1244 4789 1700 4856 blasphemiarum
1736 4796 2019 4856 patronos,

467 4900 530 4939 ac
568 4882 861 4945 antistites,
889 4890 1149 4948 tanquam
1199 4895 1457 4935 saxorum
1493 4881 1711 4944 ictibus,
1745 4880 2028 4947 densaque

469 4978 751 5046 grandine,
810 4975 1124 5043 cmlestibus
1179 4973 1358 5028 sensis
1413 4971 1832 5041 confringebat;
1885 4971 2031 5025 velut

474 5068 710 5134 denique
743 5067 913 5121 multo
941 5080 1225 5133 vesparum
1274 5063 1551 5126 examine,
1584 5052 1792 5118 crebris
1816 5077 2029 5117 sermo-

475 5173 603 5210 num
630 5172 853 5210 suorum
877 5157 1076 5212 aculeis
1098 5157 1375 5222 saueians,
1400 5157 1538 5210 alios
1562 5155 1781 5225 quidem
1807 5156 2030 5208 omnino

475 5244 793 5315 perimebat,
827 5256 1091 5315 quotquot
1121 5249 1326 5302 scilicet
1363 5249 1524 5316 longe
1569 5246 1804 5299 maxima
1864 5257 2030 5300 teme-

480 5335 636 5386 ritate
669 5333 803 5397 acti,
838 5333 1114 5400 praafracte
1142 5353 1262 5390 cum
1305 5337 1414 5389 Deo
1442 5350 1682 5403 pugnare
1710 5333 1981 5388 audebant
2014 5351 2028 5400 ;

477 5424 611 5476 alios
642 5423 749 5477 vita
772 5422 1005 5477 donabat
1031 5427 1246 5494 potiori,
1276 5434 1539 5494 quotquot
1572 5426 1827 5478 nimirum
1875 5426 2019 5492 veri.-

549 5623 593 5650 “
614 5619 775 5672 .Iosne
806 5639 838 5674 ι.
872 5622 905 5671 Ξ).

480 5691 522 5721 ⁸³
587 5693 753 5742 ι’ζχηά.
793 5708 866 5749 ιιι,
904 5693 952 5740 8-

1037 5622 1075 5651 ”
1098 5620 1275 5673 insue.
1331 5640 1384 5684 χ,
1434 5625 1510 5676 ιι.

1620 5623 1662 5652 δε
1698 5623 1821 5691 Sap.
1880 5637 1974 5685 xu,
2009 5622 2058 5674 8.

2127 1899 2358 1954 liberam
2429 1897 2577 1956 illam
2631 1898 2676 1930 ιθ
2803 1897 3205 1966 primitivorum
3268 1900 3477 1955 scilicet
3531 1902 3721 1956 Erclco

2130 1990 2269 2045 siam
2303 1989 2348 2022 δ’
2379 1996 2397 2058 )
2423 1987 2700 2044 transiens
2727 2006 2745 2055 ;
2768 2003 2887 2053 non,
2907 1989 3058 2043 solus
3089 1989 3230 2058 ipse,
3258 1990 3351 2054 sed
3381 2007 3505 2045 cum
3543 2003 3718 2056 emta,

2128 2077 2401 2148 turbaque
2433 2067 2537 2147 ipsi
2580 2073 2803 2142 comite,
2858 2092 2955 2146 pro
3011 2086 3125 2130 rata
3160 2078 3431 2148 cujusque
3461 2081 3718 2134 laborum

2127 2167 2364 2232 ratione,
2406 2163 2654 2237 patribus
2680 2165 2948 2233 ascriptas
2987 2165 3333 2235 incorruptas
3367 2176 3543 2225 sortes
3578 2185 3712 2239 pos-

2129 2257 2392 2313 sidendas
2417 2253 2799 2326 consequitur.

2178 2349 2356 2406 Melle
2414 2364 2482 2404 ac
2517 2345 2657 2402 lacte
2711 2341 2880 2400 fluere
2920 2355 3120 2399 terram
3159 2345 3513 2415 promissam.
3561 2345 3746 2402 Scri-’

2130 2449 2304 2511 pturae
2331 2454 2500 2494 sacrae
2522 2435 2834 2492 testimonio
2884 2435 3156 2503 proditum
3191 2444 3274 2490 est
3305 2436 3376 2473 ⁵ο·
3404 2454 3420 2502 ;
3449 2436 3709 2507 Gregorii

2131 2541 2337 2598 autem,
2369 2529 2473 2584 mel
2494 2529 2738 2599 quidem,
2772 2526 3056 2595 theologia:
3086 2526 3314 2581 dulcedo
3340 2545 3354 2591 ;
3382 2527 3465 2582 lac
3502 2538 3712 2589 autem,

2131 2620 2379 2679 doctrina
2434 2618 2550 2692 iugi
2604 2620 2765 2672 latice
2835 2633 3085 2672 manans.
3145 2618 3236 2672 Vel
3297 2620 3402 2672 mel
3460 2619 3710 2688 quidem,

2128 2709 2350 2766 virtutis
2389 2723 2655 2778 operosus
2712 2707 2886 2772 labor,
2937 2721 3095 2777 quem
3145 2708 3454 2760 animorum
3505 2708 3708 2762 cultori

2131 2805 2305 2858 instar
2341 2802 2462 2872 apis
2506 2807 2924 2863 argumentosa,
2976 2797 3289 2867 laborisque
3343 2799 3712 2872 tenacissima:

2131 2891 2349 2948 abunde
2397 2880 2781 2960 suppeditabat
2826 2889 2962 2954 ;lac
3012 2903 3164 2954 vero,
3197 2889 3589 2961 .largissimus,
3640 2903 3711 2944 ac

2133 2983 2230 3053 qui
2259 2981 2497 3036 maxime
2523 2980 2818 3034 nutriendo
2843 2986 3010 3044 esset,
3043 2994 3358 3034 sermonum
3395 2982 3560 3034 latex.
3609 2978 3710 3034 liis

2133 3070 2304 3132 enim,
2353 3068 2576 3139 optimis
2619 3068 3092 3137 divinissimisque
3119 3070 3429 3125 rationibus
3461 3084 3709 3124 commo-

2133 3159 2262 3213 dum
2290 3156 2594 3213 Ecclesiam
2631 3157 2868 3225 regebat.
3421 3143 3423 3145 ’

2207 3250 2336 3303 liae
2366 3249 2456 3302 ille
2503 3257 2629 3301 ante
2658 3247 2909 3315 adeptam
2950 3247 3155 3313 sedem,
3214 3247 3328 3303 haec
3376 3256 3499 3317 post
3534 3252 3704 3303 etiam

2133 3341 2405 3409 adeptam,
2440 3340 2624 3394 studio
2653 3337 2868 3410 agebat.
2902 3336 3018 3392 Non
3061 3339 3206 3393 enim
3255 3340 3499 3409 requiem
3554 3341 3709 3407 labo-

2133 3444 2277 3493 rum,
2307 3427 2402 3483 sed
2449 3428 2815 3483 accessionem
2853 3444 3127 3492 curarum,
3163 3445 3446 3500 angorem,
3498 3430 3708 3485 sollici-

2133 3520 2404 3583 tudinem,
2441 3533 2506 3574 ac
2537 3518 2782 3571 laborum
2817 3518 3284 3586 exsuperantiam,
3320 3519 3705 3587 praefecturam

2132 3615 2389 3676 ducebat,
2423 3627 2585 3665 unam
2632 3625 2761 3664 vero
2804 3611 2973 3664 animi
3005 3610 3404 3678 iucunditatem
3453 3620 3703 3673 noverat,

2132 3701 2528 3773 discipulorum
2559 3701 2776 3769 pietatis
2806 3702 3108 3756 rationibus
3139 3702 3439 3769 profectum
3480 3719 3495 3765 ;
3535 3715 3702 3754 unam

2133 3795 2380 3862 corporis
2433 3793 2784 3847 refectionem
2859 3807 2924 3847 ac
2967 3794 3357 3853 laxamentum,
3422 3807 3706 3855 secessum

2055 3912 2058 3917 ι
2133 3890 2198 3940 ad
2218 3887 2333 3941 loca
2351 3887 2418 3940 ab
2439 3885 2719 3939 hominum
2740 3901 2840 3940 usu
2895 3899 2957 3940 ac
2968 3884 3358 3938 consuetudine
3375 3886 3665 3940 remotiora
3685 3901 3704 3945 :

2133 3976 2188 4031 in
2214 3976 2453 4045 seipsum
2478 3973 2852 4036 conversione,
2878 3974 3043 4028 animi
3069 3975 3342 4028 rationum
3362 3976 3702 4045 diligentiam

2134 4081 2198 4120 ac
2249 4080 2434 4119 curam
2471 4081 2484 4116 :
2519 4079 2625 4132 qua
2657 4064 2917 4116 nimirum
2970 4079 3128 4119 mens
3168 4065 3242 4118 illi
3288 4066 3353 4119 ad
3397 4065 3701 4120 altissimas

2133 4172 2421 4224 assurgens
2443 4155 2953 4225 contemplationes,
2980 4172 3150 4210 unam
3186 4155 3449 4211 Paracleti
3501 4158 3697 4210 iubens

2133 4244 3066 4315 habebatconsolationem;reliqua
3092 4255 3274 4301 autem
3341 4247 3508 4300 animi
3551 4247 3700 4301 oble-

2130 4345 2486 4398 etvamenta,ac
2498 4337 2742 4403 corporis
2764 4331 3141 4398 relaxatioiies,
3160 4336 3521 4392 crassioribus
3536 4345 3698 4405 atque

2146 4429 2211 4482 ad
2238 4429 2477 4496 corporis
2503 4429 2742 4481 rationes
2780 4428 2950 4495 magis
2975 4428 3322 4496 comparatis,
3356 4427 3691 4497 projiciebat.

2199 4502 2345 4569 Nam.
2367 4533 2489 4569 cum
2523 4516 2608 4568 his
2637 4515 2830 4580 tribus,
2877 4517 3110 4570 hominis
3138 4518 3352 4594 animus
3380 4518 3561 4572 munis
3604 4532 3693 4570 ca-

2131 4607 2306 4674 piatur
2332 4622 2396 4659 ac
2445 4607 2752 4668 insolescat,
2802 4621 2993 4673 nempe
3022 4608 3213 4676 gloria,
3241 4609 3468 4674 divitiis,
3531 4609 3689 4664 volu-

2107 4708 2319 4766 ptate;
2358 4712 2454 4751 nec
2503 4698 2681 4751 inanis
2712 4698 2894 4765 gloriae
2931 4697 3069 4752 fastu
3114 4713 3178 4754 ac
3221 4701 3473 4769 superbia
3497 4700 3688 4759 elatus,

2133 4787 2331 4841 mentis
2400 4787 2698 4841 rationibus
2765 4788 3081 4842 movebatur
3121 4804 3137 4852 ;
3171 4803 3270 4842 nec
3337 4790 3688 4857 pecuniarum

2137 4893 2320 4931 amore
2362 4879 2655 4941 emollitus,
2708 4879 2891 4931 animo
2941 4879 3291 4947 capiebatur;
3325 4881 3525 4948 quippe
3569 4894 3686 4932 cum
3757 4918 3771 4932 .

2129 4985 2166 5044 pa
2203 4970 2399 5023 teneris
2432 4969 2562 5037 ipsis
2595 4970 2864 5039 unguibus
2896 4971 3166 5037 ejusmodi
3196 4985 3378 5024 rerum
3410 4971 3680 5042 cupiditas

2135 5060 2312 5116 Omnis
2341 5061 2412 5115 iiii
2447 5060 2711 5116 exstincta
2734 5070 2894 5115 esset.
2929 5063 3008 5117 Ac
3032 5077 3203 5128 neque
3229 5062 3393 5132 (quod
3421 5065 3686 5132 plerisque

2139 5169 2238 5207 usu
2275 5154 2439 5222 venit)
2474 5153 2639 5207 variis
2678 5155 2882 5208 ventris
2917 5153 3287 5221 voluptatibus
3335 5157 3510 5209 victus
3557 5169 3687 5210 con-

2137 5245 2356 5298 cedebat
2391 5264 2404 5298 :
2442 5247 2531 5300 sed
2566 5248 2741 5302 omnis
2793 5247 2910 5314 jam
2961 5248 3083 5301 vita:
3107 5247 3367 5304 mollioris
3433 5265 3498 5304 ac
3537 5250 3685 5302 volu-

2140 5338 2300 5403 ptatis
2332 5335 2502 5405 fragili
2549 5337 2797 5405 iiuxaque
2827 5323 3164 5403 iucunditate
3211 5355 3439 5394 excussa
3496 5344 3570 5401 ita
3612 5344 3685 5401 ta-

2129 5426 2352 5479 boribus
2391 5441 2453 5479 ac
2477 5427 2766 5480 sudoribus
2791 5427 3004 5481 virtutis
3023 5443 3182 5482 causa
3209 5443 3327 5483 sese
3348 5432 3682 5490 excerccbat,

2135 5622 2174 5649 ⁸⁷
2203 5621 2380 5675 Insue.
2423 5639 2473 5684 Χ,
2506 5623 2587 5675 12.

2663 5620 2707 5651 ⁸⁸
2739 5619 2908 5672 Gaiat.
2940 5636 3009 5681 tv,
3041 5620 3130 5679 ‘26.
3187 5622 3230 5654 "
3260 5621 3419 5694 Hebr.
3472 5639 3564 5687 xu,
3595 5620 3678 5675 25-
