3924 6312
201 251 286 335 481

199 485 307 523 cum
333 467 464 520 illud
506 464 767 534 proferre,
799 475 1022 535 propter
1063 465 1319 518 nimirum
1360 464 1452 519 Dei
1479 465 1745 519 labiorum

201 572 485 619 sermones,
513 559 630 611 vias
648 572 711 612 se
741 559 908 610 duras
943 537 1251 610 custodisse
1279 557 1348 610 ⁵ο.

263 647 359 698 Alii
389 646 603 712 quidem
628 646 730 699 alia
765 645 936 699 functi
967 645 1184 708 virtute,
1232 653 1325 698 aut
1365 645 1560 699 divina:
1579 646 1750 714 parti-

200 738 334 805 cipes
405 735 529 790 facti
593 736 799 804 gratiae,
852 735 1022 788 solam
1089 733 1228 788 forte
1297 735 1528 803 quisque
1593 749 1746 788 suam

198 835 394 879 aetatem
428 825 686 879 beneﬁcio
716 822 927 878 allicere
957 824 1120 877 velit:
1146 823 1440 892 Gregorius
1471 831 1652 876 autem
1695 825 1748 876 in

199 933 257 969 νο
307 919 592 977 laboravit,
651 927 813 983 atque
857 931 1073 985 Operam
1126 917 1326 983 posuit.
1375 923 1434 967 ut
1482 929 1590 966 non
1640 929 1752 966 sua:

201 1008 452 1058 duntaxat
487 1005 653 1070 aetati,
688 1005 780 1058 sed
811 1015 864 1058 et
891 1005 1102 1059 cunctis
1143 1005 1304 1058 simul
1356 1005 1612 1071 deinceps
1661 1002 1749 1054 fti-

201 1097 331 1148 turis
397 1094 642 1147 divinam
711 1093 936 1162 gratiam
996 1094 1084 1147 Dei
1134 1090 1381 1160 exemplo
1432 1091 1746 1159 explicaret.

201 1186 376 1238 Sacris
440 1184 669 1252 eloquiis
743 1184 982 1238 fluminis
1039 1184 1211 1237 instar
1270 1198 1335 1235 ex
1390 1180 1508 1249 ejus
1567 1180 1748 1248 lingua

198 1275 503 1338 ﬂuentibus,
577 1273 934 1341 doctrinaque
999 1287 1093 1325 ore
1165 1270 1382 1331 tradita,
1451 1268 1518 1322 ad
1575 1270 1750 1336 ipsum

198 1367 454 1419 adeuntes
509 1380 786 1434 nunquam
839 1364 1107 1418 demereri
1154 1364 1425 1426 cessabat,
1488 1375 1747 1429 arguens,

198 1458 501 1526 increpans,
527 1457 820 1511 obsecrans
849 1457 918 1519 ",
945 1457 1159 1525 pietatis
1189 1455 1420 1509 decretis
1441 1451 1509 1505 ad
1534 1451 1752 1520 sapien-

201 1551 320 1603 tiam
390 1539 746 1618 cmuponens,
845 1550 1218 1616 sermonibus
1257 1544 1525 1608 veritatis,
1565 1553 1756 1610 aptans

896 268 1178 330 ORATIO
1212 268 1338 328 XX.
1364 295 1430 307 -
1470 269 1548 328 ΙΝ
1580 270 1888 329 LAUDEM
1941 269 2001 328 S.
2043 266 2422 328 GREGORII
2465 267 2740 327 TIIEOL.

203 388 254 431 ut
280 376 353 430 illi
399 389 560 442 quam
611 375 846 430 maxime
903 385 1271 445 opportunum
1332 384 1480 428 es~et
1523 373 1746 428 ‘Davitli-
1775 381 1822 438 Λ

3315 268 3426 332 482

1937 377 2073 428 Cum
2101 372 2521 446 laudatoriasac
2545 368 2664 440 qua:
2687 373 2751 425 de
2781 371 2871 424 Dei
2903 371 3142 426 hominis
3174 370 3229 426 in
3261 387 3429 426 carne

1850 467 2066 535 negotio
2099 473 2224 518 sunt
2261 462 2536 516 orationes
2562 462 2699 531 lego,
2734 463 2932 530 quibus
2959 477 3143 516 sacras
3173 462 3429 517 solemni-

1854 567 1990 631 trites
2018 563 2265 616 exornat,
2316 552 2406 604 Dei
2444 567 2624 606 revera
2661 553 2886 606 vocibus
2924 553 3194 609 Ecclesias
3228 553 3431 630 illumi-
3489 561 3497 574 ‘

1848 662 2003 710 nans,
2045 653 2206 713 atque
2239 644 2539 705 obiectans,
2570 659 2694 697 cum
2742 640 2930 698 Elia'in
2961 644 3158 698 caelum
3185 645 3335 698 levor
3355 644 3424 707 “,

1855 740 2124 809 igneaque
2153 735 2369 803 eloquia
2417 734 2557 788 haud
2610 751 2766 789 secus
2799 753 2863 789 ac.
2897 737 3176 790 ﬂammeos
3230 729 3422 791 currus

1842 815 2197 887 inscendens,
2252 824 2503 878 sublimis
2533 825 2598 876 ad
2631 823 2917 878 Dominum
2964 825 3123 880 tollor
3155 825 3422 895 :ejusqne

1849 917 2011 970 etiam
2081 914 2355 976 melotem,
2424 929 2585 982 quam
2652 914 2845 969 Elisazo
2902 917 3112 981 tribuit,
3178 918 3420 986 cngito;

1853 1008 2128 1076 quinimo,
2179 1020 2302 1073 qua:
2361 1002 2436 1056 illi
2477 1019 2661 1057 comes
2707 1014 2808 1065 est,
2864 1006 3130 1073 duplicem
3187 1007 3421 1075 Spiritus

1853 1097 2106 1166 gratiam,
2126 1109 2232 1163 qua
2265 1093 2467 1147 nedum
2495 1093 2788 1161 impietatis
2807 1094 3007 1147 ﬂuento
3031 1095 3338 1165 inhibentur
3355 1095 3422 1159 ⁸³,

1856 1202 2042 1240 verum
2077 1186 2239 1239 etiam
2279 1185 2495 1238 steriles
2524 1185 2720 1237 animae
2760 1182 3158 1240 fecundissimae
3184 1186 3420 1239 reddun-

1855 1285 1942 1331 tur
1973 1294 1988 1341 ;
2018 1291 2079 1332 ac
2111 1291 2231 1345 quae
2261 1291 2353 1344 per
2378 1276 2498 1330 lidei
2527 1277 2846 1344 pravitatem
2892 1275 3233 1340 interierunt,
3291 1290 3415 1330 cre-

1854 1367 2056 1421 duntur
2110 1367 2275 1419 vitam
2322 1366 2562 1433 recipere
2591 1364 2657 1418 “.

1925 1460 2058 1510 Cum
2105 1457 2412 1510 altlisliltlllt
2470 1456 2678 1518 laudes,
2735 1469 2800 1508 ac
2843 1463 3140 1526 martyrum
3170 1472 3184 1520 ;
3212 1453 3278 1508 ad
3312 1454 3428 1508 hate

1858 1549 2043 1609 etiam,
2079 1562 2202 1615 qua:
2256 1546 2426 1608 illitts,
2480 1546 2722 1600 moribus
2765 1545 3112 1600 instituendis
3137 1547 3422 1599 'adhorta-

196 1653 355 1710 atque
406 1644 680 1696 instruens
708 1681 724 1704 ,
754 1653 1089 1708 cunctosque
1134 1639 1200 1692 ad
1246 1633 1752 1704 contemplationem
1789 1620 1834 1672 π
1860 1639 2032 1692 tiones
2066 1645 2283 1691 exstant
2315 1654 2329 1702 ;
2358 1636 2552 1690 divinae
2582 1638 2702 1706 ejus
2731 1636 3013 1707 sapientiae
3058 1637 3375 1693 varietatem
3406 1677 3422 1702 ,

197 1734 398 1802 pariter
454 1748 517 1786 ac
550 1733 817 1786 actionem
865 1729 1143 1798 expeditos
1205 1727 1483 1797 agilesque
1532 1721 1756 1777 reddere

199 1819 434 1872 maxime
476 1821 722 1885 cupiens.
754 1815 1094 1883 Conscriptis
1124 1822 1304 1867 autem
1339 1812 1513 1867 sacris
1561 1825 1755 1863 monu-

199 1911 396 1962 mentis
428 1907 640 1961 futuros
690 1905 942 1973 deinceps
990 1921 1084 1973 per
1124 1913 1310 1960 aetates
1354 1901 1624 1956 aediﬂcans
1652 1917 1666 1961 ;
1699 1899 1753 1952 in

200 1999 285 2066 iis,
319 2013 538 2053 eversos
558 1998 888 2061 constabilit,
923 1997 1106 2050 ﬂdeles
1127 1994 1412 2048 conﬁrmat
1439 2010 1454 2059 ;
1485 1992 1577 2047 sed
1604 2000 1658 2044 et
1695 2004 1758 2043 os

199 2106 364 2144 omne
411 2092 665 2156 fremens,
709 2102 803 2145 aut
847 2091 990 2160 quod
1032 2091 1266 2143 futurum
1310 2097 1413 2152 est,
1457 2095 1517 2152 ut
1561 2084 1754 2139 fremat

199 2179 347 2250 loqui
388 2182 649 2236 adversus
681 2181 848 2236 Deum
890 2180 1226 2250 iniquitatem
1253 2179 1321 2244 ",
1356 2177 1611 2231 obstruit.

269 2273 445 2326 Tanta
468 2287 594 2326 vero
615 2272 876 2341 Gregorio
903 2271 1078 2325 exacti
1099 2269 1390 2334 sermonis,
1425 2283 1488 2321 ac
1515 2262 1761 2320 veritatis

204 2375 358 2422 cura,
387 2375 511 2412 eum
545 2369 849 2421 venustate,
881 2360 1218 2422 incitatione,
1252 2357 1656 2427 perspicuitate,
1690 2368 1753 2409 ac

201 2452 482 2520 gravitate,
537 2460 597 2516 ut
642 2465 949 2520 quanquam
1011 2450 1162 2504 multi
1232 2427 1428 2518 saepius
1483 2463 1512 2501 a
1565 2445 1764 2500 saeculo

203 2543 480 2596 orationes
514 2542 957 2610 conscripserint,
1004 2551 1099 2594 aut
1136 2541 1348 2594 divinas
1391 2538 1760 2592 enarrationes

201 2632 471 2685 ediderint
504 2646 519 2696 ;
550 2641 811 2700 quantum
842 2632 1008 2684 stellze
1033 2647 1062 2683 a
1097 2630 1224 2684 solis
1253 2630 1517 2692 claritate,
1553 2637 1758 2682 tantum

205 2720 448 2775 universi
479 2720 546 2773 ab
584 2721 728 2774 illius
769 2720 948 2774 divina
993 2722 1372 2790 praedicatione
1419 2735 1483 2773 ac
1525 2720 1756 2787 eloquio,

203 2814 369 2881 vique
423 2827 756 2874 sermonum,
816 2811 1094 2866 deliciant.
1147 2811 1282 2881 Ego,
1329 2819 1594 2880 quantum
1638 2809 1763 2863 licet

206 2916 305 2969 pro
333 2903 497 2966 virili,
525 2903 722 2956 dicam.

279 2993 417 3046 Cum
454 2992 506 3045 in
557 2994 830 3045 orationes
886 2991 1181 3044 invectivas
1234 2990 1436 3055 incido,
1476 2987 1676 3059 quibus
1718 2987 1765 3041 is

205 3079 404 3134 Iuliam
443 3081 873 3149 praevaricatoris
900 3080 1144 3134 confutat
1191 3079 1541 3141 dementiam,
1589 3078 1766 3132 numi-

207 3187 452 3240 numque
478 3173 757 3240 gentilium
804 3170 1177 3225 infelicitatem
1211 3184 1274 3224 ac
1325 3170 1610 3223 vanitatem
1640 3184 1767 3221 exa-

209 3264 345 3330 gitat
375 3281 389 3329 ;
425 3280 486 3317 ac
512 3264 710 3333 quibus
744 3279 931 3317 eorum
963 3262 1120 3324 Deos,
1151 3277 1214 3316 ac
1235 3262 1492 3316 demones
1517 3259 1765 3325 traducit,

209 3355 750 3426 Gedeonis'gladium
789 3355 962 3418 video,
1000 3363 1093 3407 aut
1117 3354 1262 3405 illius
1299 3361 1563 3405 trecentas
1586 3351 1764 3413 tubas,

212 3454 378 3514 atque
407 3447 702 3514 lampa-les,
732 3447 926 3513 quibus
959 3444 1289 3510 alienigenas
1319 3447 1572 3501 exterret,
1615 3455 1676 3493 ac
1711 3440 1764 3492 in

213 3548 490 3606 Stuporcm
518 3537 736 3590 vellit"
763 3553 780 3602 ;
807 3536 1149 3604 prOpriisque
1197 3534 1432 3602 ipsorum
1458 3545 1764 3585 sermonum

212 3627 662 3695 atqueactionum
681 3627 916 3695 laqueis,
943 3625 1141 3678 inuecti
1189 3623 1336 3676 facit.
1365 3624 1468 3674 Aut
1499 3620 1702 3673 Barach
1723 3621 1768 3650 “

210 3719 517 3788 Jephtequc
539 3705 722 3772 ensem
773 3718 820 3749 ⁵⁸
853 3735 868 3781 ;
905 3725 1000 3770 aut
1049 3714 1331 3768 Samsonis
1384 3710 1770 3774 mandibulam,

213 3822 330 3874 qua
379 3807 554 3861 hostes
609 3805 814 3860 milleni
885 3802 1126 3875 percussi
1177 3801 1570 3856 collidebantur
1615 3809 1776 3868 atque

216 3897 482 3950 cadebant
504 3896 567 3948 ⁵⁸.

294 3986 424 4040 Cum
472 3988 525 4040 in
556 4000 672 4048 eas,
722 3985 922 4053 quibus
957 3983 1077 4036 Filii
1135 3997 1198 4036 ac
1233 3981 1468 4050 Spiritus
1511 3980 1767 4034 Deitatem

221 4079 475 4138 tnetur,’
513 4077 714 4146 quibus
786 4075 1209 4144 alienigenarum
1271 4073 1545 4126 decretum
1617 4085 1777 4124 omne

221 4182 390 4238 atque
417 4169 714 4223 doctrinam
740 4166 1038 4228 exscindit,
1067 4179 1129 4218 ac
1152 4162 1447 4232 prmsertim
1476 4161 1775 4215 MacedOnii

1857 1730 2284 1798 multiplicisque
2328 1744 2393 1783 ac
2431 1729 2628 1784 diversi
2682 1730 2896 1798 generis
2922 1730 3208 1800 opuscula,
3243 1744 3306 1784 ac
3341 1730 3424 1783 lu-

1856 1822 2202 1876 cubrationes
2232 1832 2424 1884 metro,
2459 1823 2747 1889 solutaque
2765 1824 3013 1876 oratione
3055 1836 3264 1876 mecum
3297 1837 3424 1890 per-

1859 1923 2054 1976 tracto,
2121 1912 2436 1966 Salomonis
2495 1911 2662 1964 animi
2717 1911 3043 1978 profundum
3103 1921 3421 1981 contueor;

1858 2004 1988 2072 quin
2011 2012 2064 2054 et
2092 2016 2201 2070 prae
2231 2000 2343 2064 illo,
2381 2015 2444 2054 ac
2473 2000 2878 2072 majus‘al'tquid
2907 2016 3198 2068 possumus
3216 2001 3424 2055 dicere.

1859 2090 1990 2166 Nam
2056 2087 2311 2144 Salomon
2360 2089 2601 2158 quidem,
2637 2105 2782 2164 cum
2831 2089 3177 2159 sapientiam,
3238 2075 3424 2143 rerum

1860 2183 2068 2236 scilicet
2135 2180 2419 2236 scientiam
2483 2182 2749 2249 petiisset,
2811 2196 2876 2237 ac
2904 2174 3200 2252 accepisset
3221 2182 3314 2245 “';
3346 2183 3424 2235 sic

1860 2274 2252 2347 elcmentorum
2279 2273 2510 2336 indoles,
2539 2275 2855 2327 animalium
2889 2281 3066 2336 ortus,
3109 2273 3416 2341 plantarum

1861 2365 2071 2419 diversa
2114 2379 2332 2434 genera,
2365 2381 2430 2422 ac
2453 2381 2643 2420 eorum
2685 2380 2806 2435 quae
2835 2365 2938 2419 sub
2970 2364 3083 2419 sole
3133 2373 3282 2426 sunt,
3329 2369 3424 2416 aut

1865 2454 2018 2518 ﬁunt,
2070 2458 2414 2524 Operationes
2476 2458 2726 2525 viresque
2755 2454 3088 2509 intellexisse
3119 2453 3421 2523 perhibitus

1865 2556 1968 2610 est,
2003 2553 2062 2598 ut
2087 2548 2432 2613 superiorum
2460 2547 2726 2601 eXslitcrit
2750 2560 2907 2600 nemo
2942 2547 3044 2600 hac
3090 2546 3164 2598 illi
3197 2544 3424 2598 scientia

1861 2652 1979 2704 par,
2012 2645 2105 2690 aut
2135 2645 2257 2706 post
2289 2653 2412 2692 eum
2448 2648 2797 2696 surrecturus
2832 2638 2902 2691 sit
2928 2636 3302 2703 “.Gregorius
3329 2650 3424 2688 au-

1865 2735 1970 2779 tem
2024 2741 2148 2780 cum
2201 2726 2441 2780 humana
2483 2725 2574 2779 illa
2623 2726 2891 2792 sapientia
2946 2722 3105 2786 nihil,
3159 2717 3223 2776 ac
3281 2731 3428 2776 certe
3499 2781 3503 2784 _

1864 2832 2058 2885 parum
2101 2816 2233 2885 quid
2262 2831 2293 2869 a
2339 2814 2631 2882 Salomone
2685 2815 3068 2878 deficeret;ca
3127 2830 3223 2868 ceu
3274 2813 3426 2866 rudi-
3508 2852 3516 2866 .

1793 2917 2052 2988 Cruento
2087 2909 2152 2960 ad
2178 2908 2417 2961 divinam
2471 2907 2795 2975 sapientiam
2851 2921 3007 2970 usus,
3069 2915 3282 2960 tantum
3337 2905 3425 2959 illa

1870 2995 2143 3049 Salomoni
2205 2995 2522 3064 prmeelluit,
2570 3005 2834 3064 quantum
2891 2993 3146 3048 Salomon
3200 2996 3426 3064 reliquis

1870 3088 2153 3158 pt‘ml'ttlsit.
2201 3087 2277 3142 Ac
2311 3089 2526 3157 quidem
2576 3089 2690 3152 ille,
2729 3074 3032 3142 creatorum'
3079 3102 3138 3141 se
3183 3097 3426 3140 contem-

1869 3180 2092 3249 plationi
2142 3178 2363 3240 dedens,
2424 3177 2795 3246 perspicacem
2855 3176 2911 3229 in
2967 3190 3032 3229 ea
3091 3174 3260 3228 animi
3316 3175 3423 3227 vim

1870 3268 2093 3323 insumit
2128 3284 2142 3332 ;
2175 3268 2262 3321 hic
2307 3274 2487 3322 autem
2540 3283 2601 3322 ex
2645 3267 2845 3323 creatis
2879 3267 2946 3320 ad
2987 3265 3426 3334 incomprehensi

1866 3376 2032 3428 supra
2081 3375 2240 3429 quam
2280 3360 2514 3428 ignotam
2569 3358 2818 3411 notitiam
2867 3367 3226 3420 transvectus,
3281 3372 3431 3410 smu-

1871 3467 2066 3518 meque
2104 3451 2390 3520 mysticam
2420 3464 2483 3502 ac
2519 3447 2985 3502 abstrusissimam
3010 3457 3204 3500 nactus
3234 3446 3434 3500 incom-

1869 3539 2306 3609 prehensionem,
2367 3551 2542 3605 eaque
2603 3537 2960 3606 apprehensi,
3017 3535 3188 3604 ipsam
3249 3537 3301 3588 in
3363 3550 3428 3588 ea

1871 3630 2385 3699 contemplationem
2415 3628 2578 3701 sistit.

1945 3723 2022 3776 Ac
2055 3721 2273 3790 quidem
2309 3720 2568 3772 Salomon
2594 3705 2980 3771 multiforniem
3056 3731 3118 3770 ac
3158 3713 3434 3769 dividuam

1874 3820 2081 3864 natura:
2101 3808 2291 3862 doctus
2323 3809 2602 3870 rationem,
2630 3792 2994 3875 intelligentia:
3038 3804 3429 3858 abundantiam

1877 3901 2063 3954 multis
2094 3899 2246 3952 libris
2271 3898 2432 3953 editis
2458 3895 2784 3967 produxisse
2831 3896 3079 3964 proditus
3125 3906 3209 3950 est
3247 3911 3262 3949 :
3300 3895 3434 3949 Gre-

1887 3992 2073 4060 gorius
2105 4000 2284 4044 autem
2323 4000 2532 4043 natura:
2565 4002 2726 4056 supra
2753 4002 2914 4056 quam
2965 3988 3163 4040 divinae
3218 3987 3436 4042 Unitate

1877 4098 1940 4136 ac
1972 4082 2235 4135 Trinitate
2261 4080 2457 4134 eximie
2505 4066 2780 4148 perspecta
2814 4093 2877 4132 ac
2919 4077 3205 4136 intellecta.
3227 4093 3438 4133 sermo-

1880 4172 1966 4225 nis
2003 4170 2353 4240 pulcherrimi
2386 4171 2456 4229 vi,
2495 4184 2558 4222 ac
2607 4158 2912 4222 illustrante
2961 4167 3187 4222 Deitatis
3242 4167 3436 4232 gratia,

223 4258 451 4330 Ariique
512 4275 576 4315 ac
605 4258 916 4328 sequacium
955 4256 1316 4324 impudentem
1353 4263 1597 4321 amputat
1657 4251 1765 4303 bla-

1881 4265 2092 4316 cunctis
2122 4261 2282 4315 simul
2310 4261 2555 4316 aetatibus
2586 4260 2763 4312 divina
2790 4259 2894 4313 alte
2935 4258 3207 4312 edisserit.
3259 4257 3438 4317 Atque

231 4351 743 4423 sphemiam,statim
774 4348 1076 4403 admirandi
1101 4346 1244 4400 illius
1276 4344 1492 4398 Davidis
1523 4341 1777 4396 facinoris

230 4447 472 4507 memini,
517 4445 711 4514 triplici
761 4443 936 4512 lapide
981 4441 1148 4495 funda
1207 4447 1382 4494 rotato
1425 4439 1778 4506 alienigenam

228 4537 599 4607 percutientis,
625 4545 788 4604 atque
832 4548 1031 4601 procax
1062 4531 1194 4584 illud
1224 4538 1387 4598 caput
1426 4527 1779 4596 amputanlis,

230 4645 305 4683 ac
343 4630 524 4683 salutis
551 4643 719 4683 cornu
765 4625 946 4679 lsraeli
981 4624 1245 4692 erigentis
1269 4624 1312 4653 ³⁷
1342 4639 1354 4674 :
1385 4630 1476 4674 aut
1517 4619 1782 4673 Samuelis

236 4724 334 4776 illo
369 4722 706 4790 superiorum
737 4719 1062 4777 tonitruum,
1098 4725 1259 4782 atque
1288 4713 1586 4780 fulgurum,
1615 4713 1780 4767 vehe-

238 4816 602 4882 mrutinmque
622 4827 652 4866 e
677 4811 813 4865 caelo
839 4809 1114 4870 imbrium,
1140 4806 1335 4874 quibus
1365 4804 1411 4858 is
1438 4804 1782 4872 insipientem

244 4905 488 4961 Israclem
540 4903 823 4959 erudiebat
851 4901 897 4932 ”
926 4917 938 4952 :
971 4908 1065 4951 aut
1096 4897 1234 4965 ignis
1283 4894 1430 4959 Eliae,
1474 4909 1582 4961 quo
1637 4894 1789 4946 holo-

245 5005 426 5048 cauata
474 5009 536 5047 ac
583 4993 726 5062 ligna
773 4990 1106 5057 consumpsit
1137 4989 1223 5050 ";
1275 4986 1348 5039 uti
1402 4985 1569 5055 etiarn
1608 4995 1804 5052 postea

245 5086 339 5138 illo
363 5085 584 5139 duorum
600 5081 1179 5152 quiuquagenariorum
1195 5077 1492 5146 principum
1510 5075 1790 5128 audaciam

248 5175 490 5230 contrivit
517 5176 584 5236 ⁸⁸,
617 5185 710 5227 aut
756 5174 873 5242 ejus
913 5173 1085 5241 ipsius
1131 5168 1292 5235 gladii
1342 5183 1447 5236 quo
1491 5166 1785 5236 prephetas

252 5265 570 5322 confusionis
604 5265 702 5337 (id
740 5273 840 5328 est,
869 5264 996 5317 Bnal
1023 5266 1042 5332 )
1068 5263 1368 5333 justissime
1409 5260 1678 5314 interemit
1721 5258 1779 5309 ⁶¹.

323 5438 367 5470 ³⁸
386 5435 519 5495 Psal.
549 5455 659 5496 xvi.
689 5439 743 5490 4.
819 5438 861 5468 ⁸⁸
889 5437 929 5490 ll
973 5437 1113 5491 Tim.
1145 5453 1218 5498 ιν,
1247 5438 1340 5490 ‘15.

257 5509 435 5569 11,32.
521 5511 566 5542 ⁸⁸
601 5509 779 5562 Judic.
839 5523 924 5569 XV,
971 5507 1054 5559 1'3.
1151 5507 1242 5558 ⁸⁷«Ι
1280 5511 1405 5573 Meg.
1450 5522 1577 5567 xvn,
1608 5505 1693 5556 40.

263 5581 369 5636 ι,9.
439 5580 476 5610 ⁶¹
512 5579 571 5633 lll
605 5578 733 5648 ll'eg.
769 5593 917 5635 sviti.
945 5576 1030 5628 40.

263 5660 304 5710 I,
336 5650 412 5700 lt).
502 5649 543 5698 ει
581 5650 645 5702 lll
684 5643 812 5716 l'teg.
842 5663 922 5713 ιιι,
948 5648 1010 5698 li
1041 5665 1054 5710 ;
1091 5663 1161 5710 tv,
1197 5647 1283 5699 50.
1363 5647 1405 5674 ⁶⁶
1438 5645 1498 5695 Ill
1529 5643 1654 5711 Reg.
1692 5659 1748 5705 ll,
1791 5645 1807 5694 Ι
1845 5656 1996 5709 seqq.

1446 5437 1488 5466 δ’
1523 5434 1664 5488 Psal.
1703 5449 1759 5497 tl,
1792 5433 1844 5485 (2.

1798 5502 1887 5553 ⁵⁸1
1933 5503 2060 5567 Reg.
2101 5519 2191 5561 xu,
2231 5502 2314 5554 17.

1109 5578 1152 5607 ⁸³
1206 5576 1269 5628 ιν
1311 5570 1436 5637 Ιζίῖδξ.
1466 5591 1522 5631 ιι,
1551 5576 1584 5627 9
1638 5590 1794 5642 seqq.
1859 5572 1902 5602 ⁸³
1936 5570 1996 5623 ιν
2032 5570 2158 5637 Reg.
2213 5587 2308 5632 XII,
2345 5571 2426 5623 H.

1885 4355 1973 4408 ille
2002 4353 2241 4422 quidem,
2272 4368 2356 4417 ea,
2401 4367 2520 4421 qum
2543 4352 2722 4406 saeculi
2756 4367 2855 4405 usu
2895 4352 3178 4412 consistit,
3221 4351 3440 4404 solertia

1888 4460 1952 4498 ac
1982 4444 2349 4498 sollicitudine
2392 4444 2600 4517 _elatus,
2631 4457 2694 4496 ac
2731 4442 2910 4496 carnis
2935 4443 3214 4511 prudentia
3244 4441 3440 4501 victus.

1893 4552 2054 4606 quam
2112 4535 2318 4603 procul,
2366 4535 2511 4589 heul
2565 4535 2633 4588 ab
2689 4533 2884 4603 spiritu
2935 4534 3192 4595 recessit,
3254 4546 3442 4586 eorum

1891 4629 2107 4680 nomine
2129 4642 2248 4694 quae
2288 4626 2388 4679 sibi
2419 4625 2698 4695 deligenda
2731 4624 2939 4694 putavit
2963 4625 3061 4692 (ne
3081 4623 3209 4692 quid
3255 4621 3444 4675 nefan-

1892 4720 2019 4771 dum
2068 4715 2290 4784 dicam)
2331 4718 2595 4785 vituperio
2641 4717 2838 4785 dignus
2881 4715 2947 4767 “.
3003 4715 3070 4766 At
3119 4712 3441 4782 Gregorius,

1893 4808 1984 4876 qui
2027 4806 2228 4874 Spiritu
2255 4805 2343 4857 Dei
2374 4816 2621 4874 ageretur
2651 4806 2715 4865 ⁸⁷,
2752 4817 3059 4872 quanquam
3086 4803 3150 4855 ad
3179 4802 3444 4870 ejusmodi

1898 4898 2173 4964 sapientiae
2206 4896 2424 4963 pelagus
2463 4902 2728 4955 evaserat,
2767 4891 2924 4943 facile
2970 4901 3175 4955 tamen,
3226 4906 3288 4945 ac
3338 4891 3445 4943 leui

1899 5001 2030 5038 aura
2082 4985 2314 5051 navigat,
2369 4981 2554 5036 divino
2603 4981 2813 5035 scilicet
2857 4976 3060 5047 Spiritu
3101 4996 3194 5048 per
3221 4982 3445 5047 spirita-

1901 5077 2002 5129 lem
2028 5076 2392 5144 disc'plinam,
2416 5073 2640 5141 vita:un
2667 5072 3056 5124 institutionem
3084 5071 3148 5124 ad
3172 5072 3441 5125 cmlesrem

1894 5164 2292 5233 Sttpcrcmlcstis
2331 5162 2602 5231 sapientiae
2647 5172 2862 5229 portum
2899 5151 3082 5230 ipsum
3135 5160 3390 5227 dirigente
3427 5171 3440 5221 ;

1892 5257 2174 5326 carnisque
2230 5254 2517 5308 allectuum
2579 5267 2641 5306 ac
2697 5252 3002 5317 libidinum,
3055 5262 3305 5319 tanquam
3343 5249 3443 5304 llu-

1947 5431 2193 5485 “Judic.
2252 5429 2457 5493 “1,20.
2564 5426 2817 5484 “Judic.
2883 5445 2953 5492 Iv,
3003 5425 3086 5480 16.
3191 5427 3235 5456 ⁸⁸
3269 5425 3440 5482 Judic.

2410 5503 2452 5532 δ’
2483 5498 2546 5600 Ἦ
2576 5498 2907 5622 inihi"
3107 5497 3185 5597 “of
3200 5496 3443 5621 “illi

2717 5584 2798 5640 eg.
2842 5585 2911 5632 IV,
2946 5582 3030 5620 ‘ID.
3087 5582 3173 5635 Δ“’”“
3201 5582 3236 5619 Il
3273 5582 3439 5621 l'ill'ill.

2074 5642 2114 5711 ετ
2155 5643 2306 5694 llom.
2341 5654 2452 5697 vnt,
2486 5639 2574 5691 M.
