  <div class='ocr_page' id='page_1' title='image "/cluster/home/n/w/nwhite01/storage/ocr_20150623/105/pst.000005714155/279.png"; bbox 0 0 3924 6312; ppageno 0'>
   <div class='ocr_carea' id='block_1_1' title="bbox 447 383 554 448">
    <p class='ocr_par' dir='ltr' id='par_1_1' title="bbox 447 383 554 448">
     <span class='ocr_line' id='line_1_1' title="bbox 447 383 554 448; baseline 0.037 -4"><span class='ocrx_word' id='word_1_1' title='bbox 447 383 554 448; x_wconf 72' lang='grc'><strong>483</strong></span> 
     </span>
    </p>
   </div>
   <div class='ocr_carea' id='block_1_2' title="bbox 1600 355 2473 441">
    <p class='ocr_par' dir='ltr' id='par_1_2' title="bbox 1600 355 2473 441">
     <span class='ocr_line' id='line_1_2' title="bbox 1600 355 2473 441; baseline -0.007 0"><span class='ocrx_word' id='word_1_2' title='bbox 1600 379 1891 441; x_wconf 61' lang='lat' dir='ltr'><strong>NICETxE</strong></span> <span class='ocrx_word' id='word_1_3' title='bbox 1950 355 2473 438; x_wconf 55' lang='lat' dir='ltr'><strong>PAPIILAGONIS</strong></span> 
     </span>
    </p>
   </div>
   <div class='ocr_carea' id='block_1_3' title="bbox 3586 367 3694 432">
    <p class='ocr_par' dir='ltr' id='par_1_3' title="bbox 3586 367 3694 432">
     <span class='ocr_line' id='line_1_3' title="bbox 3586 367 3694 432; baseline 0 0"><span class='ocrx_word' id='word_1_4' title='bbox 3586 367 3694 432; x_wconf 67' lang='grc' dir='ltr'><strong>ιθι</strong></span> 
     </span>
    </p>
   </div>
   <div class='ocr_carea' id='block_1_4' title="bbox 450 480 3695 563">
    <p class='ocr_par' dir='ltr' id='par_1_4' title="bbox 450 480 3695 563">
     <span class='ocr_line' id='line_1_4' title="bbox 450 480 3695 563; baseline -0.006 -14"><span class='ocrx_word' id='word_1_5' title='bbox 450 508 634 550; x_wconf 89' lang='lat' dir='ltr'><strong>etuum</strong></span> <span class='ocrx_word' id='word_1_6' title='bbox 666 496 983 562; x_wconf 87' lang='lat' dir='ltr'><strong>insurgente</strong></span> <span class='ocrx_word' id='word_1_7' title='bbox 1011 493 1062 546; x_wconf 99' lang='lat' dir='ltr'><strong>vi</strong></span> <span class='ocrx_word' id='word_1_8' title='bbox 1110 500 1296 545; x_wconf 87' lang='lat' dir='ltr'><strong>natatu</strong></span> <span class='ocrx_word' id='word_1_9' title='bbox 1334 491 1608 560; x_wconf 78' lang='lat' dir='ltr'><strong>superior,</strong></span> <span class='ocrx_word' id='word_1_10' title='bbox 1642 500 1804 558; x_wconf 87' lang='lat' dir='ltr'><strong>atque</strong></span> <span class='ocrx_word' id='word_1_11' title='bbox 1848 502 2018 541; x_wconf 83' lang='lat' dir='ltr'><strong>emer-</strong></span> <span class='ocrx_word' id='word_1_12' title='bbox 2050 492 2092 544; x_wconf 74' lang='grc' dir='ltr'><strong>Α</strong></span> <span class='ocrx_word' id='word_1_13' title='bbox 2121 501 2312 540; x_wconf 87' lang='lat' dir='ltr'><strong>eorum</strong></span> <span class='ocrx_word' id='word_1_14' title='bbox 2346 487 2445 559; x_wconf 86' lang='lat' dir='ltr'><strong>ipsi</strong></span> <span class='ocrx_word' id='word_1_15' title='bbox 2480 486 2706 540; x_wconf 89' lang='lat' dir='ltr'><strong>consilia</strong></span> <span class='ocrx_word' id='word_1_16' title='bbox 2750 492 3088 555; x_wconf 87' lang='lat' dir='ltr'><strong>sequantur;</strong></span> <span class='ocrx_word' id='word_1_17' title='bbox 3118 483 3434 563; x_wconf 71' lang='lat' dir='ltr'><strong>maluntque</strong></span> <span class='ocrx_word' id='word_1_18' title='bbox 3464 480 3567 534; x_wconf 93' lang='lat' dir='ltr'><strong>sibi</strong></span> <span class='ocrx_word' id='word_1_19' title='bbox 3596 494 3695 533; x_wconf 81' lang='lat' dir='ltr'><strong>eos</strong></span> 
     </span>
    </p>
   </div>
   <div class='ocr_carea' id='block_1_5' title="bbox 450 578 2019 651">
    <p class='ocr_par' dir='ltr' id='par_1_5' title="bbox 450 578 2019 651">
     <span class='ocr_line' id='line_1_5' title="bbox 450 578 2019 651; baseline -0.003 -16"><span class='ocrx_word' id='word_1_20' title='bbox 450 596 603 651; x_wconf 88' lang='lat' dir='ltr'><strong>gens,</strong></span> <span class='ocrx_word' id='word_1_21' title='bbox 634 580 911 634; x_wconf 90' lang='lat' dir='ltr'><strong>tutissimo</strong></span> <span class='ocrx_word' id='word_1_22' title='bbox 946 582 1092 636; x_wconf 82' lang='lat' dir='ltr'><strong>ex&#39;itu</strong></span> <span class='ocrx_word' id='word_1_23' title='bbox 1122 580 1290 634; x_wconf 88' lang='lat' dir='ltr'><strong>animi</strong></span> <span class='ocrx_word' id='word_1_24' title='bbox 1318 581 1596 651; x_wconf 82' lang='lat' dir='ltr'><strong>propriam</strong></span> <span class='ocrx_word' id='word_1_25' title='bbox 1623 578 2019 647; x_wconf 72' lang='lat' dir='ltr'><strong>navigationem</strong></span> 
     </span>
    </p>
   </div>
   <div class='ocr_carea' id='block_1_6' title="bbox 447 672 1134 742">
    <p class='ocr_par' dir='ltr' id='par_1_6' title="bbox 447 672 1134 742">
     <span class='ocr_line' id='line_1_6' title="bbox 447 672 1134 742; baseline -0.003 -16"><span class='ocrx_word' id='word_1_26' title='bbox 447 672 777 742; x_wconf 87' lang='lat' dir='ltr'><strong>obsignavit,</strong></span> <span class='ocrx_word' id='word_1_27' title='bbox 819 686 883 730; x_wconf 89' lang='lat' dir='ltr'><strong>ac</strong></span> <span class='ocrx_word' id='word_1_28' title='bbox 917 672 1134 727; x_wconf 89' lang='lat' dir='ltr'><strong>clausit.</strong></span> 
     </span>
    </p>
   </div>
   <div class='ocr_carea' id='block_1_7' title="bbox 519 754 2022 835">
    <p class='ocr_par' dir='ltr' id='par_1_7' title="bbox 519 754 2022 835">
     <span class='ocr_line' id='line_1_7' title="bbox 519 754 2022 835; baseline -0.001 -18"><span class='ocrx_word' id='word_1_29' title='bbox 519 763 813 835; x_wconf 77' lang='lat' dir='ltr'><strong>Postquam</strong></span> <span class='ocrx_word' id='word_1_30' title='bbox 842 775 1045 826; x_wconf 87' lang='lat' dir='ltr'><strong>autem,</strong></span> <span class='ocrx_word' id='word_1_31' title='bbox 1101 778 1265 831; x_wconf 89' lang='lat' dir='ltr'><strong>quam</strong></span> <span class='ocrx_word' id='word_1_32' title='bbox 1302 763 1405 818; x_wconf 90' lang='lat' dir='ltr'><strong>sibi</strong></span> <span class='ocrx_word' id='word_1_33' title='bbox 1438 754 1775 833; x_wconf 72' lang='lat' dir='ltr'><strong>propositam</strong></span> <span class='ocrx_word' id='word_1_34' title='bbox 1813 761 2022 816; x_wconf 86' lang='lat' dir='ltr'><strong>habue-</strong></span> 
     </span>
    </p>
   </div>
   <div class='ocr_carea' id='block_1_8' title="bbox 460 851 2020 923">
    <p class='ocr_par' dir='ltr' id='par_1_8' title="bbox 460 851 2020 923">
     <span class='ocr_line' id='line_1_8' title="bbox 460 851 2020 923; baseline -0.001 -17"><span class='ocrx_word' id='word_1_35' title='bbox 460 862 548 906; x_wconf 92' lang='lat' dir='ltr'><strong>rat</strong></span> <span class='ocrx_word' id='word_1_36' title='bbox 603 853 953 923; x_wconf 67' lang='lat' dir='ltr'><strong>iinpensioris</strong></span> <span class='ocrx_word' id='word_1_37' title='bbox 978 852 1128 907; x_wconf 90' lang='lat' dir='ltr'><strong>illius</strong></span> <span class='ocrx_word' id='word_1_38' title='bbox 1166 854 1383 908; x_wconf 74' lang='lat' dir='ltr'><strong>consilii</strong></span> <span class='ocrx_word' id='word_1_39' title='bbox 1437 856 1729 918; x_wconf 86' lang='lat' dir='ltr'><strong>actionem,</strong></span> <span class='ocrx_word' id='word_1_40' title='bbox 1783 851 2020 906; x_wconf 80' lang='lat' dir='ltr'><strong>faustum</strong></span> 
     </span>
    </p>
   </div>
   <div class='ocr_carea' id='block_1_9' title="bbox 452 942 2022 1016">
    <p class='ocr_par' dir='ltr' id='par_1_9' title="bbox 452 942 2022 1016">
     <span class='ocr_line' id='line_1_9' title="bbox 452 942 2022 1016; baseline 0.002 -21"><span class='ocrx_word' id='word_1_41' title='bbox 452 943 640 1005; x_wconf 87' lang='lat' dir='ltr'><strong>ﬁnem,</strong></span> <span class='ocrx_word' id='word_1_42' title='bbox 666 959 729 998; x_wconf 90' lang='lat' dir='ltr'><strong>ac</strong></span> <span class='ocrx_word' id='word_1_43' title='bbox 764 959 862 1014; x_wconf 92' lang='lat' dir='ltr'><strong>pro</strong></span> <span class='ocrx_word' id='word_1_44' title='bbox 891 944 1011 1011; x_wconf 80' lang='lat' dir='ltr'><strong>ejus</strong></span> <span class='ocrx_word' id='word_1_45' title='bbox 1038 942 1356 1013; x_wconf 56' lang='lat' dir='ltr'><strong>ﬁligentia,</strong></span> <span class='ocrx_word' id='word_1_46' title='bbox 1397 962 1462 1000; x_wconf 89' lang='lat' dir='ltr'><strong>ac</strong></span> <span class='ocrx_word' id='word_1_47' title='bbox 1494 947 1608 1016; x_wconf 85' lang='lat' dir='ltr'><strong>spei</strong></span> <span class='ocrx_word' id='word_1_48' title='bbox 1640 945 1853 999; x_wconf 82' lang='lat' dir='ltr'><strong>ratione</strong></span> <span class='ocrx_word' id='word_1_49' title='bbox 1889 959 2022 999; x_wconf 81' lang='lat' dir='ltr'><strong>con-</strong></span> 
     </span>
    </p>
   </div>
   <div class='ocr_carea' id='block_1_10' title="bbox 450 1039 2020 1110">
    <p class='ocr_par' dir='ltr' id='par_1_10' title="bbox 450 1039 2020 1110">
     <span class='ocr_line' id='line_1_10' title="bbox 450 1039 2020 1110; baseline 0.001 -19"><span class='ocrx_word' id='word_1_50' title='bbox 450 1043 781 1104; x_wconf 70' lang='lat' dir='ltr'><strong>venientem,</strong></span> <span class='ocrx_word' id='word_1_51' title='bbox 837 1040 977 1098; x_wconf 78' lang='lat' dir='ltr'><strong>vidit</strong></span> <span class='ocrx_word' id='word_1_52' title='bbox 1003 1041 1318 1110; x_wconf 83' lang='lat' dir='ltr'><strong>accepisse;</strong></span> <span class='ocrx_word' id='word_1_53' title='bbox 1357 1042 1506 1095; x_wconf 89' lang='lat' dir='ltr'><strong>omni</strong></span> <span class='ocrx_word' id='word_1_54' title='bbox 1543 1041 1749 1095; x_wconf 82' lang='lat' dir='ltr'><strong>scilicet</strong></span> <span class='ocrx_word' id='word_1_55' title='bbox 1773 1039 2020 1109; x_wconf 88' lang='lat' dir='ltr'><strong>populari</strong></span> 
     </span>
    </p>
   </div>
   <div class='ocr_carea' id='block_1_11' title="bbox 448 1132 2023 1201">
    <p class='ocr_par' dir='ltr' id='par_1_11' title="bbox 448 1132 2023 1201">
     <span class='ocr_line' id='line_1_11' title="bbox 448 1132 2023 1201; baseline 0.001 -17"><span class='ocrx_word' id='word_1_56' title='bbox 448 1133 683 1185; x_wconf 87' lang='lat' dir='ltr'><strong>tumultu</strong></span> <span class='ocrx_word' id='word_1_57' title='bbox 740 1145 806 1185; x_wconf 89' lang='lat' dir='ltr'><strong>ac</strong></span> <span class='ocrx_word' id='word_1_58' title='bbox 851 1133 1223 1196; x_wconf 85' lang='lat' dir='ltr'><strong>contentione,</strong></span> <span class='ocrx_word' id='word_1_59' title='bbox 1261 1133 1758 1201; x_wconf 74' lang='lat' dir='ltr'><strong>Anommorumque</strong></span> <span class='ocrx_word' id='word_1_60' title='bbox 1825 1132 2023 1201; x_wconf 81' lang='lat' dir='ltr'><strong>lingua</strong></span> 
     </span>
    </p>
   </div>
   <div class='ocr_carea' id='block_1_12' title="bbox 446 1221 2021 1307">
    <p class='ocr_par' dir='ltr' id='par_1_12' title="bbox 446 1221 2021 1307">
     <span class='ocr_line' id='line_1_12' title="bbox 446 1221 2021 1307; baseline 0.001 -33"><span class='ocrx_word' id='word_1_61' title='bbox 446 1221 798 1291; x_wconf 82' lang='lat' dir='ltr'><strong>improbitate</strong></span> <span class='ocrx_word' id='word_1_62' title='bbox 854 1235 918 1276; x_wconf 90' lang='lat' dir='ltr'><strong>ac</strong></span> <span class='ocrx_word' id='word_1_63' title='bbox 943 1223 1375 1277; x_wconf 85' lang='lat' dir='ltr'><strong>contradictione</strong></span> <span class='ocrx_word' id='word_1_64' title='bbox 1402 1223 1572 1307; x_wconf 68' lang='lat' dir='ltr'><strong>divisa</strong></span> <span class='ocrx_word' id='word_1_65' title='bbox 1591 1237 1837 1291; x_wconf 78' lang='lat' dir='ltr'><strong>prorsus,</strong></span> <span class='ocrx_word' id='word_1_66' title='bbox 1860 1232 2021 1291; x_wconf 89' lang='lat' dir='ltr'><strong>atque</strong></span> 
     </span>
    </p>
   </div>
   <div class='ocr_carea' id='block_1_13' title="bbox 446 1312 2017 1392">
    <p class='ocr_par' dir='ltr' id='par_1_13' title="bbox 446 1312 2017 1392">
     <span class='ocr_line' id='line_1_13' title="bbox 446 1312 2017 1392; baseline 0.001 -28"><span class='ocrx_word' id='word_1_67' title='bbox 446 1312 724 1383; x_wconf 73' lang='lat' dir='ltr'><strong>eonscissa</strong></span> <span class='ocrx_word' id='word_1_68' title='bbox 762 1327 779 1376; x_wconf 93' lang='lat'><strong>;</strong></span> <span class='ocrx_word' id='word_1_69' title='bbox 817 1313 1079 1381; x_wconf 90' lang='lat' dir='ltr'><strong>omnique</strong></span> <span class='ocrx_word' id='word_1_70' title='bbox 1138 1327 1297 1367; x_wconf 89' lang='lat' dir='ltr'><strong>sacro</strong></span> <span class='ocrx_word' id='word_1_71' title='bbox 1360 1312 1801 1368; x_wconf 79' lang='lat' dir='ltr'><strong>Orthodoxorum</strong></span> <span class='ocrx_word' id='word_1_72' title='bbox 1872 1321 2017 1392; x_wconf 74' lang='lat' dir='ltr'><strong>eam</strong></span> 
     </span>
    </p>
   </div>
   <div class='ocr_carea' id='block_1_14' title="bbox 448 1401 2021 1477">
    <p class='ocr_par' dir='ltr' id='par_1_14' title="bbox 448 1401 2021 1477">
     <span class='ocr_line' id='line_1_14' title="bbox 448 1401 2021 1477; baseline 0.001 -20"><span class='ocrx_word' id='word_1_73' title='bbox 448 1402 626 1477; x_wconf 81' lang='lat' dir='ltr'><strong>sacris</strong></span> <span class='ocrx_word' id='word_1_74' title='bbox 676 1401 939 1458; x_wconf 83' lang='lat' dir='ltr'><strong>Ecclesiis</strong></span> <span class='ocrx_word' id='word_1_75' title='bbox 981 1402 1255 1469; x_wconf 88' lang='lat' dir='ltr'><strong>restituto,</strong></span> <span class='ocrx_word' id='word_1_76' title='bbox 1306 1404 1493 1472; x_wconf 86' lang='lat' dir='ltr'><strong>sicque</strong></span> <span class='ocrx_word' id='word_1_77' title='bbox 1541 1403 1745 1459; x_wconf 90' lang='lat' dir='ltr'><strong>virtute</strong></span> <span class='ocrx_word' id='word_1_78' title='bbox 1801 1416 1882 1458; x_wconf 81' lang='lat' dir='ltr'><strong>ac&#39;</strong></span> <span class='ocrx_word' id='word_1_79' title='bbox 1916 1403 2021 1459; x_wconf 89' lang='lat' dir='ltr'><strong>ﬁde</strong></span> 
     </span>
    </p>
   </div>
   <div class='ocr_carea' id='block_1_15' title="bbox 446 1491 2019 1561">
    <p class='ocr_par' dir='ltr' id='par_1_15' title="bbox 446 1491 2019 1561">
     <span class='ocr_line' id='line_1_15' title="bbox 446 1491 2019 1561; baseline 0.002 -16"><span class='ocrx_word' id='word_1_80' title='bbox 446 1491 656 1556; x_wconf 89' lang='lat' dir='ltr'><strong>adulto,</strong></span> <span class='ocrx_word' id='word_1_81' title='bbox 697 1501 759 1545; x_wconf 93' lang='lat' dir='ltr'><strong>ut</strong></span> <span class='ocrx_word' id='word_1_82' title='bbox 784 1508 951 1561; x_wconf 88' lang='lat' dir='ltr'><strong>super</strong></span> <span class='ocrx_word' id='word_1_83' title='bbox 986 1507 1083 1546; x_wconf 90' lang='lat' dir='ltr'><strong>eos</strong></span> <span class='ocrx_word' id='word_1_84' title='bbox 1109 1491 1291 1546; x_wconf 90' lang='lat' dir='ltr'><strong>divina</strong></span> <span class='ocrx_word' id='word_1_85' title='bbox 1339 1493 1566 1545; x_wconf 91' lang='lat' dir='ltr'><strong>omnino</strong></span> <span class='ocrx_word' id='word_1_86' title='bbox 1602 1492 1850 1548; x_wconf 76' lang='lat' dir='ltr'><strong>eﬁlorere</strong></span> <span class='ocrx_word' id='word_1_87' title='bbox 1893 1508 2019 1548; x_wconf 90' lang='lat' dir='ltr'><strong>san-</strong></span> 
     </span>
    </p>
   </div>
   <div class='ocr_carea' id='block_1_16' title="bbox 445 1580 2015 1662">
    <p class='ocr_par' dir='ltr' id='par_1_16' title="bbox 445 1580 2015 1662">
     <span class='ocr_line' id='line_1_16' title="bbox 445 1580 2015 1662; baseline 0.002 -29"><span class='ocrx_word' id='word_1_88' title='bbox 445 1581 705 1636; x_wconf 86' lang='lat' dir='ltr'><strong>ctiﬁcatio</strong></span> <span class='ocrx_word' id='word_1_89' title='bbox 739 1582 1148 1650; x_wconf 84' lang='lat' dir='ltr'><strong>conspiceretur</strong></span> <span class='ocrx_word' id='word_1_90' title='bbox 1176 1582 1242 1635; x_wconf 84' lang='grc'><strong>⁸⁸.</strong></span> <span class='ocrx_word' id='word_1_91' title='bbox 1273 1580 1513 1636; x_wconf 79' lang='lat' dir='ltr'><strong>Aderant</strong></span> <span class='ocrx_word' id='word_1_92' title='bbox 1538 1582 1755 1652; x_wconf 88' lang='lat' dir='ltr'><strong>quidem</strong></span> <span class='ocrx_word' id='word_1_93' title='bbox 1782 1598 2015 1662; x_wconf 84' lang='lat' dir='ltr'><strong>quorum</strong></span> 
     </span>
    </p>
   </div>
   <div class='ocr_carea' id='block_1_17' title="bbox 345 1670 2016 1742">
    <p class='ocr_par' dir='ltr' id='par_1_17' title="bbox 345 1670 2016 1742">
     <span class='ocr_line' id='line_1_17' title="bbox 345 1670 2016 1742; baseline 0.002 -20"><span class='ocrx_word' id='word_1_94' title='bbox 345 1739 348 1742; x_wconf 8' lang='grc' dir='ltr'><strong><em>ἢ</em></strong></span> <span class='ocrx_word' id='word_1_95' title='bbox 443 1670 712 1727; x_wconf 79' lang='lat' dir='ltr'><strong>adventus</strong></span> <span class='ocrx_word' id='word_1_96' title='bbox 781 1672 1202 1741; x_wconf 77' lang='lat' dir='ltr'><strong>exspectabatur</strong></span> <span class='ocrx_word' id='word_1_97' title='bbox 1298 1674 1706 1742; x_wconf 79' lang='lat' dir='ltr'><strong>prastantiores</strong></span> <span class='ocrx_word' id='word_1_98' title='bbox 1778 1673 2016 1742; x_wconf 86' lang='lat' dir='ltr'><strong>episcopi</strong></span> 
     </span>
    </p>
   </div>
   <div class='ocr_carea' id='block_1_18' title="bbox 442 1760 2015 1828">
    <p class='ocr_par' dir='ltr' id='par_1_18' title="bbox 442 1760 2015 1828">
     <span class='ocr_line' id='line_1_18' title="bbox 442 1760 2015 1828; baseline 0.004 -18"><span class='ocrx_word' id='word_1_99' title='bbox 442 1768 610 1825; x_wconf 85' lang='lat' dir='ltr'><strong>atque</strong></span> <span class='ocrx_word' id='word_1_100' title='bbox 646 1772 947 1828; x_wconf 83' lang='lat' dir='ltr'><strong>proceres;</strong></span> <span class='ocrx_word' id='word_1_101' title='bbox 984 1760 1235 1827; x_wconf 90' lang='lat' dir='ltr'><strong>aderant,</strong></span> <span class='ocrx_word' id='word_1_102' title='bbox 1270 1776 1381 1816; x_wconf 92' lang='lat' dir='ltr'><strong>non</strong></span> <span class='ocrx_word' id='word_1_103' title='bbox 1429 1771 1489 1815; x_wconf 91' lang='lat' dir='ltr'><strong>ut</strong></span> <span class='ocrx_word' id='word_1_104' title='bbox 1524 1761 1793 1818; x_wconf 77' lang='lat' dir='ltr'><strong>Ecclesiae</strong></span> <span class='ocrx_word' id='word_1_105' title='bbox 1846 1763 2015 1817; x_wconf 89' lang='lat' dir='ltr'><strong>colla-</strong></span> 
     </span>
    </p>
   </div>
   <div class='ocr_carea' id='block_1_19' title="bbox 446 1849 2016 1920">
    <p class='ocr_par' dir='ltr' id='par_1_19' title="bbox 446 1849 2016 1920">
     <span class='ocr_line' id='line_1_19' title="bbox 446 1849 2016 1920; baseline 0.004 -18"><span class='ocrx_word' id='word_1_106' title='bbox 446 1862 571 1916; x_wconf 84' lang='lat' dir='ltr'><strong>psas</strong></span> <span class='ocrx_word' id='word_1_107' title='bbox 594 1849 872 1919; x_wconf 88' lang='lat' dir='ltr'><strong>erigerent</strong></span> <span class='ocrx_word' id='word_1_108' title='bbox 904 1851 1050 1920; x_wconf 89' lang='lat' dir='ltr'><strong>(jam</strong></span> <span class='ocrx_word' id='word_1_109' title='bbox 1082 1852 1227 1906; x_wconf 91' lang='lat' dir='ltr'><strong>enim</strong></span> <span class='ocrx_word' id='word_1_110' title='bbox 1256 1851 1398 1908; x_wconf 93' lang='lat' dir='ltr'><strong>sacri</strong></span> <span class='ocrx_word' id='word_1_111' title='bbox 1430 1853 1691 1909; x_wconf 81' lang='lat' dir='ltr'><strong>antistitis</strong></span> <span class='ocrx_word' id='word_1_112' title='bbox 1719 1854 2016 1908; x_wconf 86' lang='lat' dir='ltr'><strong>sudoribus</strong></span> 
     </span>
    </p>
   </div>
   <div class='ocr_carea' id='block_1_20' title="bbox 445 1937 2016 2012">
    <p class='ocr_par' dir='ltr' id='par_1_20' title="bbox 445 1937 2016 2012">
     <span class='ocr_line' id='line_1_20' title="bbox 445 1937 2016 2012; baseline 0.006 -22"><span class='ocrx_word' id='word_1_113' title='bbox 445 1937 499 1991; x_wconf 88' lang='lat' dir='ltr'><strong>id</strong></span> <span class='ocrx_word' id='word_1_114' title='bbox 538 1947 664 1992; x_wconf 84' lang='lat' dir='ltr'><strong>ante</strong></span> <span class='ocrx_word' id='word_1_115' title='bbox 695 1941 952 2008; x_wconf 63' lang='lat' dir='ltr'><strong>praeclare</strong></span> <span class='ocrx_word' id='word_1_116' title='bbox 978 1942 1282 2009; x_wconf 76' lang='lat' dir='ltr'><strong>praestitum</strong></span> <span class='ocrx_word' id='word_1_117' title='bbox 1312 1942 1474 2012; x_wconf 88' lang='lat' dir='ltr'><strong>erat),</strong></span> <span class='ocrx_word' id='word_1_118' title='bbox 1502 1943 1596 1998; x_wconf 89' lang='lat' dir='ltr'><strong>sed</strong></span> <span class='ocrx_word' id='word_1_119' title='bbox 1628 1953 1687 1998; x_wconf 93' lang='lat' dir='ltr'><strong>ut</strong></span> <span class='ocrx_word' id='word_1_120' title='bbox 1715 1944 1863 1999; x_wconf 92' lang='lat' dir='ltr'><strong>illius</strong></span> <span class='ocrx_word' id='word_1_121' title='bbox 1896 1954 2016 2000; x_wconf 89' lang='lat' dir='ltr'><strong>acta</strong></span> 
     </span>
    </p>
   </div>
   <div class='ocr_carea' id='block_1_21' title="bbox 444 2026 2018 2088">
    <p class='ocr_par' dir='ltr' id='par_1_21' title="bbox 444 2026 2018 2088">
     <span class='ocr_line' id='line_1_21' title="bbox 444 2026 2018 2088; baseline 0.006 -10"><span class='ocrx_word' id='word_1_122' title='bbox 444 2026 851 2081; x_wconf 83' lang='lat' dir='ltr'><strong>conﬁrmarent.</strong></span> <span class='ocrx_word' id='word_1_123' title='bbox 890 2028 1011 2082; x_wconf 83' lang='lat' dir='ltr'><strong>Non</strong></span> <span class='ocrx_word' id='word_1_124' title='bbox 1040 2040 1099 2084; x_wconf 95' lang='lat' dir='ltr'><strong>ut</strong></span> <span class='ocrx_word' id='word_1_125' title='bbox 1155 2039 1439 2085; x_wconf 87' lang='lat' dir='ltr'><strong>nutantem</strong></span> <span class='ocrx_word' id='word_1_126' title='bbox 1496 2031 1655 2087; x_wconf 90' lang='lat' dir='ltr'><strong>ﬁdem</strong></span> <span class='ocrx_word' id='word_1_127' title='bbox 1714 2032 2018 2088; x_wconf 72' lang='lat' dir='ltr'><strong>&#39;ﬁrmarent</strong></span> 
     </span>
    </p>
   </div>
   <div class='ocr_carea' id='block_1_22' title="bbox 406 2114 2023 2189">
    <p class='ocr_par' dir='ltr' id='par_1_22' title="bbox 406 2114 2023 2189">
     <span class='ocr_line' id='line_1_22' title="bbox 406 2114 2023 2189; baseline 0.006 -21"><span class='ocrx_word' id='word_1_128' title='bbox 406 2130 521 2169; x_wconf 18' lang='lat' dir='ltr'><strong>eae</strong></span> <span class='ocrx_word' id='word_1_129' title='bbox 559 2117 921 2187; x_wconf 85' lang='lat' dir='ltr'><strong>stabilirent(</strong></span> <span class='ocrx_word' id='word_1_130' title='bbox 962 2114 1127 2189; x_wconf 84' lang='lat' dir='ltr'><strong>quam</strong></span> <span class='ocrx_word' id='word_1_131' title='bbox 1184 2121 1275 2176; x_wconf 90' lang='lat' dir='ltr'><strong>ille</strong></span> <span class='ocrx_word' id='word_1_132' title='bbox 1322 2119 1483 2177; x_wconf 77' lang='lat' dir='ltr'><strong>factis</strong></span> <span class='ocrx_word' id='word_1_133' title='bbox 1556 2138 1622 2178; x_wconf 85' lang='lat' dir='ltr'><strong>ac</strong></span> <span class='ocrx_word' id='word_1_134' title='bbox 1670 2125 2023 2178; x_wconf 82' lang='lat' dir='ltr'><strong>sermonibus</strong></span> 
     </span>
    </p>
   </div>
   <div class='ocr_carea' id='block_1_23' title="bbox 444 2209 2017 2284">
    <p class='ocr_par' dir='ltr' id='par_1_23' title="bbox 444 2209 2017 2284">
     <span class='ocr_line' id='line_1_23' title="bbox 444 2209 2017 2284; baseline 0.006 -24"><span class='ocrx_word' id='word_1_135' title='bbox 444 2209 811 2264; x_wconf 83' lang='lat' dir='ltr'><strong>adamantinis</strong></span> <span class='ocrx_word' id='word_1_136' title='bbox 831 2212 1310 2282; x_wconf 81' lang='lat' dir='ltr'><strong>communiverat),</strong></span> <span class='ocrx_word' id='word_1_137' title='bbox 1335 2218 1428 2269; x_wconf 91' lang='lat' dir='ltr'><strong>sed</strong></span> <span class='ocrx_word' id='word_1_138' title='bbox 1470 2224 1529 2269; x_wconf 91' lang='lat' dir='ltr'><strong>ut</strong></span> <span class='ocrx_word' id='word_1_139' title='bbox 1560 2221 1682 2284; x_wconf 81' lang='lat' dir='ltr'><strong>ejus</strong></span> <span class='ocrx_word' id='word_1_140' title='bbox 1710 2216 1778 2269; x_wconf 91' lang='lat' dir='ltr'><strong>de</strong></span> <span class='ocrx_word' id='word_1_141' title='bbox 1806 2216 2017 2270; x_wconf 90' lang='lat' dir='ltr'><strong>Deitate</strong></span> 
     </span>
    </p>
   </div>
   <div class='ocr_carea' id='block_1_24' title="bbox 442 2296 2016 2384">
    <p class='ocr_par' dir='ltr' id='par_1_24' title="bbox 442 2296 2016 2384">
     <span class='ocr_line' id='line_1_24' title="bbox 442 2296 2016 2384; baseline 0.006 -36"><span class='ocrx_word' id='word_1_142' title='bbox 442 2296 749 2351; x_wconf 87' lang='lat' dir='ltr'><strong>doctrinam</strong></span> <span class='ocrx_word' id='word_1_143' title='bbox 780 2298 994 2353; x_wconf 87' lang='lat' dir='ltr'><strong>calculo</strong></span> <span class='ocrx_word' id='word_1_144' title='bbox 1019 2303 1404 2384; x_wconf 82' lang='lat' dir='ltr'><strong>approbarent.</strong></span> <span class='ocrx_word' id='word_1_145' title='bbox 1428 2300 1539 2384; x_wconf 55' lang='lat' dir='ltr'><strong>lflec</strong></span> <span class='ocrx_word' id='word_1_146' title='bbox 1566 2313 1625 2357; x_wconf 91' lang='lat' dir='ltr'><strong>ut</strong></span> <span class='ocrx_word' id='word_1_147' title='bbox 1653 2304 2016 2358; x_wconf 80' lang='lat' dir='ltr'><strong>Consubstau-</strong></span> 
     </span>
    </p>
   </div>
   <div class='ocr_carea' id='block_1_25' title="bbox 442 2378 2015 2461">
    <p class='ocr_par' dir='ltr' id='par_1_25' title="bbox 442 2378 2015 2461">
     <span class='ocr_line' id='line_1_25' title="bbox 442 2378 2015 2461; baseline 0.007 -23"><span class='ocrx_word' id='word_1_148' title='bbox 442 2387 689 2441; x_wconf 86' lang='lat' dir='ltr'><strong>tialitatis</strong></span> <span class='ocrx_word' id='word_1_149' title='bbox 750 2389 981 2457; x_wconf 83' lang='lat' dir='ltr'><strong>gloriam</strong></span> <span class='ocrx_word' id='word_1_150' title='bbox 1038 2378 1168 2445; x_wconf 80' lang='lat' dir='ltr'><strong>tunc</strong></span> <span class='ocrx_word' id='word_1_151' title='bbox 1220 2378 1459 2461; x_wconf 66' lang='lat' dir='ltr'><strong>Spiritui&#39;</strong></span> <span class='ocrx_word' id='word_1_152' title='bbox 1480 2392 1778 2457; x_wconf 79' lang='lat' dir='ltr'><strong>deferrent,</strong></span> <span class='ocrx_word' id='word_1_153' title='bbox 1810 2394 2015 2448; x_wconf 86' lang='lat' dir='ltr'><strong>Deum-</strong></span> 
     </span>
    </p>
   </div>
   <div class='ocr_carea' id='block_1_26' title="bbox 437 2478 2015 2553">
    <p class='ocr_par' dir='ltr' id='par_1_26' title="bbox 437 2478 2015 2553">
     <span class='ocr_line' id='line_1_26' title="bbox 437 2478 2015 2553; baseline 0.008 -26"><span class='ocrx_word' id='word_1_154' title='bbox 437 2478 544 2544; x_wconf 90' lang='lat' dir='ltr'><strong>que</strong></span> <span class='ocrx_word' id='word_1_155' title='bbox 573 2478 778 2545; x_wconf 88' lang='lat' dir='ltr'><strong>pariter</strong></span> <span class='ocrx_word' id='word_1_156' title='bbox 807 2495 871 2534; x_wconf 90' lang='lat' dir='ltr'><strong>ac</strong></span> <span class='ocrx_word' id='word_1_157' title='bbox 922 2480 1138 2536; x_wconf 86' lang='lat' dir='ltr'><strong>Patrem</strong></span> <span class='ocrx_word' id='word_1_158' title='bbox 1186 2480 1504 2553; x_wconf 27' lang='lat' dir='ltr'><strong>Fi‘liumque’</strong></span> <span class='ocrx_word' id='word_1_159' title='bbox 1546 2494 1874 2551; x_wconf 80' lang='lat' dir='ltr'><strong>assererem,</strong></span> <span class='ocrx_word' id='word_1_160' title='bbox 1921 2485 2015 2540; x_wconf 89' lang='lat' dir='ltr'><strong>sed</strong></span> 
     </span>
    </p>
   </div>
   <div class='ocr_carea' id='block_1_27' title="bbox 367 2571 2017 2646">
    <p class='ocr_par' dir='ltr' id='par_1_27' title="bbox 367 2571 2017 2646">
     <span class='ocr_line' id='line_1_27' title="bbox 367 2571 2017 2646; baseline 0.009 -28"><span class='ocrx_word' id='word_1_161' title='bbox 367 2571 370 2573; x_wconf 40' lang='grc' dir='ltr'>λ</span> <span class='ocrx_word' id='word_1_162' title='bbox 437 2577 499 2619; x_wconf 92' lang='lat' dir='ltr'><strong>ut</strong></span> <span class='ocrx_word' id='word_1_163' title='bbox 532 2582 725 2623; x_wconf 88' lang='lat' dir='ltr'><strong>omnes</strong></span> <span class='ocrx_word' id='word_1_164' title='bbox 759 2573 1040 2625; x_wconf 89' lang='lat' dir='ltr'><strong>communi</strong></span> <span class='ocrx_word' id='word_1_165' title='bbox 1074 2572 1357 2644; x_wconf 74' lang='lat' dir='ltr'><strong>sqﬁ&#39;ragio,</strong></span> <span class='ocrx_word' id='word_1_166' title='bbox 1395 2576 1544 2629; x_wconf 86' lang='lat' dir='ltr'><strong>illius</strong></span> <span class='ocrx_word' id='word_1_167' title='bbox 1574 2576 1776 2631; x_wconf 91' lang='lat' dir='ltr'><strong>divinis</strong></span> <span class='ocrx_word' id='word_1_168' title='bbox 1814 2578 2017 2646; x_wconf 60' lang='lat' dir='ltr'><strong>«pradi-</strong></span> 
     </span>
    </p>
   </div>
   <div class='ocr_carea' id='block_1_28' title="bbox 434 2659 1174 2719">
    <p class='ocr_par' dir='ltr' id='par_1_28' title="bbox 434 2659 1174 2719">
     <span class='ocr_line' id='line_1_28' title="bbox 434 2659 1174 2719; baseline 0.009 -8"><span class='ocrx_word' id='word_1_169' title='bbox 434 2659 749 2715; x_wconf 88' lang='lat' dir='ltr'><strong>cationlbus</strong></span> <span class='ocrx_word' id='word_1_170' title='bbox 775 2664 1174 2719; x_wconf 80' lang='lat' dir='ltr'><strong>consentirent.</strong></span> 
     </span>
    </p>
   </div>
   <div class='ocr_carea' id='block_1_29' title="bbox 509 2751 2016 2826">
    <p class='ocr_par' dir='ltr' id='par_1_29' title="bbox 509 2751 2016 2826">
     <span class='ocr_line' id='line_1_29' title="bbox 509 2751 2016 2826; baseline 0.008 -22"><span class='ocrx_word' id='word_1_171' title='bbox 509 2751 670 2816; x_wconf 85' lang='lat' dir='ltr'><strong>Quod</strong></span> <span class='ocrx_word' id='word_1_172' title='bbox 697 2754 843 2807; x_wconf 81' lang='lat' dir='ltr'><strong>enim</strong></span> <span class='ocrx_word' id='word_1_173' title='bbox 880 2770 1079 2825; x_wconf 89' lang='lat' dir='ltr'><strong>magno</strong></span> <span class='ocrx_word' id='word_1_174' title='bbox 1126 2757 1279 2826; x_wconf 89' lang='lat' dir='ltr'><strong>prius</strong></span> <span class='ocrx_word' id='word_1_175' title='bbox 1311 2759 1535 2814; x_wconf 90' lang='lat' dir='ltr'><strong>tonitrui</strong></span> <span class='ocrx_word' id='word_1_176' title='bbox 1566 2759 1680 2814; x_wconf 90' lang='lat' dir='ltr'><strong>ﬁlio</strong></span> <span class='ocrx_word' id='word_1_177' title='bbox 1715 2760 1763 2794; x_wconf 82' lang='lat'><strong>”</strong></span> <span class='ocrx_word' id='word_1_178' title='bbox 1787 2775 2016 2816; x_wconf 89' lang='lat' dir='ltr'><strong>conces-</strong></span> 
     </span>
    </p>
   </div>
   <div class='ocr_carea' id='block_1_30' title="bbox 442 2842 2015 2920">
    <p class='ocr_par' dir='ltr' id='par_1_30' title="bbox 442 2842 2015 2920">
     <span class='ocr_line' id='line_1_30' title="bbox 442 2842 2015 2920; baseline 0.008 -26"><span class='ocrx_word' id='word_1_179' title='bbox 442 2855 565 2894; x_wconf 89' lang='lat' dir='ltr'><strong>sum</strong></span> <span class='ocrx_word' id='word_1_180' title='bbox 592 2848 697 2917; x_wconf 90' lang='lat' dir='ltr'><strong>est,</strong></span> <span class='ocrx_word' id='word_1_181' title='bbox 727 2842 794 2894; x_wconf 92' lang='lat' dir='ltr'><strong>ad</strong></span> <span class='ocrx_word' id='word_1_182' title='bbox 838 2842 1120 2913; x_wconf 85' lang='lat' dir='ltr'><strong>Unigeniti</strong></span> <span class='ocrx_word' id='word_1_183' title='bbox 1150 2847 1380 2915; x_wconf 84' lang='lat' dir='ltr'><strong>gloriam</strong></span> <span class='ocrx_word' id='word_1_184' title='bbox 1419 2848 1743 2912; x_wconf 85' lang='lat' dir='ltr'><strong>declararet,</strong></span> <span class='ocrx_word' id='word_1_185' title='bbox 1792 2866 1855 2905; x_wconf 91' lang='lat' dir='ltr'><strong>ac</strong></span> <span class='ocrx_word' id='word_1_186' title='bbox 1902 2866 2015 2920; x_wconf 82' lang='lat' dir='ltr'><strong>pra</strong></span> 
     </span>
    </p>
   </div>
   <div class='ocr_carea' id='block_1_31' title="bbox 442 2926 2015 3007">
    <p class='ocr_par' dir='ltr' id='par_1_31' title="bbox 442 2926 2015 3007">
     <span class='ocr_line' id='line_1_31' title="bbox 442 2926 2015 3007; baseline 0.008 -26"><span class='ocrx_word' id='word_1_187' title='bbox 442 2926 671 2998; x_wconf 84' lang='lat' dir='ltr'><strong>reliquis</strong></span> <span class='ocrx_word' id='word_1_188' title='bbox 721 2930 1138 2999; x_wconf 80' lang='lat' dir='ltr'><strong>Evangeliorum</strong></span> <span class='ocrx_word' id='word_1_189' title='bbox 1198 2936 1579 3005; x_wconf 86' lang='lat' dir='ltr'><strong>scriptoribus,</strong></span> <span class='ocrx_word' id='word_1_190' title='bbox 1631 2938 1808 3007; x_wconf 89' lang='lat' dir='ltr'><strong>ipsum</strong></span> <span class='ocrx_word' id='word_1_191' title='bbox 1845 2938 2015 2994; x_wconf 84' lang='lat' dir='ltr'><strong>Deum</strong></span> 
     </span>
    </p>
   </div>
   <div class='ocr_carea' id='block_1_32' title="bbox 439 3024 2016 3097">
    <p class='ocr_par' dir='ltr' id='par_1_32' title="bbox 439 3024 2016 3097">
     <span class='ocr_line' id='line_1_32' title="bbox 439 3024 2016 3097; baseline 0.006 -21"><span class='ocrx_word' id='word_1_192' title='bbox 439 3024 591 3079; x_wconf 87' lang='lat' dir='ltr'><strong>clare</strong></span> <span class='ocrx_word' id='word_1_193' title='bbox 619 3026 941 3094; x_wconf 70' lang='lat' dir='ltr'><strong>pradicaret</strong></span> <span class='ocrx_word' id='word_1_194' title='bbox 972 3030 1373 3097; x_wconf 88' lang='lat' dir='ltr'><strong>;quamohrem</strong></span> <span class='ocrx_word' id='word_1_195' title='bbox 1419 3030 1583 3084; x_wconf 90' lang='lat' dir='ltr'><strong>etiam</strong></span> <span class='ocrx_word' id='word_1_196' title='bbox 1613 3032 1747 3086; x_wconf 88' lang='lat' dir='ltr'><strong>scite</strong></span> <span class='ocrx_word' id='word_1_197' title='bbox 1778 3031 2016 3087; x_wconf 80' lang='lat' dir='ltr'><strong>Theolo-</strong></span> 
     </span>
    </p>
   </div>
   <div class='ocr_carea' id='block_1_33' title="bbox 2126 574 3690 647">
    <p class='ocr_par' dir='ltr' id='par_1_33' title="bbox 2126 574 3690 647">
     <span class='ocr_line' id='line_1_33' title="bbox 2126 574 3690 647; baseline -0.004 -17"><span class='ocrx_word' id='word_1_198' title='bbox 2126 580 2397 641; x_wconf 85' lang='lat' dir='ltr'><strong>a.|diccre,</strong></span> <span class='ocrx_word' id='word_1_199' title='bbox 2433 592 2601 647; x_wconf 66' lang='lat' dir='ltr'><strong>quam</strong></span> <span class='ocrx_word' id='word_1_200' title='bbox 2628 586 2688 631; x_wconf 91' lang='lat' dir='ltr'><strong>ut</strong></span> <span class='ocrx_word' id='word_1_201' title='bbox 2710 578 2746 630; x_wconf 91' lang='lat' dir='ltr'><strong>ii</strong></span> <span class='ocrx_word' id='word_1_202' title='bbox 2788 577 3002 647; x_wconf 87' lang='lat' dir='ltr'><strong>pietatis</strong></span> <span class='ocrx_word' id='word_1_203' title='bbox 3033 575 3150 645; x_wconf 84' lang='lat' dir='ltr'><strong>lege</strong></span> <span class='ocrx_word' id='word_1_204' title='bbox 3192 576 3323 643; x_wconf 88' lang='lat' dir='ltr'><strong>ipsis</strong></span> <span class='ocrx_word' id='word_1_205' title='bbox 3345 574 3690 629; x_wconf 84' lang='lat' dir='ltr'><strong>addicantur.</strong></span> 
     </span>
    </p>
   </div>
   <div class='ocr_carea' id='block_1_34' title="bbox 2126 663 3693 737">
    <p class='ocr_par' dir='ltr' id='par_1_34' title="bbox 2126 663 3693 737">
     <span class='ocr_line' id='line_1_34' title="bbox 2126 663 3693 737; baseline -0.003 -15"><span class='ocrx_word' id='word_1_206' title='bbox 2126 669 2247 737; x_wconf 89' lang='lat' dir='ltr'><strong>Ipse</strong></span> <span class='ocrx_word' id='word_1_207' title='bbox 2274 683 2423 731; x_wconf 88' lang='lat' dir='ltr'><strong>vero,</strong></span> <span class='ocrx_word' id='word_1_208' title='bbox 2442 685 2567 723; x_wconf 91' lang='lat' dir='ltr'><strong>cum</strong></span> <span class='ocrx_word' id='word_1_209' title='bbox 2594 669 2863 723; x_wconf 78' lang='lat' dir='ltr'><strong>hactenus</strong></span> <span class='ocrx_word' id='word_1_210' title='bbox 2883 667 3136 722; x_wconf 84' lang='lat' dir='ltr'><strong>omnibus</strong></span> <span class='ocrx_word' id='word_1_211' title='bbox 3157 666 3369 735; x_wconf 83' lang='lat' dir='ltr'><strong>placere</strong></span> <span class='ocrx_word' id='word_1_212' title='bbox 3396 663 3693 720; x_wconf 73' lang='lat' dir='ltr'><strong>sustinuis-</strong></span> 
     </span>
    </p>
   </div>
   <div class='ocr_carea' id='block_1_35' title="bbox 2123 754 3694 825">
    <p class='ocr_par' dir='ltr' id='par_1_35' title="bbox 2123 754 3694 825">
     <span class='ocr_line' id='line_1_35' title="bbox 2123 754 3694 825; baseline -0.002 -16"><span class='ocrx_word' id='word_1_213' title='bbox 2123 766 2226 820; x_wconf 92' lang='lat' dir='ltr'><strong>set,</strong></span> <span class='ocrx_word' id='word_1_214' title='bbox 2263 767 2322 810; x_wconf 91' lang='lat' dir='ltr'><strong>ut</strong></span> <span class='ocrx_word' id='word_1_215' title='bbox 2353 756 2496 825; x_wconf 92' lang='lat' dir='ltr'><strong>quod</strong></span> <span class='ocrx_word' id='word_1_216' title='bbox 2530 758 2585 809; x_wconf 89' lang='lat' dir='ltr'><strong>in</strong></span> <span class='ocrx_word' id='word_1_217' title='bbox 2640 756 2756 824; x_wconf 91' lang='lat' dir='ltr'><strong>ipso</strong></span> <span class='ocrx_word' id='word_1_218' title='bbox 2790 768 2926 820; x_wconf 88' lang='lat' dir='ltr'><strong>erat,</strong></span> <span class='ocrx_word' id='word_1_219' title='bbox 2957 756 3113 825; x_wconf 80' lang='lat' dir='ltr'><strong>juxta</strong></span> <span class='ocrx_word' id='word_1_220' title='bbox 3141 770 3397 823; x_wconf 75' lang='lat' dir='ltr'><strong>magnum</strong></span> <span class='ocrx_word' id='word_1_221' title='bbox 3455 754 3694 823; x_wconf 76' lang='lat' dir='ltr'><strong>Aposto-</strong></span> 
     </span>
    </p>
   </div>
   <div class='ocr_carea' id='block_1_36' title="bbox 2124 842 3695 917">
    <p class='ocr_par' dir='ltr' id='par_1_36' title="bbox 2124 842 3695 917">
     <span class='ocr_line' id='line_1_36' title="bbox 2124 842 3695 917; baseline -0.002 -17"><span class='ocrx_word' id='word_1_222' title='bbox 2124 848 2234 901; x_wconf 92' lang='lat' dir='ltr'><strong>lum</strong></span> <span class='ocrx_word' id='word_1_223' title='bbox 2264 849 2310 879; x_wconf 82' lang='grc'>⁷⁸</span> <span class='ocrx_word' id='word_1_224' title='bbox 2335 862 2539 902; x_wconf 81' lang='lat' dir='ltr'><strong>omnes</strong></span> <span class='ocrx_word' id='word_1_225' title='bbox 2568 846 2911 902; x_wconf 86' lang='lat' dir='ltr'><strong>lucrilaceret</strong></span> <span class='ocrx_word' id='word_1_226' title='bbox 2943 866 2957 913; x_wconf 90' lang='lat'><strong>;</strong></span> <span class='ocrx_word' id='word_1_227' title='bbox 2994 847 3137 917; x_wconf 90' lang='lat' dir='ltr'><strong>quod</strong></span> <span class='ocrx_word' id='word_1_228' title='bbox 3181 846 3412 914; x_wconf 86' lang='lat' dir='ltr'><strong>amplius</strong></span> <span class='ocrx_word' id='word_1_229' title='bbox 3454 842 3562 909; x_wconf 81' lang='lat' dir='ltr'><strong>est,</strong></span> <span class='ocrx_word' id='word_1_230' title='bbox 3604 861 3695 897; x_wconf 81' lang='lat' dir='ltr'><strong>ve-</strong></span> 
     </span>
    </p>
   </div>
   <div class='ocr_carea' id='block_1_37' title="bbox 2128 934 3691 1004">
    <p class='ocr_par' dir='ltr' id='par_1_37' title="bbox 2128 934 3691 1004">
     <span class='ocr_line' id='line_1_37' title="bbox 2128 934 3691 1004; baseline -0.003 -15"><span class='ocrx_word' id='word_1_231' title='bbox 2128 937 2209 991; x_wconf 94' lang='lat' dir='ltr'><strong>lut</strong></span> <span class='ocrx_word' id='word_1_232' title='bbox 2232 937 2393 991; x_wconf 90' lang='lat' dir='ltr'><strong>studii</strong></span> <span class='ocrx_word' id='word_1_233' title='bbox 2429 936 2650 991; x_wconf 89' lang='lat' dir='ltr'><strong>libidine</strong></span> <span class='ocrx_word' id='word_1_234' title='bbox 2688 936 3040 1004; x_wconf 88' lang='lat' dir='ltr'><strong>placendi,ac</strong></span> <span class='ocrx_word' id='word_1_235' title='bbox 3065 934 3446 990; x_wconf 88' lang='lat' dir='ltr'><strong>assentationis</strong></span> <span class='ocrx_word' id='word_1_236' title='bbox 3480 934 3691 986; x_wconf 72' lang='lat' dir='ltr'><strong>crimen</strong></span> 
     </span>
    </p>
   </div>
   <div class='ocr_carea' id='block_1_38' title="bbox 2122 1012 3695 1097">
    <p class='ocr_par' dir='ltr' id='par_1_38' title="bbox 2122 1012 3695 1097">
     <span class='ocr_line' id='line_1_38' title="bbox 2122 1012 3695 1097; baseline -0.005 -14"><span class='ocrx_word' id='word_1_237' title='bbox 2122 1012 2471 1092; x_wconf 87' lang='lat' dir='ltr'><strong>submovens,</strong></span> <span class='ocrx_word' id='word_1_238' title='bbox 2507 1027 2826 1097; x_wconf 78' lang='lat' dir='ltr'><strong>diﬁlansque</strong></span> <span class='ocrx_word' id='word_1_239' title='bbox 2856 1044 2872 1093; x_wconf 89' lang='lat'><strong>;</strong></span> <span class='ocrx_word' id='word_1_240' title='bbox 2932 1043 3141 1080; x_wconf 86' lang='lat' dir='ltr'><strong>necnon</strong></span> <span class='ocrx_word' id='word_1_241' title='bbox 3171 1028 3291 1096; x_wconf 89' lang='lat' dir='ltr'><strong>ejus</strong></span> <span class='ocrx_word' id='word_1_242' title='bbox 3339 1040 3504 1093; x_wconf 87' lang='lat' dir='ltr'><strong>quam</strong></span> <span class='ocrx_word' id='word_1_243' title='bbox 3538 1039 3695 1076; x_wconf 83' lang='lat' dir='ltr'><strong>ama-</strong></span> 
     </span>
    </p>
   </div>
   <div class='ocr_carea' id='block_1_39' title="bbox 2123 1114 3695 1189">
    <p class='ocr_par' dir='ltr' id='par_1_39' title="bbox 2123 1114 3695 1189">
     <span class='ocr_line' id='line_1_39' title="bbox 2123 1114 3695 1189; baseline -0.002 -18"><span class='ocrx_word' id='word_1_244' title='bbox 2123 1127 2273 1173; x_wconf 84' lang='lat' dir='ltr'><strong>verat</strong></span> <span class='ocrx_word' id='word_1_245' title='bbox 2304 1134 2334 1173; x_wconf 88' lang='lat' dir='ltr'><strong>a</strong></span> <span class='ocrx_word' id='word_1_246' title='bbox 2366 1119 2653 1189; x_wconf 89' lang='lat' dir='ltr'><strong>principio,</strong></span> <span class='ocrx_word' id='word_1_247' title='bbox 2698 1119 3151 1187; x_wconf 91' lang='lat' dir='ltr'><strong>coalumnamque</strong></span> <span class='ocrx_word' id='word_1_248' title='bbox 3183 1118 3466 1179; x_wconf 86' lang='lat' dir='ltr'><strong>habuerat,</strong></span> <span class='ocrx_word' id='word_1_249' title='bbox 3514 1114 3695 1183; x_wconf 84' lang='lat' dir='ltr'><strong>philo-</strong></span> 
     </span>
    </p>
   </div>
   <div class='ocr_carea' id='block_1_40' title="bbox 2122 1209 3697 1279">
    <p class='ocr_par' dir='ltr' id='par_1_40' title="bbox 2122 1209 3697 1279">
     <span class='ocr_line' id='line_1_40' title="bbox 2122 1209 3697 1279; baseline -0.003 -16"><span class='ocrx_word' id='word_1_250' title='bbox 2122 1211 2326 1279; x_wconf 89' lang='lat' dir='ltr'><strong>sophia</strong></span> <span class='ocrx_word' id='word_1_251' title='bbox 2345 1225 2508 1279; x_wconf 87' lang='lat' dir='ltr'><strong>supra</strong></span> <span class='ocrx_word' id='word_1_252' title='bbox 2536 1214 2757 1263; x_wconf 88' lang='lat' dir='ltr'><strong>modum</strong></span> <span class='ocrx_word' id='word_1_253' title='bbox 2794 1209 3063 1264; x_wconf 90' lang='lat' dir='ltr'><strong>desiderio</strong></span> <span class='ocrx_word' id='word_1_254' title='bbox 3089 1224 3352 1264; x_wconf 87' lang='lat' dir='ltr'><strong>accensus</strong></span> <span class='ocrx_word' id='word_1_255' title='bbox 3384 1220 3697 1275; x_wconf 86' lang='lat' dir='ltr'><strong>;unamque</strong></span> 
     </span>
    </p>
   </div>
   <div class='ocr_carea' id='block_1_41' title="bbox 2121 1296 3697 1369">
    <p class='ocr_par' dir='ltr' id='par_1_41' title="bbox 2121 1296 3697 1369">
     <span class='ocr_line' id='line_1_41' title="bbox 2121 1296 3697 1369; baseline -0.004 -15"><span class='ocrx_word' id='word_1_256' title='bbox 2121 1302 2325 1365; x_wconf 79' lang='lat' dir='ltr'><strong>s--detn,</strong></span> <span class='ocrx_word' id='word_1_257' title='bbox 2358 1316 2646 1369; x_wconf 87' lang='lat' dir='ltr'><strong>supernam</strong></span> <span class='ocrx_word' id='word_1_258' title='bbox 2671 1300 2897 1361; x_wconf 91' lang='lat' dir='ltr'><strong>scilicet,</strong></span> <span class='ocrx_word' id='word_1_259' title='bbox 2928 1300 3066 1353; x_wconf 89' lang='lat' dir='ltr'><strong>nulli</strong></span> <span class='ocrx_word' id='word_1_260' title='bbox 3106 1299 3323 1352; x_wconf 82' lang='lat' dir='ltr'><strong>invidia</strong></span> <span class='ocrx_word' id='word_1_261' title='bbox 3361 1296 3697 1365; x_wconf 78' lang='lat' dir='ltr'><strong>expositam,</strong></span> 
     </span>
    </p>
   </div>
   <div class='ocr_carea' id='block_1_42' title="bbox 2121 1387 3697 1458">
    <p class='ocr_par' dir='ltr' id='par_1_42' title="bbox 2121 1387 3697 1458">
     <span class='ocr_line' id='line_1_42' title="bbox 2121 1387 3697 1458; baseline -0.004 -13"><span class='ocrx_word' id='word_1_262' title='bbox 2121 1406 2186 1445; x_wconf 80' lang='lat' dir='ltr'><strong>ac</strong></span> <span class='ocrx_word' id='word_1_263' title='bbox 2242 1389 2770 1458; x_wconf 83' lang='lat' dir='ltr'><strong>intransl‘eribilem;</strong></span> <span class='ocrx_word' id='word_1_264' title='bbox 2818 1392 2955 1445; x_wconf 79' lang='lat' dir='ltr'><strong>vita</strong></span> <span class='ocrx_word' id='word_1_265' title='bbox 2996 1398 3179 1453; x_wconf 78' lang='lat' dir='ltr'><strong>autem</strong></span> <span class='ocrx_word' id='word_1_266' title='bbox 3231 1388 3398 1457; x_wconf 85' lang='lat' dir='ltr'><strong>hujus</strong></span> <span class='ocrx_word' id='word_1_267' title='bbox 3444 1387 3697 1441; x_wconf 85' lang='lat' dir='ltr'><strong>laborum</strong></span> 
     </span>
    </p>
   </div>
   <div class='ocr_carea' id='block_1_43' title="bbox 2121 1480 3697 1557">
    <p class='ocr_par' dir='ltr' id='par_1_43' title="bbox 2121 1480 3697 1557">
     <span class='ocr_line' id='line_1_43' title="bbox 2121 1480 3697 1557; baseline -0.003 -20"><span class='ocrx_word' id='word_1_268' title='bbox 2121 1485 2445 1545; x_wconf 86' lang='lat' dir='ltr'><strong>mercedem,</strong></span> <span class='ocrx_word' id='word_1_269' title='bbox 2474 1484 2594 1552; x_wconf 87' lang='lat' dir='ltr'><strong>ejus</strong></span> <span class='ocrx_word' id='word_1_270' title='bbox 2649 1500 2957 1557; x_wconf 78' lang='lat' dir='ltr'><strong>ascensum,</strong></span> <span class='ocrx_word' id='word_1_271' title='bbox 2997 1499 3204 1552; x_wconf 81' lang='lat' dir='ltr'><strong>proque</strong></span> <span class='ocrx_word' id='word_1_272' title='bbox 3233 1482 3325 1535; x_wconf 87' lang='lat' dir='ltr'><strong>illa</strong></span> <span class='ocrx_word' id='word_1_273' title='bbox 3362 1480 3697 1544; x_wconf 80' lang='lat' dir='ltr'><strong>sessionem,</strong></span> 
     </span>
    </p>
   </div>
   <div class='ocr_carea' id='block_1_44' title="bbox 2073 1573 3697 1644">
    <p class='ocr_par' dir='ltr' id='par_1_44' title="bbox 2073 1573 3697 1644">
     <span class='ocr_line' id='line_1_44' title="bbox 2073 1573 3697 1644; baseline -0.004 -16"><span class='ocrx_word' id='word_1_274' title='bbox 2073 1599 2082 1619; x_wconf 81' lang='grc' dir='ltr'>ι</span> <span class='ocrx_word' id='word_1_275' title='bbox 2119 1575 2348 1638; x_wconf 88' lang='lat' dir='ltr'><strong>sciens;</strong></span> <span class='ocrx_word' id='word_1_276' title='bbox 2388 1590 2548 1644; x_wconf 91' lang='lat' dir='ltr'><strong>quem</strong></span> <span class='ocrx_word' id='word_1_277' title='bbox 2605 1575 2855 1630; x_wconf 88' lang='lat' dir='ltr'><strong>homines</strong></span> <span class='ocrx_word' id='word_1_278' title='bbox 2901 1574 3159 1629; x_wconf 84' lang='lat' dir='ltr'><strong>honorem</strong></span> <span class='ocrx_word' id='word_1_279' title='bbox 3191 1573 3486 1635; x_wconf 79' lang='lat' dir='ltr'><strong>deferrent,</strong></span> <span class='ocrx_word' id='word_1_280' title='bbox 3538 1585 3697 1638; x_wconf 83' lang='lat' dir='ltr'><strong>sper-</strong></span> 
     </span>
    </p>
   </div>
   <div class='ocr_carea' id='block_1_45' title="bbox 2118 1661 3696 1737">
    <p class='ocr_par' dir='ltr' id='par_1_45' title="bbox 2118 1661 3696 1737">
     <span class='ocr_line' id='line_1_45' title="bbox 2118 1661 3696 1737; baseline -0.002 -17"><span class='ocrx_word' id='word_1_281' title='bbox 2118 1668 2232 1732; x_wconf 88' lang='lat' dir='ltr'><strong>nit;</strong></span> <span class='ocrx_word' id='word_1_282' title='bbox 2265 1666 2558 1735; x_wconf 91' lang='lat' dir='ltr'><strong>litibusque</strong></span> <span class='ocrx_word' id='word_1_283' title='bbox 2587 1668 2884 1737; x_wconf 78' lang='lat' dir='ltr'><strong>expositam</strong></span> <span class='ocrx_word' id='word_1_284' title='bbox 2916 1667 3124 1721; x_wconf 89' lang='lat' dir='ltr'><strong>sedium</strong></span> <span class='ocrx_word' id='word_1_285' title='bbox 3164 1664 3463 1719; x_wconf 81' lang='lat' dir='ltr'><strong>celsitatem</strong></span> <span class='ocrx_word' id='word_1_286' title='bbox 3493 1661 3696 1717; x_wconf 83' lang='lat' dir='ltr'><strong>volenti</strong></span> 
     </span>
    </p>
   </div>
   <div class='ocr_carea' id='block_1_46' title="bbox 2120 1754 3698 1826">
    <p class='ocr_par' dir='ltr' id='par_1_46' title="bbox 2120 1754 3698 1826">
     <span class='ocr_line' id='line_1_46' title="bbox 2120 1754 3698 1826; baseline -0.003 -14"><span class='ocrx_word' id='word_1_287' title='bbox 2120 1758 2365 1826; x_wconf 89' lang='lat' dir='ltr'><strong>cedens;</strong></span> <span class='ocrx_word' id='word_1_288' title='bbox 2417 1773 2481 1813; x_wconf 92' lang='lat' dir='ltr'><strong>ac</strong></span> <span class='ocrx_word' id='word_1_289' title='bbox 2534 1756 2664 1811; x_wconf 82' lang='lat' dir='ltr'><strong>Vale</strong></span> <span class='ocrx_word' id='word_1_290' title='bbox 2714 1758 2989 1823; x_wconf 79' lang='lat' dir='ltr'><strong>Ecclesia,</strong></span> <span class='ocrx_word' id='word_1_291' title='bbox 3046 1754 3417 1825; x_wconf 81' lang='lat' dir='ltr'><strong>Augustisque</strong></span> <span class='ocrx_word' id='word_1_292' title='bbox 3480 1754 3698 1818; x_wconf 77' lang='lat' dir='ltr'><strong>dicens,</strong></span> 
     </span>
    </p>
   </div>
   <div class='ocr_carea' id='block_1_47' title="bbox 2047 1820 3701 1919">
    <p class='ocr_par' dir='ltr' id='par_1_47' title="bbox 2047 1820 3701 1919">
     <span class='ocr_line' id='line_1_47' title="bbox 2047 1820 3701 1919; baseline -0.001 -19"><span class='ocrx_word' id='word_1_293' title='bbox 2047 1820 2091 1879; x_wconf 71' lang='grc' dir='ltr'><strong>Β</strong></span> <span class='ocrx_word' id='word_1_294' title='bbox 2121 1848 2345 1903; x_wconf 89' lang='lat' dir='ltr'><strong>urbanis</strong></span> <span class='ocrx_word' id='word_1_295' title='bbox 2394 1864 2453 1903; x_wconf 90' lang='lat' dir='ltr'><strong>se</strong></span> <span class='ocrx_word' id='word_1_296' title='bbox 2486 1850 2681 1913; x_wconf 88' lang='lat' dir='ltr'><strong>turbis,</strong></span> <span class='ocrx_word' id='word_1_297' title='bbox 2722 1866 2786 1904; x_wconf 90' lang='lat' dir='ltr'><strong>ac</strong></span> <span class='ocrx_word' id='word_1_298' title='bbox 2828 1849 3057 1919; x_wconf 89' lang='lat' dir='ltr'><strong>negotiis</strong></span> <span class='ocrx_word' id='word_1_299' title='bbox 3087 1848 3355 1912; x_wconf 84' lang='lat' dir='ltr'><strong>eximens,</strong></span> <span class='ocrx_word' id='word_1_300' title='bbox 3405 1846 3473 1900; x_wconf 86' lang='lat' dir='ltr'><strong>ad</strong></span> <span class='ocrx_word' id='word_1_301' title='bbox 3523 1855 3701 1900; x_wconf 81' lang='lat' dir='ltr'><strong>terre-</strong></span> 
     </span>
    </p>
   </div>
   <div class='ocr_carea' id='block_1_48' title="bbox 2119 1938 3171 2009">
    <p class='ocr_par' dir='ltr' id='par_1_48' title="bbox 2119 1938 3171 2009">
     <span class='ocr_line' id='line_1_48' title="bbox 2119 1938 3171 2009; baseline 0 -18"><span class='ocrx_word' id='word_1_302' title='bbox 2119 1953 2245 1991; x_wconf 87' lang='lat' dir='ltr'><strong>nam</strong></span> <span class='ocrx_word' id='word_1_303' title='bbox 2278 1938 2540 1994; x_wconf 88' lang='lat' dir='ltr'><strong>hactenus</strong></span> <span class='ocrx_word' id='word_1_304' title='bbox 2561 1941 2793 2009; x_wconf 88' lang='lat' dir='ltr'><strong>patriam</strong></span> <span class='ocrx_word' id='word_1_305' title='bbox 2825 1941 3171 2007; x_wconf 89' lang='lat' dir='ltr'><strong>commigrat.</strong></span> 
     </span>
    </p>
   </div>
   <div class='ocr_carea' id='block_1_49' title="bbox 2191 2026 3696 2101">
    <p class='ocr_par' dir='ltr' id='par_1_49' title="bbox 2191 2026 3696 2101">
     <span class='ocr_line' id='line_1_49' title="bbox 2191 2026 3696 2101; baseline 0.001 -21"><span class='ocrx_word' id='word_1_306' title='bbox 2191 2028 2323 2082; x_wconf 91' lang='lat' dir='ltr'><strong>Illuc</strong></span> <span class='ocrx_word' id='word_1_307' title='bbox 2384 2029 2581 2084; x_wconf 90' lang='lat' dir='ltr'><strong>iterum</strong></span> <span class='ocrx_word' id='word_1_308' title='bbox 2641 2045 2893 2101; x_wconf 84' lang='lat' dir='ltr'><strong>reversus</strong></span> <span class='ocrx_word' id='word_1_309' title='bbox 2926 2069 2942 2094; x_wconf 90' lang='lat'><strong>,</strong></span> <span class='ocrx_word' id='word_1_310' title='bbox 3022 2037 3356 2098; x_wconf 87' lang='lat' dir='ltr'><strong>paternaque</strong></span> <span class='ocrx_word' id='word_1_311' title='bbox 3425 2026 3696 2090; x_wconf 83' lang='lat' dir='ltr'><strong>Ecclesia,</strong></span> 
     </span>
    </p>
   </div>
   <div class='ocr_carea' id='block_1_50' title="bbox 2117 2118 3703 2190">
    <p class='ocr_par' dir='ltr' id='par_1_50' title="bbox 2117 2118 3703 2190">
     <span class='ocr_line' id='line_1_50' title="bbox 2117 2118 3703 2190; baseline 0.001 -19"><span class='ocrx_word' id='word_1_312' title='bbox 2117 2119 2414 2173; x_wconf 83' lang='lat' dir='ltr'><strong>amentium</strong></span> <span class='ocrx_word' id='word_1_313' title='bbox 2463 2118 2583 2174; x_wconf 89' lang='lat' dir='ltr'><strong>labe</strong></span> <span class='ocrx_word' id='word_1_314' title='bbox 2643 2130 2871 2190; x_wconf 84' lang='lat' dir='ltr'><strong>purgata</strong></span> <span class='ocrx_word' id='word_1_315' title='bbox 2927 2120 3464 2190; x_wconf 78' lang='lat' dir='ltr'><strong>Apollinaristarum,</strong></span> <span class='ocrx_word' id='word_1_316' title='bbox 3530 2126 3703 2188; x_wconf 83' lang='lat' dir='ltr'><strong>atque</strong></span> 
     </span>
    </p>
   </div>
   <div class='ocr_carea' id='block_1_51' title="bbox 2076 2210 3703 2283">
    <p class='ocr_par' dir='ltr' id='par_1_51' title="bbox 2076 2210 3703 2283">
     <span class='ocr_line' id='line_1_51' title="bbox 2076 2210 3703 2283; baseline 0 -19"><span class='ocrx_word' id='word_1_317' title='bbox 2076 2279 2091 2283; x_wconf 88' lang='lat'><em>_</em></span> <span class='ocrx_word' id='word_1_318' title='bbox 2118 2210 2438 2265; x_wconf 88' lang='lat' dir='ltr'><strong>domesticis</strong></span> <span class='ocrx_word' id='word_1_319' title='bbox 2468 2212 2590 2265; x_wconf 90' lang='lat' dir='ltr'><strong>ﬁdei</strong></span> <span class='ocrx_word' id='word_1_320' title='bbox 2622 2212 2819 2266; x_wconf 90' lang='lat' dir='ltr'><strong>tradita</strong></span> <span class='ocrx_word' id='word_1_321' title='bbox 2854 2230 2869 2277; x_wconf 93' lang='lat'><strong>;</strong></span> <span class='ocrx_word' id='word_1_322' title='bbox 2905 2227 2970 2266; x_wconf 90' lang='lat' dir='ltr'><strong>ac</strong></span> <span class='ocrx_word' id='word_1_323' title='bbox 3003 2220 3116 2266; x_wconf 89' lang='lat' dir='ltr'><strong>tum</strong></span> <span class='ocrx_word' id='word_1_324' title='bbox 3170 2212 3390 2275; x_wconf 80' lang='lat' dir='ltr'><strong>exinde,</strong></span> <span class='ocrx_word' id='word_1_325' title='bbox 3419 2211 3474 2265; x_wconf 89' lang='lat' dir='ltr'><strong>in</strong></span> <span class='ocrx_word' id='word_1_326' title='bbox 3533 2220 3703 2264; x_wconf 70' lang='lat' dir='ltr'><strong>terra</strong></span> 
     </span>
    </p>
   </div>
   <div class='ocr_carea' id='block_1_52' title="bbox 2118 2297 3693 2370">
    <p class='ocr_par' dir='ltr' id='par_1_52' title="bbox 2118 2297 3693 2370">
     <span class='ocr_line' id='line_1_52' title="bbox 2118 2297 3693 2370; baseline -0.002 -18"><span class='ocrx_word' id='word_1_327' title='bbox 2118 2298 2373 2370; x_wconf 81' lang='lat' dir='ltr'><strong>augulu‘m</strong></span> <span class='ocrx_word' id='word_1_328' title='bbox 2405 2300 2685 2355; x_wconf 85' lang='lat' dir='ltr'><strong>solitarius</strong></span> <span class='ocrx_word' id='word_1_329' title='bbox 2702 2301 2982 2366; x_wconf 73' lang='lat' dir='ltr'><strong>secedens,</strong></span> <span class='ocrx_word' id='word_1_330' title='bbox 3007 2300 3075 2355; x_wconf 83' lang='lat' dir='ltr'><strong>ab</strong></span> <span class='ocrx_word' id='word_1_331' title='bbox 3091 2300 3429 2356; x_wconf 80' lang='lat' dir='ltr'><strong>exteriorum</strong></span> <span class='ocrx_word' id='word_1_332' title='bbox 3456 2314 3517 2354; x_wconf 89' lang='lat' dir='ltr'><strong>se</strong></span> <span class='ocrx_word' id='word_1_333' title='bbox 3535 2297 3693 2353; x_wconf 82' lang='lat' dir='ltr'><strong>curis</strong></span> 
     </span>
    </p>
   </div>
   <div class='ocr_carea' id='block_1_53' title="bbox 2118 2389 3701 2461">
    <p class='ocr_par' dir='ltr' id='par_1_53' title="bbox 2118 2389 3701 2461">
     <span class='ocr_line' id='line_1_53' title="bbox 2118 2389 3701 2461; baseline 0 -19"><span class='ocrx_word' id='word_1_334' title='bbox 2118 2393 2339 2445; x_wconf 89' lang='lat' dir='ltr'><strong>omnino</strong></span> <span class='ocrx_word' id='word_1_335' title='bbox 2372 2391 2681 2461; x_wconf 86' lang='lat' dir='ltr'><strong>collegisset</strong></span> <span class='ocrx_word' id='word_1_336' title='bbox 2714 2409 2729 2459; x_wconf 89' lang='lat'><strong>;</strong></span> <span class='ocrx_word' id='word_1_337' title='bbox 2762 2390 3129 2447; x_wconf 82' lang='lat' dir='ltr'><strong>Ecclesiarum</strong></span> <span class='ocrx_word' id='word_1_338' title='bbox 3156 2391 3376 2460; x_wconf 88' lang='lat' dir='ltr'><strong>quidem</strong></span> <span class='ocrx_word' id='word_1_339' title='bbox 3429 2389 3701 2459; x_wconf 79' lang='lat' dir='ltr'><strong>prasidea</strong></span> 
     </span>
    </p>
   </div>
   <div class='ocr_carea' id='block_1_54' title="bbox 2120 2482 3703 2553">
    <p class='ocr_par' dir='ltr' id='par_1_54' title="bbox 2120 2482 3703 2553">
     <span class='ocr_line' id='line_1_54' title="bbox 2120 2482 3703 2553; baseline -0.003 -16"><span class='ocrx_word' id='word_1_340' title='bbox 2120 2498 2216 2551; x_wconf 88' lang='lat' dir='ltr'><strong>per</strong></span> <span class='ocrx_word' id='word_1_341' title='bbox 2274 2484 2536 2552; x_wconf 79' lang='lat' dir='ltr'><strong>epistolas</strong></span> <span class='ocrx_word' id='word_1_342' title='bbox 2586 2483 3018 2549; x_wconf 83' lang='lat' dir='ltr'><strong>constabilicndo</strong></span> <span class='ocrx_word' id='word_1_343' title='bbox 3059 2482 3477 2553; x_wconf 88' lang='lat' dir='ltr'><strong>coagmentahat</strong></span> <span class='ocrx_word' id='word_1_344' title='bbox 3507 2498 3533 2547; x_wconf 11' lang='lat' dir='ltr'><strong>;t</strong></span> <span class='ocrx_word' id='word_1_345' title='bbox 3579 2482 3703 2549; x_wconf 85' lang='lat' dir='ltr'><strong>ipse</strong></span> 
     </span>
    </p>
   </div>
   <div class='ocr_carea' id='block_1_55' title="bbox 2119 2572 3705 2644">
    <p class='ocr_par' dir='ltr' id='par_1_55' title="bbox 2119 2572 3705 2644">
     <span class='ocr_line' id='line_1_55' title="bbox 2119 2572 3705 2644; baseline 0 -19"><span class='ocrx_word' id='word_1_346' title='bbox 2119 2588 2249 2627; x_wconf 92' lang='lat' dir='ltr'><strong>vero</strong></span> <span class='ocrx_word' id='word_1_347' title='bbox 2283 2576 2509 2642; x_wconf 85' lang='lat' dir='ltr'><strong>potioris</strong></span> <span class='ocrx_word' id='word_1_348' title='bbox 2544 2574 2593 2627; x_wconf 90' lang='lat' dir='ltr'><strong>vi</strong></span> <span class='ocrx_word' id='word_1_349' title='bbox 2650 2575 3150 2644; x_wconf 83' lang='lat' dir='ltr'><strong>contemplationis,</strong></span> <span class='ocrx_word' id='word_1_350' title='bbox 3184 2572 3705 2641; x_wconf 79' lang='lat' dir='ltr'><strong>ahsolntissimaque</strong></span> 
     </span>
    </p>
   </div>
   <div class='ocr_carea' id='block_1_56' title="bbox 2118 2646 3709 2735">
    <p class='ocr_par' dir='ltr' id='par_1_56' title="bbox 2118 2646 3709 2735">
     <span class='ocr_line' id='line_1_56' title="bbox 2118 2646 3709 2735; baseline 0.003 -20"><span class='ocrx_word' id='word_1_351' title='bbox 2118 2662 2460 2733; x_wconf 80' lang='lat' dir='ltr'><strong>philosOphia</strong></span> <span class='ocrx_word' id='word_1_352' title='bbox 2493 2680 2755 2735; x_wconf 88' lang='lat' dir='ltr'><strong>supremo</strong></span> <span class='ocrx_word' id='word_1_353' title='bbox 2786 2652 3129 2720; x_wconf 73' lang='lat' dir='ltr'><strong>desitleiabili</strong></span> <span class='ocrx_word' id='word_1_354' title='bbox 3158 2646 3521 2720; x_wconf 73' lang='lat' dir='ltr'><strong>consuescens</strong></span> <span class='ocrx_word' id='word_1_355' title='bbox 3552 2703 3569 2728; x_wconf 92' lang='lat'><strong>,</strong></span> <span class='ocrx_word' id='word_1_356' title='bbox 3631 2676 3709 2719; x_wconf 72' lang='lat' dir='ltr'><strong>ac</strong></span> 
     </span>
    </p>
   </div>
   <div class='ocr_carea' id='block_1_57' title="bbox 2116 2756 3707 2827">
    <p class='ocr_par' dir='ltr' id='par_1_57' title="bbox 2116 2756 3707 2827">
     <span class='ocr_line' id='line_1_57' title="bbox 2116 2756 3707 2827; baseline -0.002 -15"><span class='ocrx_word' id='word_1_357' title='bbox 2116 2759 2206 2827; x_wconf 88' lang='lat' dir='ltr'><strong>ipo</strong></span> <span class='ocrx_word' id='word_1_358' title='bbox 2235 2774 2561 2815; x_wconf 86' lang='lat' dir='ltr'><strong>arcanorum</strong></span> <span class='ocrx_word' id='word_1_359' title='bbox 2588 2769 2915 2827; x_wconf 74' lang='lat' dir='ltr'><strong>praeceptore</strong></span> <span class='ocrx_word' id='word_1_360' title='bbox 2945 2768 3125 2823; x_wconf 86' lang='lat' dir='ltr'><strong>utens,</strong></span> <span class='ocrx_word' id='word_1_361' title='bbox 3154 2773 3370 2812; x_wconf 90' lang='lat' dir='ltr'><strong>omnem</strong></span> <span class='ocrx_word' id='word_1_362' title='bbox 3410 2767 3523 2811; x_wconf 89' lang='lat' dir='ltr'><strong>tum</strong></span> <span class='ocrx_word' id='word_1_363' title='bbox 3559 2756 3707 2824; x_wconf 78' lang='lat' dir='ltr'><strong>ﬁgu-</strong></span> 
     </span>
    </p>
   </div>
   <div class='ocr_carea' id='block_1_58' title="bbox 2114 2843 3707 2918">
    <p class='ocr_par' dir='ltr' id='par_1_58' title="bbox 2114 2843 3707 2918">
     <span class='ocr_line' id='line_1_58' title="bbox 2114 2843 3707 2918; baseline -0.001 -20"><span class='ocrx_word' id='word_1_364' title='bbox 2114 2848 2312 2902; x_wconf 88' lang='lat' dir='ltr'><strong>ralium</strong></span> <span class='ocrx_word' id='word_1_365' title='bbox 2380 2863 2661 2903; x_wconf 88' lang='lat' dir='ltr'><strong>sacrorum</strong></span> <span class='ocrx_word' id='word_1_366' title='bbox 2717 2848 3093 2918; x_wconf 88' lang='lat' dir='ltr'><strong>symbolorum</strong></span> <span class='ocrx_word' id='word_1_367' title='bbox 3155 2845 3469 2916; x_wconf 70' lang='lat' dir='ltr'><strong>expressius</strong></span> <span class='ocrx_word' id='word_1_368' title='bbox 3520 2843 3707 2914; x_wconf 74' lang='lat' dir='ltr'><strong>perie—</strong></span> 
     </span>
    </p>
   </div>
   <div class='ocr_carea' id='block_1_59' title="bbox 2118 2937 3705 3008">
    <p class='ocr_par' dir='ltr' id='par_1_59' title="bbox 2118 2937 3705 3008">
     <span class='ocr_line' id='line_1_59' title="bbox 2118 2937 3705 3008; baseline -0.002 -15"><span class='ocrx_word' id='word_1_369' title='bbox 2118 2939 2369 3008; x_wconf 88' lang='lat' dir='ltr'><strong>ctiusque</strong></span> <span class='ocrx_word' id='word_1_370' title='bbox 2407 2954 2590 2994; x_wconf 84' lang='lat' dir='ltr'><strong>veram</strong></span> <span class='ocrx_word' id='word_1_371' title='bbox 2652 2941 2901 2994; x_wconf 85' lang='lat' dir='ltr'><strong>notitiam</strong></span> <span class='ocrx_word' id='word_1_372' title='bbox 2950 2940 3361 3005; x_wconf 87' lang='lat' dir='ltr'><strong>docetur;tum</strong></span> <span class='ocrx_word' id='word_1_373' title='bbox 3420 2948 3474 2992; x_wconf 87' lang='lat' dir='ltr'><strong>ct</strong></span> <span class='ocrx_word' id='word_1_374' title='bbox 3521 2937 3705 3006; x_wconf 83' lang='lat' dir='ltr'><strong>ipsam</strong></span> 
     </span>
    </p>
   </div>
   <div class='ocr_carea' id='block_1_60' title="bbox 2120 3028 3709 3101">
    <p class='ocr_par' dir='ltr' id='par_1_60' title="bbox 2120 3028 3709 3101">
     <span class='ocr_line' id='line_1_60' title="bbox 2120 3028 3709 3101; baseline -0.001 -18"><span class='ocrx_word' id='word_1_375' title='bbox 2120 3031 2412 3100; x_wconf 84' lang='lat' dir='ltr'><strong>symbolica</strong></span> <span class='ocrx_word' id='word_1_376' title='bbox 2462 3032 2612 3085; x_wconf 89' lang='lat' dir='ltr'><strong>omni</strong></span> <span class='ocrx_word' id='word_1_377' title='bbox 2654 3032 3130 3100; x_wconf 66' lang='lat' dir='ltr'><strong>repraesentatione</strong></span> <span class='ocrx_word' id='word_1_378' title='bbox 3175 3031 3512 3101; x_wconf 89' lang='lat' dir='ltr'><strong>superiorem</strong></span> <span class='ocrx_word' id='word_1_379' title='bbox 3545 3068 3563 3094; x_wconf 91' lang='lat'><strong>,</strong></span> <span class='ocrx_word' id='word_1_380' title='bbox 3590 3028 3709 3082; x_wconf 86' lang='lat' dir='ltr'><strong>illi-</strong></span> 
     </span>
    </p>
   </div>
   <div class='ocr_carea' id='block_1_61' title="bbox 438 3120 3225 3199">
    <p class='ocr_par' dir='ltr' id='par_1_61' title="bbox 438 3120 3225 3199">
     <span class='ocr_line' id='line_1_61' title="bbox 438 3120 3225 3199; baseline 0.006 -32"><span class='ocrx_word' id='word_1_381' title='bbox 438 3130 542 3183; x_wconf 79' lang='lat' dir='ltr'><strong>gus</strong></span> <span class='ocrx_word' id='word_1_382' title='bbox 568 3128 921 3186; x_wconf 87' lang='lat' dir='ltr'><strong>nuncupatus</strong></span> <span class='ocrx_word' id='word_1_383' title='bbox 951 3127 1037 3172; x_wconf 91' lang='lat' dir='ltr'><strong>est</strong></span> <span class='ocrx_word' id='word_1_384' title='bbox 1066 3136 1082 3186; x_wconf 91' lang='lat'><strong>;</strong></span> <span class='ocrx_word' id='word_1_385' title='bbox 1118 3120 1220 3175; x_wconf 86' lang='lat' dir='ltr'><strong>hoc</strong></span> <span class='ocrx_word' id='word_1_386' title='bbox 1256 3121 1431 3189; x_wconf 85' lang='lat' dir='ltr'><strong>ipsum</strong></span> <span class='ocrx_word' id='word_1_387' title='bbox 1457 3125 1638 3191; x_wconf 87' lang='lat' dir='ltr'><strong>plane,</strong></span> <span class='ocrx_word' id='word_1_388' title='bbox 1685 3125 1811 3179; x_wconf 90' lang='lat' dir='ltr'><strong>huic</strong></span> <span class='ocrx_word' id='word_1_389' title='bbox 1852 3143 2015 3196; x_wconf 90' lang='lat' dir='ltr'><strong>quem</strong></span> <span class='ocrx_word' id='word_1_390' title='bbox 2044 3143 2087 3199; x_wconf 72' lang='grc' dir='ltr'>ο</span> <span class='ocrx_word' id='word_1_391' title='bbox 2122 3138 2227 3191; x_wconf 84' lang='lat' dir='ltr'><strong>que</strong></span> <span class='ocrx_word' id='word_1_392' title='bbox 2263 3122 2615 3186; x_wconf 66' lang='lat' dir='ltr'><strong>eminentem.</strong></span> <span class='ocrx_word' id='word_1_393' title='bbox 2642 3123 2886 3177; x_wconf 55' lang='lat' dir='ltr'><strong>veritatis</strong></span> <span class='ocrx_word' id='word_1_394' title='bbox 2917 3123 3225 3178; x_wconf 66' lang='lat' dir='ltr'><strong>scientiam-</strong></span> 
     </span>
    </p>
   </div>
   <div class='ocr_carea' id='block_1_62' title="bbox 439 3202 2020 3285">
    <p class='ocr_par' dir='ltr' id='par_1_62' title="bbox 439 3202 2020 3285">
     <span class='ocr_line' id='line_1_62' title="bbox 439 3202 2020 3285; baseline 0.007 -25"><span class='ocrx_word' id='word_1_395' title='bbox 439 3202 781 3275; x_wconf 27' lang='lat' dir='ltr'><strong>landamus,‘</strong></span> <span class='ocrx_word' id='word_1_396' title='bbox 814 3208 962 3278; x_wconf 89' lang='lat' dir='ltr'><strong>quod</strong></span> <span class='ocrx_word' id='word_1_397' title='bbox 1031 3210 1099 3263; x_wconf 91' lang='lat' dir='ltr'><strong>ad</strong></span> <span class='ocrx_word' id='word_1_398' title='bbox 1155 3209 1496 3267; x_wconf 89' lang='lat' dir='ltr'><strong>Paracletum</strong></span> <span class='ocrx_word' id='word_1_399' title='bbox 1561 3214 1776 3279; x_wconf 88' lang='lat' dir='ltr'><strong>auinet,</strong></span> <span class='ocrx_word' id='word_1_400' title='bbox 1834 3226 2020 3285; x_wconf 80' lang='lat' dir='ltr'><strong>postea</strong></span> 
     </span>
    </p>
   </div>
   <div class='ocr_carea' id='block_1_63' title="bbox 438 3295 2017 3358">
    <p class='ocr_par' dir='ltr' id='par_1_63' title="bbox 438 3295 2017 3358">
     <span class='ocr_line' id='line_1_63' title="bbox 438 3295 2017 3358; baseline 0.007 -11"><span class='ocrx_word' id='word_1_401' title='bbox 438 3295 707 3349; x_wconf 91' lang='lat' dir='ltr'><strong>donatum</strong></span> <span class='ocrx_word' id='word_1_402' title='bbox 736 3305 840 3351; x_wconf 91' lang='lat' dir='ltr'><strong>est.</strong></span> <span class='ocrx_word' id='word_1_403' title='bbox 873 3296 1011 3351; x_wconf 86' lang='lat' dir='ltr'><strong>Cum</strong></span> <span class='ocrx_word' id='word_1_404' title='bbox 1042 3298 1189 3352; x_wconf 88' lang='lat' dir='ltr'><strong>enim</strong></span> <span class='ocrx_word' id='word_1_405' title='bbox 1221 3298 1313 3354; x_wconf 82' lang='lat' dir='ltr'><strong>alii</strong></span> <span class='ocrx_word' id='word_1_406' title='bbox 1357 3314 1388 3353; x_wconf 91' lang='lat' dir='ltr'><strong>a</strong></span> <span class='ocrx_word' id='word_1_407' title='bbox 1430 3299 1643 3355; x_wconf 87' lang='lat' dir='ltr'><strong>Deitate</strong></span> <span class='ocrx_word' id='word_1_408' title='bbox 1691 3312 2017 3358; x_wconf 80' lang='lat' dir='ltr'><strong>extraneum</strong></span> 
     </span>
    </p>
   </div>
   <div class='ocr_carea' id='block_1_64' title="bbox 436 3386 2018 3461">
    <p class='ocr_par' dir='ltr' id='par_1_64' title="bbox 436 3386 2018 3461">
     <span class='ocr_line' id='line_1_64' title="bbox 436 3386 2018 3461; baseline 0.005 -23"><span class='ocrx_word' id='word_1_409' title='bbox 436 3386 716 3440; x_wconf 86' lang='lat' dir='ltr'><strong>traderent</strong></span> <span class='ocrx_word' id='word_1_410' title='bbox 760 3388 902 3452; x_wconf 91' lang='lat' dir='ltr'><strong>;alii</strong></span> <span class='ocrx_word' id='word_1_411' title='bbox 959 3398 1355 3457; x_wconf 85' lang='lat' dir='ltr'><strong>componerent</strong></span> <span class='ocrx_word' id='word_1_412' title='bbox 1402 3391 1622 3461; x_wconf 85' lang='lat' dir='ltr'><strong>quidem</strong></span> <span class='ocrx_word' id='word_1_413' title='bbox 1682 3392 1903 3458; x_wconf 83' lang='lat' dir='ltr'><strong>Deitati,</strong></span> <span class='ocrx_word' id='word_1_414' title='bbox 1962 3405 2018 3446; x_wconf 94' lang='lat' dir='ltr'><strong>ut</strong></span> 
     </span>
    </p>
   </div>
   <div class='ocr_carea' id='block_1_65' title="bbox 438 3470 2017 3555">
    <p class='ocr_par' dir='ltr' id='par_1_65' title="bbox 438 3470 2017 3555">
     <span class='ocr_line' id='line_1_65' title="bbox 438 3470 2017 3555; baseline 0.007 -26"><span class='ocrx_word' id='word_1_415' title='bbox 438 3470 620 3530; x_wconf 78' lang='lat' dir='ltr'><strong>tamen</strong></span> <span class='ocrx_word' id='word_1_416' title='bbox 655 3478 834 3546; x_wconf 88' lang='lat' dir='ltr'><strong>palam</strong></span> <span class='ocrx_word' id='word_1_417' title='bbox 876 3478 1046 3533; x_wconf 90' lang='lat' dir='ltr'><strong>Deum</strong></span> <span class='ocrx_word' id='word_1_418' title='bbox 1080 3492 1478 3551; x_wconf 87' lang='lat' dir='ltr'><strong>nuncuparent,</strong></span> <span class='ocrx_word' id='word_1_419' title='bbox 1526 3484 1709 3538; x_wconf 86' lang='lat' dir='ltr'><strong>induci</strong></span> <span class='ocrx_word' id='word_1_420' title='bbox 1739 3500 1847 3538; x_wconf 91' lang='lat' dir='ltr'><strong>non</strong></span> <span class='ocrx_word' id='word_1_421' title='bbox 1891 3502 2017 3555; x_wconf 83' lang='lat' dir='ltr'><strong>pos-</strong></span> 
     </span>
    </p>
   </div>
   <div class='ocr_carea' id='block_1_66' title="bbox 436 3570 2013 3642">
    <p class='ocr_par' dir='ltr' id='par_1_66' title="bbox 436 3570 2013 3642">
     <span class='ocr_line' id='line_1_66' title="bbox 436 3570 2013 3642; baseline 0.006 -21"><span class='ocrx_word' id='word_1_422' title='bbox 436 3577 563 3622; x_wconf 88' lang='lat' dir='ltr'><strong>sent</strong></span> <span class='ocrx_word' id='word_1_423' title='bbox 595 3585 611 3633; x_wconf 92' lang='lat'><strong>;</strong></span> <span class='ocrx_word' id='word_1_424' title='bbox 649 3570 744 3624; x_wconf 86' lang='lat' dir='ltr'><strong>sed</strong></span> <span class='ocrx_word' id='word_1_425' title='bbox 775 3570 859 3625; x_wconf 91' lang='lat' dir='ltr'><strong>vel</strong></span> <span class='ocrx_word' id='word_1_426' title='bbox 888 3586 1001 3625; x_wconf 83' lang='lat' dir='ltr'><strong>sua</strong></span> <span class='ocrx_word' id='word_1_427' title='bbox 1048 3572 1149 3640; x_wconf 85' lang='lat' dir='ltr'><strong>ipsi</strong></span> <span class='ocrx_word' id='word_1_428' title='bbox 1189 3573 1440 3642; x_wconf 82' lang='lat' dir='ltr'><strong>ignavia,</strong></span> <span class='ocrx_word' id='word_1_429' title='bbox 1479 3576 1561 3629; x_wconf 85' lang='lat' dir='ltr'><strong>vel</strong></span> <span class='ocrx_word' id='word_1_430' title='bbox 1594 3576 2013 3631; x_wconf 89' lang='lat' dir='ltr'><strong>imbecilliorum</strong></span> 
     </span>
    </p>
   </div>
   <div class='ocr_carea' id='block_1_67' title="bbox 436 3656 2013 3729">
    <p class='ocr_par' dir='ltr' id='par_1_67' title="bbox 436 3656 2013 3729">
     <span class='ocr_line' id='line_1_67' title="bbox 436 3656 2013 3729; baseline 0.007 -20"><span class='ocrx_word' id='word_1_431' title='bbox 436 3656 637 3709; x_wconf 88' lang='lat' dir='ltr'><strong>animis</strong></span> <span class='ocrx_word' id='word_1_432' title='bbox 695 3671 761 3711; x_wconf 87' lang='lat' dir='ltr'><strong>ea</strong></span> <span class='ocrx_word' id='word_1_433' title='bbox 820 3661 1216 3727; x_wconf 84' lang='lat' dir='ltr'><strong>temperatione</strong></span> <span class='ocrx_word' id='word_1_434' title='bbox 1275 3663 1626 3717; x_wconf 87' lang='lat' dir='ltr'><strong>consulerent</strong></span> <span class='ocrx_word' id='word_1_435' title='bbox 1660 3680 1676 3729; x_wconf 88' lang='lat'><strong>;</strong></span> <span class='ocrx_word' id='word_1_436' title='bbox 1707 3668 1859 3720; x_wconf 89' lang='lat' dir='ltr'><strong>solus</strong></span> <span class='ocrx_word' id='word_1_437' title='bbox 1902 3666 2013 3729; x_wconf 90' lang='lat' dir='ltr'><strong>hic,</strong></span> 
     </span>
    </p>
   </div>
   <div class='ocr_carea' id='block_1_68' title="bbox 436 3747 2015 3823">
    <p class='ocr_par' dir='ltr' id='par_1_68' title="bbox 436 3747 2015 3823">
     <span class='ocr_line' id='line_1_68' title="bbox 436 3747 2015 3823; baseline 0.008 -25"><span class='ocrx_word' id='word_1_438' title='bbox 436 3747 761 3817; x_wconf 85' lang='lat' dir='ltr'><strong>primusque</strong></span> <span class='ocrx_word' id='word_1_439' title='bbox 786 3748 898 3805; x_wconf 76' lang='lat' dir='ltr'><strong>fere</strong></span> <span class='ocrx_word' id='word_1_440' title='bbox 926 3766 1036 3819; x_wconf 76' lang='lat' dir='ltr'><strong>pne</strong></span> <span class='ocrx_word' id='word_1_441' title='bbox 1070 3754 1328 3808; x_wconf 91' lang='lat' dir='ltr'><strong>omnibus</strong></span> <span class='ocrx_word' id='word_1_442' title='bbox 1355 3752 1620 3823; x_wconf 89' lang='lat' dir='ltr'><strong>Spiritum</strong></span> <span class='ocrx_word' id='word_1_443' title='bbox 1652 3756 1820 3809; x_wconf 88' lang='lat' dir='ltr'><strong>Deum</strong></span> <span class='ocrx_word' id='word_1_444' title='bbox 1871 3756 2015 3811; x_wconf 79' lang='lat' dir='ltr'><strong>Patri</strong></span> 
     </span>
    </p>
   </div>
   <div class='ocr_carea' id='block_1_69' title="bbox 438 3838 2017 3915">
    <p class='ocr_par' dir='ltr' id='par_1_69' title="bbox 438 3838 2017 3915">
     <span class='ocr_line' id='line_1_69' title="bbox 438 3838 2017 3915; baseline 0.008 -23"><span class='ocrx_word' id='word_1_445' title='bbox 438 3854 504 3893; x_wconf 89' lang='lat' dir='ltr'><strong>ac</strong></span> <span class='ocrx_word' id='word_1_446' title='bbox 568 3838 749 3895; x_wconf 81' lang='lat' dir='ltr'><strong>Verbo</strong></span> <span class='ocrx_word' id='word_1_447' title='bbox 796 3844 1321 3899; x_wconf 87' lang='lat' dir='ltr'><strong>consubstantialem</strong></span> <span class='ocrx_word' id='word_1_448' title='bbox 1375 3846 1669 3915; x_wconf 87' lang='lat' dir='ltr'><strong>perspicue</strong></span> <span class='ocrx_word' id='word_1_449' title='bbox 1747 3862 1812 3902; x_wconf 91' lang='lat' dir='ltr'><strong>ac</strong></span> <span class='ocrx_word' id='word_1_450' title='bbox 1860 3850 2017 3904; x_wconf 82' lang='lat' dir='ltr'><strong>valde</strong></span> 
     </span>
    </p>
   </div>
   <div class='ocr_carea' id='block_1_70' title="bbox 434 3930 2016 4006">
    <p class='ocr_par' dir='ltr' id='par_1_70' title="bbox 434 3930 2016 4006">
     <span class='ocr_line' id='line_1_70' title="bbox 434 3930 2016 4006; baseline 0.007 -23"><span class='ocrx_word' id='word_1_451' title='bbox 434 3931 582 3984; x_wconf 89' lang='lat' dir='ltr'><strong>clare</strong></span> <span class='ocrx_word' id='word_1_452' title='bbox 626 3930 936 4001; x_wconf 89' lang='lat' dir='ltr'><strong>ﬁduciaque</strong></span> <span class='ocrx_word' id='word_1_453' title='bbox 998 3936 1317 4002; x_wconf 80' lang='lat' dir='ltr'><strong>pradicavit</strong></span> <span class='ocrx_word' id='word_1_454' title='bbox 1352 3954 1368 4001; x_wconf 85' lang='lat'><strong>;</strong></span> <span class='ocrx_word' id='word_1_455' title='bbox 1399 3936 1560 4006; x_wconf 83' lang='lat' dir='ltr'><strong>cujus</strong></span> <span class='ocrx_word' id='word_1_456' title='bbox 1619 3939 1785 3991; x_wconf 88' lang='lat' dir='ltr'><strong>etiam</strong></span> <span class='ocrx_word' id='word_1_457' title='bbox 1830 3938 2016 3994; x_wconf 76' lang='lat' dir='ltr'><strong>libera</strong></span> 
     </span>
    </p>
   </div>
   <div class='ocr_carea' id='block_1_71' title="bbox 436 4020 2013 4098">
    <p class='ocr_par' dir='ltr' id='par_1_71' title="bbox 436 4020 2013 4098">
     <span class='ocr_line' id='line_1_71' title="bbox 436 4020 2013 4098; baseline 0.008 -25"><span class='ocrx_word' id='word_1_458' title='bbox 436 4020 850 4088; x_wconf 66' lang='lat' dir='ltr'><strong>praedicationis</strong></span> <span class='ocrx_word' id='word_1_459' title='bbox 895 4025 1499 4094; x_wconf 87' lang='lat' dir='ltr'><strong>magniﬁcentissimum</strong></span> <span class='ocrx_word' id='word_1_460' title='bbox 1548 4029 1833 4098; x_wconf 82' lang='lat' dir='ltr'><strong>pramium</strong></span> <span class='ocrx_word' id='word_1_461' title='bbox 1879 4044 2013 4084; x_wconf 91' lang='lat' dir='ltr'><strong>con-</strong></span> 
     </span>
    </p>
   </div>
   <div class='ocr_carea' id='block_1_72' title="bbox 430 4116 2011 4193">
    <p class='ocr_par' dir='ltr' id='par_1_72' title="bbox 430 4116 2011 4193">
     <span class='ocr_line' id='line_1_72' title="bbox 430 4116 2011 4193; baseline 0.006 -28"><span class='ocrx_word' id='word_1_462' title='bbox 430 4121 657 4167; x_wconf 82' lang='lat' dir='ltr'><strong>secutus</strong></span> <span class='ocrx_word' id='word_1_463' title='bbox 725 4122 832 4178; x_wconf 88' lang='lat' dir='ltr'><strong>est,</strong></span> <span class='ocrx_word' id='word_1_464' title='bbox 903 4124 964 4169; x_wconf 92' lang='lat' dir='ltr'><strong>ut</strong></span> <span class='ocrx_word' id='word_1_465' title='bbox 1025 4131 1131 4185; x_wconf 89' lang='lat' dir='ltr'><strong>qua</strong></span> <span class='ocrx_word' id='word_1_466' title='bbox 1197 4116 1319 4171; x_wconf 86' lang='lat' dir='ltr'><strong>aliis</strong></span> <span class='ocrx_word' id='word_1_467' title='bbox 1387 4129 1611 4193; x_wconf 75' lang='lat' dir='ltr'><strong>prastat</strong></span> <span class='ocrx_word' id='word_1_468' title='bbox 1673 4121 2011 4185; x_wconf 79' lang='lat' dir='ltr'><strong>excellentia,</strong></span> 
     </span>
    </p>
   </div>
   <div class='ocr_carea' id='block_1_73' title="bbox 430 4197 2013 4275">
    <p class='ocr_par' dir='ltr' id='par_1_73' title="bbox 430 4197 2013 4275">
     <span class='ocr_line' id='line_1_73' title="bbox 430 4197 2013 4275; baseline 0.008 -21"><span class='ocrx_word' id='word_1_469' title='bbox 430 4201 699 4273; x_wconf 81' lang='lat' dir='ltr'><strong>Theologi</strong></span> <span class='ocrx_word' id='word_1_470' title='bbox 750 4221 949 4260; x_wconf 90' lang='lat' dir='ltr'><strong>nomen</strong></span> <span class='ocrx_word' id='word_1_471' title='bbox 994 4197 1429 4275; x_wconf 79' lang='lat' dir='ltr'><strong>nancisceretur,</strong></span> <span class='ocrx_word' id='word_1_472' title='bbox 1477 4211 1596 4265; x_wconf 85' lang='lat' dir='ltr'><strong>auri</strong></span> <span class='ocrx_word' id='word_1_473' title='bbox 1647 4212 1855 4268; x_wconf 63' lang='lat' dir='ltr'><strong>scilitat</strong></span> <span class='ocrx_word' id='word_1_474' title='bbox 1893 4214 2013 4267; x_wconf 89' lang='lat' dir='ltr'><strong>the-</strong></span> 
     </span>
    </p>
   </div>
   <div class='ocr_carea' id='block_1_74' title="bbox 430 4292 2013 4371">
    <p class='ocr_par' dir='ltr' id='par_1_74' title="bbox 430 4292 2013 4371">
     <span class='ocr_line' id='line_1_74' title="bbox 430 4292 2013 4371; baseline 0.007 -25"><span class='ocrx_word' id='word_1_475' title='bbox 430 4292 615 4346; x_wconf 85' lang='lat' dir='ltr'><strong>sauris</strong></span> <span class='ocrx_word' id='word_1_476' title='bbox 673 4295 1192 4362; x_wconf 87' lang='lat' dir='ltr'><strong>innumerabilibus,</strong></span> <span class='ocrx_word' id='word_1_477' title='bbox 1245 4300 1577 4370; x_wconf 86' lang='lat' dir='ltr'><strong>cunctisque</strong></span> <span class='ocrx_word' id='word_1_478' title='bbox 1637 4303 1894 4371; x_wconf 86' lang='lat' dir='ltr'><strong>pretiosis</strong></span> <span class='ocrx_word' id='word_1_479' title='bbox 1935 4304 2013 4357; x_wconf 86' lang='lat' dir='ltr'><strong>la-</strong></span> 
     </span>
    </p>
   </div>
   <div class='ocr_carea' id='block_1_75' title="bbox 431 4380 1095 4449">
    <p class='ocr_par' dir='ltr' id='par_1_75' title="bbox 431 4380 1095 4449">
     <span class='ocr_line' id='line_1_75' title="bbox 431 4380 1095 4449; baseline 0.012 -19"><span class='ocrx_word' id='word_1_480' title='bbox 431 4380 649 4448; x_wconf 82' lang='lat' dir='ltr'><strong>pidibus</strong></span> <span class='ocrx_word' id='word_1_481' title='bbox 681 4381 837 4449; x_wconf 79' lang='lat' dir='ltr'><strong>longe</strong></span> <span class='ocrx_word' id='word_1_482' title='bbox 870 4386 1095 4441; x_wconf 90' lang='lat' dir='ltr'><strong>clarius.</strong></span> 
     </span>
    </p>
   </div>
   <div class='ocr_carea' id='block_1_76' title="bbox 2203 3211 3709 3282">
    <p class='ocr_par' dir='ltr' id='par_1_76' title="bbox 2203 3211 3709 3282">
     <span class='ocr_line' id='line_1_76' title="bbox 2203 3211 3709 3282; baseline 0 -17"><span class='ocrx_word' id='word_1_483' title='bbox 2203 3212 2305 3266; x_wconf 77' lang='lat' dir='ltr'><strong>Alii</strong></span> <span class='ocrx_word' id='word_1_484' title='bbox 2347 3213 2565 3281; x_wconf 90' lang='lat' dir='ltr'><strong>quidem</strong></span> <span class='ocrx_word' id='word_1_485' title='bbox 2608 3213 3016 3282; x_wconf 83' lang='lat' dir='ltr'><strong>prophetarum,</strong></span> <span class='ocrx_word' id='word_1_486' title='bbox 3040 3213 3162 3267; x_wconf 85' lang='lat' dir='ltr'><strong>aliis</strong></span> <span class='ocrx_word' id='word_1_487' title='bbox 3195 3213 3250 3266; x_wconf 90' lang='lat' dir='ltr'><strong>in</strong></span> <span class='ocrx_word' id='word_1_488' title='bbox 3290 3211 3501 3280; x_wconf 88' lang='lat' dir='ltr'><strong>Spiritu</strong></span> <span class='ocrx_word' id='word_1_489' title='bbox 3531 3211 3709 3266; x_wconf 89' lang='lat' dir='ltr'><strong>visio-</strong></span> 
     </span>
    </p>
   </div>
   <div class='ocr_carea' id='block_1_77' title="bbox 2123 3303 3710 3375">
    <p class='ocr_par' dir='ltr' id='par_1_77' title="bbox 2123 3303 3710 3375">
     <span class='ocr_line' id='line_1_77' title="bbox 2123 3303 3710 3375; baseline 0.001 -19"><span class='ocrx_word' id='word_1_490' title='bbox 2123 3303 2286 3357; x_wconf 88' lang='lat' dir='ltr'><strong>nibus</strong></span> <span class='ocrx_word' id='word_1_491' title='bbox 2320 3303 2371 3356; x_wconf 92' lang='lat' dir='ltr'><strong>vi</strong></span> <span class='ocrx_word' id='word_1_492' title='bbox 2406 3304 2577 3375; x_wconf 89' lang='lat' dir='ltr'><strong>animi</strong></span> <span class='ocrx_word' id='word_1_493' title='bbox 2612 3307 2839 3360; x_wconf 91' lang='lat' dir='ltr'><strong>rectrice</strong></span> <span class='ocrx_word' id='word_1_494' title='bbox 2886 3321 2950 3360; x_wconf 87' lang='lat' dir='ltr'><strong>ac</strong></span> <span class='ocrx_word' id='word_1_495' title='bbox 2973 3315 3155 3360; x_wconf 88' lang='lat' dir='ltr'><strong>mente</strong></span> <span class='ocrx_word' id='word_1_496' title='bbox 3189 3304 3501 3369; x_wconf 79' lang='lat' dir='ltr'><strong>informati;</strong></span> <span class='ocrx_word' id='word_1_497' title='bbox 3534 3315 3710 3372; x_wconf 85' lang='lat' dir='ltr'><strong>atque</strong></span> 
     </span>
    </p>
   </div>
   <div class='ocr_carea' id='block_1_78' title="bbox 2120 3394 3706 3463">
    <p class='ocr_par' dir='ltr' id='par_1_78' title="bbox 2120 3394 3706 3463">
     <span class='ocr_line' id='line_1_78' title="bbox 2120 3394 3706 3463; baseline 0.002 -17"><span class='ocrx_word' id='word_1_498' title='bbox 2120 3394 2210 3446; x_wconf 72' lang='lat' dir='ltr'><strong>alii</strong></span> <span class='ocrx_word' id='word_1_499' title='bbox 2236 3411 2254 3444; x_wconf 77' lang='grc' dir='ltr'>ι</span> <span class='ocrx_word' id='word_1_500' title='bbox 2273 3394 2492 3461; x_wconf 87' lang='lat' dir='ltr'><strong>quidem</strong></span> <span class='ocrx_word' id='word_1_501' title='bbox 2520 3409 2685 3463; x_wconf 87' lang='lat' dir='ltr'><strong>super</strong></span> <span class='ocrx_word' id='word_1_502' title='bbox 2712 3395 2909 3450; x_wconf 83' lang='lat' dir='ltr'><strong>solium</strong></span> <span class='ocrx_word' id='word_1_503' title='bbox 2949 3396 3225 3451; x_wconf 88' lang='lat' dir='ltr'><strong>excelsum</strong></span> <span class='ocrx_word' id='word_1_504' title='bbox 3251 3408 3303 3450; x_wconf 89' lang='lat' dir='ltr'><strong>et</strong></span> <span class='ocrx_word' id='word_1_505' title='bbox 3342 3396 3706 3460; x_wconf 83' lang='lat' dir='ltr'><strong>elevatum&quot;;</strong></span> 
     </span>
    </p>
   </div>
   <div class='ocr_carea' id='block_1_79' title="bbox 2117 3484 3707 3554">
    <p class='ocr_par' dir='ltr' id='par_1_79' title="bbox 2117 3484 3707 3554">
     <span class='ocr_line' id='line_1_79' title="bbox 2117 3484 3707 3554; baseline 0.002 -18"><span class='ocrx_word' id='word_1_506' title='bbox 2117 3484 2207 3536; x_wconf 87' lang='lat' dir='ltr'><strong>alii</strong></span> <span class='ocrx_word' id='word_1_507' title='bbox 2259 3484 2587 3539; x_wconf 79' lang='lat' dir='ltr'><strong>animalibus</strong></span> <span class='ocrx_word' id='word_1_508' title='bbox 2631 3485 3098 3554; x_wconf 81' lang='lat' dir='ltr'><strong>quadrilormibus</strong></span> <span class='ocrx_word' id='word_1_509' title='bbox 3153 3497 3389 3550; x_wconf 89' lang='lat' dir='ltr'><strong>vectum,</strong></span> <span class='ocrx_word' id='word_1_510' title='bbox 3449 3486 3707 3542; x_wconf 81' lang='lat' dir='ltr'><strong>invisibi—</strong></span> 
     </span>
    </p>
   </div>
   <div class='ocr_carea' id='block_1_80' title="bbox 2120 3580 3707 3651">
    <p class='ocr_par' dir='ltr' id='par_1_80' title="bbox 2120 3580 3707 3651">
     <span class='ocr_line' id='line_1_80' title="bbox 2120 3580 3707 3651; baseline 0.004 -22"><span class='ocrx_word' id='word_1_511' title='bbox 2120 3580 2219 3632; x_wconf 91' lang='lat' dir='ltr'><strong>lem</strong></span> <span class='ocrx_word' id='word_1_512' title='bbox 2255 3580 2552 3648; x_wconf 82' lang='lat' dir='ltr'><strong>conspicati</strong></span> <span class='ocrx_word' id='word_1_513' title='bbox 2587 3581 2665 3645; x_wconf 66' lang='lat'><strong>7’;</strong></span> <span class='ocrx_word' id='word_1_514' title='bbox 2703 3596 2767 3634; x_wconf 88' lang='lat' dir='ltr'><strong>ac</strong></span> <span class='ocrx_word' id='word_1_515' title='bbox 2817 3585 2979 3634; x_wconf 78' lang='lat' dir='ltr'><strong>modo</strong></span> <span class='ocrx_word' id='word_1_516' title='bbox 3026 3580 3246 3651; x_wconf 87' lang='lat' dir='ltr'><strong>quidem</strong></span> <span class='ocrx_word' id='word_1_517' title='bbox 3281 3580 3489 3646; x_wconf 87' lang='lat' dir='ltr'><strong>electri,</strong></span> <span class='ocrx_word' id='word_1_518' title='bbox 3538 3581 3707 3636; x_wconf 80' lang='lat' dir='ltr'><strong>modo</strong></span> 
     </span>
    </p>
   </div>
   <div class='ocr_carea' id='block_1_81' title="bbox 2064 3670 3706 3741">
    <p class='ocr_par' dir='ltr' id='par_1_81' title="bbox 2064 3670 3706 3741">
     <span class='ocr_line' id='line_1_81' title="bbox 2064 3670 3706 3741; baseline 0.003 -19"><span class='ocrx_word' id='word_1_519' title='bbox 2064 3726 2074 3733; x_wconf 60' lang='grc'><strong>,</strong></span> <span class='ocrx_word' id='word_1_520' title='bbox 2116 3670 2256 3738; x_wconf 76' lang='lat' dir='ltr'><strong>ignis</strong></span> <span class='ocrx_word' id='word_1_521' title='bbox 2281 3673 2461 3739; x_wconf 86' lang='lat' dir='ltr'><strong>specie</strong></span> <span class='ocrx_word' id='word_1_522' title='bbox 2484 3671 2530 3702; x_wconf 81' lang='lat'>&quot;</span> <span class='ocrx_word' id='word_1_523' title='bbox 2562 3689 2576 3736; x_wconf 88' lang='lat'><strong>;</strong></span> <span class='ocrx_word' id='word_1_524' title='bbox 2615 3671 2860 3741; x_wconf 89' lang='lat' dir='ltr'><strong>aliasque</strong></span> <span class='ocrx_word' id='word_1_525' title='bbox 2887 3687 3081 3728; x_wconf 85' lang='lat' dir='ltr'><strong>rursus</strong></span> <span class='ocrx_word' id='word_1_526' title='bbox 3109 3672 3348 3727; x_wconf 88' lang='lat' dir='ltr'><strong>humana</strong></span> <span class='ocrx_word' id='word_1_527' title='bbox 3370 3688 3496 3726; x_wconf 92' lang='lat' dir='ltr'><strong>eum</strong></span> <span class='ocrx_word' id='word_1_528' title='bbox 3522 3672 3706 3727; x_wconf 72' lang='lat' dir='ltr'><strong>[eruta</strong></span> 
     </span>
    </p>
   </div>
   <div class='ocr_carea' id='block_1_82' title="bbox 2116 3760 3707 3841">
    <p class='ocr_par' dir='ltr' id='par_1_82' title="bbox 2116 3760 3707 3841">
     <span class='ocr_line' id='line_1_82' title="bbox 2116 3760 3707 3841; baseline 0.004 -27"><span class='ocrx_word' id='word_1_529' title='bbox 2116 3761 2523 3815; x_wconf 81' lang='lat' dir='ltr'><strong>considerantes</strong></span> <span class='ocrx_word' id='word_1_530' title='bbox 2541 3760 2845 3841; x_wconf 47' lang='lat' dir='ltr'><strong>“,‘variis</strong></span> <span class='ocrx_word' id='word_1_531' title='bbox 2888 3764 3188 3832; x_wconf 88' lang='lat' dir='ltr'><strong>llgurarum</strong></span> <span class='ocrx_word' id='word_1_532' title='bbox 3236 3760 3584 3827; x_wconf 86' lang='lat' dir='ltr'><strong>simulacris,</strong></span> <span class='ocrx_word' id='word_1_533' title='bbox 3629 3779 3707 3820; x_wconf 83' lang='lat' dir='ltr'><strong>ac</strong></span> 
     </span>
    </p>
   </div>
   <div class='ocr_carea' id='block_1_83' title="bbox 2115 3849 3702 3922">
    <p class='ocr_par' dir='ltr' id='par_1_83' title="bbox 2115 3849 3702 3922">
     <span class='ocr_line' id='line_1_83' title="bbox 2115 3849 3702 3922; baseline 0.001 -19"><span class='ocrx_word' id='word_1_534' title='bbox 2115 3850 2317 3903; x_wconf 88' lang='lat' dir='ltr'><strong>diversi</strong></span> <span class='ocrx_word' id='word_1_535' title='bbox 2346 3850 2562 3918; x_wconf 81' lang='lat' dir='ltr'><strong>generis</strong></span> <span class='ocrx_word' id='word_1_536' title='bbox 2596 3849 2793 3910; x_wconf 69' lang='lat' dir='ltr'><strong>fin-mis</strong></span> <span class='ocrx_word' id='word_1_537' title='bbox 2825 3860 3086 3921; x_wconf 86' lang='lat' dir='ltr'><strong>tanquam</strong></span> <span class='ocrx_word' id='word_1_538' title='bbox 3108 3851 3203 3922; x_wconf 90' lang='lat' dir='ltr'><strong>qui</strong></span> <span class='ocrx_word' id='word_1_539' title='bbox 3231 3867 3327 3921; x_wconf 89' lang='lat' dir='ltr'><strong>per</strong></span> <span class='ocrx_word' id='word_1_540' title='bbox 3354 3862 3605 3906; x_wconf 91' lang='lat' dir='ltr'><strong>naturam</strong></span> <span class='ocrx_word' id='word_1_541' title='bbox 3625 3853 3702 3919; x_wconf 78' lang='lat'><strong>&quot;,</strong></span> 
     </span>
    </p>
   </div>
   <div class='ocr_carea' id='block_1_84' title="bbox 2117 3931 3704 4015">
    <p class='ocr_par' dir='ltr' id='par_1_84' title="bbox 2117 3931 3704 4015">
     <span class='ocr_line' id='line_1_84' title="bbox 2117 3931 3704 4015; baseline 0.004 -22"><span class='ocrx_word' id='word_1_542' title='bbox 2117 3942 2263 3994; x_wconf 89' lang='lat' dir='ltr'><strong>nulla</strong></span> <span class='ocrx_word' id='word_1_543' title='bbox 2289 3950 2438 3996; x_wconf 93' lang='lat' dir='ltr'><strong>certo</strong></span> <span class='ocrx_word' id='word_1_544' title='bbox 2468 3931 2647 4009; x_wconf 72' lang='lat' dir='ltr'><strong>specie</strong></span> <span class='ocrx_word' id='word_1_545' title='bbox 2677 3942 2961 4013; x_wconf 81' lang='lat' dir='ltr'><strong>formaque</strong></span> <span class='ocrx_word' id='word_1_546' title='bbox 2991 3943 3324 4014; x_wconf 76' lang='lat' dir='ltr'><strong>designetur,</strong></span> <span class='ocrx_word' id='word_1_547' title='bbox 3352 3945 3530 4015; x_wconf 88' lang='lat' dir='ltr'><strong>sitque</strong></span> <span class='ocrx_word' id='word_1_548' title='bbox 3575 3946 3704 3999; x_wconf 89' lang='lat' dir='ltr'><strong>uni-</strong></span> 
     </span>
    </p>
   </div>
   <div class='ocr_carea' id='block_1_85' title="bbox 2118 4036 3711 4105">
    <p class='ocr_par' dir='ltr' id='par_1_85' title="bbox 2118 4036 3711 4105">
     <span class='ocr_line' id='line_1_85' title="bbox 2118 4036 3711 4105; baseline 0.005 -23"><span class='ocrx_word' id='word_1_549' title='bbox 2118 4048 2396 4087; x_wconf 87' lang='lat' dir='ltr'><strong>versorum</strong></span> <span class='ocrx_word' id='word_1_550' title='bbox 2446 4044 2658 4097; x_wconf 92' lang='lat' dir='ltr'><strong>auctor,</strong></span> <span class='ocrx_word' id='word_1_551' title='bbox 2693 4042 2856 4103; x_wconf 90' lang='lat' dir='ltr'><strong>atque</strong></span> <span class='ocrx_word' id='word_1_552' title='bbox 2884 4050 2947 4089; x_wconf 83' lang='lat' dir='ltr'><strong>ea</strong></span> <span class='ocrx_word' id='word_1_553' title='bbox 2971 4036 3184 4092; x_wconf 86' lang='lat' dir='ltr'><strong>ratione</strong></span> <span class='ocrx_word' id='word_1_554' title='bbox 3207 4052 3306 4105; x_wconf 89' lang='lat' dir='ltr'><strong>pro</strong></span> <span class='ocrx_word' id='word_1_555' title='bbox 3326 4052 3391 4092; x_wconf 93' lang='lat' dir='ltr'><strong>eo</strong></span> <span class='ocrx_word' id='word_1_556' title='bbox 3418 4053 3483 4091; x_wconf 89' lang='lat' dir='ltr'><strong>ac</strong></span> <span class='ocrx_word' id='word_1_557' title='bbox 3516 4037 3711 4091; x_wconf 81' lang='lat' dir='ltr'><strong>viden-</strong></span> 
     </span>
    </p>
   </div>
   <div class='ocr_carea' id='block_1_86' title="bbox 2115 4111 3697 4200">
    <p class='ocr_par' dir='ltr' id='par_1_86' title="bbox 2115 4111 3697 4200">
     <span class='ocr_line' id='line_1_86' title="bbox 2115 4111 3697 4200; baseline 0.004 -24"><span class='ocrx_word' id='word_1_558' title='bbox 2115 4135 2197 4178; x_wconf 89' lang='lat' dir='ltr'><strong>tes</strong></span> <span class='ocrx_word' id='word_1_559' title='bbox 2224 4111 2819 4195; x_wconf 41' lang='lat' dir='ltr'><strong>rapiunt,&#39;indulgentia</strong></span> <span class='ocrx_word' id='word_1_560' title='bbox 2844 4136 3041 4181; x_wconf 90' lang='lat' dir='ltr'><strong>cuncta</strong></span> <span class='ocrx_word' id='word_1_561' title='bbox 3075 4128 3269 4183; x_wconf 79' lang='lat' dir='ltr'><strong>subeat</strong></span> <span class='ocrx_word' id='word_1_562' title='bbox 3291 4140 3453 4200; x_wconf 90' lang='lat' dir='ltr'><strong>atque</strong></span> <span class='ocrx_word' id='word_1_563' title='bbox 3482 4129 3697 4195; x_wconf 87' lang='lat' dir='ltr'><strong>induat;</strong></span> 
     </span>
    </p>
   </div>
   <div class='ocr_carea' id='block_1_87' title="bbox 2117 4216 3697 4289">
    <p class='ocr_par' dir='ltr' id='par_1_87' title="bbox 2117 4216 3697 4289">
     <span class='ocr_line' id='line_1_87' title="bbox 2117 4216 3697 4289; baseline 0.004 -22"><span class='ocrx_word' id='word_1_564' title='bbox 2117 4222 2381 4284; x_wconf 90' lang='lat' dir='ltr'><strong>tanquam</strong></span> <span class='ocrx_word' id='word_1_565' title='bbox 2434 4216 2501 4285; x_wconf 88' lang='lat' dir='ltr'><strong>in_</strong></span> <span class='ocrx_word' id='word_1_566' title='bbox 2531 4216 2832 4287; x_wconf 79' lang='lat' dir='ltr'><strong>anigmatis</strong></span> <span class='ocrx_word' id='word_1_567' title='bbox 2861 4218 3223 4289; x_wconf 88' lang='lat' dir='ltr'><strong>obscurisque</strong></span> <span class='ocrx_word' id='word_1_568' title='bbox 3263 4222 3697 4289; x_wconf 68' lang='lat' dir='ltr'><strong>rcpmsentatio—</strong></span> 
     </span>
    </p>
   </div>
   <div class='ocr_carea' id='block_1_88' title="bbox 2112 4306 3694 4378">
    <p class='ocr_par' dir='ltr' id='par_1_88' title="bbox 2112 4306 3694 4378">
     <span class='ocr_line' id='line_1_88' title="bbox 2112 4306 3694 4378; baseline 0.006 -21"><span class='ocrx_word' id='word_1_569' title='bbox 2112 4306 2299 4367; x_wconf 91' lang='lat' dir='ltr'><strong>nibus,</strong></span> <span class='ocrx_word' id='word_1_570' title='bbox 2346 4307 2493 4361; x_wconf 92' lang='lat' dir='ltr'><strong>omni</strong></span> <span class='ocrx_word' id='word_1_571' title='bbox 2549 4316 2832 4363; x_wconf 71' lang='lat' dir='ltr'><strong>vacantem</strong></span> <span class='ocrx_word' id='word_1_572' title='bbox 2875 4311 3183 4378; x_wconf 87' lang='lat' dir='ltr'><strong>quantitate</strong></span> <span class='ocrx_word' id='word_1_573' title='bbox 3231 4325 3296 4365; x_wconf 91' lang='lat' dir='ltr'><strong>ac</strong></span> <span class='ocrx_word' id='word_1_574' title='bbox 3334 4312 3614 4378; x_wconf 87' lang='lat' dir='ltr'><strong>qualitate,</strong></span> <span class='ocrx_word' id='word_1_575' title='bbox 3642 4312 3694 4367; x_wconf 87' lang='lat' dir='ltr'><strong>in</strong></span> 
     </span>
    </p>
   </div>
   <div class='ocr_carea' id='block_1_89' title="bbox 2116 4400 3697 4467">
    <p class='ocr_par' dir='ltr' id='par_1_89' title="bbox 2116 4400 3697 4467">
     <span class='ocr_line' id='line_1_89' title="bbox 2116 4400 3697 4467; baseline 0.007 -16"><span class='ocrx_word' id='word_1_576' title='bbox 2116 4408 2455 4455; x_wconf 89' lang='lat' dir='ltr'><strong>antecessum</strong></span> <span class='ocrx_word' id='word_1_577' title='bbox 2512 4401 2788 4455; x_wconf 89' lang='lat' dir='ltr'><strong>videbant.</strong></span> <span class='ocrx_word' id='word_1_578' title='bbox 2842 4400 2941 4455; x_wconf 83' lang='lat' dir='ltr'><strong>Hic</strong></span> <span class='ocrx_word' id='word_1_579' title='bbox 2988 4414 3192 4467; x_wconf 88' lang='lat' dir='ltr'><strong>autem,</strong></span> <span class='ocrx_word' id='word_1_580' title='bbox 3240 4405 3484 4460; x_wconf 90' lang='lat' dir='ltr'><strong>omnium</strong></span> <span class='ocrx_word' id='word_1_581' title='bbox 3530 4406 3697 4461; x_wconf 89' lang='lat' dir='ltr'><strong>simul</strong></span> 
     </span>
    </p>
   </div>
   <div class='ocr_carea' id='block_1_90' title="bbox 507 4466 3692 4565">
    <p class='ocr_par' dir='ltr' id='par_1_90' title="bbox 507 4466 3692 4565">
     <span class='ocr_line' id='line_1_90' title="bbox 507 4466 3692 4565; baseline 0.011 -46"><span class='ocrx_word' id='word_1_582' title='bbox 507 4466 673 4522; x_wconf 86' lang='lat' dir='ltr'><strong>Sacro</strong></span> <span class='ocrx_word' id='word_1_583' title='bbox 732 4472 897 4539; x_wconf 89' lang='lat' dir='ltr'><strong>igitur</strong></span> <span class='ocrx_word' id='word_1_584' title='bbox 958 4476 1340 4545; x_wconf 87' lang='lat' dir='ltr'><strong>episcoporum</strong></span> <span class='ocrx_word' id='word_1_585' title='bbox 1415 4491 1596 4546; x_wconf 79' lang='lat' dir='ltr'><strong>cato,</strong></span> <span class='ocrx_word' id='word_1_586' title='bbox 1653 4483 2014 4552; x_wconf 89' lang='lat' dir='ltr'><strong>universaque</strong></span> <span class='ocrx_word' id='word_1_587' title='bbox 2043 4468 2088 4523; x_wconf 73' lang='grc' dir='ltr'><strong>θ</strong></span> <span class='ocrx_word' id='word_1_588' title='bbox 2120 4489 2415 4556; x_wconf 81' lang='lat' dir='ltr'><strong>visionum,</strong></span> <span class='ocrx_word' id='word_1_589' title='bbox 2440 4506 2579 4559; x_wconf 86' lang='lat' dir='ltr'><strong>quas</strong></span> <span class='ocrx_word' id='word_1_590' title='bbox 2622 4492 2852 4545; x_wconf 89' lang='lat' dir='ltr'><strong>seorsim</strong></span> <span class='ocrx_word' id='word_1_591' title='bbox 2897 4493 3096 4563; x_wconf 79' lang='lat' dir='ltr'><strong>singuli</strong></span> <span class='ocrx_word' id='word_1_592' title='bbox 3149 4506 3524 4565; x_wconf 78' lang='lat' dir='ltr'><strong>aspeCtarunt,</strong></span> <span class='ocrx_word' id='word_1_593' title='bbox 3568 4499 3692 4553; x_wconf 91' lang='lat' dir='ltr'><strong>illu-</strong></span> 
     </span>
    </p>
   </div>
   <div class='ocr_carea' id='block_1_91' title="bbox 418 4560 2015 4640">
    <p class='ocr_par' dir='ltr' id='par_1_91' title="bbox 418 4560 2015 4640">
     <span class='ocr_line' id='line_1_91' title="bbox 418 4560 2015 4640; baseline 0.01 -27"><span class='ocrx_word' id='word_1_594' title='bbox 418 4560 673 4625; x_wconf 41' lang='grc' dir='ltr'><strong>,εἱλίιυιεκ</strong></span> <span class='ocrx_word' id='word_1_595' title='bbox 716 4565 861 4630; x_wconf 86' lang='lat' dir='ltr'><strong>quod</strong></span> <span class='ocrx_word' id='word_1_596' title='bbox 903 4564 1148 4620; x_wconf 82' lang='lat' dir='ltr'><strong>Ecclesia</strong></span> <span class='ocrx_word' id='word_1_597' title='bbox 1202 4572 1426 4624; x_wconf 83' lang='lat' dir='ltr'><strong>victoria</strong></span> <span class='ocrx_word' id='word_1_598' title='bbox 1460 4574 1745 4640; x_wconf 85' lang='lat' dir='ltr'><strong>potiretur,</strong></span> <span class='ocrx_word' id='word_1_599' title='bbox 1781 4574 1831 4627; x_wconf 90' lang='lat' dir='ltr'><strong>id</strong></span> <span class='ocrx_word' id='word_1_600' title='bbox 1884 4590 2015 4629; x_wconf 90' lang='lat' dir='ltr'><strong>vero</strong></span> 
     </span>
    </p>
   </div>
   <div class='ocr_carea' id='block_1_92' title="bbox 429 4650 2014 4725">
    <p class='ocr_par' dir='ltr' id='par_1_92' title="bbox 429 4650 2014 4725">
     <span class='ocr_line' id='line_1_92' title="bbox 429 4650 2014 4725; baseline 0.01 -23"><span class='ocrx_word' id='word_1_601' title='bbox 429 4650 552 4716; x_wconf 85' lang='lat' dir='ltr'><strong>ejus</strong></span> <span class='ocrx_word' id='word_1_602' title='bbox 581 4653 963 4719; x_wconf 85' lang='lat' dir='ltr'><strong>certaminum,</strong></span> <span class='ocrx_word' id='word_1_603' title='bbox 1001 4655 1267 4723; x_wconf 88' lang='lat' dir='ltr'><strong>laborum,</strong></span> <span class='ocrx_word' id='word_1_604' title='bbox 1293 4675 1608 4715; x_wconf 88' lang='lat' dir='ltr'><strong>sermonum</strong></span> <span class='ocrx_word' id='word_1_605' title='bbox 1651 4663 1883 4725; x_wconf 81' lang='lat' dir='ltr'><strong>facinus,</strong></span> <span class='ocrx_word' id='word_1_606' title='bbox 1915 4681 2014 4718; x_wconf 85' lang='lat' dir='ltr'><strong>ceu</strong></span> 
     </span>
    </p>
   </div>
   <div class='ocr_carea' id='block_1_93' title="bbox 436 4745 2013 4823">
    <p class='ocr_par' dir='ltr' id='par_1_93' title="bbox 436 4745 2013 4823">
     <span class='ocr_line' id='line_1_93' title="bbox 436 4745 2013 4823; baseline 0.011 -30"><span class='ocrx_word' id='word_1_607' title='bbox 436 4757 550 4795; x_wconf 73' lang='lat' dir='ltr'><strong>rem</strong></span> <span class='ocrx_word' id='word_1_608' title='bbox 576 4745 726 4796; x_wconf 89' lang='lat' dir='ltr'><strong>onmi</strong></span> <span class='ocrx_word' id='word_1_609' title='bbox 766 4746 1031 4814; x_wconf 82' lang='lat' dir='ltr'><strong>majorem</strong></span> <span class='ocrx_word' id='word_1_610' title='bbox 1054 4748 1158 4823; x_wconf 80' lang='lat' dir='ltr'><strong>ﬁde</strong></span> <span class='ocrx_word' id='word_1_611' title='bbox 1181 4752 1526 4815; x_wconf 88' lang='lat' dir='ltr'><strong>testantibus,</strong></span> <span class='ocrx_word' id='word_1_612' title='bbox 1567 4755 1725 4821; x_wconf 90' lang='lat' dir='ltr'><strong>eique</strong></span> <span class='ocrx_word' id='word_1_613' title='bbox 1753 4758 2013 4819; x_wconf 82' lang='lat' dir='ltr'><strong>mutatio-</strong></span> 
     </span>
    </p>
   </div>
   <div class='ocr_carea' id='block_1_94' title="bbox 430 4833 2013 4917">
    <p class='ocr_par' dir='ltr' id='par_1_94' title="bbox 430 4833 2013 4917">
     <span class='ocr_line' id='line_1_94' title="bbox 430 4833 2013 4917; baseline 0.012 -33"><span class='ocrx_word' id='word_1_614' title='bbox 430 4833 585 4885; x_wconf 82' lang='lat' dir='ltr'><strong>nis‘in</strong></span> <span class='ocrx_word' id='word_1_615' title='bbox 606 4835 803 4889; x_wconf 92' lang='lat' dir='ltr'><strong>melius</strong></span> <span class='ocrx_word' id='word_1_616' title='bbox 824 4852 1047 4892; x_wconf 86' lang='lat' dir='ltr'><strong>causam</strong></span> <span class='ocrx_word' id='word_1_617' title='bbox 1068 4842 1490 4907; x_wconf 76' lang='lat' dir='ltr'><strong>ascribentibus,</strong></span> <span class='ocrx_word' id='word_1_618' title='bbox 1515 4860 1577 4897; x_wconf 90' lang='lat' dir='ltr'><strong>ac</strong></span> <span class='ocrx_word' id='word_1_619' title='bbox 1610 4847 1755 4899; x_wconf 88' lang='lat' dir='ltr'><strong>velut</strong></span> <span class='ocrx_word' id='word_1_620' title='bbox 1790 4846 2013 4917; x_wconf 88' lang='lat' dir='ltr'><strong>dignum</strong></span> 
     </span>
    </p>
   </div>
   <div class='ocr_carea' id='block_1_95' title="bbox 427 4926 2017 5009">
    <p class='ocr_par' dir='ltr' id='par_1_95' title="bbox 427 4926 2017 5009">
     <span class='ocr_line' id='line_1_95' title="bbox 427 4926 2017 5009; baseline 0.012 -34"><span class='ocrx_word' id='word_1_621' title='bbox 427 4926 706 4991; x_wconf 68' lang='lat' dir='ltr'><strong>praemium</strong></span> <span class='ocrx_word' id='word_1_622' title='bbox 768 4930 989 4984; x_wconf 91' lang='lat' dir='ltr'><strong>sublimi</strong></span> <span class='ocrx_word' id='word_1_623' title='bbox 1034 4946 1163 4986; x_wconf 90' lang='lat' dir='ltr'><strong>eum</strong></span> <span class='ocrx_word' id='word_1_624' title='bbox 1222 4935 1350 4988; x_wconf 91' lang='lat' dir='ltr'><strong>sede</strong></span> <span class='ocrx_word' id='word_1_625' title='bbox 1393 4937 1765 4993; x_wconf 85' lang='lat' dir='ltr'><strong>collocandum</strong></span> <span class='ocrx_word' id='word_1_626' title='bbox 1816 4955 2017 5009; x_wconf 84' lang='lat' dir='ltr'><strong>opera-</strong></span> 
     </span>
    </p>
   </div>
   <div class='ocr_carea' id='block_1_96' title="bbox 428 5016 2010 5096">
    <p class='ocr_par' dir='ltr' id='par_1_96' title="bbox 428 5016 2010 5096">
     <span class='ocr_line' id='line_1_96' title="bbox 428 5016 2010 5096; baseline 0.013 -29"><span class='ocrx_word' id='word_1_627' title='bbox 428 5016 664 5084; x_wconf 86' lang='lat' dir='ltr'><strong>pretiutn</strong></span> <span class='ocrx_word' id='word_1_628' title='bbox 701 5021 1066 5090; x_wconf 90' lang='lat' dir='ltr'><strong>ducentibus;</strong></span> <span class='ocrx_word' id='word_1_629' title='bbox 1109 5024 1225 5093; x_wconf 91' lang='lat' dir='ltr'><strong>ipse</strong></span> <span class='ocrx_word' id='word_1_630' title='bbox 1280 5028 1623 5096; x_wconf 89' lang='lat' dir='ltr'><strong>negotiorum</strong></span> <span class='ocrx_word' id='word_1_631' title='bbox 1676 5032 2010 5087; x_wconf 86' lang='lat' dir='ltr'><strong>ecclesiasti-</strong></span> 
     </span>
    </p>
   </div>
   <div class='ocr_carea' id='block_1_97' title="bbox 426 5111 2009 5186">
    <p class='ocr_par' dir='ltr' id='par_1_97' title="bbox 426 5111 2009 5186">
     <span class='ocr_line' id='line_1_97' title="bbox 426 5111 2009 5186; baseline 0.01 -27"><span class='ocrx_word' id='word_1_632' title='bbox 426 5122 642 5175; x_wconf 84' lang='lat' dir='ltr'><strong>corum,</strong></span> <span class='ocrx_word' id='word_1_633' title='bbox 695 5111 1091 5183; x_wconf 84' lang='lat' dir='ltr'><strong>turbarumque</strong></span> <span class='ocrx_word' id='word_1_634' title='bbox 1138 5129 1405 5186; x_wconf 86' lang='lat' dir='ltr'><strong>pertasus</strong></span> <span class='ocrx_word' id='word_1_635' title='bbox 1437 5134 1452 5178; x_wconf 86' lang='lat'><strong>;</strong></span> <span class='ocrx_word' id='word_1_636' title='bbox 1484 5118 1547 5171; x_wconf 88' lang='lat' dir='ltr'><strong>ad</strong></span> <span class='ocrx_word' id='word_1_637' title='bbox 1599 5120 1710 5173; x_wconf 83' lang='lat' dir='ltr'><strong>hac</strong></span> <span class='ocrx_word' id='word_1_638' title='bbox 1740 5121 1899 5174; x_wconf 89' lang='lat' dir='ltr'><strong>etiam</strong></span> <span class='ocrx_word' id='word_1_639' title='bbox 1949 5132 2009 5178; x_wconf 89' lang='lat' dir='ltr'><strong>ut</strong></span> 
     </span>
    </p>
   </div>
   <div class='ocr_carea' id='block_1_98' title="bbox 425 5191 2029 5281">
    <p class='ocr_par' dir='ltr' id='par_1_98' title="bbox 425 5191 2029 5281">
     <span class='ocr_line' id='line_1_98' title="bbox 425 5191 2029 5281; baseline 0.011 -28"><span class='ocrx_word' id='word_1_640' title='bbox 425 5199 495 5253; x_wconf 83' lang='lat' dir='ltr'><strong>de</strong></span> <span class='ocrx_word' id='word_1_641' title='bbox 527 5191 649 5271; x_wconf 85' lang='lat' dir='ltr'><strong>ejus</strong></span> <span class='ocrx_word' id='word_1_642' title='bbox 710 5204 1053 5262; x_wconf 90' lang='lat' dir='ltr'><strong>institutione</strong></span> <span class='ocrx_word' id='word_1_643' title='bbox 1104 5223 1169 5262; x_wconf 89' lang='lat' dir='ltr'><strong>ac</strong></span> <span class='ocrx_word' id='word_1_644' title='bbox 1225 5210 1352 5263; x_wconf 91' lang='lat' dir='ltr'><strong>sede</strong></span> <span class='ocrx_word' id='word_1_645' title='bbox 1391 5219 1539 5263; x_wconf 90' lang='lat' dir='ltr'><strong>ortas</strong></span> <span class='ocrx_word' id='word_1_646' title='bbox 1586 5211 2029 5281; x_wconf 87' lang='lat' dir='ltr'><strong>disceptationes-</strong></span> 
     </span>
    </p>
   </div>
   <div class='ocr_carea' id='block_1_99' title="bbox 424 5289 2002 5369">
    <p class='ocr_par' dir='ltr' id='par_1_99' title="bbox 424 5289 2002 5369">
     <span class='ocr_line' id='line_1_99' title="bbox 424 5289 2002 5369; baseline 0.011 -28"><span class='ocrx_word' id='word_1_647' title='bbox 424 5289 647 5355; x_wconf 87' lang='lat' dir='ltr'><strong>vitaret,</strong></span> <span class='ocrx_word' id='word_1_648' title='bbox 680 5306 859 5363; x_wconf 87' lang='lat' dir='ltr'><strong>eaque</strong></span> <span class='ocrx_word' id='word_1_649' title='bbox 886 5298 1095 5351; x_wconf 83' lang='lat' dir='ltr'><strong>ratione</strong></span> <span class='ocrx_word' id='word_1_650' title='bbox 1127 5298 1494 5353; x_wconf 84' lang='lat' dir='ltr'><strong>Ecclesiarum</strong></span> <span class='ocrx_word' id='word_1_651' title='bbox 1531 5314 1718 5368; x_wconf 89' lang='lat' dir='ltr'><strong>pacem</strong></span> <span class='ocrx_word' id='word_1_652' title='bbox 1743 5318 2002 5369; x_wconf 90' lang='lat' dir='ltr'><strong>procura—</strong></span> 
     </span>
    </p>
   </div>
   <div class='ocr_carea' id='block_1_100' title="bbox 429 5381 2014 5458">
    <p class='ocr_par' dir='ltr' id='par_1_100' title="bbox 429 5381 2014 5458">
     <span class='ocr_line' id='line_1_100' title="bbox 429 5381 2014 5458; baseline 0.013 -29"><span class='ocrx_word' id='word_1_653' title='bbox 429 5387 509 5430; x_wconf 85' lang='lat' dir='ltr'><strong>ret</strong></span> <span class='ocrx_word' id='word_1_654' title='bbox 540 5396 556 5446; x_wconf 86' lang='lat'><strong>;</strong></span> <span class='ocrx_word' id='word_1_655' title='bbox 588 5381 720 5449; x_wconf 84' lang='lat' dir='ltr'><strong>quin</strong></span> <span class='ocrx_word' id='word_1_656' title='bbox 741 5382 855 5451; x_wconf 87' lang='lat' dir='ltr'><strong>jam</strong></span> <span class='ocrx_word' id='word_1_657' title='bbox 888 5400 1109 5454; x_wconf 89' lang='lat' dir='ltr'><strong>quoque</strong></span> <span class='ocrx_word' id='word_1_658' title='bbox 1156 5403 1345 5441; x_wconf 86' lang='lat' dir='ltr'><strong>curam</strong></span> <span class='ocrx_word' id='word_1_659' title='bbox 1390 5389 1636 5458; x_wconf 78' lang='lat' dir='ltr'><strong>placendi</strong></span> <span class='ocrx_word' id='word_1_660' title='bbox 1663 5393 1822 5457; x_wconf 71' lang='lat' dir='ltr'><strong>aula,</strong></span> <span class='ocrx_word' id='word_1_661' title='bbox 1869 5395 2014 5448; x_wconf 89' lang='lat' dir='ltr'><strong>civi-&#39;</strong></span> 
     </span>
    </p>
   </div>
   <div class='ocr_carea' id='block_1_101' title="bbox 428 5468 2006 5547">
    <p class='ocr_par' dir='ltr' id='par_1_101' title="bbox 428 5468 2006 5547">
     <span class='ocr_line' id='line_1_101' title="bbox 428 5468 2006 5547; baseline 0.013 -26"><span class='ocrx_word' id='word_1_662' title='bbox 428 5468 641 5539; x_wconf 86' lang='lat' dir='ltr'><strong>busque</strong></span> <span class='ocrx_word' id='word_1_663' title='bbox 692 5472 996 5531; x_wconf 85' lang='lat' dir='ltr'><strong>declinans.</strong></span> <span class='ocrx_word' id='word_1_664' title='bbox 1070 5478 1324 5547; x_wconf 84' lang='lat' dir='ltr'><strong>Plerique</strong></span> <span class='ocrx_word' id='word_1_665' title='bbox 1368 5480 1515 5533; x_wconf 90' lang='lat' dir='ltr'><strong>enim</strong></span> <span class='ocrx_word' id='word_1_666' title='bbox 1578 5485 1889 5539; x_wconf 85' lang='lat' dir='ltr'><strong>sacerdotes</strong></span> <span class='ocrx_word' id='word_1_667' title='bbox 1940 5489 2006 5542; x_wconf 89' lang='lat' dir='ltr'><strong>ad</strong></span> 
     </span>
    </p>
   </div>
   <div class='ocr_carea' id='block_1_102' title="bbox 2122 4578 3695 4660">
    <p class='ocr_par' dir='ltr' id='par_1_102' title="bbox 2122 4578 3695 4660">
     <span class='ocr_line' id='line_1_102' title="bbox 2122 4578 3695 4660; baseline 0.009 -29"><span class='ocrx_word' id='word_1_668' title='bbox 2122 4578 2433 4643; x_wconf 87' lang='lat' dir='ltr'><strong>strationes,</strong></span> <span class='ocrx_word' id='word_1_669' title='bbox 2479 4581 2696 4650; x_wconf 85' lang='lat' dir='ltr'><strong>vimque</strong></span> <span class='ocrx_word' id='word_1_670' title='bbox 2741 4582 3113 4639; x_wconf 86' lang='lat' dir='ltr'><strong>sincerissime</strong></span> <span class='ocrx_word' id='word_1_671' title='bbox 3149 4587 3396 4653; x_wconf 86' lang='lat' dir='ltr'><strong>edoctus,</strong></span> <span class='ocrx_word' id='word_1_672' title='bbox 3432 4592 3695 4660; x_wconf 90' lang='lat' dir='ltr'><strong>omnique</strong></span> 
     </span>
    </p>
   </div>
   <div class='ocr_carea' id='block_1_103' title="bbox 2124 4666 3691 4741">
    <p class='ocr_par' dir='ltr' id='par_1_103' title="bbox 2124 4666 3691 4741">
     <span class='ocr_line' id='line_1_103' title="bbox 2124 4666 3691 4741; baseline 0.011 -22"><span class='ocrx_word' id='word_1_673' title='bbox 2124 4666 2414 4736; x_wconf 88' lang='lat' dir='ltr'><strong>Evangelio</strong></span> <span class='ocrx_word' id='word_1_674' title='bbox 2458 4672 2712 4727; x_wconf 80' lang='lat' dir='ltr'><strong>exhibita</strong></span> <span class='ocrx_word' id='word_1_675' title='bbox 2746 4676 2991 4730; x_wconf 89' lang='lat' dir='ltr'><strong>veritatis</strong></span> <span class='ocrx_word' id='word_1_676' title='bbox 3032 4678 3185 4741; x_wconf 90' lang='lat' dir='ltr'><strong>luce,</strong></span> <span class='ocrx_word' id='word_1_677' title='bbox 3231 4680 3512 4735; x_wconf 81' lang='lat' dir='ltr'><strong>altissima</strong></span> <span class='ocrx_word' id='word_1_678' title='bbox 3563 4697 3691 4737; x_wconf 84' lang='lat' dir='ltr'><strong>con-</strong></span> 
     </span>
    </p>
   </div>
   <div class='ocr_carea' id='block_1_104' title="bbox 2122 4760 3693 4841">
    <p class='ocr_par' dir='ltr' id='par_1_104' title="bbox 2122 4760 3693 4841">
     <span class='ocr_line' id='line_1_104' title="bbox 2122 4760 3693 4841; baseline 0.013 -32"><span class='ocrx_word' id='word_1_679' title='bbox 2122 4760 2491 4826; x_wconf 86' lang='lat' dir='ltr'><strong>templationis</strong></span> <span class='ocrx_word' id='word_1_680' title='bbox 2565 4764 2886 4833; x_wconf 80' lang='lat' dir='ltr'><strong>compendio</strong></span> <span class='ocrx_word' id='word_1_681' title='bbox 2953 4767 3244 4824; x_wconf 89' lang='lat' dir='ltr'><strong>imbutus:</strong></span> <span class='ocrx_word' id='word_1_682' title='bbox 3296 4779 3457 4841; x_wconf 86' lang='lat' dir='ltr'><strong>atque</strong></span> <span class='ocrx_word' id='word_1_683' title='bbox 3498 4774 3693 4831; x_wconf 53' lang='lat' dir='ltr'><strong>vett-ris</strong></span> 
     </span>
    </p>
   </div>
   <div class='ocr_carea' id='block_1_105' title="bbox 2120 4848 3689 4932">
    <p class='ocr_par' dir='ltr' id='par_1_105' title="bbox 2120 4848 3689 4932">
     <span class='ocr_line' id='line_1_105' title="bbox 2120 4848 3689 4932; baseline 0.011 -31"><span class='ocrx_word' id='word_1_684' title='bbox 2120 4848 2493 4918; x_wconf 71' lang='lat' dir='ltr'><strong>fitiidamento,</strong></span> <span class='ocrx_word' id='word_1_685' title='bbox 2525 4869 2662 4909; x_wconf 91' lang='lat' dir='ltr'><strong>nova</strong></span> <span class='ocrx_word' id='word_1_686' title='bbox 2692 4855 2779 4910; x_wconf 91' lang='lat' dir='ltr'><strong>illa</strong></span> <span class='ocrx_word' id='word_1_687' title='bbox 2808 4859 3235 4926; x_wconf 81' lang='lat' dir='ltr'><strong>superadilicata</strong></span> <span class='ocrx_word' id='word_1_688' title='bbox 3254 4875 3406 4914; x_wconf 83' lang='lat' dir='ltr'><strong>sacra</strong></span> <span class='ocrx_word' id='word_1_689' title='bbox 3444 4864 3689 4932; x_wconf 85' lang='lat' dir='ltr'><strong>scientia,</strong></span> 
     </span>
    </p>
   </div>
   <div class='ocr_carea' id='block_1_106' title="bbox 2120 4941 3714 5020">
    <p class='ocr_par' dir='ltr' id='par_1_106' title="bbox 2120 4941 3714 5020">
     <span class='ocr_line' id='line_1_106' title="bbox 2120 4941 3714 5020; baseline 0.013 -28"><span class='ocrx_word' id='word_1_690' title='bbox 2120 4941 2300 4996; x_wconf 89' lang='lat' dir='ltr'><strong>omnis</strong></span> <span class='ocrx_word' id='word_1_691' title='bbox 2338 4942 2691 5011; x_wconf 87' lang='lat' dir='ltr'><strong>plenitudinis</strong></span> <span class='ocrx_word' id='word_1_692' title='bbox 2739 4948 3018 5017; x_wconf 84' lang='lat' dir='ltr'><strong>sapientia</strong></span> <span class='ocrx_word' id='word_1_693' title='bbox 3046 4949 3138 5004; x_wconf 88' lang='lat' dir='ltr'><strong>Dei</strong></span> <span class='ocrx_word' id='word_1_694' title='bbox 3168 4952 3471 5020; x_wconf 82' lang='lat' dir='ltr'><strong>vasculum,</strong></span> <span class='ocrx_word' id='word_1_695' title='bbox 3507 4958 3714 5013; x_wconf 84' lang='lat' dir='ltr'><strong>sedes--</strong></span> 
     </span>
    </p>
   </div>
   <div class='ocr_carea' id='block_1_107' title="bbox 2116 5033 3693 5115">
    <p class='ocr_par' dir='ltr' id='par_1_107' title="bbox 2116 5033 3693 5115">
     <span class='ocr_line' id='line_1_107' title="bbox 2116 5033 3693 5115; baseline 0.013 -30"><span class='ocrx_word' id='word_1_696' title='bbox 2116 5049 2223 5101; x_wconf 80' lang='lat' dir='ltr'><strong>que</strong></span> <span class='ocrx_word' id='word_1_697' title='bbox 2257 5033 2507 5092; x_wconf 80' lang='lat' dir='ltr'><strong>emcitur.</strong></span> <span class='ocrx_word' id='word_1_698' title='bbox 2544 5036 2600 5091; x_wconf 88' lang='lat' dir='ltr'><strong>In</strong></span> <span class='ocrx_word' id='word_1_699' title='bbox 2646 5039 2866 5095; x_wconf 87' lang='lat' dir='ltr'><strong>Christo</strong></span> <span class='ocrx_word' id='word_1_700' title='bbox 2894 5042 3115 5109; x_wconf 91' lang='lat' dir='ltr'><strong>quidem</strong></span> <span class='ocrx_word' id='word_1_701' title='bbox 3146 5056 3363 5098; x_wconf 87' lang='lat' dir='ltr'><strong>omnem</strong></span> <span class='ocrx_word' id='word_1_702' title='bbox 3402 5047 3693 5115; x_wconf 83' lang='lat' dir='ltr'><strong>plenitudi-</strong></span> 
     </span>
    </p>
   </div>
   <div class='ocr_carea' id='block_1_108' title="bbox 2114 5126 3687 5207">
    <p class='ocr_par' dir='ltr' id='par_1_108' title="bbox 2114 5126 3687 5207">
     <span class='ocr_line' id='line_1_108' title="bbox 2114 5126 3687 5207; baseline 0.012 -31"><span class='ocrx_word' id='word_1_703' title='bbox 2114 5139 2236 5177; x_wconf 87' lang='lat' dir='ltr'><strong>nem</strong></span> <span class='ocrx_word' id='word_1_704' title='bbox 2269 5126 2569 5195; x_wconf 85' lang='lat' dir='ltr'><strong>divinitatis</strong></span> <span class='ocrx_word' id='word_1_705' title='bbox 2599 5131 2951 5199; x_wconf 88' lang='lat' dir='ltr'><strong>corporaliter</strong></span> <span class='ocrx_word' id='word_1_706' title='bbox 2981 5131 3286 5188; x_wconf 88' lang='lat' dir='ltr'><strong>inhabitare</strong></span> <span class='ocrx_word' id='word_1_707' title='bbox 3326 5139 3595 5194; x_wconf 86' lang='lat' dir='ltr'><strong>credimus</strong></span> <span class='ocrx_word' id='word_1_708' title='bbox 3613 5143 3687 5207; x_wconf 81' lang='grc' dir='ltr'><strong>τ⁸;</strong></span> 
     </span>
    </p>
   </div>
   <div class='ocr_carea' id='block_1_109' title="bbox 2112 5215 3688 5291">
    <p class='ocr_par' dir='ltr' id='par_1_109' title="bbox 2112 5215 3688 5291">
     <span class='ocr_line' id='line_1_109' title="bbox 2112 5215 3688 5291; baseline 0.013 -24"><span class='ocrx_word' id='word_1_709' title='bbox 2112 5215 2166 5268; x_wconf 90' lang='lat' dir='ltr'><strong>in</strong></span> <span class='ocrx_word' id='word_1_710' title='bbox 2202 5217 2344 5272; x_wconf 88' lang='lat' dir='ltr'><strong>hunc</strong></span> <span class='ocrx_word' id='word_1_711' title='bbox 2371 5230 2574 5285; x_wconf 89' lang='lat' dir='ltr'><strong>autem,</strong></span> <span class='ocrx_word' id='word_1_712' title='bbox 2601 5232 2774 5276; x_wconf 90' lang='lat' dir='ltr'><strong>totum</strong></span> <span class='ocrx_word' id='word_1_713' title='bbox 2809 5236 2907 5291; x_wconf 86' lang='lat' dir='ltr'><strong>per</strong></span> <span class='ocrx_word' id='word_1_714' title='bbox 2930 5221 3193 5291; x_wconf 88' lang='lat' dir='ltr'><strong>Spiritum</strong></span> <span class='ocrx_word' id='word_1_715' title='bbox 3227 5228 3493 5286; x_wconf 83' lang='lat' dir='ltr'><strong>sentimus</strong></span> <span class='ocrx_word' id='word_1_716' title='bbox 3524 5230 3688 5286; x_wconf 82' lang='lat' dir='ltr'><strong>Chri-</strong></span> 
     </span>
    </p>
   </div>
   <div class='ocr_carea' id='block_1_110' title="bbox 2109 5319 2653 5367">
    <p class='ocr_par' dir='ltr' id='par_1_110' title="bbox 2109 5319 2653 5367">
     <span class='ocr_line' id='line_1_110' title="bbox 2109 5319 2653 5367; baseline 0.007 -4"><span class='ocrx_word' id='word_1_717' title='bbox 2109 5319 2253 5363; x_wconf 84' lang='lat' dir='ltr'><strong>stum</strong></span> <span class='ocrx_word' id='word_1_718' title='bbox 2294 5328 2653 5367; x_wconf 81' lang='lat' dir='ltr'><strong>commeasse.</strong></span> 
     </span>
    </p>
   </div>
   <div class='ocr_carea' id='block_1_111' title="bbox 2190 5401 3689 5488">
    <p class='ocr_par' dir='ltr' id='par_1_111' title="bbox 2190 5401 3689 5488">
     <span class='ocr_line' id='line_1_111' title="bbox 2190 5401 3689 5488; baseline 0.015 -35"><span class='ocrx_word' id='word_1_719' title='bbox 2190 5401 2362 5457; x_wconf 83' lang='lat' dir='ltr'><strong>Jonas</strong></span> <span class='ocrx_word' id='word_1_720' title='bbox 2412 5404 2631 5471; x_wconf 90' lang='lat' dir='ltr'><strong>quidem</strong></span> <span class='ocrx_word' id='word_1_721' title='bbox 2669 5406 2760 5461; x_wconf 91' lang='lat' dir='ltr'><strong>ille</strong></span> <span class='ocrx_word' id='word_1_722' title='bbox 2793 5408 3006 5462; x_wconf 82' lang='lat' dir='ltr'><strong>Amathi</strong></span> <span class='ocrx_word' id='word_1_723' title='bbox 3049 5410 3213 5481; x_wconf 86' lang='lat' dir='ltr'><strong>ﬁlius,</strong></span> <span class='ocrx_word' id='word_1_724' title='bbox 3243 5416 3689 5488; x_wconf 76' lang='lat' dir='ltr'><strong>Danielquoqtte.</strong></span> 
     </span>
    </p>
   </div>
   <div class='ocr_carea' id='block_1_112' title="bbox 2108 5495 3689 5578">
    <p class='ocr_par' dir='ltr' id='par_1_112' title="bbox 2108 5495 3689 5578">
     <span class='ocr_line' id='line_1_112' title="bbox 2108 5495 3689 5578; baseline 0.011 -31"><span class='ocrx_word' id='word_1_725' title='bbox 2108 5510 2171 5547; x_wconf 85' lang='lat' dir='ltr'><strong>ac</strong></span> <span class='ocrx_word' id='word_1_726' title='bbox 2204 5504 2313 5547; x_wconf 87' lang='lat' dir='ltr'><strong>tres</strong></span> <span class='ocrx_word' id='word_1_727' title='bbox 2366 5495 2551 5562; x_wconf 90' lang='lat' dir='ltr'><strong>pueri;</strong></span> <span class='ocrx_word' id='word_1_728' title='bbox 2585 5497 2735 5565; x_wconf 89' lang='lat' dir='ltr'><strong>prior</strong></span> <span class='ocrx_word' id='word_1_729' title='bbox 2777 5501 3017 5567; x_wconf 84' lang='lat' dir='ltr'><strong>quidem,</strong></span> <span class='ocrx_word' id='word_1_730' title='bbox 3062 5505 3253 5561; x_wconf 83' lang='lat' dir='ltr'><strong>bellua</strong></span> <span class='ocrx_word' id='word_1_731' title='bbox 3294 5512 3522 5564; x_wconf 82' lang='lat' dir='ltr'><strong>marina</strong></span> <span class='ocrx_word' id='word_1_732' title='bbox 3555 5523 3689 5578; x_wconf 79' lang='lat' dir='ltr'><strong>pro-</strong></span> 
     </span>
    </p>
   </div>
   <div class='ocr_carea' id='block_1_113' title="bbox 427 5561 3688 5671">
    <p class='ocr_par' dir='ltr' id='par_1_113' title="bbox 427 5561 3688 5671">
     <span class='ocr_line' id='line_1_113' title="bbox 427 5561 3688 5671; baseline 0.014 -58"><span class='ocrx_word' id='word_1_733' title='bbox 427 5573 527 5613; x_wconf 83' lang='lat' dir='ltr'><strong>sua</strong></span> <span class='ocrx_word' id='word_1_734' title='bbox 557 5561 797 5631; x_wconf 69' lang='lat' dir='ltr'><strong>ipsorum</strong></span> <span class='ocrx_word' id='word_1_735' title='bbox 824 5565 1094 5624; x_wconf 86' lang='lat' dir='ltr'><strong>desideria</strong></span> <span class='ocrx_word' id='word_1_736' title='bbox 1136 5570 1411 5627; x_wconf 83' lang='lat' dir='ltr'><strong>lubentius</strong></span> <span class='ocrx_word' id='word_1_737' title='bbox 1465 5576 1708 5637; x_wconf 87' lang='lat' dir='ltr'><strong>trahunt,</strong></span> <span class='ocrx_word' id='word_1_738' title='bbox 1744 5590 1903 5645; x_wconf 89' lang='lat' dir='ltr'><strong>quam</strong></span> <span class='ocrx_word' id='word_1_739' title='bbox 1952 5590 2010 5635; x_wconf 93' lang='lat' dir='ltr'><strong>ut</strong></span> <span class='ocrx_word' id='word_1_740' title='bbox 2104 5588 2283 5655; x_wconf 82' lang='lat' dir='ltr'><strong>jcctus</strong></span> <span class='ocrx_word' id='word_1_741' title='bbox 2309 5561 2375 5640; x_wconf 48' lang='lat' dir='ltr'><strong>&quot;ﬁ</strong></span> <span class='ocrx_word' id='word_1_742' title='bbox 2408 5588 2566 5653; x_wconf 88' lang='lat' dir='ltr'><strong>alter,</strong></span> <span class='ocrx_word' id='word_1_743' title='bbox 2587 5561 2737 5644; x_wconf 58' lang='lat' dir='ltr'><strong>esca</strong></span> <span class='ocrx_word' id='word_1_744' title='bbox 2778 5561 3030 5651; x_wconf 71' lang='lat' dir='ltr'><strong>leonibus</strong></span> <span class='ocrx_word' id='word_1_745' title='bbox 3069 5598 3123 5651; x_wconf 89' lang='lat' dir='ltr'><strong>in</strong></span> <span class='ocrx_word' id='word_1_746' title='bbox 3153 5599 3271 5654; x_wconf 90' lang='lat' dir='ltr'><strong>lacu</strong></span> <span class='ocrx_word' id='word_1_747' title='bbox 3302 5561 3688 5671; x_wconf 25' lang='lat' dir='ltr'><strong>dat—osamn-</strong></span> 
     </span>
    </p>
   </div>
   <div class='ocr_carea' id='block_1_114' title="bbox 498 5670 1055 5743">
    <p class='ocr_par' dir='ltr' id='par_1_114' title="bbox 498 5670 1055 5743">
     <span class='ocr_line' id='line_1_114' title="bbox 498 5670 1055 5743; baseline 0.02 -20"><span class='ocrx_word' id='word_1_748' title='bbox 498 5670 543 5743; x_wconf 78' lang='lat'><strong>&#39;_&#39;</strong></span> <span class='ocrx_word' id='word_1_749' title='bbox 567 5670 711 5726; x_wconf 82' lang='lat' dir='ltr'><strong>Psal.</strong></span> <span class='ocrx_word' id='word_1_750' title='bbox 746 5689 931 5743; x_wconf 71' lang='lat' dir='ltr'><strong>cuiu,</strong></span> <span class='ocrx_word' id='word_1_751' title='bbox 966 5680 1055 5733; x_wconf 74' lang='lat' dir='ltr'><strong>l8.</strong></span> 
     </span>
    </p>
   </div>
   <div class='ocr_carea' id='block_1_115' title="bbox 1154 5683 2016 5788">
    <p class='ocr_par' dir='ltr' id='par_1_115' title="bbox 1154 5683 2016 5788">
     <span class='ocr_line' id='line_1_115' title="bbox 1154 5683 2016 5751; baseline 0.006 -13"><span class='ocrx_word' id='word_1_752' title='bbox 1154 5683 1198 5713; x_wconf 81' lang='grc'><strong>⁶⁹</strong></span> <span class='ocrx_word' id='word_1_753' title='bbox 1229 5684 1395 5740; x_wconf 79' lang='lat' dir='ltr'><strong>Marc.-</strong></span> <span class='ocrx_word' id='word_1_754' title='bbox 1453 5704 1534 5751; x_wconf 86' lang='lat' dir='ltr'><strong>Ill,</strong></span> <span class='ocrx_word' id='word_1_755' title='bbox 1578 5689 1663 5741; x_wconf 83' lang='lat' dir='ltr'><strong>l7.</strong></span> <span class='ocrx_word' id='word_1_756' title='bbox 1744 5690 1788 5721; x_wconf 84' lang='grc'><strong>⁷⁸</strong></span> <span class='ocrx_word' id='word_1_757' title='bbox 1852 5692 1870 5745; x_wconf 91' lang='grc' dir='ltr'><strong>Ι</strong></span> <span class='ocrx_word' id='word_1_758' title='bbox 1918 5694 2016 5749; x_wconf 69' lang='lat' dir='ltr'><strong>(Io:</strong></span> 
     </span>
     <span class='ocr_line' id='line_1_116' title="bbox 1154 5753 1936 5788; baseline 0 0"><span class='ocrx_word' id='word_1_759' title='bbox 1154 5753 1201 5788; x_wconf 72' lang='grc' dir='ltr'><strong>ιι.</strong></span> <span class='ocrx_word' id='word_1_760' title='bbox 1254 5770 1345 5788; x_wconf 78' lang='grc' dir='ltr'><strong>ν...</strong></span> <span class='ocrx_word' id='word_1_761' title='bbox 1399 5760 1433 5788; x_wconf 78' lang='lat'><strong>0</strong></span> <span class='ocrx_word' id='word_1_762' title='bbox 1530 5759 1576 5788; x_wconf 72' lang='lat' dir='ltr'><strong>ﬂ</strong></span> <span class='ocrx_word' id='word_1_763' title='bbox 1614 5761 1737 5788; x_wconf 55' lang='lat' dir='ltr'><strong>Iann&#39;</strong></span> <span class='ocrx_word' id='word_1_764' title='bbox 1776 5776 1846 5788; x_wconf 76' lang='grc' dir='ltr'><strong>..η</strong></span> <span class='ocrx_word' id='word_1_765' title='bbox 1904 5765 1936 5788; x_wconf 88' lang='lat' dir='ltr'><strong>n</strong></span> 
     </span>
    </p>
   </div>
   <div class='ocr_carea' id='block_1_116' title="bbox 2121 5683 3681 5788">
    <p class='ocr_par' dir='ltr' id='par_1_116' title="bbox 2121 5690 3681 5788">
     <span class='ocr_line' id='line_1_117' title="bbox 2121 5690 3681 5788; baseline 0.013 -39"><span class='ocrx_word' id='word_1_766' title='bbox 2121 5716 2196 5788; x_wconf 41' lang='grc'><strong>[1,.</strong></span> <span class='ocrx_word' id='word_1_767' title='bbox 2227 5700 2362 5788; x_wconf 57' lang='grc' dir='ltr'><strong>Ηλη</strong></span> <span class='ocrx_word' id='word_1_768' title='bbox 2392 5701 2435 5731; x_wconf 73' lang='grc'>⁷⁸</span> <span class='ocrx_word' id='word_1_769' title='bbox 2461 5702 2581 5788; x_wconf 50' lang='lat' dir='ltr'><strong>&#39;l&#39;sa.</strong></span> <span class='ocrx_word' id='word_1_770' title='bbox 2631 5719 2703 5767; x_wconf 78' lang='lat' dir='ltr'><strong>vr,</strong></span> <span class='ocrx_word' id='word_1_771' title='bbox 2738 5706 3006 5788; x_wconf 35' lang='lat' dir='ltr'><strong>lfcqq.»</strong></span> <span class='ocrx_word' id='word_1_772' title='bbox 3032 5713 3081 5745; x_wconf 80' lang='grc'>’³</span> <span class='ocrx_word' id='word_1_773' title='bbox 3106 5690 3389 5788; x_wconf 14' lang='grc' dir='ltr'><strong>εῑεειρᾷι.</strong></span> <span class='ocrx_word' id='word_1_774' title='bbox 3433 5716 3498 5769; x_wconf 79' lang='lat' dir='ltr'><strong>l8</strong></span> <span class='ocrx_word' id='word_1_775' title='bbox 3530 5731 3681 5788; x_wconf 73' lang='lat' dir='ltr'><strong>seqq.</strong></span> 
     </span>
    </p>
   </div>
   <div class='ocr_carea' id='block_1_117' title="bbox 426 5738 3513 5859">
    <p class='ocr_par' dir='ltr' id='par_1_117' title="bbox 426 5738 3513 5859">
     <span class='ocr_line' id='line_1_118' title="bbox 426 5738 3513 5859; baseline 0.016 -65"><span class='ocrx_word' id='word_1_776' title='bbox 426 5739 472 5771; x_wconf 85' lang='lat'><strong>&quot;</strong></span> <span class='ocrx_word' id='word_1_777' title='bbox 494 5738 690 5798; x_wconf 76' lang='lat' dir='ltr'><strong>Ezech.</strong></span> <span class='ocrx_word' id='word_1_778' title='bbox 715 5760 761 5810; x_wconf 87' lang='lat' dir='ltr'><strong>.I,</strong></span> <span class='ocrx_word' id='word_1_779' title='bbox 791 5747 882 5801; x_wconf 72' lang='lat'><strong>27.</strong></span> <span class='ocrx_word' id='word_1_780' title='bbox 917 5738 927 5743; x_wconf 56' lang='grc'><em>’</em></span> <span class='ocrx_word' id='word_1_781' title='bbox 958 5749 1002 5781; x_wconf 66' lang='grc'>⁸⁸</span> <span class='ocrx_word' id='word_1_782' title='bbox 1028 5750 1224 5807; x_wconf 86' lang='lat' dir='ltr'><strong>Ezech.</strong></span> <span class='ocrx_word' id='word_1_783' title='bbox 1254 5738 1745 5838; x_wconf 15' lang='lat' dir='ltr'><strong>vmﬁ,‘2.n&#39;“7l)an&#39;.</strong></span> <span class='ocrx_word' id='word_1_784' title='bbox 1776 5738 1872 5827; x_wconf 62' lang='lat' dir='ltr'><strong>vn,</strong></span> <span class='ocrx_word' id='word_1_785' title='bbox 1904 5738 2077 5821; x_wconf 48' lang='grc' dir='ltr'><strong>ξίωῆ</strong></span> <span class='ocrx_word' id='word_1_786' title='bbox 2330 5770 2380 5826; x_wconf 88' lang='lat'><strong>9.</strong></span> <span class='ocrx_word' id='word_1_787' title='bbox 2461 5738 3513 5859; x_wconf 40' lang='lat' dir='ltr'><strong>t&#39;i‘iéuf&#39;is,&#39;£cqlvj&#39;oiﬁﬁf&#39;mxémﬁ.</strong></span> 
     </span>
    </p>
   </div>
   <div class='ocr_carea' id='block_1_118' title="bbox 3870 0 3924 3949">
    <p class='ocr_par' dir='ltr' id='par_1_118' title="bbox 3874 0 3905 2123">
     <span class='ocr_line' id='line_1_119' title="bbox 3874 0 3894 577; baseline 0 0"><span class='ocrx_word' id='word_1_788' title='bbox 3874 0 3894 577; x_wconf 68' lang='grc' dir='ltr'><strong>ε</strong></span> 
     </span>
     <span class='ocr_line' id='line_1_120' title="bbox 3878 586 3899 1485; baseline 0 -22"><span class='ocrx_word' id='word_1_789' title='bbox 3878 586 3899 1295; x_wconf 69' lang='grc' dir='ltr'><strong>ἶ</strong></span> 
     </span>
     <span class='ocr_line' id='line_1_121' title="bbox 3888 1490 3905 2123; baseline 0 -60"><span class='ocrx_word' id='word_1_790' title='bbox 3888 1490 3905 1933; x_wconf 73' lang='grc' dir='ltr'><strong>ι</strong></span> 
     </span>
    </p>
   </div>
  </div>
