3924 6312
186 384 275 448 185

858 372 1139 436 ORATIO
1163 371 1294 431 xx.
1332 395 1403 407 —
1421 370 1502 431 IN
1527 371 1840 431 LAUDEM
1879 370 1940 429 s.
1978 352 2352 431 esseom
2379 374 2654 437 THEOL.

3265 340 3375 446 tas

176 495 369 557 streml,
405 490 458 543 in
514 490 785 544 fornacem
829 488 968 556 ignis
1016 487 1217 553 injecti,
1270 485 1463 537 horum
1516 485 1710 553 singuli
1743 498 1787 550 Α
1819 491 2075 551 tanquam
2112 474 2270 549 plan’c
2314 488 2718 554 exercitatione,
2747 504 2868 559 qua
2892 490 2957 549 ad
2984 491 3233 559 pietatem
3279 496 3379 549 du-

173 582 445 639 oratoriam
476 581 694 633 domum
720 580 784 644 ";
811 578 996 642 Jonas,
1024 566 1233 640 cetum;
1268 575 1475 637 Daniel.
1509 576 1706 641 lacum;

170 686 269 729 tres
291 673 457 741 pueri,
496 672 769 726 fornacem
795 669 1107 724 cﬂ'ecerant.
1145 666 1517 721 Precabant'ur
1536 667 1705 731 enim,

170 774 223 818 ut
255 765 486 832 ipsorum
526 763 631 815 vita
670 761 737 813 ab
777 757 1337 827 interitione‘labeque
1377 766 1707 827 emergeret;

171 855 525 908 liberationem
577 851 825 921 precibus
850 851 1245 919 exposcebant;
1280 858 1334 904 et
1361 864 1491 903 vero
1525 844 1711 904 divino

166 956 287 996 nutu
338 945 723 1005 obtinuerunt;
765 940 950 1003 Jonas,
990 956 1021 993 e
1064 949 1218 1004 ceto;
1250 940 1457 1000 Daniel,
1490 956 1521 993 e
1552 940 1708 1001 lacu;

164 1033 305 1105 pueri
356 1043 483 1096 tres,
511 1048 540 1083 e
584 1030 800 1084 fornace
840 1031 979 1099 ignis
1009 1030 1240 1083 liberati.
1278 1029 1571 1100 Gregorius
1614 1043 1712 1081 au—

162 1133 285 1183 tem,
315 1130 427 1173 tum
458 1120 708 1183 bestiam,
738 1129 850 1172 tum
882 1120 1082 1183 lacum,
1122 1130 1343 1188 tumque
1365 1120 1504 1189 ignis
1531 1119 1712 1173 forna-

156 1227 292 1275 cem,
324 1226 519 1279 corpus
551 1210 887 1273 existimans,
952 1210 1303 1279 corporisque
1330 1212 1533 1265 malum
1564 1211 1715 1265 habi-

163 1310 290 1362 tum,
337 1316 430 1353 seu
479 1302 597 1366 ejus
631 1310 885 1370 aegrotam
919 1300 1320 1363 valetudinem,
1356 1313 1520 1370 atque
1558 1302 1708 1367 vitia,

160 1404 271 1458 qua:
303 1391 485 1443 animo
512 1391 673 1444 etiam
720 1405 932 1444 summe
965 1390 1305 1458 philosopho,
1345 1406 1410 1445 ac
1448 1401 1692 1446 comtem.

158 1470 389 1545 [natione
436 1478 847 1548 provectissimo
895 1479 1226 1548 quandoque
1277 1481 1580 1533 molestiam
1634 1480 1715 1534 la-

155 1570 315 1633 ciant,
350 1570 763 1640 divinorumque
810 1586 830 1620 r
872 1578 930 1623 ut
981 1570 1154 1638 ipsius
1196 1572 1374 1625 verbis
1433 1582 1555 1624 utar
1602 1571 1713 1640 (15)

150 1661 199 1712 ei
225 1632 498 1727 radiorum,
517 1661 686 1715 lucem
704 1670 955 1729 tanquam
976 1660 1251 1730 interjecta
1270 1662 1436 1714 nubes
1454 1663 1715 1727 adimant,

158 1749 237 1802 his
296 1759 549 1818 tanquam
609 1750 836 1805 vinculis
876 1751 1077 1803 exsolvi
1130 1750 1381 1819 precibus
1421 1752 1488 1804 ad
1549 1750 1715 1805 Deum

1817 574 1918 633 cit.
1950 572 2213 642 aequalis;
2256 588 2318 627 ac
2371 578 2588 633 demum
2639 583 2894 637 societate
2934 598 3058 652 cum
3102 585 3378 653 omnibus,

1817 662 2085 716 universis
2109 662 2471 729 conjunctus;
2508 675 2667 736 atque
2694 683 2812 722 eam
2844 668 2980 725 forte
3005 671 3075 725 ob
3101 687 3214 725 rem
3245 688 3380 726 cun-

1816 752 1921 804 ctis
1960 750 2122 804 altius
2158 752 2487 818 collocatus,
2534 754 2601 808 ad
2647 757 2816 824 ipsam
2861 772 2994 826 pure
3030 758 3378 827 purissimam

1827 839 2147 894 Trinitatem
2182 843 2400 918 propior
2441 845 2650 898 accedit
2673 885 2688 907 ,
2720 858 2879 915 atque
2910 849 2977 902 ab
3015 864 3101 913 ea,
3150 851 3380 918 ejusque

1817 930 2206 1000 benignissima
2252 932 2565 1001 largitione,
2594 936 2817 1002 justitize
2849 954 3103 992 coronam
3138 941 3334 1010 accipit
3361 957 3376 1004 ;

1818 1022 1948 1086 quin
1992 1022 2139 1075 illam
2202 1023 2374 1090 ipsam
2435 1034 2629 1078 ornatu
2703 1042 2915 1080 omnem
2982 1033 3241 1083 mundum
3286 1046 3377 1084 su-

1820 1120 2064 1179 perante,
2111 1112 2618 1168 immarcescibilem
2667 1118 3123 1183 corommgloria:
3181 1120 3376 1174 induit.

1891 1221 2323 1285 Decebar'enim,
2358 1235 2417 1278 ut
2459 1226 2550 1294 qui
2586 1234 2762 1295 tantos
2806 1226 2951 1281 illius
2981 1230 3150 1296 gratia
3180 1246 3381 1297 agones

1822 1310 1875 1363 in
1905 1322 2049 1366 terra
2078 1314 2420 1377 desudasset,
2468 1315 2638 1383 ipsam
2686 1316 2738 1368 in
2773 1318 2927 1370 caelis
2952 1319 3097 1371 velut
3126 1333 3384 1373 coronam

1819 1402 2040 1471 gloria},
2090 1421 2153 1458 ac
2197 1407 2420 1476 dignum
2464 1407 2708 1460 victoriae
2750 1409 3032 1475 praemium
3082 1412 3382 1478 acciperet;

1821 1503 1982 1561 atque
2024 1496 2069 1549 is
2098 1498 2187 1565 qui
2226 1503 2322 1565 pro
2354 1513 2418 1551 ea
2451 1498 2728 1569 laboribus
2759 1499 3067 1563 defunctus,
3091 1509 3250 1568 atque
3290 1500 3389 1551 ιιι.-

1822 1583 1966 1637 milis
2012 1586 2361 1655 abjectusque
2396 1587 2626 1641 ellectus
2657 1596 2824 1646 esset.
2863 1588 3103 1640 laborum
3147 1603 3267 1640 eam
3303 1603 3389 1641 re-

1824 1672 2135 1727 missionem
2179 1690 2241 1729 ac
2276 1678 2656 1731 exaltationem
2718 1679 3001 1731 inveniret.
3049 1677 3304 1741 Docebat,
3334 1686 3393 1732 ut

1823 1764 1916 1832 qui
1955 1779 2053 1832 pro
2108 1765 2374 1834 Unigeniti
2427 1758 2630 1837 gloria,
2671 1782 2735 1821 ac
2790 1766 3023 1836 Spiritus
3082 1768 3391 1837 :rqualitate

155 1837 427 1905 ﬂagitabat
452 1857 467 1905 ;
503 1855 566 1895 ac
594 1856 716 1894 cum
754 1841 962 1895 solvere
986 1840 1336 1904 desideraret,
1371 1850 1421 1894 et
1450 1855 1572 1895 csse
1596 1855 1719 1894 cum

1833 1868 2037 1906 omnem
2087 1854 2325 1909 laborem
2356 1871 2765 1925 aerumnamque
2804 1858 3080 1926 proclivis,
3112 1858 3389 1927 suscepis—

154 1927 370 1982 Christo
397 1971 413 1992 ,
462 1930 939 1996 ingemiscehat”,
975 1930 1430 1999 quemadmodum
1490 1946 1718 1998 magnus

153 2016 471 2079 Apostolus,
517 2028 791 2083 gravatus,
840 2034 924 2083 ac,
975 2018 1116 2072 sicut
1158 2018 1266 2090 ille,
1349 2018 1716 2076 habitaculum

151 2100 298 2169 quod
329 2100 397 2156 de
423 2102 569 2156 crnlo
593 2110 696 2169 est,
728 2103 881 2159 indui
920 2104 1145 2173 cupiens
1169 2104 1234 2159 ⁸¹.
1316 2104 1319 2109 ’

221 2232 512 2290 Enimvero
544 2235 707 2289 etiam
732 2235 875 2305 quod
910 2237 1158 2304 precibus
1186 2236 1509 2308 enitebatur,
1536 2252 1597 2291 ac
1621 2253 1719 2291 cu-

153 2322 323 2390 pienti
358 2324 408 2376 in
439 2326 575 2378 Votis
613 2335 749 2391 erat,
773 2328 878 2380 hoc
919 2327 1300 2395 consequitur;
1346 2331 1509 2395 inque
1578 2328 1717 2381 bona

152 2425 217 2462 ac
264 2412 451 2480 pingui
500 2421 779 2468 senectute
802 2414 872 2479 ⁸⁸,
913 2416 1080 2468 vitam
1114 2415 1307 2481 solvit;
1342 2429 1406 2468 ac
1436 2429 1560 2468 cum
1606 2415 1719 2483 pri-

153 2498 275 2550 dem
317 2512 444 2551 snas
464 2512 655 2553 omnes
679 2500 801 2553 vitae
829 2501 1066 2555 rationes
1104 2501 1158 2554 in
1180 2502 1377 2555 cmlum
1406 2503 1718 2556 transtulis-

156 2593 239 2639 set
266 2586 341 2650 ,⁸³,
372 2586 560 2656 utique
591 2587 755 2642 etiam
785 2602 851 2643 eo
880 2590 1223 2658 commigrat.
1251 2592 1328 2643 Ac
1357 2590 1571 2657 quidem
1601 2604 1722 2643 cor-

159 2690 279 2740 pus,
309 2675 535 2744 utquod
569 2686 710 2732 terra
742 2687 907 2743 esset,
937 2687 1077 2733 terra
1114 2680 1470 2750 obtegendum
1495 2688 1718 2747 paterno

155 2766 211 2819 in
243 2767 450 2822 tumulo
492 2767 739 2835 dimittit;
778 2784 843 2823 ac
867 2784 990 2823 cum
1022 2786 1085 2823 ex
1115 2769 1317 2825 tabulis
1355 2770 1587 2824 cavisset
1616 2770 1718 2823 sub

152 2873 267 2912 uno
313 2858 694 2913 occult'andum
748 2860 962 2929 lapide,
997 2863 1248 2929 spiritum
1302 2862 1356 2915 in
1400 2861 1516 2929 ejus
1547 2862 1719 2931 depo-

158 2963 291 3003 nens
317 2965 511 3004 manus
538 2951 632 3020 qui
667 2937 961 3006 tradiderat
998 2952 1067 3009 “.
1092 2954 1157 3006 ad
1184 2954 1360 3020 ipsum
1381 2938 1718 3005 incontami-

157 3048 287 3093 nato
328 3041 510 3094 animo
539 3042 759 3096 transit.
790 3042 867 3095 Ac
897 3042 1039 3097 sicut
1068 3057 1284 3101 sacrum
1319 3024 1420 3095 vas"
1438 3041 1719 3095 electionis

158 3132 377 3185 divinus
403 3130 601 3187 Paulus
633 3132 701 3195 ⁸⁸,
735 3132 1081 3188 divinissimo
1122 3133 1325 3187 Christi
1352 3148 1514 3193 sensu
1546 3131 1721 3200 reple-

163 3227 273 3275 tul.
294 3232 390 3286 per
409 3232 532 3271 eum
564 3232 671 3270 non
703 3233 734 3272 e
762 3227 927 3283 terra,
947 3219 1040 3273 sed
1064 3234 1095 3273 e
1121 3219 1261 3275 cosio
1284 3223 1528 3282 vocatus,
1562 3219 1727 3286 inque

157 3304 335 3358 lucem
377 3296 617 3374 gentium
647 3302 716 3369 ⁸⁸,
760 3319 825 3360 ac
869 3314 1024 3361 terra:
1060 3306 1290 3360 salutem
1327 3306 1560 3371 missus;
1601 3318 1726 3360 cum

160 3396 351 3452 multis
399 3396 686 3453 defunctus
723 3398 979 3466 periculis
1011 3408 1176 3468 atque
1200 3399 1482 3464 aerumnis,
1513 3398 1606 3451 Dci
1636 3412 1726 3451 sa-

162 3485 343 3542 lutare
369 3486 717 3568 Evangeli'um
760 3489 1077 3544 mortalibus
1107 3489 1472 3557 prmdicasset,
1495 3487 1725 3541 bonum-

160 3594 271 3647 que
316 3587 590 3633 certamen
625 3579 861 3649 legitime
897 3589 1190 3653 certasset,
1219 3572 1475 3633 coronam
1504 3578 1727 3646 iustitiae

163 3677 489 3723 consecutus
513 3678 597 3722 est
614 3668 662 3699 ⁸⁷
680 3686 695 3735 ;
713 3670 912 3740 pariter
929 3670 1090 3723 ctiam
1133 3670 1277 3723 illius
1302 3668 1570 3737 perlectus
1603 3669 1727 3721 imi—

163 3770 309 3835 lator
334 3759 538 3814 altioris
560 3760 697 3814 cmlo
723 3759 1003 3831 Trinitatis
1027 3771 1157 3815 nutu
1180 3762 1246 3815 ad
1279 3760 1516 3813 divinam
1553 3758 1730 3814 Theo-

167 3850 365 3919 logiam
410 3860 655 3917 vocatus,
701 3866 765 3904 ac
826 3866 951 3905 cum
989 3850 1103 3919 ipse
1152 3865 1369 3921 quoque
1422 3866 1517 3920 per
1562 3851 1728 3904 multa

168 3941 405 4009 pericula
434 3941 671 3995 divinam
713 3941 861 3996 omni
898 3940 1159 4010 majorem
1197 3942 1434 3995 essentia
1486 3939 1733 3994 Consob-

170 4030 571 4085 stautialitatcm
634 4032 1043 4096 annuntiasset,
1095 4030 1406 4101 bonumque
1476 4032 1733 4100 praeclare

172 4131 439 4175 certamen
475 4128 756 4183 certasset,
791 4136 856 4174 ac
900 4120 1221 4174 inoll'ensutn
1261 4122 1477 4190 pietatls
1508 4135 1731 4174 cursum

168 4220 618 4278 consummasset,
648 4222 981 4289 vrectamque
1034 4222 1299 4265 accuratae
1344 4210 1464 4265 lidei
1490 4212 1728 4280 regulam

174 4312 459 4369 servasset,
490 4319 521 4358 a
551 4304 736 4369 rebus,
763 4319 881 4372 quae
924 4306 976 4357 in
1025 4312 1303 4373 aspectum
1328 4303 1529 4357 cadunt
1579 4304 1731 4357 solu-

177 4403 287 4459 tus,
323 4395 404 4448 his
436 4409 558 4462 qua:
589 4400 766 4447 mente
799 4382 1532 4462 intelliguntiir,copulatur;
1571 4402 1733 4461 atque

181 4499 395 4553 peregre
426 4499 456 4537 a
490 4483 698 4538 mundo
731 4480 1101 4552 proﬁciscens,
1144 4478 1251 4535 Deo
1286 4495 1521 4547 praesens
1570 4482 1738 4536 cilici-

182 4585 288 4639 tur,
311 4590 374 4629 ac
396 4585 651 4643 tanquam
684 4589 839 4629 mens
872 4574 1208 4643 incorrupta,
1247 4574 1572 4643 incorruptis
1596 4589 1742 4626 uten-

184 4665 326 4719 tibus
354 4676 652 4734 eoaptatur.

261 4778 425 4835 Velut
453 4779 673 4848 sapiens
712 4776 1040 4849 patriarcha,
1067 4776 1417 4843 patriarchis;
1448 4777 1594 4830 velut
1619 4790 1742 4845 pro-

190 4873 394 4942 phetica
433 4870 642 4941 pollens
681 4869 871 4940 gratia,
906 4867 1211 4935 prophetis;
1243 4881 1309 4920 ac
1350 4868 1567 4935 quidem
1609 4880 1743 4934 apo-

192 4964 336 5018 stolis
368 4964 570 5026 unirur,
595 4972 851 5029 tanquam
884 4957 1175 5024 apostolica
1215 4958 1446 5011 maxime
1476 4958 1579 5010 vita
1610 4972 1744 5025 prec-

195 5053 427 5122 l‘ulgens;
459 5054 631 5113 sacris
660 5050 982 5121 praesulibus
1011 5063 1074 5102 ac
1115 5044 1448 5108 doctoribus,
1482 5054 1739 5113 tanquam

196 5145 533 5207 sacerrimus,
550 5142 907 5210 doctrinaque
924 5137 1226 5209 praecipuus
1255 5145 1415 5205 atque
1438 5136 1741 5200 maximus;

196 5245 253 5285 ac
303 5232 518 5301 quiicm
569 5230 917 5298 martyribus.
974 5226 1229 5296 tanquam
1277 5225 1553 5277 Trinitatis
1598 5226 1745 5277 testi-

199 5324 369 5376 monio
398 5322 505 5376 illis
528 5336 781 5390 compar;
806 5320 970 5397 justis
996 5327 1196 5382 autem,
1237 5332 1300 5372 ac
1320 5315 1744 5379 conlcssoribus,

270 5498 309 5529 "
339 5496 467 5551 Dan.
500 5510 579 5563 tu,
606 5494 696 5549 23.
799 5496 844 5525 ⁸⁸
879 5496 1106 5563 Philipp.
1144 5509 1184 5555 I,
1236 5492 1327 5546 23.

1431 5490 1472 5522 ’“
1501 5488 1541 5542 ll
1568 5487 1692 5543 Cor.
1766 5500 1819 5551 v,
1856 5488 1916 5541 Ξ.

1824 1952 1924 2006 set,
1952 1959 2137 1998 eorum
2186 1960 2405 2014 quoque
2447 1946 2693 2001 claritate
2733 1948 2787 1999 in
2824 1949 3213 2015 sempiternum
3252 1961 3389 2017 pra:-

1812 2031 2080 2101 “fulgeret.

1894 2142 2086 2196 Divino
2118 2124 2244 2194 olim
2278 2134 2547 2210 proditum
2573 2143 2799 2195 oraculo
2826 2130 2929 2207 est,
2962 2142 3243 2196 Eum-hum
3281 2144 3392 2197 Deo

1823 2233 2111 2301 placuisse,
2134 2228 2199 2287 ac
2237 2232 2401 2287 carne
2430 2234 2753 2286 translatum
2788 2248 2910 2287 esse
2933 2233 3014 2298 ⁸⁸,
3045 2250 3236 2301 nempe
3274 2236 3391 2287 exi-

1823 2333 1942 2394 gua:
1984 2324 2129 2377 illius
2197 2321 2289 2377 Dei
2346 2323 2549 2377 notitia:
2579 2324 2801 2393 praemio
2839 2324 2893 2377 id
2929 2336 3302 2389 consecutum,
3335 2335 3396 2392 ut

1825 2415 1899 2468 ita
1946 2413 2356 2467 transferretur.
2400 2412 2605 2469 Deinde
2648 2413 3035 2469 otiamEliam
3083 2415 3393 2471 Thesbiten

1824 2503 2109 2573 magniﬁce
2133 2513 2471 2574 assumptum
2512 2518 2634 2558 cum
2666 2518 2893 2572 corpore
2926 2504 2993 2556 ".
3026 2496 3217 2573 lgneus
3245 2506 3394 2559 enim

1822 2609 2037 2655 currus,
2067 2609 2130 2647 ac
2153 2596 2282 2668 equi
2312 2594 2451 2663 ignei
2491 2594 2758 2655 tollentes,
2795 2609 2901 2665 non
2935 2594 2990 2647 in
3020 2596 3245 2659 ccelum,
3274 2596 3394 2660 sed,

1821 2686 1965 2739 velut
1996 2687 2047 2738 in
2092 2685 2311 2746 rmlnm,
2344 2686 2547 2751 auriga:
2596 2685 2767 2737 instar
2802 2699 2926 2737 eum
2961 2696 3396 2753 assumpserunt.

1821 2776 1888 2831 Ut
1939 2774 2258 2845 Gregorius,
2289 2776 2379 2843 qui
2418 2785 2567 2828 tanto
2607 2775 2991 2842 prtestantiori,
3032 2789 3096 2827 ac
3138 2774 3399 2841 majorem

1823 2867 2054 2919 habente
2088 2865 2498 2920 admirationem
2538 2862 2798 2930 obsequio
2848 2861 3144 2930 plaetlisset
3203 2860 3403 2915 Deum-

1821 2970 1928 3023 que
1944 2952 2327 3013 dcmeruisset,
2364 2960 2570 3019 quanto
2603 2950 2733 3004 lldes
2767 2965 2888 3019 qua:
2926 2957 3008 3003 est
3038 2950 3281 3009 veritate,
3310 2950 3403 3003 illa

1774 3078 1782 3083 -
1824 3044 2112 3113 perfectior
2144 3056 2224 3097 est
2248 3060 2367 3111 qua:
2413 3042 2465 3095 in
2509 3042 2723 3125 umbris
2762 3044 2935 3109 posita
2980 3051 3085 3105 est,
3119 3041 3231 3109 ipse
3260 3053 3402 3108 quo-

1752 3171 1795 3228 ο
1825 3150 1929 3203 que
1971 3136 2034 3187 ad
2087 3132 2372 3186 Dominum
2423 3133 2781 3198 commigrat,
2817 3140 2980 3199 atque
3030 3130 3401 3185 transfertur:

1832 3239 2005 3293 neque
2035 3224 2085 3277 id
2112 3239 2275 3277 curru
2313 3223 2467 3290 igneo
2496 3236 2618 3274 cum
2654 3236 2881 3289 corpore
2908 3229 3091 3273 vectus
3111 3262 3125 3285 ,
3150 3220 3243 3274 sed
3274 3234 3403 3273 cum

1829 3316 2007 3372 adhuc
2057 3314 2110 3367 in
2154 3301 2759 3381 corpore’versaretur,
2800 3310 3093 3363 virtutibus
3144 3319 3401 3378 tauquam

1828 3422 1991 3461 curru
2029 3405 2082 3459 in
2109 3405 2304 3458 malum
2337 3404 2648 3462 tollebatur,
2698 3402 2931 3469 altisque
2988 3400 3152 3453 animi
3202 3400 3403 3470 sensis,

1825 3512 1892 3553 ac
1930 3496 2505 3563 contemplationibus,
2539 3496 2605 3545 ad
2656 3492 2993 3544 Altissimum
3036 3484 3285 3544 sublimis
3314 3504 3411 3543 as-

1830 3595 2100 3652 sumptus.
2149 3592 2316 3650 atque
2360 3581 2619 3644 evadens,
2663 3578 3051 3655 revelationum
3089 3576 3407 3631 excellentia

1818 3675 1942 3730 .Deo
1972 3673 2299 3737 excedebat;
2325 3677 2509 3740 postea
2542 3678 2722 3722 autem
2754 3682 2977 3736 peregre
3028 3664 3203 3719 laetus
3228 3679 3259 3717 a
3282 3678 3408 3719 cor-

1831 3780 1984 3836 pore,
2016 3765 2351 3830 omninoque
2382 3761 2448 3815 ad
2487 3760 2777 3821 Dominum
2860 3772 3020 3811 suum
3083 3755 3407 3825 migratione

1837 3871 1868 3909 e
1884 3855 1995 3907 vita
2012 3851 2309 3923 profectus,
2334 3850 2587 3904 omnibus
2604 3862 2726 3901 cum
2759 3846 3212 3915 supermundanis
3237 3843 3405 3897 virtu-

1836 3940 1981 3999 tibus
2012 3941 2207 3995 altiore
2227 3955 2391 4008 quam
2425 3952 2522 4007 pro
2561 3935 2748 3999 mundi
2779 3936 2987 3987 ratione
3010 3932 3164 3987 cultu
3196 3932 3407 4000 stipan—

1832 4034 2002 4094 tibus,
2034 4047 2099 4085 ac
2122 4029 2319 4084 festive
2350 4026 2747 4094 excipientibus
2778 4023 3179 4092 augustissima
3217 4035 3405 4075 coram

1836 4121 2088 4175 Trinitati
2121 4118 2321 4173 eximia
2369 4100 2695 4185 praefulgens
2724 4111 2969 4166 claritate
3006 4099 3250 4179 apparet.

1905 4227 2130 4292 Verum,
2160 4242 2194 4282 ο
2217 4224 2412 4280 mentis
2465 4223 2610 4276 illius
2648 4232 2857 4287 magna:
2886 4219 3182 4290 primaeque
3222 4234 3289 4275 ac
3318 4219 3409 4275 di-

1833 4319 2131 4375 vinissima:
2162 4310 2426 4385 discipule
2464 4328 2529 4367 ac
2577 4312 2769 4377 cultor,
2831 4310 3031 4365 mentis
3077 4311 3409 4380 perspicaci-

1836 4421 1945 4467 tate
1979 4412 2211 4464 maxima
2236 4407 2478 4477 praedite.
2506 4404 2552 4458 0
2594 4403 2755 4458 Verbi
2783 4404 2929 4458 illius
2956 4400 3084 4465 vivi,
3113 4403 3260 4471 quod
3290 4402 3407 4471 pri-

1846 4512 1944 4558 mae
1991 4503 2157 4556 menti
2190 4516 2254 4555 ac
2285 4499 2430 4552 Patri
2457 4498 2685 4565 unigena
2714 4502 2816 4559 est,
2843 4509 2907 4548 ac
2931 4494 3284 4562 conjunctum
3317 4508 3415 4545 ua-

1820 4606 2003 4659 tura,
2046 4583 2223 4663 praeco
2283 4603 2348 4643 ac
2390 4590 2578 4645 doctor
2631 4582 3108 4651 el0qnentissime!
3148 4580 3194 4635 Ο
3241 4582 3413 4635 divini

1846 4684 2102 4754 Spiritus,
2130 4682 2223 4751 qui
2250 4695 2373 4735 cum
2399 4678 2557 4733 Patre
2582 4687 2635 4731 et
2655 4677 2808 4739 Filio,
2836 4672 3189 4742 ejusdemque
3220 4671 3414 4725 classis

1845 4788 2008 4845 atque
2029 4774 2235 4829 ordinis
2264 4782 2600 4833 numeratur,
2625 4766 3019 4837 spiritalissime
3044 4777 3107 4815 ac
3159 4762 3416 4815 illustris-

1845 4868 1982 4919 sime
2008 4866 2287 4925 adorator,
2318 4860 2731 4927 clarissimeque
2769 4870 2832 4908 ac
2873 4868 3086 4909 summe
3117 4852 3413 4919 conspicue

1846 4955 2149 5024 Theologe!
2184 4955 2227 5008 0
2256 4954 2347 5023 qui
2381 4953 2580 5026 diserte
2604 4949 2778 5011 nobis,
2803 4962 2867 5000 ac
2904 4945 3135 4999 dilucide
3170 4940 3411 4995 Trinita-

1848 5056 1954 5099 tem
1984 5045 2034 5096 in
2064 5045 2288 5104 unitate,
2321 5057 2386 5095 ac
2412 5042 2673 5094 unitatem
2710 5037 2762 5090 in
2788 5034 3054 5091 Trinitate
3080 5032 3409 5087 adorandum
3479 5037 3485 5047 '

1852 5132 2020 5188 Deum
2052 5131 2308 5185 edisserls
2331 5147 2347 5196 ;
2389 5133 2503 5183 haec
2526 5142 2646 5203 qua:
2669 5141 2699 5179 a
2726 5124 2883 5179 nobis
2925 5125 3020 5177 tibi
3051 5122 3287 5175 laudatio
3312 5122 3377 5187 dc
3397 5150 3409 5159 -

1854 5204 2030 5280 betur.
2079 5224 2155 5276 Ac
2198 5220 2463 5290 siquidem
2500 5217 2771 5286 condigna
2800 5215 2893 5268 illa
2948 5213 3214 5273 videatur,
3256 5220 3409 5262 tuum

1855 5315 2018 5369 dubio
2044 5311 2234 5384 procul
2280 5326 2502 5375 munus,
2527 5309 2715 5378 tuique
2745 5306 2968 5371 laboris,
3000 5318 3061 5357 ac
3086 5312 3189 5355 tuae
3223 5300 3279 5354 in
3308 5301 3413 5357 line

2023 5486 2068 5517 ⁸¹
2101 5484 2235 5539 Gen.
2259 5500 2348 5548 xv,
2377 5485 2461 5539 I5.
2569 5484 2615 5524 ⁸³
2641 5480 2869 5550 Philipp.
2905 5496 2987 5540 Ill,
3012 5478 3101 5530 ‘20.
3201 5476 3246 5508 "
3276 5472 3411 5528 Luc.

199 5534 467 5633 nutriti...
503 5534 579 5598 ’τί
762 5580 839 5627 Ix,
870 5534 1207 5616 ibi-"5:15.31
1413 5561 1465 5612 6.
1502 5534 1717 5611 ’λῖῑῂ

1833 5534 2017 5620 HT“.
2095 5534 2512 5617 “ﬁerifvfe't.
2592 5553 2637 5585 ⁸⁸
2676 5550 2737 5604 IV
2771 5534 2897 5617 l'ieg.
2935 5534 2990 5611 II,
3023 5550 3107 5601 il‘.

265 5721 355 5780 15.
392 5721 517 5778 Orat
563 5720 653 5789 39,
695 5733 813 5791 qua:
850 5724 935 5770 est
966 5716 1016 5768 in
1042 5716 1255 5783 Sancta
1282 5713 1528 5769 Lamina.
