3924 6312
561 298 664 356 48Ἱ

1749 281 2038 342 NICE'I‘:E
2081 254 2603 335 PAPHLAGONI‘S

3684 262 3785 323 438

569 405 872 467 temporum
899 394 1267 461 praedictionis
1295 393 1474 444 exitus
1500 391 1612 457 (l6)
1643 405 1704 442 ac
1753 390 1874 441 linis
1906 396 2006 439 est.
2033 386 2126 435 Sin
2157 389 2199 441 Α
2230 381 2456 434 scientia
2509 377 2686 429 divina
2713 413 2726 435 ,
2795 380 3034 424 nostram
3095 369 3327 421 divinius
3397 367 3789 435 sublimiusque

572 505 750 549 autem
779 491 932 554 longe
963 483 1114 538 abest
1141 501 1168 535 a
1197 493 1283 534 tua
1302 485 1520 540 virtute.
1547 483 1656 549 ipse
1674 498 1796 533 cum
1822 479 2131 544 Scrapbim.

573 597 656 634 νιν
709 579 882 638 beate,
909 574 998 642 qui
1060 573 1347 624 inaccessae
1396 569 1647 622 Trinitati
1678 570 1922 626 assistas,
1957 581 2022 618 ac
2055 575 2134 616 ter

577 675 822 722 sanctum
853 662 1126 715 modulum
1174 659 1249 711 illi
1288 652 1368 711 tc’r
1389 671 1576 712 sancto
1612 669 1693 712 ter
1727 666 1912 711 sancte
1952 655 2131 723 prolo-

578 751 782 818 quaris,
826 749 1008 801 divino
1049 759 1141 799 tuo
1174 746 1238 798 ad
1280 763 1379 799 nos
1424 733 1615 814 Spiritu
1663 745 1879 814 propior
1918 743 2132 801 accede,

579 856 640 892 ac
681 839 966 906 seraphieo
1014 839 1288 905 igneorum
1346 837 1683 903 eloquiorum
1715 835 1941 896 calculo,
1975 842 2136 900 atque

581 919 814 982 carbone
860 926 1077 995 indigna
1122 927 1376 994 continge
1425 927 1586 988 labia,
1624 925 2026 990 emundausque
2060 922 2136 992 [ab

585 1014 889 1080 iniquitate,
917 1028 982 1068 ac
1015 1013 1320 1080 perfectiori
1360 1014 1657 1081 adimpleus
1694 1026 1848 1066 sacra
1889 1010 2136 1072 scientia,

582 1100 956 1166 divinioreque
1015 1100 1246 1168 dignaus
1334 1098 1831 1159 consummatione;
1901 1095 2136 1161 primum

583 1191 797 1253 quidem
858 1202 1060 1243 sancta:
1110 1189 1389 1242 Trinitatis
1442 1190 1731 1243 secretiore
1753 1184 2030 1252 4ioctrina
2076 1198 2140 1237 ac

655 1364 766 1435 (l6)
797 1363 874 1416 Ad
910 1364 1110 1417 calcem
1141 1364 1350 1418 scilicet
1373 1373 1512 1417 orat.
1537 1361 1627 1415 20.

815 1559 1260 1570 _______.____
1319 1553 2322 1581 παπ-..Ἥ

655 1559 1260 1588 sacrm

2239 480 2474 522 mentem
2522 464 2787 531 adimplc;
2825 473 2936 514 tum
2969 460 3534 514 veroadmirabilium
3577 469 3788 514 tuarum

2237 562 2500 613 virtutum
2533 558 2726 625 dignos
2755 555 3061 607 laudatores
3089 552 3328 616 cll'ectos,
3357 551 3410 603 in
3449 560 3540 604 tua
3581 566 3678 605 nos
3711 552 3789 603 in-

2235 651 2602 704 contaminata
2655 661 2716 699 ac
2767 645 3090 716 immortalia
3137 651 3502 697 commeantes
3543 645 3793 696 taberna-

2236 741 2356 794 cula
2390 740 2636 807 suscipe;
2671 738 2738 800 ull
2775 745 2864 788 tua
2899 750 2999 803 ope
3031 735 3258 789 clariore
3292 748 3354 787 ac
3397 731 3660 784 diviniore
3685 733 3766 783 cla

2242 835 2418 894 ritate,
2445 838 2604 896 atque
2633 826 2802 895 gratia
2836 841 2998 893 supra
3035 842 3194 895 quam
3226 825 3604 881 exuberantes,
3639 821 3796 886 digne

2244 929 2418 972 tecum
2455 917 2572 969 Deo
2594 917 2888 968 claritatem
2930 916 3058 968 dare
3104 930 3424 976 mereamur,
3450 927 3572 964 cum
3619 911 3793 970 l’atrc,

2242 1018 2294 1062 ct
2333 1006 2489 1066 Filio,
2538 1016 2590 1058 et
2635 1003 2834 1072 Spiritu
2878 1012 3085 1068 sancto,
3118 1018 3223 1056 una
3263 1001 3486 1061 Deitatc,
3521 1007 3572 1051 et
3609 1013 3796 1064 regno,

2240 1107 2293 1150 et
2336 1096 2595 1165 potentia,
2628 1110 2774 1149 nunc
2819 1103 2872 1148 ct
2906 1108 3135 1162 semper,
3167 1101 3219 1146 ct
3252 1092 3306 1144 in
3349 1088 3540 1143 sazcula
3571 1085 3773 1140 smeulo

2244 1201 2384 1239 rum.
2419 1185 2608 1237 Amen.

1667 1698 1805 1751 ΤΟΥ
1835 1698 1922 1750 ΕΝ
1957 1692 2179 1748 ΑΓΙὉΙΣ
2223 1693 2491 1746 ΠΑΤΡυΣ
2529 1689 2724 1743 ΙΙΜΩΝ

1840 1883 2553 2000 ΙΓΝΑΤΙΟΥ

1495 2122 2056 2180 ΔΡΧΙΕΠΙΣΚΟΠΟΥ
2095 2114 2899 2175 ΚΩΝΣΤΑΝΤΙΝΟΥΠΟΛΕΩΣ

1577 2285 1820 2368 ΒΙΟΣ
1934 2283 2202 2365 HTOI
2311 2276 2820 2384 ΑΘΛΗΣΙΣ,

836 2465 1184 2534 Συνεγράρη
1214 2463 1279 2515 δὲ
1317 2463 1473 2528 παρὰ
1499 2459 1725 2524 Nimim
1749 2457 1970 2510 δούλου
1999 2451 2190 2520 Ἰησοῦ

2259 2453 2498 2518 φιστοῦ,
2535 2452 2637 2503 τοῦ
2661 2452 2752 2502 καὶ
2785 2451 2984 2517 Δαυῒὸ,
3017 2451 3121 2505 τοῦ
3154 2453 3558 2521 Παφλαγόνος.

1664 2787 1782 2903 s.
1834 2791 1962 2936 PA.
2010 2792 2150 2898 N.
2197 2786 2742 2900 lGNA'l‘lt

1448 3012 2018 3077 ARCHIEPISCOPI
2104 3011 2970 3073 CONSTANTINOPOLITANI

1543 3153 2158 3284 VITA'SIVE
2229 3191 2887 3311 CERTAMEN,

959 3386 1220 3444 Auctore
1252 3382 1462 3442 Niccta
1493 3396 1672 3442 servo
1709 3380 1855 3440 Jesu
1896 3375 2141 3449 Christi,
2180 3379 2601 3452 cognomento
2640 3375 2866 3436 Davide
2897 3374 3294 3454 Paphlagone
3338 3375 3419 3452 (1)

1721 3539 1914 3601 (illum,
1938 3537 2121 3597 Concil,
2145 3544 2243 3587 tom
2289 3536 2413 3595 XVI,
2439 3538 2533 3586 col.
2559 3537 2693 3597 209.)

671 3834 988 3890 Praeclarum
1020 3834 1172 3901 juxta
1197 3843 1251 3887 et
1281 3833 1517 3886 salutare
1547 3841 1649 3896 est,
1682 3847 1803 3885 cum
1837 3839 2152 3885 czeterorum

2332 3830 2550 3882 Πάντων
2584 3830 2682 3894 μὲν
2719 3829 2826 3881 τῶν
2863 3829 3032 3896 ἁγίων
3060 3830 3182 3892 τοὺς
3229 3829 3373 3898 βίους
3419 3830 3810 3890 ἀνατάττεσθαε

600 3924 814 3992 quidem
851 3931 1162 3976 sanctorum
1192 3921 1432 3973 omnium
1465 3936 1549 3974 res
1581 3922 1632 3974 in
1662 3921 1764 3973 vita
1791 3928 1968 3990 gestas
1995 3935 2164 3988 expo-

599 4029 726 4066 nere
781 4023 834 4066 et
877 4026 1152 4074 enarrare,
1183 4013 1519 4079 posterisque
1564 4012 1776 4064 smculis
1832 4011 1955 4064 vitae
1994 4011 2165 4065 docu-

602 4111 798 4165 menta,
833 4102 1136 4170 pariterque
1165 4101 1229 4153 ad
1277 4101 1528 4153 virtutem
1592 4101 1936 4154 incitamenta
1987 4101 2165 4153 trade-

603 4209 691 4245 re:
724 4196 833 4244 tinn
868 4206 996 4244 vero
1031 4191 1265 4244 maxime
1301 4206 1490 4243 eorum
1532 4191 1621 4258 qui
1659 4190 1810 4244 fuere
1841 4177 2050 4259 prrediti
2077 4206 2166 4243 ve-

603 4283 841 4335 neramlo
903 4282 1240 4350 pontiﬁcatu.
1291 4282 1489 4349 quique
1554 4297 1652 4336 suo
1712 4281 1832 4334 vitae
1883 4282 2167 4349 splendore

606 4374 858 4424 acerbum
891 4373 1258 4424 adversarium
1294 4372 1357 4423 ad
1395 4373 1769 4437 gravissimam
1807 4381 2168 4439 provocaruut

607 4462 885 4522 invidiam,
917 4469 966 4513 et
1009 4475 1130 4513 cum
1176 4461 1371 4512 invicta
1403 4461 1644 4512 laborum
1675 4462 1916 4511 omnium
1959 4461 2166 4527 patien-

606 4555 698 4613 tia,
757 4550 1033 4618 animique
1091 4550 1482 4617 magnitudine.
1548 4548 1918 4600 fortitudinem
1982 4557 2166 4601 contra

606 4641 981 4693 insectatorem
1031 4639 1284 4692 eximiam
1323 4639 1688 4692 declararunt.
1725 4635 1875 4699 Quod
1914 4637 1956 4690 si
1990 4647 2166 4690 autem

604 4731 818 4784 eosdem
858 4732 923 4783 ad
975 4740 1270 4783 extremam
1320 4740 1370 4783 et
1405 4738 1641 4780 nostram
1692 4734 1901 4779 aetatem
1953 4729 2169 4795 propius

611 4823 862 4876 accedere
897 4823 1191 4888 contingat,
1227 4830 1340 4874 tum
1381 4834 1510 4872 vero
1567 4817 1734 4869 multo
1793 4819 2021 4870 maxime
2066 4833 2171 4885 prae

609 4913 820 4966 cunctis
845 4914 1178 4966 memorandi
1210 4913 1468 4976 omnique
1499 4909 1653 4960 laude
1680 4907 2001 4975 praadicandi
2029 4910 2167 4971 sint;

614 5011 668 5053 ut
699 5005 788 5069 qui
832 5012 1044 5070 propter
1079 5011 1376 5068 temporum
1428 4995 1751 5049 vicinitatem
1792 4996 1960 5048 multo
1999 4997 2169 5064 magis

613 5091 862 5147 Ecclesia:
889 5094 1141 5160 prodesse
1175 5091 1401 5158 possint.
1437 5087 1586 5152 Quod
1622 5088 1760 5140 enim
1798 5096 2163 5155 pervetustum

611 5195 711 5244 est,
742 5184 1018 5251 longisque
1061 5193 1359 5247 temporum
1405 5177 1699 5231 intervallis
1736 5185 2031 5240 remotum,
2065 5176 2162 5230 etsi

615 5271 766 5322 ﬁdem
822 5282 1036 5338 pr0pter
1085 5271 1374 5323 scribentis
1427 5269 1796 5320 auctmitatcm
1876 5277 2160 5328 mercatur,

616 5361 930 5427 desperatur
964 5372 1138 5412 tamen
1173 5375 1198 5412 a
1233 5361 1495 5428 plerisque
1532 5361 1770 5413 studium
1803 5359 2077 5424 imitandi;
2109 5369 2167 5414 ut

2268 3920 2360 3972 καὶ
2390 3918 2706 3988 διηγεῖσθαι,
2741 3919 3012 3986 παίδευμά
3045 3936 3101 3971 τε
3134 3919 3266 3989 πρὸς
3296 3919 3492 3995 ἀρετὴν
3523 3924 3612 3973 καὶ
3637 3923 3813 3992 παρὰ·

2268 4010 2457 4076 κλησιν
2486 4011 2602 4069 ταῖς
2631 4007 2908 4070 ἐπιούσαις
2929 4008 3005 4077 τῷ
3035 4008 3376 4078 παραδιδόναι
3418 4013 3648 4077 γενεαῖς,
3681 4012 3816 4064 κάλ-

2265 4101 2440 4152 λιστον
2465 4099 2600 4168 ὁμοῦ
2631 4101 2721 4151 καὶ
2743 4101 3004 4169 σωτήριον
3029 4117 3042 4129 ·
3089 4101 3320 4168 μάλιστα
3348 4100 3404 4152 δὲ
3429 4101 3536 4153 τῶν
3569 4103 3813 4171 ἱεραρχῖᾳ

2268 4192 2436 4258 σεπτῇ
2469 4191 2913 4260 κεκοσμημένων,
2948 4193 3040 4242 καὶ
3069 4191 3156 4243 διὰ
3187 4190 3284 4258 τῆς
3331 4193 3534 4253 οἰκείας
3565 4193 3626 4244 λα
3639 4196 3812 4260 μπρόο

2265 4296 2424 4348 τητος
2469 4282 2562 4332 τοῦ
2619 4279 2733 4348 βίου
2788 4282 2866 4341 εἰς
2925 4279 3083 4347 ζῆλον
3135 4282 3432 4333 ἀκάθεκτον
3479 4282 3569 4333 τὸν
3624 4283 3813 4350 πικρὸν

2267 4371 2497 4439 διώκτην
2545 4371 2971 4439 ἀνερεθισάντων
3035 4373 3127 4424 καὶ
3174 4371 3434 4440 δυσμενῆ.
3467 4377 3562 4425 καὶ
3599 4374 3682 4426 διὰ
3715 4371 3831 4444 τῆξ

2269 4461 2548 4512 ἀνενδότου
2592 4460 2698 4510 τῶν
2745 4461 2919 4512 πόνων
2978 4460 3250 4530 ὑπομονῆς
3295 4462 3388 4514 καὶ
3439 4464 3811 4532 γενναιότητος

2268 4549 2523 4617 λαμπρὰν
2553 4549 3001 4618 ὲπιδεδειγμένων
3048 4550 3146 4620 τὴν
3177 4551 3452 4620 ἀριστείαν
3483 4544 3602 4606 κατ’
3629 4555 3805 4608 αὐτοῦ.

2271 4639 2332 4690 Ei
2377 4639 2431 4691 δὲ
2491 4639 2584 4691 καὶ
2624 4640 2767 4708 ,πρὸς
2807 4643 2912 4702 τοῖς
2945 4641 3209 4710 ἐσχάτοις,
3247 4643 3337 4695 καὶ
3370 4645 3491 4707 ,τοῖς
3521 4645 3640 4696 καθ’
3666 4646 3810 4712 ἡμᾶς

2272 4729 2474 4790 τούτοις
2512 4729 2814 4796 ἐγγίζοντες
2864 4729 3075 4800 τύχοιεν
3113 4736 3353 4802 καιροῖς,
3397 4735 3574 4804 πολλῷ
3615 4737 3808 4802 μᾶλλον

2271 4819 2877 4893 ᾴξιομνημονευτότατοι
2909 4821 2973 4872 ἂν
3012 4817 3120 4873 εἷεν
3164 4822 3418 4874 ἁπάντων
3441 4823 3530 4874 καὶ
3565 4824 3805 4884 ἀξιεπαί-

2269 4924 2426 4966 νετοι,
2466 4908 2538 4969 ὡς
2574 4908 2704 4959 πολὺ
2740 4909 2900 4960 πλέον
2948 4910 3242 4978 οἰκοδομεῖν
3272 4913 3336 4979 τῇ
3369 4911 3623 4981 ἐγγύτητι
3650 4911 3804 4964 δυνά-

2273 5015 2418 5067 μενοι
2436 4999 2531 5068 τὴν
2570 5000 2911 5069 Ἐκκλησίαν.
2943 5002 3015 5052 Τὸ
3047 5002 3151 5070 γὰρ
3183 5001 3402 5070 ἀρχαῖον
3436 5003 3529 5054 καὶ
3554 5004 3802 5070 πάμπολυ

2271 5090 2408 5141 κατὰ
2449 5090 2637 5160 χρόνον
2675 5091 2896 5154 διεστὸς,
2950 5093 2997 5142 εἰ
3036 5091 3128 5143 καὶ
3168 5084 3474 5145 πιστεύεται
3502 5097 3566 5162 τῇ
3598 5093 3802 5156 ἀξιοπι-

2272 5180 2392 5250 στίᾳ
2423 5181 2517 5248 τῆς
2576 5181 2812 5248 γραφῆς,
2852 5181 2984 5232 ἀλλὰ
3011 5183 3100 5233 καὶ
3133 5182 3320 5235 θᾶττον
3345 5182 3410 5236 ἂν
3451 5187 3560 5246 τοῖς
3596 5185 3803 5244 πολλοῖς

2271 5272 2403 5340 πρὸς
2433 5273 2528 5341 τὴν
2554 5272 2791 5354 ’μίμησιν
2825 5263 3267 5339 ἀπογινώσκοιτο,
3315 5275 3694 5345 λογιζομένοις,
3733 5277 3802 5337 ὡς

2272 5364 2574 5431 κρεῖττονῆ
2617 5364 2754 5415 κατὰ
2805 5367 2901 5431 τὴν
2946 5365 3236 5435 παροῦσαν,
3284 5368 3389 5420 τῶν
3435 5369 3802 5437 πρεσὸυτέρων

688 5539 758 5601 (t)
788 5536 951 5601 Hujus
984 5537 1242 5590 \‘t‘rsiuuis
1271 5547 1454 5590 auctor
1498 5538 1772 5591 Mattlucus
1821 5537 2059 5592 liadcrus
2091 5539 2146 5590 S.
2183 5537 2253 5600 1.,
2279 5537 2418 5604 quod
2452 5547 2570 5606 post
2608 5538 2874 5595 Romanos
2907 5545 3135 5600 editores
3181 5545 3362 5600 liinius
3397 5557 3445 5600 et
3477 5544 3667 5615 Regius
3697 5546 3799 5599 col-

617 5606 786 5658 lectur
829 5615 1122 5656 tacuerunt.
