3924 6312
142 289 224 354 189
1191 284 1355 342 νΙΤΑ
1398 285 1454 342 S.
1500 284 1522 341 ἰ
1530 281 1628 343 GN
1641 285 1694 342 ΛΤ

1847 243 1951 341 er.
1991 283 2338 343 ARCHIEP.

3257 284 3358 350 690

138 399 351 456 ἐκείνων
397 397 702 466 δυναμένων
745 395 1038 467 κατορθοῦν
1085 395 1295 461 γενεάν.
1327 394 1466 446 Ὅσα
1522 395 1564 446 δ’
1610 395 1676 448 ἂν

1796 394 1870 463 tui
1927 401 2132 462 putent,
2163 394 2269 447 illis
2301 393 2566 463 majorum
2591 400 2906 450 nostrorum
2935 394 3146 447 s:ecnlis
3186 397 3356 451 multo

133 492 235 550 τοῖς
267 486 394 542 καθ’
454 489 598 556 ἡμᾶς
645 486 1039 556 κατορθοῦσθαι
1090 486 1396 538 πιστεύοιτο
1447 488 1680 555 καιροῖς,

137 565 330 651 μᾶλλον
355 579 419 632 ἂν
450 571 598 648 οἶμαι
630 579 799 632 ταῦτα
828 578 1179 646 παρακνίζειν
1211 577 1336 640 τοὺς
1367 577 1683 631 εὐσεϐεστέ-

136 686 271 740 ρους,
311 675 403 723 καὶ
432 670 565 739 πρὸς
593 669 684 720 τδν
731 667 844 720 ίσον
891 669 986 736 τῆς
1020 667 1216 738 ἀρετῆς
1244 668 1558 736 διερεθίζειν
1589 667 1684 733 ζῆ-

134 761 235 812 λον.
265 761 364 814 Διά
383 760 556 813 ταῦτά
609 776 698 828 μοι
721 759 906 811 τοῦτον
938 760 1298 827 ἐνστήσασθαι
1326 760 1419 812 νῦν
1444 758 1553 830 [ῖσ.
1590 758 1684 819 νῦν

135 851 348 922 σκοπὸς]
383 851 462 920 τῷ
489 852 631 917 λόγῳ
660 850 749 902 τὸν
778 849 979 929 ἀγῶνα,
1021 849 1111 902 καί
1145 867 1232 918 μοι
1274 851 1498 920 σφοδρὸς
1522 849 1684 912 πόθος

139 940 796 1011 κατακάρδιος,ἀληθινοίς
839 929 1161 1008 διηγήμασι,
1215 941 1306 992 καὶ
1336 940 1513 1008 πάσης
1549 955 1685 1008 προ-

138 1033 339 1101 λήψεως
367 1030 776 1100 ἀπηλαγμένοις
799 1029 1046 1100 ψευδοῦς,
1088 1027 1178 1080 τὸν
1212 1027 1382 1098 μέγαν
1428 1029 1685 1098 ίεράρχην

138 1122 222 1175 καὶ
281 1120 516 1188 ποιμένα
571 1119 669 1188 τῆς
711 1118 978 1188 βασιλίδος
1019 1119 1297 1185 Ἰγνάτιον,
1339 1118 1442 1170 ύπό
1481 1135 1542 1185 γε
1566 1119 1685 1187 Θεῷ

140 1212 406 1280 Πνεύματι
455 1214 552 1279 τῆς
598 1210 854 1279 ἀληθείας
899 1211 1149 1280 ὑφηγητῇ
1196 1212 1286 1261 καὶ
1333 1209 1684 1279 συλλήπτορι,

139 1301 237 1358 τοῖς
272 1297 556 1364 ἀγνοοῦσιν
583 1294 764 1357 ὁποῖός
789 1314 869 1359 τις
908 1293 996 1368 ἦν,
1031 1298 1096 1350 ὲκ
1121 1298 1219 1366 τῆς
1251 1299 1368 1350 κατ’
1396 1299 1556 1350 αὐτὸν
1589 1295 1686 1350 πο-

140 1389 332 1451 λιτείας
355 1390 632 1453 ἀποδεῖξαι
660 1405 673 1418 ·
723 1387 980 1456 Ἰγνάτιόν
1016 1388 1382 1457 φημιτοῦτον,
1412 1386 1685 1443 τὸν-ὕστε-

147 1498 228 1549 ρον
253 1482 350 1551 μὶν
379 1459 692 1550 τῷ’χρὸνῳ,’
728 1477 823 1532 κάλ
874 1478 978 1549 πρὸ
1022 1481 1119 1548 τῆς
1147 1479 1269 1531 καθ’
1310 1481 1458 1549 ἡμᾶς
1486 1480 1688 1549 ταύτης

143 1569 518 1640 ἀναδειχθέντα
548 1570 761 1637 γενεᾶς,
816 1569 1027 1631 ούδενὺς
1054 1569 1110 1621 δὲ
1153 1568 1260 1621 τῶν
1291 1569 1393 1640 πρὸ
1421 1570 1583 1623 αὐτοῦ
1609 1588 1689 1623 τι·

144 1661 270 1730 μίων
302 1659 575 1730 ἱεραρχῶν
597 1659 692 1730 τὴν
723 1659 922 1724 πίστιν,
960 1659 1058 1729 τὴν
1074 1658 1386 1726 ὁμολογίαν,
1427 1658 1523 1728 τὴν
1552 1659 1692 1726 ὑπὲρ

1787 485 2090 555 promptius
2124 484 2293 537 fuisse.
2321 499 2484 553 quam
2518 484 2722 538 nostris
2754 498 2882 544 cum
2926 483 3125 536 virtute
3155 485 3355 539 vivere-

1785 577 1914 642 Quae
1956 591 2082 629 vero
2127 588 2310 628 neStra
2346 575 2608 630 memon’a
2645 585 2787 629 recte
2838 573 2979 643 facta
3038 576 3353 638 creduntur,

1784 667 1872 720 illa
1909 665 2076 720 multo
2105 666 2303 728 acrius,
2343 665 2554 733 Opinor,
2596 665 2805 733 piorum
2833 672 3041 722 mentes
3072 664 3137 716 ad
3180 663 3356 716 virtu-

1789 761 1859 813 tis
1924 759 2088 812 decus
2138 757 2502 810 aemulandum
2570 757 2925 811 inﬂammant.
3012 755 3361 826 Quapmptcr

1786 848 1976 917 ingens
2031 861 2115 899 me
2172 846 2498 900 desiderium
2555 846 2722 900 animi
2767 846 2985 916 impulit
3025 847 3092 900 ad
3133 861 3356 901 causam

1787 923 1926 993 lianc
1957 939 2068 991 sive
2101 945 2375 990 certamen
2406 938 2652 992 oratione
2685 939 3144 1007 prosequendum,
3189 940 3359 994 duce-

1786 1043 1891 1097 que
1917 1035 1971 1081 et
1999 1027 2247 1095 adjutore
2283 1026 2412 1091 Deo,
2444 1026 2634 1094 spiritu
2667 1027 2932 1093 veritatis,
2962 1026 3359 1081 ostendendum

1787 1102 2175 1178 nescientibus,
2207 1118 2297 1186 qui
2328 1117 2412 1170 vir
2441 1117 2699 1185 lgnatins,
2729 1118 3014 1186 qualisque
3040 1125 3092 1172 et
3117 1126 3359 1186 quantus

1787 1208 1872 1262 hic
1903 1208 2131 1261 antistes
2165 1195 2422 1276 cit-regia:
2456 1195 2642 1274 pastor
2692 1205 2840 1262 urbis
2875 1206 2926 1257 in
2970 1206 3091 1259 vita:
3135 1221 3246 1259 suae
3279 1223 3362 1257 ra-

1794 1297 1940 1348 tione
1977 1295 2174 1348 fuerit:
2226 1294 2489 1363 lgnatius,
2531 1295 2774 1361 inquam,
2807 1293 2929 1355 iste,
2960 1294 3052 1359 qui
3085 1309 3195 1347 aevo
3239 1297 3362 1364 qui-

1785 1384 1906 1438 dem
1937 1387 2224 1454 posterior,
2252 1399 2434 1440 nostra
2481 1394 2640 1438 aetate
2689 1383 2890 1445 ﬂoruit,
2953 1382 3224 1453 prioribus
3282 1394 3360 1436 ta-

1785 1492 1906 1531 men
1949 1478 2054 1532 illis
2091 1479 2408 1532 venerandis
2459 1476 2804 1547 pontiticibus
2841 1475 2995 1540 nihil,
3035 1475 3113 1528 vel
3142 1475 3206 1528 de
3240 1474 3362 1540 llde,

1788 1567 1869 1619 vel
1890 1566 2245 1632 confessione,
2268 1566 2348 1621 vel
2373 1567 2740 1622 decertatione
2767 1565 3107 1635 projustitia,
3143 1564 3367 1618 Ιιιιιάιινο

1789 1658 2002 1727 pietatis
2035 1673 2162 1728 erga
2196 1660 2361 1712 Deum
2389 1659 2682 1713 concessit.
2731 1657 2904 1728 llnjus
2937 1675 3035 1727 ego
3087 1667 3256 1711 totum
3291 1659 3367 1710 vi-

142 1753 232 1819 τῆς
263 1749 608 1817 δικαιοσύνης
633 1749 878 1818 ἄθλησιν,
906 1749 1000 1802 καὶ
1032 1748 1168 1817 πρὸς
1197 1747 1288 1799 τὸν
1311 1747 1454 1799 ’Θεὸν
1483 1748 1688 1800 εύδοκί-

1796 1756 1859 1801 ta:
1891 1764 2110 1802 cursum
2160 1750 2287 1802 dum
2337 1750 2405 1804 ab
2451 1751 2566 1818 ipso
2592 1750 2816 1807 exordio
2853 1750 2916 1802 ad
2951 1751 3153 1804 exitum
3196 1763 3367 1824 usque

147 1859 302 1911 μησιν
322 1840 770 1910 ἀπολειπόμενον.
799 1839 983 1907 Τούτῳ
1008 1837 1104 1907 τὴν
1125 1836 1691 1906 παρακαλουθήσασαν

143 1934 197 1999 ἐξ
225 1934 391 2004 ἀρχῆς
425 1933 551 2002 ἄχρι
579 1931 762 1994 τέλους
789 1914 972 2000 βίωσιν
1004 1929 1140 1999 μετά
1170 1929 1413 1992 πλείονος
1447 1929 1691 1999 ὑφηγού-

149 2040 298 2093 μενος
323 2027 421 2095 τῆς
447 2023 753 2094 ἀκριϐείας,
786 2023 879 2076 καὶ
895 2025 1070 2074 πᾶσαν
1101 2021 1202 2092 τὴν
1223 2023 1349 2090 περὶ
1379 2021 1538 2074 αὐτὸν
1562 2022 1695 2091 ἀλή-

144 2114 282 2167 θειαν
316 2116 377 2167 ὲκ
407 2114 516 2166 τῶν
541 2113 837 2182 ἐγγράφως
889 2129 946 2165 τε
1001 2113 1092 2166 καὶ
1127 2112 1390 2181 ἀγράφως
1419 2111 1694 2182 πεπληρο-

146 2205 456 2274 φορημένων
505 2206 561 2256 έν
607 2205 738 2273 ἡμῖν
797 2203 1134 2273 πραγμάτιον
1185 2202 1553 2273 ἀπροσπαθῶς
1598 2203 1694 2256 καὶ

151 2297 515 2358 ἀνυποστόλως
582 2293 956 2364 διηγούμενος,
1021 2293 1255 2347 πέποιθα
1324 2294 1542 2364 πρῶτον
1593 2293 1694 2363 μὲν

147 2385 361 2439 ἐνώπιον
395 2388 494 2456 τῆς
525 2386 890 2444 ένυποστάτου
918 2386 1010 2438 καὶ
1046 2383 1228 2454 ζώσης
1255 2383 1439 2438 δίκαια
1466 2383 1697 2455 γράψειν

154 2473 422 2544 ’Δληθείας
445 2493 458 2507 ·
478 2475 724 2545 δεύτερον
745 2476 821 2540 δὲ,
841 2476 901 2529 τὸ
923 2476 1133 2547 χρόνοις
1165 2476 1367 2538 ἱκανοῖς
1395 2475 1495 2546 ’ήδη
1526 2493 1697 2528 κατα·-

151 2565 418 2618 πυκνωθὲν
454 2565 552 2634 τῆς
594 2565 870 2633 ἀγνωσίας
921 2567 1099 2634 νέφος,
1145 2567 1239 2618 καὶ
1279 2564 1376 2627 τὰς
1429 2564 1536 2619 τῶν
1566 2566 1694 2618 πολ-

150 2655 249 2708 λῶν
293 2656 625 2728 ἀμαυρῶσαν
669 2657 923 2722 διανοίας,
972 2655 1232 2710 λεπτῦναί
1266 2674 1326 2709 τε
1375 2656 1469 2722 καὶ
1508 2656 1697 2710 σκεδά-

151 2763 262 2798 σαι·
302 2747 439 2799 ὥστε
470 2747 597 2808 τοὺς
628 2747 906 2812 ἐθέλοντας
933 2748 1072 2818 πρὸς
1100 2748 1198 2818 τήν
1230 2746 1336 2800 τῶν
1356 2748 1698 2817 πραγμάτων

151 2833 388 2904 ἀλήθειαν
418 2836 722 2906 εἰλικρινῶς
755 2835 906 2908 ὁρᾷν,
950 2839 1042 2891 τὸν
1072 2838 1307 2907 ἐργάτην
1340 2838 1440 2908 μὲν
1483 2838 1698 2906 ἀληθῶς

151 2927 236 2992 τῆς
263 2925 600 2996 δικαιοσύνης
630 2929 726 2980 καὶ
752 2928 849 2997 τῆς
878 2929 1074 2998 ἀρετῆς
1113 2927 1334 2991 εἰδέναι,
1360 2929 1453 2980 καὶ
1484 2928 1693 2998 ὑμνεῖν,

1796 1839 2055 1906 singulari
2116 1855 2244 1894 cura
2284 1841 2461 1908 exigo,
2500 1856 2786 1909 rerumque
2819 1843 2886 1896 de
2942 1842 3032 1894 illo
3079 1841 3219 1910 apud
3271 1857 3366 1896 nos

1797 1928 2276 1982 teStatissiniarum
2309 1931 2588 1984 veritatem
2625 1929 2740 1986 sive
2776 1928 2942 1993 fama,
2999 1932 3112 1984 sive
3160 1929 3364 1997 scripto

1798 2029 2163 2090 acceptarum,
2195 2023 2314 2076 sine
2341 2023 2448 2077 ulla
2479 2022 2701 2078 allectus
2733 2023 3063 2093 indulgentia
3092 2033 3144 2077 et
3177 2023 3367 2078 fraude

1799 2127 2031 2178 CXpODO,
2063 2123 2208 2167 certo
2239 2114 2368 2168 mihi
2396 2115 2694 2182 persuadeo
2716 2103 2992 2178 futurum,
3026 2118 3085 2168 ut
3131 2116 3248 2183 prin
3271 2131 3364 2168 um

1799 2213 1934 2258 teste
1991 2205 2104 2273 ipsa
2160 2205 2368 2258 vivente
2407 2220 2468 2258 ac
2508 2218 2600 2274 per
2655 2204 2715 2258 se
2752 2205 3078 2260 subsistente
3122 2205 3364 2269 veritate,

1797 2309 1950 2362 requa
1990 2295 2333 2363 praescribam
2360 2312 2374 2362 ;
2401 2293 2592 2372 deinde
2639 2295 2836 2351 nubem
2876 2310 3144 2349 annorum
3174 2303 3369 2349 utcun-

1796 2400 1908 2454 que
1952 2386 2248 2439 multorum
2294 2385 2698 2454 intercapedine
2758 2395 3084 2449 concretam,
3129 2386 3368 2440 animos-

1801 2492 1907 2546 que
1952 2478 2186 2532 tenebris
2249 2478 2565 2547 ignorantia:
2617 2477 3002 2541 involventrm,
3075 2477 3365 2530 discutiam

1802 2568 2208 2638 dissipemque:
2245 2577 2303 2622 ut
2355 2570 2445 2638 qui
2475 2569 2755 2624 veritatem
2795 2570 3010 2638 penitus
3058 2569 3366 2638 pchpicere

1799 2658 2001 2720 volent,
2041 2658 2310 2727 aequitatis
2349 2670 2402 2713 et
2444 2658 2664 2712 virtutis
2716 2658 2977 2715 cultorem
3011 2673 3136 2712 vere
3180 2673 3365 2724 nosse,

1798 2749 2071 2803 celebrare
2119 2749 2392 2814 laudibus,
2441 2748 2796 2815 aemularique
2846 2747 3097 2817 possint,
3148 2747 3368 2801 malitize

1797 2853 1925 2894 vero
1956 2848 2008 2893 et
2034 2839 2390 2908 improbitatis
2419 2839 2776 2896 architectum
2805 2837 2926 2906 jure
2953 2837 3232 2892 detestari.
3263 2837 3368 2890 Sed

1795 2930 1924 2984 hinc
1953 2931 2062 2998 jam
2108 2930 2264 3005 nobis
2305 2937 2391 2983 est.
2434 2928 2847 2985 exordiendnm.

152 3018 235 3071 tul.
261 3017 475 3088 ζηλοῦν·
507 3021 597 3071 τὸν
633 3021 932 3090 αὐτουργὸν
961 3022 1015 3073 δὲ
1063 3023 1159 3091 τῆς
1200 3023 1393 3085 κακίας
1436 3022 1530 3075 καὶ
1595 3027 1692 3094 τῆς
1743 3025 1954 3086 ἀδικίας
2006 3025 2228 3087 ἐνδίκως
2291 3024 2649 3077 ἀπωθεῖσθαι.
2711 3024 2968 3094 ’Λρκτέον
2995 3024 3056 3076 δὲ
3099 3024 3369 3080 ἐντεῦθεν.

229 3113 466 3179 Ἰγνάτιος
490 3107 645 3176 οὗτος
677 3116 703 3166 ὁ
749 3115 1162 3184 μακαριώτατος
1209 3117 1302 3170 καὶ
1329 3109 1474 3181 ¹θεὶός
1502 3119 1687 3188 ίεράρ-

1867 3119 2218 3174 Beatissimus
2251 3114 2418 3174 liie‘et
2443 3120 2660 3173 divinus
2700 3120 2924 3174 antistes
2954 3119 3194 3186 lgnatius
3222 3119 3368 3173 Con-

153 3219 244 3270 χης
267 3204 487 3274 πατρίδα
517 3205 620 3274 μὲν
653 3204 808 3274 ἔσχεν
847 3206 937 3257 ἐπὶ
963 3206 1060 3274 τῆς
1103 3206 1203 3273 γῆς
1254 3208 1693 3260 Κωνσταντινούρ

157 3291 312 3357 πολιν,
368 3291 568 3362 ταύτην
610 3292 672 3362 δὴ
726 3293 868 3362 λέγω
903 3295 999 3363 τὴν
1033 3295 1210 3364 πάσης
1251 3295 1435 3366 χώρας
1472 3299 1566 3349 καὶ
1596 3284 1695 3350 πός

155 3382 278 3437 λεων
305 3385 770 3455 περιφανεστάτην
804 3385 1044 3455 βασιλίδα
1067 3400 1082 3414 ·
1108 3386 1347 3455 πατέρας
1392 3387 1448 3438 δὲ
1482 3389 1697 3458 Μιχαὴλ

160 3477 241 3526 καὶ
267 3476 588 3546 Προκοπίαν,
622 3477 746 3538 τοὺς
777 3475 1196 3543 εὐγενεστάτους
1221 3478 1312 3528 καὶ
1347 3479 1699 3541 πιστοτάτους

159 3562 496 3632 βασιλεῖςῖον
527 3567 556 3617 ὁ
586 3566 808 3636 Μιχαὴλ
855 3567 951 3638 μὲν
995 3566 1698 3642 Θεοφυλάκτουιπατρικίου

162 3655 591 3726 μεγαλοπρεποῦς
650 3656 761 3719 υίὸς
809 3653 876 3727 ἦν
901 3695 915 3721 ,
960 3647 1242 3728 Προκοπία
1283 3658 1340 3710 δὲ
1381 3659 1698 3729 Νικηφόρου

162 3739 379 3814 θυγάτηρ
439 3742 534 3795 τοῦ
588 3742 848 3807 εὐσεϐοῦς
901 3743 1113 3815 ύπῆρχε
1161 3745 1442 3814 βασιλέως.
1494 3748 1698 3800 Τούτου

160 3830 210 3882 δὲ
260 3832 386 3902 πρὸς
426 3833 494 3886 τὰ
519 3833 725 3888 ἀνωθεν
774 3836 1122 3905 χωρήσαντος
1169 3836 1431 3905 βασίλεια.
1481 3839 1577 3892 καὶ
1605 3839 1697 3890 τοῦ
1733 3877 1741 3892 -.

163 3919 263 3971 υἱοῦ
286 3921 336 3973 δὲ
369 3922 708 3991 Σταυρακίου
763 3923 1029 4002 ὀλίγιστον
1067 3924 1256 3993 χρόνον
1313 3924 1698 3987 ἐπεϐώσαντος

161 4010 218 4074 τῇ
251 4011 503 4082 βασιλείᾳ,
563 4012 658 4064 καὶ
696 4012 860 4066 αὑτοῦ
917 4011 1369 4083 μεταναστάντος,
1417 4015 1635 4085 Μιχαὴλ
1672 4017 1715 4087 ὁ,

164 4099 465 4170 προρρηθεὶς
493 4095 665 4164 οὗτος,
700 4103 793 4155 άτε
821 4104 1067 4174 γαμϐρὸς
1112 4105 1188 4156 ὢν
1219 4106 1311 4157 ἐπὶ
1345 4106 1570 4177 θυγατρὶ
1606 4106 1699 4159 τοῦ

164 4191 580 4260 τετελευτηκότος
600 4191 932 4262 Νικηφόρου,
970 4194 1063 4246 καὶ
1088 4194 1156 4246 τά
1177 4196 1366 4265 πρῶτα
1401 4197 1505 4249 τῶν
1541 4199 1596 4248 ὲν
1624 4197 1700 4266 τῷ

167 4279 388 4351 παλατίῳ
417 4282 746 4353 τιμωμένων
789 4284 1196 4356 ἀποφερόμενος
1250 4288 1700 4356 (κουροπαλάτης

165 4368 254 4440 γὰρ
275 4365 380 4440 ἦν),
411 4372 580 4441 ψήφῳ
642 4372 738 4441 μὲν
787 4373 944 4438 Θεοῦ,
973 4373 1139 4445 ψήφῳ
1173 4375 1228 4426 δὲ
1270 4377 1367 4444 τῆς
1399 4376 1699 4445 συγκλήτου

167 4461 343 4531 πάσης,
389 4463 455 4516 τὰ
515 4465 768 4534 σκῆπτρα
821 4465 918 4535 τῆς
975 4464 1247 4534 βασιλείας
1309 4466 1692 4537 ἐγχειρίζεται.

167 4550 343 4604 Τούτου
371 4553 467 4624 τήν
520 4555 649 4625 περὶ
696 4556 757 4608 τὸ
810 4556 1180 4627 Θείονέύσεϐῆ
1212 4556 1454 4627 γνώμην,
1485 4559 1576 4610 καὶ
1599 4559 1695 4628 τὴν

167 4640 310 4712 ἀλλην
330 4647 506 4704 πᾶσαν
551 4647 754 4716 ἀρετὴν
787 4649 880 4701 καὶ
908 4648 1286 4723 δικαιοσύνην,
1320 4651 1431 4712 τοῖς
1469 4651 1695 4718 ἱστορεῖν

170 4732 290 4785 κατά
313 4734 476 4804 μέρος
526 4736 772 4790 ἐθέλουσι
820 4739 1172 4809 παρήσομεν·
1215 4740 1345 4809 ήμῖν
1378 4740 1434 4792 δὲ
1473 4740 1696 4810 ἀρκέσει

171 4823 284 4892 πρὸς
308 4825 520 4880 ἔπαινον
540 4830 574 4898 ή
606 4829 698 4882 τοῦ
728 4828 890 4898 ήθους
930 4831 1176 4899 πραΰτης
1212 4849 1268 4883 τε
1310 4832 1405 4884 καὶ
1427 4833 1696 4884 ἐπιείκεια

172 4909 226 4977 ἢν
250 4911 418 4983 εργοις
452 4918 679 4981 ἐκεῖνος,
725 4917 816 4969 καὶ
861 4919 922 4972 ού
966 4917 1244 4988 πλάσματι
1281 4920 1438 4988 μόνον
1491 4921 1697 4997 ἐπεδεί-

175 4998 277 5062 ξατο
301 5021 313 5035 ·
334 5005 475 5076 διετῆ
493 5007 610 5077 ,γὰρ
639 5008 817 5073 ὀλίγου
852 5009 960 5060 δεῖν
990 5009 1176 5078 χρόνον
1212 5010 1573 5063 εὐσεϐέστατα
1603 5009 1698 5078 τὴν

179 5084 418 5152 βασιλείαν
435 5095 696 5159 διιθύνας,
745 5097 1006 5160 ἑκουσίως
1039 5097 1205 5167 αὐτῆς
1243 5099 1452 5168 ἐξέστη,
1496 5100 1590 5153 καὶ
1621 5099 1700 5170 τῷ

175 5184 478 5246 τυραννικῶς
541 5185 866 5257 ἑπιθεμένῳ,
922 5186 1112 5240 Λέοντι
1173 5185 1236 5256 δὴ
1278 5189 1355 5256 τῷ
1412 5189 1696 5259 Ἀρμενίῳ,

173 5267 312 5334 φημὶ,
347 5275 633 5343 στρατηγῷ
661 5276 761 5345 μὲν
795 5277 1007 5349 πρῶτον
1030 5277 1120 5330 ὑπ’
1149 5278 1312 5330 αὑτοῦ
1345 5278 1454 5333 τῶν
1484 5283 1699 5334 ’Λνατοο

175 5351 313 5409 λικῶν
341 5366 784 5432 προχειρισθέντι,
820 5372 958 5422 κατὰ
993 5359 1312 5440 Βουλγάρων
1337 5369 1392 5423 δὲ
1433 5387 1692 5441 στρατευ-

174 5449 382 5521 σαμένῳ,
411 5454 664 5509 κάκεῖθεν
710 5460 806 5527 τὴν
851 5464 1216 5515 ἐπανάστασιν
1261 5461 1694 5536 βουλευσαμένῳ,

169 5538 414 5612 ὑποχωρεῖ
455 5547 569 5623 τῆς.
615 5549 786 5618 ἀρχῆς
818 5553 844 5602 ὁ
884 5558 1149 5627 μακάριος
1174 5555 1335 5623 ἑκὼν,
1367 5557 1458 5609 καὶ
1482 5561 1579 5629 τῆς
1605 5576 1699 5612 κο-

167 5633 347 5703 σμικῆς
371 5635 708 5700 ἀλαζονείας,
737 5640 830 5691 καὶ
860 5642 966 5716 τῶν
1012 5647 1285 5718 ἐμφυλίων
1326 5645 1572 5716 πολέμων
1599 5652 1691 5705 καὶ

341 5731 609 5795 Peraea.
655 5731 772 5797 Gn.
823 5734 945 5797 CV.

1798 3207 2201 3278 stantinopolim
2257 3209 2310 3261 in
2334 3209 2505 3262 ’terris
2536 3209 2769 3277 patriam
2825 3208 3032 3272 habuit,
3076 3211 3235 3273 hanc,
3282 3210 3370 3262 in-

1796 3311 1981 3366 quam,
2034 3297 2196 3352 totius
2245 3296 2468 3351 ditionis
2515 3307 2570 3350 et
2623 3295 2832 3366 imperii
2892 3280 3363 3364 prazclarissimam

1801 3386 2042 3455 regiam:
2094 3397 2343 3456 parentes
2374 3385 2563 3451 "vero,
2615 3386 2934 3441 Micliaelem
2981 3387 3364 3455 imperatorem

1798 3486 1852 3532 et
1883 3475 2198 3545 Procopiam
2254 3478 2678 3547 imperatrieem,
2726 3477 3098 3534 nobilissimos
3146 3488 3199 3533 et
3243 3479 3368 3531 reli-

1801 3569 2142 3636 giosissimos
2225 3567 2523 3638 principes.
2591 3551 2765 3637 Atque
2846 3568 3070 3621 Michael
3150 3567 3367 3637 quidem

1802 3658 2202 3729 TlteOpliylacto
2253 3661 2484 3728 patricio
2530 3659 2968 3728 splendidissimo
3010 3659 3127 3714 viro
3168 3670 3366 3723 natus,

1799 3747 2059 3818 Procopia
2109 3764 2234 3804 vero
2280 3766 2308 3802 a
2363 3749 2666 3819 Nieeplioro
2723 3752 2811 3819 pio
2862 3751 3187 3819 imperatore
3238 3765 3367 3818 pro-

1799 3848 1978 3892 creata
2009 3850 2107 3894 est.
2146 3838 2448 3908 Nicephoro
2489 3856 2654 3910 porro
2708 3840 2774 3894 ad
2824 3841 3042 3895 caeleste
3083 3842 3366 3910 imperium

1800 3937 2050 3992 evocato,
2110 3937 2164 3981 et
2217 3928 2499 3984 Stauracio
2548 3930 2678 3992 ﬁlio,
2729 3945 2851 3983 cum
2905 3945 3128 3999 regnum
3171 3932 3364 3999 exiguo

1801 4025 2039 4084 tempore
2096 4017 2548 4082 administrasset,
2603 4019 2910 4081 exstincto,
2969 4017 3196 4073 Michael
3272 4020 3363 4074 hic

1799 4108 2085 4177 Nicephori
2131 4125 2312 4179 gener,
2351 4120 2408 4163 ut
2437 4109 2643 4163 dictum
2679 4120 2784 4173 est,
2836 4119 3050 4163 mortuo
3092 4109 3365 4180 Nicepho-

1802 4214 1884 4262 ro,
1939 4215 2064 4253 cum
2118 4199 2257 4254 inter
2309 4200 2572 4268 palatinos
2627 4200 2774 4268 (nam
2827 4201 3166 4269 curopalates
3221 4205 3362 4269 erat)

1803 4289 2099 4357 principem
2133 4290 2308 4342 locum
2343 4297 2568 4351 teneret,
2609 4289 2827 4358 auspice
2874 4288 2981 4343 Deo
3025 4301 3364 4360 senatusque

1801 4378 2017 4433 decreto
2078 4378 2282 4446 imperii
2332 4391 2543 4446 sceptra
2600 4379 2861 4449 suscepit.
2907 4379 3078 4448 Cujus
3111 4397 3210 4450 ego
3239 4384 3367 4438 reli-

1800 4469 2008 4538 gionem
2066 4467 2120 4521 in
2187 4464 2374 4532 Deum,
2429 4471 2719 4539 omniaque
2771 4471 2986 4525 virtutis
3041 4484 3368 4528 ornamenta

1798 4559 2169 4613 iis'narranda
2223 4560 2467 4629 relinquo
2517 4561 2606 4629 qui
2639 4576 2726 4617 res
2761 4561 2829 4615 ab
2876 4561 2965 4616 illo
2999 4572 3182 4631 gestas
3219 4565 3369 4633 sigil-

1799 4647 1944 4703 latim
1976 4650 2229 4718 prosequi
2261 4652 2458 4705 volent.
2486 4650 2650 4706 Nobis
2693 4651 2759 4706 ad
2779 4653 2958 4712 ,decus
2987 4653 3131 4708 illius
3159 4669 3368 4708 memo-

1799 4741 2025 4795 randum
2054 4743 2289 4797 sulIiciat
2319 4758 2530 4797 morum
2557 4745 2750 4800 lenitas
2777 4754 2830 4798 et
2857 4745 3161 4811 clementia,
3197 4761 3363 4815 quam

1800 4833 2024 4887 minime
2085 4832 2319 4888 fucatam
2376 4835 2536 4896 factis
2587 4835 2718 4905 ipsis
2773 4835 3086 4889 declaravit.
3149 4835 3364 4891 Etenim

1800 4937 1921 4975 eum
1959 4937 2064 4976 non
2110 4931 2221 4977 toto
2249 4924 2466 4977 biennio
2498 4924 2782 4992 imperium
2820 4924 3161 4978 sanctissime
3191 4925 3363 4978 admi-

1802 5013 2111 5078 nistrasset,
2147 5013 2315 5069 Leoni
2360 5013 2596 5067 Armeno
2631 5028 2724 5080 per
2755 5013 3091 5082 tyrannidem
3136 5031 3361 5083 regnum

1804 5102 2075 5157 invadenti
2124 5103 2295 5158 libens
2345 5104 2638 5170 volensque
2689 5102 2888 5165 cessit,
2940 5106 3187 5173 quamvis
3247 5104 3361 5171 ipse

1803 5198 2175 5267 praefecturam
2206 5199 2472 5254 exercitus
2507 5197 2558 5250 in
2597 5195 2818 5252 Oriente
2850 5197 2924 5250 illi
2957 5200 3101 5265 prius
3136 5199 3361 5249 (omnii-

1803 5291 1982 5344 sisset.
2016 5291 2419 5360 Expeditionem
2469 5298 2647 5341 tamcn
2675 5304 2796 5342 cum
2851 5291 2903 5343 in
2939 5290 3190 5352 Bulgaros
3233 5303 3358 5340 sus-

1804 5381 2055 5450 cepisset,
2116 5381 2186 5434 ibi
2256 5395 2348 5448 per
2416 5378 2640 5433 insidias
2689 5378 3035 5434 defectionem
3089 5374 3356 5438 molienti,

1805 5482 1995 5540 sponte
2044 5454 2230 5525 beatus
2259 5469 2345 5523 ille
2391 5470 2675 5539 imperium
2711 5464 2992 5528 concessit,
3026 5480 3250 5535 seseque
3290 5467 3358 5520 ab

1806 5564 1953 5617 omni
1989 5562 2148 5625 fastu,
2177 5561 2434 5630 bellisque
2467 5562 2716 5615 civilibus
2750 5571 2906 5628 atque
2956 5557 3157 5611 invidia
3211 5559 3359 5627 regni

1799 5653 2095 5722 subduxit;
2131 5662 2277 5709 ratus
2307 5653 2474 5708 multo
2505 5653 2606 5709 sibi
2640 5654 2823 5722 reique
2854 5647 3082 5717 publica:
3117 5664 3356 5704 conmm-

2977 5738 3046 5804 16
