3924 6312
506 264 514 271 Ν
628 315 730 380 491

1743 336 1745 338 -
1815 266 2109 379 uicem
2144 311 2666 399 PAPHLAGONIS

3785 330 3881 393 4‘3?

628 431 837 486 diorem
884 426 1262 495 utilioremque
1292 420 1653 477 voluntariam
1699 424 1849 495 regni
1905 426 2201 481 abdicatio-

2308 404 2523 497 φθόνων
2552 445 2566 461 ο
2598 430 2781 503 πολλῷ
2795 429 3051 513 ’κρείττω
3077 433 3170 486 καὶ
3203 430 3665 513 λυσιτελεστέραν
3714 443 3893 513 ἑαυτῇ

627 538 752 587 nent
799 532 854 576 et
898 534 1104 591 parem,
1132 525 1190 575 ut
1215 516 1307 586 qui
1338 515 1455 585 paci
1499 530 1641 569 verte
1681 525 1841 573 natus
1878 527 2039 585 esset,
2071 518 2211 574 fore."

552 678 555 679 ν
627 614 846 670 Decedit
884 627 1012 683 ergo
1057 626 1123 666 ex
1164 609 1297 663 urbe
1334 622 1458 662 cum
1516 616 1625 662 tota
1672 608 1902 677 familia,
1933 618 2095 681 atque
2151 609 2207 665 in

627 706 912 777 Principes
944 702 1149 757 insulas
1184 701 1424 767 secedit;
1454 700 1637 771 ibique
1654 702 1817 757 vitam
1849 704 2206 767 monasticam

624 813 749 851 cum
797 794 1029 864 conjuge
1049 802 1103 848 et
1127 793 1337 855 liberis,
1371 807 1479 848 non
1511 793 1661 849 cultu
1687 800 1896 849 tantum
1925 792 2197 862 corporis,

622 887 717 942 sed
761 901 821 941 re
847 886 963 955 ipsa
996 885 1167 956 degit,
1200 898 1368 940 causa
1401 900 1501 940 sua
1533 898 1789 955 supremo
1821 882 2043 939 Numini
2081 898 2206 954 per-

622 995 809 1036 missa.

686 1165 854 1222 Beato
898 1164 1027 1220 huic
1070 1163 1351 1229 Michaeli,
1385 1165 1644 1235 omnique
1681 1162 2039 1219 admiratione
2076 1176 2204 1231 pro-

626 1256 944 1326 sequendo,
979 1258 1073 1325 qui
1111 1265 1380 1311 terrarum
1416 1269 1580 1326 regna
1621 1253 1937 1309 caelestibus
1984 1265 2202 1322 permu-

622 1349 771 1409 tavit,
803 1349 956 1418 quini
1002 1349 1227 1403 omnino
1273 1346 1443 1403 fuisse
1474 1346 1625 1402 liberi
1663 1345 2045 1416 perhibentur;
2079 1356 2203 1395 mu-

606 1440 803 1495 liebris
855 1439 1043 1509 stirpis
1079 1439 1311 1509 gemini,
1340 1438 1556 1509 Georgo
1594 1438 1766 1507 prima
1798 1444 2036 1505 natuque
2088 1449 2204 1488 ma-

621 1547 648 1583 x
664 1532 795 1595 ima,
816 1531 1038 1586 minima
1061 1528 1429 1599 Theophano;
1456 1544 1578 1600 quae
1591 1527 1917 1599 virginitatis
1935 1526 2090 1582 laude
2108 1541 2203 1595 per

625 1636 846 1675 omnem
864 1622 1028 1675 vitam
1056 1622 1107 1674 in
1127 1620 1386 1695 religione
1405 1617 1749 1673 sanctissime
1767 1616 2059 1681 custodita,
2084 1616 2203 1670 feli-

595 1758 597 1762 Α
625 1713 763 1767 citer
791 1711 1044 1766 obierunt
1072 1729 1086 1765 ι
1110 1722 1220 1765 tres
1235 1724 1364 1764 vero
1394 1708 1581 1777 stirpis
1606 1708 1803 1773 virilis,
1826 1706 2204 1778 Theophylac-

615 1801 1068 1867 tus,Stauracius,
1081 1800 1297 1855 Nicetas
1314 1815 1327 1852 τ
1344 1813 1578 1869 quorum
1597 1810 1727 1853 natu
1742 1788 2203 1854 maximusTheo-

613 1892 920 1962 phylactus.
945 1900 998 1945 et
1022 1889 1358 1955 Stauracius,
1381 1890 1685 1944 diademate
1712 1888 1932 1957 imperii
1960 1887 2203 1958 insigniti

612 1992 741 2039 sunt
767 2000 782 2036 :
810 1983 903 2042 sed
934 1980 1253 2037 Stauracius
1287 1976 1583 2036 admodum
1610 1979 1936 2035 adolescens
1958 1972 2085 2033 ante
2109 1993 2200 2047 pa-

540 2098 541 2101 η
614 2075 716 2129 tris
752 2072 1167 2128 abdicationem
1209 2072 1438 2142 oppetiit
1472 2088 1487 2139 ;
1525 2069 1968 2140 Theophylactus
2020 2079 2199 2123 autem

616 2181 725 2221 una
772 2180 905 2220 cum
930 2164 1249 2236 parentibus
1301 2175 1429 2218 tunc
1472 2163 1528 2218 in
1565 2162 1894 2217 monachum
1929 2168 2201 2226 attonsus,

616 2254 935 2319 Eustratius
964 2264 1049 2311 est
1083 2255 1407 2326 appellatus.
1446 2252 1691 2310 Nicetam
1727 2255 1964 2324 primum
2005 2256 2204 2309 decen-

624 2365 746 2405 nem
773 2350 841 2404 ab
892 2364 995 2403 avo
1045 2346 1355 2417 Nicephoro
1402 2348 1778 2402 bicanatorum
1841 2338 2203 2403 domesticum

610 2442 771 2495 aiunt
800 2447 1066 2503 creatum,
1098 2441 1254 2507 cujus
1292 2439 1463 2509 gratia
1506 2444 1705 2516 munus
1757 2438 1889 2493 illud
1920 2438 2095 2508 primo
2123 2438 2206 2491 in-

615 2532 871 2587 stitutum
904 2538 1199 2606 :quartum
1236 2542 1367 2583 vero
1392 2530 1665 2585 decimum
1682 2531 1860 2584 aetatis
1896 2545 2098 2583 annum
2138 2544 2201 2584 a-

574 2626 579 2631 ‘
609 2636 755 2693 .gens
781 2660 797 2684 ,
827 2620 1071 2675 terrestri
1120 2620 1285 2675 simul
1341 2629 1466 2674 ’cum
1513 2619 1671 2674 bonis
1705 2619 2023 2688 parentibus
2051 2618 2202 2688 regia

618 2713 826 2775 relicta,
858 2722 913 2769 et
962 2713 1079 2782 ipse
1113 2711 1443 2767 monachum
1502 2709 1678 2765 induit
1704 2720 1799 2775 ,et
1824 2708 2067 2780 lgnatius
2115 2718 2204 2763 est

622 2802 1062 2873 cognominatus.
1722 2854 1727 2858 .

690 2894 802 2951 Leo
826 2894 1011 2964 igitur,
1050 2893 1140 2947 illa
1171 2892 1396 2947 infausti
1418 2889 1657 2945 nominis
1687 2888 1825 2955 fera,
1854 2905 2003 2954 cum,
2032 2904 2197 2960 quam

629 2997 987 3065 conceperat,
1035 2986 1333 3055 peperisset
1388 2984 1766 3053 iniquitatem,
1798 2993 2063 3053 occupato
2103 2998 2203 3054 per

2308 539 2367 575 τε
2397 526 2491 577 καὶ
2532 525 2611 596 τῷ
2656 526 2823 597 κοινῷ
2854 528 2952 599 τὴν
2987 512 3230 584 ἑκούσιον
3270 532 3621 604 ὑποχώρησιν
3667 538 3775 593 καὶ
3801 541 3899 611 τὴν

2309 615 2553 685 εἰρήνην,
2590 617 2664 677 ὡς
2692 618 2804 681 υίὸς
2834 619 2933 689 τῆς
2961 619 3192 690 ἀληθοῦς
3227 623 3471 692 είρήνης,
3506 624 3891 699 ήγησάμέενες.

2282 726 2285 729 ·
2320 705 2569 777 Ἀπαίρει
2604 707 2701 777 μὲν
2729 707 2830 778 τῆς
2862 710 3071 773 πόλεως
3112 714 3328 766 πανοικί
3353 731 3368 746 ·
3397 714 3535 784 πρὸς
3578 717 3686 780 τὰς
3724 721 3901 789 Πριγ.

2308 800 2551 865 κιπείους
2572 800 2627 853 δὲ
2657 800 2852 873 νήσους
2880 807 3372 877 μετακεχωρηκὼς,
3414 809 3509 861 καὶ
3540 810 3636 863 τὸν
3678 815 3899 883 μονήρη

2310 890 2425 961 βίον
2455 890 2571 963 ἅμα
2592 891 2809 960 γυναικὶ
2826 894 2922 947 καὶ
2944 897 3179 960 τέκνοις,
3220 898 3281 951 οὐ
3310 899 3388 970 τῷ
3421 900 3677 971 σχήματι
3706 902 3898 971 μόνον,

2273 1010 2279 1018 α
2309 981 2448 1035 ἀλλά
2469 983 2561 1035 καὶ
2594 982 2672 1051 τῷ
2698 985 2986 1053 πράγματι
3022 987 3492 1059 καταδεξάμενος,
3536 990 3615 1061 τῷ
3658 992 3897 1061 παμϐα-

2307 1073 2446 1127 σιλεϊ
2475 1073 2591 1144 Θεῷ
2614 1074 2712 1145 τὴν
2741 1075 2904 1130 αὐτοῦ
2933 1076 3114 1148 κρίσιν
3139 1081 3233 1131 καὶ
3257 1081 3412 1150 δίκην
3442 1081 3701 1136 ἀνέθετο.

2374 1165 2560 1236 Τούτῳ
2586 1165 2648 1237 δὴ
2671 1167 2750 1237 τῷ
2778 1171 3032 1239 μακαρίῳ
3054 1170 3293 1240 Μιχαὴλ,
3327 1173 3403 1242 τῷ
3428 1173 3779 1243 θαυμαστῶς
3803 1174 3903 1243 τὴν

2303 1256 2541 1323 ἐπίγειον
2568 1260 2665 1329 τῆς
2691 1259 2944 1331 οὐρανίας
2971 1262 3556 1335 ἀντικαταλλαξαμένῳ
3579 1264 3897 1336 βασιλείας,

2304 1350 2488 1420 παῖδες
2512 1351 2561 1403 οἱ
2592 1351 2810 1429 πάντες,
2838 1352 2999 1406 πέντε
3022 1353 3239 1420 λέγουσι
3264 1354 3536 1422 γενέσθαι·
3572 1350 3651 1411 ὧν
3680 1357 3902 1427 θήῐοειαι

2301 1442 2413 1509 δύο,
2429 1442 2619 1514 πρώτη
2638 1444 2776 1514 μὲνὴ
2793 1444 3097 1515 καλουμένη
3114 1446 3360 1516 Γεωργὼ,
3379 1448 3593 1501 πάντων
3604 1449 3669 1501 δὲ
3685 1450 3714 1501 ὐ
3726 1466 3789 1501 στ
3799 1452 3899 1519 ἀτη

2301 1533 2575 1603 Θεοφανώ·
2608 1535 2664 1587 αῖ
2696 1534 2790 1587 καὶ
2812 1534 3151 1603 παρθενικῶς
3179 1538 3269 1588 τὸν
3282 1537 3398 1591 ὅλον
3420 1537 3534 1605 βίον
3556 1539 3652 1591 καὶ
3670 1557 3903 1609 μοναχι-

2303 1623 2799 1688 κῶςδιαϐιώσασαι,
2818 1626 3102 1704 μακαρίως
3121 1627 3513 1698 ἐκοιμήθησαν.
3542 1628 3825 1702 Ἀρῤενες
3844 1630 3901 1681 δὲ

2302 1720 2470 1787 τρεῖς,
2485 1717 2879 1787 Θεοφύλακτος,
2895 1719 3249 1788 Σταυρὰκιος,
3263 1720 3311 1772 Ν
3316 1720 3527 1793 ικήταςο
3542 1720 3761 1773 τούτων
3774 1721 3902 1773 Θεο-

2305 1808 2575 1877 φύλακτος
2607 1809 2705 1882 μὲν
2757 1812 2785 1863 6
2809 1811 3025 1865 πάντων
3049 1811 3410 1882 πρωτότοκος,
3446 1812 3540 1865 καὶ
3570 1813 3598 1864 6
3630 1813 3897 1883 Σταυράο

2302 1917 2438 1965 κιος,
2472 1900 2767 1971 ἀμφότεροι
2802 1902 2877 1971 τῷ
2897 1901 3183 1973 διαδήματι
3214 1903 3432 1974 πρῶτον
3465 1905 3563 1973 τῆς
3600 1904 3899 1975 βασιλείας

2302 1992 2721 2062 ἐστεφάνωνται⁶
2736 1990 2854 2047 εἷτα
2874 1997 2901 2047 6
2920 1995 3016 2065 μὲν
3037 1996 3230 2066 κομιδῇ
3250 1996 3366 2058 νέος
3383 1996 3457 2049 ὣν
3475 1995 3572 2059 ἔτι,
3593 1999 3621 2051 6
3648 1997 3802 2049 Σταυ
3814 1998 3898 2067 ρά-

2292 2084 2548 2155 ’κιος,πρὸ
2561 2084 2658 2153 τῆς
2675 2085 3031 2149 καταϐάσεως
3042 2085 3285 2156 τελευτᾷσ
3297 2086 3680 2154 Θεοφύλακτος
3702 2087 3757 2139 δὲ
3776 2088 3901 2155 ἅμα

2303 2178 2432 2239 τοῖς,
2455 2177 2724 2245 πατράσιν
2755 2174 2918 2229 αὐτοῦ
2948 2179 3041 2229 καὶ
3068 2176 3345 2246 βασιλεῦσι
3365 2178 3483 2229 τότε
3523 2177 3896 2246 κειράμενος,

2302 2267 2383 2329 είς
2409 2253 2741 2337 Εὐσέράτιον
2766 2267 3181 2337 μετωνομάσθη.
3203 2267 3447 2337 Νικήταν
3469 2266 3524 2318 δὲ
3546 2268 3775 2337 πρῶτον
3795 2269 3899 2336 μὲν

2303 2358 2540 2427 δεκαέτη
2568 2358 2926 2429 τυγχάνοντα,
2944 2358 3052 2417 τῶν
3080 2358 3385 2427 λεγομένων
3420 2358 3703 2413 ίκανάτων
3733 2361 3897 2429 παρὰ

2303 2446 2619 2517 Νικηφόρον
2670 2445 2805 2515 φασὶ
2846 2446 2939 2500 τοῦ
2972 2448 3195 2502 πάππου
3241 2446 3677 2518 προϐεϐλῆσθαι,
3723 2448 3799 2500 δι’
3837 2448 3897 2500 δν

2304 2539 2480 2590 ἐκεῖνο
2530 2536 2591 2589 τὸ
2641 2538 2875 2608 πρᾶγμα
2920 2537 3133 2608 πρῶτον
3161 2537 3498 2606 καταστῆναι
3525 2551 3544 2569 ο
3576 2554 3897 2607 τεσσαρεσ-

2304 2628 2665 2699 καιδεκαέτης
2714 2630 2771 2687 δὲ
2821 2628 3081 2698 γεγονὼς,
3126 2628 3221 2683 καὶ
3258 2632 3329 2681 τά
3360 2629 3451 2681 ἰπὶ
3476 2628 3582 2698 γῆς
3608 2628 3738 2697 ἅμα
3775 2631 3897 2689 τοῖς

2304 2720 2529 2788 ἀγαθοῖς
2562 2723 2781 2775 τοκεῦσι
2803 2721 3047 2791 βασίλεια
3087 2720 3535 2790 καταλιμπάνων,
3581 2721 3901 2790 ἀποκείρε-

2302 2827 2393 2864 ται
2433 2811 2531 2881 μὲν
2556 2809 2651 2863 καὶ
2674 2810 2857 2877 αὐτὸς,
2902 2810 3159 2877 Ἰγνάτιος
3191 2808 3247 2864 δὲ
3277 2809 3739 2879 μετονομάςεται.

2389 2901 2449 2954 '0
2477 2901 2655 2955 τοίνυν
2686 2900 2837 2955 Λέων
2865 2897 3469 2971 ὲκεῖνος,όδυσώνυμος
3499 2898 3627 2970 θὴρ,
3658 2901 3729 2970 ἦν
3758 2900 3899 2953 ὠδί-

2305 3006 2468 3060 νησεν
2506 2990 2720 3045 ἀδικίαν
2750 2990 3071 3053 ὲκτετοκὼς,
3108 2989 3204 3042 καὶ
3231 2989 3328 3060 τῆς
3359 2980 3638 3059 βασιλείας
3680 3008 3898 3062 τυραν-

620 3081 731 3135 vim
766 3095 830 3133 ac
864 3078 1244 3149 tyrrannidem
1292 3076 1541 3145 imperio,
1589 3074 1794 3129 nullam
1834 3076 2017 3129 omnia
2075 3089 2201 3144 spe-

2306 3084 2429 3151 νικῇ
2461 3080 2956 3152 περιδεδραγμένος
2981 3080 3144 3150 χειρὶ,
3162 3079 3223 3133 οὐ
3249 3079 3387 3149 πρὸς
3415 3080 3509 3133 τὸν
3532 3080 3901 3152 παντέφορον

580 3202 587 3207 ε
620 3172 819 3240 ctantis
845 3171 988 3224 oculi
1018 3170 1283 3231 rationem
1313 3167 1725 3237 babuit,neque
1746 3166 2027 3227 beatorum
2047 3181 2211 3221 exsu-

618 3264 743 3325 lum
776 3261 1045 3316 reveritus
1075 3267 1158 3316 est
1194 3258 1519 3314 modestiam
1550 3267 1605 3312 et
1630 3258 1978 3326 aequitatem;
2014 3259 2209 3313 imme-

527 3391 532 3394 ‹
628 3370 861 3424 morque
912 3361 1033 3407 crat
1070 3353 1315 3409 omnium
1356 3350 1783 3417 beneﬁciorum,
1812 3350 2012 3419 quibus
2063 3344 2209 3403 beati

622 3441 1029 3514 illi‘indignum
1073 3452 1409 3499 exornarant
1438 3458 1453 3497 :
1480 3457 1511 3495 a
1538 3456 1650 3511 quo
1694 3441 1956 3511 improbae
2004 3442 2207 3495 mentis

622 3535 837 3595 artibus
887 3532 1055 3587 illecti.
1088 3539 1246 3586 erant
1279 3530 1451 3595 adco,
1498 3538 1559 3584 ut
1599 3529 1898 3598 imperator
1933 3528 2205 3598 regiorum

632 3627 790 3682 illum
815 3626 1113 3680 liberm-um
1145 3625 1199 3677 in
1232 3636 1391 3677 sacra
1410 3620 1752 3690 baptismatis
1770 3620 2032 3674 tinctione
2053 3633 2207 3688 spon-

623 3735 803 3777 sorem
838 3727 892 3773 et
922 3718 1195 3787 patrinum
1228 3712 1560 3782 designaret.
1589 3710 1695 3767 Sed
1724 3710 1863 3765 nihil
1881 3711 2073 3765 horum
2104 3710 2204 3764 im-

572 3837 581 3842 α
625 3814 812 3869 mitem
868 3811 1015 3864 illius
1060 3808 1410 3874 ferocemque
1454 3804 1700 3859 animum
1757 3802 1930 3871 potuit
1967 3800 2199 3855 ﬂectere.

625 3904 835 3961 Etenim
870 3904 920 3956 in
949 3901 1197 3956 exsilium
1226 3896 1567 3958 amandatos,
1592 3894 1821 3948 alterum
1841 3893 1909 3948 ab
1929 3892 2094 3946 altero
2113 3906 2200 3947 se-

624 3996 856 4065 paravit,
888 3992 1229 4062 singulisque
1282 4002 1438 4065 suam
1473 3986 1709 4042 insulam
1756 3985 2073 4054 assignavit,
2102 3985 2199 4038 (ir-

625 4076 820 4159 maQue
857 4068 1106 4142 custodia
1146 4080 1552 4151 circumsepsit.
1586 4078 1740 4133 Filiis
1771 4092 1937 4147 porro
1967 4076 2199 4130 virilita-

626 4190 729 4236 tem
761 4166 1006 4245 ademit,
1069 4174 1443 4232 membrorum
1504 4168 1860 4225 castratione'
1908 4166 2150 4236 plectens
2181 4204 2198 4231 ,

624 4273 909 4341 plusquam
950 4270 1287 4323 inhumanus
1321 4272 1375 4320 et
1420 4261 1681 4341 crudelis.
1717 4259 1857 4315 Hinc
1889 4273 2039 4325 sane,
2071 4272 2196 4311 cum

626 4372 734 4416 tam
759 4360 922 4429 impia
948 4358 1161 4427 imperii
1182 4356 1398 4427 jecisset
1431 4335 1808 4414 fundamenta,
1830 4350 2018 4413 vitam,
2050 4348 2196 4402 exitu

2309 3171 2616 3226 ἀπέϐλεπεν
2657 3170 2959 3241 ὀφθαλμὸν,
2995 3171 3057 3224 οὐ
3087 3169 3184 3238 τὴν
3220 3170 3525 3234 ἐπιείκειαν
3558 3171 3670 3225 τῶν
3703 3190 3899 3242 μακαο

2309 3263 2440 3335 ρίων
2475 3263 2754 3335 ηὐλαϐήθη
2778 3262 3054 3330 φυγάδων,
3092 3261 3213 3315 οὐδὲ
3236 3260 3298 3314 τὺ
3327 3262 3559 3331 μέγεθος
3581 3262 3689 3332 τῆς
3727 3264 3899 3334 εὐερ-

2308 3356 2519 3425 γεσίας,
2567 3350 2637 3428 ἦς
2666 3355 2827 3408 αὐτὸν
2878 3356 2927 3407 οί
2957 3354 3214 3424 μακάριοι
3252 3352 3383 3425 παρ’
3415 3353 3571 3418 ἀξίαν
3603 3355 3899 3425 κατηξίω-

2307 3461 2429 3509 σαν,
2495 3444 2591 3496 ἐπὶ
2645 3443 2903 3497 τοσοῦτον
2930 3441 3009 3513 τῷ
3039 3441 3241 3512 δολερῷ
3282 3443 3383 3513 τῆς
3402 3443 3767 3513 κακοτρόπου
3806 3446 3899 3498 δε-

2263 3591 2267 3595 ,
2306 3534 2627 3597 λεασθέντες
2679 3535 2926 3605 γνώμης,
2959 3533 3099 3587 ὥστε
3130 3535 3228 3587 καὶ
3277 3534 3531 3605 ἀνάδοχον
3561 3536 3736 3590 αὐτὸν
3782 3537 3899 3591 ἀπὸ

2302 3627 2403 3696 τῆς
2457 3624 2837 3708 πνευματικῆς
2882 3624 3264 3696 κολυμϐήθρας
3310 3625 3417 3678 τῶν
3456 3625 3559 3695 τῆς
3598 3627 3897 3695 βασιλείας

2302 3715 2573 3781 ἀναδεῖξαι
2640 3716 2867 3769 τέκνων.
2929 3716 3097 3769 Οὐδὲν
3147 3716 3347 3770 τούτων
3392 3716 3494 3789 τὴν
3548 3718 3739 3789 ἀπηνῆ
3796 3724 3897 3772 καὶ

2304 3807 2544 3878 θηριώδη
2625 3806 3049 3877 κατεδυσώπησε
3118 3808 3333 3879 ψυχήν·
3404 3809 3743 3873 ἀποστείλας
3811 3810 3893 3871 δὲ,

2299 3902 2527 3973 διείργει
2582 3900 2679 3970 μὲν
2740 3898 2939 3963 αὐτοὺς
2996 3901 3093 3955 ἀπ’
3144 3900 3409 3970 ἀλλήλων,
3460 3897 3563 3971 ἰδίᾳ
3605 3901 3759 3954 κατά
3792 3904 3924 3964 τὰς¹

2300 3995 2495 4063 νήσους
2525 3993 2756 4045 ἕκαστον
2807 3993 3150 4061 περιορίζων,
3189 3993 3283 4045 καὶ
3312 3993 3419 4045 ὐπὸ
3446 3993 3685 4061 ἀσφαλεῖ
3712 4010 3891 4047 κατα-

2300 4083 2502 4145 πιέζων
2536 4082 2779 4153 φρουρᾷ·
2811 4082 3130 4152 ἀφαιρεῖται
3160 4081 3217 4135 δὲ
3260 4084 3385 4146 τοὺς
3412 4085 3609 4147 παῖδας
3639 4086 3739 4145 καὶ
3772 4087 3893 4147 τίὲν

2299 4175 2652 4245 γεννητικῶν,
2683 4173 3054 4238 καταδικάσας
3082 4176 3109 4227 6
3132 4174 3444 4243 ἀμείλικτος
3472 4176 3653 4245 μελῶν
3682 4177 3888 4233 εὐνου-

2299 4268 2417 4338 χίᾳ.
2463 4265 2743 4333 Ἐντεῦθεν
2801 4263 2963 4327 αὐτὸς
3008 4265 3107 4336 μὲν
3134 4264 3379 4335 πονηρὰν
3410 4267 3476 4335 τῇ
3509 4264 3677 4319 αὐτοῦ
3716 4266 3887 4336 βασι-

2299 4359 2417 4431 λείᾳ
2451 4356 2892 4428 καταϐαλόμενος
2923 4356 3117 4427 ἀρχὴν,
3154 4356 3248 4409 καὶ
3269 4355 3421 4419 τέλος
3451 4356 3599 4419 ἀξιον
3630 4360 3887 4428 ἀπηνέγο

630 4422 907 4521 principiis
930 4422 1315 4518 respondente.
1335 4445 1490 4499 liniit.
1513 4443 1737 4512 impiam
1769 4440 1913 4495 enim
1939 4439 2197 4493 invisam-

2304 4422 2434 4503 κατο
2480 4448 2583 4520 τῆς
2636 4422 2833 4523 ἀργῆς.
2889 4422 3152 4516 Τὴν-γάρ
3211 4448 3377 4498 πάλαι
3416 4447 3599 4510 κακῶς
3648 4422 3753 4516 μὲν
3787 4422 3885 4504 καὶ

627 4558 731 4613 que
779 4540 888 4594 Deo
945 4538 1432 4615 lconomachorum
1483 4544 1726 4603 sectam,
1762 4533 1830 4587 ab
1880 4531 2048 4599 impio
2104 4530 2199 4584 illo

628 4629 808 4688 Leone
829 4630 1105 4697 quondam
1130 4627 1465 4690 meditatam,
1492 4633 1591 4679 eta
1615 4623 1974 4677 Constantino
2004 4619 2201 4676 Leonis

627 4725 758 4791 ﬁlio,
780 4710 933 4793 patre
954 4721 1116 4776 etiam
1140 4717 1430 4783 deteriore,
1450 4715 1884 4775 corroboratam,
1907 4712 1997 4767 sed
2019 4712 2202 4765 divina

624 4809 971 4887 Providentia
1031 4827 1125 4881 per
1158 4812 1403 4865 sanetam
1461 4808 1747 4875 septimam
1808 4804 2073 4874 synodum
2115 4804 2203 4873 pie

628 4918 882 4978 recteque
910 4906 1141 4977 scpitam
1174 4918 1238 4958 ac
1273 4902 1567 4965 sublatam,
1609 4897 1819 4953 invisus
1870 4897 2061 4965 draco,
2089 4898 2202 4953 dis-

627 5014 912 5071 tortusque
937 4998 1180 5054 veritatis
1211 4997 1479 5065 interpres
1508 5002 1737 5050 conatus
1772 5006 2046 5056 revocare,
2078 5006 2206 5046 con.

625 5107 704 5154 tra
730 5093 1041 5164 orthodoxa:
1059 5091 1274 5163 pietatis
1295 5086 1787 5159 propugnaculum,
1812 5083 2198 5155 Nicephorum,

626 5191 873 5259 inquam,
906 5187 1183 5258 religionis
1223 5193 1354 5237 tunc
1392 5180 1714 5244 antistitem,
1742 5194 1806 5233 ac
1835 5178 1986 5233 urb-is
2026 5178 2197 5246 impe-

630 5282 801 5338 rantis
840 5279 1235 5351 patriarcbam,
1269 5282 1484 5328 erectus
1512 5313 1525 5337 ,
1558 5273 1709 5326 illum
1750 5271 1914 5326 minis
1940 5270 2095 5338 juxta
2138 5286 2198 5325 ac

628 5376 902 5431 blanditiis
927 5378 1223 5445 Oppugnat.
1252 5366 1352 5421 Sed
1380 5382 1502 5421 cum
1527 5367 1697 5419 multo
1720 5364 2013 5418 firmiorem
2036 5378 2198 5432 quam

628 5478 890 5539 sperarat,
914 5466 1278 5537 experiretur,
1308 5458 1359 5512 vi
1397 5462 1677 5530 tyrannica
1703 5459 1769 5514 de
1802 5460 2000 5511 throno
2020 5458 2199 5511 detur-

627 5562 836 5626 batum,
876 5564 939 5613 ad
976 5554 1335 5613 dexteriorem
1380 5552 1551 5618 Steni,
1591 5552 1644 5606 id
1684 5562 1767 5607 est
1806 5550 2017 5621 angusti
2078 5549 2197 5602 freti

627 5656 941 5723 regionem,
974 5650 1025 5703 in
1083 5647 1470 5701 monasterium
1522 5646 1795 5716 quoddam
1854 5644 2198 5712 importunus

622 5748 780 5818 ejccit
836 5746 993 5811 (cum
1052 5737 1347 5795 Ecclesiam
1402 5737 1700 5809 apostolice
1728 5752 1824 5809 per
1863 5734 2195 5791 novennium

2304 4542 2610 4609 θεοστυγῶς
2659 4537 3043 4611 μελετηθεῖσαν
3091 4536 3197 4604 τῶν
3238 4535 3619 4607 Είκονομάχων
3663 4539 3884 4611 αἵρεσιν

2305 4632 2408 4685 ὑπὸ
2430 4632 2659 4693 Λέοντος
2688 4629 2897 4682 ἐκείνου
2926 4630 3020 4681 τοῦ
3049 4626 3361 4701 δυσσεϐοῦς,
3391 4630 3487 4681 καὶ
3526 4629 3882 4684 Κωνσταντί-

2274 4735 2279 4739 ’
2305 4740 2396 4776 νου
2425 4722 2519 4777 τοῦ
2577 4719 3002 4790 δυσσεϐεστέρου
3053 4717 3488 4789 κραταιωθείσαν
3514 4718 3659 4782 υίοῦ,
3691 4719 3881 4785 καλῶς

2305 4816 2360 4868 δὲ
2387 4816 2481 4868 καὶ
2508 4812 2749 4877 εὐσεϐῶς
2776 4812 2864 4865 διὰ
2930 4811 3182 4881 προνοίας
3229 4808 3365 4863 Θεοῦ
3414 4810 3506 4862 καὶ
3560 4808 3664 4879 τῆς
3711 4811 3877 4876 ἁγίας

2306 4906 2539 4977 ἑϐδόμης
2579 4903 2794 4957 συνόδου
2823 4894 3239 4972 καθαιρεθεῖσαν
3277 4900 3372 4953 καὶ
3397 4897 3872 4966 καταπαυθείσαν,

2304 5003 2333 5053 6
2361 4997 2603 5068 μυσαρὸς
2633 4989 2789 5057 οὗτος
2843 4993 2965 5063 δφις
3000 4993 3093 5047 καὶ
3143 4992 3242 5063 τῆς
3272 4989 3533 5061 ἀληθείας
3566 4988 3874 5059 παραλογι-

2307 5089 2435 5158 στὴς
2464 5083 2726 5139 ἀνανεοῦν
2756 5084 2913 5148 αὖθις
2971 5085 3271 5152 ὲπιχειρεῖ’
3305 5077 3401 5133 καὶ
3435 5077 3515 5148 τῷ
3548 5074 3746 5149 πύργῳ
3778 5083 3873 5150 τῆς

2304 5178 2611 5251 ὀρθοδοξίας
2650 5178 2909 5245 ἐκραγεὶς
2952 5174 3291 5247 (Νικηφόρος
3314 5171 3370 5224 δὲ
3401 5166 3558 5233 οὗτος
3586 5166 3680 5241 ἦν,
3713 5173 3738 5224 6
3770 5175 3869 5244 τῆς

2304 5270 2578 5333 εὐσεϐείας
2601 5270 2931 5339 προστάτης,
2958 5267 3052 5320 καὶ
3098 5266 3198 5335 τῆς
3241 5262 3513 5333 βασιλίδος
3562 5263 3868 5335 ἱεράρχης).

2302 5360 2477 5430 τούτῳ
2510 5359 2830 5428 προσϐαλὼν
2894 5358 3157 5421 θωπείαις
3214 5355 3307 5410 καὶ
3352 5354 3623 5423 ἀπειλαῖς,
3688 5358 3867 5427 ἐπειδὴ

2304 5446 2642 5517 στερροτέρῳ
2690 5448 2889 5517 μᾶλλον
2930 5446 2962 5517 ἢ
3007 5446 3153 5499 κατὰ
3189 5445 3287 5516 τὴν
3326 5443 3491 5497 αὐτοῦ
3536 5447 3861 5514 περιέπιπτε

2302 5542 2518 5613 βουλὴν,
2550 5541 2826 5606 ἐξελαύνει
2874 5542 2973 5613 μὲν
3003 5543 3300 5612 τυραννικῇ
3354 5538 3445 5594 τοῦ
3484 5539 3676 5609 θρόνου
3706 5531 3863 5606 χειρὶ,

2302 5626 2457 5692 ἐννέα
2488 5634 2663 5689 ἐτεσιν
2700 5638 2799 5705 ἥδη
2831 5634 3203 5699 ἀποστολικῷς
3236 5634 3473 5689 ιθύναντι
3504 5632 3603 5701 τὴν
3645 5630 3870 5698 Ἐκκλη-

2308 5731 2449 5797 σίαν,
2482 5729 2618 5801 πρὸς
2644 5729 2700 5779 δὲ
2724 5730 2833 5791 τοῖς
2864 5730 3053 5797 δεξιοῖς
3093 5728 3187 5785 τοῦ
3209 5723 3401 5782 Στενοῦ
3432 5725 3632 5797 μέρεσι
3659 5728 3784 5781 κατά
3810 5739 3867 5775 τι

3358 5930 3393 5969 (η
