3924 6312
709 340 814 404 195

1893 333 2183 397 NICET/E
2213 332 2728 395 PAPHLAGONIS

3553 118 3874 210 η...

3816 335 3918 396 496

714 451 1007 508 caelestium
1035 462 1296 519 aquarum
1329 446 1610 511 decursus,
1636 454 1691 501 et
1713 446 2013 502 uberrimos
2036 447 2259 515 Spiritus

2369 446 2623 516 ὲνδύμασι
2649 449 2820 518 κομᾷν
2854 446 2948 501 καὶ
2974 445 3204 511 στολαῖς,
3231 444 3372 499 κατὰ
3407 445 3511 512 τὴν
3533 446 3916 515 κατηραμέντιν

699 539 882 603 ‘_sancti
917 538 1091 593 fontes
1141 538 1294 602 situs,
1347 545 1402 589 et
1433 535 1599 591 Vetus
1634 551 1807 591 omne
1836 535 2258 598 Testamentum,

710 630 1025 707 Novumque
1053 638 1218 682 totum
1240 626 1546 691 meditatus,
1578 639 1882 684 sanctorum
1909 628 2125 683 Palmm
2151 641 2262 701 mo-

710 722 985 786 nutnentis
1015 718 1253 772 studiose
1299 718 1566 782 addictus,
1605 718 1819 773 illorum
1854 729 1905 773 et
1954 718 2094 772 facta
2138 716 2260 771 inti-

690 814 911 874 '.tando,
955 818 1008 862 et
1036 808 1513 878 contemplationes
1565 818 1747 864 mente
1786 810 2130 873 revolventlo,
2178 816 2260 860 to-

705 916 936 972 .tutnque
953 901 1260 953 interiorem
1288 899 1558 953 hominem
1583 899 1876 970 saginando
1891 899 2258 959 confirmatus,

708 993 1056 1048 dulcissimos
1105 989 1320 1045 virtutis
1357 988 1566 1045 fructus
1601 992 1707 1044 Deo
1744 991 2111 1060 progignebat.
2145 987 2262 1041 Pri-

717 1103 862 1143 mum
896 1086 1077 1151 itaque
1107 1082 1513 1148 temperantiam
1549 1081 1604 1134 in
1650 1081 1988 1145 abstinendo,
2027 1078 2260 1133 studium

657 1236 666 1246 ,η
719 1183 770 1234 in
805 1175 1093 1246 vigilando,
1122 1171 1342 1242 psalmis
1361 1171 1638 1236 canendis,
1661 1171 1874 1240 quando
1894 1170 1940 1223 id
1956 1169 2258 1238 jubebatur,

720 1266 1098 1338 precandoque
1133 1262 1443 1332 proferebat
1475 1278 1488 1314 :
1525 1261 1659 1315 adde
1683 1261 1848 1314 callos
1900 1261 1950 1312 in
2001 1259 2258 1326 genibus,

720 1361 1006 1427 lacrymas,
1049 1352 1282 1421 pectoris
1325 1351 1588 1418 planctus,
1629 1350 1821 1420 linguae
1855 1348 2258 1410 continentiam,

717 1449 1110 1513 verberumque
1153 1441 1515 1506 tolerantiam,
1545 1456 1574 1492 a
1605 1441 1892 1509 paedagogo
1923 1438 2109 1494 tetrico
2140 1452 2265 1504 prae

718 1509 876 1606 viqitc
901 1509 1090 1604 iudicii
1115 1531 1704 1594 hominerinﬂictorum,
1738 1530 1827 1597 qui
1861 1528 2025 1591 illum,
2058 1536 2115 1581 ut
2144 1527 2258 1580 lco-

712 1628 994 1681 nomachis
1034 1625 1443 1693 gratificaretur,
1488 1621 1620 1674 dure
1663 1617 1950 1673 admodum
1995 1617 2259 1672 educavit;

706 1717 789 1770 Ad
817 1717 929 1769 hzec
955 1716 1224 1767 lenitatem
1251 1751 1265 1774 ,
1297 1709 1569 1777 animique
1595 1708 1999 1772 demissionem,
2029 1723 2262 1778 ergaque

2365 539 2578 608 ἐκείνην
2618 540 2786 609 συκῆν
2810 556 2822 568 ·
2864 539 2988 605 παρ’
3017 538 3172 590 ὕδασι
3204 536 3260 589 δὲ
3295 535 3457 598 θείοις
3479 536 3575 589 καὶ
3603 536 3918 604 άφθονωτα-

2364 645 2478 691 τοις
2529 629 2623 681 τοῦ
2678 628 2988 697 Πνεύματος
3037 629 3221 696 ’μένων
3253 627 3554 696 ἐπιρροαῖς,
3592 627 3688 678 καὶ
3743 630 3919 678 πᾶσιν

2370 720 2466 790 μὲν
2495 720 2734 773 Παλαιὰν
2765 719 3056 788 Διαθήκην,
3118 720 3294 771 πᾶσαν
3331 718 3387 770 δὲ
3414 716 3557 769 Νέαν
3586 717 3920 785 ὲκμελετῶν,

2367 813 2574 880 πᾶσιοδὲ
2608 811 2781 878 λόγοις
2807 810 2914 863 τῶν
2949 810 3106 879 ἱερῶν
3129 811 3272 864 Πατέ
3283 827 3388 878 ρων
3413 809 3742 879 φιλοπείρως
3773 810 3924 876 ἐσχοο

2367 902 2567 965 λακὼς,
2599 903 2692 954 καὶ
2732 901 2933 954 τούτων
2961 901 3075 969 ,τήν
3117 917 3174 953 τε
3205 903 3400 970 πρᾶξιν
3442 900 3797 970 μιμούμενος,
3829 903 3924 949 καὶ

2366 997 2463 1065 τὴν
2488 995 2715 1064 Θεωρίαν
2761 992 3167 1060 ἀναλεγόμενος,
3228 994 3322 1045 καὶ
3375 992 3468 1046 τὸν
3516 991 3662 1053 ὲντδς
3709 990 3922 1058 ἄνθρω-

2369 1103 2468 1138 πον
2528 1086 2662 1147 ὅλως
2721 1082 3069 1151 πιαινόμενος
3130 1083 3187 1133 ὲν
3239 1082 3446 1144 τούτοις
3476 1083 3568 1136 καὶ
3626 1081 3920 1150 κραταιού-

2378 1190 2559 1242 μενος,
2593 1173 2930 1241 καρποφορεῖ
2973 1171 3062 1223 τὸν
3087 1171 3301 1239 ἥδιστον
3336 1171 3434 1238 τῆς
3465 1171 3665 1239 ἀρετῆς
3715 1168 3924 1238 impr-:6:

2366 1262 2443 1332 τῷ
2466 1261 2600 1331 Θεῷ,
2636 1263 2986 1330 Καρποφορεῖ
3027 1259 3237 1329 πρῶτον
3295 1258 3390 1327 μὲν
3440 1260 3716 1326 νηστείαν,
3746 1261 3918 1326 expc-

2368 1352 2547 1415 πνίαν,
2605 1348 2921 1420 ψαλμῳδίαν
2958 1349 3409 1418 ὲπιτεταγμένην,
3456 1350 3549 1401 καὶ
3589 1350 3920 1417 προσευχὰς,

2365 1441 2553 1503 τύλους
2589 1441 2849 1509 γονάτων,
2889 1441 3112 1510 δάκρυα,
3142 1438 3349 1508 στηθῶν
3375 1439 3709 1509 ἐπιτίμησιν,
3747 1439 3922 1506 γλώσ-

2333 1602 2340 1607 .
2371 1547 2466 1598 σης
2511 1530 2857 1598 ἐγκράτειαν,
2898 1528 3171 1597 ὑπομονὴν
3215 1527 3346 1596 πρὸς
3380 1527 3554 1588 πάσας
3587 1528 3793 1589 αίκίας,
3830 1526 3918 1577 τοί

2373 1618 2743 1687 καθηγεμόνος
2766 1616 2998 1687 σκληροῦ
3044 1633 3101 1668 τε
3131 1615 3228 1684 τὴν
3256 1617 3476 1684 γνώμην
3504 1616 3677 1677 ὄντος,
3707 1618 3801 1667 καὶ
3851 1615 3924 1682 τῷ

2367 1713 2478 1771 τοῖς
2534 1709 2916 1779 Εἰκονομάχοις
2963 1707 3295 1778 χαρίζεσθαι,
3338 1707 3587 1777 σκληρῶς
3620 1708 3765 1760 πάνυ
3800 1725 3922 1757 παι-

712 1819 924 1858 omnem
959 1801 1347 1854 fraternitatem
1370 1813 1489 1868 quae
1520 1798 1816 1851 secundum
1843 1797 2008 1852 Deum
2047 1799 2259 1857 estoli-

2365 1798 2735 1866 δαγωγοῦντος
2781 1798 2976 1850 αὐτόν·
3010 1797 3145 1866 πρὸς
3202 1797 3412 1860 τούτοις
3462 1798 3772 1868 πραΰτητα,
3831 1797 3920 1848 καὶ

707 1896 978 1963 sequium.
1003 1891 1158 1946 Hisce
1181 1891 1406 1958 primum
1440 1889 1602 1942 rebus
1628 1888 1890 1958 factisque
1923 1888 2049 1941 dum
2078 1889 2264 1944 beatus

704 1990 1006 2044 exercetur,
1047 1980 1193 2034 hisce
1226 1981 1276 2032 in
1301 1979 1495 2033 studiis
1530 1987 1798 2043 versatur,
1831 1990 1884 2032 et
1908 1978 2160 2047 praeclare
2207 1991 2264 2032 se

706 2069 999 2135 componit,
1024 2066 1211 2120 ordine
1230 2081 1351 2118 cum
1374 2065 1504 2133 ipsis
1527 2069 1683 2120 annis
1699 2078 1751 2120 et
1767 2080 1992 2134 corpore
2019 2079 2263 2118 succres-

706 2170 880 2224 een‘te,
910 2161 1169 2230 puerilem
1193 2167 1402 2212 aetatem
1434 2158 1636 2212 ducens
1677 2158 1742 2210 ad
1784 2157 2098 2226 perfectiora
2137 2170 2264 2210 con-

616 2301 630 2316 ,
708 2249 1041 2302 ﬁrmabatur.
1068 2245 1327 2312 Deinceps
1348 2258 1475 2297 vero
1503 2243 1849 2312 perfectiores
1872 2242 1977 2297 Deo
2017 2250 2264 2312 procreat

711 2338 957 2398 fructus,
1008 2335 1185 2409 fidem,
1247 2334 1498 2402 inquam,
1557 2346 1728 2401 spem,
1783 2341 1836 2385 et
1887 2332 2200 2386 eharitatem
2247 2348 2260 2385 :

710 2426 867 2478 tidem
927 2423 1216 2493 perfectam
1265 2438 1327 2475 ex
1384 2421 1618 2490 perfecta
1667 2437 1730 2476 ac
1783 2430 1891 2476 tota
1925 2432 2100 2477 mente
2157 2422 2264 2477 Deo

708 2513 944 2582 perfecto
982 2514 1228 2576 offerens,
1288 2512 1440 2564 fidem
1485 2513 1772 2576 sinceram,
1815 2527 1961 2580 spem
2007 2527 2125 2581 qua:
2157 2528 2262 2566 non

707 2605 1054 2659 confunditur
1079 2645 1093 2667 ,
1126 2603 1442 2656 clturitatem
1479 2617 1581 2655 non
1619 2604 1796 2655 fictam
1825 2619 1887 2656 ex
1937 2619 2071 2672 puro
2099 2604 2263 2658 corde

702 2711 827 2764 erga
869 2697 1032 2747 Deum
1067 2704 1118 2746 et
1145 2693 1449 2761 proximum
1477 2731 1491 2756 ,
1522 2706 1587 2745 ex
1622 2703 1886 2761 praecepto
1925 2701 2068 2747 recte
2109 2694 2262 2748 insti-

701 2797 895 2838 tutam.
932 2783 1039 2838 llos
1068 2782 1282 2837 virtutis
1316 2782 1524 2838 fructus
1562 2784 1687 2837 dum
1720 2800 1872 2840 sacer
1903 2786 1989 2839 hic
2020 2787 2258 2856 lgnatius

704 2874 1210 2942 pmducit,atquein
1233 2875 1315 2926 his
1329 2883 1471 2928 recte
1487 2873 1749 2928 factorum
1779 2877 1971 2930 studiis
1999 2891 2028 2930 a
2061 2876 2259 2931 teneris
2297 2900 2311 2908 ί

707 2974 873 3028 usque
897 2961 1054 3012 annis
1079 2969 1286 3027 tempus
1309 2974 1467 3012 omne
1503 2960 1752 3026 collocat,
1776 2976 1881 3030 quo
1912 2961 2077 3016 Deum
2109 2963 2256 3030 impii

702 3049 770 3106 ad
812 3051 1138 3102 iracundiam
1192 3050 1589 3118 provocabant,
1630 3050 1742 3118 ipse
1784 3052 1847 3104 ad
1880 3065 2091 3106 omnem
2127 3051 2259 3104 reli-

708 3139 879 3204 gionis
904 3137 1114 3188 laudem
1136 3135 1720 3191 co:nscemlebat.Patre
1736 3139 1877 3191 enim
1901 3148 1952 3191 et
1971 3139 2258 3208 paedagogo
2286 3130 2326 3186 C

649 3222 655 3228 ’
706 3245 734 3280 e
770 3229 872 3280 vita
907 3227 1132 3280 sublatis
1155 3265 1169 3288 ,
1206 3227 1387 3280 statim
1433 3227 1657 3281 fratrum
1690 3229 1792 3283 sibi
1844 3230 2258 3298 animarumque

704 3333 832 3370 cura
856 3326 907 3370 ct
941 3316 1252 3383 praefectura
1275 3317 1582 3378 commissa,
1610 3317 1660 3371 in
1700 3318 1815 3387 ipso
1839 3321 2074 3373 muneris
2098 3335 2258 3373 exor-

632 3399 636 3404 ’
704 3410 792 3461 dio
820 3407 1076 3469 ostendit,
1107 3421 1227 3474 qua:
1262 3407 1432 3458 sancti
1463 3405 1692 3475 Spiritus
1720 3407 1799 3460 vis
1830 3407 2078 3476 deinceps
2101 3423 2165 3460 ex
2201 3421 2256 3460 se

704 3509 848 3554 esset
872 3498 1147 3551 elfulsura.
1180 3496 1323 3549 Adeo
1352 3496 1550 3565 quippe
1585 3484 1953 3565 frequentibus
1983 3498 2255 3552 concinni-

709 3589 804 3646 bus
831 3589 1269 3656 sapientibusque
1295 3588 1762 3641 cohortationibus
1795 3603 2017 3642 suorum
2045 3599 2253 3643 mentes

710 3680 979 3746 pascebat,
1040 3693 1362 3746 semperque
1397 3677 1460 3730 ad
1495 3677 1716 3731 virentia
1742 3677 1834 3731 Dei
1865 3693 2064 3746 pascua
2089 3678 2256 3732 dedu-

705 3773 888 3831 cebat,
927 3770 1000 3821 uti
1037 3769 1260 3823 mirilice
1299 3778 1563 3823 cresceret
1598 3769 1648 3822 in
1682 3769 1770 3823 illo
1801 3771 1986 3838 gratiae
2019 3778 2072 3823 et
2097 3769 2257 3838 spiri-

708 3855 827 3915 lalis
860 3861 1153 3931 magisterii
1187 3862 1410 3923 donum,
1443 3861 1680 3928 adeoque
1709 3870 1928 3930 augeret
1962 3861 2076 3915 suis
2109 3861 2261 3915 insti-

706 3944 1004 4000 lmionibus
1026 3947 1163 4001 ovile
1188 3946 1408 4013 Christi,
1441 3957 1500 4001 ut
1522 3948 1647 4003 illud
1671 3963 1769 4004 nec
1787 3965 1924 4004 unus
1944 3950 2054 4020 jam
2085 3951 2257 4012 locus,

706 4053 800 4095 nec
829 4052 930 4093 una
960 4041 1155 4091 domus
1188 4039 1419 4106 amplius
1439 4049 1672 4108 caperet,
1709 4041 1800 4094 sed
1824 4051 2083 4110 quaterna
2115 4041 2259 4097 illius

705 4126 880 4186 studio
933 4132 1175 4186 omnobia
1238 4132 1601 4189 excitarentur
1655 4135 2254 4204 constituerenturqtte;

707 4215 778 4273 ita
819 4231 876 4273 ut
902 4220 1129 4287 singulis
1163 4236 1257 4274 sua
1304 4223 1584 4276 commoda
1615 4232 1796 4277 essent
1825 4223 2097 4278 domicilia
2121 4266 2134 4289 ,
2174 4239 2258 4278 sa-

709 4323 968 4376 crumque
1006 4311 1454 4398 instrumentum,
1500 4321 1799 4381 caeteraque
1827 4314 1892 4367 ad
1929 4329 2086 4368 usum
2133 4329 2250 4367 mo-

711 4401 929 4456 naslerli
959 4405 1280 4458 necessaria.
1305 4403 1495 4458 Omnia
1519 4407 1748 4475 denique
1765 4407 1974 4461 decenti
2018 4409 2254 4476 ipsisque

707 4495 1045 4546 (‘om'enicnli
1101 4510 1359 4563 apparatu
1415 4509 1660 4566 suscepta
1695 4513 1856 4562 cura,
1895 4514 2120 4566 magnus
2171 4499 2256 4552 ille

705 4582 1008 4636 instruebat
1057 4587 1531 4654 cornponchatque.
1563 4586 1899 4639 Docehantur
1949 4603 2134 4641 omnes
2189 4589 2256 4640 ab

703 4672 798 4726 illo
869 4673 1124 4738 magistro
1169 4681 1221 4724 et
1255 4684 1492 4739 parente,
1525 4675 1576 4725 in
1634 4675 1822 4739 primis
1858 4674 2097 4740 ipsorum
2131 4691 2251 4729 esse

2364 1889 2709 1951 ταπείνωσιν,
2765 1888 2856 1939 καὶ
2909 1886 3152 1957 ὑπακοὴν
3206 1889 3383 1940 πᾶσαν
3429 1889 3564 1957 πρὸς
3613 1890 3796 1941 πᾶσαν
3828 1891 3920 1955 τὴν

2364 1978 2504 2031 κατὰ
2556 1979 2756 2046 Κύριον
2805 1976 3157 2044 ἀδελφότητα.
3217 1979 3437 2049 Πρῶτον
3485 1979 3580 2048 μὲν
3621 1978 3794 2059 ταῦτα
3839 1979 3922 2029 διὰ

2367 2071 2662 2140 πράξεωςο
2701 2071 2967 2140 μακάριος
3021 2072 3241 2141 μετιὼν,
3272 2073 3365 2124 καί
3397 2071 3600 2133 τούτοις
3640 2071 3920 2139 “(Empt-

2365 2162 2644 2231 ϐούμενος,
2677 2163 2768 2214 καὶ
2824 2162 3083 2214 κάλλιστα
3130 2162 3574 2233 προτελούμενος,
3610 2162 3920 2221 ἀκολούθως

2362 2257 2426 2325 τῇ
2465 2254 2687 2324 αὐξήσει
2720 2253 2813 2306 τοῦ
2846 2251 3113 2323 σώματος,
3154 2254 3246 2306 καὶ
3279 2253 3375 2323 τὴν
3403 2251 3656 2321 παιδικὴν
3705 2234 3918 2320 ἡλικίαν

2365 2345 2692 2413 προκόπτων
2760 2343 3116 2414 κατωρθοῦτο.
3184 2344 3413 2395 Ἔπειτα
3459 2344 3796 2411 καρποφορεῖ
3851 2342 3918 2404 τῷ

2364 2435 2479 2502 Θεῷ
2505 2434 2570 2488 τὰ
2596 2434 2920 2506 τελειότερα,
2951 2436 3129 2488 πίστιν
3173 2435 3235 2504 δὴ
3265 2435 3425 2501 λέγω,
3456 2434 3552 2487 καὶ
3582 2416 3795 2496 ἐλπίδα,
3833 2437 3918 2484 καὶ

2365 2527 2581 2595 ἀγάπην
2605 2539 2618 2554 ·
2675 2525 2858 2578 πίστιν
2903 2525 3113 2579 τελείαν
3149 2527 3210 2578 ὲκ
3252 2525 3462 2587 τελείας
3501 2524 3593 2575 καὶ
3622 2522 3916 2591 ὁλοκλήρ-ῖε

2363 2616 2596 2678 διανοίας
2619 2615 2695 2684 τῷ
2729 2615 2918 2684 τελείῳ
2960 2616 3370 2686 προσαγομένην
3407 2615 3560 2683 Θεῴο
3598 2614 3784 2665 πίστιν
3833 2616 3916 2664 ἁν-

2368 2709 2678 2776 υπόκριτον,
2712 2706 2896 2759 ἐλπίδα
2922 2706 3360 2776 άκαταίσχυντον,
3389 2707 3604 2775 ἀγάπην
3625 2704 3918 2773 είλικρινῆ.

2361 2798 2420 2860 ὲξ
2443 2797 2764 2866 εἰλικρινοῦς
2806 2798 3030 2867 καρδίας
3064 2798 3197 2868 πρὸς
3247 2797 3340 2850 τὸν
3367 2797 3498 2850 Θεὸν
3541 2797 3632 2848 καὶ
3665 2795 3758 2846 τὸν
3786 2794 3920 2860 πλη·

2363 2888 2472 2940 σίον
2499 2891 2636 2941 κατὰ
2683 2889 2781 2958 τὴν
2821 2889 3037 2960 ἐντολὴν
3065 2889 3522 2959 κατορθουμένην.
3565 2885 3756 2939 Ταῦτα
3781 2904 3916 2952 καρ-

2361 2978 2608 3048 ποφορῶν
2664 2981 2692 3032 ὁ
2736 2980 2876 3042 θεῖος
2930 2979 3202 3047 Ἰγνάτιος,
3260 2983 3361 3034 κάν
3391 2979 3599 3041 τούτοις
3626 2978 3693 3030 έκ
3720 2979 3917 3045 νεαρᾶς

2360 3067 2572 3138 ἡλικίας
2594 3071 2702 3131 τοῖς
2729 3068 3111 3139 κατορθώμασι
3168 3070 3342 3134 συζῶν
3379 3070 3553 3122 πάντα
3591 3068 3681 3120 τδν
3707 3069 3914 3137 χρόνον.

2362 3153 2405 3226 ᾧ
2454 3160 2543 3212 τὸν
2600 3159 2729 3213 Θεὸν
2791 3161 2838 3212 οἱ
2889 3161 3207 3224 ἀσεϐοῦντες
3253 3162 3718 3232 παρεπίκραινον,
3759 3160 3914 3216 0.61%.

2362 3249 2497 3316 πρὸς
2526 3249 2622 3318 τὴν
2644 3249 2919 3302 εύσέόειαν
2943 3250 3286 3320 κατωρθοῦτο
3318 3251 3654 3303 τελεώτατα.
3687 3248 3801 3300 Καὶ
3818 3251 3914 3314 γὰρ

2361 3338 2455 3390 τοῦ
2488 3339 2690 3409 πατρὸς
2718 3338 2882 3392 αύτοῦ
2919 3339 3012 3394 καὶ
3037 3339 3129 3393 τοῦ
3166 3340 3477 3410 καθηγητοῦ
3511 3342 3602 3393 τὸν
3634 3343 3914 3413 ἀνθρώπι-

2361 3446 2448 3481 νον
2480 3430 2883 3498 μετηλλαχότων
2915 3430 3046 3499 βίον,
3077 3431 3255 3498 πάσης
3298 3431 3353 3483 δὲ
3384 3431 3481 3499 τῆς
3521 3431 3767 3498 ἀδελφῶν
3804 3433 3915 3483 ἔτι·

2365 3519 2579 3589 μελείας
2610 3520 2817 3590 καὶτῆς
2846 3521 3028 3589 ψυχῶν
3057 3521 3398 3584 ἐπιστασίας,
3433 3520 3507 3584 ὡς
3561 3522 3800 3590 ποιμένα
3830 3539 3919 3573 και

2359 3607 2446 3660 λὸν
2478 3609 2690 3663 καὶτῶν
2713 3611 2940 3679 λογικῶν
2977 3611 3260 3682 προϐάτων
3279 3612 3613 3682 καθηγητὴν,
3638 3630 3912 3681 περιισταο

2363 3699 2529 3770 μένης
2563 3703 2641 3763 είς
2678 3701 2856 3768 αὑτὸν,
2883 3701 3080 3764 ἔδειξεν
3119 3703 3176 3754 έν
3217 3701 3448 3771 πρώτοις
3475 3701 3634 3764 εὐθὺς
3686 3701 3790 3770 τὴν
3835 3703 3904 3751 ἐς»

2376 3792 2596 3861 ύστερον
2630 3792 2687 3844 ὲν
2721 3791 2865 3861 αύτῷ
2893 3792 2986 3846 τοῦ
3036 3793 3343 3862 Πνεύματος
3369 3793 3593 3862 δύναμιν
3640 3795 3909 3861 ἀναφαίνῃ

2364 3881 2611 3950 σομένην.
2646 3881 2800 3934 Οὕτω
2852 3882 2958 3952 γὰρ
3016 3885 3134 3944 ταῖς
3171 3883 3413 3950 συνεχέσι
3437 3883 3544 3936 τῶν
3594 3882 3772 3950 λόγων
3800 3887 3909 3953 ὁμι-

2359 3972 2497 4034 λίαις
2553 3973 2644 4024 καὶ
2700 3975 2818 4035 ταῖς
2875 3975 3062 4041 σοφαῖς
3097 3973 3448 4043 παραινέσεσι
3485 3974 3582 4036 τὰς
3609 3976 3796 4027 αὐτῶν
3836 3976 3906 4038 ἐξ·

2363 4063 2555 4132 έτρεφε
2602 4064 2798 4134 ψυχὰς,
2851 4063 2946 4115 καὶ
2998 4064 3090 4116 ἐπὶ
3153 4065 3246 4128 τὰς
3279 4065 3549 4127 ἁειθαλεῖς
3588 4066 3793 4135 ὠδήγει
3827 4068 3906 4117 τεεί

2357 4152 2490 4205 Θεοῦ
2525 4155 2706 4223 μονὰς,
2747 4157 2820 4218 ὡς
2849 4156 3407 4226 πολλαπλασιασθῆναι
3435 4158 3533 4226 μὲν
3557 4157 3704 4225 αύτῷ
3730 4158 3794 4209 τὸ
3823 4158 3907 4224 τῆς

2358 4245 2573 4314 χάριτος
2607 4246 2860 4298 τάλαντον
2887 4247 2977 4298 καὶ
3011 4247 3110 4315 τῆς
3151 4247 3520 4318 πνευματικῆς
3543 4249 3905 4308 διδασκαλίας,

2357 4333 2926 4402 πολλαπλασιασθῆναι
2983 4336 3039 4388 δὲ
3097 4338 3187 4389 καὶ
3242 4339 3301 4388 τὺ
3351 4338 3601 4407 ποίμνιον
3671 4338 3766 4390 ἐπὶ
3835 4354 3905 4388 τε·

2358 4422 2664 4488 σοῦτον,ῶς
2715 4426 2903 4495 μηκέτι
2932 4427 3150 4490 τούτους
3193 4428 3270 4478 ἐνί
3294 4427 3439 4493 τόπῳ
3466 4427 3599 4495 μηδὲ
3638 4429 3736 4496 μιᾷ
3782 4429 3905 4498 poi]

2354 4513 2608 4567 δύνασθαι
2653 4515 2962 4584 χωρεῖσθαι,
2988 4516 3221 4585 τέσσαρα
3268 4517 3322 4569 δὲ
3371 4519 3436 4569 τὰ
3465 4518 3639 4569 πάντα
3688 4517 3775 4568 διὰ
3821 4519 3903 4584 τῆς

2354 4605 2514 4658 αὑτοῦ
2569 4607 2800 4675 σπουδῆς
2830 4607 3119 4675 ἀναστῆναι
3152 4607 3241 4660 καὶ
3281 4610 3608 4678 καταστῆναι
3649 4609 3903 4678 μοναστή-

2359 4712 2449 4762 ρια
2477 4712 2488 4724 ·
2541 4697 2768 4749 ἑκάστου
2806 4699 2904 4759 τὰς
2973 4698 3312 4768 ἁρμοζούσας
3343 4700 3648 4768 οίκοδομὰς,
3682 4699 3776 4752 καὶ
3806 4701 3903 4750 τῶν

708 4765 872 4817 Deum
897 4763 1144 4815 laudibus
1169 4763 1457 4825 celebrare,
1485 4772 1536 4816 et
1557 4763 1783 4816 orationi
1811 4778 1998 4818 vacare
2024 4782 2037 4817 :
2065 4767 2252 4820 deinde

2363 4751 2369 4762 .
2886 4751 2900 4759 -
3013 4751 3023 4768 ι
3050 4751 3061 4767 ι
3129 4751 3145 4761 υ
3258 4751 3265 4752 ’
3293 4751 3310 4762 '
3399 4751 3423 4753 "
3522 4751 3533 4768 ‘
3608 4751 3648 4763 "
3686 4751 3708 4752 7'

2363 4783 2515 4852 ίερῶν
2539 4787 2762 4851 σκευῶν,
2798 4788 2888 4840 καὶ
2920 4789 3027 4840 τῶν
3049 4790 3357 4855 ἀναγκαίων
3383 4791 3580 4859 χρειῶν
3630 4790 3728 4859 τὴν
3753 4808 3898 4855 περι-

702 4865 755 4906 ut
793 4855 987 4923 singuli
1017 4869 1112 4906 sua
1150 4855 1445 4908 ministeria
1483 4855 1715 4916 obirent,
1747 4854 2028 4923 omniaque
2061 4858 2126 4910 ad
2161 4857 2250 4912 Dei

702 4945 910 4998 laudem
940 4952 990 4997 et
1016 4944 1239 5008 gloriam
1273 4946 1553 4997 referrent.
1641 4980 1643 4986 .

2361 4873 2593 4942 ποίησιν,
2636 4879 2725 4930 καὶ
2785 4881 2960 4931 πᾶσαν
3006 4879 3100 4949 τὴν
3151 4881 3342 4943 αὐτοῖς
3381 4883 3696 4949 πρέπουσαν
3753 4898 3882 4932 κατα

2362 4966 2555 5033 σκευήν
2590 4983 2644 5017 τε
2672 4969 2761 5017 καὶ
2807 4967 3043 5031 διάταξιν
3072 4970 3157 5022 διὰ
3184 4971 3280 5038 τῆς
3300 4969 3393 5022 τοῦ
3430 4972 3663 5038 μεγάλου
3697 4971 3896 5040 λαμεάο

700 5051 877 5095 νοντοῖ
911 5034 1218 5100 ἐπιμελείαις
1249 5050 1259 5061 ’
1286 5035 1374 5084 καί
1398 5032 1611 5130 πάντίιξν
1631 5032 1715 5084 ἐπ’
1743 5033 1930 5103 ἐκείνῳ
1960 5037 2286 5109 καθηγεμόνι
2310 5051 2399 5102 καὶ
2437 5056 2601 5124 πατρί
2639 5055 3047 5126 διδασκομένων,
3073 5059 3230 5128 ἔργον
3263 5061 3358 5128 μὲν
3388 5063 3653 5113 ποιεῖσθαι
3689 5063 3787 5130 τὴν
3816 5059 3896 5112 τοῦ

704 5123 834 5175 θεοῦ
860 5122 1156 5190 δοξολογίαν
1199 5121 1287 5173 καὶ
1318 5118 1643 5187 προσευχῆνι
1685 5121 1741 5172 έν
1777 5124 2034 5195 παρέργῳ
2069 5128 2123 5179 δὲ
2155 5131 2365 5205 καὶτῆς
2415 5142 2532 5193 κατ’
2563 5142 2753 5204 αὐτοὺς
2795 5144 3020 5199 ἕκαστον
3073 5147 3557 5217 ἀντιλαμϐάνεσθαι
3613 5149 3890 5212 διακονίας,

702 5223 792 5273 καὶ
840 5221 1012 5272 πάντα
1063 5220 1232 5269 ποιεῖν
1264 5219 1339 5277 εἰς
1383 5214 1539 5279 δόξαν
1583 5217 1671 5269 καὶ
1699 5217 1914 5271 ἔπαινον
1935 5220 2089 5275 Θεοῦ,

767 5311 947 5379 Itaque
995 5311 1159 5373 l'late,
1205 5320 1253 5361 et
1306 5291 1558 5377 llyatros,
1582 5324 1642 5362 ac
1690 5311 2066 5379 Terebinthus,
2110 5333 2242 5385 quas

703 5404 974 5471 Principes
1025 5402 1292 5471 appellant
1342 5401 1562 5467 insulas,
1612 5403 1754 5457 illius
1796 5419 1925 5458 cura
1972 5416 2024 5459 et
2074 5411 2251 5463 studio

698 5497 1026 5554 inhabitare,
1056 5497 1105 5545 in
1141 5495 1278 5546 rudes
1305 5509 1481 5546 sacras
1529 5505 1579 5547 et
1612 5499 1996 5550 monachorum
2027 5500 2252 5552 domici-

700 5588 768 5638 lia
807 5597 925 5637 sunt
955 5601 1242 5637 conversa).
1296 5584 1422 5636 Nam
1470 5603 1497 5639 e
1537 5590 1751 5654 regione
1784 5589 1969 5642 harum
2003 5590 2054 5641 itt
2084 5591 2250 5641 conti—

708 5681 861 5726 nente
890 5674 953 5724 ad
987 5688 1126 5725 manu
1159 5677 1337 5735 silum,
1373 5678 1490 5739 hoc,
1519 5680 1756 5747 inquam,
1785 5681 2037 5734 eximium
2074 5682 2248 5750 magni

2421 5326 2598 5394 Πλάτη
2661 5331 2756 5399 μὲν
2791 5328 2884 5383 οὖν
2907 5332 2998 5384 καὶ
3038 5331 3262 5399 Ὑάτρος
3294 5331 3410 5384 τότε
3445 5333 3537 5385 καὶ
3566 5335 3897 5405 Τερέσινθοςιγ

2421 5369 2598 5394 ---τη
2661 5369 2754 5399 ⁸,-.
2793 5369 2882 5383 νη
2909 5369 2998 5384 η...
3065 5369 3259 5399 ...ηας
3303 5369 3410 5384 ,νη
3447 5369 3537 5385 η...
3575 5369 3868 5405 “Veen-mi

2357 5415 2411 5463 αἱ
2448 5415 2790 5483 Πριγδκίπειοι
2822 5421 2969 5488 νῆσοι
3013 5421 3565 5490 προσαγορευόμεναι,
3611 5429 3732 5489 ταῖς
3761 5369 3897 5488 ὲκείιὲ

2353 5523 2442 5556 νου
2473 5510 2746 5576 προνοίαις
2769 5510 3119 5578 οἰκιζόμεναι,
3145 5513 3222 5574 εἰς
3253 5513 3541 5582 ἐκκλησίας
3578 5518 3786 5585 Κυρίου
3809 5509 3895 5658 ita}

2353 5595 2567 5658 εὐαγεῖς
2619 5599 2866 5658 uox/116w
2920 5598 3240 5652 καθίσταντο
3286 5603 3472 5658 μονάς.
3523 5604 3632 5656 Καὶ
3672 5605 3777 5658 γὰρ
3804 5607 3893 5658 τὴ,

2353 5595 2567 5662 εὐαγεῖς
2619 5599 2866 5668 μοναχῶν
2920 5598 3240 5652 καθίσταντο
3286 5603 3472 5673 μονάς..
3523 5604 3632 5656 Καὶ
3672 5605 3777 5672 γὰρ
3804 5595 3893 5672 τὴᾷ

2347 5690 2574 5756 ἀντικρὺ
2599 5690 2797 5741 τούτων
2835 5690 2970 5742 κατὰ
2991 5691 3085 5761 τὴν
3113 5692 3333 5762 ἤπειρον
3361 5695 3498 5762 πρὸς
3532 5697 3594 5766 τῇ
3623 5696 3761 5764 ἀκτῇ
3792 5703 3893 5754 uti

3883 5931 3891 5968 1

3873 5969 3891 6217 Ι
