3924 6312
32 392 107 452 ίΕτἾ

1045 385 1217 445 νιΤΑ
1249 383 1308 443 S.
1335 381 1758 443 IGNATIICP.
1803 381 2157 442 ARCHIEP.

3117 379 3220 439 498

32 502 189 565 ιένην,
217 496 421 566 ταύτην
452 496 515 566 δὴ
545 495 684 564 λέγω
705 493 799 563 τὴν
829 493 1246 565 προκαθημένῳ)
1271 491 1362 545 τοῦ
1391 492 1553 562 μεγά-

1675 493 1892 547 :mlitum
1946 490 2204 560 principis
2245 488 2518 544 Michaelis
2542 488 2847 543 cmnobium
2882 487 2934 540 in
2971 487 3070 540 line
3106 489 3224 541 vita:

32 606 94 640 ,ου
123 587 414 657 ταξιάρχου
443 586 630 654 μονὴν,
662 585 753 636 ἐπὶ
785 585 859 654 τῷ
910 585 1052 636 τέλει
1078 584 1176 652 τῆς
1203 583 1367 636 αὑτοῦ
1408 583 1552 649 ζωῆς

32 709 37 728 ι
67 676 330 746 μακάριος
360 674 676 732 τελευταίαν
725 673 1079 741 ἀνεστήσατο,
1111 672 1204 724 καὶ
1253 671 1554 739 καθηγίασε

32 769 80 835 τῷ
106 766 218 834 Θεῷ
243 781 255 794 ’
282 761 350 836 ἦς
376 766 472 834 τὴν
516 764 892 832 ὲπισημότητα
934 762 1026 813 καὶ
1059 761 1431 829 περιφάνειαν,
1462 758 1555 811 τοῦ

1656 588 1985 650 postremum
2015 577 2274 640 condidit,
2311 578 2525 646 Deoque
2579 576 2839 630 initiavit:
2869 575 3024 643 cujus
3067 576 3224 628 nobi-

1656 673 1859 726 litatem
1899 670 2102 737 templi,
2145 667 2624 739 magniﬁcentiam,
2669 675 2722 721 et
2753 667 3071 731 claritatem,
3113 667 3226 720 citi-

1659 762 1939 829 miumque
1977 759 2337 828 splendorem,
2384 770 2438 812 et
2467 768 2719 813 ornatum
2751 773 2962 813 onmem
3010 772 3072 810 ac
3113 772 3228 810 ma-

32 879 60 911 τε
93 846 213 910 ναοῦ
238 856 546 926 ὑπέρκαλον
569 854 795 922 ἀγλαΐαν
827 854 919 906 καὶ
945 851 1436 921 μεγαλοπρέπειαν,
1465 849 1558 901 καὶ

1679 859 1906 905 estatem
1978 849 2218 918 (quando
2278 864 2374 918 pro
2441 847 2702 915 dignitate
2773 863 2802 900 a
2857 862 2941 900 me
3001 846 3228 926 exprimi

32 950 99 1014 ςὴν
121 947 246 1013 ὃλην
277 944 671 1012 ἁγιοπρέπειαν
697 941 793 994 καὶ
818 941 992 1004 δόξαν,
1021 939 1276 1005 ὼςςλόγου
1306 939 1556 1008 κρείττω,

32 1040 118 1097 παῖς
142 1035 296 1103 ὕψεσι
326 1030 809 1102 παραχωροῦντες,
860 1030 953 1082 ἐπὶ
1004 1029 1086 1082 τά’
1123 1029 1248 1097 ἑξῆς
1298 1028 1391 1080 τοῦ
1444 1026 1558 1095 βίου

32 1129 299 1195 τφτωμεν.
335 1126 422 1178 Ἐν
452 1123 659 1185 τούτοις
684 1121 857 1174 τοίνυν
885 1121 912 1172 ὁ
944 1121 1087 1183 ὅσιος
1117 1119 1346 1171 ὲνῶπιον
1369 1118 1561 1186 εὐαρε-

32 1219 140 1269 ςτῶν
174 1217 404 1284 Κυρίου,
444 1216 606 1284 ψήφῳ
637 1215 734 1283 μὲν
761 1213 905 1264 θείου
944 1211 1275 1281 Πνεύματος,
1307 1209 1474 1278 ψήφῳ
1506 1208 1563 1260 δὲ

32 1310 110 1360 ῖῶν
139 1307 273 1376 ὑπὲρ
299 1304 580 1366 εὐσεϐείας
609 1302 1023 1371 ἀγωνιζομένων
1055 1302 1149 1353 καὶ
1193 1299 1564 1368 δεδιωγμένων

32 1400 272 1468 δεοφόρων
302 1395 593 1466 ἱεραρχῶν,
628 1395 725 1463 τῆς
758 1394 916 1460 ἁγίας
967 1385 1260 1462 ἱερωσύνης
1283 1389 1559 1453 ἀξιοῦται’

32 1492 97 1540 :1‘:
134 1488 272 1557 χειρὶ
307 1489 405 1556 μὲν
428 1485 702 1539 Βασιλείου
748 1485 866 1555 (τῆς
923 1484 1062 1537 κατά
1078 1483 1369 1551 τὸσΠάρεον
1396 1480 1450 1533 δὲ
1476 1475 1565 1534 οῦ-

32 1597 93 1639 :c;
124 1580 267 1646 ἱερᾶς
303 1576 597 1646 ἐκκλησίας
629 1575 911 1644 ἀρχιερεὺς
962 1573 1057 1635 ῶν,
1112 1573 1388 1634 πλείσταις
1418 1572 1566 1632 ὅσαις

32 1672 137 1739 Βπὲρ
160 1669 266 1721 τῶν
298 1667 462 1736 ἱερῶν
486 1667 704 1719 εἰκόνων
729 1665 937 1732 θλίψεσι
966 1662 1085 1716 τότε
1113 1661 1444 1732 προσωμίλει
1473 1661 1567 1713 καὶ⁹

32 1760 303 1826 Ξιωγμοῖς),
348 1757 535 1809 τούτου
558 1756 700 1826 χειρὶ⁵
730 1755 791 1808 τὸ
823 1753 1162 1823 φαινόμενον,
1191 1750 1487 1822 αὐτουργίᾳ
1510 1749 1566 1802 δὲ

1664 941 1811 994 nullo
1843 940 2004 994 modo
2029 939 2248 1009 potest),
2287 955 2386 1008 ego
2417 939 2774 1008 spectantium
2804 939 2978 993 oculis
3007 925 3226 1006 permit-

1664 1039 1738 1094 to,
1777 1028 2048 1096 simulque
2082 1027 2147 1081 ad
2182 1026 2388 1095 reliqua
2431 1027 2575 1081 illius
2624 1026 2746 1079 vitm
2792 1033 2911 1078 acta
2942 1037 3225 1092 exponen-

1665 1122 1732 1177 da
1780 1121 2117 1191 progredior.
2174 1116 2270 1173 llis
2329 1133 2457 1188 ergo
2520 1127 2740 1172 sanctus
2787 1114 2896 1169 Deo
2951 1115 3230 1184 probatus.

1667 1216 1902 1286 Spiritus
1938 1215 2111 1270 sancti
2143 1214 2377 1279 decreto,
2413 1220 2831 1279 sanctorumque
2884 1208 3226 1277 pontiﬁcum,

1664 1325 1873 1371 eorum,
1923 1309 2163 1378 inquam,
2200 1306 2294 1376 qui
2343 1321 2438 1376 pro
2487 1319 2610 1358 vera
2653 1305 2852 1374 pietate
2882 1301 3220 1372 pugnabant,

1663 1396 2013 1465 extremaque
2073 1396 2255 1449 omnia
2310 1395 2677 1463 patiebantur,
2727 1391 3012 1453 sententia,
3072 1399 3230 1444 sacro

1669 1489 1988 1572 presbyterii
2047 1488 2250 1541 honore
2306 1487 2596 1556 insignitur
2652 1475 2816 1538 manu
2873 1481 3077 1546 Basilii,
3137 1473 3230 1548 qui

1671 1597 1838 1638 sacra!
1872 1579 2162 1634 Pareorum
2201 1578 2442 1633 ecclesiae
2480 1577 2788 1650 episcopus,
2816 1589 2913 1642 pro
2954 1586 3233 1627 sacrarum

1673 1674 1971 1743 imaginum
2007 1672 2154 1726 cultu
2188 1671 2406 1724 casibus
2446 1669 2745 1723 innumeris
2789 1665 3238 1735 gravissimisque

1673 1763 1933 1818 aerumnis
1986 1760 2418 1815 conﬂictabatur.
2483 1756 2678 1826 Hujus,
2742 1758 2982 1825 inquam,
3052 1752 3234 1806 Basilii

32 1849 99 1898 τοῦ
129 1846 392 1914 παναγίου
429 1844 739 1914 Πνεῦματος
778 1844 837 1896 τὸ
860 1842 1165 1911 νοούμενον,
1200 1841 1412 1911 πρῶτον
1465 1840 1562 1908 μὲν

1675 1868 1835 1907 manu
1886 1851 2191 1920 spectabili,
2234 1850 2288 1904 vi
2341 1857 2520 1925 autem
2573 1865 2636 1904 ac
2680 1849 2875 1904 virtute
2905 1843 3237 1902 sanctissimi

32 1937 520 2006 Ξναγνώστης,’ἠτοι
549 1936 646 1988 τῶν
673 1935 831 1988 θείων
855 1935 1140 2005 ἱεροκήρυξ
1170 1933 1425 2002 Γραφῶν,
1449 1927 1568 1984 εἶτα

32 2029 378 2090 ὕποδιάκονος,
413 2022 534 2079 εἷτα
561 2025 829 2089 διάκονος,
863 2026 956 2077 καὶ
999 2023 1176 2092 ἱερεὺς
1211 2022 1347 2091 μετά
1376 2019 1565 2084 ταῦτα,

32 2120 152 2183 τάξει
179 2119 272 2170 καὶ
301 2118 452 2186 νόμῳ
475 2117 850 2186 πνευματικῆς
873 2115 1192 2169 καθίσταται
1224 2113 1563 2176 ἀκολουθίας.

32 2207 344 2275 Ἡγωνίζετο
375 2208 430 2260 δὲ
446 2208 531 2261 ἀεὶ
567 2206 962 2259 πολλαπλάσιον
987 2204 1064 2274 τῷ
1092 2205 1356 2275 εὐεργέτῃ
1390 2205 1456 2280 re
1472 2204 1568 2274 τῆς

32 2303 225 2369 χάριτος
271 2299 535 2352 τάλαντον
582 2297 913 2360 ἀποδιδόναι,
963 2297 1056 2348 καὶ
1106 2295 1180 2365 μὴ
1225 2297 1290 2365 τῇ
1343 2295 1570 2365 ὀκνηρίᾳ

32 2388 344 2457 καταχῶσαι,
377 2387 513 2440 ἀλλὰ
539 2389 606 2456 τῇ
644 2386 919 2456 προθυμίᾳ
947 2385 1332 2456 περισσεῦσαι·
1383 2385 1569 2455 ὥσπερ

32 2481 69 2531 δὲ
103 2480 173 2548 τῷ
197 2476 469 2549 μοναδικῷ
506 2477 608 2548 βίῳ
638 2477 860 2540 πολλοὺς
910 2476 999 2530 διὰ
1047 2477 1143 2546 τῆς
1176 2477 1377 2539 οίκείας
1404 2479 1570 2547 ἀσκή-

32 2587 145 2630 σεως
170 2569 552 2639 προσηγάγετο
583 2568 677 2628 καὶ
717 2569 974 2636 σπουδῆς,
1006 2567 1147 2620 οὕτω
1176 2567 1261 2620 διὰ
1289 2567 1384 2634 τῆς
1422 2569 1570 2637 ίερα-

32 2661 164 2727 τικῆς
201 2658 365 2711 πάλιν
417 2658 763 2727 ἀναρίθμητοι
815 2659 994 2727 πλήθη
1030 2657 1231 2710 παίδων
1296 2657 1571 2726 βαπτίζων

32 2747 306 2817 ὲσφράγιζε
328 2748 466 2817 Θεῷ.
502 2747 625 2801 Ἐπὶ
647 2747 779 2801 πολὺ
803 2749 908 2818 γὰρ
932 2749 1028 2818 τῆς
1050 2750 1328 2818 αἱρετικῆς
1355 2748 1568 2817 ἀχλύος,

32 2833 101 2888 υἷα
127 2837 314 2898 νυκτὸς
340 2836 584 2905 χαλεπῆς
614 2837 1033 2906 ἐπικρατούσης,
1071 2838 1164 2889 καὶ
1193 2838 1288 2904 τῆς
1320 2837 1572 2906 τυραννί-

32 2927 102 2986 δος
129 2927 183 2980 δὲ
221 2927 332 2978 τῶν
371 2926 600 2995 ἀνιέρων
634 2927 984 2996 ἐπικειμένης
1015 2928 1316 2996 μισθωτῶν,
1373 2928 1571 2988 πάντες

32 3018 192 3083 ὀλίγου
221 3019 332 3070 δεῖν
362 3017 669 3086 ἄνθρωποι,
701 3017 816 3069 ὅσοι
863 3019 1003 3070 κατά
1047 3018 1107 3070 τὸ
1143 3017 1430 3079 Βυζάντιον
1473 3017 1572 3086 τῆς

32 3107 286 3174 ὐρθοδὸξου
317 3105 560 3169 πίστεως
580 3107 903 3176 ἀντείχοντο,
943 3109 1035 3160 καὶ
1072 3109 1182 3160 ὅσοι
1215 3109 1270 3160 δὲ
1302 3109 1567 3172 Βιθυνίου,

1669 1943 1925 2013 Spiritus,
1969 1943 2198 2011 primum
2251 1941 2466 2010 quidem
2525 1942 2712 2006 lector,
2768 1940 2882 1994 sive
2950 1951 3263 1993 sacrarum-

1666 2035 1988 2089 Litterarum
2043 2047 2219 2102 praeco
2275 2040 2516 2099 sanctus,
2565 2031 2755 2086 deinde
2813 2031 3236 2100 hypodiaconns,

1667 2133 1784 2180 tum
1829 2125 2092 2180 diaconus
2122 2139 2184 2178 ac
2210 2124 2464 2178 sacerdos
2495 2124 2604 2192 lege
2643 2132 2696 2176 et
2746 2123 2935 2176 ordine
2979 2122 3237 2177 ecclesia-

1669 2214 1928 2270 sticorum
1966 2211 2228 2281 graduum
2258 2218 2630 2264 consecratur.
2665 2207 2928 2262 Studebat
2972 2221 3097 2260 vero
3136 2206 3240 2258 hoc

1669 2284 1946 2373 perpetuo,
1976 2303 2052 2355 uti
2094 2300 2334 2369 largitori
2390 2300 2573 2368 gratiae
2629 2300 2885 2352 talentum
2953 2296 3237 2364 multiplici

1671 2393 1859 2448 l'enore
1925 2402 2144 2445 auctum
2207 2387 2472 2453 redderet,
2530 2404 2704 2458 neque
2777 2403 2873 2456 per
2934 2387 3238 2443 socordiam

1668 2479 1962 2534 defoderet.
2003 2479 2071 2533 Ut
2115 2488 2315 2542 autem,
2346 2493 2468 2532 cum
2497 2478 2553 2531 in
2591 2477 2839 2531 cccnohio
2883 2477 3102 2541 viveret.
3140 2490 3240 2530 sua

1670 2572 1867 2641 pietate
1910 2570 2196 2638 studioque
2263 2569 2462 2623 multos
2495 2569 2696 2632 traxit,
2730 2569 2801 2622 ita
2831 2583 2926 2635 per
2974 2567 3231 2621 sacerdo-

1672 2660 1814 2713 tium.
1839 2659 2033 2712 iterum
2065 2658 2410 2712 innumerum
2438 2672 2723 2710 numerum
2751 2655 3038 2710 infantium
3063 2656 3242 2724 bapti-

1672 2760 1846 2805 smate
1886 2749 2131 2812 abluens,
2168 2746 2272 2800 Deo
2302 2746 2659 2816 consignavit.
2697 2747 2888 2801 Perdiu
2919 2747 3078 2801 enim
3134 2747 3242 2799 hae.-

1673 2842 1837 2894 retica
1873 2838 2119 2908 caligine,
2157 2838 2303 2892 velut
2353 2839 2521 2893 densa
2551 2847 2728 2902 nocte,
2760 2848 2811 2892 et
2839 2838 3122 2908 tyrannide
3153 2853 3242 2891 sn-

1675 2931 1997 3000 crilegorum
2027 2930 2484 2984 niereenariorum
2517 2930 2883 2990 incumbente,
2911 2943 3097 2982 omnes
3124 2942 3244 2996 pro-

1672 3036 1738 3090 pe
1803 3020 2078 3082 mortales,
2135 3020 2228 3089 qui
2279 3019 2746 3089 Constantinopoli
2808 3029 3010 3073 rectam
3079 3019 3236 3072 ﬁdem

1673 3102 2048 3174 defendebant,
2096 3111 2297 3179 quique
2343 3111 2602 3181 Bithynia:
2625 3110 2814 3178 Oppida
2852 3109 3119 3171 colebant,
3151 3108 3243 3161 alii

32 3200 111 3249 καὶ
140 3199 233 3260 τὰς
260 3198 524 3268 ἐχομένας
544 3197 823 3266 κατῴκουν
853 3198 1207 3266 κωμοπόλεις,
1237 3198 1394 3260 ἄλλος
1417 3200 1571 3252 ἄλλον

1677 3202 1813 3256 alios
1864 3201 2129 3270 lgnatium
2178 3203 2427 3258 laudibus
2497 3202 2843 3271 praedicando
2909 3202 3236 3263 excitabant,

32 3290 135 3348 ταῖς
160 3288 294 3356 ὑπὲρ
325 3287 420 3340 τοῦ
456 3288 715 3352 Ίγνατίου
763 3288 1139 3350 διανιστῶντες
1169 3289 1480 3358 εὐφημίαις,
1506 3289 1572 3341 τὰ
1610 3306 1616 3318 τ

33 3379 190 3428 οἰκεῖα
213 3376 381 3428 τέκνα
440 3377 731 3445 προσῆγον,
800 3376 892 3427 καὶ
922 3377 986 3428 δι’
1015 3376 1176 3428 αὐτοῦ
1221 3376 1574 3444 βαπτίζεσθαι

34 3467 192 3517 ταίτα
234 3467 328 3518 καὶ
358 3465 679 3533 ἀγιάζεσθαι
735 3466 1141 3534 κατελιπάρουν.
1193 3468 1301 3536 Καὶ
1330 3463 1397 3536 ἦν
1445 3469 1575 3536 ὀρᾷν

35 3555 222 3619 τοῦτον,
245 3554 434 3622 ὥσπερ
462 3553 557 3606 ἕνα
587 3555 691 3605 τῶν
721 3554 985 3623 πρότερον
1027 3553 1261 3620 Χριστοῦ
1299 3553 1572 3623 μαθητῶν,

37 3647 174 3709 ἔργον
191 3644 350 3697 τοῦτο
377 3643 711 3712 ποιούμενον,
736 3644 857 3705 τοὺς
888 3644 1023 3713 πρὸς
1063 3643 1223 3696 αὐτὸν
1274 3645 1468 3709 ίόντας,
1500 3645 1576 3709 ὡς

37 3737 126 3785 ὑπὸ
151 3735 386 3804 Χριστοῦ
419 3735 798 3808 πεμπομένους
837 3735 1130 3805 προθύμως
1164 3736 1574 3806 καταδέχεσθαι,

39 3827 288 3878 δδάσκειν
311 3844 375 3878 τε
416 3827 509 3878 καὶ
527 3826 806 3879 ’νουθετεῖν
837 3827 1009 3880 πάντα
1037 3828 1336 3895 ἄνθρωπον,
1358 3827 1576 3896 ἀντέχε-

41 3917 146 3966 σθαι
179 3916 274 3983 μὲν
304 3917 402 3983 τῆς
430 3915 705 3983 ὀρθοδόξου
734 3915 986 3979 πίστεως,
1043 3916 1339 3984 ἀπέχεσθαι
1388 3918 1445 3970 δὲ
1480 3919 1578 3987 τῆς

41 4008 128 4056 τῶν
149 4007 431 4074 αἱρετικῶν
448 4006 770 4076 δυστροπίας
791 4009 884 4060 καὶ
904 4008 1342 4076 φρενοϐλαϐείας,
1367 4011 1458 4064 καὶ
1475 4009 1579 4062 πά-

47 4114 125 4166 σης
150 4098 485 4166 μὲνὲαυτοὺς
520 4098 810 4168 ῥυπαρίας,
843 4099 935 4150 καὶ
958 4099 1155 4162 παντὸς
1190 4101 1577 4170 ἀνακαθαίρειν

45 4189 327 4256 πνεύματος
368 4187 641 4256 μολυσμοῦ
679 4189 770 4240 καὶ
800 4188 1018 4258 σαρκὸς,
1065 4190 1243 4259 πάσης
1293 4189 1348 4242 δὲ
1377 4192 1578 4259 ἀρετῆς

45 4277 396 4343 ἐπιμελεῖσθαι
412 4275 505 4329 καὶ
524 4277 875 4344 κοσμιότητος
893 4278 984 4328 καὶ
1005 4279 1352 4349 σωφροσύνης
1373 4297 1387 4311 ’
1409 4280 1579 4333 ταῦτα

45 4362 120 4410 καὶ
156 4363 220 4414 τά
249 4363 459 4424 τούτοις
515 4362 674 4432 ὃμοια
707 4364 832 4425 τούς
885 4365 1120 4434 πατέρας
1170 4369 1435 4420 παιδεύων
1487 4372 1580 4422 καὶ

46 4451 307 4517 νουθετῶν,
328 4453 398 4504 τὰ
420 4451 618 4506 τούτων
644 4452 814 4522 βρέφη
841 4457 1200 4525 προκατηχῶν
1228 4460 1254 4509 ὁ
1286 4461 1574 4529 μακάριος,

45 4538 98 4588 δι’
123 4541 300 4604 ὕδατος
329 4544 426 4594 καὶ
455 4542 764 4612 Πνεύματος
798 4546 987 4612 ἡγίαζε
1009 4547 1084 4616 τῷ
1117 4547 1252 4618 Θεῷ.

113 4628 163 4679 Ὀ
197 4629 291 4696 μὲν
311 4624 406 4682 οὖν
436 4629 579 4683 κατὰ
599 4631 703 4699 τῆς,
733 4632 1052 4702 Ἐκκλησίας
1095 4635 1212 4687 τότε
1249 4636 1451 4704 χειμὼν
1484 4639 1578 4707 βα-

53 4718 146 4781 ρις,
182 4720 330 4786 καὶὴ
391 4719 528 4772 κατὰ
571 4720 760 4789 ἱερέων
805 4723 984 4788 δίωξις
1013 4725 1255 4795 χαλεπὴ,
1300 4728 1413 4780 ὅσοι
1444 4730 1577 4797 Χρι-

53 4807 154 4857 ςτοῦ
181 4808 273 4876 τῆς
307 4811 512 4871 εἰκόνος
543 4811 628 4862 διὰ
659 4812 717 4862 τὸ
746 4815 1092 4881 πρωτότυπον
1141 4819 1576 4886 προκινδυνεύειν

50 4896 228 4949 εῦοντο
253 4899 390 4952 δεῖν·
426 4899 596 4962 εὐδιος
628 4902 680 4952 δὲ
715 4905 845 4955 πᾶσι
877 4904 968 4954 καὶ
997 4906 1246 4974 γαλήνιος
1269 4909 1432 4978 ὅρμος
1468 4915 1580 4972 τοῖς

50 4985 464 5052 χειμαζομένοις,
520 4990 548 5038 ὁ
578 4991 718 5057 ίερδς
761 4991 1012 5058 Ἰγνάτιος
1045 4996 1137 5046 καὶ
1184 4996 1300 5057 ὅλος
1342 4998 1503 5050 αὐτοῦ
1551 5003 1578 5051 ὁ

49 5067 180 5133 οἶκος
203 5078 343 5146 παρὰ
368 5079 469 5145 τῆς
498 5078 590 5129 τοῦ
629 5078 878 5145 Ὑψίστου
930 5084 1333 5151 προητοίμαστο
1377 5087 1574 5149 δεξιᾶς.

49 5163 132 5223 Τίς
155 5165 253 5234 γὰρ
274 5165 381 5218 τῶν
398 5165 539 5235 ὑπὲρ
563 5167 836 5229 εὐσεϐείας
857 5169 1183 5237 θλιϐομένων
1207 5175 1302 5241 οὐχ
1329 5174 1579 5245 εὕρισκεν

49 5252 236 5304 ἐκεῖθεν
265 5256 514 5324 αὐτάρκη
543 5256 648 5308 τῶν
682 5257 906 5326 θλίψεων
929 5260 1208 5331 ἀναψυχήν
1233 5281 1246 5328 ;
1281 5267 1360 5327 τίς
1392 5268 1502 5318 τῶν
1525 5270 1584 5321 ὲν

49 5341 339 5410 ύπερορίαις
368 5346 462 5396 καὶ
487 5344 700 5413 δεσμοῖς
725 5350 1114 5417 κατεχομένων,
1137 5353 1227 5404 καὶ
1251 5354 1426 5422 λιμοῖς
1447 5374 1578 5408 κατ-

47 5432 484 5505 αγχομένωνςηού
518 5435 617 5503 τῆς
669 5437 887 5506 δεούσης
921 5441 1178 5510 ἐτύγχανε
1221 5448 1577 5516 παρηγορίας,

47 5523 126 5570 xxi
153 5522 379 5588 ἄφθονον
437 5519 551 5594 εἶχε
583 5527 691 5578 τῶν
739 5529 1041 5595 ἀναγκαίων
1084 5533 1180 5601 τὴν
1227 5535 1580 5604 ἐπιχορηγίαν

47 5613 159 5676 παρ’
191 5613 390 5680 αὐτοῦ;
425 5618 486 5668 Οἱ
532 5616 586 5669 δὲ
620 5616 717 5678 τὰς
747 5619 851 5669 τῶν
895 5625 1164 5690 τυράννων
1195 5626 1446 5695 φέροντες
1473 5631 1576 5695 χεῖ-

49 5719 150 5768 ρας,
186 5705 278 5757 καὶ
308 5706 417 5759 τῶν
451 5706 592 5762 ἰδίων
615 5707 898 5777 ύπάρξεων
929 5714 1265 5785 στερούμενοι
1303 5717 1391 5769 καὶ
1426 5718 1578 5771 ἐκπί-

1677 3307 1915 3360 suosque
1971 3293 2170 3348 liberos
2223 3294 2288 3346 ad
2333 3295 2482 3346 illum
2539 3293 2895 3356 deducebant,
2939 3287 3257 3360 precaban;

1675 3389 1890 3448 turque,
1933 3388 1992 3432 ut
2031 3381 2099 3434 ab
2145 3381 2238 3434 illo
2271 3381 2696 3449 baptizarcntur,
2724 3380 2936 3448 Deoque
2963 3380 3243 3433 initiaren-

1680 3484 1785 3526 tur.
1837 3473 1903 3525 Et
1928 3479 2046 3526 erat
2082 3473 2224 3526 hunc
2270 3473 2470 3538 videre,
2519 3482 2774 3540 tanquam
2809 3472 3042 3541 aliquem
3074 3486 3103 3524 e
3129 3471 3240 3540 prin

1679 3562 1783 3615 mis
1816 3561 2018 3616 Christi
2048 3563 2348 3632 discipulis,
2392 3580 2512 3627 eum
2549 3565 2613 3617 ad
2651 3580 2710 3618 se
2754 3563 3080 3618 ventilantes
3126 3565 3239 3616 ala-

1677 3653 1857 3716 criter,
1913 3662 1969 3705 ut
2020 3668 2052 3705 a
2091 3654 2307 3707 Christo
2364 3654 2582 3718 missos,
2623 3657 2893 3723 exciperet
2951 3665 3111 3722 atque
3159 3654 3242 3706 in-
3331 3663 3334 3667 ‘

1679 3741 1956 3794 stitueret:
1996 3743 2086 3810 qui
2119 3743 2338 3810 quidem.
2367 3743 2686 3797 documenta
2721 3743 2866 3797 illius
2900 3744 2970 3796 ita
3016 3742 3240 3810 arripie-

1679 3833 1831 3895 bant,
1867 3832 1995 3886 dum
2028 3834 2245 3888 doceret
2283 3834 2525 3902 singulos
2560 3845 2610 3888 et
2653 3836 2981 3895 hortaretur.
3014 3845 3073 3888 ut
3127 3836 3240 3888 sin-

1678 3937 1856 3976 ceram
1889 3935 1940 3976 et
1974 3922 2290 3977 catholicam
2324 3925 2631 3995 religionem
2681 3934 3113 3994 propugnarent,
3163 3933 3242 3977 at-

1679 4027 1784 4082 que
1829 4012 2197 4066 haereticorum
2247 4014 2647 4083 perversitatem
2674 4025 2726 4069 et
2766 4016 3029 4069 insaniam
3085 4030 3240 4068 aver-

1682 4113 1949 4169 sarentur,
1987 4120 2279 4175 omnesque
2314 4121 2372 4160 se
2403 4109 2470 4160 ab
2511 4107 2656 4160 omni
2691 4108 2884 4161 mentis
2916 4117 2966 4160 et
3001 4109 3241 4173 corporis

1683 4194 1801 4270 labe
1828 4205 2196 4263 repurgarent,
2231 4212 2293 4250 ac
2329 4197 2542 4251 virtutis
2582 4197 2756 4252 omnis
2792 4207 2844 4249 et
2878 4199 3242 4265 temperantia:

1684 4282 2091 4351 honestatisque
2143 4288 2352 4340 laudem
2395 4297 2766 4356 procurarent.
2803 4286 2924 4340 Πίος
2966 4297 3019 4339 et
3052 4287 3131 4341 his
3167 4289 3239 4340 si-

1683 4374 1828 4426 milia
1881 4362 2130 4444 parentes
2175 4377 2450 4439 edocebat,
2507 4379 2808 4446 horumque
2855 4378 3050 4430 liberos
3087 4379 3239 4445 prius

1681 4465 1782 4518 rite
1804 4465 2096 4528 institutos,
2124 4465 2230 4519 Deo
2257 4482 2350 4534 per
2377 4481 2570 4536 aquam
2606 4477 2658 4521 ct
2691 4467 2950 4536 Spiritum
2990 4478 3234 4521 sanctum

1609 4575 1652 4628 ι)
1681 4555 2052 4608 consecrabat.

1751 4641 1816 4694 Et
1853 4643 2031 4711 gravis
2091 4644 2304 4711 quidem
2346 4653 2456 4696 tum
2493 4653 2547 4718 et
2598 4646 2884 4712 vehemens
2941 4645 3235 4702 Ecclesiam

1653 4738 1992 4799 -tempestas,
2054 4747 2344 4800 sacrosque
2375 4735 2568 4788 acerba
2628 4736 2895 4788 divexalio
2942 4738 3235 4804 premebat,

1680 4823 1989 4891 quicunque
2036 4837 2131 4892 pro
2159 4823 2356 4878 Christi
2397 4825 2627 4896 imagine
2662 4827 2730 4879 ob
2772 4835 3108 4895 prototypnm
3136 4829 3237 4882 sibi

1683 4908 2093 4976 periclitandum
2149 4918 2470 4978 putaverunt
2497 4929 2508 4966 :
2541 4914 2862 4982 tranquillus
2915 4930 3039 4968 vero
3069 4925 3122 4969 ct
3153 4931 3237 4969 se-

1683 5013 1846 5052 renus
1875 4999 2127 5053 omnibus
2167 5011 2478 5070 tempestate
2515 5005 2730 5072 jactatis
2766 5015 2952 5074 portus
2987 5021 3014 5058 a
3051 5024 3236 5075 supre-

1690 5103 1774 5140 ma
1812 5088 2060 5143 Numinis
2105 5091 2294 5146 dextra
2341 5109 2491 5147 sacer
2532 5096 2618 5148 hic
2671 5095 2902 5166 lgnatius
2941 5099 3236 5151 destinatus

1690 5189 1826 5244 erat,
1860 5190 1911 5234 et
1952 5181 2144 5236 domus
2181 5183 2297 5252 ejus
2328 5193 2456 5238 tota.
2496 5185 2692 5255 Ecquis
2731 5188 2873 5241 enim
2916 5204 3008 5255 pro
3037 5189 3234 5255 pietate

1686 5273 2093 5340 decertantium,
2156 5277 2416 5332 malorum
2481 5295 2948 5348 azrumnarumqne
3015 5297 3228 5332 suarum

1688 5360 2024 5430 refrigerium
2063 5365 2131 5417 ab
2168 5380 2232 5418 eo
2286 5381 2391 5419 non
2445 5369 2680 5436 percepit
2703 5371 2736 5422 ?'
2769 5370 2898 5434 Quis
2947 5372 2994 5420 in
3045 5377 3226 5419 custo-

1686 5451 1827 5505 diam
1855 5455 2031 5519 datus,
2063 5456 2184 5522 quis
2214 5457 2265 5508 in
2302 5459 2550 5512 exsilium
2586 5459 2808 5529 ejectus.
2850 5461 2964 5525 quis
2998 5457 3228 5512 v'mCIIlis

1683 5551 1735 5592 et
1780 5541 1919 5596 fame
1967 5545 2259 5608 cruciatus,
2292 5547 2358 5600 ab
2390 5563 2454 5601 eo
2487 5565 2591 5602 non
2623 5561 2704 5604 est
2734 5551 3014 5611 relevatus,
3045 5564 3228 5601 ncces--

1686 5632 1949 5700 sat-iisque
1988 5625 2200 5688 auxiliis
2241 5636 2528 5713 liberaliter
2565 5638 2901 5692 instructus?
2939 5637 3068 5690 Nam
3111 5639 3227 5706 qui-

1686 5736 1896 5791 cunque
1947 5734 2296 5792 tyrannorum
2352 5728 2455 5781 vim
2504 5737 2557 5783 et
2605 5731 2816 5800 rapinas
2863 5728 3223 5797 patiebantur,
