3924 6312
478 366 482 371 ’
562 393 668 458 503
745 393 748 400 ·
1739 391 2029 451 uicem
2059 393 2114 452 ΡΑ

2220 394 2580 453 ΪΙΙΛϐΟΝΙΒ
3677 393 3778 455 504

544 519 616 554 .m
655 516 815 570 quos,
843 501 889 554 si
920 501 1043 568 quid
1074 507 1315 567 peccent,
1344 500 1515 554 cuivis
1544 499 1717 554 facilis
1746 509 1798 552 et
1836 500 2002 553 libera
2033 511 2114 555 est

2220 504 2526 570 διαιτηταῖς,
2553 504 2646 555 καὶ
2687 502 3023 572 σκληρότατα
3045 498 3545 567 καταγινώσκεσθαι
3580 499 3669 550 τὸν
3700 499 3780 560 ὡς

561 605 823 652 censura;
857 591 950 642 sed
980 590 1239 643 adversus
1265 584 1536 658 principes
1567 591 1728 642 etiam
1776 591 2114 659 magistratus

2225 593 2436 661 ἀληθῶς
2463 595 2634 663 πρᾶον
2664 572 2912 661 ⁸ἶιοιμένα,
2936 593 3028 644 καὶ
3059 592 3191 643 Θεοῦ
3226 591 3558 660 μιμοόμενον
3580 591 3781 642 δικαιο-

563 697 625 735 ac
657 683 930 750 dynastas,
965 682 1596 749 ipsosque-imperatores
1626 719 1638 742 ,
1669 681 1829 733 ardor
1851 696 1913 733 ac
1938 681 2114 733 divina

2228 679 2422 748 σύνην’
2459 683 2548 732 καὶ
2589 681 2694 750 γὰρ
2739 681 2836 732 οὐκ
2867 682 2926 732 ὲν
2952 682 3064 741 τοῖς
3103 679 3456 749 ἀνθρωπίνοις
3485 679 3774 747 πράγμασι

565 771 776 824 dicendi
801 771 1021 823 libertas
1044 771 1302 825 antistitis
1322 769 1564 823 elucebat
1596 791 1609 823 :
1652 771 1796 839 quod
1828 785 1942 824 mea
1971 787 2114 829 nunc

2229 770 2409 836 μόνον,
2440 769 2571 823 ἀλλὰ
2606 770 2699 821 καὶ
2729 771 2784 821 ὲν
2819 773 2935 831 ταῖς
2968 769 3442 837 ἐκκλησιαστικαῖς
3479 768 3611 819 πολὺ
3645 769 3780 833 μᾶλ-

565 860 861 914 declarabit
892 860 1086 913 oratio.

2226 859 2315 909 λον
2369 858 2801 926 ἀμφισϐητήσεσι
2836 858 2926 909 καὶ
2970 858 3199 926 κρίσεσι,
3251 859 3310 908 τὸ
3359 858 3492 925 πρὸς
3523 857 3778 923 ἀλήθειαν

567 951 663 1018 μὲν
701 952 791 1030 καὶ
825 951 1164 1018 δικαιοσύνην
1196 949 1508 1019 ὲπιῤῥεπὲς,
1542 949 1900 1018 ὑπεροπτικὸν
1931 948 1984 998 δὲ
2019 945 2180 998 αὑτοῦ
2209 948 2299 998 καὶ
2324 948 2591 1014 ἀπότομον
2625 948 2758 1015 πρός
2807 963 2865 998 τε
2913 946 2970 998 τὸ
3017 943 3208 1014 ψεῦδος
3269 947 3363 997 καὶ
3409 946 3620 997 ἀδικίαν
3677 945 3778 994 πᾶ-

565 1059 665 1094 σαν
712 1043 1068 1110 ὶγνωρίζετο·
1116 1042 1206 1093 καὶ
1260 1042 1318 1093 οὐ
1355 1042 1488 1109 πρὸς
1529 1041 1653 1103 τοὺς
1685 1042 1909 1103 πολλοὺς
1961 1043 2115 1109 μόνον
2162 1043 2254 1092 καὶ
2283 1040 2674 1108 χυδαιοτέρους,
2706 1039 2837 1106 πρὸς
2866 1037 2957 1100 οὒς
2987 1038 3297 1100 ἀδικοῦντας
3350 1039 3488 1107 τάχα
3538 1039 3630 1090 καὶ
3681 1038 3776 1090 ἄλ·

496 1126 508 1138 ¹
561 1133 649 1194 λος
705 1133 771 1185 ἂν
825 1134 1276 1203 παῤῥησιάσαιτο,
1329 1134 1427 1203 ἤδη
1457 1134 1510 1184 δὲ
1554 1133 1814 1198 καὶπρὸς
1861 1134 1982 1194 τοὺς
2018 1134 2113 1194 τὰς
2138 1131 2355 1200 πρώτας
2413 1131 2901 1200 περιϐεϐλημένους
2952 1129 3285 1194 δυναστείας,
3333 1132 3427 1182 καὶ
3486 1133 3618 1202 πρὸς
3653 1133 3777 1194 τοὺς

565 1223 816 1296 βασιλέας
850 1226 1049 1286 αὐτοὺς
1075 1226 1101 1276 6
1145 1225 1237 1276 τοῦ
1291 1225 1590 1292 ἀρχιερέως
1620 1225 1777 1292 ζῆλος
1817 1227 1909 1277 καί
1937 1226 2116 1292 ἔνθεος
2145 1225 2428 1293 παρρησία
2458 1225 2780 1276 διεδείκνυτο
2803 1240 2818 1256 ο
2847 1222 3071 1293 δηλώσει
3101 1224 3155 1274 δὲ
3185 1223 3277 1275 νῦν
3304 1225 3330 1275 6
3354 1224 3529 1289 λόγος.

636 1317 862 1371 Bardam
928 1316 1111 1378 illum,
1168 1315 1242 1368 uti
1296 1316 1428 1379 scin,
1487 1316 1654 1368 noslis
1699 1331 1909 1379 mnnes,
1942 1316 2114 1367 Theo-

2304 1314 2403 1366 Τδν
2437 1314 2639 1378 Βάρδαν
2679 1315 2879 1364 ἐκεῖνον
2913 1309 3005 1364 οἶδ’
3050 1312 3128 1364 ὅτι
3175 1313 3372 1374 πάντες
3400 1312 3644 1372 ἀκούετε.
3703 1315 3777 1374 ὡς

563 1406 706 1460 durae
769 1402 1021 1472 Augustae
1071 1399 1226 1455 bonae
1286 1402 1546 1470 principis
1594 1419 1699 1455 non
1747 1403 1968 1468 bonum,
2029 1403 2114 1456 sed

2225 1402 2389 1473 [ἀλλ.
2421 1401 2498 1472 ὃς]
2522 1401 2797 1470 Θεοδώρας
2830 1400 2927 1470 μὲν
2954 1401 3050 1469 τῆς
3081 1400 3290 1468 ἀγαθῆς
3323 1401 3586 1468 βασιλίδος
3624 1403 3778 1455 ἀδελ-

563 1511 765 1551 είονυηι
831 1494 1120 1548 admodum
1183 1502 1235 1546 et
1296 1494 1565 1547 crudelem
1644 1493 1809 1548 fuisse
1881 1493 2120 1546 fratrum.

562 1588 886 1653 Quanquam
944 1584 1086 1636 enim
1140 1584 1189 1635 in
1250 1597 1430 1636 rerum
1489 1583 1725 1636 civilium
1772 1576 2117 1638 administra-

565 1676 709 1730 tione
753 1676 999 1744 egregius
1059 1673 1467 1742 industriusque
1520 1682 1682 1739 esset,
1717 1677 1794 1728 rei
1822 1685 1996 1728 tamen
2030 1674 2114 1726 di-

562 1764 711 1816 vina!
778 1772 937 1832 atque
1003 1762 1384 1817 ecclesiastica:
1451 1779 1606 1817 nemo
1672 1765 1822 1817 illum
1878 1776 2114 1832 unquam

563 1855 905 1908 commodum
964 1854 1128 1919 dixit;
1185 1865 1237 1906 ut
1293 1858 1382 1923 qui
1432 1870 1598 1908 nurus
1637 1870 1748 1909 suae
1807 1870 1993 1923 amore
2044 1856 2116 1907 ita

563 1944 785 2005 fureret,
822 1953 879 1997 ut
908 1945 1026 2011 ejus
1063 1915 1138 1997 rei
1176 1915 1322 1998 fama
1353 1953 1515 1997 totam
1555 1945 1738 1998 urbem
1771 1915 2118 2013 pemgraret:

565 2048 661 2087 nec
694 2034 837 2087 inter
865 2033 1070 2102 plebem
1106 2041 1316 2085 tantum
1367 2034 1631 2097 haereret,
1664 2032 1754 2085 sed
1790 2031 1852 2084 ad
1885 2031 2117 2100 patriar-

562 2124 676 2178 chae
699 2137 917 2192 quoque
949 2138 1107 2177 aures
1143 2123 1266 2177 facti
1301 2123 1590 2191 indignitas
1619 2120 1937 2175 deferretur.
1981 2121 2119 2186 Quid

561 2229 690 2282 ergo
712 2213 1061 2282 patriarcha?
1090 2211 1205 2265 Non
1231 2212 1466 2265 hominis
1492 2211 1804 2279 dignitatem
1836 2211 2116 2275 reveritus,

564 2303 775 2357 facinus
811 2304 1027 2357 silentio
1058 2304 1291 2371 pressit;
1325 2302 1414 2355 sed
1449 2317 1512 2353 ex
1555 2303 1668 2370 lege
1702 2301 1895 2368 arguit,
1935 2315 2118 2368 repre-

564 2395 878 2461 henditque,
915 2401 967 2446 et
1006 2377 1252 2447 [fut-tatus
1285 2401 1385 2453 est,
1431 2402 1488 2444 ut
1532 2408 1595 2444 ne
1641 2392 1812 2445 salute
1856 2391 2114 2459 neglecta,

562 2485 796 2537 animam
830 2498 979 2538 suam
1011 2484 1276 2551 perditura
1313 2485 1432 2549 iret,
1464 2483 1555 2536 sed
1593 2483 1790 2536 fwdum
1824 2491 1876 2536 et
1899 2498 2118 2536 enorme

564 2576 742 2630 scelus
771 2574 1030 2642 expiaret.
1072 2574 1164 2628 Ille
1203 2583 1381 2627 tamen
1412 2589 1515 2625 non
1555 2574 1712 2648 modo
1742 2589 1796 2626 se
1823 2575 1890 2627 ab
1919 2574 2118 2641 impro-

564 2667 730 2719 bitate
770 2681 864 2719 sua
915 2682 1015 2719 non
1069 2666 1350 2728 abstinuit,
1384 2665 1474 2716 sed
1526 2665 1642 2731 ipso
1676 2664 1989 2732 Epiphaniae
2031 2663 2116 2716 die

561 2753 699 2808 {esto
731 2755 783 2808 in
811 2755 976 2810 ardent
1007 2770 1240 2818 sacram,
1275 2755 1613 2820 eucharistiae
1654 2756 1904 2824 mysteria
1934 2768 2116 2818 perce-

560 2856 774 2915 pturus,
830 2847 1165 2916 impudenter
1218 2857 1301 2901 est
1342 2861 1674 2915 progressus.
1721 2846 1857 2908 Quid
1908 2845 1995 2898 hic
2024 2860 2114 2912 pa-

565 2938 841 2991 triarcha?
869 2939 913 2989 A
942 2939 1110 2992 sacris
1158 2946 1326 3001 arcet,
1381 2936 1658 3004 indignum
1711 2951 1834 2988 eum
1865 2933 2113 2999 judicans

561 3029 805 3096 corporis
867 3026 1126 3081 Dominici
1192 3027 1621 3095 participatione.
1675 3023 1764 3077 llle
1820 3039 1947 3076 vero
1996 3024 2114 3076 diro

562 3119 800 3188 percitus
825 3126 992 3172 oestro
1025 3118 1172 3182 l'urit,
1206 3131 1473 3185 suumque
1513 3117 1566 3169 in
1596 3116 1816 3169 exitium
1849 3122 2108 3176 armatus,

2226 1495 2321 1560 φὺς
2358 1489 2444 1562 ἦν,
2478 1492 2576 1543 οὐκ
2608 1492 2809 1559 ἀγαθὸς
2847 1490 2924 1553 δὲ,
2959 1489 3091 1543 ἀλλὰ
3143 1493 3234 1544 καὶ¹
3274 1491 3391 1544 λίαν
3438 1492 3629 1562 πικρὸς
3682 1493 3777 1544 καὶ

2223 1580 2582 1650 ἀπάνθρωπος
2605 1597 2616 1609 ·
2649 1580 2706 1632 δν
2739 1579 3021 1632 σπουδαῖον
3049 1580 3144 1647 μὲν
3174 1575 3310 1632 εἶναι
3336 1583 3427 1633 καὶ
3455 1582 3776 1651 δραστήριον

2224 1671 2350 1739 περὶ
2383 1671 2482 1736 τὴν
2528 1670 2634 1722 τῶν
2667 1665 2953 1722 πολιτικῶν
2999 1670 3334 1738 πραγμάτων
3381 1672 3773 1740 μεταχείρισιν,

2220 1764 2392 1826 οὐδεὶς
2426 1764 2482 1818 δὲ
2513 1764 2637 1832 περὶ
2680 1763 2777 1832 τὴν
2814 1762 3134 1829 Ἐκκλησίαν
3159 1763 3389 1834 χρηστὸν
3423 1766 3588 1834 ἔφησε
3617 1766 3773 1832 γενέ-

2223 1853 2376 1906 σθαι·
2409 1855 2594 1906 τοῦτον
2618 1856 2680 1923 τῇ
2715 1854 2819 1924 ίδίᾳ
2843 1851 3002 1920 φασιν
3029 1853 3197 1915 οὕτως
3213 1857 3541 1924 ἐπιμανῆναι
3564 1857 3775 1927 νύμφῃ,

2221 1943 2294 2006 ὡς
2319 1945 2420 1997 δινά
2455 1946 2631 1998 πᾶσαν
2661 1945 2816 1997 τοῦτο
2843 1945 2939 2014 τὴν
2968 1944 3120 1997 πόλιν
3147 1945 3641 2014 περιϐομῦηθῆναι·
3683 1950 3777 2000 καί⁵

2219 2037 2318 2088 οὐκ
2347 2035 2472 2104 ἄχρι
2496 2037 2605 2088 τῶν
2637 2036 2845 2088 πολλῶν
2869 2038 3048 2106 μόνον,
3090 2035 3222 2088 ἀλλά
3252 2038 3345 2088 καὶ
3390 2038 3580 2107 μέχρις
3606 2038 3774 2090 αὑτοῦ

2218 2125 2311 2177 τοῦ
2365 2125 2664 2194 ἀρχιερέως
2694 2127 2792 2194 τὴν
2837 2126 3076 2196 πονηρὰν
3118 2127 3302 2196 φήμην
3347 2125 3538 2179 ἐλθεῖν.
3583 2126 3646 2178 Τί
3683 2125 3779 2179 οὖν

2218 2215 2454 2279 ἐκεῖνος
2496 2215 2569 2267 Οὐ
2626 2215 2684 2267 τὸ
2739 2215 2962 2284 μέγεθος
3007 2215 3282 2286 ηὐλαδήθη
3321 2216 3414 2269 τοῦ
3457 2217 3774 2286 προσώπου,

2219 2303 2334 2355 οὐδὲ
2367 2305 2682 2356 συνεσκίασε
2712 2305 2772 2355 τὸ
2803 2304 3142 2372 ἀμπλάκημα
3179 2307 3244 2373 τῇ
3280 2306 3480 2373 σιωπῇ,
3511 2305 3644 2356 ἀλλά
3676 2308 3773 2357 καὶ

2218 2393 2406 2462 ἤλεγξε
2439 2394 2576 2445 κατὰ
2605 2392 2700 2462 τὴν
2732 2393 2966 2462 ἐντολὴν,
2992 2393 3123 2445 ἀλλά
3147 2395 3237 2446 καὶ
3257 2393 3606 2461 ἐπετίμησεν,
3634 2395 3774 2447 ἀλλὰ

2218 2486 2308 2535 καὶ
2334 2483 2668 2549 παρεκάλεσε
2689 2484 2970 2552 φείσασθαί
2992 2501 3050 2536 τε
3080 2485 3174 2554 τῆς
3207 2485 3339 2546 ιδίας
3358 2484 3554 2553 ψυχῆς,
3588 2487 3684 2537 καὶ
3715 2485 3778 2536 τὸ

2223 2576 2447 2644 φρικτὸν
2478 2576 2624 2628 τουτί¹
2663 2575 2829 2644 μῦσος
2858 2575 3270 2646 ἀπορῤύψασθαι
3295 2592 3310 2607 ο
3341 2579 3368 2628 ὁ
3410 2575 3466 2628 δὲ
3509 2577 3568 2627 οὐ
3612 2577 3776 2644 μόνον

2215 2663 2312 2713 οὐκ
2347 2662 2618 2730 ἀπέσχετο
2666 2663 2757 2714 τοῦ
2786 2662 2977 2726 κακοῦ,
3026 2662 3158 2715 ἀλλά
3188 2665 3280 2716 καὶ
3311 2663 3405 2714 ἐπὶ
3449 2663 3546 2732 τῆς
3575 2663 3772 2733 had!)-

2219 2754 2336 2816 σίας
2368 2753 2548 2822 (ἑορτὴ
2593 2753 2649 2805 δὲ
2680 2754 2784 2806 τῶν
2813 2753 3000 2822 ἁγίων
3029 2753 3332 2821 Θεοφανίων
3360 2749 3448 2823 ἦν)
3483 2755 3571 2805 καὶ
3609 2755 3774 2816 αὐτὸς

2221 2843 2450 2905 ἀναιδῶς
2481 2844 2768 2913 προσῆλθε,
2801 2844 2906 2896 τῶν
2942 2844 3106 2896 θείων
3152 2844 3387 2913 μεθέξων
3432 2847 3765 2915 μυστηρίων.

2215 2934 2420 2986 Τίδὲὸ
2470 2934 2790 3004 ἀρχιερεύς;
2857 2934 3244 2986 Ἀποὸἀλλεται
3307 2937 3406 3002 τῆς
3462 2936 3769 3000 κοινωνίας,

2214 3025 2428 3089 ἀνάξιον
2449 3023 2634 3075 τοῦτον
2664 3023 2761 3090 τῆς
2784 3022 2877 3074 τοῦ
2913 3021 3237 3075 Δεσποτικοΰ
3265 3021 3513 3092 σώματος
3569 3026 3772 3094 κρίνων

2219 3112 2584 3182 μεταλήψεως.
2635 3112 2693 3164 Ὀ
2722 3113 2777 3164 δὲ
2811 3111 3055 3181 μαίνεται
3093 3111 3253 3182 μανίᾳ
3286 3115 3478 3182 πικρᾷ,
3509 3113 3602 3164 καί
3623 3115 3771 3166 κατά

561 3225 619 3264 se
650 3211 887 3280 gladium
917 3211 969 3262 in
1026 3209 1284 3263 antistitis
1332 3208 1535 3262 viscera
1566 3207 1863 3260 defixurum
1896 3205 2109 3257 minita-

2220 3206 2312 3269 τῆς
2344 3205 2477 3266 ίδίας
2507 3204 2783 3267 ὁπλίζεται
2811 3204 2985 3272 ψυχῆς
3004 3211 3032 3234 θ’
3054 3202 3265 3255 ἀπειλεῖ
3305 3204 3366 3256 τὸ
3397 3206 3590 3256 οἰκεῖον
3615 3205 3772 3272 ξίφος

561 3306 668 3350 tur.
702 3296 802 3350 Sed
840 3296 1078 3366 Ignatius
1106 3303 1289 3350 contra
1339 3295 1729 3357 comminatur,
1762 3293 1927 3346 Deum
1957 3293 2112 3346 invo-

562 3402 712 3447 cans,
741 3388 830 3456 qui
865 3396 1052 3455 potens
1086 3396 1227 3441 esset
1254 3385 1487 3454 gladium
1516 3386 1566 3439 iri
1601 3385 1748 3438 illum
1783 3393 2109 3439 convertere.

491 3491 496 3501 '
560 3476 696 3530 Hinc
721 3476 1078 3531 oﬂensionum
1134 3476 1303 3544 prima
1345 3475 1538 3544 origo:
1582 3475 1665 3528 hic
1701 3473 1820 3529 fons
1861 3475 2114 3528 ecclesia-

564 3567 713 3621 sticae
738 3568 1178 3635 perturbationis.
1217 3565 1350 3620 Hinc
1383 3567 1528 3635 gravi
1553 3566 1752 3620 Bardas
1782 3565 1859 3618 ira
1888 3551 2116 3632 odioque

565 3666 846 3724 concepto,
884 3671 947 3709 ac
988 3656 1148 3710 altius
1183 3656 1234 3708 in
1274 3665 1458 3723 pectus
1498 3655 1754 3718 demisso,
1788 3669 2024 3718 omnem,
2059 3663 2118 3707 ut

566 3747 782 3810 dicitur,
833 3747 1110 3799 rudentem
1164 3756 1349 3799 contra
1404 3745 1665 3814 lgnatium
1719 3745 1998 3810 movebat,
2062 3754 2118 3798 ut

565 3851 685 3888 eum
718 3835 856 3901 apud
883 3835 1256 3902 imperatorem
1290 3835 1686 3888 criminaretur.
1719 3834 1980 3890 Patricius
2003 3842 2114 3887 tum

566 3931 680 3976 erat
706 3923 920 3980 Bardas.
949 3933 999 3976 et
1021 3925 1324 3976 scholarum
1347 3923 1691 3989 domesticus,
1719 3925 1927 3992 sibique
1950 3934 2114 3978 totam

570 4009 780 4075 imperii
846 4009 1384 4072 administrationem,
1441 4019 1623 4078 utpote
1674 4013 1970 4065 avunculus
2013 4010 2115 4064 Mi-

569 4097 790 4159 chaelis,
826 4098 1143 4151 vindicabat.
1175 4099 1268 4152 llic
1325 4114 1608 4168 aggressus
1663 4101 1950 4168 aliquando
1988 4101 2118 4154 ado-

570 4190 892 4246 lescentem,
948 4187 1232 4255 verbisque
1292 4187 1563 4242 insidiosis
1617 4197 1841 4256 captans
1881 4206 1894 4240 :
1942 4188 2113 4254 Quid,

567 4273 759 4340 inquit.
784 4273 1020 4335 domine,
1053 4271 1338 4339 imperium
1391 4273 1544 4325 matri
1592 4282 1643 4327 et
1688 4276 1962 4328 sororibus
1992 4290 2115 4343 per-

567 4363 779 4416 mittis?
805 4362 965 4431 Atqui
993 4378 1098 4414 non
1128 4377 1184 4416 cs
1205 4363 1431 4430 amplius
1465 4363 1659 4428 infans,
1688 4365 1893 4433 aevique
1922 4367 2116 4418 imma-

566 4462 721 4503 turus
753 4469 766 4504 :
799 4452 925 4510 imo,
958 4452 1151 4520 inquit,
1186 4462 1237 4504 et
1261 4453 1369 4519 jam
1396 4467 1562 4508 uxore
1594 4455 1752 4508 ducta
1777 4455 1948 4507 virum
1979 4455 2112 4524 agis.

2219 3297 2330 3355 τοῖς
2361 3294 2685 3363 σπλάγχνοις
2711 3293 2803 3346 τοῦ
2840 3293 3094 3362 ίεράρχου
3117 3294 3450 3362 καταχῶσαι·
3503 3296 3530 3347 ὁ
3560 3295 3614 3346 δὲ
3645 3297 3776 3346 ἀντ-

2222 3383 2450 3447 απειλεϊ,
2478 3383 2568 3436 τὸν
2593 3383 2884 3452 δυνάμενον
2905 3381 3290 3452 ἐκκαλούμενος
3308 3384 3648 3453 ἐπιστρέψειν
3673 3385 3778 3454 τὴν

2224 3473 2494 3542 ῥομφαίαν
2520 3472 2680 3525 αὑτοῦ
2706 3472 2794 3525 ἐπ’
2820 3473 2997 3526 αὐτόν.
3022 3472 3166 3543 Αὕτη
3215 3473 3415 3540 γίνεται
3460 3459 3778 3528 σκανδάλων

2223 3562 2362 3630 ἀρχή
2391 3575 2403 3590 ⁸
2440 3561 2578 3632 αῦτη
2606 3562 2800 3630 πρώτη
2831 3561 2928 3629 τῆς
2964 3561 3410 3630 έκκλησιαστικῆς
3458 3564 3772 3615 ἀκαταστα-

2223 3651 2343 3713 σίας
2395 3653 2638 3720 ἀφορμή.
2708 3651 2982 3703 Ἐντεῦθεν
3023 3651 3204 3721 ⁴βαρὺν
3257 3652 3427 3721 ἑαυτῷ
3474 3653 3624 3720 χόλον
3674 3656 3779 3706 καλ⁵

2225 3740 2384 3808 μῆνιν
2406 3742 2432 3791 6
2451 3739 2658 3809 Βάρδας
2687 3741 2886 3801 ἐκεῖνος
2910 3739 3296 3801 ὲναποθέμενος
3322 3740 3459 3791 κατά
3481 3741 3569 3792 τοῦ
3595 3741 3768 3806 Ἱγνα-

2220 3830 2355 3891 τίον,
2394 3831 2566 3883 πάντα
2601 3831 2775 3883 κάλων
2805 3829 2988 3893 ἐκίνει,
3023 3829 3084 3881 τὸ
3118 3828 3182 3899 δὴ
3207 3829 3512 3898 λεγόμενον,
3550 3830 3628 3898 τῷ
3662 3830 3766 3895 βα-

2225 3918 2358 3970 σιλεί
2380 3917 2565 3971 τοῦτον
2619 3920 2929 3972 διαϐαλεῖν.⁸
2967 3921 3258 3990 Πατρίκιος
3282 3921 3336 3973 δὲ
3378 3923 3496 3974 τότε
3537 3923 3772 3974 καὶτῶν

2225 4009 2427 4077 σχολῶν
2471 4010 2780 4079 δομέστικος
2831 4010 2924 4075 ὣν,
2971 4011 3097 4080 ὃλην
3130 4012 3220 4063 τοῦ
3269 4012 3502 4081 Μιχαὴλ,
3552 4013 3647 4064 an
3702 4013 3769 4081 δὴ

2223 4101 2383 4160 θεῖος,
2416 4101 2493 4160 εἰς
2527 4100 2718 4152 ἑαυτὸν
2761 4101 2859 4169 τὴν
2901 4101 3068 4171 ἀρχὴν
3117 4103 3438 4155 ὑπεποιεῖτο.
3487 4103 3594 4154 Καί
3636 4120 3772 4154 ποτε

2225 4189 2631 4257 προσεληλυθὼς
2651 4189 2726 4258 τῷ
2756 4193 3018 4260 μειρακίῳ
3041 4191 3134 4244 καὶ
3157 4191 3330 4258 λόγοις
3357 4193 3773 4258 καταγοητεύων

2223 4279 2537 4347 ἀπατηλοῖς,
2577 4279 2688 4329 Ἵνα
2717 4279 2787 4341 τί,
2833 4280 3036 4348 ἔλεγεν,
3067 4275 3110 4332 ὦ
3145 4281 3390 4344 δέσποτα,
3424 4285 3774 4350 παραχωρεῖς

2222 4367 2317 4436 τὴν
2345 4368 2615 4435 βασιλείαν
2642 4372 2705 4438 τῇ
2741 4373 2906 4438 μητρὶ
2955 4371 3047 4422 καὶ
3075 4375 3192 4432 ταῖς
3233 4369 3518 4438 ἀδελφαῖςς
3557 4372 3627 4438 μὴ
3660 4373 3776 4438 γὰρ

2223 4456 2298 4507 ἔτι
2329 4458 2518 4523 νήπιος
2567 4454 2649 4521 ei;
2687 4460 2760 4526 μὴ
2799 4458 2896 4526 τὴν
2928 4459 3139 4527 ἠλικίαν
3186 4457 3413 4527 ἀτελής;
3458 4457 3595 4509 ⁹Δ).λ’
3630 4458 3770 4520 ίδοὺ,

563 4541 736 4594 Delius
766 4556 893 4609 ergo
945 4543 993 4593 in
1057 4553 1330 4610 posterum
1383 4545 1588 4598 virilem
1643 4547 1878 4598 animttm
1912 4561 2112 4613 gerere.

2225 4545 2405 4613 φησὶν,
2433 4546 2688 4614 ἐζεύχθης
2713 4547 2805 4598 καὶ
2836 4548 3070 4614 γυναικὶ,
3099 4549 3191 4600 καὶ
3217 4549 3314 4618 ἥδη
3350 4550 3428 4610 είς
3455 4548 3652 4617 ἄνδρας
3684 4565 3770 4599 τε·

565 4632 750 4700 ltaque
801 4647 830 4684 a
883 4633 1185 4696 patriarcha
1239 4635 1498 4687 accersito
1559 4642 1783 4685 matrem
1827 4645 1878 4686 et
1903 4651 2117 4688 sorores

566 4720 773 4772 tonderi
819 4719 1088 4787 velarique
1148 4720 1296 4788 juhe.
1355 4715 1454 4773 Ut‘
1485 4722 1626 4771 enim
1683 4722 1932 4790 deinceps
1967 4725 2114 4777 solus

562 4820 685 4858 cum
732 4806 1075 4871 proereaudis
1129 4821 1155 4856 a
1203 4815 1250 4858 te
1297 4806 1474 4857 liberis
1517 4805 1778 4871 imperes,
1815 4818 1866 4859 et
1898 4807 2114 4860 Numini

564 4895 770 4949 caelesti
840 4897 1048 4962 placet,
1107 4905 1159 4948 et
1226 4897 1380 4948 nobis
1445 4895 1810 4961 requissimum
1887 4899 2113 4950 videtur.

563 4987 805 5038 Accersit
833 5001 957 5054 ergo
997 4987 1140 5038 illico
1192 4987 1556 5037 venerandum
1614 4989 1990 5054 patriarcham.
2029 4989 2119 5043 Est

567 5073 708 5124 enim
746 5074 1053 5124 inconstans
1079 5083 1130 5124 et
1160 5072 1430 5122 mutabilis
1456 5071 1831 5134 adolescentia,
1858 5074 2118 5143 facileque

563 5177 696 5214 vana
739 5177 832 5228 spe
886 5162 1119 5213 elici-tur.
1172 5161 1321 5224 Quod
1359 5161 1400 5212 si
1432 5164 1678 5228 potentiae
1723 5179 1936 5232 quoque
1968 5165 2117 5218 fasti-

565 5254 707 5319 gium
742 5255 978 5314 accedat,
1022 5251 1190 5317 major
1219 5253 1372 5305 etiam
1405 5263 1483 5306 est
1520 5254 1660 5307 illius
1693 5257 1903 5314 levitas,
1941 5256 2111 5324 majo-

569 5356 788 5406 remquc
822 5344 873 5393 in
900 5340 1188 5392 amentiam
1224 5349 1276 5391 et
1312 5356 1493 5393 casum
1543 5358 1906 5411 saepenumero
1935 5347 2113 5412 prola-

562 5431 723 5482 bitur.
745 5430 896 5483 Tunc
918 5431 1075 5498 igitur
1094 5429 1773 5500 Michaelcorruptelarum,
1795 5450 2113 5502 morumque

561 5521 994 5587 (lcpravatorum,
1038 5528 1089 5572 et
1125 5535 1249 5571 vero
1309 5523 1477 5589 magis
1533 5525 1858 5589 impietatum
1896 5541 2109 5579 suarum

565 5600 826 5675 principio
864 5611 1033 5672 posito
1060 5627 1070 5659 :
1099 5608 1342 5674 Matrem,
1370 5612 1556 5679 inquit,
1585 5630 1753 5665 turam
1788 5631 2110 5683 sororesque

566 5716 593 5751 e
617 5696 837 5764 vestigio
862 5708 1097 5765 arreptas
1121 5701 1356 5766 attundc,
1392 5711 1443 5755 ct
1465 5703 1709 5768 religiosa
1743 5705 1940 5760 velatas
1967 5717 2110 5760 veste

2225 4634 2332 4694 λείς
2353 4651 2367 4664 ο
2399 4635 2626 4702 ὀφείλεις
2654 4637 2744 4688 καὶ
2775 4638 3020 4705 φρόνημα
3052 4637 3232 4690 λοιπὸν
3257 4637 3539 4689 ἀναλαϐεῖν
3555 4636 3768 4704 ἀνδρός·

2225 4724 2322 4792 τὴν
2363 4725 2569 4791 μητέρα
2619 4725 2674 4776 δὲ
2710 4727 2801 4778 καὶ
2832 4725 2929 4787 τὰς
2977 4727 3226 4794 ἀδελφὰς,
3281 4727 3370 4779 τὸν
3427 4728 3769 4796 πατριάρχην

2224 4815 2744 4884 μετακαλεσάμενος,
2761 4818 3042 4885 ἀποκεῖραι
3065 4817 3454 4888 πρόσταξον.Σὲ
3484 4819 3589 4886 γὰρ
3613 4818 3768 4886 βασι·
3806 4802 3818 4810 ’

2220 4904 2394 4956 λεύειν
2431 4906 2587 4973 μόνον
2620 4905 2822 4970 λοιπὸν,
2849 4907 2937 4958 καὶ
2963 4909 3087 4968 τοὺς
3110 4909 3170 4958 ἐκ
3200 4907 3290 4958 σοῦ
3314 4907 3766 4974 τεχθησομένους,

2218 4994 2310 5044 καὶ
2343 4994 2458 5061 Θεῷ
2490 4995 2583 5045 καὶ
2607 4996 2769 5046 πᾶσιν
2793 4997 2921 5063 ἡμῖν
2945 4996 3186 5064 ἀρεστόν.
3203 4996 3405 5046 Αὐτίκα
3430 4997 3610 5046 τοίνυν
3627 4997 3772 5047 έκεῖ-

2220 5102 2305 5146 νος
2362 5086 2451 5136 τὸν
2485 5086 2662 5152 τίμιον
2703 5086 2954 5154 ίεράρχην
2987 5087 3389 5154 μεταπέμπεται
3412 5101 3426 5113 ⁸
3457 5087 3771 5155 εὐρίπιστον

2217 5174 2378 5241 γὰρὴ
2411 5174 2611 5240 νεότης.
2648 5174 2740 5224 καὶ
2791 5174 2981 5242 ῥᾳδίως
3009 5177 3127 5234 ταῖς
3158 5175 3337 5233 κεναῖς
3376 5172 3485 5223 τῶν
3535 5171 3764 5222 ἐλπίδων
3815 5217 3817 5219 ,

2222 5262 2693 5328 μετεωριζόμενον,
2720 5264 2780 5316 El
2808 5264 2858 5314 δὲ
2887 5263 2975 5314 καὶ
2998 5262 3350 5338 ὲξουσίαςρπε
3363 5261 3489 5330 ροχὴ
3517 5261 3766 5329 προσείη,

2222 5351 2419 5418 μείζων
2461 5352 2557 5415 μὲν
2614 5355 2644 5421 ἡ
2681 5355 2968 5421 κουφότης,
3021 5355 3098 5414 είς
3131 5353 3298 5420 μείζω
3341 5353 3394 5404 δὲ
3446 5352 3627 5404 ἄνοιαν
3676 5353 3768 5402 καὶ

2220 5440 2422 5490 πτῶσιν
2459 5441 2530 5503 ὡς
2588 5445 2653 5493 τὰ
2693 5444 2858 5494 πολλά
2890 5446 3177 5512 προχωρεῖ.
3213 5443 3342 5492 Τότε
3391 5441 3560 5493 τοίνυν
3591 5441 3770 5509 ἀρχὴν

2216 5532 2331 5587 ταῖς
2366 5533 2481 5580 κατ’
2513 5534 2669 5583 αὑτὸν
2699 5533 2942 5594 ἀταξίαις
2991 5534 3081 5584 καὶ
3114 5533 3484 5593 ἀπαιδευσίαις
3505 5573 3518 5596 ,
3569 5533 3771 5598 μᾶλλον

2216 5617 2268 5665 δὲ
2297 5618 2583 5686 ἀσεϐείαις,
2638 5624 2664 5672 ό
2708 5621 2919 5686 Μιχαὴλ
2971 5620 3453 5688 καταϐαλλόμενος,
3487 5620 3634 5688 Ταχὺ
3669 5619 3769 5685 τὴν

2217 5704 2351 5772 ἐμὴν
2385 5710 2590 5776 μητέρα
2643 5708 2732 5757 καὶ
2782 5708 2876 5770 τὰς
2933 5707 3192 5776 ἀδελφὰς,
3245 5701 3379 5774 πρὸς
3426 5708 3518 5759 τὸν
3561 5707 3768 5758 δίκαιον
