3924 6312
180 395 292 459 505

1064 420 1075 453 -·
1135 422 1138 426 ·
1219 403 1391 477 vm’t
1426 420 1482 480 s.
1527 421 1817 482 IGNATII
1857 427 1962 488 cr.
2001 431 2341 498 ARCIIIEP.

3272 450 3378 512 506

176 508 312 578 ἔφη,
351 507 546 574 λαϐὼν,
580 510 884 584 ἀπόκειραι,
927 514 1002 585 τῷ
1025 502 1307 592 ’μοναχικῷ
1343 528 1578 596 σχήματι
1609 530 1723 580 ταύ-

1841 534 1959 588 vitae
1988 536 2248 605 religiosae
2279 540 2530 596 addicito.
2575 543 2642 599 At
2690 545 2852 600 libere
2879 550 3210 618 patriarcha;
3243 553 3372 620 lloc,
3459 601 3462 603 λ

173 615 276 661 ταις
311 602 688 658 καταδίκασον.
716 605 772 656 '0
796 605 851 657 δὲ
882 610 1414 681 παρρησιασάμενος,
1456 617 1732 671 Ἀδύνατόν

177 706 272 757 μοι
309 691 468 744 τοῦτο
491 696 677 757 ποιεῖν,
706 690 856 748 εἶπεν
899 698 1180 778 ὑπολαϐών
1201 717 1214 732 ·
1247 704 1348 772 τῆς
1368 706 1474 775 γὰρ
1508 708 1732 778 Ἐκκλη-

172 783 302 845 σίας
337 787 464 845 τοὺς
487 786 676 849 οἴακας
702 787 804 856 τὴν
827 776 997 862 ἀρχὴν
1037 793 1492 862 ἐγχειριζόμενος,
1533 776 1731 869 ἐγγρα-

174 874 470 943 φονὸρκον
498 877 716 945 ἐθέμην,
775 879 1039 953 μηδεμίαν
1098 883 1196 953 τῆς
1252 885 1528 952 βασιλείας
1579 889 1731 953 ὑμῶν

171 962 497 1033 ἐπιϐουλὴν,
539 966 569 1034 ἢ
607 952 816 1020 οἱανοῦν
839 966 1124 1040 ἐπήρειάν⁰
1141 952 1268 1027 ποτε
1308 952 1727 1045 διαλογίσασθαι.

172 1052 289 1105 Καὶ
331 1055 427 1106 νῦν
476 1055 528 1107 τί
559 1057 618 1109 τὸ
669 1058 906 1128 ἀδίκημα
951 1061 1055 1114 τῶν
1089 1064 1404 1134 βασιλίδων;
1436 1069 1530 1122 καὶ
1579 1072 1661 1132 τίς
1695 1073 1725 1139 ὴ

171 1144 300 1196 κατ’
331 1146 509 1198 αὐτῶν
535 1148 794 1212 αίτία,ὃτι
823 1152 882 1203 τὸ
908 1153 1169 1222 ὑμέτερον
1196 1158 1391 1226 κράτος
1421 1161 1589 1214 ταῦτα
1611 1164 1729 1215 κατ’

171 1230 362 1283 αὐτῶν
419 1234 692 1305 διενοήθης
751 1237 934 1302 Οὕτως
979 1234 1225 1318 ,εἰπόντος
1281 1246 1373 1298 τοῦ
1409 1249 1726 1319 ἀρχιερέως,

171 1321 557 1386 καθοσιώσεως
586 1327 770 1380 τοῦτον
815 1330 1024 1400 Βάρδας
1057 1336 1327 1404 ἐγράψατο
1355 1341 1586 1410 γραφὴν,
1628 1343 1666 1394 Γ
1669 1361 1730 1412 η-

170 1409 553 1466 6ο6ασίλευτον
578 1415 754 1469 ἔναντι
791 1418 886 1470 τοῦ
927 1420 1185 1488 βασιλέως
1221 1409 1725 1498 διαλοιδορούμενος.

169 1498 280 1555 Ἦν
312 1504 372 1556 δὲ
402 1505 430 1556 ὁ
467 1507 652 1575 Γήὸων
685 1503 834 1571 οὗτος
866 1512 1158 1582 ἐπίληπτος
1181 1515 1482 1583 ἄνθρωπος,
1517 1519 1734 1584 καὶ-τὰς

168 1593 381 1662 φρένας
402 1597 461 1648 ού
490 1598 626 1649 πάνυ
662 1599 1006 1671 καθεστηκώς
1031 1621 1045 1633 ο
1070 1604 1128 1665 ὃς
1157 1605 1259 1674 πρὸ
1286 1606 1478 1675 ὀλίγων
1508 1610 1727 1663 ἐκείνων

169 1683 402 1752 ἡμερῶν
433 1685 538 1738 ἀπὸ
564 1688 653 1740 τοῦ
687 1690 985 1760 Δυρραχίου
1017 1696 1365 1762 παρεγένετο,
1421 1701 1600 1769 σχῆμα
1632 1703 1728 1770 μὲν

168 1773 554 1840 περικείμενος
592 1775 870 1848 κληρικοῦ,
907 1782 1068 1833 παῖδα
1099 1783 1154 1834 δὲ
1179 1784 1365 1837 ἑαυτὸν
1391 1790 1487 1855 τῆς
1519 1787 1724 1856 βασιλί-

168 1860 258 1925 δος
290 1862 573 1932 Θεοδώρας
595 1866 652 1930 ἐξ
685 1868 870 1937 ἀνδρὸς
899 1871 1084 1939 ἐτέρου
1134 1874 1312 1944 ληρῶν
1334 1891 1350 1906 ⁸
1381 1870 1424 1943 ᾧ
1448 1880 1493 1930 oi
1543 1880 1724 1934 πολλοὶ

167 1950 262 2002 τοῦ
295 1952 468 2021 δήμου
499 1955 574 2017 ὡς
604 1955 906 2025 βασιλεύειν
964 1949 1205 2029 μέλλοντι
1245 1967 1569 2037 προσέσχον·
1605 1973 1722 2024 τότε

168 2039 226 2091 δὲ
252 2042 312 2093 ἐν
347 2043 522 2113 Ὀξεῖα
547 2049 778 2116 τῇνήσῳ
803 2049 904 2101 ὑπὸ
940 2051 1171 2116 ἀσφαλεῖ
1195 2057 1463 2125 συνείχετο
1491 2063 1720 2131 φρουρᾷ.

179 2125 239 2180 'U
278 2129 380 2195 μὲν
431 2131 523 2185 οὖν
555 2136 891 2206 πατριάρχης
944 2141 1000 2193 ὲν
1050 2142 1270 2212 ὑπονοίᾳ
1313 2143 1400 2198 διὰ
1441 2125 1723 2218 ταῦτα-τῷ

169 2218 392 2287 Μιχαὴλ
416 2222 704 2287 καταστὰς,
741 2226 895 2288 εὐθὺς
932 2228 1210 2282 ὑπενόστει
1250 2233 1382 2300 πρὸς
1409 2233 1505 2304 τὴν
1526 2236 1724 2306 ἐκκλη-

172 2306 314 2362 σίαν.
365 2309 421 2362 Ὀ
450 2309 506 2364 δὲ
532 2314 865 2383 παραχρῆμα
893 2317 989 2386 τὴν
1015 2319 1222 2386 μητέρα
1249 2323 1340 2374 καὶ
1370 2323 1466 2386 τὰς
1493 2326 1722 2392 ἀδελφὰς

171 2399 519 2466 καταγαγὼν,
553 2403 609 2454 ὲν
644 2406 750 2466 τοῖς
782 2407 1054 2475 Καριανοῠ
1093 2410 1398 2480 λεγομένοις
1428 2416 1722 2486 ἀπενεχθῆο
1751 2414 1777 2424 “

170 2504 257 2539 ναι
289 2489 500 2542 κελεύει
530 2493 620 2544 καὶ
654 2494 904 2563 καρῆναι.
939 2499 1092 2552 Μετὰ
1143 2504 1334 2571 μικρὸν
1367 2504 1422 2556 δὲ
1447 2507 1534 2556 καὶ
1564 2507 1722 2559 αὑτὸν

171 2578 463 2632 ἀπελαύνει
494 2582 584 2634 τοῦ
613 2587 991 2655 πατριαρχείου
1042 2589 1128 2642 τὸν
1164 2592 1437 2660 Ίγνάτιον,
1468 2596 1560 2648 καὶ
1591 2597 1724 2665 πρὸς

169 2667 268 2735 τὴν
329 2668 492 2737 νῆσον
525 2671 846 2740 Τερέϐινθον-
886 2677 1045 2730 αὑτὸν
1095 2680 1401 2751 ὑπερορίζει
1425 2702 1436 2715 ·
1475 2689 1593 2739 κατ’
1626 2689 1721 2740 αύ-

173 2757 269 2825 τὴν
323 2758 381 2810 δὲ
435 2759 531 2829 τὴν
558 2763 766 2830 ἡμέραν
818 2767 910 2818 καὶ
960 2769 1169 2837 Γήσονα
1216 2773 1419 2827 ἐκεῖνον
1479 2777 1584 2828 ἀπὸ
1625 2779 1723 2847 τῆς

185 2846 392 2913 Ὀξείας
418 2853 496 2912 είς
526 2853 820 2921 ιῐρίγκιπον
855 2861 1210 2926 μετενεγκὼν,
1249 2863 1317 2916 τά
1347 2883 1407 2917 τε
1441 2867 1601 2935 σκέλη
1631 2871 1723 2922 καὶ

169 2937 297 3000 τοὺς
349 2938 632 3009 βραχίονας
660 2945 900 3014 ἐξέκοψε,
932 2939 1023 3002 καὶ
1050 2953 1170 3015 τοὺς
1200 2954 1508 3023 ὀφθαλμοὺς
1537 2959 1724 3027 ἐξορύ-

176 3024 289 3088 ξας,
320 3027 635 3082 ἀπέκτεινεν
672 3034 852 3096 αὑτὸν,
885 3039 1124 3105 οἰόμενος
1145 3042 1315 3114 ταύτῃ
1343 3045 1432 3097 τὸν
1456 3024 1722 3118 πατριάρε-

1831 621 2025 689 inquit,
2059 640 2086 676 a
2118 641 2200 678 me
2229 629 2338 680 tieri
2367 629 2514 684 nefas
2541 647 2554 683 :
2587 647 2706 685 nam
2737 632 2984 688 Ecclesia:
3015 638 3372 704 gubernacula

1831 713 2118 782 sedemque
2146 731 2350 770 sacram
2383 735 2502 773 cum
2563 724 2920 791 susciperem,
2980 726 3132 778 ﬁdem
3163 729 3374 798 jureju-

1830 805 1999 858 rando
2032 822 2203 866 meam
2238 825 2329 876 per
2376 813 2627 880 scriptum
2684 817 2930 878 astrinxi,
2988 833 3256 885 nunquam
3293 837 3374 875 uie

1831 894 2055 963 imperio
2078 905 2255 953 vestro
2305 901 2524 956 insidias
2581 907 2918 972 positurum,
2965 909 3045 961 vel
3089 912 3371 963 consilium

1830 984 2157 1050 ejuscemodi
2189 989 2533 1056 agitaturum.
2581 994 2643 1044 Et
2692 1010 2813 1048 vero
2857 1011 3017 1057 nunc,
3051 1001 3189 1064 quod
3233 1000 3374 1064 regi-

1829 1086 2017 1124 narum
2053 1085 2134 1128 cst
2174 1076 2404 1142 facinus,
2435 1097 2618 1148 quaeve
2655 1083 2704 1134 in
2734 1083 2835 1137 illis
2881 1101 3062 1148 causa,
3107 1095 3160 1139 ut
3207 1089 3370 1154 maje-

1828 1172 1940 1216 stas
1991 1175 2163 1219 vestra
2208 1167 2463 1222 adversus
2502 1186 2592 1225 eas
2643 1173 2762 1225 talia
2819 1176 3196 1229 machinatur?
3252 1175 3374 1230 Ilzrc

1828 1266 2210 1312 memorantem
2248 1259 2605 1324 patriarcham
2646 1262 2844 1316 Bardas
2894 1279 3040 1318 reum
3079 1267 3372 1334 majestatis

1826 1343 2136 1408 postulavit,
2165 1353 2218 1398 et
2259 1360 2436 1398 coram
2468 1347 2785 1414 imperatore
2807 1351 3270 1405 Gebobasilcutum
3290 1353 3372 1424 [ὅ]

1827 1428 1956 1496 (seu
1986 1431 2220 1487 Gebonis
2258 1429 2820 1503 pseudo-imperatorii
2851 1442 3059 1507 generis
3116 1443 3368 1507 similem)

1828 1535 1921 1588 per
1982 1523 2282 1576 convicium
2340 1526 2565 1578 vocavit.
2625 1526 2748 1580 Erat
2799 1528 2942 1582 Gebo
3001 1530 3088 1583 hic
3146 1533 3370 1586 stolidus

1826 1610 2070 1678 maleque
2091 1626 2256 1664 sanus
2303 1611 2485 1676 homo,
2531 1614 2620 1682 qui
2653 1617 2912 1682 proximis
2940 1617 3128 1672 diebus
3176 1619 3371 1687 Dyrra-

1825 1699 1948 1753 chio
1984 1707 2224 1760 venerat,
2270 1712 2416 1754 veste
2458 1703 2670 1769 quidem
2724 1706 3082 1760 ecclesiastica
3128 1708 3369 1771 indutus,

1826 1801 1884 1839 se
1910 1801 2034 1839 vero
2077 1801 2171 1854 pro
2223 1786 2332 1840 tilio
2381 1781 2672 1842 Theodoric
2730 1791 2981 1858 Augusta:
3004 1808 3066 1845 ex
3099 1794 3203 1847 alio
3258 1798 3374 1847 viro

1824 1875 2039 1944 gerebat
2072 1892 2084 1939 ;
2128 1877 2212 1929 cui
2252 1893 2355 1930 non
2404 1875 2558 1946 pauci
2591 1895 2654 1933 ex
2711 1883 2863 1946 plebe
2893 1883 3033 1935 velut
3087 1895 3373 1950 regnaturo

1822 1964 2160 2017 adhzerehant
2191 1983 2203 2017 :
2236 1975 2358 2018 tunc
2397 1982 2522 2019 vero
2552 1968 2602 2020 in
2637 1970 2806 2021 insula
2841 1969 2995 2033 Oxia,
3024 1986 3119 2024 seu
3175 1974 3365 2032 Acuta,

1824 2057 1975 2107 lirma
2024 2056 2262 2108 custodia
2315 2058 2614 2111 tenebatur.
2681 2058 2987 2113 Patriarcha
3052 2076 3178 2130 ergo
3244 2078 3371 2129 pro-

1823 2155 2000 2214 pterea
2039 2145 2281 2198 Michaeli
2318 2157 2619 2214 suspectus,
2657 2149 2836 2201 statim
2878 2149 2945 2202 ad
2997 2150 3273 2203 ecclesiam
3313 2166 3372 2204 se

1821 2236 2038 2302 recepit.
2073 2235 2300 2289 Michael
2332 2252 2454 2288 vero
2493 2240 2756 2304 extemplo
2792 2248 3015 2291 matrem
3058 2255 3178 2293 cum
3218 2256 3371 2293 soro-

1823 2327 1972 2379 ribus
2012 2325 2063 2377 in
2090 2324 2304 2379 Cariani
2333 2327 2472 2380 aedes
2501 2327 2770 2381 detrusam
2817 2328 3086 2395 deportari
3133 2329 3368 2382 tonderi-

1822 2431 1926 2483 que
1955 2416 2195 2482 imperat.
2225 2413 2330 2467 Nec
2357 2416 2526 2468 multo
2578 2426 2696 2484 post
2721 2417 2892 2485 ipsum
2943 2433 3155 2486 quoque
3203 2419 3368 2485 patri-

1822 2504 2036 2557 archam
2069 2503 2325 2571 lgnatium
2360 2506 2524 2572 pellit,
2557 2507 2792 2572 atquein
2835 2507 3061 2561 insulam
3116 2507 3373 2561 Terebin-

1823 2595 1972 2647 thum
2000 2593 2143 2661 ejicit
2176 2611 2189 2657 ;
2216 2594 2511 2662 eodemque
2540 2596 2624 2649 die
2651 2596 2918 2650 Gebonem
2952 2598 3098 2651 illum
3119 2615 3183 2652 cx
3202 2598 3371 2652 Acuta

1823 2683 1875 2737 in
1914 2685 2188 2752 Principes
2221 2684 2494 2747 transfert,
2520 2694 2572 2738 et.
2594 2686 2839 2740 cruribus
2865 2688 3202 2755 brachiisque
3224 2705 3374 2756 pra:-

1821 2773 1969 2835 cisis,
2003 2774 2275 2840 oculisque
2302 2775 2486 2835 erutis,
2517 2774 2787 2838 interlicit,
2816 2785 2962 2829 ratus
3003 2791 3058 2830 se
3086 2777 3186 2830 hac
3211 2779 3371 2830 ratio-

1821 2877 1889 2916 ne
1923 2864 2088 2917 ultum
2115 2864 2191 2918 ire
2224 2865 2607 2932 patriarcham.
2635 2863 2873 2919 Necdum
2917 2867 3151 2920 triduum
3197 2881 3225 2920 a
3273 2882 3371 2933 pa-

1823 2951 2068 3005 triarchae
2118 2951 2355 3007 discessu
2408 2951 2665 3018 ﬂuxerat,
2694 2969 2816 3007 cum
2866 2954 3060 3008 adsunt
3089 2955 3183 3022 qui
3213 2966 3370 3022 puta-

1822 3040 2016 3094 bantur
2040 3041 2179 3095 inter
2218 3043 2497 3111 episcopos
2521 3043 2782 3110 primarii,
2823 3043 3234 3112 chirographum
3260 3044 3371 3096 sive

175 3130 272 3181 χην
315 3117 657 3184 ἀμυνεῖσθαι.
693 3121 856 3175 Οὔπω
880 3129 1023 3194 τρεῖς
1054 3131 1187 3196 μετά
1212 3130 1312 3200 τὴν
1328 3133 1622 3188 κατάϐασιν
1647 3117 1723 3188 ’δι-

1825 3120 2057 3181 libellum
2105 3129 2459 3184 abdicationis
2526 3131 2594 3183 ob
2654 3131 2996 3199 prasentium
3069 3141 3371 3198 temporum

175 3204 779 3280 εληλύθεισανὴμέραι,
803 3214 895 3267 καὶ
934 3219 1180 3287 παρῆσαν
1215 3220 1322 3273 τῶν
1348 3223 1652 3278 ἐπισκόπων
1672 3229 1721 3279 οἱ

175 3295 511 3363 νομιζόμενοι
539 3298 776 3366 λογάδες,
800 3303 1036 3357 λίδελλον
1057 3309 1353 3378 ἀωταγῆς,
1383 3312 1497 3380 ἤτοι
1522 3315 1720 3380 παραί-

175 3399 328 3451 τησιν
355 3421 372 3444 ,
406 3386 492 3438 διὰ
519 3388 612 3455 τὴν
648 3391 946 3446 ἐνεστῶσαν
969 3395 1060 3448 τοῦ
1081 3397 1267 3468 καιροῦ
1291 3400 1484 3453 κακίαν
1511 3401 1739 3467 ἀξιοῦνι

177 3488 263 3535 τες
287 3473 472 3526 λαϐεῖν
495 3478 619 3546 παρ’
648 3478 830 3532 αὑτοῦ.
874 3483 979 3534 Καὶ
1009 3484 1180 3537 ταῦτα
1208 3485 1383 3551 τίνεςς
1422 3489 1482 3539 Oi
1516 3490 1717 3558 ἐγγρά-

181 3579 290 3627 φως
315 3565 461 3634 αύτῷ
485 3567 741 3637 πρότερον
765 3571 1125 3641 ὀμωμοκότες,
1160 3575 1253 3628 καὶ
1282 3577 1446 3646 αὐτῆς
1471 3581 1720 3633 ἐκπεσεῖν

178 3647 272 3719 τῆς
303 3653 622 3724 ὑπερουσίου
653 3659 876 3726 Τριάδος
914 3662 1216 3732 εὐξάμενοι,
1270 3667 1382 3733 εἴγε
1405 3667 1493 3719 τὸν
1524 3670 1718 3722 οἰκεῖον

179 3743 406 3809 ποιμένα
449 3744 574 3798 ἄνευ
627 3749 1014 3815 καταγνώσεως
1055 3753 1373 3822 ἀθετήσαιεν
1411 3760 1715 3828 κανονικῆς.

192 3823 324 3884 Ἀλλ’
354 3835 505 3887 αὐτοὶ
549 3837 647 3904 μὲν
677 3840 1008 3908 ὑπέστρεφον
1055 3844 1290 3914 ἀνήνυτα
1335 3823 1730 3916 πεπονηκότες.-

179 3920 306 3972 Μετ’
330 3923 514 3990 ὀλίγας
543 3927 597 3978 δὲ
623 3927 775 3990 αὖθις
803 3930 907 3999 ήμέ
917 3947 1014 3999 ρας
1033 3933 1302 4002 πατρίκιοι
1350 3937 1443 3989 καὶ
1467 3938 1572 3989 τῶν
1603 3955 1719 4008 κρι-

179 4009 280 4062 τῶν
309 4014 357 4064 οἱ
396 4015 806 4082 ἐπιφανέστατοι
837 4020 931 4072 σὺν
963 4025 1072 4084 τοῖς
1102 4026 1455 4094 προλαϐοῦσιν
1502 4030 1718 4082 ἐπισκό-
1745 4059 1748 4062 ~

178 4115 294 4162 ποις
323 4103 573 4168 ἐξιόντες,
607 4109 803 4172 πάσαις
857 4116 1146 4180 μηχαναῖς,
1187 4116 1505 4186 ὑποσχέσεσί
1537 4137 1594 4171 τε
1625 4114 1719 4171 καὶ

179 4192 420 4254 ἀπειλαῖς
448 4196 536 4247 τὸν
563 4198 745 4266 θρόνον
799 4201 1086 4270 ἐγγράφως
1117 4210 1547 4277 παραιτήσασθαι
1585 4229 1714 4264 κατ-

180 4281 465 4348 εὸιάζοντο,
493 4288 604 4353 εῐγε
642 4288 712 4371 μὴ
749 4291 928 4357 μέλλοι
952 4295 1029 4355 εἰς
1061 4299 1304 4366 προφανῆ
1332 4299 1572 4352 καθεῖναι
1602 4300 1714 4352 κίν-

179 4371 323 4425 δυνον
353 4375 558 4429 ἑαυτόν.
600 4379 794 4447 Ἔμενε
824 4381 880 4433 δὲ
930 4383 1256 4451 ἀμετάθετος
1308 4390 1458 4441 οὐδὲν
1496 4385 1714 4460 ἦττονῆ

1825 3219 2155 3287 iniquitatem
2207 3220 2273 3274 ab
2332 3235 2395 3272 eo
2446 3230 2706 3288 petentes.
2756 3220 2820 3272 Et
2857 3221 3075 3287 quinam
3124 3222 3223 3276 hi?
3268 3223 3374 3285 Qui

1824 3316 1976 3360 antea
2010 3309 2082 3361 illi
2123 3324 2217 3376 per
2255 3307 2510 3376 scriptum
2547 3309 2880 3376 juraverant,
2909 3325 2966 3363 se
2991 3311 3135 3377 prius
3182 3326 3370 3379 supre-

1824 3414 1962 3450 mam
1992 3397 2269 3452 Trinitatis
2301 3400 2630 3466 majestatem
2683 3409 2993 3469 negaturos,
3032 3416 3191 3468 quam
3256 3403 3374 3456 sine

1823 3489 2075 3542 canonica
2130 3489 2489 3544 damnationis
2543 3492 2803 3543 sententia
2877 3500 3143 3558 pastorem
3199 3507 3356 3544 suum

1821 3581 2154 3636 exauctorari
2187 3595 2457 3647 passuros.
2498 3579 2689 3633 Verum
2720 3579 2752 3632 ii
2787 3596 2841 3634 re
2880 3580 3076 3634 infecta
3136 3593 3370 3634 reverte-

1822 3679 1970 3724 runt.
2013 3670 2152 3722 intra
2193 3684 2389 3736 paucos
2424 3681 2596 3722 autem
2627 3669 2740 3723 dies
2763 3671 2989 3738 patricii,
3019 3671 3372 3740 judicumque

1820 3760 2102 3814 clarissimi
2141 3773 2262 3811 cum
2306 3757 2493 3809 iisdem
2542 3757 2808 3825 episcopis
2841 3758 3061 3824 egressi,
3115 3757 3371 3809 omnibus

1819 3849 2087 3904 machinis
2123 3856 2175 3901 et
2208 3847 2706 3913 pollicitationibus,
2759 3845 3369 3913 comminationibustu

1818 3939 2249 4008 compellebant,
2310 3923 2369 3990 ut
2430 3939 2737 4005 episc0palu
2795 3952 2850 3990 se
2895 3936 3189 3998 abdicaret,
3216 3937 3262 3989 si
3314 3937 3366 3989 in

1819 4037 2058 4097 apertum
2086 4027 2606 4081 nolleteommittere
2635 4042 2693 4080 se
2740 4024 3060 4094 periculum.
3101 4022 3203 4077 Sed
3260 4040 3365 4077 non

1817 4119 1994 4172 minus
2026 4120 2210 4170 lirmus
2252 4117 2608 4184 immotusqtte
2652 4116 2819 4176 stetit,
2872 4130 3032 4183 quam
3092 4114 3364 4166 maritima

1819 4219 2001 4264 cautes
2040 4209 2159 4262 altis
2204 4207 2257 4258 in
2296 4216 2495 4260 terram
2555 4206 2725 4260 deﬁxa
2760 4199 3051 4267 radicibus,
3103 4201 3364 4269 ﬂuctuum

1820 4299 2114 4352 insultibus
2145 4298 2277 4350 nihil
2331 4297 2548 4350 cedens.
2603 4294 2740 4363 Ergo
2765 4310 2888 4347 cum
2926 4309 3032 4347 non
3085 4293 3368 4355 haberent,

1819 4386 1959 4439 unde
1992 4383 2143 4437 illum
2185 4385 2457 4444 la-deient,
2498 4383 2636 4435 nulla
2678 4397 2770 4450 per
2827 4397 2949 4435 eum
2999 4380 3118 4433 data
3180 4394 3366 4440 causa,

178 4461 344 4529 πέτρα
369 4466 629 4533 παράλιος
652 4470 728 4530 εις
751 4470 912 4538 βάθος
960 4476 1058 4542 γῆς
1094 4477 1453 4546 ὲρριζωμένη,
1483 4453 1575 4532 κάκ
1607 4453 1713 4533 πάξ

1823 4477 1977 4544 Cujus
2026 4475 2286 4528 rationem
2341 4473 2560 4526 reddere
2614 4486 2716 4523 non
2770 4479 2998 4538 posset;
3030 4469 3193 4525 nudo,
3225 4468 3366 4533 quod

183 4565 291 4637 ααις
316 4553 589 4618 ἀνένδότος
620 4557 874 4626 κυμάτων
904 4562 1207 4630 ἐπιφοραῖς.
1248 4567 1459 4637 Ἐπειδὴ
1493 4569 1584 4621 οὖν
1618 4571 1716 4624 οὐκ

179 4636 314 4710 εῐχον
343 4643 575 4713 εὐλόγοις
610 4654 956 4719 παρανομεῖν,
988 4655 1238 4724 οὐδεμιᾶς
1266 4636 1457 4722 αὐτοῖς
1478 4662 1582 4713 ἀπὸ
1621 4663 1713 4714 τοῦ

180 4729 460 4784 ἀνευθύνου
487 4736 804 4802 προφάσεως
835 4741 1186 4812 ἐνδιδομένης,
1241 4752 1415 4818 γυμνῇ
1448 4751 1628 4804 λοιπὸν
1651 4755 1713 4820 τῇ

181 4821 402 4891 κεφαλῇ,
449 4824 542 4875 καὶ
594 4826 798 4878 ἀναιδεῖ
831 4833 1120 4901 προσώπῳ,
1155 4836 1292 4889 κατὰ
1345 4839 1404 4890 τὸ
1437 4841 1712 4910 ᾀδόμενον,

183 4908 306 4974 πρδς
354 4912 530 4963 πᾶσαν
585 4913 820 4983 ἐχώρουν
867 4917 1076 4972 ἀδικίαν
1126 4925 1217 4975 καὶ
1252 4908 1608 4995 παρανομίαν.
1658 4932 1715 4982 '0

187 4995 272 5060 μὲν
316 4997 406 5049 οὖν
438 4999 634 5068 Κύριος
691 5005 842 5072 ἡμῶν
885 5006 1086 5076 Ἰησοῦς
1137 5013 1397 5080 Χριστὸς,
1445 5017 1538 5069 ἅτε
1585 5019 1717 5079 Θεὸς

187 5084 416 5154 ἀληθινὸς
450 5090 543 5140 καὶ
575 5093 822 5160 ἀληθινοῦ
848 5098 1062 5167 Πατρδς
1089 5099 1181 5164 ὢν,
1225 5104 1283 5155 οὒ
1315 5105 1391 5171 τῷ
1416 5106 1543 5167 Θεὸς
1578 5104 1714 5159 εἶναι

187 5174 329 5238 μόνον
359 5179 696 5244 προαιώνιος,
719 5183 782 5234 τά
807 5184 979 5237 πάντα
1004 5189 1106 5257 πρὸ
1132 5191 1226 5258 τῆς
1251 5192 1424 5244 αὐτῶν
1455 5195 1716 5260 γενέσεως

185 5261 330 5330 οἶδεν,
366 5271 502 5321 ἀλλὰ
524 5277 616 5323 καὶ
648 5274 722 5342 τῷ
747 5277 1027 5345 ἄνθρωπος
1075 5282 1210 5350 ὑπὲρ
1243 5285 1396 5352 ἡμῶν
1444 5288 1716 5352 γενέσθαι,

186 5355 252 5423 τῷ
276 5359 588 5432 τεθεωμένῳ
610 5366 687 5416 νοῒ
716 5366 780 5417 τὰ
810 5369 983 5422 πάντα
1027 5375 1423 5441 προκατανοῶν,
1445 5377 1718 5446 Ἀνάγκη,

281 5511 300 5541 ³
335 5510 526 5565 Matth.
565 5530 723 5578 xvttt,
761 5517 813 5570 7.

186 5719 316 5770 icit).

1816 4567 1985 4630 aiunt,
2018 4568 2209 4633 capite,
2232 4563 2585 4630 perfrictaque
2606 4553 2777 4613 fronte
2800 4560 2864 4612 ad
2895 4558 3063 4612 omne
3095 4557 3174 4610 ias
3201 4556 3374 4611 nefas-

1817 4673 1920 4725 que
1993 4655 2405 4709 descenderunt.
2459 4653 2536 4705 Et
2584 4651 2841 4703 Dominus
2913 4648 3126 4716 quidem
3188 4656 3370 4700 noster

1815 4747 1972 4803 Jesus
2000 4747 2268 4805 Christus,
2307 4754 2486 4812 utpote
2541 4742 2678 4793 Deus
2735 4754 2891 4792 verus
2938 4749 2990 4791 et
3034 4740 3144 4791 veri
3197 4738 3371 4792 Patris

1819 4837 2051 4905 soboles,
2086 4851 2189 4887 non
2223 4835 2394 4888 solum
2427 4847 2529 4899 qua
2565 4831 2702 4884 Deus
2746 4839 2826 4883 est
2885 4838 3135 4892 aeternus,
3191 4829 3370 4881 onmia

1821 4938 2105 4995 antequam
2142 4927 2267 4988 sint,
2297 4925 2572 4991 pnevidit;
2606 4923 2696 4975 sed
2729 4922 2887 4974 etiam
2920 4936 3025 4988 qua
3054 4921 3212 4973 homo
3273 4934 3369 4986 pro

1822 5020 1977 5072 nobis
2009 5017 2198 5080 lactus,
2223 5016 2466 5069 deiﬁcata
2493 5029 2586 5069 sua
2617 5023 2793 5066 mente
2821 5015 2998 5065 omnia
3030 5013 3316 5078 prmseiens
3351 5048 3365 5067 .

1821 5109 2039 5160 Necesse
2061 5117 2132 5159 est
2162 5147 2174 5169 ,
2211 5106 2404 5173 inquit,
2441 5115 2496 5157 ut
2523 5106 2723 5157 ueniant
2771 5104 3061 5156 scandala:
3096 5117 3166 5152 va?
3197 5110 3364 5172 autent

1820 5199 1922 5262 illi,
1967 5214 2056 5267 per
2117 5193 2262 5265 quem
2303 5195 2611 5248 scandalum
2673 5195 2804 5246 venit
2849 5192 3180 5246 ’.Ὀιιιιιὶιιιιι
3242 5203 3367 5254 ergo

1821 5299 2112 5351 sectarum,
2168 5304 2284 5356 qua:
2317 5304 2345 5340 a
2405 5287 2582 5340 divina
2643 5286 2839 5339 Christi
2875 5285 2925 5336 in
2979 5280 3362 5334 humanitatem

1823 5380 2104 5448 praesentia
2149 5367 2220 5430 ad
2260 5378 2577 5431 hodiernum
2617 5389 2788 5443 usque
2818 5373 2952 5426 diem
3004 5369 3054 5419 in
3101 5366 3364 5418 Ecclesias

249 5647 318 5710 (3)
373 5648 870 5719 Gebohasileutum,
924 5653 1024 5711 hoc
1071 5666 1172 5722 est,
1213 5657 1448 5713 Gcbonis
1489 5661 1666 5714 stolidi
1725 5661 1977 5727 hominis,
2024 5653 2076 5717 et
2128 5662 2410 5732 imperium
2448 5655 2991 5732 temerestﬂ‘cctantis,
3019 5654 3151 5726 parti
3181 5652 3360 5709 faven-
