3924 6312
381 413 489 479 ειη

1544 406 1830 471 NICETIE
1859 403 2296 466 PAPHLAGON
2304 405 2372 462 IS

3453 399 3549 460 508

369 534 496 580 eum
527 519 758 589 pernicie
785 517 1133 587 irrepserunt,
1175 526 1446 581 auctores,
1471 516 1629 570 veluti
1681 516 1892 570 scanda-

2005 513 2184 578 φησὶν,
2223 508 2417 562 ἐλθεῖν
2453 506 2523 560 τὰ
2549 507 2866 560 σκάνδαλα
2891 521 2904 534 ·
2953 506 3085 559 οὐαί
3137 506 3204 559 δὲ
3248 507 3322 560 δι’
3360 503 3431 564 οὗ
3485 510 3550 562 τὸ

369 613 547 666 lorum
572 608 756 669 duces,
788 609 932 678 digni
975 616 1118 670 sunt,
1175 609 1265 676 qui
1318 608 1477 677 primi
1519 605 1902 676 malum,quod

366 699 617 756 Christus
655 700 890 752 minatur
927 737 942 763 ,
1007 699 1345 768 participem.
1403 699 1504 753 Sed
1545 713 1648 753 non
1705 698 1900 759 minus,

365 789 576 858 opinor,
610 788 644 841 ii
676 789 769 857 qui
797 797 978 842 nostro
1018 803 1134 842 aevo
1193 790 1422 858 maligne
1447 795 1688 860 egerunt,
1740 801 1898 858 quam

362 875 440 932 illi
478 877 640 945 prisci
675 875 743 930 et’
769 877 1190 931 decantatissimi
1241 878 1633 943 haeresiarchas,
1666 878 1900 935 caelestis

361 966 497 1021 iram
529 968 929 1032 vindictamque
951 967 1203 1024 Numinis
1243 971 1491 1037 sentient,
1530 979 1587 1025 ut
1614 971 1706 1040 qui
1745 972 1901 1024 innu-

359 1057 698 1110 merabilium
727 1056 1082 1111 offensionum
1132 1069 1184 1113 et
1229 1062 1489 1116 malorum
1522 1059 1612 1114 toti
1638 1069 1896 1114 terrarum

356 1142 473 1195 orbi
513 1143 620 1195 sint
674 1153 942 1198 auctores.
975 1141 1160 1214 Neque
1212 1147 1351 1200 enim
1410 1155 1681 1214 propterea
1725 1145 1899 1213 justo-

354 1243 475 1282 rum
504 1229 624 1282 albo
650 1231 1007 1296 ascribeutur,
1037 1234 1180 1302 quod
1233 1234 1395 1289 rectis
1438 1233 1641 1291 scilicet
1678 1234 1899 1301 dogma-

352 1318 498 1373 tibus
539 1329 592 1373 et
623 1322 1026 1398 scriptionibus
1081 1324 1379 1380 innumeris
1428 1324 1592 1380 Deum
1632 1324 1782 1381 fateri
1824 1325 1900 1380 vi-

352 1408 622 1463 deantur:
673 1410 763 1464 sed
824 1411 1488 1477 idcirco'damnabuntur,
1522 1414 1682 1483 quod,
1719 1425 1778 1470 ut
1817 1424 1901 1472 est

353 1497 405 1553 in
446 1499 616 1554 sacris
645 1500 872 1569 paginis,
920 1500 1082 1555 Deum
1106 1501 1260 1557 factis
1294 1503 1427 1571 ipsis
1471 1505 1735 1575 negarint,
1765 1498 1897 1562 abo-

349 1587 637 1642 minabiles
669 1587 811 1652 facti,
845 1599 894 1642 et
939 1599 1313 1656 contumaces,
1345 1600 1406 1645 et
1449 1592 1516 1646 ad
1551 1608 1712 1647 omne
1764 1610 1898 1665 opus

350 1677 553 1730 bonum
575 1677 807 1742 reprobi.
855 1675 962 1732 Nec
1021 1679 1145 1747 quia
1197 1695 1480 1749 personam
1519 1683 1731 1752 pietatis
1773 1685 1899 1755 .vul-

347 1770 571 1834 tumque
600 1768 874 1837 religionis
913 1770 1174 1836 ementiti,
1208 1781 1373 1842 agunt
1425 1775 1607 1828 omnia
1635 1773 1895 1830 efﬁciunt-

2007 599 2353 651 σκάνδαλον
2393 597 2621 664 ἔρχεται
2637 597 2657 648 .'
2707 597 2839 650 Καθ’
2890 597 3014 658 ὅλας
3048 597 3147 665 μὲν
3186 593 3277 648 οὖν
3309 593 3405 658 τὰς
3437 597 3541 650 ἀπὸ

2004 690 2104 759 τῆς
2143 689 2457 759 θεανδρικῆς
2495 687 2655 740 αὐτοῦ
2697 689 2992 756 παρουσίας
3045 687 3202 756 μέχρι
3251 688 3343 738 τοῦ
3394 690 3551 762 δεῦρο

2007 778 2494 848 παρεισφθαρείσας
2522 777 2752 844 αἱρέσεις
2775 780 2831 829 ἐν
2860 781 2975 838 ταῖς
2990 777 3346 845 Ἐκκλησίαις,
3375 779 3422 830 οἱ
3449 781 3552 832 τῶν

2004 868 2264 937 αἱρέσεων
2289 867 2524 936 ἕξαρχοι,
2560 867 2635 927 ὼς
2675 866 2781 918 τῶν
2821 866 3122 919 σκανδάλων
3171 865 3547 934 ἐξηγούμενοι,

2005 957 2208 1026 πρῶτοι
2236 957 2300 1010 ἂν
2321 957 2482 1020 ἀξίως
2510 956 2659 1008 αὐτοὶ
2683 955 2956 1023 μετέχοιεν
2978 957 3070 1016 καὶ
3089 955 3178 1007 τοῦ
3201 955 3550 1023 ταλανισμοῦ·

2002 1050 2098 1118 οὐχ
2113 1043 2270 1118 ἦττον
2295 1048 2371 1110 δὲ,
2395 1043 2571 1116 οἶμαι,
2598 1047 2704 1098 τῶν
2733 1046 2896 1100 πάλαι
2922 1045 3320 1114 θρυλλουμένων
3345 1047 3553 1113 αἱρετι-

2002 1141 2114 1192 κῶν
2144 1141 2235 1192 καὶ
2258 1142 2304 1192 οί
2336 1139 2475 1192 κατὰ
2499 1137 2700 1206 ταύτην
2730 1138 3192 1206 πονηρευσάμενοι
3215 1138 3313 1205 τὴν
3335 1136 3547 1202 γενεὰν,

2002 1231 2077 1292 ὡς
2119 1230 2278 1282 αίτιοι
2331 1229 2635 1282 σκανδάλων
2670 1227 2875 1299 μυρίων
2903 1227 2979 1298 τῷ
3002 1228 3216 1296 δκόσμῳ
3250 1228 3552 1295 γενόμενοι,

2001 1321 2097 1388 τῆς
2133 1319 2336 1372 ἄνωθεν
2369 1321 2562 1386 πεῖραν
2623 1319 2880 1390 λήψονται
2933 1318 3121 1387 ὀργῆς.
3175 1318 3248 1370 Οὐ
3312 1318 3416 1387 γὰρ
3467 1318 3549 1370 ὅτι

1989 1413 2264 1480 ’δόγμασιν
2310 1409 2485 1479 ὀρθοῖς
2537 1409 2693 1478 δῆθεν
2743 1408 2837 1462 καὶ
2897 1410 3236 1476 συγγραφαῖς
3293 1409 3550 1477 ἀμέτροις

2003 1503 2132 1556 Θεὸν
2154 1500 2398 1555 δοκοῦσιν
2425 1501 2724 1568 ὁμολογεῖν,
2761 1499 2851 1552 διὰ
2876 1499 3032 1556 τοῦτο
3077 1501 3234 1568 μόνον
3261 1497 3548 1566 δικαιωθή-

2005 1610 2212 1645 σονται·
2245 1591 2360 1646 ἀλλ’
2386 1592 2469 1644 ὅτι
2499 1592 2610 1653 τοῖς
2661 1590 2860 1660 ἔργοις,
2891 1591 3031 1643 κατὰ
3059 1591 3151 1642 τὸν
3201 1590 3341 1658 ἱερὸν
3370 1589 3546 1656 λόγον)

2002 1689 2302 1759 ἠρνήσαντο
2327 1687 2505 1753 αὐτὸν,
2542 1685 2818 1757 βδελυκτοὶ
2866 1687 3142 1754 γενόμενοι
3167 1686 3258 1737 καὶ
3285 1685 3547 1748 ἀπειθεῖς,

2004 1781 2096 1833 καὶ
2156 1782 2289 1850 πρὸς
2345 1780 2451 1832 πᾶν
2505 1778 2664 1847 ἔργον
2698 1777 2896 1846 ἀγαθὸν
2949 1777 3216 1844 ἀδόκιμοι,
3267 1775 3453 1828 τούτου
3484 1791 3550 1842 γε

348 1869 472 1924 que,
503 1866 563 1910 ut
589 1836 721 1926 justi
742 1860 811 1914 ab
842 1836 1454 1942 hominibuspu'tentur,
1491 1864 1611 1918 ideo
1639 1873 1765 1920 sunt
1811 1865 1892 1935 ju-

1999 1870 2182 1923 ἕνεκεν
2230 1867 2740 1938 κατακριθήσονται.
2787 1866 2911 1920 Οὐδ’
2951 1868 3032 1920 ὅτι
3068 1867 3345 1936 μόρφωσιν
3391 1867 3549 1917 εὐσε-

344 1944 414 1999 sti
446 1947 585 2014 apud
617 1950 946 2004 occultorum
978 1951 1306 2020 cognitorem
1342 1960 1395 2005 et
1419 1951 1652 2022 judicem
1679 1951 1844 2006 Deum
1879 1971 1892 2006 :

344 2035 439 2090 scd
465 2039 608 2107 quod
636 2055 798 2094 nervo
855 2042 1066 2111 pietatis
1099 2042 1254 2107 eliso,
1310 2058 1486 2097 mores
1507 2043 1573 2098 ad
1623 2041 1896 2115 Evangelii

341 2137 607 2198 praecepta
640 2146 748 2185 non
774 2131 1166 2188 conformarint
1199 2151 1213 2196 ;
1246 2135 1386 2202 quod
1412 2149 1599 2190 amore
1631 2134 1715 2189 sui
1743 2135 1890 2201 εκεῖ,

342 2220 586 2274 avaritia:
618 2230 671 2275 et
698 2223 1077 2292 voluptatibus,
1106 2225 1492 2294 ambitionique
1535 2226 1822 2282 venundati
1843 2235 1898 2285 et

342 2308 688 2376 ema’neipati,
740 2311 1057 2368 innocentes
1106 2313 1250 2367 omni
1304 2327 1495 2382 genere
1557 2312 1895 2379 iniuriarum,

340 2397 740 2465 perjuriorum,
798 2400 978 2456 crucis
1037 2401 1485 2472 abnegationum,
1542 2402 1895 2469 insidiarum,

337 2495 392 2540 et
451 2486 833 2541 maleﬁciorum
883 2491 1242 2558 opprimentes
1273 2530 1288 2556 ,
1326 2492 1526 2564 optime
1547 2492 1898 2560 compositum

335 2571 590 2629 Ecclesia:
651 2582 847 2645 statum
903 2577 1268 2647 perturbarint
1303 2581 1739 2647 everterintqne;
1789 2595 1898 2634 rem

337 2674 517 2720 autem
551 2665 808 2734 divinam,
858 2675 1159 2740 uomendue
1195 2678 1249 2724 et
1291 2684 1444 2726 sacra
1474 2677 1672 2724 sanctae
1720 2670 1903 2724 Eccle-

339 2755 434 2810 site
462 2765 540 2809 tot
569 2757 931 2825 impietatibus
959 2767 1011 2812 et
1049 2759 1262 2828 ﬂagitiis
1309 2759 1744 2824 contaminarint,
1781 2752 1900 2828 pol-

340 2843 558 2909 luerint,
577 2845 934 2914 profanarint,
963 2857 1020 2901 ut
1037 2848 1331 2917 periculum
1354 2849 1424 2905 sit
1447 2850 1603 2920 (pene
1617 2850 1812 2919 dicam)
1834 2865 1901 2906 ne

315 2927 557 3004 ‘pietatis
585 2936 899 3005 mysterium
944 2937 1010 3004 in:
1031 2937 1205 2992 verbis
1237 2939 1398 2995 nudis
1424 2941 1623 3009 potius,
1651 2956 1812 3008 quam
1845 2940 1898 2992 in

337 3025 502 3078 rebus
551 3040 613 3079 ac
642 3027 864 3079 veritate
901 3027 1195 3083 consistere
1237 3028 1481 3082 videatur
1517 3046 1531 3083 :
1564 3028 1765 3082 idcirco
1810 3028 1901 3096 ju-

335 3115 631 3170 stissimam
681 3114 1057 3184 damnationis
1091 3131 1122 3172 α
1157 3117 1267 3174 Deo
1322 3116 1555 3174 ferenda:
1578 3118 1897 3173 sententiam

230 3198 233 3201 ’
333 3199 636 3258 incurrent.

2000 1961 2174 2022 ϐείας,
2208 1959 2301 2014 καὶ
2332 1959 2516 2027 σχῆμα
2540 1957 2670 2024 γοῦν
2707 1974 2759 2012 τι
2793 1957 2888 2010 καὶ
2934 1956 3158 2026 πλάσμα
3197 1955 3348 2008 κενὸν
3393 1955 3553 2008 εὐλα-

2003 2049 2148 2111 ϐείας
2181 2048 2528 2118 περιθέμενοι
2573 2048 2745 2100 πάντα
2779 2047 2945 2115 δρῶσι
2991 2049 3084 2098 καὶ
3137 2044 3550 2112 πραγματεύον-

2003 2157 2114 2201 ται,
2164 2138 2301 2191 ὥστε
2353 2137 2701 2206 δικαιωθῆναι
2747 2137 2897 2207 παρᾶ
2950 2139 3060 2196 τοῖς
3106 2137 3431 2204 ἀνθρώποις,
3460 2134 3551 2186 διὰ

2002 2229 2155 2283 τοῦτο
2176 2229 2370 2281 δίκαιοι
2403 2230 2496 2281 καὶ
2525 2227 2671 2296 παρὰ
2698 2226 2774 2296 τῷ
2817 2225 2924 2278 τῶν
2951 2225 3193 2295 κρυφίων
3219 2224 3426 2294 ὲπόπτῃ
3455 2225 3550 2277 καὶ

2000 2319 2256 2388 δξεταστῇ
2276 2334 2291 2350 ο
2337 2318 2452 2373 ἀλλ’
2504 2318 2586 2370 ὃτι
2619 2319 2714 2385 τῆς
2739 2316 3013 2377 εὐσεϐείας
3040 2316 3137 2384 τὴν
3183 2313 3427 2384 δύναμιν,
3457 2314 3549 2366 καὶ

1998 2407 2097 2478 τὴν
2120 2408 2258 2460 κατὰ
2283 2405 2344 2459 τδ
2392 2404 2719 2473 Εὐαγγέλιω
2766 2403 3109 2472 ἀπηνήναντο
3141 2402 3306 2471 ζωὴν,
3349 2402 3549 2464 πάσαις

2004 2495 2102 2566 μὲν
2155 2495 2458 2565 φιλαυτίαις
2511 2494 2605 2548 καὶ
2662 2493 3065 2564 φιλαργυρίαις,
3121 2491 3446 2560 φιληδονίαις
3487 2507 3548 2542 τε

1999 2584 2200 2648 πάσαις
2249 2586 2342 2638 καὶ
2392 2583 2700 2654 φιλαρχίαις
2763 2584 2985 2645 ἑαυτοὺς
3039 2582 3550 2651 ἀπεμπολήσαντες,

2000 2676 2200 2739 πάσαις
2228 2676 2285 2728 δὲ
2312 2676 2565 2738 ἀδικίαις,
2599 2675 2926 2744 ἐπιορκίαις,
2977 2673 3417 2742 σταυροπατίαις,
3455 2671 3547 2724 καὶ

2001 2768 2351 2836 κακουργίαις
2379 2767 2434 2820 δὲ
2473 2765 2615 2820 κατὰ
2639 2767 2744 2819 τῶν
2765 2765 2953 2818 άθὼων
2974 2765 3067 2817 καὶ⁸
3090 2763 3377 2832 ὲπηρείαις
3406 2758 3550 2830 χρώ-

2003 2873 2173 2926 μενοι,
2208 2857 2384 2910 πᾶσαν
2411 2855 2506 2926 τὴν
2531 2853 2984 2925 ὲκκλησιαστικὴν
3015 2852 3266 2922 εὐνομίαν
3299 2852 3552 2905 διέλυσαν

2000 2947 2094 2999 καὶ
2141 2947 2430 3016 συνέχεανο
2467 2947 2530 3000 τὸ
2571 2947 2709 3000 θεῖον
2753 2946 2809 2999 δὲ
2864 2946 2963 3014 τῆς
3019 2945 3168 3012 ἱερᾶς
3226 2939 3549 3009 Ἐκκλησίας

2005 3036 2236 3106 πρᾶγμα
2262 3037 2355 3089 καὶ
2377 3038 2545 3104 δνομα
2570 3036 2709 3089 οὕτω
2735 3038 2851 3097 ταῖς
2891 3034 3160 3096 ποικίλαις
3216 3033 3392 3084 αὐτῶν
3420 3030 3550 3084 ἀθε-

2006 3125 2190 3194 σμίαις
2243 3115 2336 3179 καὶ
2389 3125 2752 3195 παρανομίαις
2813 3123 3171 3193 ἑϐεϐήλωσαν,
3211 3121 3346 3173 ὥστε
3373 3120 3549 3172 κινδυ-

1917 3205 1960 3261 C
1994 3214 2185 3276 νεύειν,
2212 3215 2391 3284 ὀλίγου
2412 3215 2543 3276 δεῖν,
2584 3216 2642 3266 ὲν
2682 3212 2852 3281 ψιλοῖς
2883 3211 3036 3281 ﬁt).th
3082 3211 3278 3276 λόγοις,
3302 3210 3413 3261 ἀλλ’
3449 3208 3547 3259 οὐκ

334 3297 394 3349 ἐν
423 3297 644 3367 ἀληθείᾳ
666 3296 758 3353 καὶ
783 3298 1066 3368 πράγματι
1089 3298 1150 3354 τὸ
1171 3299 1269 3371 ¹ι”ῆς
1289 3301 1570 3365 εὐσεϐείας
1601 3303 1899 3374 μυστήριον
1930 3304 2266 3361 ὑπονοεῖσθαι
2289 3322 2306 3340 ο
2338 3307 2427 3362 διὰ
2473 3307 2646 3361 ταῦτα
2666 3305 3005 3376 δικαιοτάτης
3069 3302 3341 3368 τεύξονται
3411 3302 3548 3371 πρὸς

334 3385 472 3442 Θεοῦ
503 3388 604 3458 τῆς
633 3390 1030 3460 κατακρίσεως.

407 3521 612 3578 Horum
640 3537 805 3592 porro
834 3523 1100 3580 malorum
1143 3509 1383 3580 Omnium
1436 3527 1598 3595 stirps
1630 3534 1682 3580 et
1715 3525 1890 3589 radix,

334 3614 617 3684 prlmaque
645 3630 807 3668 causa
829 3623 880 3668 et
903 3614 1208 3671 certissima
1239 3616 1444 3672 exstitit
1474 3619 1539 3679 is,
1575 3616 1664 3682 qui
1691 3631 1719 3670 a
1745 3617 1892 3685 prin-

335 3707 480 3774 cipio
521 3705 786 3759 homicida
816 3703 917 3758 fuit
953 3706 1087 3775 :qui
1113 3707 1258 3775 quod
1293 3723 1320 3759 a
1350 3707 1491 3762 bono
1525 3706 1741 3768 defecit,
1771 3722 1889 3760 om-

334 3796 421 3850 nis
452 3795 699 3848 malelicii
733 3794 924 3849 artifex
956 3783 1202 3859 effectus,
1252 3795 1518 3864 hodieque
1550 3811 1655 3849 non
1711 3808 1889 3851 cessat

337 3901 602 3940 venenum
636 3886 688 3938 in
711 3900 805 3941 eos
838 3901 992 3940 suum
1021 3895 1263 3941 eructare
1284 3902 1421 3955 quos
1449 3887 1700 3941 omnibus
1721 3902 1887 3940 saecu-

332 3975 400 4031 lis
432 3976 497 4030 a'd
525 3976 577 4030 id
614 3977 966 4031 hauriendum
998 3986 1210 4044 paratos
1242 3976 1435 4030 habet:
1469 3992 1641 4045 eoque
1687 3977 1889 4044 largius

331 4065 601 4135 latiusque
623 4068 771 4122 virus
789 4083 946 4122 suum
969 4067 1460 4135 dilTundit,quanto
1487 4069 1553 4120 ad
1586 4083 1697 4121 rem
1731 4083 1885 4123 suam

335 4159 571 4226 aptiores
631 4159 870 4213 offendit.
901 4157 1295 4212 Permittuntnr
1337 4159 1510 4211 aulem
1563 4159 1695 4212 tales
1749 4173 1889 4226 saepe

332 4261 514 4301 rerum
561 4249 742 4316 potiri,
796 4258 1165 4316 terrarumque
1192 4250 1430 4317 imperiis
1471 4250 1673 4314 extolli,
1730 4260 1788 4303 ut
1822 4266 1888 4304 ex

336 4338 630 4399 multorum
683 4339 956 4406 cordibus,
1001 4339 1455 4408 quemadmodum
1479 4352 1558 4395 est
1589 4341 1642 4394 in
1691 4341 1886 4395 divinis

337 4428 591 4488 oraculis,
627 4429 931 4482 revelentur
962 4431 1315 4497 cogitationes
1342 4447 1356 4494 ;
1392 4438 1555 4499 utque
1587 4431 1821 4486 triticum
1853 4445 1883 4483 a

334 4514 504 4582 paleis
523 4523 860 4578 secernatur,
893 4524 942 4567 et
967 4515 1147 4583 justus
1181 4515 1302 4584 igne
1321 4519 1715 4582 molestiarum,
1745 4518 1886 4572 velut

2063 3526 2279 3580 Τούτων
2309 3525 2368 3579 δὲ
2403 3525 2513 3604 τῶν
2540 3525 2724 3578 κακῶν
2756 3524 3012 3577 ἁπάντων
3057 3521 3204 3576 αίτία
3238 3538 3544 3591 προκατειρ⁴

1999 3617 2161 3688 κτικη
2202 3617 2293 3670 καὶ
2320 3616 2465 3692 ῥίζα,
2523 3616 2551 3667 ὁ
2586 3616 2680 3667 ἀπ’
2730 3615 2903 3686 ἀρχῆς
2927 3612 3380 3680 ξάνθρωποκτόνος
3415 3612 3548 3663 καθ-

1992 3708 2189 3776 έστηκε
2217 3705 2412 3774 δηλαδή
2439 3721 2454 3735 ο
2489 3704 2546 3766 ὃς
2576 3704 2652 3773 τῷ
2676 3703 2973 3771 ἀποστῆναι
2999 3701 3092 3754 τοῦ
3119 3700 3343 3768 ἀγαθοῦ,
3370 3700 3547 3766 πάσης

1994 3797 2186 3858 κακίας
2214 3796 2500 3864 γενόμενος
2538 3793 2880 3863 δημιουργὸς,
2915 3793 2977 3845 οὐ
3005 3792 3232 3845 παύεται
3263 3792 3422 3860 μέχρι
3454 3791 3547 3842 καὶ

1991 3885 2084 3938 νῦν
2111 3886 2198 3938 τὸν
2225 3885 2421 3936 οἰκεῖον
2453 3884 2523 3936 ίὺν
2550 3885 2658 3944 τοῖς
2689 3883 2824 3951 πρὸς
2853 3881 3115 3952 ὑποδοχὴν
3152 3879 3382 3949 ἑτοίμοις
3408 3879 3544 3932 κατὰ

1991 3979 2167 4029 πᾶσαν
2191 3975 2678 4043 ὲναπερευγόμὶνος
2703 3973 2924 4041 γενεάν·
2954 3973 3048 4025 καὶ
3079 3971 3317 4039 τοσούτῳ
3348 3969 3545 4038 μᾶλλον

1990 4067 2090 4136 τὴν
2119 4067 2247 4137 παρ’
2295 4065 2486 4119 ἑαυτοῦ
2523 4064 2717 4118 κακίαν
2762 4063 3214 4131 ἐπιδαψιλεύεται,
3271 4060 3391 4113 καθ’
3422 4061 3542 4112 ὅσον

1993 4155 2059 4209 ἂν
2090 4157 2181 4209 καὶ
2230 4155 2674 4226 ἐπιτηδειοτέροις
2703 4153 2837 4224 πρὺς
2867 4153 2960 4205 τὸν
3010 4149 3212 4205 οἰκεῖον
3261 4151 3542 4219 περιτύχοι

1994 4248 2210 4300 σκοπόν.
2277 4245 2685 4316 Συγχωροῦνται
2736 4245 2792 4297 δὲ
2852 4243 3108 4304 πολλάκις
3172 4243 3411 4311 κρατεῖν,
3449 4242 3543 4294 καὶ

1993 4339 2276 4406 κοσμικαῖς
2304 4335 2638 4396 δυναστείαις
2672 4335 2720 4386 οί
2746 4334 2972 4386 τοιοῦτοι
3017 4331 3432 4401 μεγαλύνεσθαι,
3465 4330 3540 4393 ὡς

1989 4427 2054 4480 ἂν
2083 4427 2147 4479 ὲκ
2173 4425 2380 4478 πολλῶν
2428 4408 2683 4492 καρδιῶν,
2724 4422 2864 4474 κατὰ
2914 4423 2976 4474 τὸ
3008 4421 3149 4472 θεῖον
3198 4420 3396 4487 λόγιον,
3449 4421 3539 4471 tx-

1990 4517 2194 4584 φανῶσι
2226 4513 2594 4583 διαλογισμοί·
2627 4513 2722 4564 καὶ
2740 4511 2878 4564 ὥστε
2908 4511 2996 4564 τὸν
3027 4512 3168 4564 σῖτον
3198 4509 3540 4578 διακριθῆναι

335 4619 530 4658 aurum
577 4603 632 4656 in
688 4602 926 4667 fornace,
975 4613 1258 4671 coquatur,
1301 4605 1718 4674 coelesﬁbusque
1770 4606 1886 4660 the-

1999 4608 2079 4659 τοῦ
2104 4605 2327 4675 ἀχύρου,
2355 4605 2450 4657 καὶ
2482 4601 2796 4671 πυρωθῆναι
2826 4601 2922 4670 μὲν
2950 4603 3069 4662 ταῖς
3117 4599 3398 4670 ὲπηρείαις
3453 4600 3542 4651 τὸν

335 4696 511 4749 sauris
542 4694 1311 4762 reservetur;rejiciaturque,
1355 4696 1615 4764 quidquid
1671 4707 1728 4749 ut
1766 4711 1887 4750 sco-

331 4782 413 4834 ria
443 4780 803 4833 adulterinum
835 4791 917 4835 est
947 4789 1000 4834 et
1032 4781 1234 4835 caelesti
1270 4796 1432 4851 regno
1475 4783 1768 4851 indignum.
1796 4786 1886 4838 At-

255 4902 260 4907 -
334 4886 440 4941 que
469 4872 573 4934 his,
607 4871 821 4939 opinor,
849 4886 1008 4926 nemo
1040 4873 1368 4928 contradicet
1398 4889 1584 4928 eorum
1632 4874 1723 4940 qui
1776 4874 1885 4943 pie-

334 4954 498 5016 tatem
529 4962 732 5016 colunt.
780 4948 793 4966 “

405 5169 508 5230 Sed
545 5175 819 5231 videamus
849 5193 1026 5246 porro,
1065 5193 1183 5247 qua:
1209 5178 1461 5244 deinceps
1497 5175 1652 5229 beato
1685 5178 1886 5248 lgnatio

337 5266 646 5330 acciderint,
676 5277 982 5337 quantaque
1013 5270 1151 5324 mala
1181 5276 1447 5322 veterator
1477 5282 1538 5320 ac
1569 5268 1735 5322 hostis
1761 5285 1887 5322 san~

337 5368 547 5409 ctorum
582 5357 815 5412 virorum
853 5359 1112 5413 adversus
1148 5360 1395 5410 latentem
1430 5357 1481 5410 in
1518 5359 1608 5414 illo
1637 5360 1791 5412 tidem
1825 5375 1886 5415 ac

338 5444 610 5510 virtutem,
643 5463 734 5515 per
763 5464 890 5501 suos
916 5431 1280 5508 administros,
1321 5447 1520 5500 malitia
1551 5463 1645 5500 sua
1681 5449 1882 5502 machi-

337 5543 501 5588 natus
514 5537 599 5588 sit.
622 5537 691 5590 At
715 5554 840 5589 vero
864 5554 982 5588 cum
1007 5537 1294 5603 intelligam
1319 5553 1401 5590 me
1417 5538 1684 5608 sigillatim
1701 5542 1878 5593 omnia

336 5639 653 5693 percensere
690 5641 796 5677 non
845 5641 1018 5690 posse,
1061 5625 1325 5692 rebusque
1364 5632 1523 5684 tantis
1553 5647 1730 5697 parem
1774 5649 1876 5684 non

335 5713 470 5778 fore,
486 5713 730 5766 oratione
746 5711 811 5764 ad
838 5726 918 5764 res
941 5715 1230 5781 prmcipuas
1249 5721 1572 5774 enarrandas
1595 5736 1875 5784 conversa,

1989 4697 2216 4760 δίκαιον,
2243 4695 2429 4763 ὥσπερ
2463 4695 2521 4746 ἐν
2549 4692 2890 4763 χωνευτηρίῳ
2921 4691 3139 4762 χρυσὸν,
3191 4691 3284 4743 καὶ
3310 4692 3422 4750 τοῖς
3452 4690 3541 4740 οὐς-

1994 4786 2195 4855 ρανίοις
2245 4784 2602 4854 ταμιευθῆναι
2654 4783 2958 4852 βασιλείοις,
3021 4780 3415 4848 ἁποποιηθῆναι
3458 4777 3535 4841 δὲ,

1989 4877 2234 4945 καθάπερ
2267 4879 2525 4945 σκωρίαν,
2571 4876 2694 4926 ὅσον
2743 4874 2996 4941 ἀδόκιμον
3031 4871 3123 4922 καὶ
3172 4870 3386 4932 ἀνάξιον
3440 4869 3537 4938 τῆς

1890 4992 1894 4995 ·
1991 4967 2263 5038 βασιλείας
2287 4967 2381 5020 τοῦ
2413 4965 2568 5020 Θεοῦ.
2625 4967 2764 5034 Πρὸς
2794 4965 2886 5016 οὖν
2914 4961 3084 5016 ταῦτα
3113 4960 3210 5012 οὐκ
3239 4957 3388 5028 οἶμαί
3418 4977 3538 5012 τινα

1984 5057 2090 5109 τῶν
2123 5057 2488 5111 εὐσεϐούντων
2517 5057 2783 5125 ἀντερεῖν.

2056 5189 2278 5255 Ἰδωμεν
2315 5188 2369 5240 δὲ
2400 5188 2490 5239 καὶ
2521 5187 2586 5242 τὰ
2616 5185 2755 5238 κατὰ
2782 5182 2873 5235 τὸν
2914 5180 3054 5249 ἱερὸν
3107 5179 3363 5245 Ἰγνάτιον
3394 5195 3534 5246 παρ-

1985 5277 2400 5346 ηκολουθηκότα,
2429 5276 2522 5328 καὶ
2551 5278 2649 5327 ὅσα
2677 5273 2817 5326 κατὰ
2842 5266 2940 5340 τῆς
2968 5272 3023 5323 ὲν
3050 5269 3196 5337 αὐτῴ
3221 5267 3535 5336 κεκρυμμέ-

1985 5382 2078 5433 νης
2106 5366 2354 5433 ἀληθείας
2387 5365 2479 5416 καὶ
2512 5363 2710 5432 ἀρετῆς
2750 5361 2778 5411 ὁ
2837 5360 2942 5412 τῶν
2988 5356 3154 5425 ἁγίων
3196 5356 3387 5427 ἐχθρὸς
3441 5355 3534 5407 καὶ

1989 5454 2263 5513 ἐπίϐουλος
2308 5451 2393 5502 διὰ
2421 5450 2526 5502 τῶν
2557 5448 3004 5518 ὑπηρετουμένων
3055 5445 3215 5498 αὐτοῦ
3250 5448 3313 5515 τῇ
3371 5443 3536 5512 κακίᾳ

1988 5543 2356 5610 κατεπράξατο
2382 5557 2396 5570 ·
2425 5540 2558 5592 ἀλλὰ
2584 5541 2755 5591 πάντα
2780 5539 2875 5607 μὲν
2903 5538 3038 5589 κατὰ
3073 5537 3236 5606 μέρος
3271 5531 3535 5596 ἐπεξιέναι

1987 5635 2260 5700 ἀμήχανον
2319 5631 2492 5694 είδὼς,
2543 5633 2635 5682 καὶ
2681 5633 2922 5696 κρεῖττον
2972 5630 3148 5698 ῆκατ⁸
3201 5628 3352 5696 ἰσχὺν
3377 5623 3534 5692 ἐμὴν.

1987 5729 2090 5783 τοῖς
2144 5722 2486 5791 κυριωτέροις
2512 5722 2568 5774 δὲ
2603 5722 2690 5773 τὸν
2719 5719 2873 5786 λόγον
2907 5718 3179 5786 ἐπαφιεὶς,
3210 5714 3534 5784 πειράσομαι
