3924 6312
337 424 433 484 511

1511 407 1803 468 NICE't‘x‘E
1831 403 2349 464 PAPHLAGONIS

3445 401 3557 491 s12

331 530 487 586 alteri
526 529 642 582 viro
674 533 918 595 nuptam,
948 523 1046 580 sibi
1086 495 1181 593 per
1211 518 1531 574 adulterium
1566 516 1884 587 desponderi

2012 512 2268 582 ιοσμικῶν
2301 511 2573 578 ἀρχόντων
2604 507 2858 576 ἀκόσμως
2887 505 3033 577 αὐτῷ
3062 509 3155 561 καὶ
3181 508 3431 578 ἁθέσμως
3451 512 3549 564 ὲν-

331 623 536 676 veritus
558 627 638 674 est
664 635 677 672 :
707 618 800 671 sed
824 625 1010 671 contra
1041 614 1216 683 potius
1247 610 1693 672 exsultabuudus,
1728 608 1883 662 avide

2016 606 2258 674 ιδομένην
2297 602 2637 670 Ἐκκλησίαν,
2664 600 2770 653 οὐδ’
2793 600 2866 662 ὠς
2897 599 3064 668 ἑτέρῳ
3098 600 3246 669 ἀνδρὶ
3279 601 3552 670 καθηρμο-

335 716 778 784 impudenterque
821 713 872 765 in
912 711 1053 764 illius
1082 706 1415 774 complexum
1455 705 1592 770 ruit,
1619 688 1884 756 ‘alienam-

337 822 439 871 que
479 813 525 855 tr

335 894 483 948 infan
685 893 938 946 dedecore
981 889 1333 958 gloriabatur,
1370 895 1424 940 et
1471 885 1792 938 laudabatur
1831 883 1885 936 in

339 987 618 1052 ἱιιὶρυιιίιιε
645 1000 741 1038 sua
769 999 782 1047 ;
816 985 1061 1047 intraque
1091 994 1181 1032 sex
1215 992 1318 1031 non
1352 977 1581 1044 amplius
1601 976 1734 1036 dies,
1771 989 1886 1026 ma-

339 1077 498 1129 nibus
535 1075 809 1127 hominum
846 1072 1109 1133 initiatus,
1141 1069 1477 1137 concupitam
1515 1066 1764 1120 Ecclesia:
1800 1079 1888 1117 ca-

338 1152 580 1217 thedram
614 1157 847 1216 'invasit.
899 1160 1130 1226 Eratque
1176 1172 1299 1210 vere
1340 1171 1591 1218 cernere,
1625 1163 1683 1208 ut
1720 1155 1889 1206 fertur

340 1256 554 1324 adagio,
577 1250 993 1320 extemporalem
1019 1249 1394 1317 tictitiumque,
1422 1261 1513 1302 seu
1545 1255 1889 1314 personatum

340 1354 609 1399 sanctum.
637 1343 767 1396 Nam
805 1338 977 1410 primo
1009 1339 1412 1402 diemonachus
1436 1353 1500 1391 ex
1534 1337 1690 1400 laico,
1723 1338 1891 1390 altero

341 1436 529 1497 lector,
555 1444 665 1486 tum
689 1432 1110 1502 hypodiacon‘us,
1141 1445 1203 1484 ac
1227 1428 1484 1482 diaconus
1510 1439 1557 1481 et
1575 1428 1849 1496 presbyter
1875 1447 1889 1482 :

342 1532 494 1578 sexto
519 1521 728 1586 deinde,
755 1521 843 1589 qui
881 1519 982 1574 fuit
1006 1519 1201 1572 Christi
1233 1517 1445 1577 natalis.
1467 1527 1518 1570 et
1541 1517 1653 1584 ipse
1679 1530 1891 1569 sacrum

329 1603 712 1666 conscendens
737 1609 988 1668 tribunal,
1015 1621 1198 1674 pacem
1228 1606 1442 1676 populo,
1467 1605 1599 1658 nihil
1624 1621 1744 1660 vera
1766 1620 1903 1674 pace

341 1699 563 1768 dignum
605 1696 867 1764 cogitans,
909 1694 1193 1748 nuntiavit.

308 1965 312 1968 ·
414 1946 685 2002 Erathuic
709 1957 895 2002 auctor
917 1955 969 2002 et
997 1947 1237 2026 initiator
1263 1948 1314 2001 in
1335 1948 1584 2003 omnibus
1604 1949 1899 2018 Gregorius

345 2042 436 2096 ille
458 2043 827 2110 cognomento
853 2043 1101 2108 Ashesta,
1134 2058 1294 2110 quem
1329 2041 1730 2110 Syracusanum
1768 2039 1894 2093 olim

344 2133 647 2201 pontiﬁcem
698 2130 864 2186 fuisse
916 2133 1112 2197 lerunt,
1164 2139 1276 2185 tum
1331 2128 1793 2198 Constantinopoli
1832 2128 1898 2183 de

348 2219 633 2274 maleﬁciis
664 2235 813 2274 reum
845 2220 1063 2279 factum.
1095 2226 1148 2272 et
1172 2219 1281 2285 iam
1313 2217 1512 2281 Romae,
1540 2216 1682 2286 quod
1709 2225 1898 2270 contra

347 2310 492 2379 leges
521 2319 575 2364 et
620 2310 925 2384 sanctiones
965 2303 1360 2362 ecclesiasticas
1403 2316 1699 2376 peccasset,
1735 2321 1904 2360 exau-

346 2409 637 2456 ctoratum.
671 2397 823 2451 Hunc
852 2399 1104 2467 lgnatius,
1127 2412 1247 2451 cum
1275 2404 1413 2450 esset
1440 2395 1739 2464 patriarcha
1768 2409 1900 2448 con-

349 2488 667 2550 secrandus,
703 2502 767 2540 ne
802 2486 1090 2539 initiationi
1124 2500 1234 2539 sua:
1269 2484 1570 2547 interesset,
1600 2483 1898 2547 admonuit,

350 2577 519 2632 donec
546 2593 640 2645 per
669 2577 837 2630 otium
867 2585 1028 2629 causa
1060 2575 1226 2642 ipsius
1249 2575 1529 2640 diligenter
1560 2588 1904 2642 cognoscere-

283 2659 286 2662 ’
351 2675 457 2721 tur.
485 2665 968 2734 Quod~patriarcha3
985 2665 1119 2716 inter
1138 2664 1285 2716 initia
1308 2662 1506 2717 factum
1524 2663 1694 2728 multi,
1713 2678 1904 2732 quam-

349 2759 435 2814 vis
453 2758 598 2828 juste
625 2757 845 2821 factum,
878 2755 1353 2824 reprehenderunt.

426 3015 586 3081 Hine,
624 3031 658 3071 ο
687 3019 810 3087 quis
848 3031 910 3071 ex
940 3016 1026 3070 his
1058 3016 1245 3085 paucis
1278 3015 1456 3070 verbis
1490 3024 1662 3070 ortam
1700 3016 1904 3070 cladem

356 3107 504 3161 illam
532 3115 585 3160 et
615 3114 824 3158 noctem
858 3104 1088 3172 explicet
1123 3104 1145 3155 ?
1175 3105 1295 3170 quis
1326 3105 1511 3157 turbas
1544 3113 1595 3156 et
1624 3102 1903 3165 factiones,

357 3196 586 3265 litesque
615 3204 670 3250 et
699 3195 1091 3263 improbitatem
1131 3193 1274 3248 illius
1316 3194 1467 3261 probi
1514 3194 1588 3263 (5)
1627 3191 1794 3246 Siculi
1823 3191 1907 3244 di-

357 3290 528 3344 cendo
550 3296 866 3355 assequatur
893 3286 914 3337 ?
953 3284 1120 3337 Simul
1149 3299 1212 3338 ac
1237 3286 1379 3339 enim
1408 3285 1523 3353 ejus
1555 3285 1627 3337 rei
1657 3284 1907 3337 nuntium

358 3377 587 3444 accepit,
612 3389 718 3427 non
751 3389 809 3429 se
846 3374 1221 3443 philosophum
1262 3373 1512 3435 ostendit,
1544 3383 1596 3426 et
1631 3373 1906 3426 infamiam

359 3481 514 3520 suam
563 3465 852 3533 prudenter
884 3463 1225 3531 dedecusque
1271 3465 1508 3518 contexit
1538 3481 1552 3528 ;
1585 3465 1676 3517 sed
1726 3478 1911 3517 cereos

359 3557 427 3609 de
459 3553 648 3622 lgnatii
683 3553 1090 3607 consecratione
1123 3562 1368 3622 acceptos
1396 3554 1610 3622 abjecit,
1637 3560 1692 3606 et
1733 3554 1909 3621 impu-

361 3646 676 3700 dentissimo
697 3659 791 3698 ore
818 3644 1149 3697 innocentem
1179 3659 1361 3697 coram
1397 3645 1644 3698 universa
1677 3643 1907 3697 Ecclesia

363 3736 655 3790 fmdissime
681 3734 1038 3796 conviciatus,
1071 3735 1252 3802 lupum
1290 3749 1384 3802 pro
1412 3744 1624 3802 pastore
1655 3734 1909 3788 substitui

363 3829 566 3882 furiose
598 3827 920 3880 clamitavit.
947 3827 1113 3891 Quem
1146 3834 1200 3878 et
1236 3825 1421 3878 Petrus
1464 3825 1681 3893 quidam
1715 3823 1912 3878 Sardo-

365 3933 485 3971 rum
530 3917 810 3984 episcOpus
865 3924 1220 3984 cognomento
1261 3914 1452 3981 Miser,
1504 3923 1555 3968 et
1603 3915 1912 3983 Eulampius

364 4009 632 4077 Apameae,
666 4007 864 4073 aliique
893 4021 923 4058 e
946 4007 1088 4058 clero
1115 4007 1457 4059 obscuriores
1489 4003 1507 4075 [
1532 4004 1911 4075 insigniores],

366 4099 573 4166 seipsos
608 4096 675 4150 ab
725 4094 963 4148 Ecclesia
997 4095 1113 4148 siue
1146 4109 1309 4149 causa
1341 4095 1702 4163 sejungentes,
1743 4095 1911 4149 secuti

369 4196 518 4242 sunt.

440 4279 698 4334 Undecim
756 4278 917 4348 igitur
965 4278 1133 4346 ipsius
1159 4277 1314 4330 annis
1352 4275 1587 4345 lgnatius
1625 4292 1656 4331 a
1706 4289 1914 4345 recepta

372 4371 606 4438 primum
662 4371 787 4424 sede
829 4368 1453 4436 Constantinopolitana,
1504 4369 1649 4422 omni
1712 4369 1917 4422 ratione

376 4469 618 4521 conatus,
654 4459 906 4528 omnique
939 4457 1220 4512 verborum
1255 4456 1582 4514 humanitate
1612 4466 1664 4513 et
1687 4459 1918 4511 liherali-
1956 4455 1996 4508 D

375 4557 480 4600 tate
504 4547 761 4610 adhibita,
790 4561 1059 4615 nunquam
1080 4557 1254 4598 tamen
1275 4547 1441 4613 potuit
1459 4546 1698 4599 Asbestae
1722 4547 1921 4611 impro-

378 4639 595 4692 bitatem
643 4638 1000 4705 exstinguere.
1056 4636 1265 4688 Etenim
1323 4637 1684 4703 potentiorum
1741 4635 1924 4689 limina

375 4731 602 4792 terebat,
658 4731 799 4798 apud
832 4743 1018 4781 omnes
1048 4728 1217 4780 virum
1258 4730 1457 4782 nullam
1487 4729 1555 4780 ob
1583 4726 1788 4793 culpam
1816 4729 1921 4781 cri-

379 4821 707 4882 minabatur,
758 4827 811 4872 et
860 4818 1053 4872 acerbe
1106 4821 1365 4871 conviciis
1417 4813 1813 4883 proscindebat,
1870 4825 1924 4869 et

380 4921 622 4964 sanctum
662 4918 990 4972 exsecratus,
1042 4924 1108 4962 ne
1143 4907 1429 4962 Christiani
1471 4905 1681 4973 quidem
1728 4921 1923 4974 cogno-

381 5002 527 5054 mine
551 5000 889 5069 dignabatur.
923 4998 1224 5052 Prresertim
1262 5011 1389 5049 vero
1417 4994 1604 5048 Photio
1622 4994 1922 5052 Photianis-

382 5107 488 5161 que
512 5091 848 5160 gratissimus
872 5091 1446 5151 llonoratissimusque,
1471 5086 1921 5156 magnusquidam

384 5184 545 5235 homo
573 5181 661 5234 Dei
687 5181 1016 5234 Credebatur.
1053 5179 1229 5243 Quare
1263 5175 1329 5225 ab
1357 5175 1535 5228 eodem
1571 5177 1787 5231 Pbotius
1815 5179 1920 5247 pri-

384 5286 531 5324 tuum
561 5281 641 5325 est
662 5271 928 5335 initiatus;
959 5268 1298 5339 quihoniinis
1324 5270 1922 5335 auctoritateinductus,

386 5370 555 5416 totum
581 5378 643 5416 ex
676 5364 767 5415 illo
801 5366 1062 5415 adversus
1089 5359 1351 5411 insontem
1392 5359 1645 5426 lgnatium
1688 5361 1923 5415 furorem

388 5451 595 5505 hausit:
620 5453 835 5517 perinde
867 5452 1018 5517 quasi
1043 5447 1106 5498 ad
1132 5448 1225 5497 hoc
1255 5440 1420 5514 ipsum
1458 5451 1754 5516 patriarcha
1789 5462 1927 5503 esScl

387 5548 754 5603 consecratus,
787 5549 842 5591 ut
876 5535 1128 5592 clunibus
1176 5537 1717 5606 consiliiS'rnodisque
1751 5541 1924 5592 omni-

462 5713 536 5781 (5)
569 5712 670 5765 Pro
704 5713 952 5780 improbi:
989 5711 1066 5766 vel
1097 5713 1293 5768 dictum
1328 5730 1418 5782 per
1450 5715 1695 5776 ironiam,
1730 5709 1873 5765 ".tltD

1917 1831 1965 1888 B

1988 700 2194 767 σμένην
2234 695 2492 765 μοιχικῶς
2541 691 2720 762 ἑαυτῴ
2770 692 3172 759 κατεγγυᾶσθαι
3233 691 3549 760 ηὐλαϐήθη·

635 779 736 855 'arn
789 801 1054 870 propriam
1106 799 1280 866 palam
1327 796 1632 863 arrogavit,
1682 807 1884 861 suaque

2012 787 2291 840 :obvavriov
2331 786 2426 853 μὲν
2454 779 2544 836 οὖν
2585 783 2677 834 καὶ
2710 781 3019 850 περιχαρῶς
3042 821 3055 845 ,
3094 781 3125 849 ἢ
3160 781 3386 843 ἀναιδῶς
3421 783 3545 849 μᾶλ-

1986 879 2099 941 λον,
2131 877 2527 945 κατησπάζετο,
2552 874 2645 927 καὶ
2677 873 2750 936 ὡς
2784 873 2917 935 ίδίας
2941 873 3036 940 τῆς
3065 873 3344 941 ἀλλοτρίας
3373 873 3556 939 σαφῶς

1988 967 2341 1030 ἀντεποιεῖτο,
2369 965 2460 1016 καὶ
2484 963 2539 1014 έν
2561 964 2625 1031 τῇ
2663 960 2890 1031 αἰσχύνῃ
2930 959 3094 1012 αὑτοῦ
3134 960 3359 1029 ὲγαυρία
3403 961 3556 1024 δοξα-

1989 1058 2233 1127 ζόμενος,
2261 1057 2353 1108 καὶ
2379 1057 2434 1108 ὲν
2462 1057 2527 1125 τῇ
2552 1053 2732 1122 ἀδικίᾳ.
2763 1051 2926 1104 αὑτοῦ
2977 1052 3328 1119 ὲνευλογεῖτο,
3363 1053 3454 1106 καὶ
3495 1056 3555 1106 ὲν

1990 1151 2048 1216 ἒξ
2088 1153 2204 1213 ταῖς
2232 1151 2380 1210 ὅλαις
2404 1148 2637 1216 ἡμέραις
2676 1145 2858 1214 χερσὶν
2906 1145 3204 1215 ἀνθρώπων
3246 1146 3555 1215 τελειοὺμε-

1991 1257 2097 1302 νος,
2130 1239 2228 1304 τῆς
2250 1237 2509 1305 ἐπιθυμου
2520 1232 2682 1301 μένης
2708 1231 3111 1301 ἐπελαμϐάνετο
3135 1231 3397 1300 καθέδρας
3416 1247 3430 1262 ο
3459 1218 3556 1282 καὶ

1991 1325 2056 1398 ἦν
2073 1328 2280 1394 ἀληθῶς
2296 1328 2497 1379 ἐκεῖνον
2513 1329 2642 1398 όρᾷν
2663 1327 2799 1396 αύθή
2809 1342 2970 1394 μερον
2993 1309 3143 1391 ἅγιον
3167 1321 3552 1389 πλαττόμενον,

1993 1419 2131 1472 κατά
2153 1420 2247 1487 τὴν
2272 1419 2586 1488 παροιμίαν.
2613 1417 2806 1487 Πρώτη
2837 1417 2943 1486 γὰρ
2964 1414 3145 1485 ἡμέρα
3171 1412 3397 1482 μοναχδς
3435 1414 3556 1465 ἀντὶ

1993 1508 2198 1574 λαῐκοῦ,
2222 1511 2284 1578 τῇ
2309 1509 2532 1578 δευτέρᾳ
2547 1509 2603 1561 δὲ
2625 1508 2987 1575 ἀναγνώστης,
3012 1505 3105 1556 καὶ
3130 1504 3468 1566 ὑποδιςῑαονος
3485 1505 3554 1570 τῇ

1995 1599 2140 1665 ἑξῆς,
2166 1595 2285 1652 εἶτα
2312 1599 2576 1664 διάκονος,
2605 1597 2722 1651 εἶτα
2744 1596 3120 1667 πρεσϐύτερος·
3141 1595 3325 1647 ἔπεντα
3340 1597 3403 1664 τῇ
3422 1593 3557 1662 ἕκτῃ

1997 1688 2251 1759 (Χριστοῦ
2289 1690 2344 1741 δὲ
2379 1685 2446 1758 ἦν
2476 1690 2542 1742 τὰ
2569 1688 2834 1756 γενέθλια)
2867 1689 2958 1740 καὶ
2985 1687 3142 1748 αὐτὸς
3190 1686 3265 1755 τῷ
3300 1686 3557 1755 ἱερατικῷ

1997 1782 2240 1851 προσϐὰς
2286 1782 2494 1852 θρόνῳ,
2540 1782 2637 1850 τὴν
2669 1783 2887 1850 είρήνην
2940 1780 3013 1849 τῷ
3062 1779 3171 1847 λαῷ
3197 1778 3554 1849 προσεφώνει,

2000 1875 2162 1943 μηδὲν
2191 1874 2288 1941 τῆς
2314 1873 2570 1940 ἀληθινῆς
2603 1874 2820 1941 είρήνης
2842 1872 2988 1934 ἄξιον
3016 1871 3357 1939 ἐννοούμενος
3424 1895 3433 1904 -

2065 1959 2172 2016 Ἦν
2199 1963 2253 2015 δὲ
2282 1961 2426 2031 αὐτῷ
2452 1961 2758 2030 καθηγητὴς
2789 1962 2880 2013 καὶ
2903 1961 3264 2031 ίεροτελεστῆς
3291 1961 3362 2014 τὰ.
3381 1961 3556 2013 πάντα

1997 2053 2037 2103 Γ
2044 2049 2296 2120 ρηγόριος
2327 2050 2531 2110 ἐκεῖνος
2557 2050 2584 2099 ὁ
2609 2047 2934 2116 καλούμενος
2977 2047 3288 2111 ’Δσϐεστᾶς,
3340 2049 3396 2099 ὃν
3426 2065 3556 2101 ποτε

1995 2141 2089 2194 καὶ
2110 2138 2458 2209 Συρακούσης
2484 2136 2581 2206 μὲν
2613 2136 2909 2189 ἐπίσκοπον
2937 2134 3143 2204 ἔφασαν
3175 2136 3444 2204 γενέσθαι,
3467 2137 3558 2188 ἐπ’

1998 2229 2301 2300 ἐγκλήμασι
2319 2228 2376 2280 δέ
2402 2243 2543 2280 τισιν
2566 2227 2644 2288 είς
2669 2226 2728 2278 τὸ
2749 2226 3035 2289 Βυζάντιον
3062 2226 3557 2296 κατηγορούμενον,

1999 2321 2098 2389 ήδη
2149 2319 2205 2371 δὲ
2236 2317 2329 2372 καὶ
2368 2319 2472 2370 ὑπὸ
2519 2319 2616 2385 τῆς
2644 2317 2749 2370 τῶν
2785 2317 3065 2387 Ῥωμαίων
3108 2319 3432 2390 Ἐκκλησίας
3481 2318 3562 2381 ὡς

2001 2411 2150 2480 παρὰ
2212 2409 2441 2472 κανόνας
2491 2407 2791 2476 πράξαντα,
2851 2409 3247 2482 καθῃρημένον.
3305 2410 3560 2476 Ἰγνάτιος

2000 2500 2122 2569 ἄρτι
2173 2499 2385 2569 πρῶτον
2447 2497 2859 2566 χειροτονεῖσθαι
2913 2498 3140 2566 μέλλων,
3185 2499 3258 2568 μὴ
3308 2500 3560 2568 παρεῖναι

2002 2589 2185 2643 τοῦτον
2217 2590 2281 2658 τῇ
2325 2588 2627 2656 χειροτονίᾳ
2674 2588 3028 2656 διεπέμψατο,
3058 2589 3212 2658 ἄχρις
3235 2582 3296 2641 οὗ
3327 2589 3396 2642 τὰ
3438 2588 3560 2641 κατ’

2003 2679 2186 2743 αὑτὸν,
2219 2677 2404 2745 φησὶν,
2453 2675 2547 2727 ἐπὶ
2586 2677 2778 2745 σχολῆς
2809 2676 3191 2746 ἀκριϐέστερον
3232 2676 3562 2744 διαγνωσθῇ.

2004 2767 2173 2821 Τοῦτο
2197 2771 2224 2821 ό
2251 2769 2593 2836 πατριάρχης
2639 2767 2696 2820 ὲν
2735 2766 2988 2835 πρώτοις,
3019 2768 3078 2819 ού
3112 2768 3286 2830 καλῶς
3321 2767 3439 2837 μὲν,
3485 2766 3563 2829 ῶς

2005 2876 2068 2927 γε
2095 2859 2280 2914 δοκοῦν
2312 2861 2423 2920 τοῖς
2453 2857 2680 2920 πολλοῖς,
2715 2859 2957 2928 πέπραχε
3003 2858 3046 2910 δ’
3078 2855 3169 2912 οὖν
3207 2859 3354 2928 ὅμως
3397 2859 3455 2909 ὲν
3481 2857 3562 2910 δι-

2007 2951 2263 3017 καιοσύνῃ
2276 2990 2288 3003 .

2090 3038 2386 3102 Ἐντεῦθεν,
2410 3036 2454 3089 ὢ
2478 3037 2559 3099 τίς
2592 3037 2655 3090 ἂν
2680 3037 2881 3100 ἐξείποι
2923 3037 3019 3105 τὴν
3059 3035 3300 3106 ταραχὴν
3330 3035 3423 3088 καὶ
3464 3036 3566 3104 τὴν

2011 3125 2400 3195 σκοτόμαιναν;
2429 3126 2512 3188 τίς
2549 3125 2645 3195 τὴν
2667 3128 2771 3178 ἀπὸ
2804 3127 2894 3177 τοῦ
2925 3127 3120 3196 μικροῦ
3147 3128 3382 3195 ῥήματος
3417 3126 3568 3192 φιλο.ο

2007 3214 2230 3275 νεικίαν,
2263 3215 2358 3267 καὶ
2385 3213 2520 3284 ἔριν,
2555 3213 2648 3265 καὶ
2685 3212 3042 3282 μνησικακίαν
3075 3211 3166 3264 τοῦ
3219 3209 3391 3262 δεινοῦ
3423 3210 3566 3261 έκείο

2006 3322 2096 3357 νου
2147 3302 2364 3356 Σικελοῦ
2415 3304 2804 3375 παραστήσαις
2833 3301 3004 3362 Εὐθὺς
3039 3302 3147 3370 γὰρ
3187 3299 3442 3364 ἀκούσας,
3468 3299 3573 3351 οὐκ

2007 3394 2362 3464 ἐφιλοσόφησε
2411 3394 2547 3462 «πρὸς
2601 3393 2698 3462 τὴν
2751 3393 3028 3459 ἀγγελίαν,
3091 3392 3151 3444 οὺ
3207 3390 3303 3458 τὴν
3340 3389 3469 3442 ἰδίαν
3491 3389 3566 3452 ὡς

2008 3487 2263 3554 φρόνιμος
2291 3482 2653 3551 συνεκάλυψεν
2675 3482 2955 3552 αἰσχύνην,
2985 3482 3111 3552 τοὺς
3148 3481 3237 3532 ἐπὶ
3272 3479 3570 3549 χειροτονίᾳ

2005 3574 2060 3626 δὲ
2091 3576 2290 3644 κηροὺς
2311 3575 2415 3627 τῶν
2445 3576 2603 3627 αὑτοῦ
2637 3574 2830 3644 χειρῶν
2853 3573 3178 3642 ἀπορρίψας,
3197 3574 3290 3624 καλ⁵
3319 3587 3570 3622 καταναι-

2008 3663 2350 3731 δευσάμενος,
2388 3665 2564 3730 πάσης
2594 3664 2819 3715 ἐνώπιον
2861 3666 2958 3732 τῆς
3005 3661 3292 3727 ἐκκλησίας
3330 3659 3570 3728 ἐσχάτως

2009 3753 2374 3824 διελοιδορείτο
2403 3755 2491 3806 τὸν
2523 3755 2780 3820 ἀναίτιον,
2813 3755 2904 3804 καὶ
2950 3753 3110 3804 λύκον
3160 3751 3279 3803 ἀντὶ
3316 3751 3569 3816 ποιμένος

2010 3843 2306 3895 ἐπεισιέναι
2360 3846 2425 3913 τῇ
2493 3843 2755 3913 ἐκκλησίᾳ
2788 3844 3061 3912 μανιωδῶς
3111 3841 3491 3911 διισχυρίζετο·
3525 3833 3570 3905 ᾧ

2013 3932 2103 3984 καὶ
2155 3934 2356 4001 Πέτρος
2390 3934 2418 3984 δ
2473 3933 2738 4004 Σαρδέων,
2769 3936 2796 3985 ὁ
2825 3933 3109 4002 λεγόμενος
3148 3933 3403 3996 Δείλαιος,
3435 3931 3569 3999 πρὸς

2011 4021 2067 4071 δὲ
2094 4021 2186 4072 καὶ
2213 4023 2241 4073 δ
2274 4021 2571 4089 Ἀπαμείας
2606 4022 2932 4090 Εύλάμπιος,
2991 4023 3083 4074 καὶ
3117 4021 3263 4074 ἄλλοι
3285 4021 3425 4082 τινὲς
3463 4019 3571 4070 τῶν

2016 4112 2367 4183 ἀσημοτέρων
2401 4110 2516 4180 [ἀν.
2555 4111 2952 4181 εύσημοτέρων]
3000 4112 3210 4164 εἵποντο
3276 4107 3568 4178 κληρικῶν,

2013 4202 2215 4266 ἀλόγως
2241 4203 2336 4270 τῆς
2375 4202 2696 4269 Ἐκκλησίας
2727 4201 3215 4271 άπορῤηγνύμενοι.

2097 4293 2182 4345 Ἐν
2206 4295 2342 4354 ὅλοις
2362 4293 2454 4361 μὲν
2475 4292 2563 4344 οὖν
2592 4293 2778 4343 ἕνδεκα
2804 4293 3011 4360 χρόνοις
3036 4292 3135 4360 τῆς
3162 4292 3380 4363 πρώτης
3405 4294 3569 4346 αὑτοῦ

2017 4385 2292 4454 ίεραρχίας
2320 4386 2346 4435 ὁ
2374 4382 2624 4449 Ἰγνάτιος
2654 4383 3115 4451 ἀποπειρώμενος,
3148 4387 3239 4436 καὶ
3268 4386 3448 4437 πᾶσαν.
3472 4385 3570 4454 μὲν

2026 4475 2218 4539 λόγων,
2249 4475 2423 4525 πᾶσαν
2452 4473 2504 4524 δὲ
2537 4472 2750 4541 δωρεῶν
2803 4474 3209 4542 προτεινόμενος
3245 4476 3570 4546 φιλοτιμίαν,

2020 4565 2113 4630 οὐχ
2145 4558 2254 4624 οἷός
2283 4579 2343 4612 τε
2378 4563 2613 4628 ἐγεγόνει
2637 4564 2731 4631 τὴν
2756 4564 2847 4614 τοῦ
2888 4565 3148 4617 Ἀσϐεστᾶ
3173 4565 3370 4617 κακίαν
3414 4583 3572 4617 κατα-

2023 4653 2229 4705 σϐέσαι.
2257 4652 2348 4719 Διή
2360 4669 2513 4721 ρχετο
2564 4653 2738 4713 πάσας
2759 4654 2928 4716 οἰκίας
2955 4654 3061 4706 τῶν
3085 4655 3375 4720 δυναστῶν,
3400 4655 3573 4723 μάτην

2022 4741 2509 4810 διαλοιδορούμενος
2564 4745 2656 4794 καὶ
2701 4744 2966 4813 διασύρων
3022 4746 3252 4814 πικρῶς,
3309 4746 3402 4798 καὶ
3438 4747 3572 4814 μηδὲ

2021 4833 2337 4901 Χριστιανὸν
2363 4834 2641 4903 ὀνομάζειν
2666 4833 2750 4884 τὸν
2783 4833 2931 4900 άγιον
2961 4835 2987 4884 ὁ
3008 4835 3200 4902 ἐναγὴς
3247 4833 3429 4897 ἀξιῶν,
3466 4835 3573 4903 μά-

2024 4922 2179 4973 λιστα
2217 4922 2272 4974 δὲ
2293 4924 2506 4977 πάντων
2532 4925 2679 4992 παρὰ
2710 4925 2892 4992 Φωτίῳ
2920 4928 3008 4976 καὶ
3041 4930 3149 4986 τοῖς
3180 4925 3340 4978 αὑτοῦ
3376 4943 3576 4994 συγγε-

2025 5011 2136 5063 νέσι
2168 5015 2488 5082 τιμώμενος,
2527 5016 2693 5083 μέγας
2717 5033 2796 5077 τις
2835 5015 3114 5085 ἅνθρωπος
3147 5018 3237 5070 τοῦ
3281 5019 3411 5070 Θεοῦ
3442 5037 3576 5088 χρη-

2028 5099 2272 5168 ματίζειν
2331 5105 2674 5157 ἐπιστεύετο·
2720 5105 2838 5158 ὅθεν
2867 5109 2957 5159 καὶ
3016 5109 3140 5176 παρ’
3170 5108 3329 5162 αὑτοῦ
3363 5109 3577 5178 πρώτου

2023 5192 2410 5260 χειροτονηθεὶς
2441 5193 2466 5240 ὁ
2503 5193 2721 5255 ψώτιος,
2773 5196 2837 5246 ἐκ
2883 5194 2981 5262 τῆς
3027 5197 3103 5258 είς
3137 5196 3296 5249 αὑτὸν
3342 5198 3576 5259 πίστεως

2028 5279 2152 5345 ὅλην
2181 5281 2272 5330 τοῦ
2318 5281 2501 5347 ἀνδρὸς
2530 5285 2663 5334 κατὰ
2700 5284 2790 5334 τοῦ
2826 5286 3063 5336 ἀναιτίο.)
3101 5286 3296 5354 μανίαν
3337 5288 3575 5339 ὲπεσπάι

2032 5384 2178 5440 ira-.0.
2209 5369 2313 5419 Καὶ
2342 5368 2522 5437 ῶσπερ
2549 5373 2626 5432 είς
2656 5373 2783 5423 αὐτὸ
2810 5373 2965 5424 τοῦτο
2993 5374 3330 5444 πατριάρχης
3359 5361 3594 5442 προχει-’

2033 5457 2251 5525 ρισθεὶς,
2304 5457 2384 5507 ἵνα
2436 5459 2627 5523 πάσαις
2673 5464 2952 5526 ἐπινοίαις,
3010 5465 3225 5533 τρόποις
3282 5466 3431 5529 πᾶσι,
3486 5464 3579 5516 τὸν

2032 5546 2200 5599 ἀθῶον
2232 5550 2622 5618 τιμωρήσηται,
2655 5552 2824 5616 οὕτως
2862 5554 3164 5622 ἠγωνίζετο,
3198 5555 3387 5626 ούτῆς
3423 5558 3578 5625 ἱερω-
