3924 6312
332 289 442 356 513

1361 279 1532 342 νΙΤΑ
1568 279 1626 340 S.
1668 278 1962 339 IGNATII
2003 280 2110 342 CP.
2149 280 2496 341 ARCHIEP.

3429 285 3532 352 514

331 403 501 472 σύνης
532 400 707 471 μόνον,
759 395 893 450 ἀλλά
940 395 1033 451 καὶ
1060 393 1227 465 αὐτῆς
1257 393 1415 446 αὐτὸν
1456 391 1803 456 ἀπαλλάξειν,
1835 393 1882 446 εἰ

1987 394 2085 449 bus
2111 393 2388 447 innoxium
2412 395 2512 446 iret
2535 392 2822 461 perditum,
2877 393 2954 449 sic
2987 393 3279 464 pugnabat,
3304 403 3363 450 ut
3387 396 3537 454 illum

327 493 575 556 δυνατὸν,
603 491 702 560 τῆς
728 489 870 558 ζωῆς
891 504 903 519 ·
936 487 1111 542 καίτοι
1135 485 1198 553 γέ
1223 483 1557 553 χειρόγραφα
1607 483 1754 550 παρὰ
1777 483 1883 538 τῶν

329 582 769 652 καταδεχομένων
793 581 952 634 αὑτὸν
977 579 1238 648 πρότερον
1269 577 1589 646 ἀπαιτηθεὶς
1622 589 1887 644 μητροπο-

329 674 513 738 λιτῶν,
531 674 666 727 ὥστε
697 672 962 743 πατρικὴν
983 667 1275 735 ἀπονέμειν
1315 667 1392 737 τῷ
1432 666 1676 736 Ἱγνατίῳ
1700 670 1882 735 τιμὴν,

331 766 432 819 καὶ
460 766 630 818 πάντα
657 763 796 818 κατά
821 762 1070 831 βούλησιν
1099 755 1262 809 αὑτοῦ
1301 756 1452 827 δρᾷν,
1487 756 1581 809 καὶ
1607 757 1663 807 ὲν
1698 754 1884 825 μηδενὶ

330 853 518 907 τοῦτον
547 853 898 924 παραλυπεῖν.
956 845 1120 900 Οὔπω
1150 845 1206 897 δὲ
1246 846 1381 915 μετά
1425 845 1523 912 τὴν
1555 843 1883 915 χειροτονίαν

329 944 425 996 δύο
457 944 619 1013 μῆνες
663 937 960 1007 παρῆλθον,
1002 937 1094 988 καὶ
1139 934 1297 996 αὐτὸς
1330 936 1451 997 τοὺς
1470 935 1662 1002 ὅρκους
1692 934 1886 1004 ηθετη-

329 1033 464 1101 κὼς,
485 1029 694 1104 πρῶτον
713 1030 810 1100 μὲν
825 1029 948 1090 τοὺς
969 1027 1059 1079 ἐπὶ
1079 1027 1175 1096 τῆς
1197 1026 1485 1096 ἐκκλησίας
1502 1026 1879 1092 τεταγμένους,

327 1127 485 1189 ὅσους
515 1121 870 1191 οἰκειοτέρους
906 1118 1125 1190 εὕρισκε
1161 1118 1251 1171 τοῦ
1308 1117 1660 1186 πατριάρχου,
1715 1132 1880 1167 κατα-

328 1215 545 1278 κλείων,
577 1214 667 1264 καὶ
695 1212 968 1280 αἰκισμοῖς
996 1210 1186 1280 βιαίοις
1213 1207 1306 1260 καὶ
1333 1207 1547 1276 μᾶστιξι
1576 1206 1881 1268 καταικιζόδ

266 1371 276 1376 _
332 1323 493 1373 μενος
515 1323 528 1337 ο
558 1305 651 1358 καὶ
681 1302 986 1356 κολακεύων
1016 1301 1071 1353 δὲ
1097 1300 1278 1361 πάλιν,
1303 1299 1393 1350 καὶ
1419 1298 1567 1365 δῶρα
1589 1297 1879 1366 προτείνων

329 1396 429 1448 καὶ
456 1394 752 1464 προκοπὰς,
781 1394 870 1446 καὶ
902 1392 1232 1463 χειρόγραφα
1275 1389 1535 1451 ἀπαιτῶν,
1570 1388 1663 1438 καὶ
1697 1390 1826 1439 πᾶσι
1853 1387 1882 1420 ⁸

327 1483 469 1538 ὥστε
519 1487 746 1556 πέμψαι,
777 1485 870 1537 καὶ
899 1485 1120 1554 ἔρευναν
1148 1480 1345 1551 ἀκριϐῆ
1389 1478 1710 1549 ποιήσασθαι
1748 1479 1883 1531 κατά

324 1575 426 1628 τοῦ
451 1577 737 1643 ζίγνατίου,
769 1577 841 1638 ὡς
872 1575 1032 1628 αὑτοῦ
1066 1573 1236 1642 λάθρα
1275 1571 1588 1641 τυρεύοντος
1621 1568 1758 1620 κατὰ
1786 1569 1884 1635 τῆς

327 1669 620 1737 βασιλείας.
661 1669 833 1730 Εὐθὺς
861 1667 954 1721 οὖν
978 1667 1229 1736 ἄρχοντες
1260 1665 1484 1732 ἀπηνεῖς
1515 1661 1609 1714 καὶ
1634 1659 1884 1730 στρατιῶ-

326 1778 421 1814 ται
448 1761 664 1828 θρασεῖς
690 1760 787 1830 τὴν
811 1757 1124 1827 Τερέϐινθον
1150 1753 1562 1816 καταλαϐόντες,
1593 1753 1686 1805 καὶ
1710 1752 1886 1804 πᾶσαν
1917 1743 1957 1798 Β

331 1851 657 1919 ποιήσαντες
700 1848 963 1912 ἐξέτασιν,
997 1846 1090 1898 καὶ
1140 1846 1322 1897 πᾶσαν
1361 1844 1610 1913 βάσανον,
1641 1843 1763 1904 τοὺς
1793 1843 1882 1894 ὑπ’

328 1940 537 1991 ἐκεῖνον
585 1939 898 2007 ἀνθρώπους
958 1935 1358 2005 βασανίσαντες,
1415 1933 1600 2003 ἐπειδὴ
1644 1933 1886 1996 ἐξέλιπον

328 2028 718 2097 ἐξερευνῶντες
748 2025 1136 2097 ὲξερευνήσεις,
1189 2025 1279 2077 καὶ
1312 2023 1496 2076 λοιπὸν
1524 2024 1675 2076 οὐδὲν
1724 2021 1884 2092 εἶχον,

331 2117 473 2168 ὥστε
531 2117 751 2180 δικαίως
802 2115 1250 2186 τιμωρήσασθαι,
1315 2118 1381 2185 τῇ
1437 2115 1622 2184 ἀδικίᾳ
1675 2115 1889 2184 καθαρᾷ

331 2203 589 2272 χρῶνται.
624 2202 887 2264 Λαϐόντες
910 2204 1013 2272 γὰρ
1037 2202 1126 2255 τὸν
1152 2202 1291 2272 ἱερὸν
1313 2203 1477 2272 ἄνδρα
1502 2203 1638 2272 μετὰ
1665 2203 1773 2255 τῶν
1794 2203 1889 2255 σὺν

334 2289 505 2360 αύτῷ,
536 2292 626 2342 καὶ
652 2291 784 2360 πρὸς
821 2291 915 2360 τὴν
937 2291 1230 2360 λεγομένην
1269 2289 1494 2361 Ὶέρειαν
1529 2293 1887 2361 περάσαντες,

333 2382 550 2449 δέσμιον
581 2380 766 2432 τοῦτον
794 2381 870 2443 εἰς
895 2380 1126 2452 μάνδραν
1149 2380 1316 2448 αἰγῶν
1335 2381 1682 2434 κατέκλεισαν
1708 2403 1718 2414 σ
1745 2383 1890 2435 ἐκεῖ-

336 2470 428 2521 θέν
457 2486 514 2520 τε
538 2465 670 2537 πρὸς
698 2469 762 2520 τὰ
794 2470 1076 2538 Προμήτου
1098 2468 1366 2538 λεγόμενα
1386 2469 1734 2540 διαπερῶσιν,
1756 2471 1887 2522 ὅπου

334 2560 401 2628 δὴ
456 2562 605 2630 Λέων
656 2561 854 2622 ἐκεῖνος
884 2563 911 2612 ὁ
960 2559 1220 2613 Λαλάκων
1275 2561 1738 2630 ἐπονομαζόμενος
1779 2561 1889 2614 τῶν

336 2648 636 2717 Νουμέρων
683 2647 994 2717 δομέστικος
1039 2646 1133 2712 ὢν,
1171 2648 1260 2700 ἐπὶ
1292 2648 1542 2702 τοσοῦτον
1570 2647 1731 2700 αὐτοῦ
1777 2650 1888 2709 τοῖς

339 2739 645 2806 ραπίσμασι
692 2737 952 2806 κατέκοψε
991 2737 1087 2801 τὰς
1141 2739 1411 2805 σιαγόνας,
1475 2737 1550 2801 ὡς
1595 2737 1686 2791 δύο
1717 2738 1888 2808 μύλας

335 2829 454 2879 ἐκεῖ
475 2825 568 2878 τοῦ
600 2826 883 2894 ἰερωτάτου
907 2826 1155 2895 γέροντος
1182 2827 1429 2880 ἐκπεσεῖν
1449 2843 1463 2858 ⁶
1501 2821 1620 2881 εῘτα
1655 2827 1746 2879 δύο
1788 2843 1884 2894 μου

334 2920 481 2989 χλοῖς
506 2920 760 2989 σιδηροῖς,
794 2919 1126 2990 ἀνδροφόνων
1148 2921 1362 2990 τρόπον,
1392 2921 1512 2981 τοὺς
1535 2919 1696 2974 αὑτοῦ
1725 2919 1887 2982 πόδας

337 3009 886 3078 κατασφαλισάμενοι,
912 3009 1003 3060 καὶ
1021 3010 1191 3078 μικρᾷ
1215 3010 1422 3080 φρουρᾷ
1445 3007 1886 3066 κατακλείσαντες

334 3099 602 3167 ἀπῄεσαν,
623 3099 713 3150 δύο
731 3099 920 3159 παῖδας
947 3097 1039 3148 καὶ
1064 3098 1218 3164 μόνον
1251 3097 1384 3166 πρὸς
1411 3097 1708 3165 ὑπηρεσίαν
1737 3093 1883 3164 αὐτῷ

334 3190 740 3250 καταλιπόντες.
772 3188 930 3249 Ὅλος
961 3188 1018 3240 δὲ
1047 3189 1227 3250 αὐτοῖς
1262 3189 1289 3240 ὁ
1325 3187 1470 3254 ἀγὼν
1497 3187 1589 3241 καὶ
1614 3189 1647 3256 ὴ
1680 3185 1886 3249 ἔπειξις

335 3278 424 3351 ἦν,
452 3281 590 3334 ὥστε
613 3281 849 3334 λίϐελλον
880 3283 1058 3344 αὐτοῖς
1087 3282 1359 3352 ἀποταγῆς
1387 3282 1586 3347 δοῦναι,
1618 3283 1709 3336 καὶ
1735 3283 1887 3334 ἑκου-

337 3373 467 3434 σίως
496 3370 590 3423 τοῦ
623 3372 810 3442 θρόνου
845 3374 1208 3442 παραχωρεῖν.
1257 3372 1312 3425 '0
1338 3373 1394 3426 δὲ
1424 3374 1513 3427 τὸν
1539 3374 1696 3428 λύκον
1745 3375 1886 3428 κατὰ

335 3462 434 3532 τῆς
499 3462 734 3531 ποίμνης
786 3463 968 3524 δεινῶς
1026 3463 1460 3532 ἐπεισφρήσαντα
1538 3465 1882 3534 θεασάμενος,

335 3556 459 3608 ὅσον
477 3550 545 3626 ἦν
566 3557 649 3606 ἐπ’
685 3553 853 3624 αὐτῷ,
891 3557 988 3624 τὴν
1019 3556 1201 3624 ἔφοδον
1226 3555 1482 3626 ἐξεῖργεν.
1544 3556 1790 3628 Ἦμερῶν
1828 3557 1884 3608 δὲ

338 3645 718 3717 παρελθουσῶν
742 3645 954 3712 ὀλίγων,
985 3649 1063 3710 εἰς
1096 3649 1162 3700 τὰ
1206 3648 1460 3718 Νούμερα
1504 3648 1687 3701 τοῦτον
1715 3649 1885 3718 περά-

339 3753 550 3802 σαντες,
585 3737 982 3808 σιδηροδέσμιον
1024 3739 1386 3804 ἐγκλείουσιν·
1441 3733 1558 3792 είτα
1583 3737 1887 3806 Αὔγουστος

336 3827 584 3883 ἐνίστατο
601 3826 724 3897 μὴν,
751 3827 843 3879 καὶ
873 3829 951 3889 εἰς
978 3827 1156 3880 πλοῖον
1195 3827 1354 3882 αὑτὸν
1399 3829 1720 3898 ἐμϐαλόντες
1743 3867 1759 3891 ,
1809 3829 1888 3892 είς

337 3917 651 3988 Μιτυλήνην
674 3916 990 3990 ἐξορίζουσι.
1018 3919 1226 3983 Πάντας
1247 3920 1302 3973 δὲ
1325 3923 1450 3983 τοὺς
1472 3920 1890 3991 ὑπονοουμένους

338 4009 572 4074 οἰκείους
627 4003 764 4065 εἶναι
803 4001 895 4064 καὶ
928 4011 1114 4080 φίλους
1138 4011 1325 4080 αὐτοῦ,
1381 4011 1472 4078 οὒς
1525 4013 1622 4082 μὲν
1670 4014 1890 4086 δαρμοῖς

339 4101 631 4172 ἀφορήτοις
656 4103 750 4156 καὶ
774 4102 1162 4173 θανατηφόροις
1185 4104 1492 4173 παρεδίδουν
1515 4104 1744 4174 πληγαῖς
1761 4121 1775 4136 ο
1800 4102 1892 4166 οὓς

339 4189 416 4256 δὲ,
446 4191 508 4243 τὸ
538 4175 1074 4259 φιλανθρωπότατον,
1132 4192 1466 4263 ύπερώριζον
1513 4195 1611 4263 τῆς
1663 4195 1888 4255 πόλεως.

342 4280 471 4334 Ὅτε
495 4279 558 4351 δὴ
586 4281 680 4334 καὶ
701 4270 795 4333 τὸν
829 4282 1207 4352 χαρτοφύλακα
1231 4284 1456 4336 Βλάσιον
1501 4284 1588 4337 διὰ
1623 4284 1721 4352 τὴν
1753 4283 1892 4353 ὑπὲρ

1990 501 2097 540 non
2133 485 2436 541 sacerdotio
2483 493 2683 539 tantum
2718 486 2968 554 privaret,
3004 487 3097 540 sed
3129 485 3234 539 vita
3281 486 3467 550 etiam,
3497 480 3551 544 si

1988 585 2192 648 posset,
2225 584 2483 638 exueret:
2516 575 2638 629 licet
2657 562 2838 630 essent
2862 577 2929 630 ab
2956 591 3020 631 eo
3059 591 3156 645 per
3179 577 3546 646 metropolitas

1989 684 2156 734 suos,
2188 684 2216 721 a
2257 668 2454 738 quibus
2482 677 2564 721 est
2611 677 2874 737 receptus,
2918 679 3107 722 exacta
3149 669 3542 738 chirographa:

1988 769 2047 815 ut
2075 770 2358 832 paternum
2389 760 2596 828 lguatio
2635 759 2890 814 honorem
2931 760 3212 826 tribueret,
3253 761 3548 830 omniaque

1987 869 2050 908 ex
2084 854 2203 923 ejus
2234 852 2507 906 voluntate
2549 860 2774 920 gereret,
2818 867 2914 906 nec
2954 853 3061 905 ulla
3094 853 3146 905 in
3193 867 3252 907 re
3285 854 3545 908 molestus

1987 941 2172 1000 esset:
2225 944 2339 1013 ipse
2369 951 2548 996 tamen
2598 942 2687 995 vix
2728 952 2846 1011 post
2877 943 3013 997 duos
3057 958 3086 996 a
3131 943 3407 997 creatione
3445 959 3546 998 sua

1987 1049 2201 1090 menses
2227 1034 2539 1103 juramento
2568 1046 2668 1085 suo
2696 1032 2922 1098 violato,
2955 1034 3188 1100 primum
3230 1033 3418 1103 lgnatii
3461 1032 3553 1087 fau

1989 1128 2223 1181 tuiliares
2254 1126 2487 1194 conjecit
2518 1126 2571 1178 in
2605 1124 2839 1186 vincula,
2874 1124 3113 1193 dirisque
3145 1125 3324 1194 ﬂagris
3357 1124 3411 1180 et
3428 1126 3546 1195 pla-

1986 1219 2066 1287 gis
2095 1218 2340 1272 multavit
2373 1233 2385 1270 :
2424 1216 2616 1270 deinde
2652 1231 2846 1269 rursus
2884 1215 3175 1279 blanditus,
3213 1229 3547 1284 muneraque

1986 1313 2038 1356 et
2068 1304 2298 1356 honores
2321 1303 2617 1371 pollicitus,
2638 1302 2994 1370 chirographa
3020 1303 3192 1370 petiit,
3217 1310 3269 1355 et
3293 1304 3546 1358 omnibus

1987 1394 2160 1447 modis
2191 1393 2398 1446 studuit
2437 1395 2699 1447 adversus
2730 1390 2988 1460 lgnatium
3021 1392 3169 1446 exitii
3208 1408 3422 1447 causam
3457 1408 3546 1447 re-

1987 1485 2179 1552 perire.
2211 1486 2457 1552 Cumque
2488 1484 2621 1536 nihil
2657 1483 2851 1536 horum
2881 1499 3002 1550 quae
3029 1484 3144 1551 ipse
3172 1483 3444 1551 cupiebat,
3471 1484 3547 1538 in-

1987 1574 2212 1637 veniret,
2259 1575 2521 1628 scelerato
2559 1573 2764 1637 Bardaz,
2809 1589 3011 1643 perque
3041 1573 3269 1628 Bardant
3303 1572 3546 1628 Michaeli

1987 1662 2545 1730 levissimo'suggerit,
2578 1673 2635 1715 ut
2663 1663 2860 1727 mittat,
2893 1663 2985 1732 qui
3019 1662 3069 1715 in
3107 1660 3374 1732 lgnatium
3403 1661 3550 1715 velut

1986 1754 2211 1821 imperio
2244 1753 2581 1806 insidiantem
2621 1767 2805 1806 severe
2838 1753 3131 1822 inquirant.
3167 1753 3308 1822 Ergo
3346 1754 3545 1808 crude-

1987 1841 2062 1896 les
2115 1840 2348 1910 praefecti
2398 1849 2714 1909 atrocesque
2759 1843 3014 1903 satellites
3077 1842 3348 1911 extemplo
3383 1843 3545 1896 Tere-

1986 1931 2232 1985 binthum
2266 1939 2471 1998 petunt,
2523 1930 2812 1997 omniaque
2851 1945 3045 1998 genera
3069 1932 3428 2000 quaestionum
3457 1933 3543 1986 in-

1988 2020 2258 2084 stituunt,
2305 2029 2360 2072 et
2407 2017 2636 2071 famulos
2698 2017 2883 2086 lgnatii
2947 2019 3227 2075 tormentis
3289 2020 3544 2074 omnibus

1988 2111 2319 2165 excruciant.
2361 2110 2652 2174 Postquam
2700 2124 2828 2162 vero
2875 2109 3188 2163 defecerunt
3238 2120 3544 2165 scrutantes

1989 2202 2269 2262 scrutinia,
2317 2214 2416 2253 nec
2448 2199 2742 2268 quidquam
2779 2198 3261 2266 deprehenderunt,
3293 2216 3401 2269 quo
3425 2201 3546 2268 jure

1989 2294 2042 2346 in
2098 2293 2245 2346 illum
2299 2291 2805 2352 animadverterent,
2859 2298 3043 2358 aperto
3088 2292 3290 2344 scelere
3332 2294 3383 2344 in
3419 2307 3544 2345 eum

1988 2391 2326 2453 grassantur.
2357 2381 2643 2449 Ar’reptum
2674 2383 2816 2434 enim
2849 2382 3023 2435 virum
3068 2392 3313 2436 sanctum
3345 2389 3398 2434 et
3418 2397 3547 2438 suos

1989 2473 2041 2526 in
2088 2472 2320 2526 insulam
2374 2470 2609 2524 l‘lieriam
2648 2470 3022 2536 traduxerunt,
3078 2481 3239 2540 atque
3281 2475 3545 2542 lgnatium

1985 2562 2224 2616 vinctum
2267 2561 2481 2614 stabulo
2514 2561 2762 2628 caprario
2806 2561 3158 2615 incluserunt.
3209 2562 3340 2616 Inde
3375 2562 3443 2616 ad
3481 2579 3544 2618 ea

1985 2655 2102 2707 loca
2134 2649 2484 2715 transfertmt,
2516 2667 2637 2720 qua:
2661 2652 2895 2705 Prometi
2924 2652 3244 2707 dicebantur
3275 2671 3289 2718 ;
3326 2655 3414 2707 ubi
3436 2654 3545 2708 Leo

1985 2746 2072 2800 ille
2124 2755 2479 2816 cognomento
2530 2744 2746 2810 Lalaco,
2791 2744 3149 2800 Numerorum
3191 2749 3543 2810 domesticus,

1985 2848 2094 2892 tam
2125 2837 2439 2891 immaniter
2479 2836 2720 2904 colaphis
2750 2851 2916 2903 genas
2943 2837 3088 2891 illius
3115 2839 3328 2900 cecidit,
3363 2846 3422 2891 ut
3454 2853 3544 2892 sa-

1987 2929 2293 2983 cratissimo
2353 2928 2469 2981 seni
2524 2928 2662 2981 duos
2723 2927 2958 2980 molares
3004 2937 3282 2982 excuteret
3334 2929 3545 2986 dentes.

1914 3053 1955 3111 ο
1991 3018 2187 3072 Deinde
2242 3016 2485 3070 vectibus
2535 3013 2802 3084 geminis,
2859 3014 3128 3070 latronum
3157 3017 3358 3080 instar,
3385 3019 3548 3086 pedes

1987 3109 2320 3164 strinxerunt
2348 3115 2720 3176 ;angustoque
2742 3105 3382 3179 ,conelusum‘ergastulo,
3412 3109 3549 3162 duo-

1986 3200 2088 3254 bus
2133 3198 2394 3253 duutaxat
2441 3196 2621 3265 pueris
2653 3195 2989 3250 administris
3022 3196 3096 3248 illi
3133 3199 3424 3256 concessis.
3456 3213 3545 3252 re-

1985 3292 2272 3359 liquerunt.
2297 3287 2428 3341 Tota
2459 3296 2636 3340 autem
2662 3287 2740 3339 vis
2770 3288 2880 3339 haec
2900 3295 2950 3339 et
2974 3287 3185 3340 vexatio
3211 3303 3275 3341 eo
3307 3291 3544 3356 pertine-

1985 3381 2164 3444 bat,ut
2183 3376 2778 3448 Ignatiusabdicationis
2800 3375 3038 3430 libellum
3068 3378 3346 3442 scriberet,
3381 3393 3549 3447 spon-

1984 3479 2143 3538 teque
2188 3469 2382 3522 throno
2425 3465 2823 3536 patriarchatus
2877 3466 3109 3520 cederet.
3157 3467 3259 3522 Sed
3284 3469 3544 3538 lguatius,

1983 3573 2105 3612 cum
2146 3557 2330 3625 lupum
2365 3556 2417 3608 in
2459 3569 2670 3624 gregem
2704 3555 2954 3609 atrociter
2994 3559 3229 3626 grassari
3278 3572 3545 3623 cerneret,

1985 3655 2247 3717 quantum
2308 3652 2555 3713 poterat,
2607 3643 2866 3712 impetum
2927 3646 3270 3714 reprimebat.
3336 3646 3547 3716 Elapsis

1987 3743 2168 3808 autem
2208 3733 2350 3787 haud
2383 3731 2568 3786 multis
2602 3732 2725 3787 inde
2754 3733 2966 3808 diebus,
3001 3734 3055 3787 in
3099 3733 3330 3790 Numera
3373 3737 3546 3790 dedu-

1987 3837 2157 3892 ctum,
2197 3827 2253 3879 in
2296 3838 2511 3879 carcere
2555 3823 2760 3878 catenis
2799 3833 3075 3879 onerant:
3126 3813 3247 3879 dein
3301 3827 3547 3896 Augusto

1991 3931 2175 3973 mense
2200 3924 2500 3985 appetente,
2524 3914 2578 3968 in
2608 3915 2879 3983 navigium
2909 3915 3211 3984 conjectum
3237 3916 3545 3987 Mitylenem

1989 4007 2292 4076 deportant.
2317 4003 2481 4056 Porro
2499 4017 2593 4056 eos
2622 4002 2714 4070 qui
2741 4002 3075 4057 habebantur
3103 4004 3220 4072 ejus
3250 4003 3546 4060 familiares

1988 4107 2040 4152 et
2090 4097 2269 4160 amici,
2316 4093 2726 4152 immanissimis
2807 4095 3189 4149 cruciamentis
3266 4097 3546 4164 plagisque

1989 4187 2278 4241 letbalibus
2329 4179 2673 4239 adiciebant:
2729 4198 2864 4253 quos
2910 4195 3089 4238 autem
3154 4185 3544 4241 humanissime
3637 4248 3644 4255 I

1992 4301 2309 4360 tractabant,
2329 4299 2522 4352 exsilio
2546 4298 2871 4364 multabant;
2903 4299 3191 4369 Blasioque
3212 4275 3545 4372 chartophvv

339 4374 440 4445 τῆς
455 4372 710 4437 ἀληθείας
736 4375 1044 4443 παρρησίαν
1067 4375 1562 4444 ὲγλωσσοτὸμησαν.
1603 4375 1688 4428 Ἐν
1717 4376 1885 4428 Μιτυ-

1992 4392 2088 4445 laci
2117 4392 2183 4446 ob
2208 4391 2361 4443 fidem
2387 4399 2438 4442 et
2470 4389 2683 4442 dicendi
2715 4389 3012 4443 libertatem
3046 4391 3282 4460 linguam
3315 4394 3541 4448 detrun-

339 4463 475 4534 λήγῃ
501 4463 558 4516 δὲ
583 4463 1009 4538 διατρίϐοντος,ὀ
1027 4464 1224 4526 Φώτιος
1237 4464 1333 4534 τὴν
1360 4465 1478 4517 κατ’
1500 4465 1656 4520 αὑτὸν
1689 4466 1887 4535 ἐκκλη-

342 4553 463 4608 σίαν
507 4554 614 4606 τῶν
642 4555 1083 4624 πονηρευομένων
1133 4555 1464 4623 συναγαγὼν,
1497 4557 1590 4608 καὶ
1639 4556 1771 4624 πρὸς
1812 4554 1888 4627 τῷ

341 4645 472 4717 ἱερῷ
498 4644 712 4713 τεμένει
742 4645 846 4696 τῶν
876 4645 1205 4711 πανενδόξων
1234 4646 1561 4699 Ἀποστόλων
1582 4646 1886 4715 γενόμενος,

339 4733 655 4803 καθαίρεσιν
675 4733 1024 4800 ἀποφαίνεται
1059 4735 1196 4786 κατά
1221 4734 1314 4786 τοῦ
1335 4737 1406 4805 μὴ
1439 4737 1701 4807 παρόντος
1719 4738 1889 4800 Ίγνα-

338 4823 487 4876 τίουο
513 4823 572 4874 οὐ
610 4823 768 4890 μόνον
800 4822 878 4885 δὲ,
912 4821 1043 4873 ἀλλά
1076 4824 1168 4874 καὶ
1190 4824 1573 4892 ἀναθεματίζει
1622 4827 1716 4879 καὶ
1758 4829 1890 4880 ἀπο-

337 4910 613 4982 κηρύττει,
668 4910 827 4973 αύτὸς
884 4912 1180 4980 κατήγορος
1229 4914 1507 4980 γινόμενος
1556 4917 1648 4967 καὶ
1677 4917 1886 4986 κριτής.

336 5003 452 5056 Καὶ
476 5002 628 5063 ὅσους
665 5001 764 5072 μὲν
796 4999 939 5071 ἑώρα
990 4999 1066 5069 τῷ
1099 4999 1262 5054 αὑτοῦ
1297 5002 1481 5072 σκοπῷ
1508 5003 1600 5055 καὶ
1624 5008 1688 5072 τῇ
1718 5023 1889 5074 παρα-

337 5091 480 5161 λόγῳ
502 5090 693 5163 πράξει
723 5091 893 5163 ταύτῃ
920 5092 1257 5163 συνᾴδοντας,
1285 5093 1378 5146 καὶ
1402 5095 1510 5155 τοῖς
1550 5095 1889 5164 τελουμένοις

341 5182 776 5251 ὑπογράφοντας,
818 5184 875 5236 ὲν
899 5185 1009 5245 τοῖς
1053 5181 1282 5252 πρώτοις
1309 5184 1415 5237 τῶν
1454 5184 1620 5253 φίλων
1646 5187 1731 5238 καὶ
1761 5203 1889 5255 γνη-

340 5271 614 5324 σιωτὰτων
676 5266 787 5339 εἶχε
840 5272 1295 5343 συλλειτουργῶνο
1352 5276 1462 5329 ὅσοι
1508 5274 1652 5345 δὲτῇ
1681 5276 1887 5346 ἀκρίτῳ

338 5361 516 5433 κρίσει
542 5363 1030 5434 προσοχθήσαντες,
1062 5366 1366 5428 συναινέσαι
1402 5366 1521 5431 ταῖς
1559 5367 1886 5434 ἀλογιστίαις

338 5452 561 5516 ταύταις
608 5453 1026 5522 οὺκὴϐούλοντο,
1079 5458 1293 5520 τούτους
1331 5459 1408 5528 τῷ
1436 5461 1747 5530 πραιτωρίῳ
1795 5462 1886 5512 καὶ

342 5546 603 5615 φυλακαῖς
636 5545 990 5615 πολυτρόποις
1033 5549 1527 5619 κολασθησομένους
1582 5550 1881 5621 παρεδίδου.

344 5637 553 5693 ιιολλῶν
583 5636 675 5691 οὖν
712 5638 1180 5707 διαγογγυζόντων,
1217 5643 1307 5695 καὶ
1352 5643 1441 5695 ἐπὶ
1470 5644 1585 5708 ταῖς
1617 5644 1886 5713 ἀκρισίαις

1988 4489 2197 4534 carunt.
2254 4478 2460 4547 Ignatio
2490 4492 2652 4545 porro
2682 4477 2945 4546 Mitylenas
2984 4485 3377 4545 com'morante,
3405 4483 3542 4536 Pho-

1988 4566 2094 4622 tius
2144 4565 2367 4620 ecclesia
2427 4566 2835 4634 malignantium
2890 4568 2992 4620 sibi
3046 4568 3284 4628 amnium
3332 4584 3542 4638 coacta,

1989 4656 2222 4710 absentis
2266 4655 2475 4724 lgnatii,
2519 4655 2571 4708 in
2615 4657 2732 4724 ipso
2764 4656 3282 4724 gloriosissimorum
3326 4674 3545 4731 aposto-

1990 4747 2164 4800 lorum
2212 4746 2429 4814 templo,
2482 4745 2976 4801 exauctorationem
3025 4751 3334 4817 pronuntiat
3381 4771 3396 4804 :
3443 4770 3542 4806 nec

1988 4837 2299 4909 pronuntiat
2349 4846 2580 4898 tantum,
2613 4837 2705 4891 sed
2753 4837 3090 4892 anathemate
3117 4839 3374 4907 lgnatium
3418 4841 3539 4893 ferit

1987 4930 2350 4996 damnatque;
2397 4935 2448 4979 et
2489 4927 2801 4979 damnatum
2849 4927 2989 4979 idem
3038 4938 3338 4989 accusator,
3393 4929 3531 4982 idem

1984 5018 2143 5086 judex
2195 5016 2510 5086 proclamat.
2555 5015 2657 5081 Qui
2690 5029 2826 5084 quos
2877 5014 3092 5069 factioni
3143 5033 3254 5071 sua:
3294 5019 3531 5084 studere,

1989 5108 2250 5178 factisque
2290 5107 2496 5160 insanis
2527 5105 2785 5163 accinere.
2819 5119 2881 5158 ac
2923 5105 3151 5159 decretis
3197 5108 3533 5162 subscribere

1989 5197 2216 5258 videbat,
2255 5194 2351 5249 hos
2381 5210 2508 5249 vero
2539 5195 2674 5248 inter
2721 5193 2936 5252 intimos
2976 5195 3176 5247 amicos
3205 5210 3267 5248 ac
3301 5212 3534 5265 symmy-

1989 5297 2097 5342 stas
2124 5285 2326 5339 habuit.
2357 5283 2459 5350 Qui
2497 5293 2670 5341 autem
2698 5285 2812 5352 ejus
2843 5284 3068 5337 amentia
3101 5283 3529 5350 oﬂ‘endcbantur,
3617 5319 3621 5324 -

1987 5377 2235 5446 factaque
2269 5379 2349 5445 (ut
2376 5376 2467 5444 qui
2495 5377 2709 5428 sincero
2729 5374 2932 5442 judicio
2958 5373 3151 5445 forent)
3183 5391 3286 5429 non
3335 5379 3530 5445 proba-

1987 5468 2133 5530 bant,
2159 5468 2408 5535 praetorio
2423 5465 2711 5519 etvincolts
2743 5466 2969 5534 pessime
2990 5476 3234 5535 acceptos
3264 5469 3526 5526 tradebat.

1985 5555 2163 5609 Multis
2197 5555 2359 5624 igitur
2379 5553 2806 5618 mussitantibus,
2831 5553 3177 5624 improbaque
3201 5554 3372 5609 Photii
3406 5570 3524 5612 acta

1984 5644 2364 5703 damnantibus
2395 5660 2409 5709 ;
2440 5642 2570 5718 quin
2597 5653 2650 5699 et
2675 5645 2788 5713 ipse
2820 5641 3045 5700 Photius
3076 5660 3191 5701 cum
3228 5646 3340 5700 suis
3363 5629 3524 5702 factis
