3924 6312
395 291 512 358 517

1438 287 1608 350 VITA
1648 285 1703 346 S.
1739 283 2030 347 IGNATII
2071 286 2175 347 CP.
2210 288 2555 350 ARCHIEP.

3504 298 3609 364 618

401 408 621 459 πάντας
649 402 857 469 ἀξίναις
883 403 1262 474 κατεμέλισαν.
1294 398 1510 456 ¹Τούτων
1538 400 1595 453 δέ
1619 399 1725 453 τῶν
1755 416 1962 468 συμφο-

2068 400 2195 455 lioui
2226 400 2443 456 assidue
2477 400 2732 468 intentus,
2770 418 2799 459 a
2832 394 2938 459 Deo
2960 404 3222 474 judicium
3252 416 3305 461 et
3330 410 3614 471 auxilium.

403 494 524 564 ρῶν
552 494 752 555 ἐκεῖνος
780 493 1082 558 ἐπακούων,
1107 495 1233 565 μίαν
1256 492 1558 559 ἀεὶταύτην
1587 490 1678 543 ἐπὶ
1700 491 1967 560 στόματος

408 579 530 652 εἶχε
564 584 779 653 φωνήνο
834 584 897 637 '0
945 586 1159 651 Κύριος
1209 582 1451 645 ὲόωκεν,
1479 583 1514 633 ό
1561 581 1773 648 Κύριος
1806 581 1971 649 ἀφεί-

411 675 590 725 λετοο
649 673 731 739 ὡς·
768 672 845 738 τῷ
889 676 1079 741 Κυρίῳ
1136 670 1383 735 ἔδοξεν,
1448 671 1634 735 οὕτως
1685 670 1961 740 ἐγένετο,

404 763 510 815 καὶ
548 763 625 831 τά
660 764 784 833 ἐξῆς
819 782 832 795 ·
856 764 1025 825 οὕτως
1072 763 1427 832 εὐχαριστῶν,
1461 764 1553 816 καὶ
1586 766 1701 828 ταῖς
1739 766 1964 834 προσευ-

403 854 530 921 χαῐς
553 832 909 916 ἀδιαλείπτως
938 853 1072 922 πρὸς
1113 853 1202 904 τὸν
1245 853 1374 905 Θεὸν
1406 832 1833 923 ἀνατεινόμενος,
1864 856 1961 925 τὴν

404 943 545 1014 ’παρ’
566 930 728 997 αὑτοῦ
761 943 939 1013 κρίσιν
964 944 1056 996 καὶ
1081 940 1332 1013 βοήθειαν
1355 944 1686 1007 ἐπεκαλεῖτο,
1726 945 1961 1015 ματαίαν

400 1031 466 1085 δι
514 1035 687 1086 πᾶσαν
739 1033 837 1101 τὴν
884 1031 991 1083 ἀπὸ
1038 1032 1145 1085 τῶν
1179 1036 1397 1103 κρατεῖν
1428 1033 1724 1087 δοκούντων
1776 1036 1959 1103 ἡγεῖτο

406 1125 680 1195 σωτηρίαν
704 1141 717 1155 ·
752 1123 867 1190 οἵγε
895 1122 985 1175 καὶ
1024 1124 1183 1194 ἡνίκα
1211 1124 1395 1178 τοῦτον
1427 1125 1773 1194 τηλικαύταις
1803 1110 1962 1197 περιρ

404 1220 596 1267 πεσεῖν
628 1214 807 1275 ἀνίαις
848 1214 1083 1283 ἥκουσαν
1131 1216 1224 1268 καὶ
1276 1216 1509 1279 etiam,
1557 1216 1806 1271 τοσοῦτον
1857 1220 1961 1271 ἀπ-

402 1306 569 1377 έσχον
596 1306 687 1359 τοῦ
721 1306 1071 1375 συμπαθῆσαι
1120 1306 1212 1359 καὶ
1265 1301 1784 1377 παραμυθήσασθαι,
1819 1306 1959 1362 ὥστε

404 1399 504 1449 xui.
531 1397 704 1463 λύπης
732 1397 1006 1466 πρόφασιν
1031 1395 1361 1467 ἡγήσασθαι,
1388 1400 1468 1451 δτι
1497 1398 1570 1468 μὴ
1594 1396 1686 1450 καὶ
1712 1397 1869 1462 αὐτὸς
1893 1402 1957 1470 τῇ

403 1486 718 1557 βαρϐαρικῇ
753 1487 894 1540 ἑάλω
927 1489 1089 1559 χειρὶ,
1125 1489 1217 1542 καὶ
1247 1491 1359 1551 τοῖς
1381 1488 1597 1551 οἰκείοις
1626 1489 1957 1560 συνανῃρέθη

407 1578 594 1631 παισίν
620 1595 633 1608 ’
669 1579 730 1631 οὐ
765 1577 965 1647 μᾶλλον
1016 1577 1375 1648 εὐθυμοῦντες
1406 1579 1497 1632 ἐπὶ
1528 1580 1639 1640 τοϊς
1677 1579 1959 1649 ἀνῃρημέ-

402 1687 538 1732 νοις,
576 1670 607 1741 ἢ
648 1672 936 1741 ἀνιώμενοι
966 1671 1059 1724 ἐπὶ
1097 1672 1161 1741 τῇ
1202 1671 1443 1741 σωτηρίᾳ
1474 1670 1566 1723 τοῦ
1594 1670 1821 1724 δικαίου.
1851 1671 1960 1725 Καὶ

401 1760 467 1811 οὐ
500 1762 827 1829 θαυμαστόν.
885 1762 1043 1832 Ψυχὴ
1083 1762 1193 1831 γάρ
1242 1763 1390 1813 πᾶσα
1439 1760 1538 1829 τῆς
1583 1761 1799 1830 ἀγάπης
1864 1758 1963 1830 μὶν

407 1850 825 1921 ἀλλοτριωθεῖσα
845 1892 859 1914 ,
888 1852 978 1903 τοῦ
1001 1852 1058 1903 δὲ
1091 1851 1279 1919 μίσους
1307 1850 1730 1922 ἀναπλησθείσα,
1762 1851 1858 1907 καὶ
1886 1853 1963 1916 ὡς

410 1938 583 2009 πυρὸς
606 1940 697 1993 ὑπ’
727 1941 890 1992 αὑτοῦ
922 1940 1312 2012 δαπανωμένη,
1355 1941 1481 2010 μίαν
1514 1941 1717 2013 ταύτης
1744 1946 1961 2013 ἡγεῖται

405 2029 504 2081 τοῦ
534 2030 734 2094 πάθους
758 2031 1059 2102 ἀναψυχὴν,
1082 2032 1181 2100 τὴν
1212 2034 1481 2085 ἀπώλειαν
1496 2033 1589 2085 τοῦ
1615 2035 1961 2103 μισουμένου.

403 2120 485 2172 Οὐ
520 2121 654 2173 πολὺ
688 2121 748 2173 τὸ
783 2122 841 2173 ἐν
868 2123 1037 2191 μέσῳ,
1070 2124 1160 2175 καὶ
1187 2123 1347 2177 πάλιν
1380 2126 1648 2196 συνέδρια,
1682 2124 1842 2179 πάλιν
1860 2126 1962 2199 ἀρ-

406 2210 610 2279 χόντων
642 2212 734 2264 καὶ
761 2213 1059 2282 ἀρχιερέων
1091 2213 1227 2267 κατά
1257 2215 1350 2267 τοῦ
1384 2214 1558 2269 ἀθώου
1588 2216 1959 2290 βουλευτήρια·

403 2302 435 2352 δ
461 2300 558 2371 μὲν
595 2297 689 2355 οὖν
731 2306 809 2361 είς
838 2304 904 2357 τά
956 2305 1170 2367 Ποσέως
1209 2306 1460 2375 ἐκάθητο,
1504 2306 1600 2377 τὴν
1631 2311 1754 2362 κατ’
1798 2307 1962 2363 αὕτοῦ

368 2392 718 2461 ςσκευωρίαν
747 2391 1117 2462 ὑφορώμενος.
1166 2394 1453 2457 Φώτιοςδέ
1488 2395 1583 2466 τὴν
1638 2397 1759 2451 κατ’
1803 2397 1964 2453 αὑτὸν

408 2480 707 2549 ἐκκλησίαν
737 2484 830 2534 καὶ
859 2484 983 2546 τοὺς
1010 2483 1116 2537 ἀπὸ
1145 2485 1244 2553 τῆς
1280 2486 1495 2556 Ῥώμης
1524 2488 1755 2574 ηκοντας
1784 2488 1964 2544 λαϐὼν

379 2574 807 2643 -τοποτηρητὰς,
843 2575 933 2628 τὸν
968 2575 1108 2647 ἱερὸν
1138 2576 1243 2628 τῶν
1283 2578 1620 2632 Ἀποστόλων
1652 2580 1963 2652 καπιλήφει

407 2661 558 2717 ναόν.
594 2664 851 2735 Παρῆσαν
880 2654 973 2718 καὶ
997 2668 1046 2719 oi
1077 2668 1336 2737 βασιλεῖς,
1375 2667 1624 2740 παρῆσαν
1646 2673 1738 2724 καὶ
1767 2673 1961 2737 πάντες

406 2753 462 2804 οἱ
492 2752 764 2821 ἄρχοντες,
790 2758 884 2809 καὶ
914 2759 1061 2809 πᾶσα
1096 2758 1279 2826 σχεδὸν
1308 2761 1338 2826 ὴ
1370 2760 1519 2823 πόλις
1546 2760 1794 2829 παρῆσαν
1824 2762 1960 2816 ἐκεῖ.

421 2844 638 2913 Ἐπειδὴ
684 2841 774 2897 οὖν
829 2846 1299 2914 συνεληλύθεισᾶν,
1354 2850 1568 2920 πρῶτον
1614 2852 1710 2920 μὲν
1751 2852 1961 2923 Βαάνην

408 2936 788 3003 πραιπόσιτον,
822 2935 910 2988 τὸν
948 2938 1210 3007 Ἀγγορὴν
1255 2940 1695 3011 ἐπικαλούμενον,
1747 2945 1839 2995 καὶ
1870 2943 1963 2996 ἀλ.-

407 3023 534 3086 λους
561 3024 616 3076 δέ
644 3042 793 3084 τινας
820 3028 1267 3097 ἐξουθενημένους
1302 3030 1601 3099 Ῥωμαίους
1627 3033 1758 3102 πρὸς
1793 3032 1962 3101 Ἰγνά-

407 3130 525 3166 τιον
558 3117 1001 3187 ἀποκρισιαρίου;
1050 3100 1501 3189 προχειρίζονται.
1549 3120 1612 3174 Οἳ
1644 3100 1737 3176 καὶ
1782 3100 1960 3193 παρα-

408 3205 694 3274 γενόμενοι
714 3245 729 3269 ,
780 3206 841 3257 Ἦ
876 3207 1104 3276 μεγάλη,
1136 3210 1285 3274 φασὶ,
1309 3208 1403 3260 καὶ
1432 3208 1553 3278 ίερά
1577 3210 1789 3273 σύνοδος
1813 3213 1965 3266 καλεῖ

411 3309 475 3346 σε
502 3294 637 3362 πρὸς
677 3294 907 3362 ἑαυτήνο
939 3294 1059 3346 ἑλθέ
1104 3297 1286 3363 τάχιον
1326 3295 1792 3366 ἀπολογησόμενος
1831 3298 1963 3366 πρὸς

412 3382 484 3435 τὰ
513 3382 734 3445 δικαίως
761 3382 792 3453 ἢ
821 3381 1021 3445 ἀδίκως
1070 3382 1439 3453 θρυλλούμενα
1487 3385 1627 3447 κατὰ
1662 3384 1774 3438 σοῦ.
1813 3386 1870 3438 Ὀ
1906 3385 1964 3438 δὲ

414 3473 703 3541 μακάριος,
732 3473 956 3536 Εῐπατε,
985 3473 1171 3543 φησὶν,
1204 3473 1359 3539 ἀξιῶ,
1388 3474 1501 3538 πῶς
1530 3475 1854 3546 ἐλεύσομαι,
1893 3475 1967 3538 ὡς

412 3563 728 3624 ἐπίσκοπος,
759 3563 791 3633 ἢ
825 3563 1021 3633 ἱερεὺς,
1048 3564 1080 3633 ἢ
1117 3563 1488 3635 θεραπευτήςς
1521 3567 1583 3618 Oi
1620 3565 1696 3631 δὲ,
1733 3565 1806 3637 μὴ
1833 3565 1967 3619 sibi-

413 3669 503 3705 ναι
536 3654 586 3703 τί
632 3653 766 3723 πρὸς
810 3654 981 3706 ταῦτα
1031 3654 1417 3723 ἀποκριθῶσιν,
1467 3651 1645 3709 εἷπον·
1687 3655 1844 3717 Ἀλλά
1872 3655 1968 3709 νῦν

414 3742 666 3806 ἀπιόντες
718 3744 852 3813 πρὸς
899 3744 1026 3805 τοὺς
1077 3744 1519 3808 ἀποστείλαντας,
1568 3743 1789 3815 βεϐαίαν
1832 3746 1967 3800 ἀπό-

414 3850 597 3904 κρισιν
644 3833 799 3896 αὖθις
856 3833 1023 3895 ίόντες
1054 3832 1371 3903 κομιοῦμεν.
1399 3836 1476 3907 Τῇ
1508 3834 1598 3889 οὖν
1625 3837 1882 3908 ἐπαύριον
1918 3837 1967 3891 οι

415 3932 573 3985 αὐτοὶ
624 3931 1074 4003 παραγενόμενοι,
1108 3932 1170 3984 Οί
1210 3930 1574 4002 τοποτηρηταὶ
1603 3928 1700 3999 τῆς
1734 3927 1967 3997 πρεσϐυ-

415 4022 603 4093 τέρας,
638 4023 865 4091 ἔφασαν,
910 4021 1142 4093 Ῥώμης,
1194 4021 1497 4083 Ῥοδόαλδος
1541 4019 1637 4073 καὶ
1678 4017 1967 4089 Ζαχαρίας,

413 4112 483 4164 δι’
515 4112 668 4182 ἡμῶν
699 4114 807 4165 τῶν
847 4112 1080 4175 ἀναξίων
1115 4110 1332 4181 δηλοῦσι
1377 4111 1530 4162 τάδε’
1567 4109 1659 4174 Είς
1684 4109 1782 4177 τὴν
1810 4109 1970 4175 ἀγίαν

413 4206 514 4259 καὶ
538 4206 916 4275 οἱκουμενικὴν
966 4203 1177 4255 σύνοδον
1222 4201 1601 4271 ἀνυπερθέτως
1644 4201 1968 4268 ἀπάντησον,

416 4295 493 4358 ὡς
518 4294 629 4364 ἔχει
661 4313 755 4348 σου
774 4297 814 4365 ,ἡ
848 4294 1169 4363 συνείδησις.
1202 4292 1373 4354 Εὐθὺς
1404 4286 1497 4344 οὖν
1525 4290 1626 4362 τὴν
1661 4290 1973 4361 ἀρχιερατι-

2074 492 2280 554 nullam
2306 508 2338 548 a
2370 492 2704 562 principibus
2732 495 2955 550 salutem
2988 507 3333 568 exspectans,
3360 500 3616 569 implora-

2068 581 2179 635 bat.
2206 580 2339 635 Nam
2366 580 2462 647 illi,
2496 580 2585 634 ubi
2622 580 2764 638 hunc
2803 586 2966 639 tantis
2999 588 3317 655 oppressum
3379 587 3536 642 malis
3565 595 3621 643 et

2065 673 2322 727 erumnis
2358 670 2720 736 audiverunt,
2772 682 2979 731 tantum
3042 677 3191 732 abest
3241 686 3297 731 ut
3351 678 3618 747 dolerent,

2065 763 2145 817 vel
2183 761 2436 831 amictum
2473 762 2796 825 solarentur,
2838 772 2897 817 ut
2932 766 3151 821 moleste
3199 768 3362 821 etiam
3392 767 3615 834 ferrent,

2064 868 2186 907 eum
2220 868 2329 907 non
2362 868 2484 906 cum
2511 851 2823 908 domesticis
2853 856 2965 910 suis
2997 856 3279 912 barbarica
3310 859 3361 912 vi
3397 870 3615 929 captum

2064 943 2372 997 interiisse:
2405 956 2511 995 non
2554 940 2724 1011 magis
2772 940 2877 995 laeti
2929 943 2993 997 de
3046 945 3406 1013 interemptis,
3454 942 3619 1015 quam

2064 1020 2244 1089 tristes
2283 1036 2350 1087 de
2375 1032 2547 1086 salute
2575 1030 2706 1100 justi
2742 1031 2990 1086 viventis.
3021 1033 3172 1097 Quod
3204 1036 3401 1091 mirum
3445 1036 3619 1091 videri

2062 1140 2169 1178 non
2185 1125 2375 1179 debet:
2401 1138 2551 1177 mens
2570 1122 2711 1175 enim
2728 1122 2869 1174 omni
2890 1121 3153 1178 charitate
3173 1124 3444 1192 destituta,
3468 1126 3622 1181 odio-

2062 1230 2166 1284 que
2195 1215 2409 1283 penitus
2441 1213 2662 1275 imbuta,
2690 1212 2836 1265 velut
2858 1212 2981 1281 igue
3009 1214 3250 1281 subjecto
3273 1228 3618 1286 consumpta.

2062 1306 2178 1373 ejus
2204 1320 2361 1374 quem
2396 1304 2531 1368 odit,
2567 1304 2816 1369 exitium,
2868 1305 3085 1359 unicum
3143 1314 3295 1375 putat
3353 1308 3479 1361 mali
3535 1307 3622 1363 sui

2061 1394 2439 1457 levamentum.
2468 1394 2574 1450 Nec
2607 1395 2836 1449 multum
2865 1396 3124 1465 temporis
3152 1396 3330 1460 ﬂuxit,
3382 1407 3439 1451 ct
3493 1414 3623 1452 rur-

2063 1501 2182 1540 sum
2209 1487 2584 1551 conciliabula,
2628 1502 2820 1541 rursus
2869 1488 3175 1557 principum
3214 1497 3267 1542 et
3308 1489 3621 1557 pontificum

2063 1576 2324 1633 adversus
2378 1588 2624 1635 sanctum
2674 1580 3070 1634 conventicula.
3143 1582 3321 1650 Atque
3381 1581 3621 1650 Iguatius

2062 1652 2279 1735 quidem
2316 1669 2371 1726 in.
2402 1668 2605 1722 aedibus
2633 1667 2834 1723 Poseos
2858 1670 3193 1733 morabatur,
3219 1671 3624 1739 insidiosasque

2064 1766 2249 1812 contra
2279 1773 2335 1811 se
2357 1759 2782 1815 machinationes
2812 1762 3153 1815 observabat.
3187 1761 3413 1816 Photius
3439 1770 3621 1816 autem

2066 1866 2189 1905 cum
2234 1865 2329 1903 sua
2380 1833 2630 1911 factione,
2688 1859 2741 1903 et
2795 1852 2975 1905 missis
3033 1852 3099 1905 ab
3151 1853 3281 1907 urbe
3348 1853 3622 1921 pontiﬁcis

2068 1942 2273 2006 legatis,
2305 1956 2515 1995 sacram
2544 1942 2929 2010 Apostolorum
2959 1945 3123 1996 aedem
3151 1952 3461 2013 occuparat.
3490 1945 3624 1998 Adc-

2069 2042 2194 2086 rant
2248 2033 2620 2100 imperatores,
2652 2033 2872 2086 aderant
2905 2042 2957 2086 et
2996 2035 3265 2102 principes
3297 2036 3500 2098 cuncti,
3530 2043 3617 2089 to-

2068 2132 2227 2187 taque
2253 2138 2417 2191 prape
2461 2122 2650 2175 civitas
2700 2122 3050 2176 conﬂuxerat.
3107 2122 3432 2191 Frequentes
3489 2138 3622 2193 ergo

2062 2218 2189 2269 cum
2221 2216 2494 2275 adessent,
2524 2214 2755 2279 primum
2784 2213 3014 2266 Baanem
3047 2215 3393 2281 praepositum
3419 2230 3621 2282 cogno-

2071 2318 2253 2364 mento
2288 2308 2581 2374 Angoram,
2619 2304 2863 2372 aliosque
2894 2304 3186 2357 nonnullos
3244 2320 3307 2357 ex
3342 2304 3624 2357 vilioribus

2068 2396 2355 2457 Romanis,
2404 2393 2781 2462 apocrisiarius
2811 2392 2877 2445 ad
2908 2392 3167 2459 lgnatium
3196 2392 3484 2445 destinant.
3520 2391 3625 2460 Qui

2069 2502 2251 2543 coram
2287 2486 2510 2555 lgnatio,
2542 2482 2752 2552 Magna,
2795 2482 3065 2551 inquiunt,
3101 2491 3154 2535 et
3187 2496 3337 2533 sacra
3371 2482 3609 2551 synodus

2069 2591 2119 2635 te
2142 2580 2292 2635 citat.
2332 2577 2742 2646 Quamprimum
2773 2590 2901 2643 ergo
2932 2574 3082 2638 ades,
3122 2588 3342 2626 causam
3380 2573 3445 2626 de
3467 2573 3621 2640 obje-

2065 2674 2168 2727 ctis
2206 2673 2300 2724 tibi
2323 2671 2437 2725 sive
2463 2669 2626 2731 veris,
2656 2669 2769 2720 sive
2793 2665 2944 2719 falsis
2974 2665 3295 2719 criminibus
3347 2665 3618 2717 dicturus.

2067 2760 2165 2815 Hic
2203 2761 2391 2814 beatus
2430 2758 2649 2826 :Agite,
2698 2756 2899 2824 inquit,
2944 2757 3191 2817 obsecro,
3236 2757 3511 2823 quomodo
3533 2770 3628 2807 ve-

2068 2846 2254 2901 niam?
2284 2861 2352 2898 an
2389 2853 2446 2898 ut
2476 2844 2779 2913 episcopus,
2804 2858 2871 2895 an
2904 2840 3265 2904 sacerdos,'au
3289 2841 3623 2895 monachus?

2066 2937 2143 2991 llli
2180 2937 2445 2990 haerentes
2485 2951 2499 2987 :
2538 2933 2713 2992 Nunc,
2747 2932 3020 2999 inquiunt,
3071 2932 3307 2995 abimus,
3334 2947 3455 2987 cras
3479 2932 3543 2984 ad
3572 2940 3625 2985 te

2067 3038 2211 3082 certa
2242 3026 2479 3079 relaturi.
2510 3015 2776 3076 Postridie
2820 3024 2986 3091 igitur
3016 3022 3176 3074 iidem
3218 3023 3421 3075 reversi
3473 3036 3487 3073 :
3518 3020 3627 3075 Le-

2064 3121 2192 3189 gati,
2232 3118 2503 3188 inquiunt,
2537 3115 2734 3168 veteris
2786 3112 2970 3167 Romw
2994 3152 3009 3177 ,
3070 3112 3414 3166 lihodoaldus
3444 3120 3498 3165 et
3521 3112 3626 3167 Za-
3664 3144 3667 3145 ν

2064 3206 2301 3269 charias,
2336 3219 2431 3274 per
2452 3218 2552 3257 nos
2578 3202 2829 3270 indignos
2850 3203 2960 3255 haec
2988 3202 3240 3254 nuntiant
3264 3201 3377 3266 tibi,
3403 3203 3485 3255 uti
3506 3201 3625 3254 sine

2065 3311 2213 3350 mora
2233 3295 2298 3349 ad
2328 3303 2568 3348 sanctam
2594 3303 2647 3347 et
2691 3292 3082 3346 (ecutnenicam
3133 3292 3398 3361 synodum
3448 3291 3621 3354 adsis,

2067 3396 2126 3441 ut
2154 3394 2241 3439 tua
2270 3383 2602 3439 conscientia
2635 3383 2726 3435 tibi
2762 3383 2949 3435 dictat.
3014 3379 3153 3449 Ergo
3187 3382 3494 3451 (lgnatius)
3528 3398 3625 3436 ex-

2067 3477 2267 3545 templo
2300 3489 2513 3529 sacrum
2544 3473 2867 3542 patriarchae
2918 3483 3169 3525 ornatum
3220 3474 3460 3535 indutus,
3501 3488 3624 3527 cum

2067 3571 2336 3640 episcOpis
2359 3577 2409 3621 et
2432 3566 2600 3629 clero,
2633 3578 2936 3633 magnaque
2967 3563 3343 3631 religiosorum
3374 3562 3628 3631 frequen-

2067 3663 2162 3726 tia,
2214 3659 2521 3725 civiumque
2573 3671 2842 3710 concursu
2872 3664 2925 3708 et
2970 3654 3250 3716 comitatu,
3296 3654 3437 3707 viam
3469 3657 3634 3721 pedes

2067 3752 2367 3819 ingressus,
2399 3763 2521 3801 cum
2554 3746 2620 3799 ad
2656 3747 2824 3799 aedem
2857 3745 3035 3799 sancti
3070 3743 3311 3814 Gregorii
3347 3742 3627 3811 Theologi,

2067 3844 2157 3898 ubi
2189 3857 2321 3903 crux
2346 3840 2399 3893 in
2450 3837 2618 3891 media
2654 3836 2859 3903 publica
2890 3836 2971 3887 via
3015 3849 3334 3889 marmoreae
3364 3836 3630 3889 columnis

2070 3928 2323 4001 imposita
2377 3938 2479 3993 est,
2528 3928 2786 3991 venisset,
2836 3924 3071 3983 Joannes
3118 3925 3397 3992 patricius,
3453 3924 3630 3979 Coxes

2070 4031 2446 4093 nuncupatus,
2507 4020 2581 4072 illi
2639 4006 2907 4082 occurrit;
2966 4032 3132 4085 seque
3183 4016 3251 4070 ab
3300 4018 3630 4086 imperatore

2072 4118 2299 4177 missum
2334 4113 2503 4177 dicit;
2536 4125 2599 4163 ac
2636 4110 2737 4163 nisi
2772 4110 2979 4177 privata
3014 4117 3067 4160 et
3108 4107 3305 4160 usitata
3367 4106 3626 4159 monachi

2071 4214 2223 4257 veste
2267 4200 2528 4271 prodiret,
2567 4198 2616 4250 ei
2642 4196 2849 4264 capitis
2879 4193 3175 4263 periculum
3215 4206 3276 4271 ac
3304 4191 3626 4261 supplicium

2029 4297 2032 4300 ’
2074 4268 2375 4345 imminere.
2406 4289 2563 4341 Paret
2602 4286 2684 4337 vir
2740 4294 2983 4346 sanctus,
3032 4268 3348 4352 synodoque
3398 4280 3626 4332 sistitur.

416 4388 522 4458 κὴν
554 4387 742 4457 στολὴν
772 4388 975 4449 ἐκεῖνος
1010 4386 1387 4455 ἐνδυσάμενος,
1421 4382 1515 4436 σὺν
1543 4382 1857 4444 ἐπισκόποις
1876 4380 1966 4433 καὶ

2074 4379 2523 4452 Apponuntduos
2555 4389 2716 4443 supra
2762 4373 3098 4441 septuaginta
3148 4373 3397 4439 perjuros
3444 4378 3629 4435 testes,

416 4477 829 4547 πρεσϐυτέροις,
879 4477 974 4529 καὶ
1002 4475 1192 4546 πλήθει
1251 4473 1427 4543 πολλῷ
1484 4470 1730 4542 μοναχῶν
1772 4487 1832 4525 τε
1877 4472 1971 4524 καὶ

416 4566 644 4631 λαῖκῶν,
674 4566 838 4637 ἀπῄει
863 4552 1197 4635 πεζοπορῶν.
1221 4565 1453 4635 Πλησίον
1476 4564 1532 4617 δέ
1560 4561 1651 4616 τοῦ
1682 4560 1805 4617 ναοῦ
1829 4562 1974 4633 Γρη-

419 4659 607 4728 γορίου
645 4661 737 4711 τοῦ
781 4659 1062 4727 Θεολόγου,
1098 4659 1229 4710 ὅπου
1263 4656 1492 4727 σταυρὸς
1541 4657 1619 4709 ἐν.
1649 4654 1975 4727 μαρμαρίνῳ

422 4755 564 4805 κίονι
608 4751 750 4804 κατὰ
778 4751 941 4821 μέσον
967 4749 1332 4819 ἀνεστήλωται
1363 4749 1456 4818 τῆς
1486 4748 1783 4819 λεωφόρου,
1822 4764 1977 4817 γενο-

425 4843 593 4914 μένῳ,
635 4843 884 4912 Ἰωάννης
917 4843 1223 4910 πατρίκιος,
1266 4844 1293 4892 ό
1324 4840 1501 4910 Κόξης
1528 4839 1835 4910 λεγόμενος,
1870 4839 1977 4892 ἀπ-

422 4934 658 5005 ήντησεν
691 4931 858 5004 αὐτῷ,
883 4932 1054 5000 λέγων
1082 4934 1189 4985 ἀπὸ
1220 4930 1310 4982 τοῦ
1342 4928 1603 4999 βασιλέως
1622 4928 1975 4992 ἀπεστάλθαι,

423 5026 523 5077 καὶ
558 5024 817 5087 ἀπειλῶν,
848 5023 924 5085 ὡς
954 5024 1002 5075 εί
1038 5022 1111 5092 μὴ
1142 5019 1464 5088 παγανεύων
1507 5020 1563 5070 ἐν
1591 5019 1867 5089 μοναχικῷ
1904 5018 1977 5087 τῷ

421 5114 647 5184 συνήθει
693 5105 927 5186 σχήματι
958 5096 1226 5184 προέλθοι,
1257 5111 1483 5164 θάνατον
1511 5109 1851 5182 ἐπηρτῆσθαι
1880 5110 1979 5180 τὴν

421 5207 648 5276 ζημίαν.
683 5209 747 5260 Ὀ
780 5209 872 5261 καὶ
921 5206 1255 5275 πεποιηκότα
1309 5203 1399 5256 τὸν
1450 5202 1692 5271 ἀοίδιμον
1740 5202 1817 5270 τῷ
1852 5219 1977 5255 συν-

422 5296 587 5367 εδρίῳ
610 5300 1037 5367 παρεστήσαντο.
1072 5298 1182 5349 Καὶ
1209 5295 1272 5366 δὴ
1304 5294 1723 5363 παριστάνουσιν
1751 5293 1979 5364 ἐϐδομή-

422 5404 591 5443 κοντα
637 5390 727 5442 καὶ
770 5387 862 5441 δύο
907 5389 1377 5459 ψευδομάρτυρας,
1411 5384 1501 5447 οὒς
1527 5386 1590 5438 ἐκ
1619 5383 1812 5438 πολλοῦ
1848 5403 1979 5457 προσ

422 5472 814 5550 ητοιμάσαντο,
840 5480 1153 5546 ἀνθρώπους
1184 5478 1397 5539 ἀσεϐεῖς
1433 5478 1657 5538 πάντας,
1692 5476 1977 5545 ἀγελαίους

422 5573 522 5625 καὶ
549 5570 962 5641 συγκλητικοὺς,
994 5564 1068 5623 ῶν
1100 5573 1283 5640 ἡγεῖτο
1313 5568 1464 5623 Λέων
1515 5568 1804 5636 πατρίκιος
1834 5568 1977 5619 ἐκεῖο

421 5678 538 5728 νος,
575 5659 603 5713 ὁ
628 5658 901 5733 Κρητικὸς
927 5657 1346 5730 ὀνομαζόμενος,
1387 5657 1481 5711 καὶ
1514 5655 1855 5720 Θεοδοτάκιος
1878 5670 1977 5706 πα-

2075 4490 2211 4543 quus
2241 4472 2352 4541 jam
2402 4468 2526 4521 olim
2579 4466 2771 4533 impios
2804 4478 2989 4516 omnes
3023 4466 3402 4521 subornaraut,
3441 4474 3629 4529 grega-

2076 4564 2364 4632 riosjuxta
2396 4573 2459 4612 ac
2507 4556 2851 4617 senatorios;
2910 4566 3141 4620 quorum
3197 4550 3305 4604 dux
3358 4558 3475 4607 erat
3527 4547 3635 4599 Leo

2076 4653 2333 4726 patricius
2359 4656 2711 4717 cognomento
2745 4643 3012 4705 Creticus,
3046 4650 3100 4693 et
3142 4638 3439 4693 secundum
3479 4638 3633 4689 illum

2077 4740 2472 4798 Theodotacius
2496 4740 2623 4790 item
2643 4734 2926 4803 patricius,
2947 4731 3033 4783 cui
3061 4738 3114 4784 et
3146 4729 3369 4799 perjurii
3400 4730 3629 4795 pretium

2078 4832 2320 4905 magistri
2353 4830 2591 4897 dignitas
2637 4826 2814 4878 delata
2845 4833 2950 4877 est.
2995 4820 3089 4875 llis
3123 4822 3359 4886 reliquos
3387 4834 3450 4870 ex
3493 4832 3629 4867 uno-

2076 4936 2289 4993 quoque
2321 4920 2487 4988 gradu
2517 4925 2771 4983 sorteque
2798 4914 2877 4966 vel
2899 4911 3217 4965 deterrimos
3245 4908 3628 4975 adiunxerunt.

2077 5014 2258 5079 Neque
2289 5009 2385 5061 hos
2420 5014 2647 5065 tantum,
2676 5004 2768 5056 sed
2806 5017 2940 5069 quos
2968 4998 3287 5065 dibaptistas
3320 4993 3631 5061 appellitaut

2078 5102 2378 5158 hatreticos.
2412 5101 2607 5167 Atque,
2649 5105 2705 5149 ut
2727 5095 2798 5148 ita
2839 5094 3034 5153 dicam,
3064 5105 3139 5151 ex.
3168 5088 3312 5140 omni
3346 5085 3624 5157 hominum

2079 5198 2206 5248 faece
2234 5200 2287 5244 ct
2311 5189 2538 5243 colluvie
2568 5187 2908 5255 turpissimos
2937 5195 3179 5249 quosque
3236 5175 3629 5243 nequissimos-

2079 5300 2181 5354 que
2211 5296 2345 5335 auro
2381 5280 2812 5349 dignitatumque
2842 5267 3323 5343 pollicitationibus
3354 5266 3623 5325 inductos,

2079 5370 2391 5440 singillatim
2452 5368 2843 5437 produxerunt,
2903 5362 2994 5431 qui
3043 5356 3210 5423 jurati
3278 5362 3625 5414 testarentur,

2076 5464 2365 5535 Ignatium,
2406 5460 2497 5530 qui
2537 5456 2839 5528 patriarcha
2868 5454 2976 5523 jam
3029 5451 3203 5503 fuerat
3249 5459 3420 5500 annos
3461 5458 3641 5525 ριηορυΔ

2076 5553 2380 5618 duodecim,
2416 5566 2521 5605 non
2556 5551 2655 5604 rite
2686 5556 2739 5601 et
2776 5546 2963 5600 ordine
2989 5548 3257 5603 creatum,
3309 5537 3623 5590 cathedram

2078 5644 2329 5703 Ecclesiae
2355 5655 2668 5714 occupasse.
2721 5636 2860 5705 Quid
2903 5648 3028 5690 vero
3057 5632 3237 5690 stolidi
3269 5630 3458 5684 horum
3483 5624 3628 5696 judi-
