3934 6316
534 265 639 329 519

1705 265 1991 326 NICETXE
2030 263 2548 325 PAPHLAGONIS

3636 265 3748 330 520

531 395 641 439 ces,
677 378 730 429 in
755 391 975 446 quorum
1009 361 1246 428 inanibus
1276 375 1578 444 iniquitates
1612 388 1752 443 sunt,
1785 390 1833 432 et
1866 381 2078 432 dextera

2196 379 2390 449 ερίκιος
2423 381 2538 449 μετ’
2568 378 2750 444 αὑτὸν,
2778 370 2821 446 ᾧ
2847 376 2939 430 καὶ
2968 379 3064 446 τῆς
3107 378 3384 447 ἐπιορκίας
3423 377 3609 448 μισθὸν
3637 382 3738 449 τὴν

529 485 708 521 eorum
727 467 918 535 repleta
945 476 1018 519 est
1046 465 1384 520 muneribus?
1413 466 1549 530 Quid
1571 473 1765 522 contra
1786 470 2081 545 perjurium

532 560 637 612 hoc
660 559 1054 612 decreverunt?
1080 556 1433 611 'l'ricesimum
1462 559 1642 612 subito
1676 575 1934 613 canonem
1961 560 2085 613 sub-

527 654 742 720 jiciunt,
780 651 868 718 qui
904 649 983 703 sic
1038 650 1194 702 habet
1229 667 1240 702 :
1275 647 1332 701 Si
1363 650 1477 718 quis
1519 650 1783 717 episcopus
1813 649 2085 702 surculari”-

533 742 624 793 bus
656 740 997 810 potestatibus
1043 755 1186 800 usus,
1218 753 1307 804 per
1344 740 1482 806 ipsos
1519 739 1804 792 Ecclesium
1841 739 2084 804 obtineat,

530 835 819 898 deponatur
845 832 940 902 (6).
983 830 1133 896 Quod
1167 840 1342 883 autem
1402 833 1648 900 sequitur
1691 833 1743 884 in
1776 833 1958 886 eodem
1995 846 2085 884 ca-

529 928 680 991 pite:
722 934 776 976 ut
834 934 880 976 et
932 940 1102 976 onmer
1165 925 1602 976 communicantes
1649 940 1764 976 cum
1811 923 1924 987 illo,
1980 932 2081 976 etc.

531 1016 864 1069 fraudulenti
906 1015 1174 1067 malitiose
1215 1022 1521 1068 tacuerunt.
1583 1017 1875 1082 Oportebat
1919 1015 2082 1076 enim,

531 1107 792 1173 siquidem
826 1119 921 1171 pro
977 1103 1256 1156 sanctione
1309 1105 1602 1173 apOSIolica
1658 1104 2082 1171 propugnabant,

530 1212 657 1248 non.
684 1205 911 1264 partem,
945 1195 1042 1248 sed
1064 1204 1253 1262 totum
1286 1209 1543 1247 canonem
1575 1195 1867 1246 observare
1895 1209 1906 1244 :
1940 1200 1994 1244 et
2033 1194 2079 1247 si

528 1287 931 1340 accusationem
979 1285 1350 1348 admisissent,
1387 1293 1443 1338 ut
1475 1283 1755 1352 lgnatium,
1786 1283 1856 1335 ita
1899 1283 2085 1336 abillo

531 1374 792 1438 initiatos,
827 1384 882 1429 et
905 1390 1030 1429 cum
1063 1375 1153 1427 illo
1188 1374 1648 1427 communicantes
1682 1383 2032 1426 exauctorare
2066 1393 2078 1427 :
2108 1412 2114 1414 -

2188 470 2342 533 ἀξίαν
2375 470 2672 538 μαγίστρου
2701 469 3063 538 προετείνατο.
3110 468 3222 536 Ἐφ’
3250 463 3326 530 οἷς
3356 471 3445 521 καὶ
3475 471 3599 530 τοὺς
3628 472 3738 521 λοι-

2188 562 2323 622 ποὺς
2370 560 2492 636 ἀφ’.
2511 559 2736 610 ἑκάστου
2785 558 2992 627 βαθμοῦ
3042 557 3135 610 καὶ
3185 558 3277 609 τοῦ
3311 559 3742 611 καταδεεστάτου

2193 651 2410 702 πάντων
2446 647 2841 717 συλλεξάμενοι,
2891 649 2949 700 ού
2999 649 3153 716 μόνον
3185 649 3261 712 δέ,
3311 648 3442 699 ἀλλὰ
3490 651 3583 702 καὶ
3626 650 3742 702 ἀπὸ

2186 741 2293 791 τῶν
2329 739 2634 807 λεγομένων
2666 738 3051 801 διϐαπτιστῶν,
3106 739 3200 790 καὶ⁵
3251 738 3357 791 ἀπὸ
3392 740 3592 800 παντὸς
3614 783 3627 805 ,
3670 740 3747 802 ὡς

2186 830 2376 890 εἰπεῖν,
2410 829 2682 896 τάγματος
2719 828 2841 888 τοὺς
2870 827 3177 895 αἰσχίστους
3236 828 3329 878 καὶ
3367 830 3747 895 μιαρωτάτους

2186 921 2290 972 τῶν
2316 919 2614 988 ἀνθρώπων
2657 917 2856 986 χρυσοῦ
2887 935 2944 969 τε
2991 919 3084 970 καὶ
3121 919 3441 987 ἀξιωμάτων
3475 920 3745 989 ἐξαγορα-

2174 1013 2430 1079 ·σάμενοι,
2487 1009 2584 1060 ἐνα
2652 1008 2769 1059 καθ’
2817 1009 2914 1059 ἕνα
2961 1009 3254 1078 προσῆγον,
3310 1008 3626 1078 ὀμνύοντας.
3673 1009 3748 1071 ὡς

2196 1103 2255 1156 '0
2271 1102 2571 1169 δωδεκαετῆ
2597 1099 2789 1169 μικροῦ
2812 1100 2918 1152 δεῖν
2936 1101 3120 1168 χρόνον
3141 1097 3565 1168 ἀρχιερατεύσας
3591 1097 3751 1164 Ἰγ·.ἀ-

2185 1209 2294 1253 τιος
2323 1191 2639 1258 ἀψηφίστως
2673 1190 3083 1260 χειροτονηθεὶς,
3123 1191 3390 1257 ἐκράτησε
3426 1188 3526 1255 τῆς
3557 1187 3748 1256 ἐκκλη-

2187 1281 2324 1342 σίας.
2365 1281 2427 1330 Τί
2461 1275 2552 1332 οῦν
2580 1282 2626 1332 οί
2659 1280 2875 1348 μάταιοι
2904 1278 3008 1330 τῶν
3048 1276 3299 1330 τοιούτων
3329 1277 3531 1346 κριταὶ,
3563 1270 3648 1327 ὧν
3679 1276 3749 1326 ἐν

2186 1370 2396 1439 χερσὶν
2413 1373 2469 1423 αἱ
2489 1370 2747 1437 ἀνομίαι,
2773 1363 2858 1424 ὧν
2877 1369 2914 1434 ἡ
2939 1369 3104 1431 δεξιὰ
3128 1361 3324 1421 αὐτῶν
3343 1368 3620 1435 ἐπλήσθη
3641 1367 3749 1421 δὼ-

531 1466 727 1534 sicque
776 1465 830 1518 in
885 1466 1144 1534 operibus
1195 1479 1449 1517 manuum
1505 1478 1726 1517 suarum
1777 1473 2085 1531 peccatores

2196 1478 2338 1526 οων;
2374 1463 2423 1513 τί
2453 1453 2595 1514 οῦτοι
2626 1461 2757 1529 πρὸς
2791 1460 2886 1527 τὴν
2919 1459 3242 1529 ψευδορκίαν
3281 1458 3484 1527 ταύτην
3544 1460 3747 1511 ἀνθυπ-

533 1553 814 1606 manifeste
843 1551 1160 1620 deprehensi
1196 1560 1395 1604 essent.
1432 1551 1629 1605 Contra
1655 1551 1746 1620 jus
1771 1564 1950 1619 autem
1979 1551 2088 1607 fas-

528 1655 634 1708 que
658 1639 1029 1700 decernentes,
1063 1639 1164 1691 hoc
1209 1641 1629 1706 pronuntiarunt
1662 1649 1892 1707 tantum,
1942 1641 2081 1709 quod

2186 1555 2453 1622 ήνεγκαν;
2487 1552 2588 1605 Τὸν
2606 1552 2922 1620 τριακοστὸν
2948 1550 3103 1610 εὐθὺς
3119 1548 3616 1616 ύπαναγινώσκουσι
3645 1566 3748 1613 κα,-

2186 1643 2347 1707 νόνα,
2383 1644 2451 1697 ΕΖ
2483 1660 2570 1707 τις
2623 1642 2972 1706 ἐπίσκοπος,
3021 1641 3263 1707 λέγοντα,
3309 1639 3618 1707 κοσμικοῖς
3657 1640 3752 1706 ἄρα

531 1744 634 1804 pro
665 1730 793 1796 ipsis
815 1729 879 1782 ad
896 1730 1251 1782 evertendam
1279 1730 1546 1798 lgnatium
1574 1731 1641 1784 ab
1665 1730 1768 1785 illis
1791 1732 1906 1784 sine
1924 1747 2083 1786 causa

2196 1751 2366 1803 χουσι
2377 1735 2770 1802 χρησάμενος,
2795 1732 2866 1784 δι’
2894 1731 3090 1784 αὐτῶν
3103 1731 3394 1801 ἐγκρατὴς
3417 1732 3748 1800 ἐκκλησίας

530 1819 738 1882 laesum,
779 1819 1030 1872 faciebat.
1071 1819 1227 1884 Quod
1255 1830 1431 1874 autem
1465 1822 1718 1889 sequitur
1768 1823 1821 1875 in
1852 1837 2082 1886 canone,

531 1927 639 1977 quo
672 1911 743 1962 illi
773 1911 870 1978 ipsi
903 1910 1076 1962 eidem
1119 1910 1479 1978 subjiciuntur
1509 1909 1774 1974 Censura,
1827 1913 2086 1966 dissimu-

533 2000 713 2052 larunt
741 2018 754 2050 :
790 2000 838 2052 id
881 1999 1024 2067 quod
1053 2000 1160 2054 illis
1192 2001 1494 2055 tacentibus
1525 2012 1828 2071 opportune
1854 2005 2086 2070 patriar-

531 2090 632 2141 cha
657 2090 769 2156 ipse
788 2091 1158 2144 succlamavit.
1190 2092 1230 2142 Ο
1253 2091 1682 2159 improbitatem!
1717 2108 1748 2146 ο
1773 2095 2084 2162 stuporeml

530 2175 664 2240 Quis
688 2177 828 2228 enim
860 2177 1074 2244 ignorat
1120 2179 1382 2246 lgnatium
1437 2181 1809 2250 episcomrum
1843 2183 2087 2238 omnium

531 2265 756 2319 calculis
789 2277 845 2319 et
895 2268 1060 2348 totius
1091 2268 1273 2336 populi
1309 2270 1571 2337 applausu
1608 2271 1842 2340 legitime
1867 2274 2092 2326 canoni-

533 2368 703 2423 ceque
723 2367 966 2410 creatum
1001 2358 1168 2413 fuisse
1205 2377 1219 2411 :
1268 2360 1444 2428 ipsum
1489 2369 1669 2415 autem
1713 2361 1961 2424 Photium
1994 2379 2089 2434 po-

530 2443 652 2510 tius,
687 2447 753 2497 ab
783 2458 1063 2501 exsecrato
1102 2448 1292 2530 (larda,
1340 2461 1392 2505 et
1434 2451 1781 2508 saecularibus
1825 2464 2091 2530 armatum

530 2534 886 2603 principibus,
906 2547 1092 2591 contra
1119 2520 1283 2607 ieges,
1306 2542 1586 2610 magisque
1613 2557 1707 2611 per
1727 2520 2086 2613 tyrannidem,

533 2639 696 2690 quam
753 2627 1175 2681 ecclesiasticum
1240 2631 1425 2696 ritum,
1481 2634 1730 2686 thronum
1783 2634 2093 2689 invasisse?

532 2709 637 2764 Sed
670 2727 775 2766 non
821 2712 1204 2784 cognoverunt,
1261 2734 1436 2787 neque
1486 2720 1888 2787 intellexerunt,
1918 2725 2008 2793 qui
2036 2725 2092 2780 in

534 2802 774 2856 avaritia:
800 2810 857 2857 et
883 2806 1195 2860 ambitionis
1220 2809 1459 2863 tenebris
1488 2811 1790 2876 ambulant,
1815 2827 1873 2867 se
1897 2813 2086 2867 iisdem

533 2892 885 2946 consiliorum
914 2895 1143 2963 laqueis,
1172 2911 1309 2964 quos
1343 2898 1462 2952 aliis
1487 2909 1827 2967 paraverant,
1846 2917 2091 2971 compre-

540 2980 722 3035 hendL

2188 1824 2427 1894 γένηται
2449 1863 2462 1887 ,
2496 1823 2903 1889 καθαιρείσθω.
2935 1823 3007 1874 Τὸ
3045 1822 3170 1891 ἑξῆς
3207 1823 3261 1875 δὲ
3289 1822 3382 1875 τοῦ
3429 1822 3747 1890 κεφαλαίου,

2188 1917 2267 1969 ὅτι
2286 1916 2391 1969 Kal
2413 1918 2467 1968 oi
2486 1914 2912 1979 κοινωνοῦντες
2929 1915 3086 1978 αὐτῷ
3101 1914 3341 1981 πάντες,
3363 1914 3682 1983 κακούργως
3699 1913 3748 1964 oi

2189 2006 2353 2058 δόλιοι
2382 2006 2835 2075 παρεσιώπησαν·
2875 2005 2982 2057 εδει
3016 2005 3070 2058 δέ
3115 2006 3326 2067 πάντως
3347 2043 3362 2068 ,
3395 2006 3554 2072 εἴπερ
3613 2004 3745 2056 ἀπο-

2191 2097 2432 2149 στολικδν
2465 2095 2625 2163 νόμον
2654 2093 2982 2162 ἠγωνίζοντο
3014 2098 3219 2166 τηρεῖν,
3251 2097 3348 2148 οὐκ
3399 2097 3463 2157 ἐκ
3527 2096 3747 2164 μέρους,

2190 2186 2325 2240 ἀλλὰ
2355 2186 2571 2250 τελείως
2597 2188 2780 2256 τηρεῖν
2800 2202 2813 2215 ·
2846 2186 2939 2238 καὶ
2966 2189 3013 2240 εί
3043 2186 3256 2256 άληθῶς
3284 2182 3428 2255 εἶχεν
3455 2187 3487 2255 ἠ
3515 2202 3752 2253 κατηγο-

2195 2278 2303 2347 ρία,
2333 2277 2520 2348 ὥσπερ
2549 2279 2776 2340 ἐκεῖνον,
2803 2274 2943 2330 οὕτω
2969 2277 3061 2329 καὶ
3092 2277 3217 2339 τοὺς
3247 2277 3338 2328 ὑπ’
3380 2277 3588 2328 ἐκείνου
3640 2293 3753 2345 χει-

2198 2367 2598 2438 ροτονηθέντας,
2627 2365 2720 2418 καὶ
2757 2366 2905 2436 αύτῷ
2944 2368 3391 2436 κοινωνήσαντας,
3431 2365 3746 2434 καθαιρεῖνο

2195 2456 2290 2508 καὶ
2323 2455 2493 2517 οὓτως
2540 2455 2606 2508 ἂν
2641 2449 2697 2506 ἔν
2731 2456 2843 2515 τοῖς
2871 2453 3053 2524 ἔργοις
3084 2453 3191 2504 τῶν
3244 2453 3441 2523 χειρῶν
3483 2453 3662 2504 αὐτῶν
3703 2453 3752 2504 οἱ

2195 2546 2508 2617 ἁμαρτωλοὶ
2571 2544 2756 2613 σαφῶς
2804 2544 3285 2613 συνελαμϐάνοντο.
3327 2543 3658 2596 ’Δδικώτατα
3696 2542 3755 2594 δὲ

2193 2636 2580 2704 διανοούμενοι,
2608 2636 2731 2687 ὅσον
2761 2634 2857 2703 μὲν
2885 2634 3062 2694 αὐτοῖς
3094 2633 3224 2702 πρδς
3262 2629 3461 2700 βλάϐην
3489 2630 3582 2682 τοῦ
3622 2630 3752 2696 παρ’

2195 2725 2372 2778 αὐτῶν
2405 2725 2843 2793 ἐπηρεαζομένω
2875 2722 3165 2786 συνετέλει,
3195 2723 3350 2774 τοῦτο
3381 2721 3751 2789 ἐξεφώνησαν,

2193 2817 2253 2869 τὸ
2285 2816 2408 2886 ἐξῆς
2430 2816 2505 2874 δὲ.
2539 2813 2614 2875 ὡς
2644 2815 2737 2866 καὶ
2767 2811 2962 2873 αὐτοὺς
2996 2813 3061 2881 τῇ
3104 2812 3240 2880 αὐτῇ
3298 2809 3592 2864 ὑποϐάλλον
3631 2811 3750 2860 ἐπι-

2192 2905 2371 2975 τιμία,
2404 2901 2810 2972 κατεκρύψαντο
2833 2917 2845 2930 ·
2879 2900 2907 2952 ὃ
2932 2900 2993 2969 δὴ
3022 2901 3115 2953 καὶ
3144 2902 3170 2953 ὁ
3198 2900 3544 2971 πατριάρχης
3572 2900 3752 2962 αὐτοῖς

2195 2992 2314 3044 τότε
2362 2992 2854 3059 παρασιωπήσασιν
2900 2989 3172 3057 εὐστόχως
3216 2990 3494 3055 ἐπιφωνεῖ.
3543 2989 3606 3039 Ὠ
3654 2987 3762 3057 τῆς

536 3074 870 3143 κακουργίας
888 3078 900 3128 ε
931 3075 976 3127 ὣ
1005 3079 1104 3145 τῆς
1148 3059 1497 3150 σκαιότητοςί
1552 3083 1647 3146 Τίς
1670 3082 1778 3153 γὰρ
1807 3083 1904 3135 οὐκ
1936 3078 2096 3148 οἶδεν,
2138 3083 2212 3146 ὡς
2254 3081 2507 3150 Ἰγνάτιος
2533 3082 2628 3150 μὲν
2652 3080 2816 3150 ψήφῳ
2838 3082 3053 3134 πάντων
3076 3078 3210 3148 ὁμοῦ
3270 3079 3377 3131 τῶν
3432 3079 3758 3147 ἀρχιερέων,

536 3166 632 3218 καὶ
659 3168 756 3236 τῆς
793 3169 1116 3238 Ἐκκλησίας
1147 3173 1272 3242 ὅλης
1304 3176 1604 3228 συναινέσει
1624 3216 1639 3242 ,
1671 3166 1968 3240 κανονικῶς
2034 3177 2131 3229 καὶ
2169 3175 2445 3244 ἐνθέσμως
2504 3173 2946 3244 προκεχείρισται
2966 3189 2979 3202 ·
3014 3172 3174 3233 αὐτὸς
3201 3171 3256 3224 δὲ
3279 3173 3306 3223 ὁ
3330 3171 3527 3232 Φώτιος
3556 3171 3760 3239 μᾶλλον

534 3258 611 3326 τῷ
637 3275 693 3310 τε
717 3258 874 3328 δεινῷ
902 3260 1080 3341 Βά-ρδᾳ
1113 3263 1205 3314 καὶ
1271 3266 1384 3326 τοῖς
1448 3268 1729 3335 κοσμικοῖς
1796 3269 2022 3338 ἄρχουσι
2099 3268 2442 3337 χρησάμενος
2500 3265 2797 3334 συνεργοῖς,
2865 3262 3227 3324 ἀκανονίστως
3281 3261 3373 3314 καὶ
3419 3260 3761 3330 τυραννικῶς

542 3351 738 3418 μᾶλλον
791 3351 824 3418 ἢ
877 3353 1340 3420 ἐκκλησιαστικῶς
1383 3354 1476 3408 τοῦ
1527 3355 1714 3425 θρόνου
1777 3342 2237 3426 καταδράττεταις
2286 3356 2423 3409 Ἀλλ’
2498 3357 2595 3408 οὐκ
2662 3356 2923 3421 ἔγνωσαν,
2991 3353 3108 3406 οὐδὲ
3162 3353 3396 3421 συνῆκαν
3441 3354 3488 3403 οἱ
3533 3352 3612 3422 τῷ
3657 3352 3764 3421 τῆς

540 3443 903 3512 φιλαργυρίας
930 3448 1021 3496 καὶ
1050 3445 1363 3513 δοξομανίας
1395 3447 1566 3518 σκότῳ
1590 3449 2054 3520 διαπορευόμενοι,
2094 3451 2168 3513 ὡς
2195 3453 2250 3504 ἐν
2274 3445 2353 3512 οἷς
2385 3448 2704 3511 διαϐουλίοις
2724 3448 2778 3512 ",
2809 3448 3292 3518 συλλαμϐάνονται.

615 3536 745 3590 Post
773 3539 985 3608 longam
1012 3554 1140 3609 ergo
1171 3543 1456 3596 verborum
1489 3545 1914 3610 altercationem,
1948 3546 2093 3600 labo-

2269 3545 2420 3599 Μετὰ
2453 3545 2652 3615 πολλὴν
2683 3543 2771 3597 οῦν
2804 3542 2900 3612 τὴν
2931 3545 2988 3594 ἐν
3019 3545 3132 3604 τοῖς
3176 3540 3352 3608 λόγοις
3397 3540 3627 3610 ἅμιλλαν
3664 3543 3764 3596 καὶ

539 3641 674 3689 rem,
713 3637 766 3681 et
791 3628 1214 3692 cunctationem,
1245 3630 1356 3683 sola
1380 3630 1654 3699 impotenti
1680 3631 1801 3686 freti
1832 3634 2092 3702 potentia,

539 3717 842 3786 praeterjus
872 3715 1059 3785 fasque
1088 3732 1269 3781 omne,
1293 3719 1589 3788 pontificali
1609 3722 1750 3776 cultu
1781 3736 2019 3791 pannoso
2045 3733 2099 3779 et

541 3809 778 3862 sordenti
830 3811 1004 3877 primo
1055 3809 1218 3881 [pan.
1251 3823 1302 3866 et
1331 3814 1480 3867 sord.
1525 3814 1722 3883 primo,
1756 3824 1869 3869 tum
1902 3811 2094 3884 pentif.

542 3894 729 3966 cultu]
767 3897 1014 3961 induunt,
1051 3913 1349 3967 rursusque
1392 3911 1577 3969 postea
1604 3917 1632 3955 a
1666 3913 1816 3972 tergo
1867 3915 2092 3960 exuunt.

544 3981 675 4036 Erat
708 3996 885 4038 autem
933 3986 1341 4056 hypodiaconus
1393 3989 1610 4057 quidam
1649 3990 1941 4060 Procopius
1993 4008 2094 4046 no-

545 4077 712 4140 mine,
742 4078 811 4131 ab
837 4077 1078 4132 Ecclesia
1107 4079 1349 4147 eiectus;
1383 4081 1580 4148 quippe
1612 4096 1773 4150 quem
1812 4091 1990 4138 mente
2019 4084 2101 4136 in-

544 4183 737 4222 sanum
785 4169 1135 4237 moribusque
1177 4169 1460 4238 profanum
1499 4172 1803 4239 patriarcha
1849 4187 1957 4226 non
2024 4173 2099 4227 ita

545 4260 751 4328 pridem
783 4262 948 4328 gradu
985 4273 1248 4315 moverat.
1284 4261 1383 4317 Hic
1410 4262 1618 4333 primus
1649 4265 1826 4319 ablato
1862 4280 1888 4318 a
1926 4266 2098 4334 patri-

550 4351 714 4403 archa
748 4351 931 4419 pallio.
969 4361 1225 4420 vesteque
1250 4354 1452 4421 reliqua
1478 4368 1652 4418 sacra,
1687 4355 1829 4409 istud
1863 4357 2103 4411 solemne

544 4441 913 4508 proclamabat
948 4461 960 4496 :
1005 4441 1280 4512 Indignus.
1321 4443 1613 4500 Zacharias
1645 4454 1699 4500 et
1724 4445 2094 4512 thodoaldus,

547 4531 902 4598 nonnulliquc
931 4534 1018 4584 alii
1049 4533 1240 4585 nefarii
1265 4534 1510 4587 homines
1545 4536 1683 4590 idem
1718 4535 2098 4601 vociferantes,

547 4621 716 4687 impio
747 4621 964 4673 decreto
1000 4619 1453 4686 suffragabantur.
1511 4621 1656 4685 Quos
1689 4632 1880 4675 tamen'
1915 4638 2100 4680 omnes

547 4710 698 4763 brevi
737 4707 975 4762 caelestis
1029 4708 1267 4761 vindicta
1322 4719 1611 4763 consecuta
1651 4720 1754 4773 est,
1807 4727 1926 4763 cum
1986 4713 2104 4768 illos

548 4800 719 4853 sancti
751 4799 888 4852 vatis
925 4797 1202 4852 Zacharize
1234 4796 1340 4850 falx
1374 4798 1460 4851 illa
1485 4799 1608 4867 jure
1640 4802 1844 4868 optimo
1898 4802 2103 4857 demes-

2201 3637 2434 3707 σπουδὴν
2463 3637 2555 3689 καὶ
2584 3634 2796 3706 τριϐὴν,
2825 3633 2945 3686 κατ’
2974 3633 3163 3685 ούδένα
3189 3632 3533 3701 δικαιοσύνης
3568 3633 3760 3701 νόμον,

2202 3731 2337 3800 μόνῃ
2379 3730 2433 3781 δὲ
2485 3731 2549 3798 τῇ
2585 3727 2800 3817 ἐξουσίᾳ
2858 3725 3101 3796 μανικῶς
3154 3721 3445 3795 χρώμενοι,
3509 3715 3760 3778 ἐνδύουσι

2199 3819 2384 3873 τοῦτον
2418 3819 2614 3888 ίμάτιαρ
2640 3815 2985 3886 ’διερρωγότα
3035 3815 3130 3868 καὶ
3183 3816 3439 3885 ῥυπῶντα
3463 3855 3477 3880 ,
3525 3817 3615 3868 καὶ
3653 3815 3782 3885 τὴν,

2202 3907 2482 3976 ἱερατικὴν
2519 3903 2707 3973 στολὴν
2735 3903 3142 3974 περιϐαλόντες,
3171 3904 3234 3955 ἐκ
3256 3901 3362 3955 τῶν
3387 3902 3609 3956 ὄπισθεν
3646 3906 3757 3957 ἁπ-

2202 3989 2717 4065 αμφιάζουσιν.’Ἡν
2765 3993 2820 4046 δέ
2873 4011 2955 4056 τις
3010 3995 3341 4063 ἐκκήρυκτος
3386 3994 3759 4059 ὕποδιάκονος,

2204 4087 2504 4155 Προκόπιος
2541 4084 2796 4153 τοῦνομα,
2825 4083 2914 4136 τὸν
2943 4083 3097 4151 λόγον
3124 4084 3314 4152 ἄλογος
3334 4123 3350 4149 ,
3393 4083 3484 4137 τὸν
3524 4083 3638 4153 βίον
3675 4084 3760 4154 βέ-

2204 4177 2382 4247 βηλος,
2411 4177 2468 4228 ὃν
2487 4178 2513 4228 ό
2541 4176 2877 4246 πατριάρχης
2906 4175 3096 4245 πρώην
3127 4175 3215 4228 διὰ
3247 4175 3407 4227 τοῦτο
3438 4174 3630 4246 ἔρριψε
3654 4172 3748 4227 τοῦ

2205 4267 2432 4336 βαθμοῦ.
2468 4259 2633 4328 Οὗτος
2669 4264 2879 4335 πρῶτος
2910 4264 3296 4334 ἀναιρούμενος
3352 4263 3413 4315 τὸ
3453 4263 3758 4334 ὼμοφόριον

2204 4357 2296 4407 καὶ
2325 4355 2419 4423 τὴν
2441 4353 2631 4422 λοιπὴν
2657 4351 2879 4419 ἐσθῆτα,
2913 4350 3040 4402 ἐϐόα
3069 4351 3149 4414 τδ,
3169 4348 3449 4413 Ἀνάειος.
3485 4349 3757 4417 Ζαχαρίας

2203 4464 2258 4499 τε
2311 4448 2402 4499 καὶ
2434 4445 2736 4506 Ῥοδόαλδος
2764 4484 2778 4508 ,
2835 4441 2927 4494 καί
2962 4458 3100 4503 τινες
3149 4439 3297 4492 ἄλλοι
3353 4440 3540 4509 μιαροὶΙ
3570 4440 3636 4490 τὰ
3671 4439 3757 4490 ἶσα

2205 4534 2606 4602 κραυγάζοντες
2631 4571 2644 4593 ,
2681 4534 2745 4599 τῇ
2795 4529 2983 4598 ἀνοσία
3025 4529 3186 4599 ψήφῳ
3238 4527 3752 4597 συνεπεψηφίζοντοο

2207 4625 2296 4688 οὓς
2327 4625 2530 4686 πάντας
2569 4625 2628 4676 ού
2664 4623 2798 4692 μετὰ
2830 4622 2962 4672 πολὺ
2993 4619 3255 4689 μετῆλθεν
3300 4621 3333 4689 ή
3378 4619 3501 4688 δίκη
3535 4659 3551 4683 ,
3583 4620 3673 4670 καὶ
3702 4616 3757 4668 τὸ

2209 4715 2302 4768 τοῦ
2338 4715 2602 4785 Ζαχαρίου
2635 4715 2726 4766 τοῦ
2757 4712 2897 4765 Θείου
2928 4711 3192 4782 δρέπανον
3215 4711 3550 4763 ἐκδικώτατα
3590 4725 3753 4762 κατα-

2209 4808 2412 4857 κτεῖναι
2462 4803 2792 4856 συνετέλεσε.
2829 4800 3031 4862 Φώτιος
3063 4800 3160 4868 μὲν
3189 4797 3280 4851 οῦν
3307 4797 3402 4867 τὴν
3436 4795 3754 4865 ἐνδομυχοῦ-

548 4893 678 4946 suit.
716 4891 944 4946 Photius
967 4900 1147 4944 autem
1181 4906 1288 4960 quo
1315 4900 1475 4960 pacto
1521 4907 1682 4945 suum
1732 4893 1988 4948 adversus
2027 4895 2093 4947 int

2214 4916 2311 4951 σαν
2366 4900 2422 4950 ἐν
2471 4897 2617 4965 αύτῷ
2670 4895 2808 4948 κατὰ
2841 4893 2932 4946 τοῦ
2979 4889 3306 4958 ἀνεγκλήτου
3357 4888 3516 4956 μῆνιν
3554 4886 3662 4947 πῶς
3690 4883 3754 4938 ἂν

551 4993 759 5038 sontem
791 4984 1064 5038 occultum
1094 4983 1250 5037 aliter
1281 4983 1463 5037 odium
1493 4984 1743 5034 universo
1774 4982 1888 5035 orbi
1921 4984 2109 5050 prode-

552 5083 666 5137 ret,
738 5076 1084 5142 seipsumque
1155 5075 1467 5140 longissime
1520 5088 1548 5124 a
1608 5072 1832 5138 paciﬁca
1892 5075 2111 5145 mitique

551 5177 765 5234 pastore
797 5165 922 5220 Jesu
974 5167 1160 5222 abesse
1206 5168 1536 5225 ostenderet,
1581 5179 1741 5232 quam
1792 5179 1876 5219 res
1909 5166 2114 5231 ejusce-

553 5254 697 5306 modi
760 5255 1142 5319 machinando,
1199 5257 1456 5324 justoque
1503 5254 1618 5305 viro
1658 5254 1880 5322 injurias
1938 5266 2115 5313 tantas

555 5344 894 5412 irrogando?
929 5345 1324 5415 llocjudicium
1359 5360 1515 5398 nemo
1548 5343 1646 5398 fuit
1678 5345 1766 5414 qui
1796 5361 1898 5398 non
1932 5362 2108 5416 repre-

557 5433 828 5502 henderet,
859 5447 1017 5507 atque
1052 5439 1429 5507 indignitatem
1486 5436 1583 5503 rei,
1635 5447 1728 5492 aut
1778 5438 1955 5507 potius
2015 5440 2108 5494 im-

631 5609 704 5678 (6)
730 5611 905 5666 Canon
941 5614 1158 5677 ipostol.
1189 5611 1276 5674 99,
1317 5613 1446 5667 alias
1475 5614 1561 5668 51.

2209 4990 2381 5050 ἄλλως
2412 4991 2476 5055 τῇ
2505 4987 2792 5055 οἰκουμένῃ
2818 4985 2967 5055 πάσῃ
2992 4977 3637 5046 κατεστήσατοιρανερὰν,
3658 4974 3754 5027 καὶ

2211 5079 2324 5139 πῶς
2356 5078 2418 5128 ἂν
2454 5076 2639 5126 ἐαυτὸν
2684 5074 2758 5136 ὡς
2806 5071 3137 5143 πορρωτάτω
3181 5067 3275 5118 τοῦ
3335 5067 3606 5146 είρηνικοῦ
3663 5065 3754 5119 καὶ

2214 5169 2385 5236 πράου
2420 5164 2666 5230 ποιμένος
2695 5165 2970 5231 ἀπέφηνεν
3007 5157 3201 5227 Ἰησοῦ,
3233 5157 3266 5226 ἢ
3299 5156 3522 5210 τοιαῦτα
3549 5157 3752 5223 διανοη-

2215 5258 2343 5318 θεὶς,
2373 5255 2464 5305 καὶ
2495 5254 2662 5317 οὕτως
2715 5253 3020 5308 ἀδικώτατα
3067 5251 3150 5320 τῷ
3191 5248 3381 5320 δικαίῳ
3410 5249 3749 5316 ἐπιθέμενος

2216 5345 2429 5411 Ταύτην
2464 5343 2560 5410 τὴν
2592 5345 2767 5411 κρίσιν
2796 5344 2894 5393 οὑκ
2924 5336 2991 5410 ἦν
3022 5339 3166 5403 ὅστις
3195 5338 3292 5392 οὐκ
3319 5338 3614 5408 ἐμέμψατο,
3654 5332 3751 5382 καὶ

2212 5437 2305 5504 τῆς
2355 5434 2677 5500 ἀλογιστίας,
2719 5433 2913 5500 μᾶλλον
2971 5430 3025 5483 δὲ
3059 5429 3466 5502 μισανθρωπίας
3500 5427 3557 5480 τὸ
3586 5424 3739 5489 ὕπερ-
