3934 6316
133 256 220 319 521

1172 258 1345 319 VITA
1385 260 1440 318 S.
1482 257 1775 319 IGNATII
1814 260 1920 318 (ΣΡ.
1955 260 2307 320 ARCHIEP.

3252 256 3355 322 522

130 366 314 418 ϐάλλον
346 365 694 436 ἀπτστράξη.
725 365 858 421 Οὐδὲ
886 367 990 438 γὰρ
1024 369 1073 420 οἱ
1105 367 1183 437 τῷ
1207 370 1367 439 μέρει
1403 367 1561 438 μόνον
1585 365 1677 422 τοῦ

1809 367 2097 421 uanitatem
2136 382 2241 420 non
2274 347 2643 420 aversaretur.
2696 364 2883 435 Neque
2916 364 3063 419 enim
3102 364 3180 419 illi
3224 370 3354 432 soli,

127 454 283 527 ὀρθοῦ
318 456 477 525 λόγου
503 444 816 529 ’τιθέμενοι,
852 459 990 512 ἀλλά
1042 459 1137 512 καὶ
1176 459 1329 512 αὐτοὶ
1373 459 1577 513 οωτιου
1630 462 1682 513 at

129 551 402 616 ωγγινεῖς
434 550 527 603 καὶ
559 552 746 603 οἰκεῖοι
772 552 1169 616 κατεστέναξαν
1209 550 1319 604 τῶν
1354 552 1682 622 γενομένων,

129 641 212 693 καὶ
261 642 339 705 είς
376 641 545 695 κακὸν
590 642 760 695 ταῦτα
794 642 1168 713 προσήσεσθαι
1225 642 1305 713 τῷ
1343 644 1442 713 τῆς
1475 644 1686 706 ἀδικίας

127 734 437 787 οίωνίσαντο
463 736 643 804 κριτῇ.
670 734 735 785 Τί
761 734 815 786 δὲ
847 736 1085 801 ὲκεῖνος;
1110 732 1199 805 ἆρ’
1226 735 1425 806 ᾐδέσθη
1445 737 1571 799 τοὺς
1597 738 1688 789 ἀν·

128 814 393 895 θρὼπους,
434 826 467 895 ἢ
517 827 607 877 τὸν
653 823 1001 896 δικαιοσύνην
1029 825 1326 895 ἀγαπῶντα
1368 828 1461 880 καὶ
1506 828 1686 897 κρίσιν

126 919 255 972 Θεὸν
298 917 574 989 φοϐηθεὶς,
622 916 682 982 ἐξ
732 918 943 973 ἐκείνου
988 918 1297 974 κατέπαυσε
1354 920 1451 991 τὴν
1480 920 1685 991 όργήν;

128 1010 417 1080 Οὐδαμῶςο
446 1011 532 1065 ἀεὶ
559 1009 615 1063 δὲ
646 1011 838 1078 φθόνον
876 1008 1076 1081 φθόνῳ,
1114 1011 1207 1064 καὶ
1240 1011 1438 1065 κακίαν
1471 1014 1690 1065 ἐπισυν-

129 1102 313 1156 ἀπτων
340 1104 407 1173 τῇ
440 1092 628 1175 κακίᾳ,
678 1102 977 1170 ἠγωνίζετο
1032 1102 1232 1173 σπουδῇ
1264 1104 1411 1172 πάσῃ
1455 1100 1548 1157 καὶ
1582 1120 1688 1173 μη·-

129 1194 260 1263 χανῇ
289 1193 348 1246 οὐ
383 1193 692 1246 θανατῶσαι
726 1194 905 1262 μόνον,
950 1190 1084 1245 ἀλλὰ
1121 1191 1183 1244 τὸ
1228 1190 1418 1245 τούτου
1484 1194 1699 1263 χεῖρον,

130 1284 219 1337 καὶ
246 1282 317 1347 ὡς
354 1282 581 1337 θανάτου
611 1282 760 1347 ἀξιον
794 1285 958 1335 αὑτὸν
987 1280 1219 1335 ἀνελεῖν.
1250 1280 1385 1334 Τότε
1432 1282 1530 1352 μὲν
1570 1277 1685 1347 οῦν,

130 1373 195 1437 ὼς
231 1372 521 1439 ὑπέλασον,
552 1372 987 1444 καθαιρήσαντες
1008 1373 1100 1425 καὶ
1132 1372 1553 1443 ἐκκηρύξαντες,
1592 1374 1686 1426 ἀν-

130 1467 364 1539 θρώποις
404 1468 567 1523 αὑτὸν
610 1466 912 1539 ὡμοτάτοις
942 1466 1037 1520 καὶ
1087 1466 1471 1529 ἀσεϐεστάτοις
1513 1483 1685 1534 τιμω-

1787 459 1880 528 qui
1904 467 2107 513 rectam
2128 459 2393 513 rationem
2412 458 2802 527 sequebantur,
2820 458 2913 513 sed
2943 458 3113 527 ipsius
3138 474 3358 529 quoque

1787 549 1967 605 Photii
2006 550 2294 619 propinqui
2326 560 2381 603 et
2418 550 2719 605 familiares
2753 550 2817 603 ad
2850 552 2991 603 hanc
3045 565 3226 603 rerum
3264 567 3358 619 ge—

1786 649 1993 695 starum
2024 638 2303 693 infamiam
2337 638 2785 707 ingemiscebant,
2810 639 3354 708 augurabanturquc,

1788 734 1929 787 hanc
1969 746 2183 787 onmem
2219 731 2619 799 improbitatem
2654 732 2707 783 in
2745 730 2918 796 ipsius
2948 729 3222 798 quondam
3258 730 3363 783 ini.

1787 825 1877 893 qui
1921 822 2122 892 jndicis
2153 830 2316 891 caput
2340 830 2394 874 ct
2449 821 2675 873 exitium
2709 819 3161 873 redundaturam.
3221 820 3360 885 Quid

1789 930 1921 970 vero
1961 915 2093 968 ille?
2119 929 2186 966 an
2215 912 2465 966 homines
2498 921 2581 965 cst
2611 912 2919 965 reveritus?
2959 927 3025 964 an
3074 912 3255 965 timuit
3278 913 3365 965 di-

1794 1006 2051 1077 ligentem
2081 1004 2345 1074 justitiam
2375 1010 2429 1056 et
2469 1002 2762 1070 judicium,
2798 1000 2966 1056 Deum
2996 1004 3017 1055 ?
3047 1003 3247 1072 illoque
3295 1020 3361 1059 ex

1790 1108 2034 1168 tempore
2061 1097 2202 1150 iram
2234 1096 2458 1165 posuit?
2486 1093 2709 1148 Minime
2728 1109 2877 1148 vero.
2897 1094 3151 1160 Quinimo
3177 1096 3363 1149 odium

1792 1191 1939 1255 odio,
1972 1188 2230 1245 invidiam
2268 1188 2494 1253 invidia,
2547 1188 2728 1242 scelus
2789 1187 2998 1242 scelere
3057 1188 3365 1253 cumulans,

1786 1282 1938 1341 illum
1983 1281 2132 1335 omni
2196 1280 2410 1334 ratione
2436 1280 2597 1346 vique
2651 1279 2954 1333 conabatur
3005 1293 3111 1332 non
3160 1288 3367 1332 tantum

1791 1373 2162 1444 pessumdare,
2199 1371 2316 1436 sed,
2344 1370 2491 1442 quod
2522 1380 2607 1425 est
2634 1371 2898 1436 atrocius,
2945 1370 3110 1425 veluti
3142 1371 3365 1425 noxium

1790 1466 2093 1535 ultimoque
2121 1464 2392 1535 supplicio
2409 1464 2632 1533 dignum
2660 1480 2690 1519 e
2721 1465 2903 1539 medio
2935 1464 3148 1518 tollere.
3181 1466 3370 1535 Itaque

134 1559 337 1630 ρεῖσθαι
385 1560 600 1630 πικρῶς
653 1556 1122 1629 παραδεδώκασιν,
1182 1548 1341 1628 ἄχρις
1392 1557 1458 1610 ἂν
1511 1556 1689 1626 οἰκεία

1813 1574 1934 1624 unc,
1952 1567 2010 1611 ut
2032 1566 2329 1627 ceperant,
2349 1566 2760 1613 exauctoratum
2784 1559 3109 1628 publicoque
3158 1573 3369 1629 praeco-

130 1655 268 1725 χειρὶ
288 1652 388 1724 τὴν
416 1653 552 1707 ίδίαν
580 1652 900 1723 καθαίρεσιν
928 1652 1371 1725 ὕπσσημήνηται.
1399 1648 1581 1707 Ἦσαν
1631 1652 1688 1705 δὲ

1809 1650 1880 1703 ιίο
1896 1649 2668 1715 damnatum,immanissist
2713 1651 3233 1720 scelestissimisquc
3272 1652 3373 1705 ho-

130 1748 177 1798 ot
202 1742 589 1814 κολαφίζοντες
612 1745 708 1799 καὶ⁵
734 1742 1208 1813 ταλαιπωροῦντες
1243 1743 1428 1807 αὑτὸν,
1457 1744 1552 1797 καὶ
1581 1742 1688 1812 πή-

1809 1739 2036 1795 minihus
2081 1738 2504 1795 excruciandum
2551 1741 2837 1807 tradidere,
2886 1743 3063 1812 quoad
3084 1758 3182 1797 sua
3210 1759 3371 1799 manu

134 1837 262 1903 ξεως
285 1835 456 1908 οῦσης
483 1834 736 1907 δριμείας
754 1875 768 1902 ,
817 1834 899 1889 ἑνὶ
931 1835 1236 1906 χιτωνίσκῳ
1266 1834 1566 1898 πιέζοντες,
1595 1833 1689 1887 καὶ

1809 1845 1904 1885 sua:
1924 1830 2091 1900 ipsius
2120 1830 2449 1886 abdicationi
2476 1832 2861 1886 subscriberet.
2882 1831 3023 1903 Ergo
3049 1833 3196 1887 illum
3227 1835 3375 1888 cola-

137 1926 493 1999 σταυροῦντες
517 1926 676 1981 αὑτὸν
693 1968 708 1994 ,
737 1926 831 1981 καὶ
860 1926 1259 1997 πυρπολοῦντος
1276 1964 1293 1990 ,
1320 1928 1414 1980 καὶ
1444 1928 1501 1979 ὲν
1538 1925 1690 1977 δυσὶν

139 2017 431 2088 ἑϐδομάσιν
454 2015 789 2088 ὶμφρούριον
810 2015 1146 2087 συνέχοντες,
1174 2016 1268 2068 καὶ
1297 2015 1485 2086 ἀσιτίᾳ
1511 2013 1692 2084 τελείᾳ

133 2108 561 2177 κατατήκοντις·
590 2108 653 2161 οὐ
685 2107 843 2179 μόνον
866 2107 947 2173 δὲ,
982 2106 1118 2163 ἀλλά
1144 2107 1237 2161 καὶ
1268 2106 1357 2159 ἐπ’
1388 2108 1559 2178 αὐτῆς
1592 2108 1690 2161 αύ-

133 2198 220 2255 τδν
238 2198 341 2254 τοῦ
368 2199 747 2271 Κοπρωνύμου
781 2201 880 2271 τῆς
907 2198 1177 2270 λάρνακος
1222 2198 1476 2263 ἐκάθιζον
1502 2198 1692 2253 ἀναδι-

134 2291 409 2357 δάζοντσς,
438 2292 534 2347 καὶ
565 2292 675 2345 τῶν
699 2291 873 2345 ποδῶν
908 2290 1076 2345 αὐτοῦ
1117 2290 1366 2345 κάτωθεν
1397 2290 1577 2354 λίθους
1608 2292 1694 2356 ὲξ-

136 2383 409 2454 αρτῶντες
465 2383 671 2455 βαρεῖς,
721 2382 818 2436 καὶ
848 2379 941 2435 ἐπὶ
972 2381 1156 2434 πλεῖον
1184 2382 1250 2451 τῇ
1272 2381 1366 2435 τοῦ
1401 2382 1693 2453 μαρμάρου

133 2475 230 2545 τὴν
254 2474 419 2545 ἕδραν
444 2472 664 2543 ὀξύτητι
690 2472 904 2543 πικρῶς
933 2471 1074 2540 ἄγαν
1107 2472 1440 2543 πλήσσοντες
1472 2472 1693 2542 ἐπέτρι-

138 2564 250 2619 6ον.
283 2565 347 2617 Ol
369 2563 463 2618 οὖν
488 2562 663 2617 ταῦτά
702 2579 762 2615 τε
810 2563 907 2631 καὶ1
937 2561 1073 2617 ἀλλα
1120 2562 1293 2616 πλείω
1320 2562 1697 2633 ἐνυϐρίζοντες

140 2658 220 2720 είς
253 2655 347 2709 τὸν
380 2652 817 2725 μακαριώτατον,
869 2653 963 2709 καὶ
1002 2652 1179 2721 λόγοις
1229 2653 1326 2706 καὶ
1368 2652 1549 2722 ἔργοις
1599 2656 1699 2723 ἑμ-

140 2746 526 2819 παροινοῦντες
552 2745 634 2809 είς
662 2743 845 2809 αὐτὸν,
866 2743 1087 2814 σπέρμα
1116 2743 1370 2815 πονηρὸν,
1398 2743 1473 2806 ὡς
1502 2746 1696 2811 εἰπεῖν,

142 2841 247 2894 υίοὶ
277 2840 488 2908 ἄνομοι,
515 2838 544 2889 ό
570 2833 995 2907 Μωροθεόδωρος
1035 2836 1262 2899 ἐκεῖνος,
1303 2835 1397 2888 καὶ
1438 2835 1466 2886 ό
1503 2835 1701 2905 Γοργοέ

142 2928 295 2998 ιίτης
332 2927 603 2997 Ἰωάννης,
636 2925 732 2979 καὶ
762 2926 789 2977 ὀ
809 2921 1098 2977 Θεοδούλου
1132 2923 1398 2987 Νικόλαος
1423 2924 1451 2975 ὁ
1471 2924 1700 2977 Σκουτε-

139 3017 293 3087 λόψις
319 3000 407 3087 ἧν.
1130 3083 1134 3088 ι

210 3108 369 3163 Μετά
388 3106 518 3175 γοῦν
542 3106 639 3171 τὰς
682 3107 949 3173 κολάσεις,
972 3106 1036 3170 ἃς
1068 3099 1214 3160 οὗτοι
1241 3105 1590 3176 προσήγαγον
1624 3103 1702 3173 τῷ

138 3196 447 3268 όμολογητῇ
495 3196 591 3251 τοῦ
621 3196 884 3269 Χριστοῦ,
937 3196 1076 3266 μετὰ
1125 3194 1223 3260 τὰς
1266 3196 1516 3259 ἀπειλὰς,
1566 3195 1705 3263 μετά

139 3291 237 3353 τὰς
263 3288 482 3354 ἁλύσεις
503 3330 517 3355 ,
549 3288 617 3353 ἀς
645 3289 787 3343 κατά
832 3289 939 3343 τῶν
969 3288 1165 3358 τιμίων
1198 3287 1462 3341 ἐπέϐαλον
1504 3288 1702 3353 ποδῶν,

146 3380 293 3449 μετά
323 3374 391 3434 τὰ
428 3379 768 3452 ῥαπίσματα,
804 3381 940 3449 μετά
970 3381 1031 3432 τὸ
1056 3379 1383 3449 σταυρωδῶς
1410 3379 1502 3431 ἐπὶ
1536 3378 1707 3447 πρόσ-

143 3488 295 3541 ιλλπον
328 3472 467 3525 κατά
494 3472 603 3531 τῶν
632 3470 940 3541 μαρμάρων
964 3470 1302 3540 ὶφαπλῶσαι,
1337 3472 1429 3525 καὶ
1460 3471 1587 3540 ὃλην
1609 3470 1707 3541 τὴν

145 3563 317 3617 νύκτα
351 3562 631 3632 δεδεμένον
657 3562 1095 3632 τιμωρήσασθαι,
1128 3561 1265 3631 μετὰ
1306 3561 1367 3614 τδ
1392 3560 1710 3613 ὲπιὸιϐάσαι

144 3660 213 3727 τῇ
241 3658 472 3726 λάρνακι
505 3657 586 3720 είς
624 3654 723 3724 τὴν
757 3652 885 3722 ἑξῆς
917 3651 1086 3706 νύκτα
1134 3653 1351 3713 πᾶσαν,
1405 3647 1503 3703 εἷθ’
1538 3650 1709 3713 οὕτως

147 3748 418 3801 ἀπολῦσαι
444 3746 553 3800 τῶν
593 3744 828 3815 δεσμῶν,
864 3743 956 3797 καὶ
986 3743 1126 3797 κατά
1166 3741 1261 3795 τοῦ
1293 3742 1521 3810 ἐδάφους
1550 3742 1711 3796 αὑτὸν

148 3838 435 3892 ἀκοντίσαι
473 3837 568 3891 καὶ
601 3835 909 3907 συντρίψαι,
934 3832 1119 3903 καὶτῷ
1138 3834 1330 3903 αἵματι
1360 3832 1590 3919 φοινίξαι
1614 3834 1711 3903 τὴν

150 3932 291 4000 τῆν’
329 3928 466 4000 μετὰ
498 3927 674 3983 ταῦτα
722 3928 899 3982 πάντα
941 3927 1136 3997 μικρὸν
1188 3926 1377 3980 τοῦτον
1412 3926 1714 3995 ἐμπνέοντα

147 4023 387 4091 (συνεῖχε
411 4020 521 4091 γὰρ
563 4019 797 4090 μάλιστα
824 4018 1092 4088 λελυμένη
1129 4018 1223 4071 καὶ
1250 4021 1282 4088 ἡ
1318 4018 1589 4089 γαστὴρ),
1620 4019 1713 4089 βία

146 4111 249 4181 τῆς
281 4110 376 4163 τοῦ
402 4110 558 4177 ἁγίου
588 4108 769 4179 χειρὸς
798 4107 1272 4177 όΜωροθεόδωρος
1301 4109 1601 4178 κρατήσας,
1622 4109 1716 4161 καὶ

146 4205 360 4274 χάρτην
394 4201 597 4266 λαϐὼν,
632 4200 834 4271 ἔπηξεν
857 4199 931 4263 ὡς
961 4200 1031 4253 δι’
1063 4199 1229 4253 αὑτοῦ
1251 4200 1504 4270 σταυρὸν,
1529 4200 1587 4253 δν
1615 4200 1711 4253 καὶ

150 4292 446 4362 ἀναγαγὼν
472 4291 765 4347 ἐπιδέδωκε
791 4289 1002 4360 Φωτίῳ.
1056 4289 1114 4343 '0
1140 4289 1198 4343 δὲ
1234 4290 1324 4343 τὸν
1364 4290 1592 4365 σταυρὸν
1618 4290 1713 4343 λαο

1792 1923 1915 1989 phis
1952 1922 2212 1991 plectunt,
2258 1922 2563 1992 misereque
2593 1924 2881 1979 divexant:
2911 1933 2966 1978 et
3002 1939 3126 1978 cum
3172 1925 3375 1996 frigore
3442 1968 3445 1972 .

1795 2027 1960 2081 prope
1977 2012 2403 2078 contabesceret,
2427 2015 2587 2068 unica
2621 2024 2826 2069 tantum
2858 2015 3102 2070 tunicula
3125 2015 3372 2072 indutum
3445 2021 3447 2025 “

1793 2113 2087 2169 macerant,
2117 2115 2303 2169 urunt,
2343 2115 2506 2175 atque
2547 2106 2905 2162 discruciant.
2952 2106 3198 2177 Cumque
3218 2108 3375 2163 hinas

1797 2196 1948 2249 illum
1980 2195 2350 2251 hebdomadas
2393 2197 2447 2249 in
2479 2211 2702 2251 carcere
2753 2198 3085 2264 tenuissent,
3124 2207 3372 2253 extrema

1796 2300 1963 2356 prope
2001 2284 2145 2341 fame
2172 2286 2552 2342 conficiebant.
2590 2286 2703 2343 lmo
2733 2298 2787 2343 et
2818 2289 3153 2359 Capt-onymi
3184 2290 3371 2359 sepul-

1797 2392 1949 2432 crum
1984 2393 2077 2432 seu
2108 2393 2291 2434 arcam
2325 2380 2695 2434 conscendere
2752 2382 3040 2452 cogebant,
3091 2382 3144 2434 in
3202 2397 3374 2452 eaque

1799 2470 2087 2534 collocato,
2151 2469 2392 2541 ingentia
2419 2486 2447 2525 a
2482 2471 2710 2540 pedibus
2764 2486 2896 2527 saxa
2942 2473 3372 2543 suspendebant.

1801 2572 2050 2631 saepeque
2070 2562 2362 2616 marmoris
2386 2562 2637 2616 acumine
2665 2563 2848 2617 sedem
2879 2578 3203 2618 concussam
3235 2572 3375 2618 atte-

1803 2653 2013 2707 rehant.
2047 2651 2172 2707 llaec
2204 2661 2259 2707 et
2290 2654 2376 2707 his
2422 2654 2576 2723 plura
2611 2663 2907 2719 tormenta,
2964 2670 3185 2722 sannas,
3241 2669 3373 2711 cen-

1805 2742 2171 2813 tumeliasque
2193 2743 2421 2813 impium
2446 2759 2654 2811 semen,
2680 2754 2739 2799 ut
2762 2745 2845 2801 sic
2874 2744 3088 2815 loquar,
3121 2758 3176 2801 et
3200 2747 3366 2816 impia

1804 2833 2089 2901 progenies
2119 2834 2236 2888 viro
2263 2828 2613 2890 sanctissimo
2638 2836 2799 2891 dictis
2826 2836 3113 2906 factisque,
3140 2847 3192 2892 et
3222 2839 3373 2892 stoli-

1803 2923 1906 2977 dus
1939 2923 2027 2977 ille
2052 2921 2397 2991 Theodorus,
2430 2934 2485 2979 et
2522 2925 2845 2996 Gorgonites
2901 2925 3163 2993 Joannes,
3210 2938 3377 2999 atque

1805 3014 2057 3071 Nicolaus
2097 3014 2364 3072 Th‘eoduli
2400 3018 2758 3088 Scutelopsis,
2792 3019 3123 3090 irrogabant.

1878 3107 2017 3177 Ergo
2047 3117 2167 3176 post
2204 3108 2596 3177 cruciamenta,
2623 3112 2822 3181 quibus
2853 3112 3056 3166 Christi
3089 3094 3375 3169 cenfesso-

1808 3212 1919 3252 rem
1954 3199 2284 3266 afﬂixerant,
2319 3211 2438 3270 post
2476 3203 2956 3266 comminationes,
3000 3213 3120 3273 post
3156 3216 3385 3261 catenas

1807 3298 1861 3341 ct
1912 3290 2204 3358 compedes
2278 3290 2600 3345 venerandis
2647 3291 2879 3360 pedibus
2940 3291 3187 3359 iniectas,
3250 3305 3379 3364 post
3423 3337 3430 3342 .

1809 3379 2010 3447 alapas,
2031 3388 2084 3432 et
2101 3388 2393 3449 postquam
2414 3394 2537 3433 eum
2562 3380 2629 3434 ad
2657 3379 2886 3435 formam
2904 3384 3081 3439 crucis
3106 3384 3157 3438 in
3187 3383 3379 3439 faciem

1813 3470 1869 3522 in
1906 3484 2177 3524 marmore
2218 3479 2553 3538 prostratum
2597 3485 2660 3525 ac
2684 3472 3014 3539 distentum,
3054 3482 3166 3529 tota
3222 3487 3382 3532 nocte

1800 3560 2053 3615 'vinctum
2087 3562 2311 3629 insuper
2355 3562 2665 3628 torsissem,
2725 3566 3115 3632 atquetumhae
3156 3567 3383 3637 imposi-

1814 3660 1924 3704 tum
1965 3661 2135 3705 totam
2194 3652 2569 3721 insequentem
2617 3666 2834 3707 noetem
2874 3656 3232 3720 cruciassent,
3258 3667 3383 3712 tan-

1812 3739 2046 3809 demque
2075 3740 2313 3795 solutum
2346 3742 2496 3794 humi
2538 3743 2897 3812 projecissent
2920 3745 3380 3816 fodicassentque,

1813 3841 1875 3884 ut
1918 3832 2182 3903 sanguine
2210 3832 2374 3885 etiam
2422 3842 2621 3886 terram
2680 3842 3005 3904 purpurarct
3038 3854 3051 3889 :
3087 3846 3212 3906 post
3248 3839 3383 3906 haec,

1814 3924 2059 3991 inquam,
2090 3922 2295 3983 omnia.
2331 3940 2454 3978 cum
2485 3925 2661 3978 adhuc
2717 3925 2928 3979 modice
2973 3928 3205 3995 spiraret
3264 3932 3386 3996 (ur-

1814 4014 2039 4084 gebatur
2055 4017 2199 4070 enim
2226 4025 2280 4071 et
2304 4016 2409 4070 alvi
2439 4017 2720 4071 solutioris
2749 4016 3061 4089 profluvio),
3093 4030 3205 4074 tum
3233 4021 3385 4076 insa-

1818 4120 1921 4160 nus
1952 4103 2273 4160 Theodorus
2302 4121 2457 4161 sacra
2495 4107 2599 4161 viri
2656 4121 2823 4161 manu
2862 4124 2960 4177 per
2984 4111 3089 4165 vim
3144 4123 3385 4182 arrepta.

1817 4195 2119 4263 chartaque
2168 4196 2435 4264 subjecta,
2468 4197 2623 4266 quasi
2679 4212 2775 4267 per
2831 4199 2984 4253 illum
3028 4215 3244 4257 crucem
3281 4204 3386 4259 im-

1820 4287 2041 4355 pressit,
2070 4287 2399 4357 allatamque
2442 4288 2636 4361 Photio
2669 4290 2935 4357 porrexit.
2966 4290 3070 4356 Qui
3108 4292 3263 4363 signo
3293 4309 3387 4349 ac-
3418 4273 3421 4277 ί

148 4382 287 4446 θὼν,
325 4382 382 4445 ἐξ
428 4379 622 4434 ἑαυτοῦ
670 4377 1231 4447 ὑπέγραψεν-οὕτως’
1266 4398 1284 4431 ι
1334 4380 1591 4449 Ἰγνάτιος
1620 4382 1704 4434 ἀν-

1823 4386 2001 4447 cepto,
2050 4393 2150 4433 sua
2183 4378 2300 4448 ipse
2334 4395 2498 4433 manu
2532 4380 2865 4451 subscripsit
2902 4399 2916 4435 :
2958 4401 2976 4434 ι
3010 4382 3252 4454 lgnatius
3295 4387 3385 4439 in-

151 4472 305 4538 ἀξιος
338 4467 957 4533 Κωνσταντινουπόλεως
976 4469 1220 4540 ὁμολογῶ
1242 4469 1563 4540 ἀψηφίστως
1602 4473 1716 4522 εἰσ-

150 4566 355 4630 ελθεῖν,
398 4565 491 4617 καὶ
514 4564 582 4616 τά
608 4561 707 4631 ιτη
737 4559 913 4614 ταῦτα
940 4561 1036 4630 οὐχ
1065 4562 1310 4634 ἡγίαζον,
1342 4561 1455 4615 ἀλλ’
1496 4548 1721 4633 ἐτυράν-

149 4675 302 4711 νουν.
338 4676 356 4707 ι
390 4654 607 4724 Ταύτης
636 4654 735 4724 τῆς
764 4652 1087 4723 ὑπογραφῆς
1107 4650 1186 4723 τῷ
1218 4651 1426 4722 βασιλεῖ
1460 4653 1721 4723 πεμφθεί-

152 4765 282 4818 σης,
314 4746 532 4816 ἀφίεται
592 4743 690 4815 μὶν
744 4746 773 4797 ὁ
826 4742 1093 4814 μακάριος
1130 4742 1345 4813 ἐκείνης
1375 4743 1476 4812 τῆς
1506 4744 1719 4814 ὲνοχῆς,

151 4841 243 4893 τὸν
282 4839 545 4910 μητρικδν
580 4836 639 4889 δὲ
682 4833 833 4889 οἰκον
857 4834 926 4887 τὰ
977 4834 1194 4898 [Ιοσέως
1232 4834 1554 4889 καταλαὸὼν
1575 4876 1589 4899 ,
1629 4854 1723 4906 μι-

153 4932 291 5001 κρὸν
332 4931 466 4993 τέως
503 4928 613 4982 ἀπὺ
661 4926 769 4981 τῶν
800 4926 1011 4979 πολλῶν
1053 4927 1229 4981 πόνων
1275 4927 1538 4998 ἀνέψυχεν
1584 4929 1720 4982 ἐκεῖ.

164 5026 226 5078 '0
257 5023 453 5094 ἐχθρὸς
496 5023 553 5076 δὲ
575 5020 676 5074 οὐκ
703 5018 934 5073 ἐπαύετο
970 5019 1151 5083 δόλους
1185 5023 1242 5073 ὲν
1271 5020 1470 5091 καρδία
1502 5036 1722 5091 τεκται-

150 5117 404 5188 νόμενος,
432 5112 526 5166 καὶ
568 5111 779 5180 πονηρὰ
827 5110 968 5163 κατὰ
997 5110 1090 5163 τοῦ
1121 5108 1299 5166 ἀθώου
1348 5110 1726 5181 διαλογιζόμε-

150 5226 269 5273 νος.
294 5205 498 5261 ’Τοίνυν
546 5201 839 5257 ὑποϐάλλει
889 5205 1001 5265 τοῖς
1030 5199 1324 5271 κρατοῦσιν
1363 5203 1452 5255 ἐπὶ
1490 5204 1582 5255 τὸν
1618 5200 1726 5254 τῶν

164 5297 516 5353 Ἀποστόλων
549 5294 704 5357 αὖθις
735 5292 893 5347 αὐτὸν
920 5294 1215 5361 ἀναγαγεῖν
1243 5292 1391 5359 ναὸν,
1417 5294 1509 5347 καὶ
1539 5292 1727 5363 βιάζε-

153 5391 315 5449 σθαι,
346 5386 558 5457 πρῶτον
601 5384 702 5453 μὲν
737 5385 835 5454 τὴν
888 5384 1107 5438 οίκείαν·
1133 5383 1451 5455 καθαίρεσιν
1489 5386 1727 5453 ἀνεγνω-

152 5484 301 5535 κότα
328 5480 421 5531 ἐπὶ
445 5479 540 5531 τοῦ
574 5476 826 5547 ἄμϐωνος
865 5474 1288 5546 ἀναθεματίζειν
1338 5478 1558 5529 ἑαυτόνο
1589 5477 1727 5546 μετὰ

146 5572 341 5629 ταῦτα
369 5571 422 5622 δὲ
451 5570 517 5635 (ὣ
539 5568 637 5638 τῆς
668 5566 951 5635 μιαιφόνου
982 5567 1203 5637 βουλῆςι
1252 5568 1295 5620 ὣ
1344 5569 1443 5637 τῆς
1492 5569 1726 5638 δεινότη.

148 5663 329 5735 tog!)
381 5660 500 5723 τούς
557 5676 617 5712 τε
665 5656 978 5725 ὀφθαλμοὺς
1026 5658 1257 5731 ἐκκόψαι
1314 5658 1407 5712 καὶ
1446 5658 1542 5727 τὴν
1571 5662 1727 5732 χεῖρα

487 5752 756 5812 ΡΑτῐιοι.
802 5750 917 5808 Gn.
963 5748 1078 5807 CV.
1100 5744 1103 5747 ⁴

1821 4466 2017 4535 dignus
2046 4468 2678 4538 Constantinopolitanus
2708 4473 2993 4536 confiteor,
3018 4487 3105 4526 me
3138 4489 3244 4526 non
3273 4474 3390 4544 lege

1819 4568 1873 4615 et
1904 4561 2180 4631 suﬂ‘ragiis
2229 4572 2473 4617 creatum
2506 4564 2752 4619 ecclesia:
2780 4565 3039 4619 thronum
3092 4566 3387 4632 invasisse,

1822 4667 1998 4721 neque
2028 4652 2116 4707 his
2137 4654 2295 4707 annis
2320 4649 2420 4707 rite
2451 4662 2507 4707 et
2529 4662 2717 4709 sancte
2736 4655 3025 4711 ecclesiam
3046 4658 3273 4721 rexisse,
3292 4660 3390 4714 sed

1824 4747 2165 4815 tyrannidem
2200 4747 2529 4802 exercuisse.
2574 4765 2593 4797 ι
2632 4745 2747 4801 Hoc
2778 4747 3391 4821 pseudo-chirographo

1825 4837 2138 4906 imperatori
2172 4838 2359 4901 misso,
2394 4838 2475 4891 vir
2506 4847 2726 4892 sanctus
2748 4834 2779 4891 e
2809 4838 3057 4893 custodia
3086 4850 3168 4894 est
3201 4841 3392 4894 dimis-

1825 4949 1942 4999 sus,
1976 4932 2357 5001 matcrnisque'
2378 4932 2431 4984 in
2461 4931 2669 4986 aedibus
2703 4931 2907 4987 Poseos
2948 4934 3229 5001 paululum
3260 4950 3286 4984 a
3316 4916 3417 4987 tn‘t.

1825 5024 2082 5077 aerumnis
2131 5022 2451 5091 respirabat.
2509 5022 2614 5076 Sed
2664 5022 2810 5077 enim
2865 5012 3034 5079 hostis
3082 5041 3187 5078 non
3230 5024 3393 5078 desiit

1828 5113 2045 5169 fraudes
2076 5114 2261 5167 animo
2283 5128 2525 5176 versare,
2560 5112 2906 5183 pessimaque
2934 5116 3193 5169 adversus
3226 5114 3389 5167 inno-

1827 5214 2038 5260 centem
2072 5206 2297 5260 consilia
2343 5219 2602 5274 coquere.
2647 5204 2833 5275 Itaque
2885 5208 3121 5277 suggerit
3157 5205 3392 5271 impera-

1828 5296 2060 5360 toribus,
2095 5307 2156 5350 ut
2189 5296 2430 5365 lgnatius
2489 5295 2558 5349 ad
2587 5296 2755 5353 aedem
2800 5297 3169 5366 apostolorum
3230 5294 3391 5347 redu-

1830 5400 1974 5454 ctus,
2022 5390 2254 5458 primum
2286 5386 2792 5443 exa‘uctorationem
2824 5403 2975 5442 suam
3014 5387 3126 5452 ipse
3172 5385 3388 5453 publice

1829 5497 1926 5550 pro
1956 5482 2184 5535 amboue
2216 5482 2377 5547 legat.
2409 5491 2572 5549 atque
2627 5482 2837 5550 sibiipsi
2895 5476 3182 5531 anathema
3223 5476 3383 5528 dicat.

1829 5572 2052 5637 Deinde,
2084 5588 2115 5625 ο
2145 5571 2362 5627 crudele
2390 5572 2701 5636 consilium,
2748 5587 2779 5626 ο
2812 5568 3138 5637 singularem
3196 5569 3385 5619 imma-

1832 5663 2087 5735 nitatem!
2157 5663 2316 5717 ambo
2377 5662 2455 5717 illi
2505 5659 2738 5719 effodere
2798 5662 3028 5721 lumina,
3065 5671 3391 5726 manumque

2927 5748 2992 5809 l7
