  <div class='ocr_page' id='page_1' title='image "/cluster/home/n/w/nwhite01/storage/ocr_20150623/105/pst.000005714155/299.png"; bbox 0 0 3934 6316; ppageno 0'>
   <div class='ocr_carea' id='block_1_1' title="bbox 530 238 640 301">
    <p class='ocr_par' dir='ltr' id='par_1_1' title="bbox 530 238 640 301">
     <span class='ocr_line' id='line_1_1' title="bbox 530 238 640 301; baseline 0.009 -1"><span class='ocrx_word' id='word_1_1' title='bbox 530 238 640 301; x_wconf 67' lang='lat'><strong>5°23</strong></span> 
     </span>
    </p>
   </div>
   <div class='ocr_carea' id='block_1_2' title="bbox 1709 215 2559 281">
    <p class='ocr_par' dir='ltr' id='par_1_2' title="bbox 1709 215 2559 281">
     <span class='ocr_line' id='line_1_2' title="bbox 1709 215 2559 281; baseline -0.007 0"><span class='ocrx_word' id='word_1_2' title='bbox 1709 222 1756 280; x_wconf 91' lang='grc' dir='ltr'>Ν</span> <span class='ocrx_word' id='word_1_3' title='bbox 1764 219 1999 281; x_wconf 81' lang='lat' dir='ltr'><strong>ICET/E</strong></span> <span class='ocrx_word' id='word_1_4' title='bbox 2037 215 2559 279; x_wconf 80' lang='lat' dir='ltr'><strong>PAPHLAGONIS</strong></span> 
     </span>
    </p>
   </div>
   <div class='ocr_carea' id='block_1_3' title="bbox 3657 211 3758 276">
    <p class='ocr_par' dir='ltr' id='par_1_3' title="bbox 3657 211 3758 276">
     <span class='ocr_line' id='line_1_3' title="bbox 3657 211 3758 276; baseline 0 -1"><span class='ocrx_word' id='word_1_5' title='bbox 3657 211 3758 276; x_wconf 72' lang='grc' dir='ltr'>52ί</span> 
     </span>
    </p>
   </div>
   <div class='ocr_carea' id='block_1_4' title="bbox 532 321 2111 420">
    <p class='ocr_par' dir='ltr' id='par_1_4' title="bbox 532 330 2094 420">
     <span class='ocr_line' id='line_1_4' title="bbox 532 330 2094 420; baseline -0.013 -17"><span class='ocrx_word' id='word_1_6' title='bbox 532 347 827 420; x_wconf 72' lang='lat' dir='ltr'><strong>praecidere</strong></span> <span class='ocrx_word' id='word_1_7' title='bbox 859 341 1126 398; x_wconf 82' lang='lat' dir='ltr'><strong>illa‘furia</strong></span> <span class='ocrx_word' id='word_1_8' title='bbox 1156 337 1536 394; x_wconf 76' lang='lat' dir='ltr'><strong>meditabatur.</strong></span> <span class='ocrx_word' id='word_1_9' title='bbox 1567 334 1704 389; x_wconf 88' lang='lat' dir='ltr'><strong>Tam</strong></span> <span class='ocrx_word' id='word_1_10' title='bbox 1737 335 1910 388; x_wconf 87' lang='lat' dir='ltr'><strong>altum</strong></span> <span class='ocrx_word' id='word_1_11' title='bbox 1945 330 2094 401; x_wconf 85' lang='lat' dir='ltr'><strong>impii</strong></span> 
     </span>
    </p>
   </div>
   <div class='ocr_carea' id='block_1_5' title="bbox 2213 321 3762 420">
    <p class='ocr_par' dir='ltr' id='par_1_5' title="bbox 2213 321 3762 397">
     <span class='ocr_line' id='line_1_5' title="bbox 2213 321 3762 397; baseline -0.003 -17"><span class='ocrx_word' id='word_1_12' title='bbox 2213 327 2482 397; x_wconf 60' lang='grc' dir='ltr'>μανιωδῶς</span> <span class='ocrx_word' id='word_1_13' title='bbox 2513 325 2954 394; x_wconf 78' lang='grc' dir='ltr'>ὲϐυσσοδόμευεν.</span> <span class='ocrx_word' id='word_1_14' title='bbox 2977 323 3160 387; x_wconf 79' lang='grc' dir='ltr'>Οὕτως</span> <span class='ocrx_word' id='word_1_15' title='bbox 3183 321 3359 377; x_wconf 81' lang='grc' dir='ltr'>αὐτῶν</span> <span class='ocrx_word' id='word_1_16' title='bbox 3385 324 3466 386; x_wconf 91' lang='grc' dir='ltr'>εἰς</span> <span class='ocrx_word' id='word_1_17' title='bbox 3497 321 3664 393; x_wconf 79' lang='grc' dir='ltr'>βάθος</span> <span class='ocrx_word' id='word_1_18' title='bbox 3701 325 3762 376; x_wconf 83' lang='grc' dir='ltr'>τὸ</span> 
     </span>
    </p>
   </div>
   <div class='ocr_carea' id='block_1_6' title="bbox 530 423 2090 504">
    <p class='ocr_par' dir='ltr' id='par_1_6' title="bbox 530 423 2090 504">
     <span class='ocr_line' id='line_1_6' title="bbox 530 423 2090 504; baseline -0.013 -10"><span class='ocrx_word' id='word_1_19' title='bbox 530 441 717 496; x_wconf 90' lang='lat' dir='ltr'><strong>odium</strong></span> <span class='ocrx_word' id='word_1_20' title='bbox 751 441 1119 504; x_wconf 90' lang='lat' dir='ltr'><strong>conceperant</strong></span> <span class='ocrx_word' id='word_1_21' title='bbox 1143 470 1158 494; x_wconf 87' lang='lat'><strong>,</strong></span> <span class='ocrx_word' id='word_1_22' title='bbox 1191 440 1250 485; x_wconf 92' lang='lat' dir='ltr'><strong>ut</strong></span> <span class='ocrx_word' id='word_1_23' title='bbox 1280 429 1477 484; x_wconf 72' lang='lat' dir='ltr'><strong>divina:</strong></span> <span class='ocrx_word' id='word_1_24' title='bbox 1525 425 1783 480; x_wconf 67' lang='lat' dir='ltr'><strong>vindictae</strong></span> <span class='ocrx_word' id='word_1_25' title='bbox 1825 423 2090 478; x_wconf 85' lang='lat' dir='ltr'><strong>rationem</strong></span> 
     </span>
    </p>
   </div>
   <div class='ocr_carea' id='block_1_7' title="bbox 531 513 2093 587">
    <p class='ocr_par' dir='ltr' id='par_1_7' title="bbox 531 513 2093 587">
     <span class='ocr_line' id='line_1_7' title="bbox 531 513 2093 587; baseline -0.013 0"><span class='ocrx_word' id='word_1_26' title='bbox 531 531 795 587; x_wconf 90' lang='lat' dir='ltr'><strong>ducerent</strong></span> <span class='ocrx_word' id='word_1_27' title='bbox 825 528 1046 582; x_wconf 88' lang='lat' dir='ltr'><strong>nullam.</strong></span> <span class='ocrx_word' id='word_1_28' title='bbox 1082 523 1288 576; x_wconf 83' lang='lat' dir='ltr'><strong>Aberat</strong></span> <span class='ocrx_word' id='word_1_29' title='bbox 1309 519 1484 575; x_wconf 89' lang='lat' dir='ltr'><strong>omnis</strong></span> <span class='ocrx_word' id='word_1_30' title='bbox 1520 518 1616 574; x_wconf 90' lang='lat' dir='ltr'><strong>Dei</strong></span> <span class='ocrx_word' id='word_1_31' title='bbox 1642 525 1840 580; x_wconf 86' lang='lat' dir='ltr'><strong>metus,</strong></span> <span class='ocrx_word' id='word_1_32' title='bbox 1888 525 1942 571; x_wconf 86' lang='lat' dir='ltr'><strong>et</strong></span> <span class='ocrx_word' id='word_1_33' title='bbox 1969 513 2093 584; x_wconf 75' lang='lat' dir='ltr'><strong>qui-</strong></span> 
     </span>
    </p>
   </div>
   <div class='ocr_carea' id='block_1_8' title="bbox 531 609 2095 684">
    <p class='ocr_par' dir='ltr' id='par_1_8' title="bbox 531 609 2095 684">
     <span class='ocr_line' id='line_1_8' title="bbox 531 609 2095 684; baseline -0.013 -7"><span class='ocrx_word' id='word_1_34' title='bbox 531 623 652 676; x_wconf 86' lang='lat' dir='ltr'><strong>dem</strong></span> <span class='ocrx_word' id='word_1_35' title='bbox 681 620 879 675; x_wconf 89' lang='lat' dir='ltr'><strong>diaboli</strong></span> <span class='ocrx_word' id='word_1_36' title='bbox 911 617 1064 672; x_wconf 87' lang='lat' dir='ltr'><strong>furor</strong></span> <span class='ocrx_word' id='word_1_37' title='bbox 1093 615 1214 671; x_wconf 90' lang='lat' dir='ltr'><strong>illos</strong></span> <span class='ocrx_word' id='word_1_38' title='bbox 1250 613 1507 684; x_wconf 82' lang='lat' dir='ltr'><strong>agitabat.</strong></span> <span class='ocrx_word' id='word_1_39' title='bbox 1540 609 1881 665; x_wconf 83' lang='lat' dir='ltr'><strong>Pentecostes</strong></span> <span class='ocrx_word' id='word_1_40' title='bbox 1904 613 2095 663; x_wconf 84' lang='lat' dir='ltr'><strong>sancta</strong></span> 
     </span>
    </p>
   </div>
   <div class='ocr_carea' id='block_1_9' title="bbox 531 703 2094 778">
    <p class='ocr_par' dir='ltr' id='par_1_9' title="bbox 531 703 2094 778">
     <span class='ocr_line' id='line_1_9' title="bbox 531 703 2094 778; baseline -0.013 -9"><span class='ocrx_word' id='word_1_41' title='bbox 531 716 649 770; x_wconf 88' lang='lat' dir='ltr'><strong>dies</strong></span> <span class='ocrx_word' id='word_1_42' title='bbox 689 709 1082 778; x_wconf 90' lang='lat' dir='ltr'><strong>complebatur,</strong></span> <span class='ocrx_word' id='word_1_43' title='bbox 1114 722 1236 761; x_wconf 89' lang='lat' dir='ltr'><strong>cum</strong></span> <span class='ocrx_word' id='word_1_44' title='bbox 1264 720 1389 760; x_wconf 81' lang='lat' dir='ltr'><strong>ecce</strong></span> <span class='ocrx_word' id='word_1_45' title='bbox 1415 703 1486 757; x_wconf 86' lang='lat' dir='ltr'><strong>ibi</strong></span> <span class='ocrx_word' id='word_1_46' title='bbox 1517 711 1852 757; x_wconf 89' lang='lat' dir='ltr'><strong>armatorum</strong></span> <span class='ocrx_word' id='word_1_47' title='bbox 1899 711 2094 752; x_wconf 89' lang='lat' dir='ltr'><strong>manus</strong></span> 
     </span>
    </p>
   </div>
   <div class='ocr_carea' id='block_1_10' title="bbox 533 797 2093 867">
    <p class='ocr_par' dir='ltr' id='par_1_10' title="bbox 533 797 2093 867">
     <span class='ocr_line' id='line_1_10' title="bbox 533 797 2093 867; baseline -0.013 -8"><span class='ocrx_word' id='word_1_48' title='bbox 533 803 866 860; x_wconf 86' lang='lat' dir='ltr'><strong>domicilium</strong></span> <span class='ocrx_word' id='word_1_49' title='bbox 899 801 955 854; x_wconf 91' lang='lat' dir='ltr'><strong>in</strong></span> <span class='ocrx_word' id='word_1_50' title='bbox 986 814 1091 867; x_wconf 88' lang='lat' dir='ltr'><strong>quo</strong></span> <span class='ocrx_word' id='word_1_51' title='bbox 1115 797 1339 866; x_wconf 70' lang='lat' dir='ltr'><strong>degebat</strong></span> <span class='ocrx_word' id='word_1_52' title='bbox 1359 837 1373 859; x_wconf 85' lang='lat'><strong>,</strong></span> <span class='ocrx_word' id='word_1_53' title='bbox 1400 807 1601 848; x_wconf 88' lang='lat' dir='ltr'><strong>corona</strong></span> <span class='ocrx_word' id='word_1_54' title='bbox 1647 797 1846 861; x_wconf 70' lang='lat' dir='ltr'><strong>praeter</strong></span> <span class='ocrx_word' id='word_1_55' title='bbox 1875 802 2093 843; x_wconf 90' lang='lat' dir='ltr'><strong>omnem</strong></span> 
     </span>
    </p>
   </div>
   <div class='ocr_carea' id='block_1_11' title="bbox 533 878 2093 964">
    <p class='ocr_par' dir='ltr' id='par_1_11' title="bbox 533 878 2093 964">
     <span class='ocr_line' id='line_1_11' title="bbox 533 878 2093 964; baseline -0.013 -12"><span class='ocrx_word' id='word_1_56' title='bbox 533 895 991 964; x_wconf 79' lang='lat' dir='ltr'><strong>exspectationem</strong></span> <span class='ocrx_word' id='word_1_57' title='bbox 1034 896 1251 960; x_wconf 86' lang='lat' dir='ltr'><strong>repente</strong></span> <span class='ocrx_word' id='word_1_58' title='bbox 1274 886 1462 956; x_wconf 89' lang='lat' dir='ltr'><strong>cingit.</strong></span> <span class='ocrx_word' id='word_1_59' title='bbox 1489 883 1582 940; x_wconf 81' lang='lat' dir='ltr'><strong>Vir</strong></span> <span class='ocrx_word' id='word_1_60' title='bbox 1608 894 1830 938; x_wconf 88' lang='lat' dir='ltr'><strong>sanctus</strong></span> <span class='ocrx_word' id='word_1_61' title='bbox 1864 878 1954 933; x_wconf 92' lang='lat' dir='ltr'><strong>ubi</strong></span> <span class='ocrx_word' id='word_1_62' title='bbox 1975 879 2093 932; x_wconf 75' lang='lat' dir='ltr'><strong>ani-</strong></span> 
     </span>
    </p>
   </div>
   <div class='ocr_carea' id='block_1_12' title="bbox 534 973 2096 1053">
    <p class='ocr_par' dir='ltr' id='par_1_12' title="bbox 534 973 2096 1053">
     <span class='ocr_line' id='line_1_12' title="bbox 534 973 2096 1053; baseline -0.015 -9"><span class='ocrx_word' id='word_1_63' title='bbox 534 988 827 1044; x_wconf 89' lang='lat' dir='ltr'><strong>madvertit</strong></span> <span class='ocrx_word' id='word_1_64' title='bbox 857 1000 914 1039; x_wconf 89' lang='lat' dir='ltr'><strong>se</strong></span> <span class='ocrx_word' id='word_1_65' title='bbox 943 982 1071 1053; x_wconf 86' lang='lat' dir='ltr'><strong>peti,</strong></span> <span class='ocrx_word' id='word_1_66' title='bbox 1109 992 1163 1035; x_wconf 91' lang='lat' dir='ltr'><strong>et</strong></span> <span class='ocrx_word' id='word_1_67' title='bbox 1201 978 1483 1050; x_wconf 74' lang='lat' dir='ltr'><strong>parricidae</strong></span> <span class='ocrx_word' id='word_1_68' title='bbox 1524 974 1664 1030; x_wconf 81' lang='lat' dir='ltr'><strong>Esau</strong></span> <span class='ocrx_word' id='word_1_69' title='bbox 1699 973 1936 1028; x_wconf 88' lang='lat' dir='ltr'><strong>furorem</strong></span> <span class='ocrx_word' id='word_1_70' title='bbox 1973 985 2096 1024; x_wconf 89' lang='lat' dir='ltr'><strong>sen-</strong></span> 
     </span>
    </p>
   </div>
   <div class='ocr_carea' id='block_1_13' title="bbox 444 1065 2094 1144">
    <p class='ocr_par' dir='ltr' id='par_1_13' title="bbox 444 1065 2094 1144">
     <span class='ocr_line' id='line_1_13' title="bbox 444 1065 2094 1144; baseline -0.015 -6"><span class='ocrx_word' id='word_1_71' title='bbox 444 1089 458 1108; x_wconf 74' lang='grc'><em>³</em></span> <span class='ocrx_word' id='word_1_72' title='bbox 535 1082 628 1144; x_wconf 85' lang='lat' dir='ltr'><strong>sit,</strong></span> <span class='ocrx_word' id='word_1_73' title='bbox 659 1077 948 1135; x_wconf 81' lang='lat' dir='ltr'><strong>consilium</strong></span> <span class='ocrx_word' id='word_1_74' title='bbox 987 1081 1172 1130; x_wconf 89' lang='lat' dir='ltr'><strong>contra</strong></span> <span class='ocrx_word' id='word_1_75' title='bbox 1214 1081 1521 1140; x_wconf 87' lang='lat' dir='ltr'><strong>temporum</strong></span> <span class='ocrx_word' id='word_1_76' title='bbox 1563 1065 1961 1137; x_wconf 87' lang='lat' dir='ltr'><strong>improbitatem</strong></span> <span class='ocrx_word' id='word_1_77' title='bbox 1999 1077 2094 1130; x_wconf 87' lang='lat' dir='ltr'><strong>op-</strong></span> 
     </span>
    </p>
   </div>
   <div class='ocr_carea' id='block_1_14' title="bbox 533 1153 2097 1241">
    <p class='ocr_par' dir='ltr' id='par_1_14' title="bbox 533 1153 2097 1241">
     <span class='ocr_line' id='line_1_14' title="bbox 533 1153 2097 1241; baseline -0.013 -13"><span class='ocrx_word' id='word_1_78' title='bbox 533 1181 855 1241; x_wconf 89' lang='lat' dir='ltr'><strong>portunum,</strong></span> <span class='ocrx_word' id='word_1_79' title='bbox 919 1180 1129 1236; x_wconf 86' lang='lat' dir='ltr'><strong>suaque</strong></span> <span class='ocrx_word' id='word_1_80' title='bbox 1159 1164 1422 1235; x_wconf 84' lang='lat' dir='ltr'><strong>sapientia</strong></span> <span class='ocrx_word' id='word_1_81' title='bbox 1449 1171 1500 1214; x_wconf 93' lang='lat' dir='ltr'><strong>ct</strong></span> <span class='ocrx_word' id='word_1_82' title='bbox 1527 1157 1732 1229; x_wconf 85' lang='lat' dir='ltr'><strong>Spiritu</strong></span> <span class='ocrx_word' id='word_1_83' title='bbox 1764 1162 1954 1211; x_wconf 89' lang='lat' dir='ltr'><strong>sancto</strong></span> <span class='ocrx_word' id='word_1_84' title='bbox 1978 1153 2097 1223; x_wconf 82' lang='lat' dir='ltr'><strong>ejus</strong></span> 
     </span>
    </p>
   </div>
   <div class='ocr_carea' id='block_1_15' title="bbox 538 1243 2095 1329">
    <p class='ocr_par' dir='ltr' id='par_1_15' title="bbox 538 1243 2095 1329">
     <span class='ocr_line' id='line_1_15' title="bbox 538 1243 2095 1329; baseline -0.015 -11"><span class='ocrx_word' id='word_1_85' title='bbox 538 1271 748 1317; x_wconf 88' lang='lat' dir='ltr'><strong>rectore</strong></span> <span class='ocrx_word' id='word_1_86' title='bbox 796 1261 1016 1329; x_wconf 86' lang='lat' dir='ltr'><strong>dignum</strong></span> <span class='ocrx_word' id='word_1_87' title='bbox 1077 1255 1241 1326; x_wconf 89' lang='lat' dir='ltr'><strong>capit.</strong></span> <span class='ocrx_word' id='word_1_88' title='bbox 1295 1251 1575 1318; x_wconf 79' lang='lat' dir='ltr'><strong>Quodnam</strong></span> <span class='ocrx_word' id='word_1_89' title='bbox 1628 1246 1799 1302; x_wconf 77' lang='lat' dir='ltr'><strong>illud?</strong></span> <span class='ocrx_word' id='word_1_90' title='bbox 1857 1243 2030 1298; x_wconf 78' lang='lat' dir='ltr'><strong>Vilem</strong></span> <span class='ocrx_word' id='word_1_91' title='bbox 2064 1257 2095 1295; x_wconf 89' lang='lat' dir='ltr'><strong>a</strong></span> 
     </span>
    </p>
   </div>
   <div class='ocr_carea' id='block_1_16' title="bbox 535 1336 2098 1409">
    <p class='ocr_par' dir='ltr' id='par_1_16' title="bbox 535 1336 2098 1409">
     <span class='ocr_line' id='line_1_16' title="bbox 535 1336 2098 1409; baseline -0.014 -1"><span class='ocrx_word' id='word_1_92' title='bbox 535 1353 707 1409; x_wconf 86' lang='lat' dir='ltr'><strong>servis</strong></span> <span class='ocrx_word' id='word_1_93' title='bbox 759 1360 813 1407; x_wconf 87' lang='lat' dir='ltr'><strong>et</strong></span> <span class='ocrx_word' id='word_1_94' title='bbox 861 1347 1175 1405; x_wconf 69' lang='lat' dir='ltr'><strong>stecularem</strong></span> <span class='ocrx_word' id='word_1_95' title='bbox 1225 1346 1392 1400; x_wconf 88' lang='lat' dir='ltr'><strong>sumit</strong></span> <span class='ocrx_word' id='word_1_96' title='bbox 1451 1348 1678 1404; x_wconf 80' lang='lat' dir='ltr'><strong>vestem,</strong></span> <span class='ocrx_word' id='word_1_97' title='bbox 1743 1336 2098 1407; x_wconf 82' lang='lat' dir='ltr'><strong>geminasque</strong></span> 
     </span>
    </p>
   </div>
   <div class='ocr_carea' id='block_1_17' title="bbox 535 1421 2099 1512">
    <p class='ocr_par' dir='ltr' id='par_1_17' title="bbox 535 1421 2099 1512">
     <span class='ocr_line' id='line_1_17' title="bbox 535 1421 2099 1512; baseline -0.015 -15"><span class='ocrx_word' id='word_1_98' title='bbox 535 1451 750 1512; x_wconf 85' lang='lat' dir='ltr'><strong>sportas</strong></span> <span class='ocrx_word' id='word_1_99' title='bbox 775 1441 841 1494; x_wconf 91' lang='lat' dir='ltr'><strong>ab</strong></span> <span class='ocrx_word' id='word_1_100' title='bbox 868 1437 1112 1492; x_wconf 87' lang='lat' dir='ltr'><strong>humeris</strong></span> <span class='ocrx_word' id='word_1_101' title='bbox 1151 1447 1259 1490; x_wconf 90' lang='lat' dir='ltr'><strong>una</strong></span> <span class='ocrx_word' id='word_1_102' title='bbox 1290 1448 1321 1487; x_wconf 90' lang='lat' dir='ltr'><strong>a</strong></span> <span class='ocrx_word' id='word_1_103' title='bbox 1354 1431 1557 1502; x_wconf 89' lang='lat' dir='ltr'><strong>pertica</strong></span> <span class='ocrx_word' id='word_1_104' title='bbox 1601 1440 1901 1496; x_wconf 85' lang='lat' dir='ltr'><strong>suspensas</strong></span> <span class='ocrx_word' id='word_1_105' title='bbox 1934 1421 2099 1492; x_wconf 79' lang='lat' dir='ltr'><strong>baiuli</strong></span> 
     </span>
    </p>
   </div>
   <div class='ocr_carea' id='block_1_18' title="bbox 536 1519 2096 1604">
    <p class='ocr_par' dir='ltr' id='par_1_18' title="bbox 536 1519 2096 1604">
     <span class='ocr_line' id='line_1_18' title="bbox 536 1519 2096 1604; baseline -0.013 -16"><span class='ocrx_word' id='word_1_106' title='bbox 536 1535 642 1589; x_wconf 88' lang='lat' dir='ltr'><strong>ritu</strong></span> <span class='ocrx_word' id='word_1_107' title='bbox 675 1541 914 1604; x_wconf 76' lang='lat' dir='ltr'><strong>gestans,</strong></span> <span class='ocrx_word' id='word_1_108' title='bbox 948 1527 1189 1598; x_wconf 88' lang='lat' dir='ltr'><strong>deceptis</strong></span> <span class='ocrx_word' id='word_1_109' title='bbox 1222 1541 1317 1597; x_wconf 88' lang='lat' dir='ltr'><strong>per</strong></span> <span class='ocrx_word' id='word_1_110' title='bbox 1353 1534 1563 1579; x_wconf 89' lang='lat' dir='ltr'><strong>noctem</strong></span> <span class='ocrx_word' id='word_1_111' title='bbox 1594 1519 1938 1582; x_wconf 75' lang='lat' dir='ltr'><strong>ctustodibus,</strong></span> <span class='ocrx_word' id='word_1_112' title='bbox 1984 1528 2096 1569; x_wconf 90' lang='lat' dir='ltr'><strong>uno</strong></span> 
     </span>
    </p>
   </div>
   <div class='ocr_carea' id='block_1_19' title="bbox 536 1605 2099 1691">
    <p class='ocr_par' dir='ltr' id='par_1_19' title="bbox 536 1605 2099 1691">
     <span class='ocr_line' id='line_1_19' title="bbox 536 1605 2099 1691; baseline -0.013 -12"><span class='ocrx_word' id='word_1_113' title='bbox 536 1624 830 1680; x_wconf 87' lang='lat' dir='ltr'><strong>comitatus</strong></span> <span class='ocrx_word' id='word_1_114' title='bbox 857 1620 1127 1691; x_wconf 83' lang='lat' dir='ltr'><strong>Cypriano</strong></span> <span class='ocrx_word' id='word_1_115' title='bbox 1150 1615 1416 1685; x_wconf 91' lang='lat' dir='ltr'><strong>discipulo</strong></span> <span class='ocrx_word' id='word_1_116' title='bbox 1437 1628 1561 1682; x_wconf 89' lang='lat' dir='ltr'><strong>suo,</strong></span> <span class='ocrx_word' id='word_1_117' title='bbox 1590 1609 1852 1682; x_wconf 73' lang='lat' dir='ltr'><strong>profugit,</strong></span> <span class='ocrx_word' id='word_1_118' title='bbox 1885 1608 1990 1661; x_wconf 89' lang='lat' dir='ltr'><strong>iter</strong></span> <span class='ocrx_word' id='word_1_119' title='bbox 2014 1605 2099 1659; x_wconf 86' lang='lat' dir='ltr'><strong>ln-</strong></span> 
     </span>
    </p>
   </div>
   <div class='ocr_carea' id='block_1_20' title="bbox 467 1695 2099 1786">
    <p class='ocr_par' dir='ltr' id='par_1_20' title="bbox 467 1695 2099 1786">
     <span class='ocr_line' id='line_1_20' title="bbox 467 1695 2099 1786; baseline -0.014 -15"><span class='ocrx_word' id='word_1_120' title='bbox 467 1710 469 1713; x_wconf 71' lang='grc'><strong>’</strong></span> <span class='ocrx_word' id='word_1_121' title='bbox 535 1730 755 1786; x_wconf 82' lang='lat' dir='ltr'><strong>gressus</strong></span> <span class='ocrx_word' id='word_1_122' title='bbox 790 1727 883 1782; x_wconf 90' lang='lat' dir='ltr'><strong>per</strong></span> <span class='ocrx_word' id='word_1_123' title='bbox 909 1709 1184 1765; x_wconf 81' lang='lat' dir='ltr'><strong>embolum</strong></span> <span class='ocrx_word' id='word_1_124' title='bbox 1225 1706 1291 1762; x_wconf 89' lang='lat' dir='ltr'><strong>ad</strong></span> <span class='ocrx_word' id='word_1_125' title='bbox 1342 1704 1703 1776; x_wconf 72' lang='lat' dir='ltr'><strong>Sybaiticum.</strong></span> <span class='ocrx_word' id='word_1_126' title='bbox 1726 1697 1913 1756; x_wconf 87' lang='lat' dir='ltr'><strong>saucio</strong></span> <span class='ocrx_word' id='word_1_127' title='bbox 1944 1706 1995 1753; x_wconf 93' lang='lat' dir='ltr'><strong>et</strong></span> <span class='ocrx_word' id='word_1_128' title='bbox 2018 1695 2099 1750; x_wconf 80' lang='lat' dir='ltr'><strong>af-</strong></span> 
     </span>
    </p>
   </div>
   <div class='ocr_carea' id='block_1_21' title="bbox 539 1790 2098 1881">
    <p class='ocr_par' dir='ltr' id='par_1_21' title="bbox 539 1790 2098 1881">
     <span class='ocr_line' id='line_1_21' title="bbox 539 1790 2098 1881; baseline -0.013 -17"><span class='ocrx_word' id='word_1_129' title='bbox 539 1809 684 1881; x_wconf 74' lang='lat' dir='ltr'><strong>ﬂicto</strong></span> <span class='ocrx_word' id='word_1_130' title='bbox 709 1816 945 1876; x_wconf 87' lang='lat' dir='ltr'><strong>pectore,</strong></span> <span class='ocrx_word' id='word_1_131' title='bbox 971 1800 1115 1856; x_wconf 86' lang='lat' dir='ltr'><strong>velut</strong></span> <span class='ocrx_word' id='word_1_132' title='bbox 1142 1799 1278 1854; x_wconf 88' lang='lat' dir='ltr'><strong>alter</strong></span> <span class='ocrx_word' id='word_1_133' title='bbox 1316 1797 1502 1868; x_wconf 86' lang='lat' dir='ltr'><strong>David,</strong></span> <span class='ocrx_word' id='word_1_134' title='bbox 1558 1809 1680 1850; x_wconf 90' lang='lat' dir='ltr'><strong>cum</strong></span> <span class='ocrx_word' id='word_1_135' title='bbox 1735 1790 2043 1862; x_wconf 79' lang='lat' dir='ltr'><strong>profugeret</strong></span> <span class='ocrx_word' id='word_1_136' title='bbox 2067 1805 2098 1844; x_wconf 88' lang='lat' dir='ltr'><strong>a</strong></span> 
     </span>
    </p>
   </div>
   <div class='ocr_carea' id='block_1_22' title="bbox 536 1882 2100 1960">
    <p class='ocr_par' dir='ltr' id='par_1_22' title="bbox 536 1882 2100 1960">
     <span class='ocr_line' id='line_1_22' title="bbox 536 1882 2100 1960; baseline -0.012 -5"><span class='ocrx_word' id='word_1_137' title='bbox 536 1899 673 1955; x_wconf 81' lang='lat' dir='ltr'><strong>facie</strong></span> <span class='ocrx_word' id='word_1_138' title='bbox 701 1895 853 1951; x_wconf 86' lang='lat' dir='ltr'><strong>Saul.</strong></span> <span class='ocrx_word' id='word_1_139' title='bbox 891 1894 1181 1948; x_wconf 86' lang='lat' dir='ltr'><strong>Enimvero</strong></span> <span class='ocrx_word' id='word_1_140' title='bbox 1217 1906 1310 1960; x_wconf 88' lang='lat' dir='ltr'><strong>per</strong></span> <span class='ocrx_word' id='word_1_141' title='bbox 1363 1889 1615 1944; x_wconf 74' lang='lat' dir='ltr'><strong>tenebras</strong></span> <span class='ocrx_word' id='word_1_142' title='bbox 1653 1883 1805 1940; x_wconf 82' lang='lat' dir='ltr'><strong>eunti</strong></span> <span class='ocrx_word' id='word_1_143' title='bbox 1839 1882 2100 1938; x_wconf 86' lang='lat' dir='ltr'><strong>divinitus</strong></span> 
     </span>
    </p>
   </div>
   <div class='ocr_carea' id='block_1_23' title="bbox 491 1975 2099 2055">
    <p class='ocr_par' dir='ltr' id='par_1_23' title="bbox 491 1975 2099 2055">
     <span class='ocr_line' id='line_1_23' title="bbox 491 1975 2099 2055; baseline -0.014 -7"><span class='ocrx_word' id='word_1_144' title='bbox 491 1989 496 1992; x_wconf 79' lang='grc'><em>’</em></span> <span class='ocrx_word' id='word_1_145' title='bbox 539 1988 779 2047; x_wconf 85' lang='lat' dir='ltr'><strong>occurrit</strong></span> <span class='ocrx_word' id='word_1_146' title='bbox 807 1987 889 2046; x_wconf 83' lang='lat' dir='ltr'><strong>vir</strong></span> <span class='ocrx_word' id='word_1_147' title='bbox 913 1995 1140 2055; x_wconf 88' lang='lat' dir='ltr'><strong>augusta</strong></span> <span class='ocrx_word' id='word_1_148' title='bbox 1166 1980 1457 2038; x_wconf 87' lang='lat' dir='ltr'><strong>admodum</strong></span> <span class='ocrx_word' id='word_1_149' title='bbox 1495 1978 1631 2033; x_wconf 81' lang='lat' dir='ltr'><strong>facie</strong></span> <span class='ocrx_word' id='word_1_150' title='bbox 1663 1975 1914 2038; x_wconf 90' lang='lat' dir='ltr'><strong>decorus,</strong></span> <span class='ocrx_word' id='word_1_151' title='bbox 1946 1987 2099 2027; x_wconf 86' lang='lat' dir='ltr'><strong>coma</strong></span> 
     </span>
    </p>
   </div>
   <div class='ocr_carea' id='block_1_24' title="bbox 538 2062 2103 2145">
    <p class='ocr_par' dir='ltr' id='par_1_24' title="bbox 538 2062 2103 2145">
     <span class='ocr_line' id='line_1_24' title="bbox 538 2062 2103 2145; baseline -0.012 -14"><span class='ocrx_word' id='word_1_152' title='bbox 538 2077 820 2145; x_wconf 83' lang='lat' dir='ltr'><strong>barbaque</strong></span> <span class='ocrx_word' id='word_1_153' title='bbox 870 2073 1123 2129; x_wconf 87' lang='lat' dir='ltr'><strong>decenter</strong></span> <span class='ocrx_word' id='word_1_154' title='bbox 1151 2070 1438 2141; x_wconf 83' lang='lat' dir='ltr'><strong>promissa,</strong></span> <span class='ocrx_word' id='word_1_155' title='bbox 1463 2072 1613 2122; x_wconf 76' lang='lat' dir='ltr'><strong>veste</strong></span> <span class='ocrx_word' id='word_1_156' title='bbox 1643 2063 1890 2126; x_wconf 88' lang='lat' dir='ltr'><strong>candida,</strong></span> <span class='ocrx_word' id='word_1_157' title='bbox 1921 2062 2103 2115; x_wconf 84' lang='lat' dir='ltr'><strong>niveo-</strong></span> 
     </span>
    </p>
   </div>
   <div class='ocr_carea' id='block_1_25' title="bbox 537 2147 2102 2238">
    <p class='ocr_par' dir='ltr' id='par_1_25' title="bbox 537 2147 2102 2238">
     <span class='ocr_line' id='line_1_25' title="bbox 537 2147 2102 2238; baseline -0.015 -16"><span class='ocrx_word' id='word_1_158' title='bbox 537 2182 643 2238; x_wconf 89' lang='lat' dir='ltr'><strong>que</strong></span> <span class='ocrx_word' id='word_1_159' title='bbox 664 2174 853 2219; x_wconf 77' lang='lat' dir='ltr'><strong>vectus</strong></span> <span class='ocrx_word' id='word_1_160' title='bbox 877 2177 1038 2233; x_wconf 89' lang='lat' dir='ltr'><strong>equo,</strong></span> <span class='ocrx_word' id='word_1_161' title='bbox 1071 2149 1227 2231; x_wconf 87' lang='lat' dir='ltr'><strong>quasi</strong></span> <span class='ocrx_word' id='word_1_162' title='bbox 1275 2157 1606 2211; x_wconf 75' lang='lat' dir='ltr'><strong>Blaehernas</strong></span> <span class='ocrx_word' id='word_1_163' title='bbox 1638 2152 1900 2210; x_wconf 81' lang='lat' dir='ltr'><strong>tenderet,</strong></span> <span class='ocrx_word' id='word_1_164' title='bbox 1941 2147 2102 2219; x_wconf 81' lang='lat' dir='ltr'><strong>Igno-</strong></span> 
     </span>
    </p>
   </div>
   <div class='ocr_carea' id='block_1_26' title="bbox 539 2241 2101 2330">
    <p class='ocr_par' dir='ltr' id='par_1_26' title="bbox 539 2241 2101 2330">
     <span class='ocr_line' id='line_1_26' title="bbox 539 2241 2101 2330; baseline -0.013 -16"><span class='ocrx_word' id='word_1_165' title='bbox 539 2269 627 2330; x_wconf 87' lang='lat' dir='ltr'><strong>tus</strong></span> <span class='ocrx_word' id='word_1_166' title='bbox 654 2266 832 2312; x_wconf 88' lang='lat' dir='ltr'><strong>autem</strong></span> <span class='ocrx_word' id='word_1_167' title='bbox 885 2255 974 2310; x_wconf 85' lang='lat' dir='ltr'><strong>ille</strong></span> <span class='ocrx_word' id='word_1_168' title='bbox 1024 2253 1278 2318; x_wconf 74' lang='lat' dir='ltr'><strong>vir,cum</strong></span> <span class='ocrx_word' id='word_1_169' title='bbox 1330 2258 1560 2320; x_wconf 88' lang='lat' dir='ltr'><strong>propter</strong></span> <span class='ocrx_word' id='word_1_170' title='bbox 1608 2243 1831 2318; x_wconf 87' lang='lat' dir='ltr'><strong>luminis</strong></span> <span class='ocrx_word' id='word_1_171' title='bbox 1864 2241 2101 2310; x_wconf 89' lang='lat' dir='ltr'><strong>inopiam</strong></span> 
     </span>
    </p>
   </div>
   <div class='ocr_carea' id='block_1_27' title="bbox 537 2327 2103 2409">
    <p class='ocr_par' dir='ltr' id='par_1_27' title="bbox 537 2327 2103 2409">
     <span class='ocr_line' id='line_1_27' title="bbox 537 2327 2103 2409; baseline -0.013 -6"><span class='ocrx_word' id='word_1_172' title='bbox 537 2327 661 2404; x_wconf 87' lang='lat' dir='ltr'><strong>eum</strong></span> <span class='ocrx_word' id='word_1_173' title='bbox 689 2341 871 2400; x_wconf 89' lang='lat' dir='ltr'><strong>videre</strong></span> <span class='ocrx_word' id='word_1_174' title='bbox 891 2343 1034 2399; x_wconf 88' lang='lat' dir='ltr'><strong>clare</strong></span> <span class='ocrx_word' id='word_1_175' title='bbox 1065 2356 1172 2395; x_wconf 89' lang='lat' dir='ltr'><strong>non</strong></span> <span class='ocrx_word' id='word_1_176' title='bbox 1206 2349 1408 2409; x_wconf 86' lang='lat' dir='ltr'><strong>posset,</strong></span> <span class='ocrx_word' id='word_1_177' title='bbox 1429 2334 1598 2390; x_wconf 88' lang='lat' dir='ltr'><strong>nibilo</strong></span> <span class='ocrx_word' id='word_1_178' title='bbox 1632 2333 1832 2392; x_wconf 88' lang='lat' dir='ltr'><strong>secius,</strong></span> <span class='ocrx_word' id='word_1_179' title='bbox 1857 2327 2103 2400; x_wconf 77' lang='lat' dir='ltr'><strong>quisquis</strong></span> 
     </span>
    </p>
   </div>
   <div class='ocr_carea' id='block_1_28' title="bbox 539 2417 2100 2500">
    <p class='ocr_par' dir='ltr' id='par_1_28' title="bbox 539 2417 2100 2500">
     <span class='ocr_line' id='line_1_28' title="bbox 539 2417 2100 2500; baseline -0.014 -9"><span class='ocrx_word' id='word_1_180' title='bbox 539 2437 628 2491; x_wconf 90' lang='lat' dir='ltr'><strong>ille</strong></span> <span class='ocrx_word' id='word_1_181' title='bbox 657 2443 808 2496; x_wconf 88' lang='lat' dir='ltr'><strong>erat,</strong></span> <span class='ocrx_word' id='word_1_182' title='bbox 862 2431 1046 2487; x_wconf 85' lang='lat' dir='ltr'><strong>divino</strong></span> <span class='ocrx_word' id='word_1_183' title='bbox 1105 2427 1311 2500; x_wconf 89' lang='lat' dir='ltr'><strong>Spiritu</strong></span> <span class='ocrx_word' id='word_1_184' title='bbox 1376 2423 1644 2494; x_wconf 89' lang='lat' dir='ltr'><strong>impulsus</strong></span> <span class='ocrx_word' id='word_1_185' title='bbox 1688 2417 2100 2490; x_wconf 87' lang='lat' dir='ltr'><strong>pronuntiavit:</strong></span> 
     </span>
    </p>
   </div>
   <div class='ocr_carea' id='block_1_29' title="bbox 423 2509 2106 2596">
    <p class='ocr_par' dir='ltr' id='par_1_29' title="bbox 423 2509 2106 2596">
     <span class='ocr_line' id='line_1_29' title="bbox 423 2509 2106 2596; baseline -0.013 -12"><span class='ocrx_word' id='word_1_186' title='bbox 423 2539 432 2547; x_wconf 88' lang='lat'>&#39;</span> <span class='ocrx_word' id='word_1_187' title='bbox 543 2532 705 2594; x_wconf 84' lang='lat' dir='ltr'><strong>Deus,</strong></span> <span class='ocrx_word' id='word_1_188' title='bbox 734 2525 930 2596; x_wconf 84' lang='lat' dir='ltr'><strong>inquit,</strong></span> <span class='ocrx_word' id='word_1_189' title='bbox 950 2532 1003 2578; x_wconf 93' lang='lat' dir='ltr'><strong>ct</strong></span> <span class='ocrx_word' id='word_1_190' title='bbox 1027 2519 1365 2577; x_wconf 84' lang='lat' dir='ltr'><strong>sanctissima</strong></span> <span class='ocrx_word' id='word_1_191' title='bbox 1395 2518 1489 2572; x_wconf 91' lang='lat' dir='ltr'><strong>Dei</strong></span> <span class='ocrx_word' id='word_1_192' title='bbox 1521 2514 1711 2578; x_wconf 79' lang='lat' dir='ltr'><strong>Mater,</strong></span> <span class='ocrx_word' id='word_1_193' title='bbox 1737 2509 2106 2566; x_wconf 84' lang='lat' dir='ltr'><strong>sacratissime</strong></span> 
     </span>
    </p>
   </div>
   <div class='ocr_carea' id='block_1_30' title="bbox 542 2602 2098 2682">
    <p class='ocr_par' dir='ltr' id='par_1_30' title="bbox 542 2602 2098 2682">
     <span class='ocr_line' id='line_1_30' title="bbox 542 2602 2098 2682; baseline -0.015 -7"><span class='ocrx_word' id='word_1_194' title='bbox 542 2619 784 2682; x_wconf 81' lang='lat' dir='ltr'><strong>domine,</strong></span> <span class='ocrx_word' id='word_1_195' title='bbox 836 2627 886 2672; x_wconf 87' lang='lat' dir='ltr'><strong>te</strong></span> <span class='ocrx_word' id='word_1_196' title='bbox 916 2624 969 2671; x_wconf 92' lang='lat' dir='ltr'><strong>et</strong></span> <span class='ocrx_word' id='word_1_197' title='bbox 1014 2613 1242 2669; x_wconf 84' lang='lat' dir='ltr'><strong>comites</strong></span> <span class='ocrx_word' id='word_1_198' title='bbox 1279 2621 1402 2666; x_wconf 89' lang='lat' dir='ltr'><strong>tuos</strong></span> <span class='ocrx_word' id='word_1_199' title='bbox 1437 2615 1671 2663; x_wconf 89' lang='lat' dir='ltr'><strong>tueatur.</strong></span> <span class='ocrx_word' id='word_1_200' title='bbox 1701 2602 1874 2669; x_wconf 85' lang='lat' dir='ltr'><strong>Quam</strong></span> <span class='ocrx_word' id='word_1_201' title='bbox 1912 2613 2098 2654; x_wconf 89' lang='lat' dir='ltr'><strong>vocem</strong></span> 
     </span>
    </p>
   </div>
   <div class='ocr_carea' id='block_1_31' title="bbox 542 2695 2106 2778">
    <p class='ocr_par' dir='ltr' id='par_1_31' title="bbox 542 2695 2106 2778">
     <span class='ocr_line' id='line_1_31' title="bbox 542 2695 2106 2778; baseline -0.015 -11"><span class='ocrx_word' id='word_1_202' title='bbox 542 2712 630 2768; x_wconf 89' lang='lat' dir='ltr'><strong>ille</strong></span> <span class='ocrx_word' id='word_1_203' title='bbox 656 2725 778 2766; x_wconf 89' lang='lat' dir='ltr'><strong>cum</strong></span> <span class='ocrx_word' id='word_1_204' title='bbox 824 2717 1079 2778; x_wconf 89' lang='lat' dir='ltr'><strong>tanquam</strong></span> <span class='ocrx_word' id='word_1_205' title='bbox 1115 2701 1396 2758; x_wconf 90' lang='lat' dir='ltr'><strong>oraculum</strong></span> <span class='ocrx_word' id='word_1_206' title='bbox 1430 2715 1460 2754; x_wconf 93' lang='lat' dir='ltr'><strong>e</strong></span> <span class='ocrx_word' id='word_1_207' title='bbox 1491 2697 1632 2753; x_wconf 67' lang='lat' dir='ltr'><strong>coelo</strong></span> <span class='ocrx_word' id='word_1_208' title='bbox 1677 2695 1900 2748; x_wconf 87' lang='lat' dir='ltr'><strong>missum</strong></span> <span class='ocrx_word' id='word_1_209' title='bbox 1953 2704 2106 2744; x_wconf 82' lang='lat' dir='ltr'><strong>acce-</strong></span> 
     </span>
    </p>
   </div>
   <div class='ocr_carea' id='block_1_32' title="bbox 544 2781 2104 2874">
    <p class='ocr_par' dir='ltr' id='par_1_32' title="bbox 544 2781 2104 2874">
     <span class='ocr_line' id='line_1_32' title="bbox 544 2781 2104 2874; baseline -0.015 -16"><span class='ocrx_word' id='word_1_210' title='bbox 544 2804 737 2874; x_wconf 82' lang='lat' dir='ltr'><strong>pisset,</strong></span> <span class='ocrx_word' id='word_1_211' title='bbox 789 2808 842 2854; x_wconf 90' lang='lat' dir='ltr'><strong>et</strong></span> <span class='ocrx_word' id='word_1_212' title='bbox 884 2801 1002 2853; x_wconf 91' lang='lat' dir='ltr'><strong>loco</strong></span> <span class='ocrx_word' id='word_1_213' title='bbox 1053 2791 1319 2849; x_wconf 87' lang='lat' dir='ltr'><strong>itinerarii</strong></span> <span class='ocrx_word' id='word_1_214' title='bbox 1367 2788 1618 2853; x_wconf 90' lang='lat' dir='ltr'><strong>subsidii,</strong></span> <span class='ocrx_word' id='word_1_215' title='bbox 1662 2784 1818 2857; x_wconf 88' lang='lat' dir='ltr'><strong>quasi</strong></span> <span class='ocrx_word' id='word_1_216' title='bbox 1848 2781 2104 2837; x_wconf 83' lang='lat' dir='ltr'><strong>viaticum</strong></span> 
     </span>
    </p>
   </div>
   <div class='ocr_carea' id='block_1_33' title="bbox 544 2871 2108 2956">
    <p class='ocr_par' dir='ltr' id='par_1_33' title="bbox 544 2871 2108 2956">
     <span class='ocr_line' id='line_1_33' title="bbox 544 2871 2108 2956; baseline -0.016 -8"><span class='ocrx_word' id='word_1_217' title='bbox 544 2871 647 2948; x_wconf 76' lang='lat' dir='ltr'><strong>sibi</strong></span> <span class='ocrx_word' id='word_1_218' title='bbox 672 2891 859 2944; x_wconf 89' lang='lat' dir='ltr'><strong>datum</strong></span> <span class='ocrx_word' id='word_1_219' title='bbox 885 2891 1119 2956; x_wconf 89' lang='lat' dir='ltr'><strong>putaret,</strong></span> <span class='ocrx_word' id='word_1_220' title='bbox 1143 2881 1314 2936; x_wconf 88' lang='lat' dir='ltr'><strong>multo</strong></span> <span class='ocrx_word' id='word_1_221' title='bbox 1347 2879 1580 2934; x_wconf 85' lang='lat' dir='ltr'><strong>alacrius</strong></span> <span class='ocrx_word' id='word_1_222' title='bbox 1609 2877 1710 2930; x_wconf 91' lang='lat' dir='ltr'><strong>iter</strong></span> <span class='ocrx_word' id='word_1_223' title='bbox 1738 2871 1995 2942; x_wconf 85' lang='lat' dir='ltr'><strong>carpebat</strong></span> <span class='ocrx_word' id='word_1_224' title='bbox 2017 2888 2032 2937; x_wconf 89' lang='lat'><strong>;</strong></span> <span class='ocrx_word' id='word_1_225' title='bbox 2054 2877 2108 2923; x_wconf 90' lang='lat' dir='ltr'><strong>et</strong></span> 
     </span>
    </p>
   </div>
   <div class='ocr_carea' id='block_1_34' title="bbox 2207 414 3760 489">
    <p class='ocr_par' dir='ltr' id='par_1_34' title="bbox 2207 414 3760 489">
     <span class='ocr_line' id='line_1_34' title="bbox 2207 414 3760 489; baseline -0.002 -20"><span class='ocrx_word' id='word_1_226' title='bbox 2207 420 2364 489; x_wconf 86' lang='grc' dir='ltr'>μῖσος</span> <span class='ocrx_word' id='word_1_227' title='bbox 2396 418 2700 488; x_wconf 73' lang='grc' dir='ltr'>καθήψατο,</span> <span class='ocrx_word' id='word_1_228' title='bbox 2737 417 2829 470; x_wconf 74' lang='grc' dir='ltr'>καὶ</span> <span class='ocrx_word' id='word_1_229' title='bbox 2859 417 2956 484; x_wconf 80' lang='grc' dir='ltr'><strong>τῆς</strong></span> <span class='ocrx_word' id='word_1_230' title='bbox 3005 415 3096 469; x_wconf 83' lang='grc' dir='ltr'>τοῦ</span> <span class='ocrx_word' id='word_1_231' title='bbox 3131 414 3267 468; x_wconf 85' lang='grc' dir='ltr'><strong>Θεοῦ</strong></span> <span class='ocrx_word' id='word_1_232' title='bbox 3302 414 3648 484; x_wconf 83' lang='grc' dir='ltr'><strong>δικαιοσύνης</strong></span> <span class='ocrx_word' id='word_1_233' title='bbox 3671 414 3760 466; x_wconf 86' lang='grc' dir='ltr'>λό-</span> 
     </span>
    </p>
   </div>
   <div class='ocr_carea' id='block_1_35' title="bbox 2196 500 3756 581">
    <p class='ocr_par' dir='ltr' id='par_1_35' title="bbox 2196 500 3756 581">
     <span class='ocr_line' id='line_1_35' title="bbox 2196 500 3756 581; baseline -0.006 -17"><span class='ocrx_word' id='word_1_234' title='bbox 2196 508 2290 580; x_wconf 86' lang='grc' dir='ltr'>γος</span> <span class='ocrx_word' id='word_1_235' title='bbox 2315 510 2446 581; x_wconf 83' lang='grc' dir='ltr'>παρ’</span> <span class='ocrx_word' id='word_1_236' title='bbox 2475 500 2881 573; x_wconf 78' lang='grc' dir='ltr'>αὐτοῖςόὐδεὶς,</span> <span class='ocrx_word' id='word_1_237' title='bbox 2912 507 3007 561; x_wconf 79' lang='grc' dir='ltr'>καὶ</span> <span class='ocrx_word' id='word_1_238' title='bbox 3039 509 3066 560; x_wconf 93' lang='lat'><em>6</em></span> <span class='ocrx_word' id='word_1_239' title='bbox 3094 505 3188 560; x_wconf 80' lang='grc' dir='ltr'><strong>τοῦ</strong></span> <span class='ocrx_word' id='word_1_240' title='bbox 3224 504 3357 559; x_wconf 80' lang='grc' dir='ltr'><strong>Θεοῦ</strong></span> <span class='ocrx_word' id='word_1_241' title='bbox 3391 505 3553 575; x_wconf 83' lang='grc' dir='ltr'>φόϐος</span> <span class='ocrx_word' id='word_1_242' title='bbox 3587 505 3756 573; x_wconf 77' lang='grc' dir='ltr'>ἀπῆν,</span> 
     </span>
    </p>
   </div>
   <div class='ocr_carea' id='block_1_36' title="bbox 2199 595 3764 668">
    <p class='ocr_par' dir='ltr' id='par_1_36' title="bbox 2199 595 3764 668">
     <span class='ocr_line' id='line_1_36' title="bbox 2199 595 3764 668; baseline -0.008 -12"><span class='ocrx_word' id='word_1_243' title='bbox 2199 604 2290 656; x_wconf 73' lang='grc' dir='ltr'><strong>καὶ</strong></span> <span class='ocrx_word' id='word_1_244' title='bbox 2341 604 2370 655; x_wconf 98' lang='lat'><em>6</em></span> <span class='ocrx_word' id='word_1_245' title='bbox 2431 600 2522 654; x_wconf 76' lang='grc' dir='ltr'><strong>τοῦ</strong></span> <span class='ocrx_word' id='word_1_246' title='bbox 2563 599 2808 654; x_wconf 93' lang='grc' dir='ltr'>διαϐόλου</span> <span class='ocrx_word' id='word_1_247' title='bbox 2848 597 3006 668; x_wconf 78' lang='grc' dir='ltr'>ζῆλος</span> <span class='ocrx_word' id='word_1_248' title='bbox 3043 596 3424 660; x_wconf 65' lang='grc' dir='ltr'>ἐσπουδάζετο.</span> <span class='ocrx_word' id='word_1_249' title='bbox 3456 595 3603 664; x_wconf 82' lang='grc' dir='ltr'>Αὐτὴ</span> <span class='ocrx_word' id='word_1_250' title='bbox 3643 612 3764 646; x_wconf 63' lang='grc' dir='ltr'>συν-</span> 
     </span>
    </p>
   </div>
   <div class='ocr_carea' id='block_1_37' title="bbox 2199 686 3764 764">
    <p class='ocr_par' dir='ltr' id='par_1_37' title="bbox 2199 686 3764 764">
     <span class='ocr_line' id='line_1_37' title="bbox 2199 686 3764 764; baseline -0.006 -19"><span class='ocrx_word' id='word_1_251' title='bbox 2199 691 2564 764; x_wconf 63' lang='grc' dir='ltr'>πληροῦτοή</span> <span class='ocrx_word' id='word_1_252' title='bbox 2611 691 2710 760; x_wconf 78' lang='grc' dir='ltr'><strong>τῆς</strong></span> <span class='ocrx_word' id='word_1_253' title='bbox 2741 691 2901 759; x_wconf 83' lang='grc' dir='ltr'>ἁγίας</span> <span class='ocrx_word' id='word_1_254' title='bbox 2964 687 3344 760; x_wconf 82' lang='grc' dir='ltr'>Πεντηκοστῆς</span> <span class='ocrx_word' id='word_1_255' title='bbox 3402 686 3617 757; x_wconf 75' lang='grc' dir='ltr'>ἡμέρα,</span> <span class='ocrx_word' id='word_1_256' title='bbox 3672 686 3764 738; x_wconf 70' lang='grc' dir='ltr'>καὶ</span> 
     </span>
    </p>
   </div>
   <div class='ocr_carea' id='block_1_38' title="bbox 2202 773 3761 854">
    <p class='ocr_par' dir='ltr' id='par_1_38' title="bbox 2202 773 3761 854">
     <span class='ocr_line' id='line_1_38' title="bbox 2202 773 3761 854; baseline -0.008 -15"><span class='ocrx_word' id='word_1_257' title='bbox 2202 787 2313 840; x_wconf 78' lang='grc' dir='ltr'>ίδοὺ</span> <span class='ocrx_word' id='word_1_258' title='bbox 2344 783 2546 854; x_wconf 79' lang='grc' dir='ltr'>πλῆθος</span> <span class='ocrx_word' id='word_1_259' title='bbox 2578 780 2931 852; x_wconf 76' lang='grc' dir='ltr'><strong>στρατιωτῶν</strong></span> <span class='ocrx_word' id='word_1_260' title='bbox 2958 778 3271 854; x_wconf 85' lang='grc' dir='ltr'>ὁπλοφόρων</span> <span class='ocrx_word' id='word_1_261' title='bbox 3299 777 3389 832; x_wconf 81' lang='grc' dir='ltr'>τὸν</span> <span class='ocrx_word' id='word_1_262' title='bbox 3443 773 3591 830; x_wconf 74' lang='grc' dir='ltr'>οἷκον</span> <span class='ocrx_word' id='word_1_263' title='bbox 3617 774 3761 840; x_wconf 68' lang='grc' dir='ltr'>ἐξαί-</span> 
     </span>
    </p>
   </div>
   <div class='ocr_carea' id='block_1_39' title="bbox 2199 852 3761 947">
    <p class='ocr_par' dir='ltr' id='par_1_39' title="bbox 2199 852 3761 947">
     <span class='ocr_line' id='line_1_39' title="bbox 2199 852 3761 947; baseline -0.005 -21"><span class='ocrx_word' id='word_1_264' title='bbox 2199 894 2355 947; x_wconf 82' lang='grc' dir='ltr'>φνης,</span> <span class='ocrx_word' id='word_1_265' title='bbox 2378 852 2500 944; x_wconf 71' lang='grc' dir='ltr'><strong>ὲνῷ</strong></span> <span class='ocrx_word' id='word_1_266' title='bbox 2531 875 2821 945; x_wconf 83' lang='grc' dir='ltr'>κατήγετο,</span> <span class='ocrx_word' id='word_1_267' title='bbox 2857 852 3232 942; x_wconf 63' lang='grc' dir='ltr'>περιεκύκλου,</span> <span class='ocrx_word' id='word_1_268' title='bbox 3271 867 3414 922; x_wconf 85' lang='grc' dir='ltr'>Ἰδὼν</span> <span class='ocrx_word' id='word_1_269' title='bbox 3437 862 3531 921; x_wconf 83' lang='grc' dir='ltr'>οὖν</span> <span class='ocrx_word' id='word_1_270' title='bbox 3557 869 3588 919; x_wconf 91' lang='lat'><em>6</em></span> <span class='ocrx_word' id='word_1_271' title='bbox 3610 865 3761 933; x_wconf 78' lang='grc' dir='ltr'>άγιος</span> 
     </span>
    </p>
   </div>
   <div class='ocr_carea' id='block_1_40' title="bbox 2200 957 3763 1036">
    <p class='ocr_par' dir='ltr' id='par_1_40' title="bbox 2200 957 3763 1036">
     <span class='ocr_line' id='line_1_40' title="bbox 2200 957 3763 1036; baseline -0.007 -17"><span class='ocrx_word' id='word_1_272' title='bbox 2200 968 2407 1030; x_wconf 75' lang='grc' dir='ltr'>ἐκεῖνος</span> <span class='ocrx_word' id='word_1_273' title='bbox 2435 965 2501 1020; x_wconf 82' lang='grc' dir='ltr'>τὰ</span> <span class='ocrx_word' id='word_1_274' title='bbox 2535 966 2806 1036; x_wconf 75' lang='grc' dir='ltr'><strong>ἐρχόμενα</strong></span> <span class='ocrx_word' id='word_1_275' title='bbox 2830 963 2916 1018; x_wconf 73' lang='grc' dir='ltr'><strong>ἐπ’</strong></span> <span class='ocrx_word' id='word_1_276' title='bbox 2941 962 3127 1026; x_wconf 79' lang='grc' dir='ltr'>αὐτὸν,</span> <span class='ocrx_word' id='word_1_277' title='bbox 3164 960 3259 1014; x_wconf 63' lang='grc' dir='ltr'><strong>καὶ⁵</strong></span> <span class='ocrx_word' id='word_1_278' title='bbox 3317 959 3414 1026; x_wconf 81' lang='grc' dir='ltr'>τὴν</span> <span class='ocrx_word' id='word_1_279' title='bbox 3445 957 3763 1025; x_wconf 67' lang='grc' dir='ltr'>ἀδελφοκτόι</span> 
     </span>
    </p>
   </div>
   <div class='ocr_carea' id='block_1_41' title="bbox 2204 1054 3757 1144">
    <p class='ocr_par' dir='ltr' id='par_1_41' title="bbox 2204 1054 3757 1144">
     <span class='ocr_line' id='line_1_41' title="bbox 2204 1054 3757 1144; baseline -0.004 -30"><span class='ocrx_word' id='word_1_280' title='bbox 2204 1077 2294 1144; x_wconf 86' lang='grc' dir='ltr'><strong>νον</strong></span> <span class='ocrx_word' id='word_1_281' title='bbox 2353 1059 2549 1130; x_wconf 85' lang='grc' dir='ltr'>μανίαν</span> <span class='ocrx_word' id='word_1_282' title='bbox 2599 1060 2916 1130; x_wconf 76' lang='grc' dir='ltr'>αἰσθόμενος</span> <span class='ocrx_word' id='word_1_283' title='bbox 2949 1056 3139 1123; x_wconf 83' lang='grc' dir='ltr'>Ἡσαῦ,</span> <span class='ocrx_word' id='word_1_284' title='bbox 3191 1055 3386 1126; x_wconf 82' lang='grc' dir='ltr'>βουλὴν</span> <span class='ocrx_word' id='word_1_285' title='bbox 3429 1054 3757 1124; x_wconf 85' lang='grc' dir='ltr'>βουλεύεται.</span> 
     </span>
    </p>
   </div>
   <div class='ocr_carea' id='block_1_42' title="bbox 2200 1145 3755 1224">
    <p class='ocr_par' dir='ltr' id='par_1_42' title="bbox 2200 1145 3755 1224">
     <span class='ocr_line' id='line_1_42' title="bbox 2200 1145 3755 1224; baseline -0.005 -17"><span class='ocrx_word' id='word_1_286' title='bbox 2200 1153 2528 1224; x_wconf 78' lang='grc' dir='ltr'>ἀντίρροπον</span> <span class='ocrx_word' id='word_1_287' title='bbox 2560 1151 2658 1224; x_wconf 72' lang='grc' dir='ltr'>μὲν</span> <span class='ocrx_word' id='word_1_288' title='bbox 2682 1151 2782 1221; x_wconf 81' lang='grc' dir='ltr'><strong>τῆς</strong></span> <span class='ocrx_word' id='word_1_289' title='bbox 2809 1150 2902 1204; x_wconf 82' lang='grc' dir='ltr'><strong>τοῦ</strong></span> <span class='ocrx_word' id='word_1_290' title='bbox 2934 1149 3127 1223; x_wconf 80' lang='grc' dir='ltr'><strong>καιροῦ</strong></span> <span class='ocrx_word' id='word_1_291' title='bbox 3156 1148 3372 1214; x_wconf 79' lang='grc' dir='ltr'><strong>κακίας,</strong></span> <span class='ocrx_word' id='word_1_292' title='bbox 3394 1150 3492 1218; x_wconf 80' lang='grc' dir='ltr'>τῆς</span> <span class='ocrx_word' id='word_1_293' title='bbox 3515 1145 3680 1200; x_wconf 81' lang='grc' dir='ltr'>αὑτοῦ</span> <span class='ocrx_word' id='word_1_294' title='bbox 3699 1146 3755 1200; x_wconf 73' lang='grc' dir='ltr'>δὶ</span> 
     </span>
    </p>
   </div>
   <div class='ocr_carea' id='block_1_43' title="bbox 2202 1236 3758 1316">
    <p class='ocr_par' dir='ltr' id='par_1_43' title="bbox 2202 1236 3758 1316">
     <span class='ocr_line' id='line_1_43' title="bbox 2202 1236 3758 1316; baseline -0.004 -19"><span class='ocrx_word' id='word_1_295' title='bbox 2202 1245 2470 1308; x_wconf 83' lang='grc' dir='ltr'>συνέσεως</span> <span class='ocrx_word' id='word_1_296' title='bbox 2499 1245 2595 1299; x_wconf 78' lang='grc' dir='ltr'>καὶ</span> <span class='ocrx_word' id='word_1_297' title='bbox 2619 1245 2710 1299; x_wconf 82' lang='grc' dir='ltr'><strong>τοῦ</strong></span> <span class='ocrx_word' id='word_1_298' title='bbox 2732 1236 3053 1316; x_wconf 78' lang='grc' dir='ltr'>ὁδηγοῦντος</span> <span class='ocrx_word' id='word_1_299' title='bbox 3079 1241 3241 1296; x_wconf 80' lang='grc' dir='ltr'>αὑτὸν</span> <span class='ocrx_word' id='word_1_300' title='bbox 3268 1240 3412 1293; x_wconf 81' lang='grc' dir='ltr'>θείου</span> <span class='ocrx_word' id='word_1_301' title='bbox 3444 1238 3758 1308; x_wconf 77' lang='grc' dir='ltr'>Πνεῦματος</span> 
     </span>
    </p>
   </div>
   <div class='ocr_carea' id='block_1_44' title="bbox 2198 1329 3757 1408">
    <p class='ocr_par' dir='ltr' id='par_1_44' title="bbox 2198 1329 3757 1408">
     <span class='ocr_line' id='line_1_44' title="bbox 2198 1329 3757 1408; baseline -0.004 -20"><span class='ocrx_word' id='word_1_302' title='bbox 2198 1334 2439 1401; x_wconf 79' lang='grc' dir='ltr'>ἐπάξιον.</span> <span class='ocrx_word' id='word_1_303' title='bbox 2479 1336 2575 1400; x_wconf 84' lang='grc' dir='ltr'>Τίς</span> <span class='ocrx_word' id='word_1_304' title='bbox 2613 1336 2670 1390; x_wconf 69' lang='grc' dir='ltr'>δὲ</span> <span class='ocrx_word' id='word_1_305' title='bbox 2709 1337 2742 1408; x_wconf 80' lang='grc' dir='ltr'>ἠ</span> <span class='ocrx_word' id='word_1_306' title='bbox 2777 1335 2976 1406; x_wconf 55' lang='lat' dir='ltr'><strong>ﬁcu“);</strong></span> <span class='ocrx_word' id='word_1_307' title='bbox 3021 1332 3251 1387; x_wconf 79' lang='grc' dir='ltr'>’Δλλοιοῖ</span> <span class='ocrx_word' id='word_1_308' title='bbox 3299 1332 3397 1403; x_wconf 78' lang='grc' dir='ltr'>μὲν</span> <span class='ocrx_word' id='word_1_309' title='bbox 3426 1329 3642 1395; x_wconf 71' lang='grc' dir='ltr'>ἑαυτὸν,</span> <span class='ocrx_word' id='word_1_310' title='bbox 3681 1332 3757 1382; x_wconf 81' lang='lat' dir='ltr'><strong>ol-</strong></span> 
     </span>
    </p>
   </div>
   <div class='ocr_carea' id='block_1_45' title="bbox 2199 1423 3758 1509">
    <p class='ocr_par' dir='ltr' id='par_1_45' title="bbox 2199 1423 3758 1509">
     <span class='ocr_line' id='line_1_45' title="bbox 2199 1423 3758 1509; baseline -0.004 -28"><span class='ocrx_word' id='word_1_311' title='bbox 2199 1428 2377 1508; x_wconf 82' lang='grc' dir='ltr'>κτρὰν</span> <span class='ocrx_word' id='word_1_312' title='bbox 2405 1430 2496 1484; x_wconf 81' lang='grc' dir='ltr'>καὶ</span> <span class='ocrx_word' id='word_1_313' title='bbox 2539 1429 2733 1500; x_wconf 84' lang='grc' dir='ltr'>λαῖκὴν</span> <span class='ocrx_word' id='word_1_314' title='bbox 2781 1428 2932 1499; x_wconf 83' lang='grc' dir='ltr'>παρὰ</span> <span class='ocrx_word' id='word_1_315' title='bbox 2958 1425 3322 1509; x_wconf 40' lang='grc' dir='ltr'>τῶνοοίκετῶν</span> <span class='ocrx_word' id='word_1_316' title='bbox 3364 1423 3758 1494; x_wconf 75' lang='grc' dir='ltr'><strong>ἀνειλημμένος</strong></span> 
     </span>
    </p>
   </div>
   <div class='ocr_carea' id='block_1_46' title="bbox 2203 1513 3757 1593">
    <p class='ocr_par' dir='ltr' id='par_1_46' title="bbox 2203 1513 3757 1593">
     <span class='ocr_line' id='line_1_46' title="bbox 2203 1513 3757 1593; baseline -0.007 -18"><span class='ocrx_word' id='word_1_317' title='bbox 2203 1520 2414 1593; x_wconf 82' lang='grc' dir='ltr'>στολὴν,</span> <span class='ocrx_word' id='word_1_318' title='bbox 2449 1521 2544 1576; x_wconf 78' lang='grc' dir='ltr'>δύο</span> <span class='ocrx_word' id='word_1_319' title='bbox 2570 1521 2627 1576; x_wconf 83' lang='grc' dir='ltr'>δὲ</span> <span class='ocrx_word' id='word_1_320' title='bbox 2669 1519 2933 1591; x_wconf 76' lang='grc' dir='ltr'><strong>σπυρίδας</strong></span> <span class='ocrx_word' id='word_1_321' title='bbox 2962 1518 3048 1588; x_wconf 69' lang='grc' dir='ltr'><strong>ἐφ’</strong></span> <span class='ocrx_word' id='word_1_322' title='bbox 3087 1516 3205 1579; x_wconf 67' lang='grc' dir='ltr'>ἑνὸς</span> <span class='ocrx_word' id='word_1_323' title='bbox 3253 1514 3410 1582; x_wconf 78' lang='grc' dir='ltr'>ξύλου</span> <span class='ocrx_word' id='word_1_324' title='bbox 3451 1513 3560 1567; x_wconf 85' lang='grc' dir='ltr'><strong>τῶν</strong></span> <span class='ocrx_word' id='word_1_325' title='bbox 3616 1513 3757 1566; x_wconf 87' lang='grc' dir='ltr'>ίδίων</span> 
     </span>
    </p>
   </div>
   <div class='ocr_carea' id='block_1_47' title="bbox 2204 1604 3758 1685">
    <p class='ocr_par' dir='ltr' id='par_1_47' title="bbox 2204 1604 3758 1685">
     <span class='ocr_line' id='line_1_47' title="bbox 2204 1604 3758 1685; baseline -0.008 -17"><span class='ocrx_word' id='word_1_326' title='bbox 2204 1614 2565 1685; x_wconf 82' lang='grc' dir='ltr'>άπαιωρήσας</span> <span class='ocrx_word' id='word_1_327' title='bbox 2596 1612 2781 1684; x_wconf 77' lang='grc' dir='ltr'>ὤμων,</span> <span class='ocrx_word' id='word_1_328' title='bbox 2813 1609 3118 1681; x_wconf 83' lang='grc' dir='ltr'>άχθοφόρου</span> <span class='ocrx_word' id='word_1_329' title='bbox 3141 1607 3284 1672; x_wconf 79' lang='grc' dir='ltr'>τινὸς</span> <span class='ocrx_word' id='word_1_330' title='bbox 3309 1607 3510 1677; x_wconf 83' lang='grc' dir='ltr'>τρόπον</span> <span class='ocrx_word' id='word_1_331' title='bbox 3530 1604 3758 1674; x_wconf 78' lang='grc' dir='ltr'>ἀπέδρα,</span> 
     </span>
    </p>
   </div>
   <div class='ocr_carea' id='block_1_48' title="bbox 2201 1693 3759 1777">
    <p class='ocr_par' dir='ltr' id='par_1_48' title="bbox 2201 1693 3759 1777">
     <span class='ocr_line' id='line_1_48' title="bbox 2201 1693 3759 1777; baseline -0.01 -15"><span class='ocrx_word' id='word_1_332' title='bbox 2201 1708 2325 1772; x_wconf 78' lang='grc' dir='ltr'>τοὺς</span> <span class='ocrx_word' id='word_1_333' title='bbox 2353 1705 2598 1777; x_wconf 81' lang='grc' dir='ltr'>φύλακας</span> <span class='ocrx_word' id='word_1_334' title='bbox 2643 1703 2785 1756; x_wconf 67' lang='grc' dir='ltr'>κατὰ</span> <span class='ocrx_word' id='word_1_335' title='bbox 2823 1699 2991 1771; x_wconf 74' lang='grc' dir='ltr'>μέσας</span> <span class='ocrx_word' id='word_1_336' title='bbox 3026 1698 3226 1760; x_wconf 81' lang='grc' dir='ltr'>νύκτας</span> <span class='ocrx_word' id='word_1_337' title='bbox 3257 1695 3456 1750; x_wconf 83' lang='grc' dir='ltr'>λαθών.</span> <span class='ocrx_word' id='word_1_338' title='bbox 3500 1693 3759 1748; x_wconf 81' lang='grc' dir='ltr'>Ἐσπευδε</span> 
     </span>
    </p>
   </div>
   <div class='ocr_carea' id='block_1_49' title="bbox 2202 1788 3759 1873">
    <p class='ocr_par' dir='ltr' id='par_1_49' title="bbox 2202 1788 3759 1873">
     <span class='ocr_line' id='line_1_49' title="bbox 2202 1788 3759 1873; baseline -0.011 -16"><span class='ocrx_word' id='word_1_339' title='bbox 2202 1803 2256 1856; x_wconf 80' lang='grc' dir='ltr'>δὲ</span> <span class='ocrx_word' id='word_1_340' title='bbox 2282 1802 2396 1873; x_wconf 70' lang='grc' dir='ltr'>ἅμα</span> <span class='ocrx_word' id='word_1_341' title='bbox 2423 1799 2498 1870; x_wconf 84' lang='grc' dir='ltr'>τῷ</span> <span class='ocrx_word' id='word_1_342' title='bbox 2522 1797 2733 1868; x_wconf 77' lang='grc' dir='ltr'>μαθητῇ</span> <span class='ocrx_word' id='word_1_343' title='bbox 2761 1791 3079 1866; x_wconf 79' lang='grc' dir='ltr'>Κυπριανῷ,</span> <span class='ocrx_word' id='word_1_344' title='bbox 3109 1790 3210 1862; x_wconf 81' lang='grc' dir='ltr'>τὴν</span> <span class='ocrx_word' id='word_1_345' title='bbox 3233 1791 3322 1845; x_wconf 79' lang='grc' dir='ltr'>επὶ</span> <span class='ocrx_word' id='word_1_346' title='bbox 3350 1790 3411 1843; x_wconf 84' lang='grc' dir='ltr'>τὸ</span> <span class='ocrx_word' id='word_1_347' title='bbox 3431 1788 3759 1852; x_wconf 25' lang='grc' dir='ltr'>,Συϐαττικον</span> 
     </span>
    </p>
   </div>
   <div class='ocr_carea' id='block_1_50' title="bbox 2201 1878 3757 1961">
    <p class='ocr_par' dir='ltr' id='par_1_50' title="bbox 2201 1878 3757 1961">
     <span class='ocr_line' id='line_1_50' title="bbox 2201 1878 3757 1961; baseline -0.01 -13"><span class='ocrx_word' id='word_1_348' title='bbox 2201 1894 2288 1948; x_wconf 80' lang='grc' dir='ltr'>διὰ</span> <span class='ocrx_word' id='word_1_349' title='bbox 2318 1892 2411 1946; x_wconf 79' lang='grc' dir='ltr'>τοῦ</span> <span class='ocrx_word' id='word_1_350' title='bbox 2442 1888 2671 1961; x_wconf 71' lang='grc' dir='ltr'>ὶμϐόλου</span> <span class='ocrx_word' id='word_1_351' title='bbox 2711 1883 3029 1956; x_wconf 83' lang='grc' dir='ltr'>ποιούμενος</span> <span class='ocrx_word' id='word_1_352' title='bbox 3056 1882 3300 1954; x_wconf 76' lang='grc' dir='ltr'>πορείαν.</span> <span class='ocrx_word' id='word_1_353' title='bbox 3340 1880 3451 1950; x_wconf 83' lang='grc' dir='ltr'>Τὴν</span> <span class='ocrx_word' id='word_1_354' title='bbox 3494 1879 3669 1950; x_wconf 75' lang='grc' dir='ltr'>ψυχὴν</span> <span class='ocrx_word' id='word_1_355' title='bbox 3705 1878 3757 1932; x_wconf 77' lang='grc' dir='ltr'>δὲ</span> 
     </span>
    </p>
   </div>
   <div class='ocr_carea' id='block_1_51' title="bbox 2207 1973 3758 2055">
    <p class='ocr_par' dir='ltr' id='par_1_51' title="bbox 2207 1973 3758 2055">
     <span class='ocr_line' id='line_1_51' title="bbox 2207 1973 3758 2055; baseline -0.01 -17"><span class='ocrx_word' id='word_1_356' title='bbox 2207 1982 2642 2055; x_wconf 88' lang='grc' dir='ltr'>συντριϐόμενος,</span> <span class='ocrx_word' id='word_1_357' title='bbox 2681 1977 2778 2032; x_wconf 74' lang='grc' dir='ltr'>καὶ</span> <span class='ocrx_word' id='word_1_358' title='bbox 2826 1978 2957 2040; x_wconf 75' lang='grc' dir='ltr'>τοῖς</span> <span class='ocrx_word' id='word_1_359' title='bbox 2981 1974 3209 2047; x_wconf 87' lang='grc' dir='ltr'>δάκρυσι</span> <span class='ocrx_word' id='word_1_360' title='bbox 3258 1973 3758 2046; x_wconf 69' lang='grc' dir='ltr'>περιρραινόμενος,</span> 
     </span>
    </p>
   </div>
   <div class='ocr_carea' id='block_1_52' title="bbox 2202 2061 3760 2142">
    <p class='ocr_par' dir='ltr' id='par_1_52' title="bbox 2202 2061 3760 2142">
     <span class='ocr_line' id='line_1_52' title="bbox 2202 2061 3760 2142; baseline -0.008 -16"><span class='ocrx_word' id='word_1_361' title='bbox 2202 2073 2296 2126; x_wconf 74' lang='grc' dir='ltr'>καὶ</span> <span class='ocrx_word' id='word_1_362' title='bbox 2334 2071 2537 2142; x_wconf 84' lang='grc' dir='ltr'>σφόδρα</span> <span class='ocrx_word' id='word_1_363' title='bbox 2565 2066 2903 2137; x_wconf 57' lang='grc' dir='ltr'>κατάπικίρος</span> <span class='ocrx_word' id='word_1_364' title='bbox 2940 2063 3040 2134; x_wconf 80' lang='grc' dir='ltr'>τὴν</span> <span class='ocrx_word' id='word_1_365' title='bbox 3069 2061 3293 2134; x_wconf 79' lang='grc' dir='ltr'>καρδίαν</span> <span class='ocrx_word' id='word_1_366' title='bbox 3326 2062 3422 2116; x_wconf 66' lang='grc' dir='ltr'>καὶ</span> <span class='ocrx_word' id='word_1_367' title='bbox 3457 2061 3760 2127; x_wconf 83' lang='grc' dir='ltr'>κατώδυνος</span> 
     </span>
    </p>
   </div>
   <div class='ocr_carea' id='block_1_53' title="bbox 2203 2152 3756 2235">
    <p class='ocr_par' dir='ltr' id='par_1_53' title="bbox 2203 2152 3756 2235">
     <span class='ocr_line' id='line_1_53' title="bbox 2203 2152 3756 2235; baseline -0.008 -17"><span class='ocrx_word' id='word_1_368' title='bbox 2203 2165 2300 2231; x_wconf 81' lang='grc' dir='ltr'>ὢν,</span> <span class='ocrx_word' id='word_1_369' title='bbox 2355 2163 2572 2235; x_wconf 72' lang='grc' dir='ltr'>ἔτρεχεν</span> <span class='ocrx_word' id='word_1_370' title='bbox 2604 2159 2794 2229; x_wconf 81' lang='grc' dir='ltr'>ὥσπερ</span> <span class='ocrx_word' id='word_1_371' title='bbox 2841 2155 3005 2210; x_wconf 80' lang='grc' dir='ltr'>Δαυῒδ</span> <span class='ocrx_word' id='word_1_372' title='bbox 3046 2157 3250 2219; x_wconf 78' lang='grc' dir='ltr'>ἐκεῖνος</span> <span class='ocrx_word' id='word_1_373' title='bbox 3304 2154 3410 2207; x_wconf 81' lang='grc' dir='ltr'>άπὸ</span> <span class='ocrx_word' id='word_1_374' title='bbox 3464 2152 3756 2224; x_wconf 79' lang='grc' dir='ltr'>προσώπου</span> 
     </span>
    </p>
   </div>
   <div class='ocr_carea' id='block_1_54' title="bbox 2203 2242 3760 2323">
    <p class='ocr_par' dir='ltr' id='par_1_54' title="bbox 2203 2242 3760 2323">
     <span class='ocr_line' id='line_1_54' title="bbox 2203 2242 3760 2323; baseline -0.01 -15"><span class='ocrx_word' id='word_1_375' title='bbox 2203 2253 2481 2323; x_wconf 80' lang='grc' dir='ltr'>διαδρᾶναι</span> <span class='ocrx_word' id='word_1_376' title='bbox 2537 2249 2730 2303; x_wconf 84' lang='grc' dir='ltr'>Σαούλ.</span> <span class='ocrx_word' id='word_1_377' title='bbox 2781 2245 3068 2317; x_wconf 82' lang='grc' dir='ltr'>Κρείττονι</span> <span class='ocrx_word' id='word_1_378' title='bbox 3119 2245 3177 2298; x_wconf 71' lang='grc' dir='ltr'>δὲ</span> <span class='ocrx_word' id='word_1_379' title='bbox 3240 2243 3466 2314; x_wconf 75' lang='grc' dir='ltr'>προνοίᾳ</span> <span class='ocrx_word' id='word_1_380' title='bbox 3524 2242 3760 2312; x_wconf 72' lang='grc' dir='ltr'>συναντᾷ</span> 
     </span>
    </p>
   </div>
   <div class='ocr_carea' id='block_1_55' title="bbox 2202 2334 3761 2432">
    <p class='ocr_par' dir='ltr' id='par_1_55' title="bbox 2202 2334 3761 2432">
     <span class='ocr_line' id='line_1_55' title="bbox 2202 2334 3761 2432; baseline -0.013 -32"><span class='ocrx_word' id='word_1_381' title='bbox 2202 2345 2379 2432; x_wconf 64' lang='grc' dir='ltr'>τορτῳ</span> <span class='ocrx_word' id='word_1_382' title='bbox 2397 2345 2486 2397; x_wconf 83' lang='grc' dir='ltr'>διὰ</span> <span class='ocrx_word' id='word_1_383' title='bbox 2509 2341 2608 2409; x_wconf 85' lang='grc' dir='ltr'><strong>τῆς</strong></span> <span class='ocrx_word' id='word_1_384' title='bbox 2630 2339 2820 2402; x_wconf 78' lang='grc' dir='ltr'>νυκτὸς</span> <span class='ocrx_word' id='word_1_385' title='bbox 2850 2337 2983 2392; x_wconf 78' lang='grc' dir='ltr'>ίόντι</span> <span class='ocrx_word' id='word_1_386' title='bbox 3013 2336 3149 2416; x_wconf 78' lang='grc' dir='ltr'>ἀνήρ</span> <span class='ocrx_word' id='word_1_387' title='bbox 3175 2353 3258 2399; x_wconf 90' lang='grc' dir='ltr'><strong>τις</strong></span> <span class='ocrx_word' id='word_1_388' title='bbox 3288 2335 3430 2388; x_wconf 88' lang='grc' dir='ltr'>πάνυ</span> <span class='ocrx_word' id='word_1_389' title='bbox 3460 2335 3559 2405; x_wconf 80' lang='grc' dir='ltr'><strong>τὴν</strong></span> <span class='ocrx_word' id='word_1_390' title='bbox 3593 2334 3761 2400; x_wconf 79' lang='grc' dir='ltr'>πρόσ-</span> 
     </span>
    </p>
   </div>
   <div class='ocr_carea' id='block_1_56' title="bbox 2205 2411 3764 2516">
    <p class='ocr_par' dir='ltr' id='par_1_56' title="bbox 2205 2411 3764 2516">
     <span class='ocr_line' id='line_1_56' title="bbox 2205 2411 3764 2516; baseline -0.009 -25"><span class='ocrx_word' id='word_1_391' title='bbox 2205 2413 2326 2508; x_wconf 58' lang='grc' dir='ltr'>οιίῖιν</span> <span class='ocrx_word' id='word_1_392' title='bbox 2349 2411 2657 2516; x_wconf 65' lang='grc' dir='ltr'><strong>ἶεὺιιιιρειιι-λις,</strong></span> <span class='ocrx_word' id='word_1_393' title='bbox 2689 2433 2779 2486; x_wconf 89' lang='grc' dir='ltr'><strong>τόν</strong></span> <span class='ocrx_word' id='word_1_394' title='bbox 2812 2446 2873 2484; x_wconf 77' lang='grc' dir='ltr'>τι</span> <span class='ocrx_word' id='word_1_395' title='bbox 2905 2411 3147 2504; x_wconf 71' lang='grc' dir='ltr'>πώγωνα</span> <span class='ocrx_word' id='word_1_396' title='bbox 3184 2426 3280 2480; x_wconf 78' lang='grc' dir='ltr'>καὶ</span> <span class='ocrx_word' id='word_1_397' title='bbox 3322 2426 3422 2497; x_wconf 77' lang='grc' dir='ltr'>τὴν</span> <span class='ocrx_word' id='word_1_398' title='bbox 3459 2424 3650 2496; x_wconf 81' lang='grc' dir='ltr'>κώμην</span> <span class='ocrx_word' id='word_1_399' title='bbox 3682 2425 3764 2478; x_wconf 72' lang='lat' dir='ltr'><strong>e6-</strong></span> 
     </span>
    </p>
   </div>
   <div class='ocr_carea' id='block_1_57' title="bbox 2209 2512 3770 2592">
    <p class='ocr_par' dir='ltr' id='par_1_57' title="bbox 2209 2512 3770 2592">
     <span class='ocr_line' id='line_1_57' title="bbox 2209 2512 3770 2592; baseline -0.012 -10"><span class='ocrx_word' id='word_1_400' title='bbox 2209 2512 2772 2592; x_wconf 80' lang='grc' dir='ltr'>σταλῶςκαθειμένος</span> <span class='ocrx_word' id='word_1_401' title='bbox 2811 2519 2912 2585; x_wconf 79' lang='grc' dir='ltr'><strong>τῆς</strong></span> <span class='ocrx_word' id='word_1_402' title='bbox 2941 2515 3215 2585; x_wconf 80' lang='grc' dir='ltr'>κεφαλῆς·</span> <span class='ocrx_word' id='word_1_403' title='bbox 3247 2515 3340 2568; x_wconf 79' lang='grc' dir='ltr'>καὶ</span> <span class='ocrx_word' id='word_1_404' title='bbox 3376 2514 3537 2577; x_wconf 81' lang='grc' dir='ltr'>αὐτὸς</span> <span class='ocrx_word' id='word_1_405' title='bbox 3574 2512 3770 2582; x_wconf 73' lang='grc' dir='ltr'>στολὴν.</span> 
     </span>
    </p>
   </div>
   <div class='ocr_carea' id='block_1_58' title="bbox 2206 2603 3761 2685">
    <p class='ocr_par' dir='ltr' id='par_1_58' title="bbox 2206 2603 3761 2685">
     <span class='ocr_line' id='line_1_58' title="bbox 2206 2603 3761 2685; baseline -0.011 -13"><span class='ocrx_word' id='word_1_406' title='bbox 2206 2617 2404 2685; x_wconf 76' lang='grc' dir='ltr'>λευκὴν</span> <span class='ocrx_word' id='word_1_407' title='bbox 2429 2611 2779 2682; x_wconf 62' lang='grc' dir='ltr'>ἐσταλμένος.</span> <span class='ocrx_word' id='word_1_408' title='bbox 2810 2609 2903 2667; x_wconf 75' lang='grc' dir='ltr'>καὶ</span> <span class='ocrx_word' id='word_1_409' title='bbox 2931 2607 3080 2677; x_wconf 76' lang='grc' dir='ltr'>ἵππῳ</span> <span class='ocrx_word' id='word_1_410' title='bbox 3107 2605 3399 2659; x_wconf 70' lang='grc' dir='ltr'>ἐπιϐαίνων</span> <span class='ocrx_word' id='word_1_411' title='bbox 3431 2603 3632 2674; x_wconf 75' lang='grc' dir='ltr'>λευκῷ,</span> <span class='ocrx_word' id='word_1_412' title='bbox 3662 2604 3761 2673; x_wconf 79' lang='grc' dir='ltr'>τὴν</span> 
     </span>
    </p>
   </div>
   <div class='ocr_carea' id='block_1_59' title="bbox 2206 2690 3796 2774">
    <p class='ocr_par' dir='ltr' id='par_1_59' title="bbox 2206 2690 3796 2774">
     <span class='ocr_line' id='line_1_59' title="bbox 2206 2690 3796 2774; baseline -0.011 -12"><span class='ocrx_word' id='word_1_413' title='bbox 2206 2709 2279 2770; x_wconf 72' lang='lat' dir='ltr'><strong>ib;</strong></span> <span class='ocrx_word' id='word_1_414' title='bbox 2311 2707 2405 2760; x_wconf 73' lang='grc' dir='ltr'><strong>ἐπὶ</strong></span> <span class='ocrx_word' id='word_1_415' title='bbox 2429 2704 2736 2774; x_wconf 76' lang='grc' dir='ltr'>Βλαχέρνας</span> <span class='ocrx_word' id='word_1_416' title='bbox 2765 2697 3007 2763; x_wconf 71' lang='grc' dir='ltr'>ἐϐάδιζεν</span> <span class='ocrx_word' id='word_1_417' title='bbox 3033 2696 3171 2750; x_wconf 83' lang='grc' dir='ltr'>ὁδόν.</span> <span class='ocrx_word' id='word_1_418' title='bbox 3212 2694 3416 2764; x_wconf 79' lang='grc' dir='ltr'><strong>’Δγνὼς</strong></span> <span class='ocrx_word' id='word_1_419' title='bbox 3442 2694 3503 2747; x_wconf 76' lang='grc' dir='ltr'>δὲ</span> <span class='ocrx_word' id='word_1_420' title='bbox 3532 2695 3561 2747; x_wconf 88' lang='lat'><em>6</em></span> <span class='ocrx_word' id='word_1_421' title='bbox 3601 2693 3760 2762; x_wconf 71' lang='grc' dir='ltr'>ἀνὴρ,</span> <span class='ocrx_word' id='word_1_422' title='bbox 3789 2690 3796 2698; x_wconf 73' lang='grc'><em>”</em></span> 
     </span>
    </p>
   </div>
   <div class='ocr_carea' id='block_1_60' title="bbox 2207 2780 3777 2866">
    <p class='ocr_par' dir='ltr' id='par_1_60' title="bbox 2207 2780 3777 2866">
     <span class='ocr_line' id='line_1_60' title="bbox 2207 2780 3777 2866; baseline -0.011 -14"><span class='ocrx_word' id='word_1_423' title='bbox 2207 2800 2289 2852; x_wconf 88' lang='grc' dir='ltr'>ὃτι</span> <span class='ocrx_word' id='word_1_424' title='bbox 2322 2794 2526 2866; x_wconf 79' lang='grc' dir='ltr'>πυρσὸς</span> <span class='ocrx_word' id='word_1_425' title='bbox 2558 2788 2816 2859; x_wconf 79' lang='grc' dir='ltr'>οὐδαμοῦ,</span> <span class='ocrx_word' id='word_1_426' title='bbox 2849 2788 2943 2840; x_wconf 79' lang='grc' dir='ltr'>καὶ</span> <span class='ocrx_word' id='word_1_427' title='bbox 2971 2786 3185 2857; x_wconf 85' lang='grc' dir='ltr'>τρανῶς</span> <span class='ocrx_word' id='word_1_428' title='bbox 3234 2786 3348 2837; x_wconf 68' lang='grc' dir='ltr'>ἐκεῖ</span> <span class='ocrx_word' id='word_1_429' title='bbox 3394 2782 3583 2836; x_wconf 83' lang='grc' dir='ltr'>τοῦτον</span> <span class='ocrx_word' id='word_1_430' title='bbox 3636 2780 3777 2836; x_wconf 65' lang='grc' dir='ltr'>ίδεῐν</span> 
     </span>
    </p>
   </div>
   <div class='ocr_carea' id='block_1_61' title="bbox 2209 2873 3765 2958">
    <p class='ocr_par' dir='ltr' id='par_1_61' title="bbox 2209 2873 3765 2958">
     <span class='ocr_line' id='line_1_61' title="bbox 2209 2873 3765 2958; baseline -0.012 -16"><span class='ocrx_word' id='word_1_431' title='bbox 2209 2888 2307 2942; x_wconf 62' lang='grc' dir='ltr'>οὐκ</span> <span class='ocrx_word' id='word_1_432' title='bbox 2332 2883 2425 2958; x_wconf 79' lang='grc' dir='ltr'><strong>ἦν·</strong></span> <span class='ocrx_word' id='word_1_433' title='bbox 2455 2883 2616 2952; x_wconf 84' lang='grc' dir='ltr'>πλὴν,</span> <span class='ocrx_word' id='word_1_434' title='bbox 2665 2882 2813 2941; x_wconf 83' lang='grc' dir='ltr'>ὅστις</span> <span class='ocrx_word' id='word_1_435' title='bbox 2857 2877 2984 2931; x_wconf 77' lang='grc' dir='ltr'>ποτὲ</span> <span class='ocrx_word' id='word_1_436' title='bbox 3016 2873 3106 2948; x_wconf 77' lang='grc' dir='ltr'>ἦν,</span> <span class='ocrx_word' id='word_1_437' title='bbox 3144 2877 3435 2945; x_wconf 80' lang='grc' dir='ltr'>Πνεύματι¹</span> <span class='ocrx_word' id='word_1_438' title='bbox 3454 2873 3582 2944; x_wconf 85' lang='grc' dir='ltr'>θείῳ</span> <span class='ocrx_word' id='word_1_439' title='bbox 3611 2889 3765 2942; x_wconf 81' lang='grc' dir='ltr'>κινη-</span> 
     </span>
    </p>
   </div>
   <div class='ocr_carea' id='block_1_62' title="bbox 546 2963 2111 3062">
    <p class='ocr_par' dir='ltr' id='par_1_62' title="bbox 546 2963 2108 3037">
     <span class='ocr_line' id='line_1_62' title="bbox 546 2963 2108 3037; baseline -0.016 0"><span class='ocrx_word' id='word_1_440' title='bbox 546 2980 695 3037; x_wconf 86' lang='lat' dir='ltr'><strong>tenui</strong></span> <span class='ocrx_word' id='word_1_441' title='bbox 741 2977 832 3032; x_wconf 93' lang='lat' dir='ltr'><strong>illo</strong></span> <span class='ocrx_word' id='word_1_442' title='bbox 862 2992 924 3031; x_wconf 90' lang='lat' dir='ltr'><strong>ac</strong></span> <span class='ocrx_word' id='word_1_443' title='bbox 954 2973 1136 3030; x_wconf 88' lang='lat' dir='ltr'><strong>servili</strong></span> <span class='ocrx_word' id='word_1_444' title='bbox 1185 2970 1371 3026; x_wconf 88' lang='lat' dir='ltr'><strong>habitu</strong></span> <span class='ocrx_word' id='word_1_445' title='bbox 1423 2969 1640 3037; x_wconf 78' lang='lat' dir='ltr'><strong>ignotus</strong></span> <span class='ocrx_word' id='word_1_446' title='bbox 1665 2963 1940 3034; x_wconf 81' lang='lat' dir='ltr'><strong>navigium</strong></span> <span class='ocrx_word' id='word_1_447' title='bbox 1976 2976 2108 3020; x_wconf 88' lang='lat' dir='ltr'><strong>con-</strong></span> 
     </span>
    </p>
   </div>
   <div class='ocr_carea' id='block_1_63' title="bbox 2213 2963 3768 3062">
    <p class='ocr_par' dir='ltr' id='par_1_63' title="bbox 2213 2963 3768 3046">
     <span class='ocr_line' id='line_1_63' title="bbox 2213 2963 3768 3046; baseline -0.01 -14"><span class='ocrx_word' id='word_1_448' title='bbox 2213 2979 2344 3043; x_wconf 75' lang='grc' dir='ltr'>θεὶς,</span> <span class='ocrx_word' id='word_1_449' title='bbox 2384 2974 2616 3046; x_wconf 19' lang='grc' dir='ltr'><strong>ἔφηοηὉ</strong></span> <span class='ocrx_word' id='word_1_450' title='bbox 2641 2970 2772 3034; x_wconf 78' lang='grc' dir='ltr'>Θεὸς</span> <span class='ocrx_word' id='word_1_451' title='bbox 2796 2969 2888 3023; x_wconf 73' lang='grc' dir='ltr'><strong>καὶ</strong></span> <span class='ocrx_word' id='word_1_452' title='bbox 2936 2971 2969 3039; x_wconf 85' lang='grc' dir='ltr'><strong>ή</strong></span> <span class='ocrx_word' id='word_1_453' title='bbox 3019 2967 3311 3037; x_wconf 80' lang='grc' dir='ltr'>ὑπεραγία,</span> <span class='ocrx_word' id='word_1_454' title='bbox 3342 2965 3534 3034; x_wconf 79' lang='grc' dir='ltr'>λέγων,</span> <span class='ocrx_word' id='word_1_455' title='bbox 3577 2963 3768 3017; x_wconf 61' lang='lat'><strong>8:016-</strong></span> 
     </span>
    </p>
   </div>
   <div class='ocr_carea' id='block_1_64' title="bbox 547 3049 2109 3134">
    <p class='ocr_par' dir='ltr' id='par_1_64' title="bbox 547 3049 2109 3134">
     <span class='ocr_line' id='line_1_64' title="bbox 547 3049 2109 3134; baseline -0.018 -4"><span class='ocrx_word' id='word_1_456' title='bbox 547 3071 783 3132; x_wconf 88' lang='lat' dir='ltr'><strong>scendit,</strong></span> <span class='ocrx_word' id='word_1_457' title='bbox 817 3079 871 3124; x_wconf 90' lang='lat' dir='ltr'><strong>et</strong></span> <span class='ocrx_word' id='word_1_458' title='bbox 906 3065 1210 3134; x_wconf 75' lang='lat' dir='ltr'><strong>Principes,</strong></span> <span class='ocrx_word' id='word_1_459' title='bbox 1235 3062 1643 3124; x_wconf 70' lang='lat' dir='ltr'><strong>Prmconcsum,</strong></span> <span class='ocrx_word' id='word_1_460' title='bbox 1676 3055 1920 3122; x_wconf 85' lang='lat' dir='ltr'><strong>aliasque</strong></span> <span class='ocrx_word' id='word_1_461' title='bbox 1974 3049 2109 3105; x_wconf 86' lang='lat' dir='ltr'><strong>Pro-</strong></span> 
     </span>
    </p>
   </div>
   <div class='ocr_carea' id='block_1_65' title="bbox 549 3146 2116 3236">
    <p class='ocr_par' dir='ltr' id='par_1_65' title="bbox 549 3146 2116 3236">
     <span class='ocr_line' id='line_1_65' title="bbox 549 3146 2116 3236; baseline -0.017 -15"><span class='ocrx_word' id='word_1_462' title='bbox 549 3164 792 3236; x_wconf 88' lang='lat' dir='ltr'><strong>pontidis</strong></span> <span class='ocrx_word' id='word_1_463' title='bbox 821 3160 1047 3224; x_wconf 84' lang='lat' dir='ltr'><strong>insulas,</strong></span> <span class='ocrx_word' id='word_1_464' title='bbox 1079 3156 1238 3212; x_wconf 88' lang='lat' dir='ltr'><strong>aliam</strong></span> <span class='ocrx_word' id='word_1_465' title='bbox 1270 3169 1332 3209; x_wconf 76' lang='lat' dir='ltr'><strong>ex</strong></span> <span class='ocrx_word' id='word_1_466' title='bbox 1367 3153 1471 3207; x_wconf 88' lang='lat' dir='ltr'><strong>alia</strong></span> <span class='ocrx_word' id='word_1_467' title='bbox 1495 3146 1878 3221; x_wconf 85' lang='lat' dir='ltr'><strong>permutando,</strong></span> <span class='ocrx_word' id='word_1_468' title='bbox 1910 3157 2004 3214; x_wconf 88' lang='lat' dir='ltr'><strong>per</strong></span> <span class='ocrx_word' id='word_1_469' title='bbox 2030 3157 2116 3196; x_wconf 87' lang='lat' dir='ltr'><strong>so-</strong></span> 
     </span>
    </p>
   </div>
   <div class='ocr_carea' id='block_1_66' title="bbox 549 3238 2112 3314">
    <p class='ocr_par' dir='ltr' id='par_1_66' title="bbox 549 3238 2112 3314">
     <span class='ocr_line' id='line_1_66' title="bbox 549 3238 2112 3314; baseline -0.017 -3"><span class='ocrx_word' id='word_1_470' title='bbox 549 3255 804 3310; x_wconf 90' lang='lat' dir='ltr'><strong>litudines</strong></span> <span class='ocrx_word' id='word_1_471' title='bbox 823 3252 875 3305; x_wconf 91' lang='lat' dir='ltr'><strong>in</strong></span> <span class='ocrx_word' id='word_1_472' title='bbox 896 3247 1171 3304; x_wconf 89' lang='lat' dir='ltr'><strong>montibus</strong></span> <span class='ocrx_word' id='word_1_473' title='bbox 1185 3256 1236 3300; x_wconf 90' lang='lat' dir='ltr'><strong>et</strong></span> <span class='ocrx_word' id='word_1_474' title='bbox 1251 3242 1545 3314; x_wconf 87' lang='lat' dir='ltr'><strong>speluncis,</strong></span> <span class='ocrx_word' id='word_1_475' title='bbox 1571 3238 1927 3305; x_wconf 77' lang='lat' dir='ltr'><strong>eavernisque</strong></span> <span class='ocrx_word' id='word_1_476' title='bbox 1944 3245 2112 3296; x_wconf 69' lang='lat' dir='ltr'><strong>terrae,</strong></span> 
     </span>
    </p>
   </div>
   <div class='ocr_carea' id='block_1_67' title="bbox 553 3328 2117 3411">
    <p class='ocr_par' dir='ltr' id='par_1_67' title="bbox 553 3328 2117 3411">
     <span class='ocr_line' id='line_1_67' title="bbox 553 3328 2117 3411; baseline -0.015 -12"><span class='ocrx_word' id='word_1_477' title='bbox 553 3354 613 3399; x_wconf 90' lang='lat' dir='ltr'><strong>ut</strong></span> <span class='ocrx_word' id='word_1_478' title='bbox 656 3358 780 3399; x_wconf 90' lang='lat' dir='ltr'><strong>cum</strong></span> <span class='ocrx_word' id='word_1_479' title='bbox 819 3338 1076 3411; x_wconf 86' lang='lat' dir='ltr'><strong>Apostolo</strong></span> <span class='ocrx_word' id='word_1_480' title='bbox 1107 3338 1320 3406; x_wconf 83' lang='lat' dir='ltr'><strong>loquar,</strong></span> <span class='ocrx_word' id='word_1_481' title='bbox 1354 3332 1703 3388; x_wconf 89' lang='lat' dir='ltr'><strong>absconditus</strong></span> <span class='ocrx_word' id='word_1_482' title='bbox 1732 3328 1967 3392; x_wconf 86' lang='lat' dir='ltr'><strong>errabat,</strong></span> <span class='ocrx_word' id='word_1_483' title='bbox 1993 3339 2117 3394; x_wconf 87' lang='lat' dir='ltr'><strong>ege-</strong></span> 
     </span>
    </p>
   </div>
   <div class='ocr_carea' id='block_1_68' title="bbox 555 3414 2119 3501">
    <p class='ocr_par' dir='ltr' id='par_1_68' title="bbox 555 3414 2119 3501">
     <span class='ocr_line' id='line_1_68' title="bbox 555 3414 2119 3501; baseline -0.017 -10"><span class='ocrx_word' id='word_1_484' title='bbox 555 3451 678 3501; x_wconf 84' lang='lat' dir='ltr'><strong>nus,</strong></span> <span class='ocrx_word' id='word_1_485' title='bbox 734 3433 985 3496; x_wconf 76' lang='lat' dir='ltr'><strong>afﬂictus,</strong></span> <span class='ocrx_word' id='word_1_486' title='bbox 1070 3428 1428 3497; x_wconf 86' lang='lat' dir='ltr'><strong>angustiatus,</strong></span> <span class='ocrx_word' id='word_1_487' title='bbox 1487 3424 1799 3490; x_wconf 89' lang='lat' dir='ltr'><strong>victumque</strong></span> <span class='ocrx_word' id='word_1_488' title='bbox 1856 3414 2119 3486; x_wconf 83' lang='lat' dir='ltr'><strong>rogatoris</strong></span> 
     </span>
    </p>
   </div>
   <div class='ocr_carea' id='block_1_69' title="bbox 555 3507 2122 3594">
    <p class='ocr_par' dir='ltr' id='par_1_69' title="bbox 555 3507 2122 3594">
     <span class='ocr_line' id='line_1_69' title="bbox 555 3507 2122 3594; baseline -0.015 -11"><span class='ocrx_word' id='word_1_489' title='bbox 555 3525 729 3584; x_wconf 86' lang='lat' dir='ltr'><strong>instar</strong></span> <span class='ocrx_word' id='word_1_490' title='bbox 757 3544 784 3580; x_wconf 82' lang='lat' dir='ltr'><strong>a</strong></span> <span class='ocrx_word' id='word_1_491' title='bbox 843 3526 944 3594; x_wconf 91' lang='lat' dir='ltr'><strong>piis</strong></span> <span class='ocrx_word' id='word_1_492' title='bbox 970 3521 1298 3577; x_wconf 81' lang='lat' dir='ltr'><strong>Christianis</strong></span> <span class='ocrx_word' id='word_1_493' title='bbox 1342 3514 1737 3572; x_wconf 85' lang='lat' dir='ltr'><strong>emendicabat.</strong></span> <span class='ocrx_word' id='word_1_494' title='bbox 1777 3510 1847 3564; x_wconf 84' lang='lat' dir='ltr'><strong>At</strong></span> <span class='ocrx_word' id='word_1_495' title='bbox 1897 3507 2122 3561; x_wconf 79' lang='lat' dir='ltr'><strong>Pltotius</strong></span> 
     </span>
    </p>
   </div>
   <div class='ocr_carea' id='block_1_70' title="bbox 556 3598 2113 3684">
    <p class='ocr_par' dir='ltr' id='par_1_70' title="bbox 556 3598 2113 3684">
     <span class='ocr_line' id='line_1_70' title="bbox 556 3598 2113 3684; baseline -0.015 -13"><span class='ocrx_word' id='word_1_496' title='bbox 556 3619 780 3682; x_wconf 87' lang='lat' dir='ltr'><strong>amissa,</strong></span> <span class='ocrx_word' id='word_1_497' title='bbox 819 3627 982 3684; x_wconf 84' lang='lat' dir='ltr'><strong>quam</strong></span> <span class='ocrx_word' id='word_1_498' title='bbox 1042 3625 1136 3679; x_wconf 86' lang='lat' dir='ltr'><strong>spe</strong></span> <span class='ocrx_word' id='word_1_499' title='bbox 1169 3611 1471 3668; x_wconf 74' lang='lat' dir='ltr'><strong>devorarat,</strong></span> <span class='ocrx_word' id='word_1_500' title='bbox 1506 3603 1684 3672; x_wconf 66' lang='lat' dir='ltr'><strong>praeda</strong></span> <span class='ocrx_word' id='word_1_501' title='bbox 1728 3598 1907 3654; x_wconf 91' lang='lat' dir='ltr'><strong>omnia</strong></span> <span class='ocrx_word' id='word_1_502' title='bbox 1938 3602 2113 3651; x_wconf 82' lang='lat' dir='ltr'><strong>eoeno-</strong></span> 
     </span>
    </p>
   </div>
   <div class='ocr_carea' id='block_1_71' title="bbox 559 3684 2122 3772">
    <p class='ocr_par' dir='ltr' id='par_1_71' title="bbox 559 3684 2122 3772">
     <span class='ocr_line' id='line_1_71' title="bbox 559 3684 2122 3772; baseline -0.014 -10"><span class='ocrx_word' id='word_1_503' title='bbox 559 3708 668 3772; x_wconf 88' lang='lat' dir='ltr'><strong>bia,</strong></span> <span class='ocrx_word' id='word_1_504' title='bbox 695 3705 997 3772; x_wconf 86' lang='lat' dir='ltr'><strong>urbemque</strong></span> <span class='ocrx_word' id='word_1_505' title='bbox 1016 3701 1186 3755; x_wconf 70' lang='lat' dir='ltr'><strong>tatam</strong></span> <span class='ocrx_word' id='word_1_506' title='bbox 1211 3713 1275 3752; x_wconf 87' lang='lat' dir='ltr'><strong>ac</strong></span> <span class='ocrx_word' id='word_1_507' title='bbox 1302 3696 1562 3752; x_wconf 88' lang='lat' dir='ltr'><strong>suburbia</strong></span> <span class='ocrx_word' id='word_1_508' title='bbox 1590 3691 1915 3760; x_wconf 81' lang='lat' dir='ltr'><strong>vestigabat,</strong></span> <span class='ocrx_word' id='word_1_509' title='bbox 1951 3684 2122 3741; x_wconf 85' lang='lat' dir='ltr'><strong>sicubi</strong></span> 
     </span>
    </p>
   </div>
   <div class='ocr_carea' id='block_1_72' title="bbox 559 3781 2123 3867">
    <p class='ocr_par' dir='ltr' id='par_1_72' title="bbox 559 3781 2123 3867">
     <span class='ocr_line' id='line_1_72' title="bbox 559 3781 2123 3867; baseline -0.013 -15"><span class='ocrx_word' id='word_1_510' title='bbox 559 3800 708 3854; x_wconf 90' lang='lat' dir='ltr'><strong>velut</strong></span> <span class='ocrx_word' id='word_1_511' title='bbox 737 3799 860 3867; x_wconf 84' lang='lat' dir='ltr'><strong>igne</strong></span> <span class='ocrx_word' id='word_1_512' title='bbox 909 3793 1195 3850; x_wconf 88' lang='lat' dir='ltr'><strong>evanidum</strong></span> <span class='ocrx_word' id='word_1_513' title='bbox 1228 3789 1486 3860; x_wconf 88' lang='lat' dir='ltr'><strong>reperiret</strong></span> <span class='ocrx_word' id='word_1_514' title='bbox 1517 3786 1781 3840; x_wconf 91' lang='lat' dir='ltr'><strong>titionem.</strong></span> <span class='ocrx_word' id='word_1_515' title='bbox 1814 3781 1949 3836; x_wconf 79' lang='lat' dir='ltr'><strong>Cum</strong></span> <span class='ocrx_word' id='word_1_516' title='bbox 1995 3792 2123 3848; x_wconf 90' lang='lat' dir='ltr'><strong>ergo</strong></span> 
     </span>
    </p>
   </div>
   <div class='ocr_carea' id='block_1_73' title="bbox 562 3877 2124 3956">
    <p class='ocr_par' dir='ltr' id='par_1_73' title="bbox 562 3877 2124 3956">
     <span class='ocr_line' id='line_1_73' title="bbox 562 3877 2124 3956; baseline -0.015 -11"><span class='ocrx_word' id='word_1_517' title='bbox 562 3891 698 3945; x_wconf 88' lang='lat' dir='ltr'><strong>nihil</strong></span> <span class='ocrx_word' id='word_1_518' title='bbox 725 3903 913 3942; x_wconf 90' lang='lat' dir='ltr'><strong>eorum</strong></span> <span class='ocrx_word' id='word_1_519' title='bbox 963 3901 1083 3956; x_wconf 59' lang='lat' dir='ltr'><strong>qua).</strong></span> <span class='ocrx_word' id='word_1_520' title='bbox 1128 3884 1399 3953; x_wconf 84' lang='lat' dir='ltr'><strong>cupiebat,</strong></span> <span class='ocrx_word' id='word_1_521' title='bbox 1434 3878 1794 3934; x_wconf 87' lang='lat' dir='ltr'><strong>succederet:</strong></span> <span class='ocrx_word' id='word_1_522' title='bbox 1839 3877 2124 3942; x_wconf 79' lang='lat' dir='ltr'><strong>procurate</strong></span> 
     </span>
    </p>
   </div>
   <div class='ocr_carea' id='block_1_74' title="bbox 559 3961 2124 4048">
    <p class='ocr_par' dir='ltr' id='par_1_74' title="bbox 559 3961 2124 4048">
     <span class='ocr_line' id='line_1_74' title="bbox 559 3961 2124 4048; baseline -0.015 -10"><span class='ocrx_word' id='word_1_523' title='bbox 559 3983 737 4038; x_wconf 90' lang='lat' dir='ltr'><strong>edicto</strong></span> <span class='ocrx_word' id='word_1_524' title='bbox 768 3981 939 4048; x_wconf 81' lang='lat' dir='ltr'><strong>regio,</strong></span> <span class='ocrx_word' id='word_1_525' title='bbox 963 3977 1231 4047; x_wconf 75' lang='lat' dir='ltr'><strong>Orypliam</strong></span> <span class='ocrx_word' id='word_1_526' title='bbox 1261 3975 1409 4028; x_wconf 84' lang='lat' dir='ltr'><strong>illum</strong></span> <span class='ocrx_word' id='word_1_527' title='bbox 1433 3985 1555 4024; x_wconf 89' lang='lat' dir='ltr'><strong>cum</strong></span> <span class='ocrx_word' id='word_1_528' title='bbox 1575 3983 1668 4022; x_wconf 81' lang='lat' dir='ltr'><strong>sex</strong></span> <span class='ocrx_word' id='word_1_529' title='bbox 1694 3964 2009 4020; x_wconf 86' lang='lat' dir='ltr'><strong>cursoribus</strong></span> <span class='ocrx_word' id='word_1_530' title='bbox 2057 3961 2124 4014; x_wconf 89' lang='lat' dir='ltr'><strong>ad</strong></span> 
     </span>
    </p>
   </div>
   <div class='ocr_carea' id='block_1_75' title="bbox 561 4052 2126 4132">
    <p class='ocr_par' dir='ltr' id='par_1_75' title="bbox 561 4052 2126 4132">
     <span class='ocr_line' id='line_1_75' title="bbox 561 4052 2126 4132; baseline -0.014 -5"><span class='ocrx_word' id='word_1_531' title='bbox 561 4083 754 4127; x_wconf 87' lang='lat' dir='ltr'><strong>cuneta</strong></span> <span class='ocrx_word' id='word_1_532' title='bbox 783 4071 898 4124; x_wconf 85' lang='lat' dir='ltr'><strong>loca</strong></span> <span class='ocrx_word' id='word_1_533' title='bbox 921 4069 1214 4132; x_wconf 77' lang='lat' dir='ltr'><strong>maritima,</strong></span> <span class='ocrx_word' id='word_1_534' title='bbox 1243 4073 1577 4130; x_wconf 88' lang='lat' dir='ltr'><strong>cunctasque</strong></span> <span class='ocrx_word' id='word_1_535' title='bbox 1592 4056 1796 4112; x_wconf 88' lang='lat' dir='ltr'><strong>insulas</strong></span> <span class='ocrx_word' id='word_1_536' title='bbox 1821 4052 2126 4109; x_wconf 83' lang='lat' dir='ltr'><strong>lustrandas</strong></span> 
     </span>
    </p>
   </div>
   <div class='ocr_carea' id='block_1_76' title="bbox 563 4143 2123 4228">
    <p class='ocr_par' dir='ltr' id='par_1_76' title="bbox 563 4143 2123 4228">
     <span class='ocr_line' id='line_1_76' title="bbox 563 4143 2123 4228; baseline -0.015 -10"><span class='ocrx_word' id='word_1_537' title='bbox 563 4163 837 4226; x_wconf 88' lang='lat' dir='ltr'><strong>amandat,</strong></span> <span class='ocrx_word' id='word_1_538' title='bbox 877 4161 952 4216; x_wconf 92' lang='lat' dir='ltr'><strong>uti</strong></span> <span class='ocrx_word' id='word_1_539' title='bbox 1001 4170 1325 4228; x_wconf 85' lang='lat' dir='ltr'><strong>quocunque</strong></span> <span class='ocrx_word' id='word_1_540' title='bbox 1363 4155 1482 4207; x_wconf 89' lang='lat' dir='ltr'><strong>loco</strong></span> <span class='ocrx_word' id='word_1_541' title='bbox 1513 4148 1928 4220; x_wconf 83' lang='lat' dir='ltr'><strong>deprehensum,</strong></span> <span class='ocrx_word' id='word_1_542' title='bbox 1959 4143 2123 4198; x_wconf 86' lang='lat' dir='ltr'><strong>veluti</strong></span> 
     </span>
    </p>
   </div>
   <div class='ocr_carea' id='block_1_77' title="bbox 565 4235 2126 4322">
    <p class='ocr_par' dir='ltr' id='par_1_77' title="bbox 565 4235 2126 4322">
     <span class='ocr_line' id='line_1_77' title="bbox 565 4235 2126 4322; baseline -0.013 -15"><span class='ocrx_word' id='word_1_543' title='bbox 565 4254 990 4322; x_wconf 86' lang='lat' dir='ltr'><strong>perturbatorem</strong></span> <span class='ocrx_word' id='word_1_544' title='bbox 1011 4260 1425 4316; x_wconf 82' lang='lat' dir='ltr'><strong>eversorcmque</strong></span> <span class='ocrx_word' id='word_1_545' title='bbox 1448 4241 1680 4312; x_wconf 84' lang='lat' dir='ltr'><strong>imperii,</strong></span> <span class='ocrx_word' id='word_1_546' title='bbox 1699 4239 1763 4294; x_wconf 90' lang='lat' dir='ltr'><strong>de</strong></span> <span class='ocrx_word' id='word_1_547' title='bbox 1780 4237 1954 4292; x_wconf 90' lang='lat' dir='ltr'><strong>medio</strong></span> <span class='ocrx_word' id='word_1_548' title='bbox 1971 4235 2126 4288; x_wconf 89' lang='lat' dir='ltr'><strong>tolle-</strong></span> 
     </span>
    </p>
   </div>
   <div class='ocr_carea' id='block_1_78' title="bbox 2215 3055 3774 3132">
    <p class='ocr_par' dir='ltr' id='par_1_78' title="bbox 2215 3055 3774 3132">
     <span class='ocr_line' id='line_1_78' title="bbox 2215 3055 3774 3132; baseline -0.011 -8"><span class='ocrx_word' id='word_1_549' title='bbox 2215 3087 2308 3132; x_wconf 87' lang='grc' dir='ltr'><strong>κος</strong></span> <span class='ocrx_word' id='word_1_550' title='bbox 2333 3065 2615 3122; x_wconf 83' lang='grc' dir='ltr'>ἀκίνδυνόν</span> <span class='ocrx_word' id='word_1_551' title='bbox 2657 3079 2738 3127; x_wconf 86' lang='grc' dir='ltr'><strong>σε,</strong></span> <span class='ocrx_word' id='word_1_552' title='bbox 2778 3059 3001 3129; x_wconf 88' lang='grc' dir='ltr'>πανίερε</span> <span class='ocrx_word' id='word_1_553' title='bbox 3045 3059 3298 3122; x_wconf 78' lang='grc' dir='ltr'>δέσποτα,</span> <span class='ocrx_word' id='word_1_554' title='bbox 3346 3057 3440 3109; x_wconf 79' lang='grc' dir='ltr'>καὶ</span> <span class='ocrx_word' id='word_1_555' title='bbox 3475 3057 3600 3118; x_wconf 80' lang='grc' dir='ltr'>τοὺς</span> <span class='ocrx_word' id='word_1_556' title='bbox 3634 3055 3774 3125; x_wconf 74' lang='grc' dir='ltr'>μετὰ</span> 
     </span>
    </p>
   </div>
   <div class='ocr_carea' id='block_1_79' title="bbox 2219 3138 3771 3226">
    <p class='ocr_par' dir='ltr' id='par_1_79' title="bbox 2219 3138 3771 3226">
     <span class='ocr_line' id='line_1_79' title="bbox 2219 3138 3771 3226; baseline -0.009 -12"><span class='ocrx_word' id='word_1_557' title='bbox 2219 3159 2312 3214; x_wconf 83' lang='grc' dir='ltr'>υοῦ</span> <span class='ocrx_word' id='word_1_558' title='bbox 2360 3155 2702 3226; x_wconf 82' lang='grc' dir='ltr'>διαφυλάξαι.</span> <span class='ocrx_word' id='word_1_559' title='bbox 2754 3149 2923 3204; x_wconf 85' lang='grc' dir='ltr'>Τοῦτο</span> <span class='ocrx_word' id='word_1_560' title='bbox 2953 3138 3220 3219; x_wconf 73' lang='grc' dir='ltr'>τορἦμα,</span> <span class='ocrx_word' id='word_1_561' title='bbox 3278 3143 3496 3216; x_wconf 77' lang='grc' dir='ltr'>οἷάπερ,</span> <span class='ocrx_word' id='word_1_562' title='bbox 3553 3145 3771 3214; x_wconf 71' lang='grc' dir='ltr'>ἑφόδιον</span> 
     </span>
    </p>
   </div>
   <div class='ocr_carea' id='block_1_80' title="bbox 2217 3236 3779 3318">
    <p class='ocr_par' dir='ltr' id='par_1_80' title="bbox 2217 3236 3779 3318">
     <span class='ocr_line' id='line_1_80' title="bbox 2217 3236 3779 3318; baseline -0.017 -13"><span class='ocrx_word' id='word_1_563' title='bbox 2217 3248 2421 3318; x_wconf 83' lang='grc' dir='ltr'><strong>ἀγαθὸν</strong></span> <span class='ocrx_word' id='word_1_564' title='bbox 2454 3245 2657 3302; x_wconf 77' lang='grc' dir='ltr'>ἄνωθεν</span> <span class='ocrx_word' id='word_1_565' title='bbox 2684 3238 2818 3313; x_wconf 82' lang='grc' dir='ltr'>ἦκον</span> <span class='ocrx_word' id='word_1_566' title='bbox 2865 3240 2951 3293; x_wconf 69' lang='grc' dir='ltr'><strong>ἐπ’</strong></span> <span class='ocrx_word' id='word_1_567' title='bbox 2987 3239 3166 3302; x_wconf 73' lang='grc' dir='ltr'>αὑτὸν,</span> <span class='ocrx_word' id='word_1_568' title='bbox 3206 3239 3234 3291; x_wconf 91' lang='lat'><em>6</em></span> <span class='ocrx_word' id='word_1_569' title='bbox 3268 3237 3535 3308; x_wconf 81' lang='grc' dir='ltr'>μακάριος</span> <span class='ocrx_word' id='word_1_570' title='bbox 3577 3236 3779 3289; x_wconf 77' lang='grc' dir='ltr'>ὑποδε..</span> 
     </span>
    </p>
   </div>
   <div class='ocr_carea' id='block_1_81' title="bbox 2218 3323 3779 3409">
    <p class='ocr_par' dir='ltr' id='par_1_81' title="bbox 2218 3323 3779 3409">
     <span class='ocr_line' id='line_1_81' title="bbox 2218 3323 3779 3409; baseline -0.012 -16"><span class='ocrx_word' id='word_1_571' title='bbox 2218 3340 2470 3409; x_wconf 83' lang='grc' dir='ltr'>ξάμενος,</span> <span class='ocrx_word' id='word_1_572' title='bbox 2492 3333 2899 3404; x_wconf 80' lang='grc' dir='ltr'>προθυμότερον</span> <span class='ocrx_word' id='word_1_573' title='bbox 2931 3329 3143 3392; x_wconf 76' lang='grc' dir='ltr'>ἐϐάδιζε</span> <span class='ocrx_word' id='word_1_574' title='bbox 3167 3343 3180 3357; x_wconf 73' lang='grc'><strong><em>⁸</em></strong></span> <span class='ocrx_word' id='word_1_575' title='bbox 3209 3327 3302 3380; x_wconf 76' lang='grc' dir='ltr'>καὶ</span> <span class='ocrx_word' id='word_1_576' title='bbox 3333 3325 3411 3395; x_wconf 82' lang='grc' dir='ltr'>τῷ</span> <span class='ocrx_word' id='word_1_577' title='bbox 3432 3323 3662 3394; x_wconf 73' lang='grc' dir='ltr'>δουλικῷ</span> <span class='ocrx_word' id='word_1_578' title='bbox 3681 3326 3779 3376; x_wconf 70' lang='grc' dir='ltr'>καὶ</span> 
     </span>
    </p>
   </div>
   <div class='ocr_carea' id='block_1_82' title="bbox 2219 3415 3779 3500">
    <p class='ocr_par' dir='ltr' id='par_1_82' title="bbox 2219 3415 3779 3500">
     <span class='ocr_line' id='line_1_82' title="bbox 2219 3415 3779 3500; baseline -0.011 -17"><span class='ocrx_word' id='word_1_579' title='bbox 2219 3428 2458 3500; x_wconf 83' lang='grc' dir='ltr'>πενιχρῷ</span> <span class='ocrx_word' id='word_1_580' title='bbox 2487 3425 2725 3497; x_wconf 85' lang='grc' dir='ltr'>σχήματι</span> <span class='ocrx_word' id='word_1_581' title='bbox 2776 3421 2985 3483; x_wconf 82' lang='grc' dir='ltr'>πάντας</span> <span class='ocrx_word' id='word_1_582' title='bbox 3044 3417 3244 3482; x_wconf 84' lang='grc' dir='ltr'>λαθὼν,</span> <span class='ocrx_word' id='word_1_583' title='bbox 3297 3417 3392 3470; x_wconf 78' lang='grc' dir='ltr'>καὶ</span> <span class='ocrx_word' id='word_1_584' title='bbox 3451 3416 3533 3477; x_wconf 88' lang='grc' dir='ltr'><strong>είς</strong></span> <span class='ocrx_word' id='word_1_585' title='bbox 3587 3415 3779 3491; x_wconf 81' lang='grc' dir='ltr'>πλοῖον</span> 
     </span>
    </p>
   </div>
   <div class='ocr_carea' id='block_1_83' title="bbox 2220 3488 3778 3592">
    <p class='ocr_par' dir='ltr' id='par_1_83' title="bbox 2220 3488 3778 3592">
     <span class='ocr_line' id='line_1_83' title="bbox 2220 3488 3778 3592; baseline -0.012 -16"><span class='ocrx_word' id='word_1_586' title='bbox 2220 3488 2412 3592; x_wconf 62' lang='grc' dir='ltr'>ἐμϐάς,</span> <span class='ocrx_word' id='word_1_587' title='bbox 2685 3512 3097 3586; x_wconf 88' lang='grc' dir='ltr'>Πριγκιπείους,</span> <span class='ocrx_word' id='word_1_588' title='bbox 3126 3509 3222 3564; x_wconf 75' lang='grc' dir='ltr'>καὶ</span> <span class='ocrx_word' id='word_1_589' title='bbox 3241 3488 3694 3579; x_wconf 63' lang='grc' dir='ltr'>Προικονησίους,</span> <span class='ocrx_word' id='word_1_590' title='bbox 3713 3505 3778 3558; x_wconf 80' lang='lat'><strong>06</strong></span> 
     </span>
    </p>
   </div>
   <div class='ocr_carea' id='block_1_84' title="bbox 2223 3596 3784 3683">
    <p class='ocr_par' dir='ltr' id='par_1_84' title="bbox 2223 3596 3784 3683">
     <span class='ocr_line' id='line_1_84' title="bbox 2223 3596 3784 3683; baseline -0.013 -17"><span class='ocrx_word' id='word_1_591' title='bbox 2223 3612 2382 3683; x_wconf 86' lang='grc' dir='ltr'>μόνον</span> <span class='ocrx_word' id='word_1_592' title='bbox 2413 3611 2490 3677; x_wconf 72' lang='grc' dir='ltr'>δὲ,</span> <span class='ocrx_word' id='word_1_593' title='bbox 2527 3608 2661 3662; x_wconf 83' lang='grc' dir='ltr'>ἀλλὰ</span> <span class='ocrx_word' id='word_1_594' title='bbox 2693 3606 2785 3659; x_wconf 74' lang='grc' dir='ltr'>καὶ</span> <span class='ocrx_word' id='word_1_595' title='bbox 2832 3603 3200 3674; x_wconf 82' lang='grc' dir='ltr'>Προποντίους</span> <span class='ocrx_word' id='word_1_596' title='bbox 3245 3602 3441 3668; x_wconf 84' lang='grc' dir='ltr'>νήσους</span> <span class='ocrx_word' id='word_1_597' title='bbox 3463 3639 3477 3664; x_wconf 93' lang='grc'><strong>,</strong></span> <span class='ocrx_word' id='word_1_598' title='bbox 3508 3596 3674 3663; x_wconf 72' lang='grc' dir='ltr'>ἄλλην</span> <span class='ocrx_word' id='word_1_599' title='bbox 3719 3596 3784 3658; x_wconf 79' lang='grc' dir='ltr'>ἐξ</span> 
     </span>
    </p>
   </div>
   <div class='ocr_carea' id='block_1_85' title="bbox 2220 3684 3782 3772">
    <p class='ocr_par' dir='ltr' id='par_1_85' title="bbox 2220 3684 3782 3772">
     <span class='ocr_line' id='line_1_85' title="bbox 2220 3684 3782 3772; baseline -0.013 -16"><span class='ocrx_word' id='word_1_600' title='bbox 2220 3703 2384 3772; x_wconf 78' lang='grc' dir='ltr'>ἄλλης</span> <span class='ocrx_word' id='word_1_601' title='bbox 2427 3698 2686 3770; x_wconf 86' lang='grc' dir='ltr'>ἀμείϐων,</span> <span class='ocrx_word' id='word_1_602' title='bbox 2719 3698 2817 3749; x_wconf 70' lang='grc' dir='ltr'>καὶ</span> <span class='ocrx_word' id='word_1_603' title='bbox 2836 3697 2893 3764; x_wconf 32' lang='grc' dir='ltr'><strong>ὲκν</strong></span> <span class='ocrx_word' id='word_1_604' title='bbox 2923 3693 3181 3764; x_wconf 83' lang='grc' dir='ltr'>ἐρημίαις</span> <span class='ocrx_word' id='word_1_605' title='bbox 3211 3686 3582 3758; x_wconf 83' lang='grc' dir='ltr'>πλανώμενος,</span> <span class='ocrx_word' id='word_1_606' title='bbox 3622 3684 3782 3753; x_wconf 79' lang='grc' dir='ltr'>δρεσί</span> 
     </span>
    </p>
   </div>
   <div class='ocr_carea' id='block_1_86' title="bbox 2221 3775 3783 3858">
    <p class='ocr_par' dir='ltr' id='par_1_86' title="bbox 2221 3775 3783 3858">
     <span class='ocr_line' id='line_1_86' title="bbox 2221 3775 3783 3858; baseline -0.014 -10"><span class='ocrx_word' id='word_1_607' title='bbox 2221 3813 2279 3848; x_wconf 85' lang='grc' dir='ltr'><strong>τε</strong></span> <span class='ocrx_word' id='word_1_608' title='bbox 2339 3792 2432 3847; x_wconf 66' lang='grc' dir='ltr'><strong>καλ⁹</strong></span> <span class='ocrx_word' id='word_1_609' title='bbox 2481 3788 2781 3858; x_wconf 88' lang='grc' dir='ltr'>σπηλαίοις,</span> <span class='ocrx_word' id='word_1_610' title='bbox 2821 3785 2916 3838; x_wconf 75' lang='grc' dir='ltr'>καὶ</span> <span class='ocrx_word' id='word_1_611' title='bbox 2963 3786 3080 3845; x_wconf 85' lang='grc' dir='ltr'>ταῖς</span> <span class='ocrx_word' id='word_1_612' title='bbox 3115 3782 3213 3851; x_wconf 81' lang='grc' dir='ltr'><strong>τῆς</strong></span> <span class='ocrx_word' id='word_1_613' title='bbox 3242 3780 3366 3847; x_wconf 78' lang='grc' dir='ltr'><strong>γῆς,</strong></span> <span class='ocrx_word' id='word_1_614' title='bbox 3406 3775 3783 3836; x_wconf 77' lang='grc' dir='ltr'>άποστολικῶς</span> 
     </span>
    </p>
   </div>
   <div class='ocr_carea' id='block_1_87' title="bbox 2223 3864 3778 3954">
    <p class='ocr_par' dir='ltr' id='par_1_87' title="bbox 2223 3864 3778 3954">
     <span class='ocr_line' id='line_1_87' title="bbox 2223 3864 3778 3954; baseline -0.015 -15"><span class='ocrx_word' id='word_1_615' title='bbox 2223 3887 2405 3954; x_wconf 82' lang='grc' dir='ltr'>φάναι,</span> <span class='ocrx_word' id='word_1_616' title='bbox 2455 3878 2969 3949; x_wconf 81' lang='grc' dir='ltr'>κατακρυπτόμενος</span> <span class='ocrx_word' id='word_1_617' title='bbox 2998 3875 3188 3937; x_wconf 81' lang='grc' dir='ltr'>ὀπαῖς,</span> <span class='ocrx_word' id='word_1_618' title='bbox 3221 3864 3632 3940; x_wconf 74' lang='grc' dir='ltr'>ὑστερούμενος,</span> <span class='ocrx_word' id='word_1_619' title='bbox 3662 3866 3778 3919; x_wconf 81' lang='grc' dir='ltr'>θλι-</span> 
     </span>
    </p>
   </div>
   <div class='ocr_carea' id='block_1_88' title="bbox 2224 3959 3782 4045">
    <p class='ocr_par' dir='ltr' id='par_1_88' title="bbox 2224 3959 3782 4045">
     <span class='ocr_line' id='line_1_88' title="bbox 2224 3959 3782 4045; baseline -0.011 -18"><span class='ocrx_word' id='word_1_620' title='bbox 2224 3977 2472 4045; x_wconf 79' lang='grc' dir='ltr'>ϐόμενος,</span> <span class='ocrx_word' id='word_1_621' title='bbox 2507 3968 2775 4038; x_wconf 83' lang='grc' dir='ltr'>κακουχού</span> <span class='ocrx_word' id='word_1_622' title='bbox 2788 3982 2965 4036; x_wconf 87' lang='grc' dir='ltr'>μενος,</span> <span class='ocrx_word' id='word_1_623' title='bbox 3004 3965 3102 4026; x_wconf 86' lang='grc' dir='ltr'>τὰς</span> <span class='ocrx_word' id='word_1_624' title='bbox 3131 3962 3263 4032; x_wconf 77' lang='grc' dir='ltr'>πρὸς</span> <span class='ocrx_word' id='word_1_625' title='bbox 3298 3961 3355 4013; x_wconf 83' lang='grc' dir='ltr'>τὸ</span> <span class='ocrx_word' id='word_1_626' title='bbox 3389 3961 3492 4030; x_wconf 80' lang='grc' dir='ltr'>ζῇν</span> <span class='ocrx_word' id='word_1_627' title='bbox 3524 3959 3782 4027; x_wconf 72' lang='grc' dir='ltr'>ἀφορμὰς</span> 
     </span>
    </p>
   </div>
   <div class='ocr_carea' id='block_1_89' title="bbox 2225 4047 3779 4130">
    <p class='ocr_par' dir='ltr' id='par_1_89' title="bbox 2225 4047 3779 4130">
     <span class='ocr_line' id='line_1_89' title="bbox 2225 4047 3779 4130; baseline -0.013 -12"><span class='ocrx_word' id='word_1_628' title='bbox 2225 4064 2448 4118; x_wconf 76' lang='grc' dir='ltr'>ὲπαίτου</span> <span class='ocrx_word' id='word_1_629' title='bbox 2499 4060 2699 4130; x_wconf 89' lang='grc' dir='ltr'>τρόπον</span> <span class='ocrx_word' id='word_1_630' title='bbox 2753 4057 2842 4110; x_wconf 85' lang='grc' dir='ltr'>διὰ</span> <span class='ocrx_word' id='word_1_631' title='bbox 2889 4056 2992 4108; x_wconf 86' lang='grc' dir='ltr'>τῶν</span> <span class='ocrx_word' id='word_1_632' title='bbox 3057 4050 3419 4122; x_wconf 85' lang='grc' dir='ltr'>φιλοχρίστων</span> <span class='ocrx_word' id='word_1_633' title='bbox 3467 4047 3779 4118; x_wconf 78' lang='grc' dir='ltr'>ὴρανίζετο.</span> 
     </span>
    </p>
   </div>
   <div class='ocr_carea' id='block_1_90' title="bbox 2223 4139 3783 4228">
    <p class='ocr_par' dir='ltr' id='par_1_90' title="bbox 2223 4139 3783 4228">
     <span class='ocr_line' id='line_1_90' title="bbox 2223 4139 3783 4228; baseline -0.013 -21"><span class='ocrx_word' id='word_1_634' title='bbox 2223 4154 2420 4216; x_wconf 78' lang='grc' dir='ltr'>Φώτιος</span> <span class='ocrx_word' id='word_1_635' title='bbox 2450 4152 2506 4204; x_wconf 80' lang='grc' dir='ltr'>δὲ</span> <span class='ocrx_word' id='word_1_636' title='bbox 2538 4150 2637 4219; x_wconf 76' lang='grc' dir='ltr'><strong>τῆς</strong></span> <span class='ocrx_word' id='word_1_637' title='bbox 2668 4148 2839 4228; x_wconf 76' lang='grc' dir='ltr'>Θήρας</span> <span class='ocrx_word' id='word_1_638' title='bbox 2892 4142 3227 4215; x_wconf 86' lang='grc' dir='ltr'>διαμαρτὼν,</span> <span class='ocrx_word' id='word_1_639' title='bbox 3263 4141 3440 4194; x_wconf 83' lang='grc' dir='ltr'>πάντα</span> <span class='ocrx_word' id='word_1_640' title='bbox 3486 4139 3582 4209; x_wconf 80' lang='grc' dir='ltr'>μὲν</span> <span class='ocrx_word' id='word_1_641' title='bbox 3620 4153 3783 4207; x_wconf 74' lang='grc' dir='ltr'>μοναο</span> 
     </span>
    </p>
   </div>
   <div class='ocr_carea' id='block_1_91' title="bbox 2229 4226 3782 4312">
    <p class='ocr_par' dir='ltr' id='par_1_91' title="bbox 2229 4226 3782 4312">
     <span class='ocr_line' id='line_1_91' title="bbox 2229 4226 3782 4312; baseline -0.015 -16"><span class='ocrx_word' id='word_1_642' title='bbox 2229 4243 2442 4312; x_wconf 84' lang='grc' dir='ltr'>στήρια,</span> <span class='ocrx_word' id='word_1_643' title='bbox 2471 4241 2650 4292; x_wconf 82' lang='grc' dir='ltr'>πᾶσαν</span> <span class='ocrx_word' id='word_1_644' title='bbox 2682 4237 2737 4288; x_wconf 84' lang='grc' dir='ltr'>δὲ</span> <span class='ocrx_word' id='word_1_645' title='bbox 2762 4226 2874 4305; x_wconf 40' lang='grc' dir='ltr'>’τὴν</span> <span class='ocrx_word' id='word_1_646' title='bbox 2901 4234 3074 4297; x_wconf 87' lang='grc' dir='ltr'>πόλιν,</span> <span class='ocrx_word' id='word_1_647' title='bbox 3106 4231 3197 4284; x_wconf 76' lang='grc' dir='ltr'>καὶ</span> <span class='ocrx_word' id='word_1_648' title='bbox 3230 4230 3298 4283; x_wconf 79' lang='grc' dir='ltr'>τὰ</span> <span class='ocrx_word' id='word_1_649' title='bbox 3324 4228 3452 4297; x_wconf 76' lang='grc' dir='ltr'>περὶ</span> <span class='ocrx_word' id='word_1_650' title='bbox 3486 4226 3655 4296; x_wconf 82' lang='grc' dir='ltr'>αὐτὴν</span> <span class='ocrx_word' id='word_1_651' title='bbox 3681 4226 3782 4278; x_wconf 84' lang='grc' dir='ltr'><strong>ἀν-</strong></span> 
     </span>
    </p>
   </div>
   <div class='ocr_carea' id='block_1_92' title="bbox 565 4315 2111 4412">
    <p class='ocr_par' dir='ltr' id='par_1_92' title="bbox 565 4325 2111 4412">
     <span class='ocr_line' id='line_1_92' title="bbox 565 4325 2111 4412; baseline -0.016 -11"><span class='ocrx_word' id='word_1_652' title='bbox 565 4355 663 4401; x_wconf 89' lang='lat' dir='ltr'><strong>ret.</strong></span> <span class='ocrx_word' id='word_1_653' title='bbox 700 4345 884 4412; x_wconf 84' lang='lat' dir='ltr'><strong>itaque</strong></span> <span class='ocrx_word' id='word_1_654' title='bbox 901 4341 1129 4397; x_wconf 82' lang='lat' dir='ltr'><strong>venatici</strong></span> <span class='ocrx_word' id='word_1_655' title='bbox 1155 4339 1229 4393; x_wconf 90' lang='lat' dir='ltr'><strong>illi</strong></span> <span class='ocrx_word' id='word_1_656' title='bbox 1260 4352 1421 4392; x_wconf 86' lang='lat' dir='ltr'><strong>canes</strong></span> <span class='ocrx_word' id='word_1_657' title='bbox 1442 4331 1778 4401; x_wconf 70' lang='lat' dir='ltr'><strong>cumsmpius</strong></span> <span class='ocrx_word' id='word_1_658' title='bbox 1807 4339 1855 4382; x_wconf 86' lang='lat' dir='ltr'><strong>et</strong></span> <span class='ocrx_word' id='word_1_659' title='bbox 1881 4325 2111 4409; x_wconf 68' lang='lat' dir='ltr'><strong>pluribus</strong></span> 
     </span>
    </p>
   </div>
   <div class='ocr_carea' id='block_1_93' title="bbox 2213 4315 3782 4412">
    <p class='ocr_par' dir='ltr' id='par_1_93' title="bbox 2229 4315 3782 4402">
     <span class='ocr_line' id='line_1_93' title="bbox 2229 4315 3782 4402; baseline -0.012 -17"><span class='ocrx_word' id='word_1_660' title='bbox 2229 4333 2515 4402; x_wconf 80' lang='grc' dir='ltr'>ηρευνᾶτο,</span> <span class='ocrx_word' id='word_1_661' title='bbox 2545 4329 2597 4380; x_wconf 77' lang='lat' dir='ltr'><strong>si</strong></span> <span class='ocrx_word' id='word_1_662' title='bbox 2628 4343 2729 4378; x_wconf 90' lang='grc' dir='ltr'><strong>που</strong></span> <span class='ocrx_word' id='word_1_663' title='bbox 2759 4325 2865 4394; x_wconf 78' lang='grc' dir='ltr'>ἄρα</span> <span class='ocrx_word' id='word_1_664' title='bbox 2912 4322 3207 4377; x_wconf 87' lang='grc' dir='ltr'>καταλάϐοι</span> <span class='ocrx_word' id='word_1_665' title='bbox 3253 4320 3343 4372; x_wconf 84' lang='grc' dir='ltr'>τὸν</span> <span class='ocrx_word' id='word_1_666' title='bbox 3388 4319 3577 4384; x_wconf 81' lang='grc' dir='ltr'>ὥσπερ</span> <span class='ocrx_word' id='word_1_667' title='bbox 3623 4315 3782 4370; x_wconf 77' lang='grc' dir='ltr'>δαλὸν</span> 
     </span>
    </p>
   </div>
   <div class='ocr_carea' id='block_1_94' title="bbox 567 4416 2126 4502">
    <p class='ocr_par' dir='ltr' id='par_1_94' title="bbox 567 4416 2126 4502">
     <span class='ocr_line' id='line_1_94' title="bbox 567 4416 2126 4502; baseline -0.015 -11"><span class='ocrx_word' id='word_1_668' title='bbox 567 4439 620 4491; x_wconf 89' lang='lat' dir='ltr'><strong>in</strong></span> <span class='ocrx_word' id='word_1_669' title='bbox 640 4435 771 4489; x_wconf 85' lang='lat' dir='ltr'><strong>locis</strong></span> <span class='ocrx_word' id='word_1_670' title='bbox 792 4435 842 4487; x_wconf 93' lang='lat' dir='ltr'><strong>in</strong></span> <span class='ocrx_word' id='word_1_671' title='bbox 870 4433 1134 4502; x_wconf 83' lang='lat' dir='ltr'><strong>lgnatium</strong></span> <span class='ocrx_word' id='word_1_672' title='bbox 1159 4433 1333 4497; x_wconf 87' lang='lat' dir='ltr'><strong>ipsum</strong></span> <span class='ocrx_word' id='word_1_673' title='bbox 1359 4425 1693 4485; x_wconf 88' lang='lat' dir='ltr'><strong>incidissent,</strong></span> <span class='ocrx_word' id='word_1_674' title='bbox 1711 4418 1888 4475; x_wconf 88' lang='lat' dir='ltr'><strong>servili</strong></span> <span class='ocrx_word' id='word_1_675' title='bbox 1908 4416 2126 4470; x_wconf 87' lang='lat' dir='ltr'><strong>tunicu-</strong></span> 
     </span>
    </p>
   </div>
   <div class='ocr_carea' id='block_1_95' title="bbox 565 4504 2167 4593">
    <p class='ocr_par' dir='ltr' id='par_1_95' title="bbox 565 4504 2167 4593">
     <span class='ocr_line' id='line_1_95' title="bbox 565 4504 2167 4593; baseline -0.015 -13"><span class='ocrx_word' id='word_1_676' title='bbox 565 4529 614 4580; x_wconf 88' lang='lat' dir='ltr'><strong>la</strong></span> <span class='ocrx_word' id='word_1_677' title='bbox 645 4525 850 4593; x_wconf 84' lang='lat' dir='ltr'><strong>decepti</strong></span> <span class='ocrx_word' id='word_1_678' title='bbox 881 4539 984 4576; x_wconf 89' lang='lat' dir='ltr'><strong>non</strong></span> <span class='ocrx_word' id='word_1_679' title='bbox 1009 4526 1363 4590; x_wconf 79' lang='lat' dir='ltr'><strong>agnoverunt.</strong></span> <span class='ocrx_word' id='word_1_680' title='bbox 1384 4514 1486 4580; x_wconf 90' lang='lat' dir='ltr'><strong>Qui</strong></span> <span class='ocrx_word' id='word_1_681' title='bbox 1508 4522 1560 4568; x_wconf 89' lang='lat' dir='ltr'><strong>et</strong></span> <span class='ocrx_word' id='word_1_682' title='bbox 1585 4513 1755 4581; x_wconf 90' lang='lat' dir='ltr'><strong>ipsum</strong></span> <span class='ocrx_word' id='word_1_683' title='bbox 1774 4508 1908 4562; x_wconf 88' lang='lat' dir='ltr'><strong>alias</strong></span> <span class='ocrx_word' id='word_1_684' title='bbox 1923 4504 2127 4558; x_wconf 80' lang='lat' dir='ltr'><strong>medios</strong></span> <span class='ocrx_word' id='word_1_685' title='bbox 2163 4571 2167 4577; x_wconf 22' lang='grc' dir='ltr'><strong>η</strong></span> 
     </span>
    </p>
   </div>
   <div class='ocr_carea' id='block_1_96' title="bbox 566 4599 2124 4682">
    <p class='ocr_par' dir='ltr' id='par_1_96' title="bbox 566 4599 2124 4682">
     <span class='ocr_line' id='line_1_96' title="bbox 566 4599 2124 4682; baseline -0.017 -10"><span class='ocrx_word' id='word_1_686' title='bbox 566 4625 935 4671; x_wconf 88' lang='lat' dir='ltr'><strong>transeuntem</strong></span> <span class='ocrx_word' id='word_1_687' title='bbox 967 4609 1336 4682; x_wconf 73' lang='lat' dir='ltr'><strong>quzcritantes,</strong></span> <span class='ocrx_word' id='word_1_688' title='bbox 1356 4606 1497 4660; x_wconf 89' lang='lat' dir='ltr'><strong>velut</strong></span> <span class='ocrx_word' id='word_1_689' title='bbox 1513 4602 1714 4672; x_wconf 83' lang='lat' dir='ltr'><strong>Assyrii</strong></span> <span class='ocrx_word' id='word_1_690' title='bbox 1742 4599 1982 4655; x_wconf 63' lang='lat' dir='ltr'><strong>caecitate</strong></span> <span class='ocrx_word' id='word_1_691' title='bbox 2005 4607 2124 4662; x_wconf 85' lang='lat' dir='ltr'><strong>per-</strong></span> 
     </span>
    </p>
   </div>
   <div class='ocr_carea' id='block_1_97' title="bbox 567 4684 2124 4774">
    <p class='ocr_par' dir='ltr' id='par_1_97' title="bbox 567 4684 2124 4774">
     <span class='ocr_line' id='line_1_97' title="bbox 567 4684 2124 4774; baseline -0.018 -10"><span class='ocrx_word' id='word_1_692' title='bbox 567 4710 737 4774; x_wconf 86' lang='lat' dir='ltr'><strong>cussi,</strong></span> <span class='ocrx_word' id='word_1_693' title='bbox 775 4723 880 4761; x_wconf 91' lang='lat' dir='ltr'><strong>non</strong></span> <span class='ocrx_word' id='word_1_694' title='bbox 923 4711 1234 4760; x_wconf 81' lang='lat' dir='ltr'><strong>senserunt.</strong></span> <span class='ocrx_word' id='word_1_695' title='bbox 1281 4700 1542 4754; x_wconf 77' lang='lat' dir='ltr'><strong>A‘bierunt</strong></span> <span class='ocrx_word' id='word_1_696' title='bbox 1571 4710 1718 4764; x_wconf 90' lang='lat' dir='ltr'><strong>ergo,</strong></span> <span class='ocrx_word' id='word_1_697' title='bbox 1751 4690 1894 4760; x_wconf 89' lang='lat' dir='ltr'><strong>quod</strong></span> <span class='ocrx_word' id='word_1_698' title='bbox 1935 4696 2017 4740; x_wconf 91' lang='lat' dir='ltr'><strong>est</strong></span> <span class='ocrx_word' id='word_1_699' title='bbox 2070 4684 2124 4737; x_wconf 92' lang='lat' dir='ltr'><strong>in</strong></span> 
     </span>
    </p>
   </div>
   <div class='ocr_carea' id='block_1_98' title="bbox 565 4778 2126 4870">
    <p class='ocr_par' dir='ltr' id='par_1_98' title="bbox 565 4778 2126 4870">
     <span class='ocr_line' id='line_1_98' title="bbox 565 4778 2126 4870; baseline -0.019 -16"><span class='ocrx_word' id='word_1_700' title='bbox 565 4799 847 4870; x_wconf 70' lang='lat' dir='ltr'><strong>parmmia,</strong></span> <span class='ocrx_word' id='word_1_701' title='bbox 870 4807 926 4851; x_wconf 91' lang='lat' dir='ltr'><strong>ut</strong></span> <span class='ocrx_word' id='word_1_702' title='bbox 941 4793 1180 4849; x_wconf 84' lang='lat' dir='ltr'><strong>frustrati</strong></span> <span class='ocrx_word' id='word_1_703' title='bbox 1198 4791 1373 4861; x_wconf 66' lang='lat' dir='ltr'><strong>praeda</strong></span> <span class='ocrx_word' id='word_1_704' title='bbox 1392 4785 1742 4854; x_wconf 88' lang='lat' dir='ltr'><strong>hianteslupi.</strong></span> <span class='ocrx_word' id='word_1_705' title='bbox 1761 4778 1991 4849; x_wconf 84' lang='lat' dir='ltr'><strong>lgnatius</strong></span> <span class='ocrx_word' id='word_1_706' title='bbox 2006 4789 2126 4845; x_wconf 86' lang='lat' dir='ltr'><strong>pcr-</strong></span> 
     </span>
    </p>
   </div>
   <div class='ocr_carea' id='block_1_99' title="bbox 566 4866 2127 4954">
    <p class='ocr_par' dir='ltr' id='par_1_99' title="bbox 566 4866 2127 4954">
     <span class='ocr_line' id='line_1_99' title="bbox 566 4866 2127 4954; baseline -0.02 -7"><span class='ocrx_word' id='word_1_707' title='bbox 566 4866 759 4947; x_wconf 78' lang='lat' dir='ltr'><strong>solutis</strong></span> <span class='ocrx_word' id='word_1_708' title='bbox 785 4885 1050 4944; x_wconf 73' lang='lat' dir='ltr'><strong>Salvatori</strong></span> <span class='ocrx_word' id='word_1_709' title='bbox 1077 4899 1172 4954; x_wconf 88' lang='lat' dir='ltr'><strong>pro</strong></span> <span class='ocrx_word' id='word_1_710' title='bbox 1192 4883 1353 4937; x_wconf 86' lang='lat' dir='ltr'><strong>tutela</strong></span> <span class='ocrx_word' id='word_1_711' title='bbox 1380 4881 1542 4944; x_wconf 88' lang='lat' dir='ltr'><strong>votis,</strong></span> <span class='ocrx_word' id='word_1_712' title='bbox 1561 4893 1653 4947; x_wconf 88' lang='lat' dir='ltr'><strong>por</strong></span> <span class='ocrx_word' id='word_1_713' title='bbox 1677 4873 1874 4927; x_wconf 89' lang='lat' dir='ltr'><strong>multas</strong></span> <span class='ocrx_word' id='word_1_714' title='bbox 1904 4866 2127 4922; x_wconf 86' lang='lat' dir='ltr'><strong>tribula-</strong></span> 
     </span>
    </p>
   </div>
   <div class='ocr_carea' id='block_1_100' title="bbox 572 4956 2128 5046">
    <p class='ocr_par' dir='ltr' id='par_1_100' title="bbox 572 4956 2128 5046">
     <span class='ocr_line' id='line_1_100' title="bbox 572 4956 2128 5046; baseline -0.016 -12"><span class='ocrx_word' id='word_1_715' title='bbox 572 4977 749 5034; x_wconf 87' lang='lat' dir='ltr'><strong>tiones</strong></span> <span class='ocrx_word' id='word_1_716' title='bbox 782 4977 850 5032; x_wconf 88' lang='lat' dir='ltr'><strong>ad</strong></span> <span class='ocrx_word' id='word_1_717' title='bbox 873 4991 1097 5046; x_wconf 80' lang='lat' dir='ltr'><strong>regnum</strong></span> <span class='ocrx_word' id='word_1_718' title='bbox 1130 4973 1388 5027; x_wconf 67' lang='lat' dir='ltr'><strong>caelorum</strong></span> <span class='ocrx_word' id='word_1_719' title='bbox 1423 4965 1800 5025; x_wconf 87' lang='lat' dir='ltr'><strong>contendebat.</strong></span> <span class='ocrx_word' id='word_1_720' title='bbox 1842 4961 2017 5027; x_wconf 81' lang='lat' dir='ltr'><strong>Atque</strong></span> <span class='ocrx_word' id='word_1_721' title='bbox 2051 4956 2128 5010; x_wconf 90' lang='lat' dir='ltr'><strong>illi</strong></span> 
     </span>
    </p>
   </div>
   <div class='ocr_carea' id='block_1_101' title="bbox 565 5048 2128 5141">
    <p class='ocr_par' dir='ltr' id='par_1_101' title="bbox 565 5048 2128 5141">
     <span class='ocr_line' id='line_1_101' title="bbox 565 5048 2128 5141; baseline -0.016 -17"><span class='ocrx_word' id='word_1_722' title='bbox 565 5069 783 5141; x_wconf 88' lang='lat' dir='ltr'><strong>quidem</strong></span> <span class='ocrx_word' id='word_1_723' title='bbox 804 5069 917 5122; x_wconf 61' lang='lat' dir='ltr'><strong>bare</strong></span> <span class='ocrx_word' id='word_1_724' title='bbox 929 5064 1178 5136; x_wconf 87' lang='lat' dir='ltr'><strong>agebant.</strong></span> <span class='ocrx_word' id='word_1_725' title='bbox 1195 5063 1335 5137; x_wconf 78' lang='lat' dir='ltr'><strong>Quid</strong></span> <span class='ocrx_word' id='word_1_726' title='bbox 1361 5077 1486 5117; x_wconf 89' lang='lat' dir='ltr'><strong>vero</strong></span> <span class='ocrx_word' id='word_1_727' title='bbox 1509 5062 1619 5113; x_wconf 66' lang='lat' dir='ltr'><strong>haec</strong></span> <span class='ocrx_word' id='word_1_728' title='bbox 1640 5053 1742 5106; x_wconf 86' lang='lat' dir='ltr'><strong>illis</strong></span> <span class='ocrx_word' id='word_1_729' title='bbox 1764 5048 2128 5111; x_wconf 89' lang='lat' dir='ltr'><strong>molientibus,</strong></span> 
     </span>
    </p>
   </div>
   <div class='ocr_carea' id='block_1_102' title="bbox 567 5139 2130 5229">
    <p class='ocr_par' dir='ltr' id='par_1_102' title="bbox 567 5139 2130 5229">
     <span class='ocr_line' id='line_1_102' title="bbox 567 5139 2130 5229; baseline -0.017 -14"><span class='ocrx_word' id='word_1_730' title='bbox 567 5139 915 5229; x_wconf 80' lang='lat' dir='ltr'><strong>longanimis,</strong></span> <span class='ocrx_word' id='word_1_731' title='bbox 941 5156 1138 5225; x_wconf 85' lang='lat' dir='ltr'><strong>justus,</strong></span> <span class='ocrx_word' id='word_1_732' title='bbox 1178 5163 1229 5208; x_wconf 92' lang='lat' dir='ltr'><strong>et</strong></span> <span class='ocrx_word' id='word_1_733' title='bbox 1251 5153 1409 5208; x_wconf 84' lang='lat' dir='ltr'><strong>fortis</strong></span> <span class='ocrx_word' id='word_1_734' title='bbox 1445 5149 1602 5209; x_wconf 83' lang='lat' dir='ltr'><strong>Deus,</strong></span> <span class='ocrx_word' id='word_1_735' title='bbox 1635 5145 1726 5211; x_wconf 88' lang='lat' dir='ltr'><strong>qui</strong></span> <span class='ocrx_word' id='word_1_736' title='bbox 1750 5157 1853 5195; x_wconf 86' lang='lat' dir='ltr'><strong>non</strong></span> <span class='ocrx_word' id='word_1_737' title='bbox 1879 5139 2130 5194; x_wconf 81' lang='lat' dir='ltr'><strong>irascitur</strong></span> 
     </span>
    </p>
   </div>
   <div class='ocr_carea' id='block_1_103' title="bbox 569 5232 2126 5323">
    <p class='ocr_par' dir='ltr' id='par_1_103' title="bbox 569 5232 2126 5323">
     <span class='ocr_line' id='line_1_103' title="bbox 569 5232 2126 5323; baseline -0.015 -18"><span class='ocrx_word' id='word_1_738' title='bbox 569 5268 662 5323; x_wconf 85' lang='lat' dir='ltr'><strong>per</strong></span> <span class='ocrx_word' id='word_1_739' title='bbox 691 5251 930 5320; x_wconf 88' lang='lat' dir='ltr'><strong>singulos</strong></span> <span class='ocrx_word' id='word_1_740' title='bbox 960 5249 1108 5303; x_wconf 72' lang='lat' dir='ltr'><strong>dies?</strong></span> <span class='ocrx_word' id='word_1_741' title='bbox 1133 5264 1198 5302; x_wconf 91' lang='lat' dir='ltr'><strong>an</strong></span> <span class='ocrx_word' id='word_1_742' title='bbox 1221 5247 1422 5299; x_wconf 91' lang='lat' dir='ltr'><strong>diutius</strong></span> <span class='ocrx_word' id='word_1_743' title='bbox 1442 5249 1710 5294; x_wconf 74' lang='lat' dir='ltr'><strong>extremas</strong></span> <span class='ocrx_word' id='word_1_744' title='bbox 1744 5234 1840 5288; x_wconf 88' lang='lat' dir='ltr'><strong>has</strong></span> <span class='ocrx_word' id='word_1_745' title='bbox 1863 5232 2126 5286; x_wconf 86' lang='lat' dir='ltr'><strong>malorum</strong></span> 
     </span>
    </p>
   </div>
   <div class='ocr_carea' id='block_1_104' title="bbox 569 5332 1903 5414">
    <p class='ocr_par' dir='ltr' id='par_1_104' title="bbox 569 5332 1903 5414">
     <span class='ocr_line' id='line_1_104' title="bbox 569 5332 1903 5414; baseline -0.013 -13"><span class='ocrx_word' id='word_1_746' title='bbox 569 5360 840 5401; x_wconf 69' lang='lat' dir='ltr'><strong>aerumnas</strong></span> <span class='ocrx_word' id='word_1_747' title='bbox 869 5344 1041 5414; x_wconf 87' lang='lat' dir='ltr'><strong>potuit</strong></span> <span class='ocrx_word' id='word_1_748' title='bbox 1071 5342 1417 5395; x_wconf 65' lang='lat' dir='ltr'><strong>dissimulare</strong></span> <span class='ocrx_word' id='word_1_749' title='bbox 1451 5335 1472 5383; x_wconf 80' lang='lat'><strong>?</strong></span> <span class='ocrx_word' id='word_1_750' title='bbox 1500 5332 1718 5385; x_wconf 78' lang='lat' dir='ltr'><strong>Minime</strong></span> <span class='ocrx_word' id='word_1_751' title='bbox 1757 5345 1903 5383; x_wconf 78' lang='lat' dir='ltr'><strong>vero.</strong></span> 
     </span>
    </p>
   </div>
   <div class='ocr_carea' id='block_1_105' title="bbox 2232 4406 3785 4492">
    <p class='ocr_par' dir='ltr' id='par_1_105' title="bbox 2232 4406 3785 4492">
     <span class='ocr_line' id='line_1_105' title="bbox 2232 4406 3785 4492; baseline -0.013 -17"><span class='ocrx_word' id='word_1_752' title='bbox 2232 4419 2636 4492; x_wconf 77' lang='grc' dir='ltr'>ὲξηπτασμένον</span> <span class='ocrx_word' id='word_1_753' title='bbox 2666 4414 2774 4486; x_wconf 78' lang='grc' dir='ltr'><strong>[τσ.</strong></span> <span class='ocrx_word' id='word_1_754' title='bbox 2805 4407 3257 4481; x_wconf 75' lang='grc' dir='ltr'>ὲξηιρανισμένον]</span> <span class='ocrx_word' id='word_1_755' title='bbox 3282 4410 3344 4461; x_wconf 82' lang='grc' dir='ltr'>ὲκ</span> <span class='ocrx_word' id='word_1_756' title='bbox 3374 4406 3664 4477; x_wconf 80' lang='grc' dir='ltr'>προσώπου</span> <span class='ocrx_word' id='word_1_757' title='bbox 3689 4421 3785 4456; x_wconf 80' lang='grc' dir='ltr'>πυ-</span> 
     </span>
    </p>
   </div>
   <div class='ocr_carea' id='block_1_106' title="bbox 2235 4494 3783 4583">
    <p class='ocr_par' dir='ltr' id='par_1_106' title="bbox 2235 4494 3783 4583">
     <span class='ocr_line' id='line_1_106' title="bbox 2235 4494 3783 4583; baseline -0.012 -17"><span class='ocrx_word' id='word_1_758' title='bbox 2235 4509 2544 4583; x_wconf 74' lang='grc' dir='ltr'>ρός.Μηδὲν</span> <span class='ocrx_word' id='word_1_759' title='bbox 2571 4506 2661 4559; x_wconf 77' lang='grc' dir='ltr'>οὖν</span> <span class='ocrx_word' id='word_1_760' title='bbox 2692 4507 2872 4558; x_wconf 80' lang='grc' dir='ltr'>ἀνύειν</span> <span class='ocrx_word' id='word_1_761' title='bbox 2901 4502 3193 4571; x_wconf 89' lang='grc' dir='ltr'>δυνάμενος</span> <span class='ocrx_word' id='word_1_762' title='bbox 3218 4494 3291 4553; x_wconf 79' lang='grc' dir='ltr'>ὧν</span> <span class='ocrx_word' id='word_1_763' title='bbox 3320 4498 3783 4564; x_wconf 76' lang='grc' dir='ltr'>ὲϐούλετο,παρα-</span> 
     </span>
    </p>
   </div>
   <div class='ocr_carea' id='block_1_107' title="bbox 2233 4589 3780 4676">
    <p class='ocr_par' dir='ltr' id='par_1_107' title="bbox 2233 4589 3780 4676">
     <span class='ocr_line' id='line_1_107' title="bbox 2233 4589 3780 4676; baseline -0.013 -18"><span class='ocrx_word' id='word_1_764' title='bbox 2233 4604 2487 4676; x_wconf 64' lang='grc' dir='ltr'>σκευάζει</span> <span class='ocrx_word' id='word_1_765' title='bbox 2529 4599 2910 4670; x_wconf 81' lang='grc' dir='ltr'>προστάγματι</span> <span class='ocrx_word' id='word_1_766' title='bbox 2937 4592 3216 4664; x_wconf 82' lang='grc' dir='ltr'>βασιλικῷ,</span> <span class='ocrx_word' id='word_1_767' title='bbox 3248 4592 3338 4645; x_wconf 83' lang='grc' dir='ltr'>τὸν</span> <span class='ocrx_word' id='word_1_768' title='bbox 3367 4589 3600 4660; x_wconf 81' lang='grc' dir='ltr'>χαλεπὸν</span> <span class='ocrx_word' id='word_1_769' title='bbox 3634 4590 3780 4639; x_wconf 77' lang='grc' dir='ltr'>ἐκεῖ·</span> 
     </span>
    </p>
   </div>
   <div class='ocr_carea' id='block_1_108' title="bbox 2231 4677 3784 4764">
    <p class='ocr_par' dir='ltr' id='par_1_108' title="bbox 2231 4677 3784 4764">
     <span class='ocr_line' id='line_1_108' title="bbox 2231 4677 3784 4764; baseline -0.014 -15"><span class='ocrx_word' id='word_1_770' title='bbox 2231 4713 2320 4749; x_wconf 91' lang='grc' dir='ltr'><strong>νον</strong></span> <span class='ocrx_word' id='word_1_771' title='bbox 2359 4691 2597 4764; x_wconf 76' lang='grc' dir='ltr'>Ὠρύφαν</span> <span class='ocrx_word' id='word_1_772' title='bbox 2625 4690 2721 4764; x_wconf 73' lang='grc' dir='ltr'>σὺν</span> <span class='ocrx_word' id='word_1_773' title='bbox 2743 4688 2802 4752; x_wconf 82' lang='grc' dir='ltr'>ἒξ</span> <span class='ocrx_word' id='word_1_774' title='bbox 2832 4685 3088 4756; x_wconf 81' lang='grc' dir='ltr'>δρομεῦσι</span> <span class='ocrx_word' id='word_1_775' title='bbox 3121 4685 3297 4745; x_wconf 79' lang='grc' dir='ltr'>πάσας</span> <span class='ocrx_word' id='word_1_776' title='bbox 3326 4682 3425 4744; x_wconf 74' lang='grc' dir='ltr'><strong>τὰς</strong></span> <span class='ocrx_word' id='word_1_777' title='bbox 3454 4682 3644 4750; x_wconf 84' lang='grc' dir='ltr'>νήσους</span> <span class='ocrx_word' id='word_1_778' title='bbox 3688 4677 3784 4728; x_wconf 71' lang='grc' dir='ltr'>καὶ</span> 
     </span>
    </p>
   </div>
   <div class='ocr_carea' id='block_1_109' title="bbox 2234 4767 3785 4857">
    <p class='ocr_par' dir='ltr' id='par_1_109' title="bbox 2234 4767 3785 4857">
     <span class='ocr_line' id='line_1_109' title="bbox 2234 4767 3785 4857; baseline -0.013 -17"><span class='ocrx_word' id='word_1_779' title='bbox 2234 4789 2332 4857; x_wconf 81' lang='grc' dir='ltr'>τὴν</span> <span class='ocrx_word' id='word_1_780' title='bbox 2361 4785 2622 4857; x_wconf 78' lang='grc' dir='ltr'>παράλιον</span> <span class='ocrx_word' id='word_1_781' title='bbox 2651 4767 3060 4853; x_wconf 65' lang='grc' dir='ltr'>ἀνερευνᾶσθαι,</span> <span class='ocrx_word' id='word_1_782' title='bbox 3094 4778 3188 4830; x_wconf 78' lang='grc' dir='ltr'>καὶ</span> <span class='ocrx_word' id='word_1_783' title='bbox 3216 4777 3269 4828; x_wconf 88' lang='grc' dir='ltr'>εῐ</span> <span class='ocrx_word' id='word_1_784' title='bbox 3298 4792 3400 4828; x_wconf 82' lang='grc' dir='ltr'><strong>που</strong></span> <span class='ocrx_word' id='word_1_785' title='bbox 3434 4772 3666 4843; x_wconf 88' lang='grc' dir='ltr'>συμϐαίη</span> <span class='ocrx_word' id='word_1_786' title='bbox 3694 4769 3785 4838; x_wconf 63' lang='grc' dir='ltr'>λη’</span> 
     </span>
    </p>
   </div>
   <div class='ocr_carea' id='block_1_110' title="bbox 2234 4861 3780 4948">
    <p class='ocr_par' dir='ltr' id='par_1_110' title="bbox 2234 4861 3780 4948">
     <span class='ocr_line' id='line_1_110' title="bbox 2234 4861 3780 4948; baseline -0.012 -17"><span class='ocrx_word' id='word_1_787' title='bbox 2234 4879 2435 4948; x_wconf 78' lang='grc' dir='ltr'>φθῆναι</span> <span class='ocrx_word' id='word_1_788' title='bbox 2469 4877 2558 4928; x_wconf 74' lang='grc' dir='ltr'>τὸν</span> <span class='ocrx_word' id='word_1_789' title='bbox 2593 4873 2868 4941; x_wconf 86' lang='grc' dir='ltr'>Ἰγνάτιον,</span> <span class='ocrx_word' id='word_1_790' title='bbox 2907 4870 3065 4930; x_wconf 77' lang='grc' dir='ltr'>εὐθὺς</span> <span class='ocrx_word' id='word_1_791' title='bbox 3101 4865 3438 4936; x_wconf 78' lang='grc' dir='ltr'>ἀναιρεῖσθαι</span> <span class='ocrx_word' id='word_1_792' title='bbox 3468 4864 3672 4924; x_wconf 83' lang='grc' dir='ltr'>τοῦτον,</span> <span class='ocrx_word' id='word_1_793' title='bbox 3705 4861 3780 4921; x_wconf 86' lang='grc' dir='ltr'>ὡς</span> 
     </span>
    </p>
   </div>
   <div class='ocr_carea' id='block_1_111' title="bbox 2233 4951 3781 5038">
    <p class='ocr_par' dir='ltr' id='par_1_111' title="bbox 2233 4951 3781 5038">
     <span class='ocr_line' id='line_1_111' title="bbox 2233 4951 3781 5038; baseline -0.014 -15"><span class='ocrx_word' id='word_1_794' title='bbox 2233 4971 2361 5038; x_wconf 86' lang='grc' dir='ltr'>ὃλην</span> <span class='ocrx_word' id='word_1_795' title='bbox 2393 4965 2766 5033; x_wconf 82' lang='grc' dir='ltr'>ἁνατρέποντα</span> <span class='ocrx_word' id='word_1_796' title='bbox 2808 4965 2909 5031; x_wconf 81' lang='grc' dir='ltr'>τὴν</span> <span class='ocrx_word' id='word_1_797' title='bbox 2939 4959 3232 5031; x_wconf 86' lang='grc' dir='ltr'>βασιλείαν.</span> <span class='ocrx_word' id='word_1_798' title='bbox 3265 4957 3530 5017; x_wconf 78' lang='grc' dir='ltr'>Πολλάκις</span> <span class='ocrx_word' id='word_1_799' title='bbox 3567 4952 3656 5007; x_wconf 77' lang='grc' dir='ltr'>οὖν</span> <span class='ocrx_word' id='word_1_800' title='bbox 3686 4951 3781 5010; x_wconf 69' lang='grc' dir='ltr'>καὶ</span> 
     </span>
    </p>
   </div>
   <div class='ocr_carea' id='block_1_112' title="bbox 2233 5043 3778 5121">
    <p class='ocr_par' dir='ltr' id='par_1_112' title="bbox 2233 5043 3778 5121">
     <span class='ocr_line' id='line_1_112' title="bbox 2233 5043 3778 5121; baseline -0.014 -9"><span class='ocrx_word' id='word_1_801' title='bbox 2233 5061 2372 5112; x_wconf 77' lang='grc' dir='ltr'>κατὰ</span> <span class='ocrx_word' id='word_1_802' title='bbox 2397 5057 2609 5116; x_wconf 84' lang='grc' dir='ltr'>πλείους</span> <span class='ocrx_word' id='word_1_803' title='bbox 2637 5053 2835 5115; x_wconf 89' lang='grc' dir='ltr'>τόπους</span> <span class='ocrx_word' id='word_1_804' title='bbox 2853 5051 3002 5121; x_wconf 80' lang='grc' dir='ltr'><strong>αὺτῷ</strong></span> <span class='ocrx_word' id='word_1_805' title='bbox 3022 5049 3438 5119; x_wconf 86' lang='grc' dir='ltr'>περιπίπτοντες</span> <span class='ocrx_word' id='word_1_806' title='bbox 3459 5048 3508 5098; x_wconf 86' lang='grc' dir='ltr'><strong>οί</strong></span> <span class='ocrx_word' id='word_1_807' title='bbox 3530 5043 3778 5113; x_wconf 72' lang='grc' dir='ltr'>Θηραταὶ,</span> 
     </span>
    </p>
   </div>
   <div class='ocr_carea' id='block_1_113' title="bbox 2233 5131 3782 5214">
    <p class='ocr_par' dir='ltr' id='par_1_113' title="bbox 2233 5131 3782 5214">
     <span class='ocr_line' id='line_1_113' title="bbox 2233 5131 3782 5214; baseline -0.014 -13"><span class='ocrx_word' id='word_1_808' title='bbox 2233 5151 2318 5201; x_wconf 76' lang='grc' dir='ltr'>διὰ</span> <span class='ocrx_word' id='word_1_809' title='bbox 2339 5145 2586 5214; x_wconf 82' lang='grc' dir='ltr'>δουλικὴν</span> <span class='ocrx_word' id='word_1_810' title='bbox 2611 5144 2710 5196; x_wconf 85' lang='grc' dir='ltr'>οὐκ</span> <span class='ocrx_word' id='word_1_811' title='bbox 2743 5144 3056 5212; x_wconf 73' lang='grc' dir='ltr'>ἐπέγνωσαν</span> <span class='ocrx_word' id='word_1_812' title='bbox 3088 5139 3298 5207; x_wconf 86' lang='grc' dir='ltr'>στολήν.</span> <span class='ocrx_word' id='word_1_813' title='bbox 3325 5137 3434 5191; x_wconf 77' lang='grc' dir='ltr'><strong>Καὶ</strong></span> <span class='ocrx_word' id='word_1_814' title='bbox 3468 5135 3645 5190; x_wconf 75' lang='grc' dir='ltr'>ἄλλοτε</span> <span class='ocrx_word' id='word_1_815' title='bbox 3678 5131 3782 5182; x_wconf 85' lang='grc' dir='ltr'>πά-</span> 
     </span>
    </p>
   </div>
   <div class='ocr_carea' id='block_1_114' title="bbox 2233 5223 3779 5303">
    <p class='ocr_par' dir='ltr' id='par_1_114' title="bbox 2233 5223 3779 5303">
     <span class='ocr_line' id='line_1_114' title="bbox 2233 5223 3779 5303; baseline -0.012 -12"><span class='ocrx_word' id='word_1_816' title='bbox 2233 5241 2314 5291; x_wconf 85' lang='grc' dir='ltr'><strong>λιν</strong></span> <span class='ocrx_word' id='word_1_817' title='bbox 2356 5239 2441 5289; x_wconf 75' lang='grc' dir='ltr'><strong>διὰ</strong></span> <span class='ocrx_word' id='word_1_818' title='bbox 2493 5236 2658 5303; x_wconf 87' lang='grc' dir='ltr'>μέσου</span> <span class='ocrx_word' id='word_1_819' title='bbox 2713 5236 2875 5289; x_wconf 84' lang='grc' dir='ltr'>αὑτὸν</span> <span class='ocrx_word' id='word_1_820' title='bbox 2933 5233 3360 5303; x_wconf 80' lang='grc' dir='ltr'>παρερχόμενον,</span> <span class='ocrx_word' id='word_1_821' title='bbox 3410 5227 3632 5298; x_wconf 79' lang='grc' dir='ltr'>άορασίᾳ</span> <span class='ocrx_word' id='word_1_822' title='bbox 3685 5223 3779 5289; x_wconf 75' lang='grc' dir='ltr'>ληο</span> 
     </span>
    </p>
   </div>
   <div class='ocr_carea' id='block_1_115' title="bbox 2230 5309 3784 5399">
    <p class='ocr_par' dir='ltr' id='par_1_115' title="bbox 2230 5309 3784 5399">
     <span class='ocr_line' id='line_1_115' title="bbox 2230 5309 3784 5399; baseline -0.013 -20"><span class='ocrx_word' id='word_1_823' title='bbox 2230 5326 2561 5399; x_wconf 79' lang='grc' dir='ltr'>φοέντες,ὼς</span> <span class='ocrx_word' id='word_1_824' title='bbox 2597 5327 2642 5377; x_wconf 87' lang='grc' dir='ltr'>οἱ</span> <span class='ocrx_word' id='word_1_825' title='bbox 2671 5328 2795 5395; x_wconf 72' lang='grc' dir='ltr'>περὶ</span> <span class='ocrx_word' id='word_1_826' title='bbox 2823 5328 2913 5378; x_wconf 74' lang='grc' dir='ltr'><strong>τὸν</strong></span> <span class='ocrx_word' id='word_1_827' title='bbox 2941 5324 3239 5377; x_wconf 80' lang='grc' dir='ltr'>Ἐλισσαῖον</span> <span class='ocrx_word' id='word_1_828' title='bbox 3275 5309 3563 5388; x_wconf 69' lang='grc' dir='ltr'>Ἀσσύριοι,</span> <span class='ocrx_word' id='word_1_829' title='bbox 3599 5314 3784 5364; x_wconf 81' lang='grc' dir='ltr'>τοῦτον</span> 
     </span>
    </p>
   </div>
   <div class='ocr_carea' id='block_1_116' title="bbox 567 5400 3779 5506">
    <p class='ocr_par' dir='ltr' id='par_1_116' title="bbox 567 5400 3779 5506">
     <span class='ocr_line' id='line_1_116' title="bbox 567 5400 3779 5506; baseline -0.01 -17"><span class='ocrx_word' id='word_1_830' title='bbox 567 5439 668 5489; x_wconf 79' lang='grc' dir='ltr'>οὐκ</span> <span class='ocrx_word' id='word_1_831' title='bbox 696 5400 1027 5506; x_wconf 68' lang='grc' dir='ltr'>ὴδυνήὸησαν</span> <span class='ocrx_word' id='word_1_832' title='bbox 1062 5434 1206 5484; x_wconf 81' lang='grc' dir='ltr'>ίδεῖν.</span> <span class='ocrx_word' id='word_1_833' title='bbox 1249 5431 1354 5482; x_wconf 75' lang='grc' dir='ltr'><strong>Καὶ</strong></span> <span class='ocrx_word' id='word_1_834' title='bbox 1385 5425 1535 5478; x_wconf 65' lang='grc' dir='ltr'>αὐτοὶ</span> <span class='ocrx_word' id='word_1_835' title='bbox 1570 5423 1697 5494; x_wconf 75' lang='grc' dir='ltr'>μὲν.</span> <span class='ocrx_word' id='word_1_836' title='bbox 1745 5421 1818 5483; x_wconf 82' lang='grc' dir='ltr'>ὡς</span> <span class='ocrx_word' id='word_1_837' title='bbox 1849 5422 2000 5474; x_wconf 76' lang='grc' dir='ltr'>λύκοι</span> <span class='ocrx_word' id='word_1_838' title='bbox 2045 5423 2218 5491; x_wconf 72' lang='grc' dir='ltr'>μάτην</span> <span class='ocrx_word' id='word_1_839' title='bbox 2250 5417 2535 5486; x_wconf 78' lang='grc' dir='ltr'>κεχηνότες</span> <span class='ocrx_word' id='word_1_840' title='bbox 2559 5457 2574 5482; x_wconf 91' lang='grc'><strong>,</strong></span> <span class='ocrx_word' id='word_1_841' title='bbox 2618 5419 2881 5487; x_wconf 80' lang='grc' dir='ltr'>ἀπῄεσαν,</span> <span class='ocrx_word' id='word_1_842' title='bbox 2940 5414 3078 5469; x_wconf 77' lang='grc' dir='ltr'>κατὰ</span> <span class='ocrx_word' id='word_1_843' title='bbox 3118 5414 3216 5483; x_wconf 83' lang='grc' dir='ltr'>τὴν</span> <span class='ocrx_word' id='word_1_844' title='bbox 3268 5410 3580 5481; x_wconf 80' lang='grc' dir='ltr'>παροιμίαν.</span> <span class='ocrx_word' id='word_1_845' title='bbox 3621 5404 3677 5455; x_wconf 87' lang='grc' dir='ltr'><strong><em>Ὀ</em></strong></span> 
     </span>
    </p>
   </div>
   <div class='ocr_carea' id='block_1_117' title="bbox 571 5501 3780 5599">
    <p class='ocr_par' dir='ltr' id='par_1_117' title="bbox 571 5501 3780 5599">
     <span class='ocr_line' id='line_1_117' title="bbox 571 5501 3780 5599; baseline -0.01 -17"><span class='ocrx_word' id='word_1_846' title='bbox 571 5531 668 5591; x_wconf 77' lang='grc' dir='ltr'><strong>τὰς</strong></span> <span class='ocrx_word' id='word_1_847' title='bbox 708 5527 1145 5599; x_wconf 69' lang='grc' dir='ltr'>εὐχαριστηρίους</span> <span class='ocrx_word' id='word_1_848' title='bbox 1175 5523 1338 5590; x_wconf 67' lang='grc' dir='ltr'>εὐχὰς</span> <span class='ocrx_word' id='word_1_849' title='bbox 1370 5518 1702 5592; x_wconf 77' lang='grc' dir='ltr'>ἀναπέμπων</span> <span class='ocrx_word' id='word_1_850' title='bbox 1732 5517 1808 5586; x_wconf 80' lang='grc' dir='ltr'>τῷ</span> <span class='ocrx_word' id='word_1_851' title='bbox 1841 5517 2074 5585; x_wconf 79' lang='grc' dir='ltr'>Σωτῆρι,</span> <span class='ocrx_word' id='word_1_852' title='bbox 2104 5517 2190 5567; x_wconf 73' lang='grc' dir='ltr'>διὰ</span> <span class='ocrx_word' id='word_1_853' title='bbox 2222 5511 2427 5565; x_wconf 77' lang='grc' dir='ltr'>πολλῶν</span> <span class='ocrx_word' id='word_1_854' title='bbox 2485 5512 2714 5581; x_wconf 63' lang='grc' dir='ltr'>Ολίψεων</span> <span class='ocrx_word' id='word_1_855' title='bbox 2759 5514 2855 5576; x_wconf 82' lang='grc' dir='ltr'>τὴν</span> <span class='ocrx_word' id='word_1_856' title='bbox 2907 5513 3000 5563; x_wconf 82' lang='grc' dir='ltr'>τοῦ</span> <span class='ocrx_word' id='word_1_857' title='bbox 3046 5510 3179 5563; x_wconf 82' lang='grc' dir='ltr'>Θεοῦ</span> <span class='ocrx_word' id='word_1_858' title='bbox 3209 5507 3486 5578; x_wconf 81' lang='grc' dir='ltr'>βασιλείαν</span> <span class='ocrx_word' id='word_1_859' title='bbox 3522 5501 3780 5565; x_wconf 73' lang='grc' dir='ltr'>ὲξωνεῖτο.</span> 
     </span>
    </p>
   </div>
   <div class='ocr_carea' id='block_1_118' title="bbox 571 5587 3777 5690">
    <p class='ocr_par' dir='ltr' id='par_1_118' title="bbox 571 5587 3777 5690">
     <span class='ocr_line' id='line_1_118' title="bbox 571 5587 3777 5690; baseline -0.012 -15"><span class='ocrx_word' id='word_1_860' title='bbox 571 5624 634 5675; x_wconf 78' lang='lat' dir='ltr'><strong>Oi</strong></span> <span class='ocrx_word' id='word_1_861' title='bbox 666 5587 854 5690; x_wconf 56' lang='lat' dir='ltr'><strong>pévnb;</strong></span> <span class='ocrx_word' id='word_1_862' title='bbox 893 5587 1098 5673; x_wconf 59' lang='grc' dir='ltr'>τούτοις</span> <span class='ocrx_word' id='word_1_863' title='bbox 1134 5587 1288 5682; x_wconf 69' lang='grc' dir='ltr'>ἦσαν.</span> <span class='ocrx_word' id='word_1_864' title='bbox 1318 5612 1381 5660; x_wconf 84' lang='grc' dir='ltr'>Τί</span> <span class='ocrx_word' id='word_1_865' title='bbox 1416 5610 1469 5662; x_wconf 73' lang='grc' dir='ltr'>δὲ</span> <span class='ocrx_word' id='word_1_866' title='bbox 1621 5590 1966 5678; x_wconf 72' lang='grc' dir='ltr'>μακρόουμος</span> <span class='ocrx_word' id='word_1_867' title='bbox 1999 5607 2218 5674; x_wconf 73' lang='grc' dir='ltr'>Κύριος,</span> <span class='ocrx_word' id='word_1_868' title='bbox 2278 5606 2304 5654; x_wconf 86' lang='grc' dir='ltr'>ὁ</span> <span class='ocrx_word' id='word_1_869' title='bbox 2354 5603 2577 5666; x_wconf 76' lang='grc' dir='ltr'>δίκαιος,</span> <span class='ocrx_word' id='word_1_870' title='bbox 2630 5607 2657 5655; x_wconf 92' lang='lat'><em>6</em></span> <span class='ocrx_word' id='word_1_871' title='bbox 2694 5602 2926 5670; x_wconf 67' lang='grc' dir='ltr'>ἰσχυρὸς,</span> <span class='ocrx_word' id='word_1_872' title='bbox 2962 5604 2988 5652; x_wconf 91' lang='lat'><em>6</em></span> <span class='ocrx_word' id='word_1_873' title='bbox 3023 5603 3096 5670; x_wconf 79' lang='grc' dir='ltr'>μὴ</span> <span class='ocrx_word' id='word_1_874' title='bbox 3160 5601 3259 5670; x_wconf 79' lang='grc' dir='ltr'>τὴν</span> <span class='ocrx_word' id='word_1_875' title='bbox 3319 5596 3489 5666; x_wconf 74' lang='grc' dir='ltr'>ὀργὴν</span> <span class='ocrx_word' id='word_1_876' title='bbox 3559 5587 3777 5651; x_wconf 76' lang='grc' dir='ltr'>ἐπάγων</span> 
     </span>
    </p>
   </div>
   <div class='ocr_carea' id='block_1_119' title="bbox 573 5677 3760 5773">
    <p class='ocr_par' dir='ltr' id='par_1_119' title="bbox 573 5677 3760 5773">
     <span class='ocr_line' id='line_1_119' title="bbox 573 5677 3760 5773; baseline -0.011 -6"><span class='ocrx_word' id='word_1_877' title='bbox 573 5713 689 5767; x_wconf 79' lang='grc' dir='ltr'>καθ’</span> <span class='ocrx_word' id='word_1_878' title='bbox 740 5712 969 5772; x_wconf 72' lang='grc' dir='ltr'>ἑκάστην</span> <span class='ocrx_word' id='word_1_879' title='bbox 1025 5705 1265 5773; x_wconf 79' lang='grc' dir='ltr'>ήμέραν;</span> <span class='ocrx_word' id='word_1_880' title='bbox 1330 5699 1415 5769; x_wconf 77' lang='grc' dir='ltr'><strong>ἆρ’</strong></span> <span class='ocrx_word' id='word_1_881' title='bbox 1458 5701 1548 5753; x_wconf 76' lang='grc' dir='ltr'><strong>ἐπὶ</strong></span> <span class='ocrx_word' id='word_1_882' title='bbox 1600 5699 1732 5750; x_wconf 80' lang='grc' dir='ltr'>πολὺ</span> <span class='ocrx_word' id='word_1_883' title='bbox 1788 5697 1882 5759; x_wconf 68' lang='grc' dir='ltr'>τὰς</span> <span class='ocrx_word' id='word_1_884' title='bbox 1919 5693 2219 5762; x_wconf 68' lang='grc' dir='ltr'>ὑπερϐολὰς</span> <span class='ocrx_word' id='word_1_885' title='bbox 2271 5691 2375 5744; x_wconf 77' lang='grc' dir='ltr'><strong>τῶν</strong></span> <span class='ocrx_word' id='word_1_886' title='bbox 2408 5693 2589 5745; x_wconf 77' lang='grc' dir='ltr'>κακῶν</span> <span class='ocrx_word' id='word_1_887' title='bbox 2648 5690 2840 5751; x_wconf 78' lang='grc' dir='ltr'>ταύτας</span> <span class='ocrx_word' id='word_1_888' title='bbox 2891 5693 3147 5760; x_wconf 76' lang='grc' dir='ltr'>ἠνέσχετο</span> <span class='ocrx_word' id='word_1_889' title='bbox 3199 5689 3463 5756; x_wconf 72' lang='grc' dir='ltr'>καθορᾷν;</span> <span class='ocrx_word' id='word_1_890' title='bbox 3507 5677 3760 5747; x_wconf 72' lang='grc' dir='ltr'>Οὐδαμῶς</span> 
     </span>
    </p>
   </div>
  </div>
