3934 6316
133 202 242 265 525

1207 203 1380 265 VlTA
1411 202 1470 262 S.
1518 199 1813 262 IGNATiI
1845 201 1950 261 (ΣΡ.
1995 203 2346 264 ARCHIEP.

3265 208 3372 274 59.6,

195 313 509 378 Αὔγουστος
543 312 791 367 ἐνίστατο
816 311 942 384 μὴν,
977 313 1068 366 καὶ
1097 316 1338 384 σεισμοῖς
1371 313 1626 378 ἐξαισίοις
1656 313 1689 380 ἡ

1862 311 2141 382 Augustus
2164 310 2403 366 instabat
2428 309 2651 375 mensis,
2679 319 2733 365 et
2757 311 3082 369 tremoribus
3107 313 3378 373 hrrritlcls

129 406 494 477 βασιλεύουσα
536 405 906 460 κατεδονεῖτο⁸
947 407 1040 460 καὶ
1085 408 1193 470 πᾶς
1224 403 1368 470 οἰκος
1396 405 1685 472 ἐκλονεῖτο,

125 499 218 552 καλ
251 501 404 551 πᾶσα
431 499 626 568 καρδία
656 497 734 567 τῷ
761 499 910 568 φόϐῳ
963 498 1273 552 κατεσείετο
1293 513 1306 526 ·
1336 498 1431 551 καὶ
1459 499 1565 559 πᾶς
1598 496 1690 550 ἄν·

125 589 346 660 θρωπος
371 588 451 658 τῷ
478 589 570 651 τοῦ
605 588 832 643 θανάτου
865 588 974 642 δέει
1010 588 1369 660 συνεχόμενος
1395 588 1544 653 ἐϐόα,
1565 588 1692 658 μίαν

124 680 302 732 αἰτίαν
336 675 476 732 εἶναι
499 677 594 732 τοῦ
624 679 874 749 σεισμοῦ,
931 678 1060 748 μίαν
1098 679 1195 749 τὴν
1236 681 1316 742 είς
1356 679 1446 732 τὸν
1492 695 1692 748 πατρι-

126 771 300 840 άρχην
341 770 598 838 Ἰγνάτιον
637 769 845 825 ἀδικίαν
891 773 986 824 καὶ
1028 771 1396 842 παρανομίαν.
1440 772 1528 823 Ἐν
1557 770 1694 840 ἠμέ-

126 878 247 930 ραις
279 859 342 912 δὲ
376 860 784 931 τεσσαράκοντα
837 861 1211 932 μηκυνόμενος
1256 864 1284 916 6
1329 861 1550 931 σεισμὸς
1601 861 1693 913 ἐπὶ

124 950 384 1004 τοσοῦτον
412 951 590 1005 αὐτῶν
637 950 736 1022 τὴν
766 951 1027 1022 ὠμότητα
1081 954 1173 1006 καί
1222 951 1520 1022 ἰταμότητα
1563 969 1694 1005 κατ-

126 1041 408 1111 έκαμψεν,
461 1043 537 1106 ὼς
588 1043 684 1096 καὶ
735 1043 861 1106 τοὺς
911 1042 1249 1114 κρατοῦντας
1304 1045 1499 1106 αὐτοὺς
1534 1043 1694 1115 ὁρκον

126 1133 415 1202 προθεῖναι
468 1132 721 1203 δημοσίᾳ,
761 1133 885 1202 μήτ’
928 1133 1092 1188 αὑτὸν
1143 1137 1350 1188 ἐκεῖνον
1400 1133 1490 1187 τὸν
1552 1135 1696 1206 ἱερὸν

126 1226 367 1295 φυγάδα,
390 1226 527 1296 μήτε
561 1228 692 1294 παρ’
720 1217 764 1292 ᾧ
792 1226 1096 1297 κρύπτεται
1125 1226 1552 1298 φανερούμενον,
1587 1228 1694 1281 ὑπ-

125 1317 356 1371 εύθυνον
389 1317 720 1372 καθεστάναι
749 1318 956 1384 λοιπὸν,
1006 1318 1353 1390 ἀθωοόμενον
1397 1321 1455 1373 δὲ
1484 1322 1564 1383 εἰς
1597 1321 1696 1392 τὴν

125 1409 338 1463 οἰκείαν
367 1410 734 1480 ἀνενοχλήτως
767 1392 1240 1466 ἀποκαθίστασθαι
1269 1414 1460 1485 μονήν.
1503 1413 1696 1467 Τοίνυν

125 1500 300 1565 οὕτως
343 1501 583 1564 ἀκούσας
609 1503 638 1556 ό
662 1501 920 1571 ἀθλητὴς,
953 1503 1248 1574 καταδηλοῖ
1274 1504 1468 1558 ἑαυτὸν
1497 1504 1695 1558 αὐτίκα

125 1591 202 1660 τῷ
228 1593 512 1664 πατρικίιρ
554 1594 846 1663 Πετρωνᾷ·
886 1593 945 1656 ὃς
995 1593 1089 1646 τοῦ
1125 1595 1525 1668 αὐτοκράτορος
1555 1595 1697 1660 θεῖος

1797 400 2296 471 Constantinopolis
2318 401 2664 472 quatiebatur
2683 418 2696 455 :
2715 400 2859 458 zedes
2876 403 3143 458 nutabant
3169 421 3382 476 omnes,

1793 494 2086 563 omniaque
2109 494 2418 548 mortalium
2449 502 2667 564 pectora
2691 502 2840 550 metu
2880 495 3237 565 palpitabant,
3293 513 3385 555 ne-

1795 599 1883 638 mo
1917 599 2021 638 non
2056 583 2248 639 mortis
2277 583 2507 638 horrore
2535 594 2835 653 occupatus
2876 584 3214 648 clamitabat,
3254 587 3376 640 uni-

1794 691 1914 731 cam
1947 675 2108 745 plane
2136 676 2302 744 hujus
2333 676 2565 748 prodigii
2606 690 2702 730 seu
2752 686 2932 731 motus
2982 691 3202 730 causam
3256 692 3380 736 esse

1797 768 2052 836 injuriam
2086 776 2139 821 et
2164 767 2514 838 sacrilegium
2567 769 2621 821 in
2667 768 3038 838 patriarcham
3097 768 3367 837 lgnatium

1798 861 2176 914 commissum.
2223 856 2371 914 Urbe
2404 866 2586 913 autem
2643 868 2783 919 totos
2844 861 3206 931 quadraginta
3254 859 3376 915 dies

1795 951 2056 1006 continuo
2081 959 2364 1010 tremente.
2394 965 2568 1020 usque
2593 951 2731 1006 adeo
2761 951 2963 1006 ferocia
2987 962 3041 1006 et
3065 952 3385 1010 immanitas

1797 1044 2009 1098 illorum
2042 1043 2286 1112 mitigata
2314 1051 2416 1106 est,
2445 1053 2505 1098 ut
2527 1044 2628 1114 ipsi
2650 1043 2919 1113 principes
2938 1045 3379 1116 publicejureju-

1805 1136 1975 1190 rando
2003 1144 2464 1201 contestarentur,
2494 1152 2669 1206 neque
2701 1138 2883 1206 fugam
2907 1152 3064 1192 sacro
3082 1138 3155 1191 illi
3179 1120 3380 1193 exsuli.

1797 1238 1897 1278 nec
1911 1224 2108 1294 hospiti
2125 1223 2330 1279 exsulis
2349 1225 2493 1295 apud
2511 1239 2669 1294 quem
2698 1223 3024 1291 delituisset,
3041 1225 3215 1280 fraudi
3238 1225 3354 1282 futu
3367 1256 3385 1269 ο

1800 1330 1914 1368 ram
1946 1333 1961 1381 ;
2019 1316 2112 1371 sed
2143 1316 2455 1371 absolutum
2485 1317 2737 1381 crimine,
2772 1318 3230 1388 innocentemque
3266 1334 3388 1390 pro.

1799 1407 2124 1472 nuntiatum,
2160 1406 2277 1463 sine
2300 1407 2624 1478 cujusquam
2657 1408 2907 1464 molestia
2928 1408 2980 1462 in
3005 1423 3106 1464 suo
3137 1409 3385 1464 coenobio

1796 1512 1988 1553 secure
2055 1514 2495 1568 permansurum.
2539 1498 2697 1565 Quod
2740 1515 2863 1555 cum
2921 1498 3125 1554 Christi
3182 1500 3382 1556 athleta

1798 1586 2119 1658 accepisset,
2157 1588 2402 1642 Petronae
2454 1602 2514 1643 se
2544 1588 2797 1658 patricio,
2822 1597 3070 1643 materno
3099 1589 3389 1660 imperato-
3456 1644 3464 1651 ,

127 1683 266 1752 πρδς
304 1661 512 1753 μητρὸς
544 1680 641 1746 ὢν,
681 1661 893 1737 καὶτοῦ
930 1683 1192 1754 βασιλέως
1226 1661 1364 1755 ἄρας
1386 1661 1696 1753 ὲέκόλπιον,

1805 1678 1883 1734 ris
1956 1679 2254 1743 avunculo,
2307 1680 2482 1750 aperit
2540 1680 2678 1749 :qui
2731 1680 3026 1749 pretiosum
3080 1690 3382 1752 gestamen,

130 1773 208 1835 είς
230 1772 498 1842 ἐνέχυρον
512 1771 692 1841 φέρων
712 1771 895 1825 δίδωσι
922 1772 998 1843 τῷ
1026 1774 1364 1845 πατριάρχῃ.
1381 1774 1439 1827 Ὀ
1468 1774 1523 1826 δὲ
1543 1771 1701 1827 τοῦτο

129 1864 226 1916 τοῦ
263 1860 545 1934 τραχήλου
568 1855 988 1940 ¹ἀπαιωρήιςας⁹
1023 1865 1118 1918 καὶ
1168 1865 1305 1935 πρὸς
1357 1865 1446 1918 τὸν
1490 1865 1703 1938 Βάρδαν

132 1954 414 2025 ἀναχθεὶς,
445 1955 596 2024 ἔστη.
630 1955 772 2026 Πρὸς
796 1955 857 2008 δν
887 1946 1113 2028 ἐκεῖνος,
1142 1956 1262 2011 Ἵνα
1293 1957 1366 2022 τί,
1395 1958 1550 2028 φησὶ,
1577 1957 1703 2028 τρό-

136 2063 235 2100 πον
264 2044 542 2117 δραπέτου
571 2046 952 2118 μιμησάμενος
979 2086 994 2113 ,
1027 2047 1192 2118 ἄλλην
1220 2048 1277 2113 ἐξ
1320 2047 1487 2119 ἄλλης
1518 2049 1702 2118 χώραν

130 2137 382 2206 ἀμιίὸων
410 2140 784 2209 περινοστείς;
824 2137 883 2191 '0
911 2137 988 2202 δὲ,
1018 2138 1427 2209 Χριστὸς,’ἐφη,
1454 2143 1481 2193 6
1513 2140 1704 2210 ἡμέτε-

135 2244 225 2297 ρος
250 2227 508 2296 βασιλεὺς
547 2229 640 2282 καὶ
691 2229 870 2299 πατὴρ
901 2229 1239 2284 ἐνετείλατο·
1287 2219 1423 2284 Ἐὰν·
1452 2231 1699 2285 διώκου-

128 2333 234 2370 σιν
264 2319 424 2387 ὑμᾶς
449 2319 517 2371 ἐκ
548 2317 658 2388 τῆς
681 2313 913 2385 πόλεως
938 2319 1182 2386 ταύτης,
1195 2320 1444 2388 φεύγετε
1481 2322 1568 2386 εἰς
1593 2323 1706 2388 τὴν

127 2407 351 2475 ἄλλην.
384 2409 668 2480 Ἠττηθεὶς
709 2405 799 2463 οῦν
828 2410 926 2480 τῆς
952 2408 1048 2462 τοῦ
1107 2411 1301 2482 ἀνδρὸς
1329 2411 1531 2482 ἀρετῆς
1564 2415 1706 2466 έκεῖ-

128 2521 238 2567 νος,
299 2499 594 2554 ἀνεύθυνον
645 2498 974 2552 τοῦτον’καὶ
1027 2501 1216 2554 ἄνετον
1264 2502 1346 2564 εἰς
1392 2501 1490 2571 τὴν
1539 2502 1703 2555 αὑτοῦ

129 2591 474 2658 καταστῆναι
504 2588 712 2643 κελεύει
749 2591 939 2659 μονήν.
978 2589 1154 2652 Εὐθὺς
1182 2590 1274 2643 οὖν
1301 2592 1393 2644 καί
1422 2592 1451 2643 ό
1486 2592 1705 2660 σεισμὸς

129 2685 285 2753 ἔστη.
344 2684 454 2737 Καὶ
478 2681 776 2751 Βούλγαροι
805 2681 861 2734 δὲ
899 2681 1018 2735 τότε
1049 2683 1325 2750 προνοίαις
1356 2683 1512 2748 Θεοῦ,
1547 2683 1706 2752 βιαίῳ

129 2776 537 2838 κατατακέντες
584 2773 748 2843 λιμῷ,
803 2775 918 2843 ἅμα
961 2772 1017 2825 δὲ
1067 2774 1162 2826 καὶ
1213 2775 1327 2837 τοῖς
1374 2774 1566 2844 δώροις
1610 2773 1704 2827 τοῦ

129 2867 533 2936 αὐτοκράτορος
560 2864 897 2935 θελχθέντες,
929 2867 997 2921 τὰ
1023 2867 1164 2921 ὅπλα
1200 2867 1562 2936 καταθέμενοι
1586 2906 1600 2931 ,
1629 2867 1706 2938 τῷ

132 2956 274 3023 ἁγίῳ
299 2955 612 3026 προσῄεσαν
643 2954 1000 3026 βαπτίσματι.

1803 1767 1950 1838 quod
2001 1769 2067 1822 ad
2096 1768 2276 1823 sinum
2318 1769 2668 1837 imperatoris
2699 1768 2991 1838 pendebat,
3025 1784 3126 1838 pro
3159 1769 3385 1840 pignore

1803 1858 2036 1911 allatum
2070 1857 2236 1912 tradit
2265 1857 2612 1927 patriarchae.
2647 1873 2755 1927 quo
2805 1857 2895 1912 ille
2953 1856 3021 1913 de
3083 1858 3225 1912 collo
3257 1873 3385 1913 sus-

1804 1963 1972 2017 penso
2029 1949 2096 2003 ad
2150 1948 2390 2004 Bardam‘
2441 1942 2697 2015 accedit;
2731 1949 2824 2020 qui
2866 1951 2932 2006 ad
2967 1950 3380 2020 patriarcham:

1805 2037 1968 2108 Quid,
2000 2039 2197 2108 inquit,
2230 2039 2447 2111 fugitivi
2488 2056 2641 2098 more
2693 2057 2759 2097 ex
2791 2043 2913 2098 loco
2961 2045 3015 2098 in
3047 2042 3226 2098 locum
3254 2058 3388 2114 pro-g

1806 2129 1966 2201 fugus
1996 2130 2259 2186 oberras?
2287 2132 2374 2186 cui
2403 2130 2646 2202 lgnatius
2690 2119 3005 2197 :Christus,
3040 2126 3236 2202 inquit,
3287 2148 3382 2189 rex

1806 2231 1990 2276 noster
2027 2226 2110 2275 ac’
2149 2223 2310 2277 Pater
2355 2225 2613 2294 praecepit
2647 2241 2659 2278 :
2693 2223 2755 2281 Si
2803 2235 3182 2293 persequentur
3210 2241 3299 2280 vos
3329 2225 3383 2279 in

1804 2331 1909 2367 una
1937 2315 2168 2380 ciuitate,
2199 2315 2364 2386 fugite
2396 2316 2452 2369 in
2483 2317 2649 2369 aliam
2681 2317 2723 2368 ⁸.
2760 2316 2947 2372 Victus
2981 2317 3296 2373 innocentia
3325 2327 3383 2373 et

1806 2405 2008 2460 virtute
2036 2406 2139 2460 viri
2166 2405 2394 2471 Bardas,
2421 2407 2700 2461 innoxium
2727 2408 3069 2479 liberumque
3099 2409 3156 2464 in
3189 2425 3382 2464 mona-

1807 2497 2032 2550 sterium
2071 2497 2274 2552 remitti
2301 2513 2461 2552 suum
2484 2497 2659 2566 jubet.
2685 2498 2989 2570 Statimque
3008 2500 3209 2556 moveri
3240 2509 3382 2555 terra

1807 2588 1988 2652 desiit,
2032 2595 2087 2642 et
2135 2586 2725 2659 Bulgariprorideutia
2765 2589 2883 2653 Dei,
2929 2593 3071 2647 fame
3135 2600 3382 2662 urgente,

1811 2679 2238 2748 muneribusque
2263 2680 2332 2735 ab
2362 2681 2692 2750 imperatore
2709 2683 2939 2749 deliniti,
2972 2685 3144 2740 armis
3167 2685 3380 2754 positis,

1807 2770 2046 2825 emlestis
2086 2771 2430 2840 baptismatis
2459 2775 2603 2828 unda
2630 2785 2758 2829 sunt
2791 2775 3028 2829 lustrati.

199 3008 480 3100 Τότέκαῖ
521 3049 569 3100 οἱ
617 3008 1007 3119 προλεχθιέντες
1052 3049 1425 3120 τοποτηρηταὶ
1485 3050 1699 3120 Ῥώμης

1877 3027 2061 3100 Legati
2111 3046 2327 3100 quoque
2378 3032 2640 3118 pontiﬁcii
2689 3049 2720 3088 a
2755 3033 2950 3088 Photio
2981 3030 3143 3090 do‘nis
3173 3036 3374 3092 blande

135 3137 480 3208 φιλοφρόνως
518 3139 620 3191 ὑπὸ
669 3137 874 3191 Φωτίου
913 3139 1399 3210 δωροδοκηθέντες,
1430 3139 1528 3209 τὴν
1573 3140 1707 3193 Ῥώ-

135 3245 243 3298 μην
274 3228 769 3298 παλινοστήσαντες
803 3230 1122 3285 κατέλαϐον.
1144 3230 1251 3292 Οὓς
1289 3231 1316 3281 6
1346 3232 1535 3294 πάπας
1577 3234 1707 3285 ἀνα-

132 3319 323 3388 κρίνας
388 3318 696 3382 Νικόλαος,
753 3320 849 3372 καὶ
905 3320 975 3373 τὰ
1029 3322 1169 3375 κατὰ
1221 3322 1313 3375 τὸν
1359 3324 1704 3394 πατριάρχην

145 3407 423 3473 Ἰγνάτιον
448 3406 792 3479 ὴκριϐωκὼς,
834 3410 928 3460 καὶ
985 3411 1049 3462 ὲκ
1088 3409 1178 3463 τοῦ
1223 3411 1488 3480 στόματος
1527 3413 1703 3472 αὐτῶν

134 3497 663 3562 ὑποδίκους-αὑτοὺς
710 3501 1089 3569 πεφωρακὼς,
1161 3503 1235 3565 ὡς
1301 3505 1704 3568 ἑπισυστάσεως

133 3588 454 3660 λῃστρικῆς,
491 3590 606 3642 ἀλλ’
640 3591 700 3644 οὐ
739 3593 1031 3661 κανονικῆς
1057 3595 1272 3647 συνόδου
1309 3597 1702 3662 κατάρξαντας,

131 3681 376 3748 διηνεκεῖ
402 3680 720 3750 καθαιρέσει
758 3681 848 3734 καὶ
897 3682 1326 3754 ἀναθεματισμῷ
1356 3686 1701 3738 καθυποὸἀλ-

133 3767 235 3820 λει·
275 3767 372 3839 καί
419 3767 481 3819 ού
530 3768 725 3837 μόνους
762 3769 980 3831 αὐτοὺς,
1012 3769 1147 3822 ἀλλὰ
1176 3772 1268 3823 καὶ
1293 3771 1456 3824 αὐτὸν
1480 3771 1701 3836 Φώτιον,

134 3860 206 3920 ὠς
253 3857 554 3928 ὲπιὸήτορα
601 3860 693 3911 καὶ
744 3860 966 3929 μοιχὸν,
1008 3861 1402 3931 ἀποκηρύττει,
1452 3863 1546 3914 καὶ
1597 3863 1702 3915 ὑπὸ

136 3946 340 4016 συνόδῳ
371 3950 625 4017 κανονικῇ
661 3947 753 4000 καὶ
808 3949 974 4018 ψήφῳ
999 3951 1189 4020 πάσης
1240 3949 1342 4019 τῆς
1395 3952 1486 4003 ὑπ’
1545 3952 1702 4004 αὑτὸν

147 4037 478 4105 Ἐκκλησίας
503 4038 893 4107 ἀναθεματίζει
924 4041 1015 4093 καὶ
1047 4041 1318 4110 καθαιρεῖ·
1359 4042 1509 4094 οὐδὲν
1543 4043 1702 4095 αὐτὸν

135 4125 415 4196 διαφέρειν
453 4128 704 4198 Μαξίμου
745 4128 837 4180 τοῦ
889 4129 1130 4182 Κυνικοῦ
1161 4172 1174 4193 ,
1212 4130 1305 4183 τοῦ
1350 4131 1426 4200 τῷ
1458 4132 1702 4202 Θεολόγῳ

138 4205 424 4288 Ῠρηγορίῳ
490 4220 848 4288 ὲπιφυέντος,
921 4223 1014 4274 καὶ
1067 4222 1165 4292 τὴν
1205 4221 1527 4290 Ἐκκλησίαν
1572 4242 1695 4292 συγ-

1808 3119 2052 3188 corrupti
2076 3118 2303 3174 Romam
2345 3116 2641 3177 redierunt.
2669 3125 2816 3190 Quos
2850 3125 3104 3182 Nicolaus
3136 3128 3377 3197 pontifex

1809 3210 1874 3262 de
1902 3210 2212 3279 patriarcha
2242 3210 2452 3281 lgnatio
2483 3213 2865 3284 interrogatos,
2899 3226 2950 3271 et
2983 3233 3170 3273 serere
3200 3220 3380 3289 inqui-

1807 3303 1964 3365 sitos,
2005 3318 2129 3356 eum
2165 3304 2279 3358 suis
2310 3303 2430 3358 illos
2462 3305 2639 3368 ~verbis
2665 3319 2851 3376 captos
2878 3311 3224 3378 eonvicisset,
3261 3293 3381 3367 illos

1809 3391 2016 3446 sicariae
2073 3392 2254 3461 potius
2321 3391 2617 3457 factionis,
2674 3411 2836 3465 quam
2882 3397 3134 3467 legitima:
3189 3401 3381 3470 synodi

1807 3483 2067 3551 praesides
2100 3484 2295 3552 egisse,
2326 3495 2583 3554 perpetua
2613 3490 3059 3544 exauctoratione
3091 3491 3380 3547 damnatos

1807 3575 2154 3629 anathemate
2217 3576 2506 3645 percussit.
2567 3575 2676 3630 Nec
2719 3577 2926 3646 legatos
2989 3587 3226 3644 tantum,
3284 3582 3377 3636 sed

1809 3667 2252 3737 ipsum-quoque
2304 3667 2555 3723 Photium
2621 3678 2910 3740 tyrannum
2953 3680 3006 3724 et
3071 3671 3377 3726 adulterum

1806 3758 2140 3826 pronuntiat,
2173 3769 2225 3814 et
2262 3759 2513 3830 legitimae
2550 3761 2738 3830 synodi
2770 3761 3035 3814 sententia
3069 3762 3236 3816 totius
3275 3761 3376 3817 Ec-

1806 3850 1986 3904 clesiae
2015 3865 2128 3904 suae
2154 3852 2502 3904 anathemate
2543 3852 2666 3904 ferit
2701 3852 3054 3920 deponitquc,
3089 3853 3377 3922 ipsumque

1805 3958 1835 3996 a
1862 3941 2096 3996 Maximo
2122 3942 2344 4012 Cynico,
2371 3944 2461 4012 qui
2487 3942 2747 4013 Gregorio
2782 3942 3055 4012 Tlteologo
3083 3945 3373 4010 insultans,

1808 4035 2102 4088 Eceleé‘tam
2134 4035 2308 4088 turbis
2339 4035 2593 4089 omnibus
2630 4036 2963 4105 permiscuit,
2991 4037 3124 4089 nihil
3154 4037 3375 4092 ditl'erre

1804 4121 2062 4179 declarat.
2104 4126 2283 4191 Quare
2318 4127 2468 4179 illum
2495 4167 2510 4193 ,
2551 4136 2607 4180 ut
2636 4127 3017 4180 scandalorum
3067 4138 3370 4190 auctorem,

1803 4229 1856 4272 et
1885 4219 1953 4271 ab
1978 4218 2070 4271 illo
2108 4229 2486 4282 consecratos,
2519 4219 2812 4286 apostolica
2837 4205 3181 4281 auctoritate,
3205 4221 3370 4275 veluti

137 4310 357 4375 χέαντος
389 4348 403 4371 ,
447 4310 882 4381 ἀποφηνάμενος.
937 4313 1098 4366 Ὅθεν
1147 4315 1310 4368 αὐτόν
1348 4331 1428 4379 τε,
1483 4315 1556 4377 ὡς
1590 4317 1697 4366 τῶν

1804 4310 2138 4378 eonjuratos,
2168 4309 2341 4363 eidem
2381 4312 2665 4364 sententia:
2699 4311 2941 4378 subjicit.
2976 4309 3087 4365 Nec
3119 4313 3202 4365 his
3238 4328 3370 4368 ron-

139 4391 448 4462 σκανδάλων
481 4403 670 4467 αἴτιον,
707 4404 797 4454 καὶ
833 4404 957 4464 τοὺς
992 4404 1083 4456 ὑπ’
1115 4405 1275 4457 αὐτοῦ
1321 4423 1700 4476 κεχειροτονη-

141 4489 357 4556 μένους,
399 4490 476 4551 ὡς
515 4492 820 4560 ὁμόφρονας
853 4494 1024 4564 τούτῳ
1064 4495 1304 4563 δηλονότι
1331 4496 1702 4560 καθεστῶτας,

139 4579 472 4651 ὰποστολικῇ
506 4583 682 4651 κρίσει
714 4587 777 4654 τῇ
808 4585 944 4655 αὐτῇ
977 4586 1265 4645 ὑποϐάλλει
1301 4588 1582 4658 καταδίκῃ.
1628 4588 1702 4639 Οὐ

137 4670 297 4724 τοῦτο
350 4673 406 4726 δὲ
459 4677 599 4726 ποιεῖ
631 4674 814 4742 μόνον,
843 4675 977 4728 ἀλλὰ
1007 4678 1101 4730 καὶ
1141 4678 1267 4739 τοὺς
1304 4678 1695 4740 κοινωνοῦντας

139 4757 347 4832 Φωτίῳ,
395 4765 560 4817 αὑτόν
597 4783 655 4818 τε
703 4768 793 4819 τὸν
839 4767 1064 4837 βασιλέα
1110 4772 1200 4821 καὶ
1244 4769 1341 4836 τὴν
1391 4769 1480 4821 ὑπ’
1539 4770 1701 4823 αὑτὸν

1804 4412 2006 4465 tentus,
2040 4402 2277 4457 asseclas
2314 4402 2482 4467 illius,
2521 4403 2808 4472 ipsumque
2840 4404 3220 4473 imperatorem
3243 4421 3366 4459 eum

1804 4505 1992 4550 senatu
2026 4497 2146 4566 ejus
2193 4496 2340 4549 omni
2387 4512 2483 4565 per
2523 4497 2730 4551 litteras
2763 4514 2788 4550 a
2824 4510 2968 4552 ewtu
3001 4498 3242 4552 fidelium
3273 4513 3370 4553 ex-

1803 4586 1990 4643 cludit.
2023 4587 2152 4653 Qua:
2189 4587 2447 4642 Nicolans
2481 4604 2602 4642 cum
2643 4588 2829 4642 divino
2859 4588 2973 4642 zelo
2999 4589 3370 4647 inflammatus

1803 4679 2047 4747 egisset,
2101 4677 2470 4747 :equissimatn
2531 4678 2721 4747 judicii
2774 4679 2858 4732 sui
2919 4680 3246 4733 sententiam
3301 4680 3370 4733 ad

1807 4769 2043 4825 Orientis
2071 4771 2412 4839 patriarchas
2440 4771 2762 4823 transmisit.

142 4855 412 4909 πολιτείαν
457 4860 638 4910 πᾶσαν
678 4859 746 4912 δι’
783 4862 1079 4914 ἐπιστολῶν
1124 4863 1396 4933 ἀφορίζει.
1426 4863 1610 4917 Ταῦτα
1641 4866 1696 4918 δὲ
1737 4864 1881 4936 ζήλῳ
1913 4866 2041 4934 θείῳ
2066 4868 2094 4918 ὁ
2119 4864 2383 4928 Νικόλαος
2413 4865 2923 4936 καταπραξάμενος,
2949 4867 3042 4918 καὶ
3104 4869 3214 4927 τοῖς
3271 4865 3368 4934 τῆς

155 4946 444 5014 ’Λνατολῆς
473 4949 838 5018 πατριάρχαις
863 4952 958 5019 τὴν
999 4952 1259 5021 ἔνθεσμον
1290 4953 1469 5022 κρίσιν
1494 4952 1696 5022 ταύτην
1735 4955 2091 5024 διεπέμψατο.

209 5038 345 5088 Κατ’
370 5038 588 5101 ὲκείνας
618 5039 675 5092 δὲ
702 5043 796 5103 τὰς
821 5043 923 5112 ἠμέ
933 5031 1029 5108 ρας
1063 5045 1156 5096 καὶ
1189 5045 1512 5114 ἐμπρησμὸς
1534 5045 1704 5114 μέγας

143 5130 341 5198 σφόδρα
399 5131 480 5192 εἰς
517 5130 613 5194 τὰς
669 5133 864 5200 Σοφίας
899 5135 1207 5204 γενόμενος,
1258 5137 1539 5206 ἀμύθητον
1572 5139 1703 5206 ὅσην

139 5221 492 5291 καταφθορὰν
526 5223 622 5275 καὶ
677 5223 854 5294 λύμην
886 5228 997 5288 τοῖς
1037 5229 1419 5296 προσοικοῦσιν
1453 5232 1703 5296 ἐνειργά-

139 5328 292 5365 σατο.
321 5313 487 5364 Οὐδὲν
508 5314 561 5365 δὲ
589 5313 792 5368 τούτων
816 5319 892 5380 εἰς
926 5317 1230 5388 μετάμελον
1283 5316 1386 5389 ἦγε
1415 5326 1538 5382 τοὺς
1569 5323 1695 5373 ἀνο-

141 5405 264 5470 μεῖν
302 5404 680 5472 διεγνωκότας·
732 5408 928 5476 μᾶλλον
965 5409 1063 5479 μὲν
1109 5409 1224 5478 οὖν,
1254 5413 1392 5466 κατὰ
1429 5413 1525 5466 τὴν
1562 5415 1698 5466 ἀπο·

236 5585 260 5615 ⁵
288 5561 472 5640 Matth.
517 5603 568 5652 κ,
601 5587 693 5641 ‘23.

1877 5048 1978 5101 Per
2010 5049 2148 5100 idem
2191 5047 2300 5101 fere
2335 5056 2547 5116 tempus
2589 5047 2778 5116 ingens
2821 5049 2873 5100 in
2907 5047 3117 5108 aedibus
3153 5047 3365 5113 Sophim

1806 5141 2114 5194 incendium
2165 5141 2392 5203 exstitit,
2435 5157 2533 5194 nec
2565 5150 2826 5210 quantum
2861 5136 3050 5194 vicinis
3083 5142 3360 5193 calamita-

1806 5240 1934 5292 tem,
1964 5244 2333 5301 quantmnque
2379 5232 2602 5284 exitium
2638 5231 2897 5295 attulerit,
2929 5232 3150 5285 dicendo
3186 5231 3360 5295 expli-

1802 5323 1914 5373 euri
1942 5331 2132 5390 potest.
2169 5321 2298 5385 Quae
2331 5329 2511 5373 tamen
2543 5335 2626 5374 res
2660 5335 2754 5375 eos
2790 5324 2878 5389 qui
2918 5333 3165 5388 perverse
3197 5334 3360 5385 agere

1803 5412 2174 5479 decreverant,
2229 5411 2294 5466 ad
2343 5411 2622 5467 meliorem
2661 5425 2892 5468 mentem
2944 5424 3048 5464 non
3099 5409 3354 5472 reduxit;
