3934 6316
530 282 629 344 ἶνὲἷ

1699 291 1991 351 NICETJ'I
2022 292 2543 352 PAPHLAGONIS

3651 295 3780 359 528

527 397 616 449 sed
657 413 717 448 ex
763 397 1057 466 apostolico
1108 399 1358 465 oraculo,
1409 401 1463 454 in
1515 404 1662 471 pejus
1708 405 2090 472 proﬁciebant,

2199 405 2448 474 στολικὴν
2475 405 2812 475 πρόρρησιν,
2856 402 2983 458 Ἐπὶ
3022 404 3087 456 τὸ
3125 403 3325 473 χεῖρον
3362 405 3780 473 προέκοπτον.

525 500 777 550 errantes,
813 499 858 540 et
885 491 936 541 in
967 507 1192 544 errorem
1227 495 1484 546 mittentes
1525 497 1564 548 ⁸⁵.

600 581 797 633 llardas
827 581 973 634 enim
1017 583 1302 652 imperium
1350 585 1627 650 affectans,
1657 585 1890 652 primum
1929 601 2088 640 curo-

526 671 748 735 palatos.
783 688 904 724 niox
930 673 1112 728 Czcsar
1144 677 1506 742 renuntiatus,
1538 676 1901 746 imperatoris,
1931 694 2087 732 soro-

526 760 599 811 ris
626 758 744 823 ﬁlii,
777 764 1003 816 stultitia
1040 765 1376 829 abutebatur,
1419 767 1762 837 scipsumque
1791 769 1967 821 cunnis
2009 769 2088 820 in-

526 855 890 919 temperantim
927 854 1217 922 effusmque
1270 857 1511 912 libidinis
1585 858 1912 927 mancipium
1969 874 2092 926 pro-

523 939 699 996 debat.
757 943 979 997 Michael
1038 961 1166 998 vero
1225 949 1412 999 animo
1441 949 1777 1016 juvenilibus
1805 949 2090 1003 desideriis

524 1044 802 1102 corrupto,
835 1052 943 1086 rem
978 1036 1213 1090 divinant
1248 1055 1342 1107 pro
1375 1039 1551 1092 fabula
1595 1057 1688 1095 seu
1729 1040 1962 1094 ludibrio
1993 1042 2090 1093 du-

527 1129 711 1189 ccbat,
750 1127 1041 1181 ludibrium
1096 1129 1208 1198 ipse
1251 1129 1426 1184 factus
1484 1131 1663 1184 omnis
1728 1131 1988 1185 fmditatis
2038 1142 2089 1185 et

524 1219 750 1283 peccati,
799 1219 1074 1288 ipsiusque
1126 1221 1329 1287 peccati
1371 1222 1560 1289 patris.
1601 1220 1809 1275 Etenim
1861 1221 2091 1274 homun-

523 1308 707 1362 cinncs
735 1310 996 1378 quosdam
1051 1311 1449 1378 impurissimos
1489 1321 1542 1367 ct
1572 1311 2011 1382 profanissimos,
2038 1323 2092 1366 ct

524 1414 759 1462 scurras,
801 1400 968 1452 divini
1003 1401 1218 1469 quidem
1270 1401 1501 1471 Spiritus
1526 1401 1874 1473 cwlcstisq’ue
1904 1404 2091 1472 gratia:

524 1491 746 1545 οιιιιιίιιο
794 1502 1060 1561 expertes,
1111 1495 1473 1566 pessimisque
1557 1496 1820 1551 daemonis
1875 1497 2083 1550 artibus

2194 494 2539 560 πλανῶντες
2570 495 2667 547 καί
2695 494 3089 562 πλανώμενοι.

2267 584 2475 651 Βάρδας
2509 585 2606 652 μέν
2638 584 2746 652 γὰρ
2778 583 2862 650 ἐφ’
2886 582 3074 634 ἑαυτὸν
3108 582 3204 651 τὴν
3241 581 3557 653 Ῥωμαϊκὴν
3582 584 3783 655 ἀρχὴν

2193 673 2644 741 ὑποποιούμενος,
2683 671 2936 740 πρῶτον,
2959 670 3057 740 μέν
3121 672 3556 741 κουροπαλάτης,
3618 673 3783 742 μετά

2195 765 2385 832 μικρὸν
2433 764 2487 816 δὲ
2542 765 2757 834 Καῖσαρ
2809 762 3210 832 ἀναγορευθεὶς,
3239 763 3338 832 τῆς
3384 760 3484 815 ’τοῦ
3530 763 3780 832 ἀνεψιοῦ

2180 855 2445 924 ἐὐηθείας
2490 854 2825 924 κατετρύφα,
2859 854 3021 916 αὐτὸς
3061 855 3328 923 ἀκρασίας
3355 871 3413 907 τε
3445 856 3625 924 πάσης
3670 856 3782 908 καὶ

2193 943 2368 1013 πάσης
2398 944 2588 1015 ἡδονῆς
2617 943 2875 1011 ἀσελγοῦς
2907 942 3235 1012 ἀνδράποδον
3276 943 3777 1014 ἀποδεικνύμενος·

2191 1039 2216 1087 ό
2251 1035 2466 1104 Μιχαὴλ
2491 1036 2544 1087 δὲ
2576 1037 2924 1105 νεωτερικαίς
2962 1033 3275 1102 ἐπιθυμίαις
3309 1033 3425 1096 ὅλος
3457 1033 3782 1102 κατεφθαρ-

2194 1125 2352 1193 μένος
2387 1126 2477 1178 τὸν
2513 1124 2658 1192 νοῦν,
2696 1125 2943 1191 παίγνιον
2984 1122 3138 1174 ἔθετο
3185 1122 3251 1173 τὰ
3291 1123 3446 1186 θεία,
3502 1125 3780 1188 παίγνιον

2194 1213 2354 1273 αὐτὸς
2411 1213 2674 1282 ἀκρασίας
2719 1229 2776 1263 τε
2822 1213 3000 1280 πάσης
3054 1213 3144 1263 καὶ
3197 1212 3484 1280 ἁμαρτίας,
3530 1213 3628 1265 καὶ
3668 1211 3778 1264 τοῦ

2189 1307 2286 1375 τῆς
2327 1307 2600 1376 ἁμαρτίας
2634 1295 3000 1374 γεγενημένου
3042 1305 3274 1374 πατρόςο
3314 1305 3409 1357 καὶ
3443 1305 3505 1373 δὴ
3540 1321 3775 1373 μιαρω-

2189 1396 2382 1457 τάτους
2414 1397 2563 1457 τινὰς
2603 1395 3036 1464 ἀνθρωπίσκους,
3075 1395 3170 1446 καὶ
3213 1392 3630 1463 βεϐηλοτάτους,
3667 1394 3782 1447 καὶ

2190 1487 2553 1557 εὐτραπέλους
2590 1486 2969 1554 ἐκλεξάμενος,
3010 1487 3269 1555 ἀμοίρους
3298 1485 3398 1554 μὲν
3429 1485 3586 1554 ἀγίου
3624 1503 3778 1539 παν-

525 1568 998 1644 inStructissimos,
1033 1583 1296 1652 sacrilege
1343 1583 1792 1654 impudenterque
1834 1585 2090 1638 sacerdoq

2196 1576 2397 1629 τάπασι
2435 1578 2769 1642 Πνεύματος,
2805 1575 2920 1656 τοῦ.
2943 1575 3182 1627 ἐναντίου
3229 1575 3282 1627 δὲ
3328 1577 3635 1645 πνεύματος
3662 1578 3780 1650 τῇς

531 1679 612 1725 tes
647 1679 700 1723 et
729 1671 995 1725 antistites
1040 1671 1104 1725 ad
1142 1671 1393 1728 Ecclesia:
1430 1674 1708 1743 profanam
1741 1673 2090 1728 imitationem

2196 1667 2470 1736 ἐνεργείας
2493 1666 2931 1737 πεπλησμένους,
2984 1667 3291 1729 ἀνευλαϐὦς
3325 1685 3383 1722 τε
3421 1667 3514 1720 καὶ
3541 1669 3779 1738 ἀπηρν-

530 1757 975 1814 dementissimus
1036 1763 1406 1827 consecravit,
1463 1764 1675 1833 illisque
1734 1762 2090 1833 Theophilum

2196 1755 2496 1828 θριακότως
2546 1761 2709 1828 ἱερεῖς
2751 1759 2848 1812 καὶ
2883 1759 3160 1827 ἀρχιερεῖς
3187 1758 3327 1812 κατά
3368 1757 3465 1829 τὴν
3498 1759 3598 1826 τῆς
3634 1757 3778 1811 Ἐκ-

524 1851 813 1918 quemdam
877 1853 1395 1922 protospatharium,
1452 1869 1698 1909 scurram
1747 1865 1799 1910 et
1843 1857 2094 1923 mimum,

527 1943 772 2011 interque
835 1944 1091 2012 profanos
1171 1945 1612 2014 profanissimum
1650 1985 1664 2010 ,
1729 1947 2091 2017 patriarcbam

526 2031 785 2100 prmfecit,
831 2035 996 2089 risum
1052 2036 1151 2089 sibi
1197 2047 1249 2090 et
1280 2039 1602 2092 cachinnum
1657 2039 1962 2110 improbum
1995 2041 2090 2095 de-

528 2127 808 2178 testandns
852 2135 904 2181 et
931 2125 1262 2184 deridendus
1289 2131 1609 2199 quaeritans.
1651 2132 1756 2186 Per
1790 2149 1910 2202 quae
1942 2133 2092 2188 obla-

528 2215 661 2268 tioni
694 2225 892 2270 sancta:
919 2217 1077 2271 flebat
1109 2208 1326 2289 injuria,
1366 2237 1562 2276 nomen
1606 2238 1733 2277 vero
1766 2221 1857 2276 Dei
1894 2231 2090 2278 contu-

528 2309 702 2361 mellis
741 2309 991 2364 affectum
1017 2312 1156 2366 inter
1195 2322 1381 2381 gentes
1421 2313 1918 2385 blasphemabatur.

602 2573 708 2628 Sed
745 2572 971 2629 Michael
1001 2583 1281 2645 tantopere
1329 2576 1550 2631 infamia
1597 2578 1697 2632 hac
1729 2577 2086 2647 gloriabatur,

538 2665 616 2718 nti
654 2679 754 2720 nec
791 2666 1002 2734 publice
1036 2667 1250 2734 quidem
1304 2668 1417 2721 haec
1454 2668 1800 2722 erubesceret
1825 2668 2034 2738 jactare
2071 2683 2085 2720 :

2195 1849 2422 1915 κλησίας
2463 1851 2632 1920 ἐναγῆ
2681 1849 2913 1919 μίμησιν
2957 1849 2985 1900 ὁ
3022 1847 3350 1912 ἀνούστατος
3405 1849 3772 1919 ἐχειροτόνει·

2193 1941 2288 1992 καὶ
2321 1942 2378 1992 ἐν
2404 1941 2588 2001 αὑτοῖς
2618 1939 2874 2008 Θεόφιλόν
2899 1956 3020 1992 τινα
3047 1939 3555 2010 πρωτοᾰπαθάριον,
3587 1939 3776 2009 ἄνδρα

2192 2031 2552 2100 γελωτοποιὸν
2587 2032 2680 2083 καὶ
2725 2034 2908 2101 μῖμον,
2942 2031 3037 2083 καὶ
3076 2031 3290 2084 πάντων
3321 2030 3528 2099 ἐναγῶν
3562 2031 3774 2100 ἐναγέα

2195 2140 2405 2186 στατον,
2466 2124 2815 2194 πατριάρχην
2864 2123 2954 2174 ἐπ’
3005 2121 3231 2184 ἐκείνοις
3277 2119 3773 2191 προχειριζόμενος

2190 2216 2492 2287 ὠνόμαζεν,
2527 2217 2737 2284 γέλωτα
2771 2215 2949 2285 ἐαυτῷ
2977 2216 3070 2269 καὶ
3118 2214 3440 2284 καγχασμδν
3471 2213 3681 2284 ἀσελγῆ
3738 2216 3777 2266 ὁ

2191 2307 2567 2369 κατάπτυστος
2613 2305 3151 2373 κατασκευαζόμενος
3187 2305 3282 2358 καὶ
3325 2305 3769 2371 καταγέλαστος

2188 2398 2256 2453 δι’
2291 2393 2365 2454 ὧν
2393 2399 2642 2469 ὑϐρίζετο
2695 2397 2793 2468 μέν
2823 2391 3027 2468 ὴ”ἀγία
3069 2397 3373 2467 προσφορὰ,
3417 2396 3672 2466 ὑϐρίζετο
3708 2396 3776 2450 δὲ

2191 2490 2280 2543 καὶ
2330 2489 2734 2558 ἐϐλασφημεῖτο
2770 2490 2880 2550 τοῖς
2915 2486 3088 2540 ἔθνεσι
3119 2485 3181 2540 τὸ
3208 2486 3378 2556 ὄνομα
3405 2486 3497 2540 τοῦ
3522 2484 3687 2539 Θεοῦ.

2271 2583 2394 2636 Ἐπὶ
2424 2581 2674 2634 τοσοῦτον
2700 2582 2757 2634 δὲ
2777 2583 2840 2650 τῇ
2870 2580 3156 2650 ἀλογιστία
3172 2579 3440 2649 ἐνετρύφα
3463 2578 3631 2649 ταύτῃ
3663 2579 3772 2631 καὶ

2190 2671 2670 2738 ἐνεκαλλωπίζετο,
2718 2671 2856 2724 ὥστε
2891 2671 3021 2743 μηδέ
3061 2671 3215 2724 τοῦτο
3263 2669 3543 2742 παρρησίᾳ
3571 2668 3772 2736 λέγειν

531 2756 656 2809 Mihi
685 2755 1038 2826 Theophilus,
1061 2757 1264 2811 (ἐπεκα-ἰ
1295 2759 1540 2826 ΡΙιοιίιιε,
1573 2759 1899 2818 Christianis
1932 2760 2088 2831 lgna-

2197 2762 2576 2833 αἰσχύνεσθαι,
2608 2763 2689 2817 ὅτι
2723 2761 2875 2830 Ἐμοὶ
2913 2761 3009 2830 μὲν
3043 2760 3385 2831 πατριάρχης
3418 2760 3446 2812 ὁ
3473 2757 3769 2826 Θεόφιλος,

538 2849 644 2902 tius
677 2858 758 2901 est
798 2847 1123 2916 patriarcha.
1163 2852 1216 2902 ln
1262 2851 1364 2906 hoc
1420 2855 1739 2907 amentimne
1781 2853 1978 2916 dicam,
2019 2868 2086 2907 an

2196 2858 2217 2910 ὁ
2261 2853 2461 2916 anno;
2509 2853 2566 2906 δὲ
2622 2852 2701 2922 τῷ
2741 2851 3019 2922 Καίσαρι,
3069 2851 3160 2904 καὶ
3197 2852 3307 2911 τοῖς
3340 2850 3692 2919 Χριπιανοῖς
3737 2849 3770 2900 6

529 2939 818 3008 impietatis
849 2943 1049 3008 potius,
1104 2943 1318 2995 tandem
1352 2943 1517 2996 chaos
1552 2955 1633 2998 est
1663 2943 1985 2998 devolutus?
2015 2941 2086 2997 Ita

2206 2947 2467 3015 Ἰγνάτιος
2502 2944 2870 3013 καθέστηκεν·
2905 2945 2984 3005 είς
3027 2940 3342 3010 τηλικοῦτον
3380 2939 3539 2994 αὐτὸν
3585 2940 3775 3009 ἀφρο-

525 3028 822 3095 sacrilegus
855 3029 940 3082 ille
969 3044 1177 3092 Scurra,
1229 3041 1286 3083 ιιι
1315 3032 1446 3094 dixi,
1478 3030 1831 3101 Theophilus,
1869 3041 2079 3088 exserta

2198 3037 2360 3105 σύνης
2393 3035 2587 3106 μᾶλλον
2623 3035 2655 3105 ἢ
2694 3033 2946 3094 ἀσεϐείας
2989 3031 3382 3101 κατενεχθῆναι
3429 3028 3641 3100 βόθρον.
3694 3030 3762 3083 Ὃ

529 3135 623 3173 sua
654 3118 948 3187 petulantia
997 3120 1150 3173 aulas
1176 3121 1419 3175 lambens
1463 3122 1663 3191 regias,
1693 3122 1939 3177 nefandis
1972 3136 2089 3176 see-

2196 3133 2292 3203 μέν
2317 3100 2332 3105 -
2372 3100 2464 3185 οὑν
2511 3100 2801 3202 εἰρημένος
2873 3127 3179 3198 βωμολόχος
3237 3127 3444 3189 ἐκεῖνος
3501 3123 3775 3190 Θεόφιλος

531 3210 752 3276 leribus,
791 3211 1011 3264 lascivia
1055 3221 1108 3266 et
1153 3211 1383 3277 facetiis,
1433 3215 1745 3282 turpissima
1792 3204 2088 3268 imitatione

2196 3219 2335 3274 οὑτω
2364 3220 2644 3290 παρρησίᾳ
2703 3220 2819 3280 ταῖς
2873 3215 3161 3287 βασιλείοις
3210 3213 3487 3284 κωμάζων
3543 3211 3773 3275 αὑλαῖς,

529 3314 625 3368 per
679 3308 1046 3368 contemptum
1107 3317 1289 3355 rerum
1361 3302 1686 3368 divinarum,
1731 3306 1985 3374 mysteria
2037 3311 2090 3357 et

2196 3309 2604 3386 ἀρρητοποιίαις
2663 3324 2722 3360 τε
2792 3307 3031 3369 πάσαις,
3100 3305 3190 3358 κα)
3263 3303 3608 3371 ἀσελγείαις,
3669 3301 3778 3354 καὶ

529 3399 868 3444 sacramenta
901 3392 1214 3445 traducebat
1258 3402 1309 3446 et
1341 3393 1636 3459 illudebat;
1675 3394 1824 3464 quod
1858 3409 1924 3447 ne
1949 3407 2082 3463 gen-

531 3491 611 3535 tes
649 3481 860 3550 quidem
907 3483 1159 3550 quamvis
1191 3483 1368 3553 impia:
1418 3499 1566 3538 ausae
1597 3492 1723 3539 sunt
1772 3482 2085 3553 aliquando.

533 3571 663 3638 Qua:
688 3571 915 3626 Photius
963 3588 1085 3626 cum
1120 3588 1299 3629 coram
1340 3587 1398 3628 se
1428 3573 1540 3644 geri
1565 3583 1830 3637 cerneret,
1859 3588 1974 3628 rem
2007 3574 2091 3626 in-

531 3661 899 3730 dignissimam
953 3676 1051 3715 nec
1108 3663 1484 3732 reprehendit,
1529 3677 1625 3717 nec
1659 3664 1856 3717 restitit
1897 3662 2089 3732 impie-

532 3751 649 3814 tati,
698 3765 892 3820 neque,
924 3753 1067 3820 quod
1124 3766 1210 3807 res
1271 3752 1453 3806 divina
1506 3752 1740 3807 ludibrio
1779 3753 2090 3817 haberetur,

535 3843 760 3895 verbum
791 3843 962 3895 ullum
1015 3852 1206 3897 contra
1251 3857 1343 3898 seu
1391 3857 1552 3912 grave
1599 3857 1694 3897 seu
1740 3844 1856 3897 leve
1901 3843 2086 3897 edidit.

533 3930 685 3998 Quod
727 3932 921 3985 mirum
964 3933 1132 3986 videri
1176 3947 1281 3986 non
1323 3934 1481 3987 debet
1515 3948 1528 3984 :
1559 3942 1676 3987 erat
1706 3933 1847 3987 enim
1881 3947 2088 3988 merce-

535 4021 721 4074 narius
749 4021 938 4090 Opilio,
971 4036 1075 4075 non
1113 4036 1402 4091 germanus
1448 4032 1632 4091 pastor
1674 4039 1688 4076 :
1732 4021 1986 4090 quocirca
2017 4021 2092 4076 illi

536 4109 603 4164 de
645 4119 902 4179 pereunte
927 4125 1087 4180 grege
1114 4127 1245 4165 cura
1285 4111 1453 4164 nulla.
1489 4112 1567 4165 Ad
1598 4112 1710 4164 haec
1741 4111 1848 4166 duo
1884 4118 2090 4164 tantum

538 4208 648 4254 toto
681 4208 894 4267 pectore
945 4200 1181 4254 intentus
1221 4218 1233 4253 :
1268 4201 1494 4253 alterum
1554 4208 1610 4253 ut
1665 4199 1729 4254 iis
1774 4200 1864 4268 qui
1912 4212 2093 4253 rerum

537 4291 697 4359 potiri
731 4291 1046 4345 videbantur
1067 4331 1081 4356 ,
1114 4291 1459 4357 blandiendo,
1514 4290 1797 4357 modisque
1841 4290 2094 4344 omnibus

536 4381 891 4447 gratificando
921 4392 974 4435 ct.
1013 4382 1380 4450 obsequendo.
1420 4380 1834 4450 patriarchatum
1867 4381 1969 4434 sibi
2002 4379 2094 4433 ﬂr-
2125 4427 2168 4484 D

540 4481 709 4524 marct
745 4488 758 4522 :
793 4473 1039 4535 alterum,
1093 4479 1149 4528 ut
1181 4471 1468 4540 lguatium,
1512 4471 1557 4524 Ii
1601 4485 1706 4540 qua
1746 4472 1954 4524 ratione
1981 4472 2092 4526 fieri

540 4567 746 4628 posset,
781 4562 945 4614 etiam
995 4563 1103 4614 vita
1136 4571 1379 4614 exueret.
1420 4563 1595 4631 Atque
1627 4562 1738 4616 haec
1787 4563 1859 4615 ita
1910 4576 1969 4616 se
1996 4561 2094 4614 ha-

540 4654 686 4719 bere,
723 4669 831 4708 non
859 4667 981 4708 esse
1019 4662 1196 4707 autem
1239 4653 1404 4708 verba
1428 4655 1630 4720 inania,
1667 4654 1807 4708 facta
1839 4655 1954 4723 ipsa
1984 4653 2096 4708 cla-

542 4753 709 4801 mant.
747 4745 944 4815 Ecquis
973 4745 1116 4799 enim
1170 4745 1378 4800 technis
1418 4746 1560 4800 illius
1589 4733 1809 4811 auditis,
1858 4757 2094 4799 atrocem

542 4841 780 4892 animum
836 4855 942 4893 non
980 4837 1121 4892 illico
1159 4837 1474 4908 perspexit?
1525 4837 1657 4893 Nam
1705 4838 1793 4891 die
1846 4836 2094 4906 quapiam

545 4931 747 4984 advena
776 4929 996 4998 quidam
1055 4930 1219 4996 prius!
1251 4930 1465 5000 ignotus
1516 4930 1790 4992 omnibus,
1842 4925 2094 4980 monachi

545 5022 728 5074 habitu
773 5021 1016 5087 indutus,
1046 5013 1348 5075 Euslratius
1395 5021 1631 5081 nomine,
1681 5027 1827 5071 recta
1877 5017 1941 5069 ad
2001 5029 2096 5084 pa-

545 5109 860 5162 triarcbium
893 5108 1229 5178 properabat,
1279 5110 1663 5179 ingressusque
1712 5105 1864 5158 binas
1893 5105 2098 5159 litteras

547 5202 697 5252 tictas
753 5196 929 5265 palam
977 5206 1251 5268 promptas
1308 5198 1645 5266 porrigebat;
1701 5211 1839 5265 quas
1877 5196 2094 5264 quidem

544 5287 974 5357 sapientissimus
1019 5287 1120 5343 ist'e
1146 5287 1372 5342 Photius
1412 5301 1506 5354 per
1525 5286 1708 5338 dolum
1738 5288 2090 5356 excogitarat,

548 5390 604 5433 ut
634 5379 970 5448 postmodum
999 5378 1280 5433 manifeste
1311 5378 1481 5446 patuit
1509 5393 1523 5428 :
1559 5378 1753 5434 alteras
1780 5379 1966 5450 lgnatii
1997 5397 2094 5434 no-

547 5471 692 5525 mine
721 5471 786 5524 ad
810 5470 1088 5528 Nicolaum
1132 5473 1438 5541 pontificem
1466 5471 1642 5541 datas,
1669 5475 1865 5547 quibus
1894 5485 2096 5530 statum

652 5653 671 5684 ⁸
702 5651 741 5705 ll
777 5650 918 5704 Tim.
945 5667 1025 5713 ιιι,
1059 5650 1145 5702 i3.

2187 3398 2604 3469 εὐτραπελίαις,
2656 3398 2722 3450 δι’
2773 3395 3058 3465 αἰσχίστης
3121 3395 3409 3464 μιμήσεως
3452 3391 3559 3446 τῶν
3593 3391 3770 3462 ιερῶν

2194 3490 2506 3562 μυστηρίων
2557 3491 2886 3558 κατωρχεῖτο
2940 3485 3082 3572 [καὶ]
3132 3483 3474 3548 κατέπαιζε·
3516 3483 3768 3554 πρᾶγμα

2195 3578 2330 3648 μηδέ
2361 3580 2468 3640 τοῖς
2498 3577 2880 3638 ἀσεϐεστάτοις
2923 3573 3032 3628 τῶν
3064 3574 3330 3644 Ἑλλήνων
3366 3572 3584 3625 πώποτε
3632 3573 3773 3625 τολ-

2196 3668 2385 3739 μηθὲν.
2445 3668 2502 3720 '0
2529 3668 2732 3730 Φώτιος
2761 3668 2818 3720 δέ
2841 3667 3046 3720 τούτων
3075 3663 3467 3734 τολμωμένων,
3501 3663 3594 3716 καὶ
3623 3661 3771 3731 ξκατ⁹

2193 3757 2505 3828 ὀςςθαλμοὺς
2551 3756 2714 3810 αὑτοῦ
2751 3757 3158 3827 πραττομένων,
3209 3755 3307 3806 οὑκ
3344 3751 3533 3823 ἤλεγξε
3565 3751 3626 3804 τδ
3665 3750 3770 3805 τοῦ

2192 3847 2620 3919 ἐπιτηδεύματος
2650 3844 2872 3910 ἄτοπον,
2905 3839 3005 3900 οὐκ
3045 3846 3275 3914 ἀντέστη
3321 3847 3389 3917 τῇ
3422 3843 3773 3913 παρανομίᾳ,

2191 3943 2252 3995 οὐ
2315 3941 2558 4011 μικρὰν,
2611 3940 2670 3991 οὑ
2740 3938 2985 4008 μεγάλην
3042 3936 3181 4006 ὑπὲρ
3226 3934 3333 3989 τῶν
3383 3933 3772 4003 ὑϐριζομένων

2194 4033 2352 4086 θείων
2381 4030 2580 4102 ὀργίων
2621 4031 2797 4099 ἀφῆκε
2831 4030 3034 4099 φωνήν.
3065 4029 3176 4080 Καὶ
3211 4027 3274 4080 οὑ
3327 4027 3664 4096 θαυμαστόν·
3698 4022 3774 4095 ἦν

2194 4125 2302 4195 γὰρ
2334 4122 2620 4193 μισθωτὸς.
2655 4123 2747 4175 καὶ
2787 4121 2846 4174 οὐ
2901 4120 3124 4190 ποιμήν·
3179 4119 3257 4172 διὸ
3303 4119 3526 4188 οὐδεμία
3576 4118 3766 4187 τούτῳ

2196 4210 2465 4282 περὶτῶν
2511 4210 2898 4280 ἀπολλυμένων
2939 4207 3224 4279 προϐάτων
3259 4207 3468 4274 ἐγίνετο
3515 4208 3771 4276 φροντίς.

2195 4304 2339 4376 Πρδς
2404 4301 2497 4355 δύο
2553 4303 2609 4354 δὲ
2673 4301 2831 4372 μόνον
2883 4301 3019 4363 ὅλως
3085 4298 3234 4369 αὐτῷ
3297 4299 3614 4352 συνετέτατο
3658 4301 3768 4367 τῆς

2195 4394 2370 4464 ψυχῆς
2402 4393 2429 4444 ὁ
2472 4393 2669 4454 σκοπός
2689 4409 2704 4424 ο
2737 4392 2795 4444 ἐν
2829 4391 2948 4459 μὲν,
2981 4391 3130 4452 ὅπως
3163 4390 3232 4442 τά
3261 4389 3437 4442 πάντα
3460 4387 3764 4458 χαριζόμε-

2198 4501 2281 4546 νος
2312 4485 2423 4545 τοῐς
2469 4483 2686 4552 κρατεῖν
2737 4481 2974 4544 δοκοῦσι,
3006 4480 3068 4532 τὸ
3094 4479 3192 4548 τῆς
3228 4480 3593 4550 πατριαρχίας
3622 4479 3771 4548 κρά-

2194 4587 2284 4636 τος
2318 4573 2543 4643 μόνιμον
2580 4572 2756 4642 ἐαυτῷ
2792 4557 3331 4641 διατηρῇοόεύτερον
3362 4570 3453 4635 δὲ,
3487 4571 3630 4631 ὅπως
3666 4571 3768 4624 καὶ

2195 4664 2363 4734 αὐτῆς
2411 4664 2783 4733 ἀποστερῆσαι
2833 4662 2925 4715 τὸν
2985 4660 3264 4727 Ἰγνάτιον,
3307 4661 3358 4713 εί
3386 4661 3624 4723 δυνατὸν,
3659 4659 3769 4728 τῆς

2197 4750 2363 4820 ζωῆς.
2406 4752 2515 4803 Καὶ
2553 4754 2635 4804 ὅτι
2684 4749 2858 4819 ἀληθῆ
2919 4747 3117 4812 ταῦτα,
3149 4749 3246 4802 καὶ
3298 4749 3357 4801 οὑ
3407 4749 3558 4816 λόγοι
3585 4751 3766 4812 κενοὶ,

2198 4843 2337 4895 αὑτὰ
2383 4841 2480 4912 βοᾷ
2510 4843 2574 4894 τά
2604 4842 2921 4910 πράγματα.
2956 4840 3052 4902 Τίς
3084 4839 3194 4908 γάρ
3230 4838 3469 4902 ἀκούσας
3495 4841 3673 4891 ἐκεῖνο
3709 4840 3769 4891 τι

2199 4935 2554 5003 σκευώρημα,
2595 4934 2657 4984 οὑ
2718 4932 2816 5002 τὴν
2862 4931 3090 5000 φονικὴν
3131 4929 3376 4998 παρευθὺ
3430 4928 3522 4983 τοῦ
3564 4928 3764 4999 ἀνδρὸς

2198 5025 2413 5091 ἐπέγνω
2466 5022 2820 5091 προαίρεσινς
2872 5021 2982 5073 Καὶ
3024 5021 3127 5090 γὰρ
3170 5019 3228 5071 ἐν
3270 5020 3367 5088 μιᾷ
3405 5015 3511 5070 τῶν
3539 5019 3772 5088 ημερῶν

2203 5114 2348 5176 ξένος
2395 5129 2474 5173 τις
2535 5110 2814 5179 ἄνθρωπος
2876 5110 3035 5179 ἄχρις
3094 5109 3303 5162 ἐκείνου
3357 5107 3491 5179 πρὸς
3525 5109 3767 5164 πάντων

2197 5203 2577 5272 ἀγνοούμενος,
2614 5201 2796 5269 σχῆμα
2840 5201 2898 5253 δὲ
2931 5198 3168 5270 μονα.χοῦ
3220 5198 3622 5267 περικείμενος,
3655 5197 3766 5250 Εὐ.

2198 5298 2446 5367 στράτιος
2483 5294 2539 5346 δέ
2569 5295 2919 5364 καλούμενος,
2952 5294 3042 5346 τὸν
3077 5292 3470 5363 πατριαρχικὺν
3497 5290 3768 5361 ἐξαπίνης

2196 5385 2341 5441 οἶκον
2393 5385 2609 5450 ἐπιϐὰς,
2657 5388 2750 5439 καὶ
2795 5386 3070 5449 εἰσελθὼν,
3104 5384 3198 5437 δύο
3227 5383 3765 5453 πλασματογραφίας

2198 5473 2424 5529 ἐνώπιον
2464 5476 2680 5530 πάντων
2720 5475 3078 5545 ἀποκαλύψας
3117 5476 3359 5530 ἐπεδίδου
3409 5475 3497 5546 (ἃς
3540 5476 3708 5540 αὑτὸς
3739 5479 3767 5530 ἀ
