3934 6316
208 372 315 441 ῦ29

1260 395 1434 455 VITA
1471 396 1535 456 S.
1577 395 1872 457 IGNATII
1911 396 2018 457 ΟΡ.
2062 397 2405 460 ARCHlEP.
3218 439 3223 444 -
3329 409 3434 471 531i

204 466 520 559 σοφώτατος
549 496 774 563 Φώτιος,
821 501 896 565 ὡς
935 505 1102 573 σαφὲς
1146 505 1376 577 ὕστερον
1421 508 1663 577 ἐγένετο,
1696 511 1760 563 δο

1878 512 2282 580 patriarchatus
2322 514 2784 586 suijmmutatum
2809 561 2822 583 ,
2861 531 2914 576 et
2945 522 3170 592 injurias
3203 525 3436 595 impera-

201 585 527 656 λιευὸμενος
560 590 985 664 κατεσκεύαστο)
1011 612 1027 627 ·
1063 599 1196 665 μίαν
1245 599 1344 667 μὲν
1376 602 1441 654 ὲκ
1483 601 1775 672 προσώπου

199 677 302 731 τοῦ
346 680 608 748 Ἰγνατίου
641 684 777 755 πρὸς
805 686 1076 743 Νικόλαον
1114 690 1204 743 τὸν
1241 692 1431 745 πάπαν
1461 694 1774 764 ἐπιστολὴν,

195 767 302 838 τὴν
338 770 464 842 περὶ
514 772 677 826 αὑτὸν
705 776 1007 850 γενομένην
1057 783 1410 852 καινοτομίαν
1442 785 1538 837 καὶ
1563 785 1777 840 ἀδικίαν

197 859 299 910 τοῦ
343 859 609 929 βασιλέως
650 866 838 934 σαφῶς
882 868 1326 941 διαγορεύουσαν·
1373 875 1463 946 ἢν,
1497 877 1569 941 ὠς
1602 876 1775 946 ἔλεγε,

196 950 298 1003 τοῦ
331 953 488 1006 πάπα
515 955 650 1024 μηδὲ
677 959 1012 1030 προσϐλέψαι
1048 964 1518 1035 καταδεξαμένου,
1569 971 1777 1024 ἐκεῖθεν

199 1039 375 1092 αὑτὸν
421 1042 585 1126 ἀὖθις
627 1046 957 1117 ἀνενεγκεῖν·
991 1052 1122 1122 μίαν
1166 1055 1224 1107 δὲ
1270 1058 1404 1126 πρὸς
1435 1061 1526 1114 τὸν
1575 1061 1778 1116 Φὼτιον

195 1131 371 1186 αὐτὸν
406 1133 622 1200 τοῦτον,
653 1136 730 1201 ὡς
765 1139 874 1193 ἀπὸ
901 1140 994 1195 τοῦ
1020 1144 1299 1199 Νικολάου
1338 1149 1502 1204 αὐτοῦ
1541 1153 1778 1221 διεκομίο

194 1222 352 1312 ζετο,
382 1221 610 1294 δύναμιν
655 1225 884 1297 ἔχουσαν
925 1232 1218 1304 ἀπολογίας
1257 1237 1397 1310 ὑπὲρ
1442 1240 1536 1294 τοῦ
1573 1243 1775 1312 μεταξὺ

192 1310 380 1365 αὐτῶν
404 1315 596 1386 πρώην
625 1321 1207 1394 παρακολουθήσαντος
1228 1310 1601 1402 παροξυσμοῦ,
1633 1336 1774 1404 ἀγά-

193 1419 308 1473 πης
340 1404 398 1457 δὲ
426 1406 521 1460 τοῦ
565 1408 753 1464 λοιποῦ
804 1415 900 1475 καὶ
955 1420 1239 1484 κοινωνίας
1287 1423 1448 1493 δῆθεν
1495 1426 1774 1498 ἀῤῥήκτου

191 1500 532 1569 κυρωτικήν.
564 1501 748 1557 Ταῦτα
775 1506 806 1558 6
835 1510 1195 1578 ταραχοποιδς
1236 1513 1440 1578 ἐκεῖνος
1483 1515 1776 1586 δεξάμενος

189 1587 362 1659 ἀνὴρ,
415 1591 577 1657 εὐθὺς
619 1595 700 1668 τῷ
733 1613 805 1678 ,τε
834 1598 1046 1669 βασιλεῖ
1095 1605 1188 1656 καὶ
1228 1605 1305 1675 τῷ
1345 1607 1585 1678 Καίσαρι
1634 1610 1775 1662 κατὰ

188 1679 289 1731 τοῦ
320 1681 563 1737 ἀναιτίου
606 1677 914 1756 ἐμφανίζει,
949 1693 1042 1746 καὶ
1092 1695 1384 1766 παροξύνει
1419 1699 1542 1752 κατ’
1586 1699 1773 1765 αὐτοῦ,

186 1768 598 1841 Πονηρεύεται,
631 1776 826 1845 λέγων,
874 1782 1016 1835 κατά
1062 1786 1159 1853 τῆς
1195 1787 1466 1859 ὑμετέρας
1495 1788 1774 1859 βασιλείας

1879 606 2012 660 toris
2039 607 2373 675 exponebat;
2402 624 2536 678 quas
2583 612 2764 666 aiebat
2812 614 3122 682 pontificem
3172 631 3238 669 ne
3275 620 3436 686 aspi—

1876 710 1998 750 cere
2031 697 2249 766 quidem
2289 699 2547 764 voluisse,
2575 717 2637 755 ac
2662 703 2884 771 proinde
2927 720 2956 758 a
3002 720 3059 759 se
3090 715 3389 774 reportatas
3421 727 3432 760 :

1874 787 2073 842 alteras
2103 791 2260 858 quasi
2291 805 2321 844 a
2354 790 2573 846 Nicolao
2602 795 2667 846 ad
2713 795 2888 864 ipsum
2925 797 3171 851 Photium
3220 801 3438 863 missas,

1875 879 2072 947 quibus
2098 882 2363 950 purgabat
2409 882 2646 951 priorem
2687 886 2827 940 inter
2858 884 3109 940 Photium
3141 897 3196 942 et
3223 890 3457 961 pontiliv.

1874 981 1989 1020 cem
2041 967 2455 1034 dissensionem,
2488 981 2542 1026 et
2597 972 2915 1028 charitatem
2950 975 3353 1046 amicitiamque
3386 979 3438 1032 in

1874 1072 2038 1110 omne
2090 1058 2354 1128 reliquum
2381 1069 2591 1131 tempus
2621 1065 2953 1118 stabiliebat.
2991 1065 3096 1121 llas
3134 1067 3221 1121 ille
3251 1068 3440 1125 turba—

1878 1164 1995 1201 rum
2047 1148 2243 1203 a'rtifex
2290 1162 2534 1219 arreptas
2566 1169 2596 1207 e
2628 1156 2851 1224 vestigio
2899 1155 3210 1225 imperatori
3243 1167 3292 1212 et
3321 1156 3439 1212 Ca:-

1875 1241 1986 1295 sari
2017 1242 2200 1306 tradit,
2232 1253 2531 1312 contraque
2555 1236 2900 1301 innocentem
2931 1249 3144 1318 egregie
3170 1250 3438 1304 mentien-

1874 1333 1945 1386 do
1974 1333 2248 1402 principes
2271 1336 2519 1390 accendit
2559 1351 2573 1390 :
2613 1336 2894 1402 Vestram,
2946 1340 3143 1409 inquit,
3181 1340 3426 1409 majesta-

1876 1434 1980 1479 tem
2011 1423 2252 1495 lgnatins
2289 1427 2356 1480 ad
2385 1438 2597 1483 exteras
2637 1430 2799 1483 etiam
2834 1440 3018 1500 gentes
3047 1431 3298 1496 traducit,
3345 1447 3440 1488 ve-

1876 1515 2083 1584 strique
2131 1517 2342 1586 imperii
2391 1520 2686 1588 potentiam
2742 1521 3177 1590 improbissimus
3228 1525 3438 1577 calum-

1877 1606 2053 1660 niator
2093 1608 2145 1661 in
2179 1607 2382 1663 crimen
2412 1621 2584 1665 vocat.
2611 1610 2714 1677 Qui
2748 1612 2959 1665 tametsi
2992 1613 3190 1682 iustam
3219 1615 3439 1669 haberet

1875 1712 2118 1764 causam,
2151 1708 2330 1754 tamen
2359 1700 2468 1755 vita
2501 1703 2576 1755 illi
2615 1701 2738 1771 jure
2779 1703 3130 1770 adimeretur,
3165 1705 3290 1759 dum
3326 1707 3438 1761 lucc

1877 1787 1932 1842 in
1978 1799 2212 1844 vestram
2265 1793 2610 1847 serenitatem
2669 1794 3013 1848 machinatur
3054 1816 3065 1849 :
3102 1798 3195 1850 sed
3227 1803 3321 1862 en’,’
3351 1798 3436 1852 in-

203 1861 506 1932 Ἰγνάτιος,
556 1869 652 1922 καὶ
691 1869 968 1926 διαϐάλλει
1016 1850 1150 1947 προς
1197 1850 1320 1942 τοὺς
1351 1850 1598 1943 έξαίίκαὶ
1643 1850 1760 1936 κατέ

1872 1881 2012 1950 quit,
2047 1891 2213 1936 testes
2252 1883 2486 1951 perfidiae
2511 1885 2737 1948 litteras,
2760 1893 2813 1938 et
2837 1885 2994 1940 fidem
3023 1887 3184 1942 dictis
3211 1888 3434 1954 faciant,

181 1955 405 2021 ηγορεῖ,
440 1957 532 2009 καὶ
573 1959 634 2012 τὸ
664 1960 764 2030 τῆς
803 1963 1071 2038 ὑμετέρας
1100 1965 1348 2033 ἐξουσίας
1376 1972 1574 2042 κράτος
1607 1989 1772 2038 συκοέ

183 2047 401 2109 φαντεῖ·
434 2048 545 2100 καὶ.
565 2051 614 2102 εί
664 2052 800 2122 πρὸς
829 2054 1036 2109 δίκαιον
1065 2053 1230 2128 εἶχεν,
1262 2061 1369 2114 οὐδέ
1402 2062 1470 2116 ἂν
1516 2064 1614 2135 ζῇν
1645 2081 1769 2137 συντ

183 2139 471 2206 εχωρεῖτο,
499 2141 726 2196 τοιαῦτα
760 2147 898 2199 κατά
931 2146 1032 2217 τῆς
1064 2149 1217 2219 ὑμῶν
1248 2150 1627 2224 διανοούμενος
1655 2173 1770 2223 γα-

180 2224 514 2315 ληνότητος·
544 2233 637 2285 καὶ
663 2236 695 2305 ἠ
725 2235 824 2304 τῆς
862 2242 1218 2310 κακουργίας,
1255 2243 1440 2314 φησὶν,
1472 2246 1766 2315 ἀπόδειξις,

183 2314 302 2369 ἰδοὺ
330 2318 426 2408 καὶ
455 2320 596 2373 αὐτὰ
621 2326 962 2395 μαρτυροῦσι
987 2328 1054 2381 τά
1083 2331 1404 2401 γράμματα,
1425 2383 1427 2386 ι
1448 2335 1592 2406 άπερ
1617 2339 1765 2408 ἡμᾶς

181 2407 288 2474 μὲν
313 2406 543 2482 ratae"
567 2413 742 2480 οὐδὲν,
764 2415 1028 2489 ὠφέλησε
1058 2421 1114 2474 δὲ
1155 2423 1379 2492 μᾶλλον,
1413 2406 1765 2502 πληροφορη-

177 2499 377 2564 θέντος
401 2501 493 2555 τοῦ
533 2504 692 2559 πάπα
722 2507 954 2579 τάληθῆ,
1000 2512 1095 2564 καὶ
1136 2514 1356 2585 ἀγάπην
1385 2499 1764 2588 κεκυρωκδτος

173 2591 262 2653 ιις
288 2593 458 2662 ἡμᾶς.
504 2595 615 2665 Οὐχ
648 2597 974 2667 ἠγοῦμαιοδὲ
1014 2588 1220 2656 δίκαιον
1274 2600 1412 2659 εἶναι
1461 2607 1558 2678 τὴν
1610 2609 1762 2680 ὑμῶν

179 2681 462 2750 βασιλείαν
503 2685 678 2751 οὕτως
725 2688 1118 2754 ἐξουδενεῖσθαι
1184 2698 1313 2765 παρ’
1343 2697 1529 2752 αὑτοῦ.
1576 2700 1762 2754 Ταῦτα

174 2773 287 2842 μὲν
308 2775 336 2827 6
364 2778 726 2848 συκοφάντης·
757 2781 996 2849 φύλακες
1012 2785 1066 2836 δὲ
1088 2788 1217 2856 παρ’
1240 2788 1399 2852 αὐτὰ,
1430 2791 1522 2843 καὶ
1545 2796 1761 2864 φρουρά

171 2865 314 2934 περὶ
337 2866 429 2921 τὸν
455 2869 709 2934 ἀναιτίως
739 2877 1210 2948 κατηγορούμενον
1249 2881 1522 2952 ἀσφαλὴς,
1563 2884 1761 2956 ἔρευνά

168 2972 235 3008 τε
273 2957 444 3028 πολλὴ
484 2962 686 3033 σφόδρα
719 2965 813 3018 καὶ
840 2965 1082 3032 ἐξέτασις
1110 2971 1190 3034 είς
1215 2972 1389 3026 ταῦτα
1445 2973 1634 3030 τοῦτον
1663 2977 1756 3045 γέ-

171 3063 308 3115 γονε
344 3050 438 3102 τὸν
462 3054 679 3122 τρόπον.
707 3057 994 3129 Παρήγετο
1030 3062 1208 3114 τοίνυν
1233 3064 1312 3127 είς
1337 3065 1501 3135 μέσον
1586 3086 1760 3140 γραμ-

1868 1989 1991 2044 qua:
2022 1974 2177 2028 nobis
2222 1975 2359 2028 nihil
2394 1973 2641 2041 obfu'ere,
2678 1977 2768 2030 sed
2807 1976 3062 2047 profuere
3106 1995 3265 2033 :cnm
3301 1995 3435 2049 papa

1871 2065 1947 2120 rei
1982 2065 2264 2120 veritatem
2289 2067 2359 2120 sit
2385 2068 2629 2133 edoctus,
2673 2078 2727 2125 et
2755 2071 2896 2126 inter
2919 2089 3019 2128 nos
3052 2075 3348 2129 amicitiam
3374 2092 3437 2130 ac

1869 2155 2300 2210 benevolentiam
2356 2160 2909 2230 etiam‘confirmcnt.
2984 2163 3088 2218 Sed
3152 2165 3432 2236 indignum

1862 2247 2101 2316 iudicavi
2132 2257 2364 2304 vestram
2423 2252 2760 2321 majestatem
2806 2271 2900 2324 per
2945 2256 3093 2310 illum
3147 2260 3282 2311 adeo
3304 2263 3435 2312 coni

1866 2339 2093 2393 culcari.
2132 2338 2257 2396 Haec
2305 2343 2644 2412 sycophanta
2695 2345 2951 2402 l’hotius.
2998 2349 3310 2404 Accersitur
3349 2366 3438 2404 sa-

1867 2430 2154 2495 tellitium;
2210 2431 2452 2501 lgnatius
2497 2449 2591 2503 per
2644 2437 2970 2492 calumniam
3030 2442 3434 2495 circumventus

1863 2528 2016 2572 arcta
2046 2521 2295 2575 custodia
2327 2535 2597 2587 servatur,
2625 2524 2921 2596 inquiritur
2947 2530 3165 2595 acriter,
3203 2540 3257 2585 et
3287 2547 3435 2600 quae-
3525 2523 3530 2528 ’

1862 2609 2089 2674 Stiones,
2132 2624 2200 2662 an
2254 2609 2326 2665 ita
2373 2627 2431 2665 se
2479 2627 2564 2668 res
2613 2614 2825 2682 haheat,
2878 2627 3220 2673 exercentur.
3249 2620 3435 2674 Addu-

1861 2706 1983 2753 ctus
2022 2716 2239 2770 quoque
2283 2701 2338 2756 in
2401 2705 2641 2759 medium
2693 2705 3032 2763 Tabellarius
3073 2709 3163 2763 ille
3213 2708 3437 2776 iubetur

1863 2792 2132 2859 indicare,
2189 2809 2217 2846 a
2271 2809 2380 2862 quo
2417 2797 2624 2854 litteras
2675 2800 2742 2854 ad
2800 2799 3080 2855 Nicolaum
3124 2804 3430 2870 pontificem

1861 2887 2154 2955 acceperit.
2182 2887 2524 2945 Tabellarius
2553 2907 2580 2944 a
2614 2892 2886 2963 Cypriauo
2926 2894 3020 2950 illo
3044 2894 3234 2965 lgnatii
3269 2896 3437 2950 disci-

1859 2976 1985 3044 pulo
2014 2977 2165 3044 prius
2193 2993 2249 3032 se
2293 2979 2500 3035 litteras
2531 2991 2584 3035 et
2612 2984 2872 3038 viaticum
2907 2987 3184 3054 accepisse
3212 3002 3438 3056 respon—

1859 3065 1968 3120 det.
1994 3064 2096 3121 Sed
2136 3081 2261 3121 cum
2305 3085 2403 3123 nec
2433 3071 2787 3141 Cyprianum,
2814 3074 2976 3128 etiam
3015 3085 3124 3131 toto
3157 3092 3344 3133 mense
3367 3079 3433 3132 ad

171 3144 492 3214 ματοφόρος
521 3146 748 3211 ἐκεῖνος,
782 3150 877 3202 καὶ
906 3153 1169 3221 ἀπῃτεῖτο
1205 3154 1396 3221 δεῖξαι,
1436 3144 1574 3229 πρὸς
1611 3159 1755 3224 τίνος

1862 3155 2289 3228 investigandum
2325 3161 2470 3224 dato,
2509 3163 2808 3218 ostendere"
2841 3175 3043 3235 posset,
3098 3182 3195 3222 nec
3242 3183 3435 3238 quem-

176 3228 400 3299 εἰλήφει
416 3233 513 3302 τὴν
533 3235 669 3304 πρὸς
690 3235 780 3289 τὸν
800 3237 985 3291 πάπαν
1005 3242 1315 3312 ἐπιστολήν.
1331 3243 1390 3295 '0
1407 3245 1463 3296 δὲ
1483 3228 1746 3317 πρότερον

169 3321 445 3393 είρηκὼς,
475 3326 551 3388 ὡς
588 3328 905 3397 Κυπριανὸς
947 3330 1153 3396 ἐκεῖνος
1194 3336 1223 3386 6
1256 3334 1350 3396 τοῦ
1397 3335 1659 3403 ἰγνατίου
1688 3338 1756 3392 τά

67 3409 80 3414 “
168 3427 231 3464 τε
258 3413 561 3484 γράμματα
580 3416 751 3471 ταῦτα
785 3421 1096 3496 καὶῠὲφόδια
1125 3425 1535 3496 ἔχειροδότησεν
1566 3430 1752 3496 ίκανά,

167 3497 333 3566 οὗτος
379 3505 474 3557 hri
531 3507 677 3576 μῆνα
736 3508 921 3579 σχεδὸν
957 3510 1078 3564 ὅλον
1120 3513 1520 3584 ἀπαιτούμενος
1564 3516 1752 3571 τοῦτον

169 3594 462 3663 ἑπιδεῖξαι,
489 3596 752 3668 ἠλέγχετο
775 3600 907 3670 μήτ’
936 3602 1100 3655 αὐτὸν
1130 3603 1283 3667 είδὼς
1307 3606 1397 3660 τὸν
1420 3609 1752 3677 Κυπριανδν,

172 3684 473 3755 μήτιλτιν
523 3687 681 3743 ἄλλον
719 3690 826 3744 τῶν
856 3692 1163 3762 ἀνθρώπων
1200 3695 1483 3764 Ἰγνατίου.
1518 3699 1675 3753 Οὕτω
1699 3701 1755 3754 δὲ

166 3774 282 3843 τῆς
311 3779 619 3850 σκευωρίας
669 3783 1040 3856 φωραθείσης,
1079 3787 1329 3856 μάστιξιν
1366 3790 1472 3841 ὑπὸ
1499 3790 1592 3842 τοῦ
1617 3793 1755 3845 Καί-

1863 3263 2024 3316 quam
2053 3265 2116 3302 ex
2162 3250 2350 3319 lgnatii
2385 3254 2649 3308 comitatu
2706 3271 2867 3312 nosse
2921 3259 3215 3324 videretur,
3248 3260 3436 3315 fraude

1860 3340 2215 3409 deprehensa,
2247 3342 2381 3398 loris
2415 3359 2445 3398 a
2474 3345 2685 3400 Caesare
2719 3343 2983 3402 acerrime
3014 3358 3098 3403 est
3124 3352 3388 3406 multatus
3416 3370 3430 3406 :

1857 3445 1958 3500 pro
1987 3438 2098 3501 quo
2138 3433 2418 3490 liberanda
2470 3438 2682 3492 tametsi
2715 3440 2899 3492 omnia
2940 3440 3141 3494 faceret
3184 3440 3430 3508 Photius,

1836 3521 1996 3574 -nihil
2044 3531 2219 3578 tamen
2246 3526 2468 3593 perinde
2503 3528 2753 3596 profecit.
2788 3528 3027 3583 Tandem
3071 3542 3130 3584 ut
3161 3533 3428 3587 solaretur

1865 3611 2161 3678 hominem,
2212 3616 2460 3671 lictorum
2494 3621 2810 3688 praefectum
2843 3623 3071 3676 creavit.
3117 3620 3228 3678 [lae
3253 3625 3430 3679 Photii

1862 3703 2084 3772 perfidia
2113 3705 2342 3772 detecta,
2377 3725 2536 3765 nemo
2564 3707 2683 3776 fuit,
2713 3712 2805 3780 qui
2851 3713 3126 3782 improbas
3154 3714 3251 3769 has
3287 3725 3430 3770 artes

1861 3809 1968 3848 non
2001 3796 2384 3865 indignissime
2426 3799 2610 3856 ferret.

170 3885 345 3940 σαρος
373 3873 729 3943 πικροτάταις
749 3876 952 3939 ἐκεῖνος
977 3880 1304 3950 κατῃκίσθη.
1337 3882 1432 3934 ‘Ov
1459 3883 1552 3935 καὶ
1578 3884 1748 3937 πολλὰ
1820 3887 2025 3950 Φὼτιος
2098 3889 2476 3964 λυτρώσασθαι
2535 3895 2956 3960 διεσπουδακὼς,
3014 3898 3113 3952 οὑκ
3163 3899 3422 3970 ἠδυνήθη·

169 3965 260 4025 εἰς
303 3962 655 4034 παραμυθίαν
723 3966 781 4020 δὲ
858 3969 996 4038 μετὰ
1043 3970 1215 4024 ταῦτα
1265 3973 1591 4044 διωγμητῶν
1630 3977 1819 4031 τοῦτον
1858 3979 2095 4050 ἄρχοντα
2149 3962 2465 4055 καθίστησι,
2523 3987 2725 4054 πλῆθος
2787 3987 3094 4058 ῥαϐδούχων
3156 3962 3429 4056 ὑποτάξας

170 4058 351 4130 αὐτῷ.
383 4061 604 4134 Ταύτης
639 4065 984 4134 καταφανοῦς
1016 4069 1316 4141 γενομένης
1355 4071 1454 4140 τῆς
1490 4076 1877 4147 κακοτροπίας,
1909 4078 2008 4134 οὐκ
2037 4074 2103 4152 ἦν
2171 4081 2320 4147 ὅστις
2379 4083 2437 4135 οὑ
2507 4083 2843 4154 προσώχθισε
2873 4085 2950 4155 τῷ
3012 4093 3425 4160 κατασκευαστῇ

170 4168 286 4204 των
319 4170 524 4208 κακων.
3140 4233 3142 4242 .

245 4245 401 4298 Μετά
426 4245 599 4300 ταῦτα
619 4246 718 4317 τῆς
739 4250 975 4321 Χριστοῦ
1000 4253 1098 4322 μὲν
1136 4255 1483 4327 ’Λναλήψεως
1509 4258 1748 4317 ιτελεῖτο

1925 4259 2198 4330 Agebatur
2222 4276 2328 4314 non
2354 4261 2526 4314 multo
2545 4269 2665 4330 post
2685 4257 2837 4316 sacer
2851 4263 3186 4318 ascensionis
3223 4263 3426 4319 Christi

175 4337 546 4407 μνημόσυνον,
581 4341 718 4410 πρὸς
752 4345 988 4416 ἑσπέραν
1025 4347 1082 4400 δὲ
1127 4352 1350 4420 σεισμὸς
1397 4355 1603 4420 γίνεται
1644 4357 1752 4409 τῶν

1862 4352 1965 4408 lies
2019 4352 2453 4417 anniversarius,
2503 4368 2626 4407 cum
2659 4354 2760 4407 sub
2799 4358 3077 4422 veSperam
3105 4363 3245 4407 terra
3276 4366 3426 4409 tanto

172 4425 398 4515 mam-re
427 4429 735 4498 γενομένων
752 4435 781 4486 6
803 4437 1254 4504 φρικωδέστατος.
1280 4441 1358 4494 Δι’
1385 4443 1511 4512 ὅλης
1546 4446 1603 4498 δὲ
1643 4447 1746 4515 τῆς

1862 4455 2020 4511 ηοω,
2050 4455 2250 4514 quanto
2281 4462 2555 4514 nunquam
2588 4455 2712 4498 autc
2732 4486 2745 4508 ,
2783 4446 2948 4513 cmpit
2979 4447 3421 4501 contremiscerea

170 4512 438 4589 ἑπιούᾶης
470 4522 763 4592 ἐπεκράτει
792 4527 1002 4590 νυκτός·
1034 4529 1130 4600 βοὴ
1166 4532 1226 4583 δέ
1273 4549 1354 4596 τις
1398 4536 1492 4586 καὶ
1535 4512 1750 4605 ἄσημος

1862 4554 2032 4606 neque
2068 4512 2189 4591 tota
2229 4512 2528 4605 insequenti
2573 4546 2727 4591 nocte
2758 4512 3023 4590 constitit.
3054 4535 3116 4588 Et
3156 4536 3426 4594 obscurus

173 4608 344 4680 θροῦς
371 4610 438 4662 ἔκ
468 4628 530 4663 τε
556 4613 681 4683 γῆς,
713 4615 776 4669 ἐκ
809 4633 868 4669 τε
919 4617 1210 4690 θαλάσσης,
1236 4624 1480 4694 σφοδρῶς
1508 4602 1751 4680 ἀναδιδό-

1862 4630 2078 4699 quidam
2126 4631 2304 4700 fragor
2352 4646 2414 4684 ac
2453 4631 2691 4698 mugitus
2725 4646 2754 4685 e
2787 4641 2924 4683 terra
2958 4631 3200 4698 marique
3236 4630 3425 4701 ingens

179 4719 364 4770 μενος,
395 4706 612 4759 πάντων
645 4707 946 4779 ἀνθρώπων
987 4716 1105 4775 ταῖς
1159 4715 1409 4784 καρδίαις
1451 4719 1752 4788 παράλυσιν

176 4794 416 4851 tremis:
457 4797 553 4850 καὶ
582 4797 880 4871 θραυσμόν.
914 4805 1050 4857 Τότε
1079 4805 1142 4876 δὴ
1175 4808 1267 4859 καὶ
1321 4809 1353 4878 ἡ
1403 4810 1569 4880 στήλη
1619 4813 1750 4864 Ἰου-

180 4888 358 4941 στίνου
393 4892 458 4942 ἐκ
482 4890 592 4944 τῶν
617 4894 858 4960 γονάτων
887 4899 1112 4949 κοπεῖσα
1149 4901 1486 4970 κατερράγη·
1511 4902 1630 4954 τότε
1659 4905 1750 4956 καὶ

175 4979 457 5044 Βασίλειος
505 4984 707 5047 ἐκεῖνος
741 4987 769 5037 6
819 4987 1082 5059 πρότερον
1115 4990 1212 5057 μὲν
1248 4992 1473 5064 Κρήτης
1521 4994 1744 5045 ἐπίσκο-

173 5088 274 5134 πος
301 5073 721 5141 γενόμενος-,διᾶ
734 5077 789 5129 δὲ
818 5077 916 5148 τὴν
940 5079 1045 5132 τῶν
1087 5081 1402 5150 Ἀγαρηνῶν
1435 5082 1621 5150 ἔφοδον
1663 5087 1742 5147 εἰς

174 5159 577 5233 Θεσσαλονίκην
618 5166 928 5234 μετατεθεὶς
983 5169 1095 5237 (εἰς
1139 5171 1401 5241 αἰσχύνην
1454 5174 1548 5226 καὶ
1588 5174 1744 5226 τοῦτο

174 5250 268 5303 τοῦ
352 5253 450 5322 τῆς
523 5254 788 5324 βασιλίδος
844 5260 1380 5333 προκαθεζομένου),
1467 5264 1742 5334 τολμήσας

175 5341 337 5404 αὐτὸς
368 5343 616 5420 πρόσεισι
663 5348 738 5416 τῷ
775 5349 1013 5419 Μιχαὴλ,
1068 5353 1469 5422 παραινετικῶς
1505 5354 1620 5425 ἅμα
1652 5357 1742 5406 καὶ

173 5432 575 5500 διδασκαλικῶς
607 5438 941 5509 ἀποσχέσθαι
973 5441 1073 5510 τῆς
1101 5443 1209 5496 τῶν
1241 5445 1530 5515 ίερατικῶν
1569 5444 1744 5515 ἔργων

176 5524 411 5595 αἰσχρᾶς
435 5528 529 5579 καὶ
555 5529 769 5582 ἀνοσίου
799 5533 1082 5603 μιμήσεως
1113 5535 1465 5602 παρακαλῶν·
1499 5537 1744 5588 ἐντεῦθεν

173 5615 288 5685 γάρ
319 5617 418 5687 τὴν
462 5619 632 5690 ὀργὴν
664 5619 755 5674 τοῦ
785 5622 920 5675 Θεοῦ
971 5626 1325 5679 ἀνα-καίεσθαι
1358 5628 1742 5699 διισχυρίζετο.

182 5707 246 5761 '0
283 5709 346 5763 δὲ
372 5713 485 5775 τοῖς
515 5713 760 5782 ἐλέγχοις
807 5716 1250 5785 ὑπερϐαλλόντως
1295 5719 1542 5787 πληγεὶς,
1583 5721 1743 5790 ῥαπί-

173 5817 354 5870 σμασι
382 5804 476 5872 μὲν
502 5806 742 5878 ἰσχυροῖς
792 5807 883 5860 τοῦ
926 5810 1102 5878 τιμίου
1149 5813 1402 5883 γέροντος
1433 5813 1555 5877 τοὺς
1594 5814 1738 5867 ὀδόν-

1859 4721 2037 4775 editus
2085 4722 2364 4774 hominum
2421 4730 2636 4789 pectora
2677 4723 2748 4774 ita
2783 4733 2924 4774 metu
2978 4721 3156 4790 fregit,
3193 4731 3251 4775 ut
3287 4738 3423 4791 pene

1859 4809 2310 4862 dissolverentur.
2346 4807 2545 4863 Justini
2610 4826 2828 4880 quoque
2883 4821 3060 4864 statua
3115 4825 3142 4862 a
3192 4812 3420 4879 genibus

1859 4901 2121 4956 convulsa
2151 4903 2408 4954 concidit.
2457 4899 2593 4955 Tum
2632 4901 2864 4956 Basilius
2915 4901 3191 4955 Cretensis
3261 4913 3416 4956 antea

1856 4989 2173 5058 episcOpns,
2212 4990 2479 5057 Agarcnis
2502 5000 2681 5043 autem
2738 4989 2952 5043 Cretam
2998 4990 3373 5043 invadentibus
3400 5029 3412 5048 .

1857 5077 2299 5133 Thessalonicam
2327 5079 2617 5133 translatus
2649 5079 2672 5147 (~
2697 5093 2802 5132 non
2829 5081 2945 5134 sine
2970 5078 3145 5132 Photii
3181 5088 3290 5130 tum
3324 5094 3412 5131 cao

1856 5169 2100 5223 thedram
2121 5170 2777 5238 Constantinopolitanam
2797 5169 3105 5236 occupantis
3123 5167 3338 5221 infamia
3365 5170 3406 5238 ),

1854 5277 2022 5315 ausus
2069 5262 2182 5330 ipse
2216 5261 2524 5316 Michaelem
2552 5263 2682 5326 adit,
2709 5277 2940 5330 eumque
2979 5259 3171 5328 partim
3214 5259 3409 5312 admo-

1854 5353 2031 5406 nentis
2064 5353 2407 5416 auctoritate,
2440 5355 2638 5422 partim
2666 5354 2924 5414 docentis,
2961 5365 2988 5404 a
3024 5359 3127 5400 tam
3166 5348 3326 5416 impia
3357 5359 3410 5405 et

1845 5445 2107 5513 sacrilega
2163 5459 2344 5496 rerum
2400 5459 2676 5498 sacrarum
2726 5443 2941 5496 inimica
3005 5438 3304 5491 imitatione
3352 5447 3406 5491 et

1848 5535 2100 5598 irrisione
2133 5535 2449 5589 dehortatur
2483 5553 2495 5589 :
2531 5534 2654 5588 inde
2695 5535 2835 5587 enim
2867 5528 3109 5582 Numinis
3143 5529 3274 5582 iram
3312 5545 3402 5582 ac-

1843 5629 1995 5682 cendi
2023 5628 2342 5682 allirmabat.
2373 5626 2488 5693 Qua
2517 5627 2929 5698 reprehensione
2951 5622 3170 5677 Michael
3194 5624 3401 5691 gravis-

1843 5720 1976 5773 sime
2007 5717 2268 5782 offensus,
2293 5715 2531 5785 colaphis
2566 5713 2920 5773 atrocissimis
2950 5711 3252 5767 venerando
3283 5715 3398 5765 seni

1808 5800 2028 5866 'dcntcs
2061 5809 2308 5879 stirpitus
2335 5809 2497 5882 elisit,
2525 5818 2839 5880 tergumque
2860 5805 3042 5877 flagris
3063 5807 3128 5859 ita
3157 5803 3396 5869 laniavit,
