3934 6316
595 474 696 538 531

1784 477 2075 537 NiCET/E
2114 476 2640 538 PAPHLAGONIS

3731 460 3834 524 {-33

595 599 654 647 ut
683 592 814 646 nihil
840 592 1062 661 propius
1116 591 1317 646 factum
1336 592 1426 657 sit,
1453 606 1614 661 quam
1642 599 1698 644 ut
1717 592 1858 646 inter
1883 599 2148 646 tormenta

2254 606 2346 650 τας
2366 586 2742 658 ἐξερρίζωσεν,
2777 579 2920 635 οὕτω
2946 580 3001 633 δέ
3031 579 3123 633 καὶ
3147 579 3238 630 τὸν
3266 576 3433 629 νῶτον
3453 572 3830 646 κατῃκίσατο,

594 686 829 737 animam
863 684 1063 738 ederet.
1102 683 1176 736 De
1211 698 1319 751 quo
1353 684 1486 737 nihil
1519 684 1779 738 sollicitus
1807 694 1921 739 erat
1951 696 2152 737 merce-

594 775 780 828 narius
811 773 996 842 opilio,
1049 775 1180 842 quin
1221 775 1335 843 ipse
1380 773 1636 842 paulatim
1693 775 1990 844 sacrilegiis
2045 776 2153 849 illis

591 863 793 933 pariter
807 864 1203 928 oblectabatur,
1224 873 1276 919 et
1294 878 1397 917 una
1413 879 1534 917 cum
1555 865 1784 934 impuris
1799 865 2152 933 histrionibus

584 971 868 1026 pueroque
900 959 1289 1013 consuescebat
1319 965 1372 1010 et
1405 959 1849 1022 comessabatur,
1874 975 2046 1027 neque
2079 959 2155 1012 ab

591 1063 783 1101 eorum
825 1049 1214 1103 consuetudine
1241 1059 1295 1102 et
1320 1049 1553 1102 ludibrio
1584 1051 1769 1117 prccul
1810 1051 2015 1104 aderat.
2045 1048 2152 1104 Ve—

593 1150 712 1189 rum
751 1136 870 1201 ejus
912 1150 1040 1190 cura
1083 1136 1261 1191 omnis
1307 1135 1374 1189 ad
1427 1137 1688 1206 lgnatinm
1736 1138 2152 1206 opprimendum

592 1227 903 1282 vertebatur
937 1244 951 1279 :
985 1228 1180 1281 avebat
1243 1229 1386 1282 enim
1441 1228 1645 1297 aliquid
1682 1228 1944 1284 adversus
1998 1229 2151 1282 illum

594 1313 799 1376 audire,
843 1324 896 1367 et
940 1316 1257 1383 pruriebant
1290 1317 1364 1370 illi
1396 1333 1575 1372 aures.
1606 1315 1708 1370 Ubi
1740 1318 1898 1372 etiam
1937 1333 2065 1373 casn
2100 1319 2152 1375 in

591 1400 1037 1455 caiumniatorem
1087 1402 1234 1456 illius
1259 1402 1569 1465 incidebat,
1604 1403 1696 1472 qui
1726 1404 1806 1456 vel
1843 1414 2056 1458 tenuem
2089 1403 2156 1457 de

590 1491 683 1545 illo
709 1492 990 1547 obviamve
1010 1493 1337 1547 calumniam
1367 1505 1664 1564 spargeret,
1690 1495 1835 1550 hunc
1866 1510 1996 1549 vero
2031 1510 2152 1549 mox

591 1583 644 1636 in
678 1582 860 1637 album
908 1583 1208 1638 amicorum
1257 1590 1482 1638 suorum
1512 1583 1782 1638 referebat
1802 1626 1821 1653 ,
1850 1599 2155 1654 magnaque

590 1686 712 1724 cum
748 1670 1020 1739 voluptate
1053 1669 1442 1742 obtrectantem
1485 1670 1756 1725 audiebat.
1787 1669 1932 1724 Nihil
1958 1670 2156 1739 quippe

590 1762 660 1815 ita
693 1762 839 1831 capit
867 1759 1079 1816 animos
1115 1760 1318 1816 invidia
1363 1761 1597 1831 odioque
1631 1771 1926 1830 occupatos
1948 1801 1962 1825 ,
1989 1776 2152 1831 quam

588 1853 805 1909 sinistra
847 1852 914 1909 de
955 1848 1021 1909 eo
1052 1868 1210 1922 quem
1259 1853 1494 1918 oderint,
1526 1853 1789 1907 narratio.
1821 1851 2007 1921 Itaque
2062 1866 2153 1919 per

590 1944 885 2000 familiares
908 1955 960 2001 et
990 1944 1268 2015 subjectos
1291 1936 1505 2014 lgnatii,
1524 1951 1793 2013 quotquot
1814 1957 1877 1996 ex
1903 1942 1971 1996 iis
1994 1941 2152 1996 donis

588 2046 642 2092 et
659 2037 956 2115 honoribus
977 2043 1187 2107 poterat
1208 2036 1494 2102 eblandiri,
1516 2036 1729 2105 sibique
1745 2033 2008 2090 obnoxios
2030 2034 2154 2087 red-

587 2125 733 2190 dere,
767 2139 982 2194 semper
1002 2123 1381 2194 investigabat,
1417 2134 1720 2191 contraque
1749 2123 1880 2192 justi
1911 2122 2150 2175 animam

554 2209 807 2270 'causam
842 2215 1138 2285 quaerebat.
1181 2212 1256 2267 Ex
1296 2213 1495 2283 quibus
1532 2210 1776 2284 ignatius
1814 2255 1829 2278 ,
1860 2211 1949 2268 ille
1992 2214 2153 2282 hujus

588 2305 759 2361 salicti
788 2305 979 2375 lgnatii
1013 2303 1336 2374 discipulus,
1368 2313 1506 2368 erat,
1535 2305 1650 2373 qui,
1686 2314 1745 2357 ut
1774 2302 1969 2358 Demas
1998 2303 2150 2368 olim,

587 2397 846 2453 saeculum
878 2396 1107 2468 diligens
1139 2397 1206 2453 ad
1264 2396 1441 2451 Photii
1476 2393 1650 2452 castra
1684 2396 1938 2463 transiit;
1972 2405 2025 2450 et
2052 2395 2155 2450 ali-

585 2487 826 2556 quandiu
847 2486 1133 2556 pmfectus
1151 2487 1528 2542 coenobiorum
1556 2486 1924 2556 Propomidis,
1945 2495 2060 2540 tum
2084 2485 2152 2540 ab

587 2581 680 2635 illo
719 2579 1160 2650 archiepiscopus
1195 2577 1494 2648 Hierapolis
1539 2586 1757 2632 creatus
1789 2587 1890 2633 est.
1939 2577 2044 2644 Qui
2096 2587 2154 2632 ut

587 2659 909 2744 benefit-ium
943 2679 1359 2740 compensaret:
1403 2668 1586 2723 Mirari
1614 2668 1780 2734 subit,
1821 2669 2017 2739 inquit,
2055 2669 2152 2723 do-

586 2762 732 2816 mine
756 2801 771 2827 ,
803 2776 1041 2832 quonam
1073 2770 1232 2832 pacto
1263 2769 1474 2816 tantum
1504 2760 1696 2832 lgnatii
1730 2755 1984 2814 delictum
2016 2757 2152 2813 faci-

587 2865 800 2918 nusque
831 2850 916 2905 vel
969 2852 1209 2921 ignores,
1241 2851 1324 2905 vel
1355 2851 1583 2904 omnino
1631 2845 1888 2920 negligas.
1921 2847 2056 2903 Nam
2095 2849 2151 2903 in

589 2927 760 2997 media
785 2940 974 2996 insula!
999 2940 1174 3010 platea
1207 2941 1350 2996 ardes
1370 2956 1528 2996 sacra
1567 2939 1920 3010 quadraginta
1952 2947 2153 3007 marty-

527 3051 529 3060 <
587 3031 737 3085 ribus
761 3039 850 3092 est,
873 3031 1106 3087 excitata
1133 3048 1148 3097 ;
1171 3029 1424 3100 junctum
1465 3046 1594 3085 vero
1617 3039 1701 3085 est
1731 3031 1806 3084 illi
1838 3029 1928 3084 Dei
1965 3028 2153 3084 Matris

585 3122 908 3186 oratorium,
933 3123 1092 3192 cujus
1122 3137 1272 3176 aram
1305 3123 1505 3178 Rhussi
1535 3138 1729 3192 nuper,
1761 3137 1884 3177 cum
1917 3121 2149 3176 insulam

2255 680 2329 738 ὡς
2378 678 2560 744 ὀλίγου
2615 675 2725 727 δεῖν
2776 671 2938 725 αὐτὸν
2989 672 3108 732 ταῖς
3163 668 3414 738 βασάνοις
3447 663 3828 718 ἐναποθανεῖν·

2255 768 2456 822 τούτων
2489 767 2544 819 δὲ
2591 765 2744 818 οὐδὲν
2777 763 2935 833 ἔμελε
2989 761 3066 830 τῷ
3125 757 3393 830 μισθωτῷ.
3440 756 3657 827 Ἦρέμα
3721 755 3829 822 γὰρ

2254 860 2350 912 καί
2394 857 2556 920 αὐτὸς
2587 855 2840 924 συνήδετο
2869 855 2978 916 τοῖς
3018 850 3380 918 τελουμένοις,
3413 847 3507 900 καὶ
3553 848 3674 917 ἀμα
3718 848 3832 908 τοῖς

2258 951 2471 1020 μιαροῖς
2516 947 2701 1017 μίμοις
2745 944 2973 1006 ἐκείνοις
3021 942 3402 1012 συνεχέστερον
3435 937 3511 1008 τῷ
3552 938 3831 1008 μειρακίῳ

2257 1041 2644 1108 συνερχόμενος
2690 1038 2781 1089 καὶ
2828 1032 3350 1104 συμποσιαζὸμενος,
3398 1028 3519 1081 οὐδὲ
3568 1028 3674 1097 τῆς
3713 1027 3831 1078 δια-

2255 1130 2449 1199 τριϐῆς
2524 1127 2761 1180 ἐκείνων
2794 1113 2887 1180 καὶ
2939 1122 3397 1192 καταφρονήσεως
3458 1119 3684 1190 μακρὰν
3735 1113 3830 1186 ἦν·

2259 1221 2497 1291 μέριμνα
2524 1219 2580 1272 δὲ
2619 1217 2768 1287 αὐτῷ
2800 1215 2893 1269 κοιλ⁴
2933 1214 3100 1284 πολλὴ
3132 1213 3330 1282 σφόδρα
3355 1211 3482 1279 περί
3505 1209 3596 1262 τοῦ
3639 1209 3829 1275 ἰγνα-

2255 1312 2368 1364 τίου
2418 1310 2656 1362 ἐνέκειτο
2706 1309 2961 1379 φροντὶς,
3013 1305 3107 1357 καί
3169 1302 3416 1372 ἐγλίχετο
3469 1299 3589 1352 κατ’
3654 1296 3829 1351 αὐτοῦ

2255 1403 2496 1466 ἀκούειν,
2551 1402 2646 1454 καί
2695 1399 2951 1468 ἐκνήθετο
3002 1397 3099 1466 τὴν
3127 1395 3314 1464 ἀκοήν·
3349 1393 3441 1447 καί
3468 1391 3522 1444 ei
3548 1408 3677 1443 τινα
3711 1389 3827 1441 δια-

2255 1493 2658 1564 λοιδορούμενον
2691 1491 2810 1560 είκῆ
2854 1489 3017 1559 ἑώρα,
3051 1488 3085 1558 ή
3117 1503 3238 1540 τινα
3263 1485 3424 1555 ψιλήν
3461 1483 3580 1537 κατ’
3605 1481 3828 1534 ἐκείνου

2255 1585 2349 1638 καί
2391 1585 2627 1653 ματαίαν
2657 1581 2992 1652 κατηγορίαν
3037 1579 3408 1647 ἐνιστάμενον,
3436 1575 3588 1646 φίλον
3628 1573 3829 1625 τοῦτον

2253 1677 2460 1730 ἐτίθετο
2489 1674 2703 1738 πιστὸν,
2762 1675 2855 1727 καὶ
2912 1673 3108 1743 ήκουεν
3155 1670 3313 1740 ήδονῇ
3344 1666 3530 1737 πολλῇο
3560 1662 3658 1718 καὶ
3723 1664 3829 1732 γὰρ

2253 1771 2404 1823 οὐδὲν
2458 1767 2629 1831 οὕτως
2676 1766 2859 1837 ήδύνει
2907 1761 3084 1833 ψυχὴν
3138 1759 3317 1837 ἔχθρᾳ.
3339 1748 3483 1829 κακῇ
3530 1758 3620 1810 καὶ
3677 1755 3827 1826 μίσει

2256 1835 2821 1931 προκατειλημμένην,
2855 1855 2929 1917 ὡς
2969 1855 3001 1922 ή
3049 1851 3191 1905 κατά
3230 1835 3324 1904 τοῦ
3363 1849 3697 1920 μισουμένου
3739 1846 3829 1898 λα-

2254 1945 2359 2003 λιά.
2404 1948 2514 2000 Ἀεὶ
2545 1942 2637 2001 οὖν
2676 1946 2739 1998 ἐκ
2776 1945 2886 1997 τῶν
2931 1942 3026 1996 τοῦ
3079 1941 3416 2011 πατριάρχου
3455 1936 3707 2008 συνήθων
3742 1935 3828 1988 καὶ

2254 2039 2528 2110 ὑπηκόων,
2558 2038 2713 2098 ὅσους
2736 2034 2986 2104 ἠδύνατο,
3025 2031 3219 2102 δώροις
3252 2029 3346 2082 καὶ
3377 2027 3653 2097 ἀξιώμασι
3709 2025 3830 2079 κλέ-

2254 2147 2403 2182 πτων
2448 2130 2541 2182 καὶ
2585 2125 3041 2195 ὑποποιούμενος,
3077 2122 3144 2175 δι’
3179 2121 3356 2174 αὐτῶν
3399 2117 3695 2188 ἐξιχνίαζε,
3737 2117 3828 2169 καὶ

2261 2223 2352 2274 ἐπὶ
2385 2221 2484 2290 τὴν
2519 2219 2614 2271 τοῦ
2668 2217 2874 2270 δικαίου
2950 2214 3176 2284 ἐθήρευε
3230 2211 3425 2282 ψυχήν.
3478 2209 3704 2262 Τούτων
3753 2204 3826 2268 εἷς

2253 2313 2347 2366 καὶ
2390 2311 2644 2378 Ἰγνάτιος
2688 2305 2757 2379 ἦν
2805 2309 3012 2367 ἐκεῖνος
3053 2308 3080 2359 ὁ
3127 2303 3222 2358 τοῦ
3252 2306 3411 2372 ἁγίου
3457 2301 3736 2371 μαθητὴς,
3773 2298 3825 2358 ὃς

2253 2403 2393 2456 κατά
2422 2401 2609 2470 Δημᾶν
2639 2401 2841 2453 ἐκεῖνον
2891 2398 2981 2451 τὸν
3026 2397 3212 2461 πάλαι,
3259 2395 3350 2450 τὸν
3396 2391 3492 2447 νῦν
3522 2391 3827 2462 ἠγαπηκὼς

2252 2495 2440 2558 αἰῶνα,
2474 2492 2662 2560 Φωτίῳ
2694 2489 3048 2561 προσφεύγει·
3087 2488 3181 2543 καὶ
3200 2487 3384 2558 ἄρχων
3416 2485 3516 2554 μὲν
3543 2485 3686 2545 τέως
3719 2481 3825 2533 τῶν

2261 2583 2637 2658 μοναστηρίων
2666 2583 2774 2635 τῶν
2813 2581 2955 2634 κατὰ
2986 2578 3082 2650 τὴν
3113 2579 3473 2649 Προποντίδα,
3510 2575 3706 2628 ἔπειτα
3739 2575 3824 2627 καί

2257 2674 2656 2746 μητροπολίτης
2704 2673 2795 2724 ὑπ’
2824 2671 2987 2724 αὑτοῦ
3029 2672 3126 2742 τῆς
3160 2668 3512 2739 Ἰεραπόλεως
3556 2665 3824 2730 καθίστα-

2250 2785 2359 2824 ται.
2391 2760 2556 2828 (thro;
2582 2767 2681 2834 τῆς
2709 2763 2876 2832 τιμῆς
2909 2762 3066 2816 αὐτὸν
3104 2760 3482 2830 ἀμειϐόμενος,
3506 2752 3575 2808 Ὦ
3616 2755 3818 2808 δέσπο-

2251 2879 2343 2926 τα,
2373 2860 2501 2929 ἔφη,
2535 2855 2818 2926 θαυμάζω,
2846 2856 2964 2918 πῶς
2991 2851 3309 2924 τηλικοῦτόν
3334 2867 3394 2904 σε
3416 2848 3510 2902 τοῦ
3553 2847 3817 2916 Ἰγνατίου

2253 2937 2496 3006 διέλαθεν
2555 2950 2856 3020 ἀτόπημα,
2911 2947 3006 3000 και
3052 2945 3375 3016 ἀδιόρθωτον
3427 2939 3818 3012 παρημελήθη·

2257 3043 2422 3112 μέσον
2459 3040 2570 3110 γὰρ
2613 3040 2872 3102 πλατείας
2920 3038 3018 3108 τῆς
3059 3038 3222 3107 νήσου
3266 3034 3391 3096 ναὸς
3419 3035 3532 3095 τοῖς
3559 3029 3824 3100 τεσσαρά-

2259 3148 2421 3184 κοντα
2450 3130 2684 3201 μάρτυσι
2715 3127 3011 3198 ἐνίδρυται,
3033 3124 3194 3179 αὑτοῦ
3220 3123 3274 3178 δὲ
3311 3123 3544 3192 ἐχόμενα
3567 3121 3667 3189 τῆς
3699 3119 3825 3172 Oso-

585 3212 1064 3284 dcpopularentur,
1095 3222 1428 3279 everterunt,
1461 3230 1621 3285 quam
1655 3213 1976 3268 instauravit
2000 3213 2151 3283 lgna-

2264 3224 2496 3297 μήτορος
2524 3222 2832 3291 εύκτήριον.
2861 3218 3061 3272 Τούτου
3097 3218 3196 3287 τήν
3227 3214 3506 3287 τράπεζαν
3545 3211 3743 3282 πρώην
3772 3211 3822 3262 ol

586 3305 693 3359 tius
730 3314 801 3360 et.
827 3305 1090 3375 reposuit:
1128 3305 1268 3372 Quid
1301 3305 1392 3359 hic
1422 3304 1687 3360 Photius?
1717 3320 1784 3358 an
1816 3304 2030 3373 culpam
2065 3311 2160 3356 aut

581 3410 800 3466 parram
829 3397 1140 3450 autnullam
1169 3403 1318 3451 ratus
1335 3392 1712 3450 subticuitian
1735 3396 1848 3449 leve
1876 3394 2158 3466 turbarunt

582 3485 890 3540 incendium
922 3486 1063 3540 hanc
1093 3486 1164 3541 ob
1209 3499 1431 3542 causam
1472 3485 1766 3540 excitavit?
1807 3483 2154 3553 Nequaquam

582 3590 746 3642 vero;
791 3576 883 3630 sed
914 3591 1027 3630 rem
1060 3577 1203 3646 apud
1236 3577 1642 3646 imperatorem,
1671 3576 1819 3628 velut
1842 3573 2078 3628 immane
2104 3579 2158 3626 et

583 3665 914 3735 inexpiabile
965 3665 1208 3732 facinus,
1244 3665 1604 3737 exaggerabat
1654 3675 1864 3735 :atque
1925 3667 2156 3721 consilio

584 3771 708 3811 cum
736 3755 971 3812 factione
999 3773 1096 3813 sua
1121 3758 1548 3822 communicato,
1581 3756 2021 3826 Amphilochium
2047 3757 2153 3825 Cy-

583 3848 708 3913 aici,
738 3857 793 3903 ct
820 3847 1164 3904 Theodorum
1198 3848 1506 3915 Patrarum,
1530 3847 1988 3917 archiepiscopus,
2020 3848 2152 3918 quin

579 3952 634 3994 et
662 3938 1042 3995 Pantaleonem
1073 3947 1378 3994 senatorem
1418 3948 1777 4010 cognomento
1806 3938 2064 3992 Bothrum
2101 3937 2154 3992 in

583 4031 814 4085 insulam
855 4030 1099 4100 ablegat,
1142 4030 1236 4099 qui
1283 4028 1564 4098 sacrilegis
1607 4027 1857 4087 manibus
1906 4037 2152 4083 sanctam

580 4121 728 4175 illam
761 4121 968 4175 arulam
992 4111 1322 4175 disturbent.
1353 4118 1635 4173 Mandarat
1659 4119 1880 4189 insuper
1905 4118 2152 4185 Photius,

581 4222 642 4267 ut
661 4229 753 4268 ara
786 4213 853 4267 ad
877 4213 1009 4268 litus
1038 4211 1203 4266 maris
1230 4211 1513 4281 deportata
1529 4210 1627 4282 (6),
1647 4211 1987 4281 quadragies
2008 4209 2152 4265 unda

582 4305 879 4374 tingeretnr
900 4345 915 4369 ,
945 4313 1105 4374 atque
1137 4302 1210 4356 ita
1248 4303 1466 4356 demum
1506 4301 1724 4357 reducta
1775 4311 2150 4372 reponeretur.

580 4395 720 4462 Quid
748 4380 822 4458 te,
854 4395 928 4448 mi
957 4395 1120 4448 homo
1144 4432 1159 4458 ,
1204 4408 1312 4448 non
1372 4393 1699 4448 demiremur
1750 4392 1913 4464 (nam
1939 4407 2151 4449 summa

581 4502 668 4542 me
717 4486 1090 4556 perversitatis
1133 4495 1241 4540 tuae
1289 4482 1604 4556 indignitas,
1624 4469 1874 4555 quamvis
1917 4484 2149 4540 invitum

2274 3312 2408 3376 Ῥὼς
2453 3305 2554 3382 τὴν
2599 3311 2760 3381 νῆσον
2804 3308 3128 3380 πορθοῦντες
3157 3305 3453 3367 κατέϐαλον
3497 3304 3577 3365 εἰς
3626 3301 3762 3370 γῆν,
3798 3302 3824 3352 ὁ

2270 3403 2526 3472 Ἰγνάτιος
2549 3403 2605 3456 δὲ
2636 3402 2842 3470 ταύτην
2884 3398 3039 3462 αὖθις
3078 3398 3408 3468 ἀνεθρόνισε.
3443 3395 3509 3449 Τί
3549 3388 3639 3446 οὖν
3682 3393 3824 3444 ἐκεῖ·

2257 3509 2379 3557 νοςς
2423 3487 2532 3562 ἄρα
2563 3490 2756 3561 μικρὸν
2786 3489 2962 3555 τοῦτο,
2997 3490 3029 3558 ἢ
3059 3488 3208 3541 οὐδὲν
3237 3487 3434 3539 ἄτοπον
3479 3485 3822 3564 ἡγησάμενος

2258 3577 2710 3650 παρεσιώπησεν,
2753 3577 2786 3647 ἢ
2825 3577 3026 3647 μικρὰν
3061 3578 3201 3646 ὑπὲρ
3222 3575 3414 3629 τούτου
3457 3573 3700 3644 ταραχὴν
3728 3573 3818 3625 άν-

2257 3669 2431 3738 ἦψεν;
2464 3667 2760 3737 Οί’›μενοι›ν⁸
2796 3668 2932 3720 ἀλλά
2985 3669 3217 3731 καὶτοῖς
3267 3663 3563 3736 κρατοῦσιν
3603 3663 3681 3725 ὡς
3729 3662 3820 3732 μέ.

2243 3765 2329 3827 ’γα
2375 3776 2429 3811 τι
2478 3759 2573 3816 καί⁵
2618 3758 2790 3813 δεινὸν
2819 3755 2931 3812 οἷον
2981 3759 3219 3814 ἀνέθετο.
3249 3757 3357 3810 Καὶ
3400 3759 3466 3826 τῇ
3515 3754 3817 3808 κατάύτδν
3863 3827 3869 3832 _

2257 3852 2522 3922 ἐκκλησίᾳ
2577 3841 2978 3919 κοινωσάμενος
3007 3890 3021 3914 ,
3067 3847 3414 3919 ’Δμφιλόχιόν
3449 3864 3510 3901 τε
3555 3845 3814 3912 Κυζίκου,

2257 3945 2348 3998 καί
2376 3943 2651 4015 Θεόδωρον
2681 3943 2789 3997 τῶν
2818 3943 3068 4013 Πατρῶν,
3105 3939 3528 4012 μητροπολίτας,
3559 3938 3619 3992 ού
3655 3937 3813 4008 μόνον

2243 4029 2331 4102 δὲ,
2357 4035 2492 4110 ἀλλὰ
2525 4034 2616 4088 καί
2650 4033 3020 4088 Πανταλέοντα
3073 4031 3431 4102 συγκλητικὸν
3476 4029 3568 4082 τὸν
3617 4028 3811 4081 ἐπικαο

2254 4126 2516 4196 λούμενον
2569 4124 2810 4196 Βὸθρον,
2858 4125 2948 4187 εἰς
2990 4123 3089 4194 τὴν
3147 4123 3445 4194 εἰρημένην
3494 4119 3813 4180 ἀποστείλας

2255 4218 2438 4287 νῆσον,
2471 4213 2712 4286 βεϐήλων
2737 4215 2893 4285 χερσὶ
2918 4215 2976 4267 τδ
3000 4213 3144 4284 ῑερὸν
3169 4214 3343 4266 ἐκεῖνο
3365 4210 3655 4281 τραπέζιον
3679 4207 3810 4260 καθ-

2254 4309 2414 4363 εἷλεν.
2453 4307 2783 4360 Ἐνετείλατο
2826 4305 2884 4358 δὲ
2924 4306 3058 4375 πρὸς
3095 4304 3173 4374 τῷ
3205 4301 3438 4373 αἰγιαλῷ
3469 4304 3570 4372 τῇς
3619 4299 3810 4353 θαλάσ-

2255 4417 2355 4470 σης
2379 4399 2716 4466 καταγαγεῖν
2764 4395 2864 4466 (6),
2890 4397 2986 4449 καὶ
3010 4396 3416 4464 τεσσαράκοντα
3443 4393 3663 4453 πλύσεις
3693 4389 3810 4442 δοῦ·

2253 4510 2363 4556 ναι,
2413 4491 2506 4544 καὶ
2547 4490 2721 4552 οὓτως
2765 4487 3062 4556 ἀναγαγεῖν
3109 4487 3202 4540 καί
3244 4484 3589 4555 καθιδρῦσαι.
3618 4482 3680 4535 τί
3717 4498 3807 4533 σου

583 4589 635 4632 et
664 4577 922 4644 alienum,
941 4576 1084 4647 cogit
1110 4586 1162 4632 te
1190 4577 1452 4631 conviciis
1469 4575 1836 4646 prOscindere)
1856 4576 1880 4630 ί
1901 4576 2009 4630 imo
2023 4591 2151 4631 vero

2260 4583 2662 4653 θαυμάσαιμεν,
2685 4580 2937 4650 ἄνθρωπε
2965 4580 3215 4650 (προάγει
3239 4578 3344 4646 γάρ
3370 4594 3435 4646 με
3461 4572 3807 4644 λοιδορεῖσθαί

578 4667 707 4738 quid
726 4669 980 4737 primum,
1005 4668 1132 4737 quid
1162 4678 1494 4738 postremum
1522 4668 1938 4722 subsannemus‘?
1961 4668 2148 4720 animi-

580 4777 649 4818 ne
679 4761 760 4815 tui
813 4771 1086 4832 stuporem
1108 4802 1124 4826 ,
1152 4777 1218 4816 an
1252 4763 1451 4817 mentis
1484 4777 1752 4830 perversae
1784 4762 2150 4830 pravitatem?

578 4853 886 4908 invidentia:
910 4853 1353 4923 magnitudinem,
1377 4869 1445 4908 an
1470 4855 1710 4909 studium
1728 4853 2025 4908 ambitiosa:
2049 4854 2149 4906 im-

577 4946 898 5016 probitatis?
953 4944 1196 5003 Haeccine
1234 4955 1285 5002 te
1324 4949 1484 5002 docet
1539 4945 1793 5000 diuturna
1845 4946 2147 5000 litterarum

582 5034 862 5089 meditatio
886 5045 938 5090 et
969 5035 1200 5106 vigilata;
1229 5048 1436 5100 noctes,
1468 5035 1827 5104 codicumque
1858 5051 2026 5106 prope
2064 5037 2146 5089 in-

581 5123 1000 5180 numerabilium
1040 5127 1236 5196 copia?
1268 5125 1563 5197 lcgentium
1611 5125 1734 5178 item
1779 5124 1834 5180 et
1867 5126 2148 5196 disputan-

584 5215 718 5270 tium
771 5214 1113 5278 vicissitudo,
1145 5230 1351 5284 proque
1381 5212 1704 5268 eruditionis
1725 5215 1882 5270 laude
1923 5218 2145 5270 assidua

581 5308 950 5363 concertatio?
983 5306 1193 5362 Istosne
1232 5306 1325 5358 tibi
1360 5304 1568 5360 fructus
1604 5302 1669 5362 ex
1703 5305 1896 5362 litteris
1932 5308 2147 5376 capien-

579 5395 680 5450 dos
701 5395 898 5452 veIEris
929 5411 1189 5465 novaeque
1209 5396 1351 5465 iegis
1381 5395 1594 5459 tabulae,
1627 5399 1928 5467 sapientum
1956 5399 2142 5468 profa-

579 5503 771 5543 norum
801 5490 967 5555 dicta,
997 5497 1420 5555 sanctorumque
1453 5485 1671 5543 Patrum
1705 5490 1918 5544 decreta
1943 5507 2141 5560 propo-

579 5588 735 5643 nunt,
769 5581 845 5633 uti
862 5581 1202 5650 persequaris
1220 5579 1492 5633 hominem
1511 5577 1726 5650 inopem
1743 5592 1795 5635 et
1813 5584 2140 5646 mendicum,

581 5680 634 5724 et
660 5672 851 5740 spiritu
879 5678 930 5723 et
959 5673 1122 5726 corde
1149 5679 1536 5740 compunctum
1567 5687 1783 5742 quaaras
1807 5675 1870 5727 ad
1900 5688 2142 5728 mactan-

2257 4693 2338 4734 σοι
2370 4674 2445 4743 μὴ
2485 4671 2804 4742 βουλόμενον
2829 4671 2863 4738 ή
2902 4669 3000 4736 τῆς
3027 4669 3219 4730 κακίας
3247 4667 3577 4737 ὑπερδολή);
3613 4665 3808 4733 μᾶλλον

2254 4765 2310 4817 δὲ
2345 4764 2396 4815 τί
2427 4780 2520 4816 σου
2557 4761 2792 4832 πρῶτον,
2822 4759 2857 4828 ἢ
2883 4759 2936 4811 τί
2976 4757 3201 4812 ῦστατον
3232 4755 3762 4827 ἐπιμυκτηρίσαιμεν
3790 4766 3802 4817 ;

2252 4855 2352 4926 τὴν
2402 4855 2740 4925 ματαιότητα
2766 4851 2874 4904 τῶν
2919 4851 3217 4920 λογισμῶν,
3251 4851 3284 4919 ἢ
3323 4849 3420 4919 τὴν
3447 4849 3546 4918 τῆς
3576 4847 3805 4908 διανοίας

2254 4947 2621 5017 δυστροπίαν;
2670 4945 2767 5013 τὴν
2825 4944 2924 5013 τῆς
2974 4943 3337 5014 μνησικακίας
3388 4938 3715 5011 ὑπερϐολὴν,
3771 4937 3800 5007 ἢ

2254 5041 2350 5110 τῆς
2385 5041 2590 5100 ἀδικίας
2614 5037 2712 5106 τήν
2737 5037 3075 5107 φιλοτιμίαν;
3108 5034 3344 5104 Ταῦταή
3375 5032 3562 5104 μακρά
3589 5032 3800 5101 μελέτη,

2255 5131 2348 5182 καὶ
2381 5130 2572 5188 νύκτες
2596 5127 2809 5192 ἄϋπνοι,
2833 5127 2930 5180 καὶ
2969 5129 2996 5179 ὀ
3032 5124 3429 5197 δυσαρίθμητος
3453 5122 3562 5174 τῶν
3588 5119 3802 5191 βιϐλίων

2252 5220 2438 5290 ἐσμὸς,
2466 5218 2559 5270 καὶ
2592 5213 2699 5271 τῶν
2729 5217 3028 5288 ἀμοιϐαίων
3069 5213 3430 5284 ἀναγνωστῶν
3463 5214 3556 5266 καὶ
3585 5227 3798 5280 συνομι-

2253 5310 2450 5382 λητῶν,
2490 5309 2546 5362 αἰ
2575 5308 2812 5363 ποικίλαι
2840 5310 2968 5380 περ)⁸
2998 5309 3123 5371 τοὺς
3147 5355 3151 5358 .
3175 5307 3364 5374 λύγους
3389 5300 3682 5376 φιλοτιμίαι
3713 5302 3797 5355 καὶ

2249 5399 2674 5469 διαπαρατριδαί
2703 5417 2718 5466 ;
2747 5399 2969 5454 τοιαῦτά
2993 5417 3052 5452 σε
3090 5399 3458 5469 καρποφορεῖν
3489 5385 3542 5448 αἱ
3572 5391 3799 5446 Παλαιαὶ

2252 5490 2513 5559 Διαθῆκαι
2540 5491 2629 5543 καί
2654 5491 2866 5555 Καιναί,
2895 5490 2950 5541 αἱ
2980 5490 3090 5549 τῶν
3123 5488 3320 5555 ἔξωθεν
3365 5488 3541 5556 σοφῶν
3567 5483 3798 5552 γνῶμαι,

2252 5585 2344 5635 καὶ
2376 5581 2484 5636 τῶν
2515 5583 2682 5653 ἁγίων
2727 5584 2778 5635 οἱ
2823 5581 2977 5650 νόμοι
3024 5583 3119 5634 καὶ
3166 5579 3314 5648 λόγοι
3354 5565 3794 5649 παροτρύνουσινο

2251 5673 2387 5725 ὥστε
2423 5674 2776 5728 καταδιώκειν
2806 5671 3087 5743 ἄνθρωπον
3117 5672 3321 5742 πένητα
3362 5669 3456 5725 καὶ
3486 5665 3696 5736 πτωχὸν
3726 5668 3799 5736 τῷ

663 5847 738 5912 (li)
761 5845 893 5900 Cod.
931 5844 960 5898 6
988 5845 1135 5915 legit,
1173 5847 1263 5901 καὶ
1292 5849 1455 5919 ἄλλην
1480 5846 1822 5914 καθιδρῦσαι,
1860 5850 2151 5915 deportata,

2254 5853 2301 5902 ia
2347 5842 2690 5918 reponeretur.
