3934 6316
151 421 255 487 533

1185 402 1361 484 νιτλ
1397 423 1459 485 s.
1499 422 1792 485 IGNATII
1822 424 1929 487 cr.
1964 425 2319 486 ARCHIEP.

3261 424 3367 487 536

137 535 432 604 πνεύματι,
472 533 563 587 καὶ
588 532 1061 602 κατανενυγμὲνον
1091 535 1159 603 τῇ
1210 532 1425 604 καρδίᾳ,
1475 532 1568 586 τοῦ
1597 532 1695 586 θα-

1825 535 1963 591 lum?
1988 536 2105 591 Non
2138 534 2355 593 satiavit
2401 534 2783 604 implieabilem
2823 533 2989 588 animi
3032 533 3109 589 tui
3141 532 3382 594 furorem

136 626 421 691 νατῶσαι;
453 626 566 679 υύκ
604 624 803 695 ἤρκεσέ
836 641 930 676 σου
976 622 1068 677 τὸν
1115 625 1352 694 ἄμετρον
1394 625 1705 695 ἀποπλῆσαι

139 718 312 788 θυμὸν
338 718 370 789 ἡ
409 717 559 788 βιαία
591 716 684 769 τοῦ
708 715 896 785 θρόνου
927 714 1094 785 ρίψις,
1117 718 1171 769 αἰ
1189 716 1551 787 άθεσμὸταται
1576 714 1709 769 καο-

136 810 414 879 αιρέσεις,
464 808 519 860 αἰ
584 806 917 861 ἀδικώταται
969 806 1255 878 ύπερορίαι
1304 806 1360 859 αἱ
1409 805 1549 858 κατά
1600 805 1711 860 τῶν

140 898 569 963 τωδῶνάλύσεις,
596 898 651 951 αἰ
683 897 874 968 μυρίαι
910 899 1099 967 φυγαὶ,
1127 897 1224 951 καί⁸
1258 896 1485 967 θλίψεις,
1509 897 1603 953 καὶ
1618 882 1709 951 συ-

138 989 451 1058 κοφαντίαι,
500 991 593 1044 καὶ
621 988 899 1053 διαϐολαὶ,
957 984 1045 1053 αἷς
1093 988 1254 1043 αὑτὸν
1297 987 1572 1056 ἔπλυναςς
1614 988 1711 1043 καὶ

138 1080 245 1149 γάρ
279 1078 518 1143 Ιπλυνας
541 1078 759 1148 ἀληθῶς
782 1078 1057 1147 τοσοῦτον,
1083 1079 1206 1132 ὅσον
1237 1077 1550 1150 ὲρρύπανας
1578 1096 1711 1133 σαυ-

138 1174 247 1225 τόν.
286 1172 404 1225 Οὐκ
450 1172 650 1245 ἢρκεσε
704 1170 877 1227 ταῦτα
903 1210 918 1234 ,
947 1172 1085 1233 ἀλλά
1124 1170 1219 1225 καὶ
1260 1170 1341 1224 ἔτι
1381 1170 1547 1245 βιάζῃ
1579 1168 1709 1241 ῥοῦν

140 1264 390 1334 ποταμοῦ
433 1237 617 1339 μάτην
662 1262 927 1318 ἀπολίσαι
958 1260 1304 1332 φιλονεικῶν,
1343 1237 1438 1316 καὶ
1462 1237 1554 1316 es}
1580 1237 1714 1315 Vunb

140 1356 232 1409 τοῦ
272 1356 411 1411 Θεοῦ
455 1356 835 1429 δικαιούμενον
866 1357 1236 1428 κατακρίνειν,
1271 1358 1365 1411 καὶ
1405 1357 1714 1412 ἀδικώτατα

142 1446 528 1511 καταδικάζειν
575 1444 974 1518 ἰπιτιθέμενος,
1016 1450 1119 1513 καὶ,
1154 1447 1328 1517 ταύτῃ
1358 1448 1449 1501 τδν
1494 1447 1714 1517 ἔλεγχον

140 1536 249 1591 τῶν
281 1526 285 1531 ’
317 1538 465 1591 ἰδίων
516 1539 885 1610 ἀνομημάτων
956 1538 1240 1608 διαδρᾶναι
1289 1537 1411 1593 λίαν
1474 1538 1715 1609 ἀνοήτως

147 1628 548 1698 διανοούμενος,
583 1630 770 1700 ὥσπερ
808 1631 908 1683 οὐκ
942 1630 1255 1700 ἐφεστώσης
1290 1628 1425 1683 Θεοῦ
1462 1624 1718 1701 προνοίας

140 1716 253 1782 tot;
287 1719 649 1791 πράγμασιν,
697 1704 1004 1792 ἢίκαιροϊς
1049 1721 1199 1784 ἰδίοις
1244 1703 1717 1793 ἑκάστφαάντως

141 1811 239 1881 τὴν
276 1810 415 1865 ἰδίαν
434 1810 705 1867 ἀποδώσει
734 1807 931 1883 πρᾶξιν
958 1829 972 1880 ;
1016 1811 1156 1881 Ἐγὼ
1182 1812 1485 1897 λογίζομαι,
1512 1813 1595 1867 δτι
1624 1812 1716 1866 καὶ

144 1901 305 1964 αὐτὸς
327 1903 385 1955 ιν
409 1902 593 1977 ἡμέρα
620 1880 927 1972 επισκοπῆς
956 1880 1095 1975 πρὸς
1117 1903 1211 1958 τοῦ
1236 1880 1486 1975 λεγοντος
1510 1904 1718 1977 ἀκούσῃ
1749 1880 1792 1937 Β

145 1991 279 2046 Θεοῦ
309 2008 324 2022 ·
354 1994 489 2049 Ἵνα
520 1994 579 2049 τί
630 1994 713 2049 σὺ
755 1992 1001 2066 ἐκδιηγῇ
1032 1995 1127 2074 ⁵τὰ
1163 1996 1525 2065 δικαιώματά
1572 2013 1719 2066 μου,

145 2080 243 2133 καὶ
276 2080 721 2152 ἀναλαμϐάνῃς
776 2081 891 2151 τὴν
942 2081 1235 2157 διαθήκην
1269 2101 1391 2155 μου
1439 2084 1537 2141 διὰ
1582 2084 1721 2140 στό-

142 2169 331 2237 ματός
352 2184 471 2225 σου
488 2188 509 2237 ;
532 2170 627 2224 καὶ⁵
658 2170 759 2224 ὅσα
790 2170 890 2241 τῆς
927 2170 1228 2241 ἰερολογίας
1252 2169 1428 2241 ἑξῆς.
1459 2172 1721 2243 Κρεῐττον

146 2261 255 2331 γὰρ
311 2255 465 2332 οῐμαι
518 2260 673 2333 ἀνδρί⁵
723 2260 1089 2333 ἀναλφαῦὴτφ
1141 2251 1338 2333 πάντη
1382 2262 1477 2316 καὶ
1516 2261 1723 2333 ἀμαθεῖ

151 2351 290 2420 μετά
329 2351 687 2424 συνειδήσεως
741 2351 956 2423 ἀγαθῆς
1004 2350 1391 2430 ἀνεπιλήπτως
1443 2342 1629 2423 βιοῦν,
1683 2353 1717 2424 ἢ

149 2444 357 2510 πάντας
388 2444 569 2509 θείους
617 2440 711 2500 καὶ
756 2444 1128 2525 ἀνθρωπίνους
1157 2444 1351 2515 λόγους
1389 2444 1581 2515 σοφίας
1626 2446 1722 2499 ἀν-

148 2534 410 2591 ελίττοντι
434 2536 523 2591 διὰ
547 2534 817 2607 γλώσσης,
844 2537 936 2591 καὶ
959 2537 1189 2615 μακροῖς
1215 2536 1391 2605 λόγων
1411 2537 1721 2607 συντάγμα-

153 2646 236 2682 σιν
280 2628 680 2700 ἐπαινουμένῳ,
736 2628 964 2699 φονικὴν
1011 2628 1390 2700 ἀναρριπίζειν
1429 2626 1572 2682 κατά
1624 2626 1719 2681 τοῦ

151 2705 379 2789 ¹ιελησῶν
426 2719 642 2790 βουλήν.
678 2718 803 2782 Πῶς
852 2718 973 2773 οὐδὲ
1008 2717 1105 2773 τοῦ
1159 2700 1394 2789 μεγάλου
1437 2718 1721 2777 Βασιλειου

151 2808 258 2863 τῶν
286 2809 461 2878 λόγων
502 2810 819 2865 κατακούων
863 2810 942 2881 (7)
972 2810 1312 2882 ηὐλαϐήθης,
1360 2813 1419 2865 ὲν
1462 2810 1721 2881 εκπλήξει

154 2900 281 2968 περί
311 2916 457 2965 τινος
492 2900 755 2969 εἰπόντος,
788 2900 871 2954 ὅτι
902 2901 1163 2955 πλειόνων
1191 2901 1555 2972 ἀκμασάντων
1581 2900 1726 2971 αἰρε-

155 2985 395 3058 σιαρχῶν
439 2987 582 3040 κατά
627 2988 733 3058 τὴν
767 2987 1097 3059 οἰκουμένην
1126 2990 1364 3054 ἃπασαν,
1396 2989 1571 3053 οὐδεὶς
1595 2990 1725 3043 ἀνα-

155 3078 518 3150 θρονιασμοὺς
548 3078 763 3133 τελέσαι
808 3074 1137 3151 ἐθάρρησεν,
1169 3082 1218 3133 εἰ
1264 3078 1343 3151 μὴ
1380 3082 1408 3133 ὁ
1464 3080 1726 3151 ’Δγκυρο-

154 3169 396 3238 γαλάτης
430 3168 743 3237 Βύστάθιος,
776 3162 983 3234 οὗτινος
1041 3172 1140 3240 τὴν
1193 3171 1603 3243 μυσαράτηταή
1663 3172 1723 3226 ἰν

1810 627 2094 696 tyrannica
2123 628 2189 682 de
2220 626 2424 681 throno
2450 624 2679 695 dejectio
2701 667 2715 691 ,
2745 623 2946 680 illicita:
2992 625 3381 696 depositiones,

1811 717 2163 788 iniquissimae
2179 717 2623 787 proscriptiones,
2643 717 2933 787 compedes
2953 725 3006 773 et
3023 716 3239 774 vincula
3260 759 3275 783 ,
3296 720 3380 775 in-

1811 806 1960 861 ﬁnita
1985 806 2200 871 exsilia,
2219 807 2525 871 calumniae,
2542 821 2820 872 aerumnae,
2836 810 3173 871 vexationes,
3188 811 3387 880 quibus

1814 896 1963 953 illum
1994 898 2255 956 abluisti?
2277 913 2461 959 revera
2481 899 2624 954 enim
2655 907 2935 968 tantopere
2960 900 3109 953 illum
3129 902 3346 956 abluisti
3370 942 3385 967 ,

1812 998 2146 1061 quantopere
2162 991 2391 1061 teipsum
2408 990 2839 1060 inquinasti.Nec
2862 991 2948 1047 his
2971 1002 3281 1060 contentus,
3301 995 3387 1049 in-

1813 1093 1975 1148 super
2006 1078 2208 1133 tontem
2232 1078 2411 1148 ipsum
2452 1077 2692 1133 ﬂuminis
2733 1080 3046 1135 altercando
3069 1081 3255 1137 studes
3294 1097 3390 1137 ex-

1814 1168 2053 1235 haurire,
2071 1177 2124 1224 et
2143 1170 2213 1225 ab
2258 1169 2378 1239 ipso
2401 1170 2709 1225 absolutum
2739 1169 2969 1226 Numine
2998 1173 3387 1239 condemnare,

1815 1259 2098 1331 modisque
2128 1261 2524 1333 indignissimis
2557 1264 2988 1318 circumventum
3022 1265 3183 1320 veluti
3234 1280 3386 1320 reum

1818 1352 2108 1407 noxiumve
2140 1354 2399 1424 perdere?
2427 1363 2485 1409 ιιι
2518 1355 2623 1410 hoc
2650 1356 2982 1410 stultissimo
3009 1356 3247 1412 consilio
3271 1371 3390 1411 sce-

1815 1441 1987 1501 lorum
2021 1452 2239 1501 tuorum
2284 1445 2547 1516 judicium
2600 1446 2777 1515 possis
2832 1445 3138 1513 declinare,
3169 1447 3390 1517 perinde

1817 1537 1972 1601 quasi
1998 1538 2165 1591 rebus
2191 1536 2449 1591 humanis
2481 1537 2664 1592 nullus
2684 1538 2968 1607 praesideat
2987 1538 3150 1601 Deus.
3176 1546 3270 1593 aut
3300 1539 3393 1593 ille

1818 1645 1920 1687 suo
1946 1638 2189 1698 tempore
2214 1643 2321 1683 non
2350 1629 2420 1683 sit
2445 1628 2737 1700 unicuique
2754 1630 3065 1686 redditurus
3090 1632 3389 1687 secundum

1817 1740 1981 1795 opera
2010 1739 2131 1779 sua.
2162 1725 2283 1804 Ego
2303 1737 2431 1777 vero
2454 1722 2687 1777 arbitror
2719 1732 2769 1778 te
2795 1737 3011 1799 quoque
3051 1724 3106 1778 in
3141 1724 3229 1779 die
3257 1723 3392 1779 visi-

1819 1816 2044 1870 tationis
2093 1825 2198 1870 tuae
2233 1830 2263 1869 a
2315 1814 2422 1871 Deo
2472 1816 2699 1871 dicente.
2732 1815 3045 1870 auditurum
3084 1833 3097 1870 :
3127 1814 3303 1881 Quare
3337 1824 3413 1869 ιι

1820 1921 2035 1960 enarra:
2052 1905 2303 1975 justitias
2323 1900 2485 1965 metu,
2503 1912 2550 1957 et
2578 1905 2803 1958 assumis
2833 1912 3196 1957 testamentum
3224 1919 3395 1957 meum

1821 2012 1914 2065 per
1946 2012 2003 2050 οε
2029 2004 2176 2049 tuum
2207 1995 2267 2048 7?
2295 2003 2347 2049 et
2380 2010 2499 2064 quin
2527 1993 2783 2063 deinceps
2814 1994 2864 2047 in
2895 2008 3050 2049 sacra
3078 1993 3271 2064 pagina
3309 2002 3396 2048 se-

1788 2093 2085 2156 -quuntur.
2118 2084 2379 2154 Equidem
2406 2083 2601 2138 melius
2623 2091 2804 2138 actum
2838 2082 2903 2137 iri
2920 2098 3115 2143 censeo
3140 2096 3261 2136 cum
3292 2082 3394 2136 ho-

1822 2176 1969 2230 mine
1996 2174 2405 2246 imperitissimo
2433 2215 2449 2241 ,
2484 2174 2773 2247 omnisque
2795 2174 3110 2229 litteratura:
3144 2181 3199 2227 et
3230 2166 3396 2227 disci-

1822 2267 1983 2337 plina
2012 2277 2255 2337 experte,
2290 2267 2335 2320 si
2370 2281 2495 2321 cum
2528 2281 2662 2335 pura
2684 2249 3026 2321 \conscientia
3062 2265 3393 2334 inculpatam

1821 2359 1987 2413 vitam
2012 2358 2193 2428 degat,
2225 2373 2388 2428 quam
2416 2372 2541 2412 cum
2567 2372 2652 2422 eo,
2677 2357 2770 2427 qui
2797 2358 2978 2412 omnia
3004 2356 3201 2411 divinae
3221 2365 3275 2411 et
3298 2356 3399 2411 bu-

1824 2466 1998 2506 manze
2024 2451 2303 2520 sapientiae
2324 2450 2547 2507 oracula
2587 2465 2684 2506 ore
2714 2451 2896 2505 volvat
2917 2451 3174 2521 jactetve,
3194 2450 3400 2522 longis-

1822 2546 1927 2611 que
1943 2541 2079 2611 logis
2098 2549 2151 2597 et
2168 2541 2415 2609 logorum
2448 2540 2815 2595 voluminibus
2834 2540 3105 2605 laudatus,
3126 2542 3387 2594 adversus

1822 2635 2050 2688 alterum
2083 2634 2354 2688 exitialem
2387 2631 2613 2688 nocendi
2649 2632 2827 2687 foveat
2853 2633 3209 2688 voluntatem.
3236 2631 3303 2687 Et
3321 2642 3401 2699 tu,

1823 2722 2006 2778 audita
2031 2721 2211 2792 magni
2242 2719 2426 2775 Basilii
2461 2721 2727 2775 sententia
2758 2720 2856 2790 (7),
2887 2720 3023 2775 nihil
3052 2719 3394 2787 reformidas,

1822 2828 1945 2868 cum
1970 2813 2035 2868 de
2059 2810 2311 2881 quopiam
2338 2809 2763 2865 admirabundus
2781 2809 2938 2875 dixit,
2971 2809 3178 2865 nullum
3201 2824 3267 2864 ex
3283 2823 3402 2863 om-

1824 2902 1986 2956 nibus
2021 2900 2188 2954 totius
2246 2898 2397 2954 orbis
2432 2897 2849 2962 hmresiarchis,
2885 2899 2980 2968 qui
3027 2897 3178 2954 fuere
3235 2912 3400 2968 quam

1823 2990 2009 3059 plures
2035 3027 2050 3053 ,
2075 3003 2269 3044 ausum
2299 2986 2469 3042 fuisse
2496 3001 2795 3052 resecrare,
2826 2994 3025 3056 praeter
3053 2985 3402 3041 Eustathium

1824 3079 2296 3152 Ancyrogalatam.
2313 3077 2472 3149 cujus
2494 3078 2766 3133 nefarium
2792 3077 2969 3133 scelus
2991 3078 3229 3149 synodus
3254 3078 3401 3133 Gan-

1827 3169 2036 3237 grensis
2060 3165 2411 3236 exponit.Sed
2451 3165 2522 3220 ob
2552 3166 2665 3220 hmc
2695 3166 3135 3235 sapientissimus
3167 3165 3187 3236 (
3216 3174 3404 3221 noster

156 3258 433 3329 Γάγγραις
479 3259 609 3328 ἀγία
640 3258 939 3330 παρίστησι
974 3259 1224 3325 σύνοδος;
1267 3260 1427 3313 Ἀλλά
1464 3259 1673 3325 τούτοις
1702 3264 1722 3315 ὀ

1832 3253 2095 3323 Photins)
2133 3268 2241 3309 non
2305 3252 2464 3307 modo
2516 3252 2666 3306 nullo
2705 3253 2910 3321 pudore
2960 3253 3396 3317 suﬂ‘undebatur.

159 3349 465 3421 σοφώτατος
504 3350 567 3403 ού
616 3349 793 3422 μόύον.
821 3350 922 3404 ούκ
952 3351 1369 3415 ἑνεκαλύπτετο,
1412 3350 1551 3404 ἀλλά
1604 3352 1730 3405 σιού-

161 3443 370 3496 ναντίον
404 3444 499 3496 καὶ
528 3441 991 3512 ἐνελαμπρύνετο,
1038 3442 1195 3506 δόξαν
1250 3442 1547 3513 μᾶλλονηά
1594 3442 1732 3514 ἔργα

159 3532 255 3603 τῆς
284 3531 544 3602 αἰσχύνης
604 3532 698 3586 καὶ
748 3532 883 3585 ἰδίαν
907 3532 1075 3604 τιμὴν
1104 3533 1427 3605 ἡγούμενος,
1467 3532 1583 3602 εῐγε
1612 3551 1733 3586 και-

160 3622 405 3695 νοπρεπῆ
449 3623 544 3677 καὶ
592 3623 694 3694 τῆς
754 3613 1214 3696 ἐκκλησιαστικῆς
1244 3607 1594 3698 παραδόσεως
1636 3626 1733 3681 ἀλ-

163 3712 349 3783 λότρια
379 3713 710 3782 τεχνάζοιτο.
760 3712 901 3766 Ἀλλ’
928 3716 955 3767 ὁ
992 3713 1089 3785 μὲν
1112 3713 1308 3778 οὕτως.

240 3798 320 3853 ού
351 3801 703 3870 κατασιγήσω
728 3801 787 3855 δὲ
820 3800 929 3870 ἐγὼ
949 3802 1040 3855 τὸν
1065 3804 1157 3856 τοῦ
1176 3804 1451 3876 Καίσαρος
1479 3805 1686 3876 ὄνειρον
1719 3824 1728 3837 ·

164 3890 282 3944 om
338 3890 565 3945 δίκαιον.
603 3891 664 3943 Εἰ
713 3892 820 3964 γάρ
872 3892 965 3947 καὶ
1012 3895 1063 3947 οἰ
1107 3895 1291 3948 πολλοὶ
1338 3896 1436 3966 μὲν
1468 3898 1645 3953 αὐτῶν
1668 3900 1731 3952 ὲκ

166 3982 274 4036 τῶν
343 3976 723 4054 μεθημερινῶν
804 3986 1101 4056 φροντίδων
1171 3987 1265 4042 καὶ
1331 3984 1733 4059 ἐνθυμημάτων

167 4073 351 4144 ἔχουσι
379 4073 477 4137 τάς
505 4073 698 4145 ἀρχὰς,
736 4074 923 4129 πολλοὶ
947 4076 1005 4128 δὲ
1040 4076 1132 4130 καὶ
1171 4076 1274 4129 ὑπὸ
1298 4077 1566 4148 δαιμόνων
1597 4080 1732 4134 καθ-

167 4163 409 4217 εύδουσιν
478 4164 883 4219 ὕποτυποῦνται
911 4179 927 4196 ·
980 4152 1117 4241 ἀλλά
1177 4169 1269 4221 καὶ
1323 4168 1430 4222 ὑπὸ
1485 4169 1732 4238 ἀγγέλων

166 4250 300 4305 Θεοῦ
336 4250 483 4307 εστιν
507 4254 595 4309 ὅτε
634 4255 1015 4325 προστάγματι
1055 4256 1480 4327 σχηματίζονται
1514 4246 1732 4331 [Θεοῦ]ο

169 4341 376 4411 nutri.
412 4347 528 4407 τοῖς
556 4345 784 4417 ἄρχουσι
816 4346 873 4399 δὲ
906 4346 1138 4416 μάλιστα
1189 4348 1283 4401 καὶ
1323 4349 1654 4420 βασιλεῦσιν,
1682 4351 1731 4405 εί

168 4434 258 4488 καὶ
276 4435 353 4507 μὴ
372 4422 616 4501 εὐσεϐεῖς
637 4431 766 4492 εἷεν.
802 4436 942 4492 Ἀλλ’
963 4434 1057 4491 οὖν
1078 4438 1138 4491 τὸ
1160 4436 1377 4507 πνεῦμα
1404 4442 1503 4512 τῆς
1526 4456 1735 4511 προφη-

168 4520 332 4591 τείας,
369 4520 480 4581 ait}
536 4530 669 4600 πρὸς
714 4529 775 4583 τὸ
805 4529 1001 4593 ἀὐτοῖς
1040 4529 1269 4593 ἐκείνοις
1314 4529 1423 4584 ὲῐτε
1474 4526 1586 4595 τοῖς
1632 4532 1734 4585 ὑπ-

167 4615 346 4685 ηκόοις
378 4617 712 4685 λυσιτελοῦν,
742 4618 997 4680 πολλάκις
1027 4622 1270 4691 ἐνεργεῖν
1307 4603 1447 4674 οἶδεν
1472 4637 1485 4650 ·
1518 4622 1595 4686 ὡς
1636 4622 1731 4676 ἐπὶ

170 4702 258 4757 τοῦ
283 4705 485 4774 Φαραὼ
528 4705 624 4759 καὶ
663 4705 758 4759 τοῦ
802 4705 1271 4777 Ναϐουχοδονόσορ
1305 4708 1726 4779 μεμαθήκαμεν.

142 4812 145 4813 ν
171 4793 319 4847 Οὕτω
345 4795 442 4847 καὶ
475 4792 685 4865 Βάρδας
734 4798 762 4849 ὀ
806 4797 1023 4865 Καῖσαρ
1073 4788 1227 4859 οὗτος
1255 4795 1504 4852 Φιλόθεον
1524 4798 1729 4852 ἐκεῖνον

170 4886 402 4968 γενικῶν
434 4903 563 4939 ποτε
585 4887 895 4956 λογοθέτην,
925 4888 1186 4967 καὶῆφίλον
1219 4888 1363 4958 αύτῷ
1393 4890 1580 4943 πιστὸν
1600 4878 1731 4944 ὄντα

173 4961 705 5047 προσκαλεσάμενος,
764 4976 882 5031 λίαν
947 4961 1106 5048 ἐῴκει
1147 4978 1602 5053 τεθορυβημένῳ·
1633 4981 1728 5035 καὶ

172 5065 399 5137 ἄσθματι
429 5066 619 5137 πυκνῷ
644 5068 1019 5137 συνεχόμενος,
1050 5067 1115 5119 Ὠ
1144 5066 1379 5132 Φιλόθεε,
1398 5067 1519 5138 ἔφη,
1548 5068 1729 5139 ὅραμα

175 5152 321 5224 εἶδον,
345 5157 443 5212 καὶ
476 5161 652 5215 πάντα
714 5175 815 5229 μου
878 5158 1165 5230 συνέτριψε
1198 5159 1264 5211 τά
1293 5159 1445 5222 ὀστᾶ,
1474 5160 1569 5212 καὶ
1598 5159 1726 5222 τοὺς

174 5248 374 5321 ἀρμοῦς
393 5254 492 5322 τῆς
520 5251 719 5321 ὀσφύος
744 5264 844 5321 μου
868 5251 1087 5305 ἐλυσενω
1106 5252 1284 5323 ’ῼμην
1302 5252 1411 5321 γὰρ
1441 5252 1581 5305 κατὰ
1592 5252 1723 5313 ταύ-

173 5350 265 5405 την
286 5338 389 5407 τὴν
411 5339 603 5404 νύκτα,
638 5340 712 5403 ὡς
733 5340 890 5409 δῆθεν
914 5338 1283 5410 προελεύσεως
1309 5338 1497 5410 οῦσης,
1525 5340 1605 5403 εἰς
1628 5340 1726 5410 τὴν

175 5426 429 5499 Μεγάλην
457 5430 781 5509 Ἐκκλησίαν
813 5433 951 5502 μετά
995 5429 1091 5485 τοῦ
1153 5430 1415 5502 βασιλέως
1462 5432 1728 5490 εἰσιέναι·

240 5606 422 5663 ’Psal.
454 5622 599 5673 χιιι,
632 5607 717 5660 l6.
812 5636 817 5643 -

226 5776 317 5851 ’(⁸7)
343 5780 475 5839 Vide
504 5784 758 5841 Basilium
795 5786 919 5856 150,
950 5788 1013 5841 ad
1048 5787 1386 5844 Theodotum.

1828 3334 1919 3389 sed
1940 3332 2221 3404 magniﬁce
2242 3332 2403 3386 etiam
2424 3345 2483 3385 se
2504 3331 2829 3403 ostentabat,
2852 3339 3000 3386 ratus
3028 3346 3090 3386 ex
3121 3332 3329 3388 honore
3349 3334 3402 3387 id

1828 3442 1929 3480 suo
1950 3425 2319 3495 dignitateque
2346 3422 2485 3485 fore,
2517 3423 2560 3477 si
2593 3439 2700 3494 qua
2731 3438 2866 3477 nova
2896 3431 2949 3477 et
2974 3425 3041 3479 ab
3069 3424 3403 3480 ecclesiasti-

1829 3533 1890 3572 ca
1919 3516 2204 3585 disciplina
2248 3514 2425 3589 aliena
2461 3514 2819 3583 excogitaret.
2854 3515 3032 3585 Atque
3057 3514 3133 3569 ita
3177 3515 3399 3585 quidem

1829 3624 1888 3664 se
1911 3610 2132 3681 gerebat
2161 3606 2409 3663 Photius.

1893 3779 2005 3839 Sed
2038 3797 2070 3838 a
2109 3797 2214 3847 me,
2268 3797 2365 3852 per
2408 3795 2662 3836 somnum
2697 3780 2885 3835 Bardae
2931 3780 3131 3836 Caesari
3178 3780 3390 3850 objecta

1830 3874 2041 3947 species
2076 3876 2276 3947 (neque
2304 3874 2447 3930 enim
2474 3873 2556 3929 fas
2576 3876 2701 3943 est),
2749 3873 2965 3929 silentio
3000 3872 3260 3942 praeteriri
3288 3888 3400 3926 non

1830 3969 2009 4024 debet.
2059 3966 2322 4034 Quamvis
2381 3966 2523 4021 enim
2584 3965 2750 4018 multa
2795 3980 2831 4019 a
2876 3963 3107 4037 negotiis
3136 3978 3231 4033 per
3257 3963 3399 4019 diem

1831 4060 1965 4115 actis
1994 4059 2077 4114 vel
2104 4051 2351 4130 cogitatis
2384 4072 2605 4111 causam
2632 4056 2875 4121 trahant,
2913 4069 3013 4109 nec
3038 4070 3212 4125 pauca
3239 4068 3269 4108 a
3292 4054 3401 4109 daa—

1832 4151 2083 4207 monibus
2108 4165 2203 4217 per
2230 4148 2491 4219 imagines
2526 4147 2922 4217 snbjiciantur;
2956 4156 3039 4201 est
3066 4156 3243 4201 tamen
3272 4162 3399 4201 cum

1832 4241 1994 4298 etiam
2022 4256 2053 4296 a
2083 4242 2241 4297 bonis
2265 4240 2470 4312 angelis
2495 4240 2654 4310 jussu
2703 4239 2793 4294 Dei
2842 4247 3230 4309 suggeruntur,
3257 4254 3401 4309 prte-

1834 4332 2020 4388 sertim
2074 4331 2482 4403 magistratibus
2533 4341 2588 4385 et
2628 4325 2866 4400 regibus,
2912 4329 3162 4399 quamvis
3194 4329 3397 4396 impiis.

1833 4423 1967 4479 Nam
1992 4425 2217 4495 spiritus
2242 4422 2537 4493 prophetia:
2553 4424 2661 4478 vim
2704 4438 2881 4487 suam,
2910 4424 3024 4476 sive
3055 4420 3120 4475 ad
3154 4420 3403 4491 ipsorum

1834 4518 2161 4586 principum,
2226 4516 2343 4570 sive
2384 4514 2490 4570 illis
2546 4515 2918 4584 subjectorum
2968 4514 3192 4567 salutem
3246 4515 3398 4570 novit

1836 4624 1977 4679 smpe
2002 4614 2224 4663 exerere
2249 4625 2261 4660 :
2290 4606 2344 4661 id
2390 4607 2534 4676 quod
2563 4604 2832 4660 Pharaoni
2866 4616 2921 4659 et
2965 4604 3397 4660 Nabuchodono—

1835 4701 1946 4754 sori
1972 4698 2237 4755 accidisse
2265 4697 2577 4752 didicimus.
2611 4698 2687 4752 Ita
2719 4684 2920 4751 Bardas
2952 4697 3134 4751 Caesar
3165 4696 3395 4751 familia-

1835 4808 1948 4845 rem
1975 4806 2134 4846 suum
2167 4799 2484 4860 certumque
2531 4789 2763 4843 amicum
2820 4788 3183 4852 Philotheum,
3215 4800 3394 4856 quon-
3422 4834 3429 4842 .

1834 4885 1957 4939 dam
1998 4882 2312 4952 genicorum
2372 4881 2723 4947 logothetam,
2758 4878 3259 4948 perturbatissimus
3298 4892 3392 4932 ae-

1833 4974 2051 5029 t-ersivit
2071 5013 2086 5037 ,
2119 4972 2455 5049 multumque
2478 4971 2772 5026 anhelans:
2802 4969 2868 5023 Mi
2902 4968 3170 5032 Philotbe,
3196 4968 3391 5037 inquit,

1833 5065 2101 5119 somnium
2148 5063 2280 5129 vidi,
2335 5062 2479 5130 quod
2517 5061 2714 5116 omnia
2774 5074 2900 5115 ossa
2938 5074 3056 5113 mea
3114 5057 3390 5118 contrivit,

1834 5168 2132 5223 omnesque
2190 5154 2437 5223 corporis
2494 5150 3015 5206 nervos-dissolvit.
3071 5146 3181 5199 liac
3230 5158 3390 5199 nocte

1836 5245 1981 5297 enim
2015 5244 2233 5297 videbar
2280 5251 2535 5312 tanquam
2568 5240 2620 5294 in
2653 5240 2869 5311 publica
2903 5252 3092 5308 pompa
3128 5250 3250 5288 cum
3286 5236 3385 5287 im—

1832 5346 2077 5404 peratore
2107 5334 2172 5387 ad
2200 5348 2446 5403 magnam
2478 5332 2758 5388 basilicam
2798 5328 3048 5400 prodire,
3098 5324 3389 5394 Videreque

1833 5422 2278 5499 archangelorum
2306 5426 2505 5498 eliigies
2568 5443 2663 5500 per
2708 5426 2975 5483 fenestras
3004 5434 3193 5479 omnes
3222 5434 3385 5489 supe-
