3934 6316
564 272 668 334 535

1755 284 2040 345 mest-us
2079 250 2601 352 PAPHIAGONVIS

3696 292 3802 352 536

560 383 737 438 riores
764 393 816 438 et
849 381 1131 439 inferiores
1164 387 1216 439 in
1274 389 1531 458 templum
1581 394 1847 462 respicere
1884 414 1896 448 :
1926 407 2121 452 etcum

2241 401 2365 454 ιατὰ
2389 403 2566 464 πάσας
2585 401 2640 455 δέ
2663 400 2879 470 θυρίδας
2900 399 2996 467 τάς
3030 401 3142 458 ἀνω
3161 400 3254 459 καὶ
3275 402 3375 468 τὰς
3401 403 3802 466 κάτωίείκόνας

560 476 626 528 ad
660 475 943 529 ambonem
990 477 1327 535 venissemus
1349 521 1363 544 ,
1403 484 1628 550 spectati
1664 497 1788 540 sunt
1822 488 1984 558 veluti
2013 490 2120 544 duo

563 578 592 616 a
628 563 914 629 cubiculis,
947 568 1121 620 severi
1142 583 1202 621 ac
1229 579 1406 624 truces
1440 589 1451 623 :
1488 587 1718 640 quorum
1768 577 1906 632 alter
1944 580 2117 649 ipsum

563 653 941 722 imperatorem
998 657 1238 710 vinetum
1283 659 1521 727 capiens,
1571 663 1636 716 ad
1690 665 1934 719 dextrum
1983 667 2122 722 latus

562 749 818 806 tractum,
879 757 908 798 e
958 746 1266 812 pavimento
1343 749 1596 805 cancellis
1677 755 1923 821 proximo
1978 756 2124 810 velut

566 834 788 886 noxium
855 835 1280 905 damnatumque
1322 838 1601 906 pellebat:
1647 843 1782 896 alter
1853 861 1980 899 vero
2039 862 2123 901 me

563 923 675 989 pari
711 923 872 977 modo
898 924 962 976 ad
995 925 1269 977 sinistram
1293 937 1498 993 partem
1538 926 1856 985 abducebat.
1901 931 1966 986 Et
1995 934 2120 986 dum

563 1024 783 1081 repente
823 1015 1231 1083 circumspicio,
1287 1018 1660 1075 animadverto
1690 1022 1743 1074 in
1796 1025 1992 1078 throno
2027 1040 2116 1093 pa-

564 1103 837 1158 triarchali
895 1106 946 1157 in
1002 1107 1176 1175 adytis
1235 1107 1410 1167 virum
1462 1110 1690 1180 principi
1757 1116 2124 1183 apostolorum

562 1193 716 1248 Petro
747 1192 919 1248 forma
958 1195 1313 1258 simillimum,
1341 1200 1692 1270 geminosque
1717 1203 1791 1257 illi
1812 1206 2128 1260 assistentes

561 1299 692 1339 sane
756 1285 1145 1350 formidabiles,
1199 1289 1290 1355 qui
1341 1290 1755 1357 praepositorum
1813 1292 2124 1362 dignitatem

562 1390 669 1442 pra:
700 1391 757 1430 se
776 1375 1034 1431 ferebant.
1071 1377 1150 1432 Ad
1182 1378 1419 1434 sedentis
1462 1395 1626 1450 porro
1657 1398 1831 1452 genua
1877 1399 2128 1452 procum-

562 1469 774 1522 bentem
817 1484 981 1523 cerno
1028 1469 1292 1539 Ignatium
1359 1474 1679 1544 supplicem,
1713 1477 2004 1545 multisque
2045 1477 2126 1531 la-

559 1557 762 1627 erymis
820 1557 1140 1627 perfusum;
1207 1560 1344 1617 adeo
1396 1572 1454 1617 ut
1501 1563 1617 1633 ipse
1679 1581 1896 1637 quoque
1935 1566 2128 1623 Petrus

2224 493 2354 562 όρᾷν
2394 493 2609 546 ἐδόκουν
2652 493 3050 563 ἀρχαγγελικάς
3093 493 3224 562 πρὸς
3275 496 3367 548 τὸν
3393 495 3521 548 ναδν
3553 492 3799 564 βλεπού-

2227 599 2354 646 σας·
2389 583 2485 636 καὶ
2516 584 2602 636 ὅτε
2638 583 2862 654 πλησίον
2919 580 3059 654 ἦμεν
3085 585 3178 637 τοῦ
3212 584 3484 654 ἄμϐωνος,
3521 584 3798 654 ὤφθησαν

2225 672 2411 742 ῶσπερ
2440 673 2872 744 κουὸικουλάριοι
2900 673 2991 727 δύο
3022 675 3284 745 ἀπότομοι
3337 677 3430 728 καὶ
3458 675 3758 746 ἐμϐριθεῖς
3782 692 3796 705 ο

2225 755 2300 815 ὧν
2361 764 2388 816 6
2435 762 2534 831 μὲν
2587 763 2801 832 δέσμιον
2830 766 2923 816 τὸν
2971 765 3193 836 βασιλέα
3229 764 3427 827 λαϐὼν,
3467 767 3560 819 καὶ
3588 766 3700 818 ἐπὶ
3731 764 3798 814 τὰ

2227 852 2376 917 δεξιά
2406 853 2749 922 κατασύρων,
2795 853 3045 918 ἐξωθεῖτο
3069 855 3167 922 τῆς
3203 855 3408 921 σολέας,
3435 855 3796 925 κατακρίνων

2227 946 2300 1005 ὡς
2329 941 2623 996 ὑπεύθυνον
2655 959 2667 973 ·
2702 943 2800 1012 ἐμὲ
2847 946 2874 997 6
2924 945 3111 1015 ἕτερος
3150 946 3518 1016 ὁμοιοτρόπως
3557 945 3660 999 διὰ
3688 945 3796 997 τῶν

2227 1033 2533 1103 ἀριστερῶν
2587 1033 2820 1103 ἀπῆγεν.
2847 1035 3033 1103 ’Δφνω
3080 1037 3135 1090 δὲ
3169 1035 3662 1107 περιϐλεψάμενος,
3689 1035 3798 1104 όρῶ

2229 1123 2287 1174 ἐν
2307 1123 2382 1194 τῷ
2424 1125 2697 1195 συνθρόνῳ
2728 1124 2820 1178 τοῦ
2853 1127 3047 1184 ἀδύτου
3078 1127 3384 1197 καθήμενον
3417 1127 3583 1197 ἄνδρα
3610 1143 3798 1196 γηρα-

2228 1211 2367 1279 λέον,
2389 1213 2818 1284 ἀπαραλλάκτως
2840 1216 3060 1274 ἐοικότα
3077 1219 3142 1286 τῇ
3169 1217 3334 1270 εἰκόνι
3355 1216 3449 1269 τοῦ
3481 1215 3796 1285 κορυφαίου

2229 1299 2340 1355 τῶν
2385 1302 2694 1356 ἀποστόλων
2745 1303 2972 1375 Πέτρου,
3022 1305 3292 1375 καὶεαύτῷ
3340 1305 3432 1358 δύο
3461 1306 3605 1368 τινές
3652 1320 3797 1374 παρ-

2227 1393 2568 1459 ειστήκεισαν
2582 1391 2820 1462 σοϐαροὶ,
2837 1410 3041 1463 πραιπο
3050 1394 3206 1450 σίτων
3220 1395 3794 1464 τάξινιέπιφαίνοντες.

2242 1482 2382 1552 ’0Ρῶ
2407 1482 2464 1535 δὲ
2496 1469 2629 1552 πρὸς
2648 1486 2758 1545 τοῖς
2801 1483 2991 1550 γόνασι
3031 1484 3123 1537 τοῦ
3152 1485 3458 1554 καθημένου
3478 1485 3570 1538 τδν
3608 1485 3817 1552 Ἰγνάτ-

2227 1587 2340 1624 τιον
2376 1573 2701 1638 ἱκετεύοντα,
2729 1575 2823 1627 καὶ
2853 1575 3066 1638 πολλοῖς
3104 1574 3331 1647 δάκρυσι
3355 1576 3792 1646 περιῤῥαινόμε·

562 1648 750 1718 lgnatii
788 1653 954 1705 vicem
980 1653 1269 1709 miseratus
1299 1655 1642 1724 ingemuerit.
1688 1657 1855 1713 Porro
1889 1661 2126 1730 lgnatins

2241 1681 2321 1718 νον
2342 1665 2538 1734 οὕτως,
2569 1667 2707 1719 ὥστε
2749 1669 2998 1720 κάκεῖνον
3027 1666 3174 1738 αὐτῷ
3206 1668 3470 1722 συλλυπού
3481 1686 3644 1740 μενον
3676 1686 3795 1722 στεο

563 1742 875 1796 clamitabat
911 1744 1194 1814 :Claviger
1223 1746 1460 1801 caelestis
1495 1747 1665 1816 regni,
1702 1756 1757 1803 et
1787 1760 1934 1818 petra
1969 1764 2132 1818 super

2241 1751 2409 1819 νάξαι.
2465 1758 2575 1809 Καὶ
2618 1756 2778 1818 αὐτὸς
2821 1757 2981 1810 ἐϐόα·
3025 1757 3314 1827 Κλειδοῦχε
3371 1760 3469 1828 τῆς
3515 1760 3794 1829 βασιλείας

565 1847 726 1900 quam
786 1832 1037 1888 Christus
1075 1834 1214 1889 Deus
1256 1835 1556 1890 Ecelcsiam
1593 1851 1744 1891 suam
1796 1838 2051 1900 ﬁrmavit,
2092 1830 2135 1892 si

564 1923 782 1992 quidem
812 1925 906 1978 tibi
940 1925 1178 1995 ignotum
1216 1940 1324 1978 non
1362 1940 1464 1992 est,
1504 1943 1665 1996 quam
1707 1928 1891 1998 inique
1923 1944 2135 1982 mecum

565 2025 744 2068 actum
779 2016 871 2080 sit,
919 2016 1098 2071 solare
1151 2015 1559 2072 amictissimam
1615 2027 1888 2073 senectam
1937 2033 2135 2072 meam.

563 2101 667 2158 Cui
706 2104 897 2158 beatus
952 2103 1144 2157 Petrus
1183 2101 1456 2158 :Ostende
1523 2115 1831 2160 vexatorem
1875 2113 2048 2164 tuum,
2085 2112 2139 2156 et

491 2265 496 2274 I
564 2192 706 2248 Deus
757 2193 918 2248 faciet
973 2208 1096 2255 cum
1153 2193 1451 2248 tentatienc
1501 2202 1862 2264 proventum;
1918 2204 1972 2248 et
2011 2207 2137 2248 cnn-

566 2301 758 2341 versus
802 2285 1042 2356 lgnatius
1088 2301 1250 2340 manu
1285 2300 1369 2339 me
1422 2286 1735 2351 indicabat;
1775 2294 1867 2340 et:
1901 2284 2016 2345 Hic,
2056 2285 2136 2338 in-

564 2377 707 2445 quit,
747 2377 867 2445 plus
895 2377 1152 2432 omnibus
1193 2392 1277 2430 me
1319 2377 1526 2444 aliiixit,
1565 2386 1623 2431 ut
1655 2392 1814 2447 quem
1869 2379 2016 2430 nulla
2057 2389 2140 2430 sa-

539 2468 729 2522 -tietas
782 2467 885 2521 mei
943 2467 1223 2522 cruciandi
1259 2468 1479 2536 ceperit.
1529 2467 1662 2521 Tum
1707 2468 1799 2537 qui
1847 2469 1902 2521 in
1943 2467 2136 2521 throno

565 2557 902 2621 considebat,
933 2571 1057 2612 cum
1093 2558 1374 2614 annuisset
1424 2557 1499 2611 illi
1543 2558 1635 2626 qui
1669 2559 1734 2612 ad
1769 2561 2015 2611 dextram
2046 2571 2137 2611 as-

567 2649 815 2713 sistebat,
842 2650 1035 2704 educta
1071 2651 1264 2713 sicula,
1297 2649 1473 2718 palam
1506 2649 1756 2704 omnibus
1795 2649 2138 2713 audientibus

567 2743 894 2798 sententiam
965 2744 1356 2812 pronuntiavit.
1423 2741 1598 2807 Hunc,
1649 2743 1848 2810 inquit,
1902 2742 2134 2795 invisum

572 2832 678 2887 Deo
735 2831 966 2886 Bardam
999 2833 1289 2901 prehende,
1324 2840 1378 2887 et
1404 2831 1531 2886 foris
1572 2833 1623 2884 in
1676 2833 1813 2886 atrio
1867 2831 2134 2884 frustatim

569 2924 816 2978 concide.
878 2921 1162 2992 Extemplo
1195 2938 1325 2991 ergo
1368 2923 1435 2979 ad
1486 2923 1811 2993 supplicium
1862 2923 2136 2992 abreptus,

571 3017 682 3070 vidi
737 3016 882 3084 quod
942 3023 999 3071 et
1043 3015 1356 3084 imperatori
1410 3015 1606 3069 minaci
1667 3030 1832 3070 manu
1885 3015 2133 3069 diceret:

571 3107 856 3177 Exspecta,
899 3107 1063 3176 impie
1108 3106 1206 3160 ﬁli.
1264 3106 1439 3175 Atque
1477 3106 1550 3160 ita
1579 3105 1728 3164 ,mihi
1755 3107 1903 3161 visus
1933 3121 2050 3160 sum
2086 3119 2144 3172 re

571 3214 702 3253 vera
733 3197 968 3252 concidi.
1002 3196 1126 3251 Haec
1162 3197 1363 3252 Cmsari
1399 3198 1628 3253 attonito
1653 3205 1707 3251 et
1736 3212 1858 3252 cum
1889 3195 2144 3266 lacrymis

574 3293 840 3357 narranti,
874 3289 1210 3360 TheOphilus
1243 3291 1473 3356 :Parce,
1515 3290 1710 3361 inquit,
1740 3290 1978 3355 domine,
2006 3287 2146 3342 infe-

576 3383 844 3438 licissime
867 3383 1006 3450 seni,
1045 3390 1100 3436 et
1137 3381 1203 3435 ad
1254 3381 1346 3436 Dei
1376 3366 1612 3436 tribunal
1652 3381 1972 3449 respiciens,
2019 3393 2144 3434 eum

575 3472 920 3544 nequejure,
948 3487 1125 3542 neque
1162 3472 1359 3542 injuria
1387 3472 1570 3527 laedas.
1600 3469 1703 3526 Sed
1733 3470 1935 3526 Bardas
1968 3485 2035 3524 ne
2065 3470 2146 3524 sic

574 3563 792 3632 quidem
837 3564 1008 3617 voluit
1056 3563 1375 3631 intelligere,
1409 3571 1468 3616 ut
1491 3562 1626 3617 bene
1669 3568 1884 3631 ageret;
1910 3559 2004 3616 sed
2037 3559 2146 3614 for-

575 3653 848 3709 midandis
873 3655 1024 3709 hisce
1049 3653 1573 3708 comminationibus
1600 3653 1873 3707 oblivione
1899 3651 2144 3720 sepultis,

583 3746 895 3816 properavit
939 3753 1159 3816 peccata
1217 3759 1315 3799 sua
1365 3745 1681 3813 adimplere,
1735 3744 2016 3812 utjustam
2053 3742 2148 3795 Dei

576 3836 874 3889 vindictam
932 3835 984 3889 in
1050 3851 1109 3890 se
1166 3836 1487 3897 concitaret.
1541 3835 1734 3888 Statim
1782 3835 1997 3904 quippe,
2032 3834 2149 3902 ipso

577 3924 1045 3994 solemnisjejunii
1078 3924 1324 3989 exordio,
1358 3923 1591 3978 Leonem
1624 3925 1772 3978 illum
1790 3933 2150 3994 cognomento

578 4016 912 4080 Ptaolemen,
942 4025 1257 4086 .cognatum
1293 4015 1490 4079 Photii,
1524 4031 1648 4070 cum
1680 4017 1937 4070 satellitio
1978 4018 2030 4070 in
2060 4018 2146 4071 in-

578 4108 750 4162 sulam
777 4108 961 4172 mittit,
991 4108 1234 4176 adeoque
1259 4117 1405 4162 arcte
1433 4107 1696 4162 custodiri
1732 4109 1973 4178 praecipit
1995 4109 2149 4178 lgna-

577 4199 734 4260 tium,
767 4208 824 4252 ut
868 4212 936 4252 ne
983 4198 1154 4253 sacris
1184 4198 1402 4267 quidem
1457 4199 1675 4267 operari
1722 4209 1926 4269 posset,
1979 4216 2149 4270 neque

575 4289 830 4358 cuiquam
883 4290 1038 4358 cepia
1098 4289 1260 4367 ﬁeret»
1295 4289 1442 4344 illius
1488 4291 1868 4355 conveniendi,
1920 4308 2019 4346 nec
2071 4293 2148 4346 iili

2236 1846 2343 1898 τῶν
2369 1847 2630 1917 οὐρανῶν,
2679 1849 2773 1900 καὶ
2831 1848 3007 1920 πέτρα
3047 1850 3104 1901 ἐν
3212 1839 3449 1918 Χριστὸς
3471 1853 3498 1903 6
3525 1851 3668 1914 Θεὸς
3699 1849 3794 1919 τὴν

2236 1935 2399 1989 αὑτοῦ
2455 1937 2780 2009 Ἐκκλησίαν
2823 1939 3157 2010 ἐστηρίξατο,
3192 1941 3241 1992 εί
3279 1936 3447 2006 οἶδας,
3487 1942 3566 1994 ὅτι
3594 1942 3792 2010 ἡδικήυ

2237 2023 2356 2094 θην,
2392 2025 2784 2097 παραμύθησόν
2813 2043 2913 2097 μου
2941 2027 3002 2080 τὸ
3028 2027 3386 2081 πολύθλιπτον
3427 2029 3624 2098 γῆρας.
3667 2028 3792 2082 ὀἐέ

2234 2114 2371 2182 πρὸς
2398 2114 2581 2177 αὑτὸν,
2632 2113 2835 2182 Δεῖξον,
2867 2114 2993 2186 ἔφη,
3042 2114 3132 2169 τὸν
3173 2115 3504 2185 ἀδικήσαντά
3541 2134 3617 2181 σε,
3654 2119 3792 2170 καὶὸ

2235 2203 2364 2268 Θεὸς
2397 2205 2492 2258 σὺν
2539 2205 2615 2275 τῷ
2666 2206 2955 2276 πειρασμῷ
2998 2208 3209 2276 ποιήσει
3257 2209 3353 2259 καί⁵
3392 2206 3492 2276 τὴν
3543 2206 3787 2260 ἑκϐασιν.

2235 2295 2343 2346 Καὶ
2373 2295 2632 2365 στραφεὶς
2679 2297 2706 2347 6
2756 2297 3012 2363 Ἰγνάτιος
3061 2298 3125 2367 τῇ
3163 2295 3308 2366 δεξιᾷ
3336 2298 3481 2366 χειρὶ
3520 2295 3791 2360 ἐπέδειξεν

2235 2388 2355 2457 ἐμὲ,
2392 2388 2563 2455 λέγων
2585 2405 2598 2418 ·
2628 2383 2795 2451 Οὗτος
2823 2390 3203 2460 περισσότερον
3236 2388 3452 2442 πάντων
3486 2388 3790 2457 ἐλυμήνατό

2239 2493 2305 2545 με
2333 2492 2346 2506 ·
2371 2478 2461 2529 καὶ
2492 2477 2652 2547 κόρον
2708 2478 2806 2546 τῆς
2857 2478 2987 2529 κατ’·
3027 2477 3160 2547 ἐμοῦ
3210 2478 3418 2548 ὕϐρεως
3469 2479 3569 2531 οὐκ
3611 2477 3785 2547 ἔσχεν.

2235 2567 2447 2630 Νεύσας
2486 2564 2578 2621 οὖν
2620 2570 2647 2620 6
2695 2568 2787 2619 ἐπὶ
2831 2568 2925 2621 τοῦ
2964 2567 3154 2638 θρόνου
3209 2570 3344 2638 πρὸς
3377 2568 3468 2621 τὸν
3512 2569 3576 2622 ἐκ
3602 2568 3786 2634 δεξιῶν
3890 2585 3891 2600 π

2237 2657 2402 2712 αὑτοῦ
2469 2658 2863 2726 καθεστηκότα,
2929 2660 3024 2712 καὶ
3082 2659 3285 2729 μικρὰν
3321 2659 3463 2712 πάνυ
3523 2658 3788 2728 μάχαιραν

2238 2737 2496 2809 ἐκϐαλὼν,
2532 2750 2608 2811 είς
2633 2749 2865 2817 ἐπήκοον
2894 2748 3108 2800 πάντων
3127 2749 3477 2817 ἀπεφήνατοο
3509 2749 3611 2800 Τὸν
3641 2747 3788 2817 θεόρ-

2239 2850 2419 2893 γιστον
2474 2834 2682 2902 Βάρδαν
2738 2834 3056 2904 παράλαϐε,
3102 2836 3196 2890 καὶ
3242 2836 3345 2907 πρὸ
3393 2835 3486 2888 τοῦ
3525 2835 3788 2906 νάρθηκος

2241 2922 2343 2988 ἐξω
2399 2924 2705 2993 κατάκοψον
2758 2925 3001 2995 μεληδόν.
3034 2927 3239 2978 Αὐτίκα
3270 2926 3468 2990 τοίνυν,
3507 2926 3788 2995 ἑλκόμενος

2242 3013 2400 3081 δῆθεν
2428 3014 2560 3083 πρὸς
2609 3015 2855 3080 θάνατον,
2897 3013 3053 3081 εἶδον,
3089 3018 3168 3070 ὅτι
3212 3017 3409 3087 καὶτῷ
3450 3017 3656 3086 βασιλεῖ
3695 3017 3788 3085 τὴν

2245 3109 2403 3176 χεῖρα
2439 3107 2710 3181 ἐπισείων,
2750 3108 3025 3175 Ἐκδεξαι,
3083 3108 3207 3179 ἔφη,
3256 3109 3643 3162 ἀσεδότεκνον·
3701 3110 3790 3162 καὶ

2244 3195 2413 3258 οὕτως
2457 3197 2688 3265 ἐμαυτὸν
2752 3193 2889 3249 εἶδον
2959 3199 3034 3259 ὡς
3086 3198 3232 3268 ῦπαρ
3279 3197 3784 3268 καταμελιζόμενον.

2244 3285 2428 3340 Ταῦτα
2469 3287 2566 3355 μὲν
2603 3291 2630 3342 ὁ
2680 3269 2897 3359 Καῖσαρ
2927 3283 3304 3358 θαμϐούμενος
3342 3289 3457 3358 ἅμα
3485 3287 3579 3342 καὶ
3597 3287 3790 3342 κλαίων

2244 3378 2504 3447 ἐξηγεῖτο.
2539 3379 2676 3449 Πρὸς
2731 3379 2788 3432 δν
2826 3381 3048 3444 ἐκεῖνος,
3101 3381 3308 3444 Φεῖσαι,
3339 3374 3384 3432 ὧ
3414 3378 3667 3440 δέσποτα.
3691 3377 3782 3431 τοῦ

2246 3470 2539 3524 παναθλίου
2570 3470 2844 3540 γέροντος,
2862 3469 3003 3534 eius,
3041 3471 3287 3541 καὶπρὸς
3309 3471 3369 3523 τὸ
3397 3470 3492 3523 τοῦ
3509 3469 3647 3523 Θεοῦ
3669 3486 3786 3541 κρι-

2246 3561 2431 3631 τήριον
2462 3563 2700 3632 ἀφορῶν,
2751 3563 2886 3632 μήτε
2927 3561 3169 3627 δικαίως,
3210 3559 3335 3630 μήτ’
3376 3561 3468 3614 οὖν
3493 3560 3683 3623 ἀδίκως
3712 3560 3787 3613 ιτι

2247 3650 2542 3718 πονηρεύου
2571 3652 2690 3704 κατ’
2723 3649 2905 3704 αὐτοῦ.
2941 3648 3076 3702 Ἀλλ’
3103 3651 3251 3719 ὅμως
3279 3652 3486 3714 ἐκεῖνος
3511 3649 3789 3713 ούδόὖτως

2245 3740 2517 3811 ἠϐουλήθη
2548 3743 2782 3795 συνιέναι
2819 3739 2911 3794 τοῦ
2942 3741 3207 3808 ἀγαθῦναι
3229 3757 3243 3770 ο
3272 3741 3574 3812 ἀμνηστείᾳ
3602 3740 3655 3793 δέ
3696 3740 3786 3808 τὴν

2214 3821 2492 3904 ’φρικώδη
2555 3833 2758 3901 ταύτην
2814 3835 3087 3905 παραδοὺς
3141 3831 3389 3902 ἀπειλὴν,
3427 3831 3651 3905 ἔσπευδε
3696 3831 3786 3892 τὰς

2246 3925 2451 3986 οἰκείας
2504 3924 2891 3995 ἀναπληρῶσαι
2941 3925 3238 3995 ἁμαρτίας,
3269 3923 3336 3976 ἵν’
3369 3923 3574 3976 ἐνδικον
3598 3919 3785 3977 ἀνωθεν

2250 4016 2334 4085 ἐφ’
2361 4017 2548 4068 ἑαυτὸν
2571 4011 2940 4087 ἐπισπάσηται
2964 4017 3062 4086 τὴν
3103 4016 3293 4086 ὀργήν.
3331 4013 3507 4078 Εὐθὺς
3536 4013 3640 4085 γὰρ
3664 4012 3786 4083 πρὸς

2248 4106 2437 4167 αὑταῖς
2461 4106 2565 4161 τῶν
2591 4106 2849 4177 νηστειῶν
2877 4108 2997 4169 ταῖς
3041 4104 3338 4170 είσσάσεσι,
3365 4104 3572 4158 Λέοντα
3599 4105 3784 4156 ἐκεῖνον

2251 4196 2714 4268 τὸνἸΙταολήμην
2773 4197 3261 4268 ἐπονομαζόμενον,
3314 4179 3567 4265 συγγενῆ·
3599 4194 3784 4248 Φωτίου

2209 4361 2214 4364 ⁵
2252 4288 2606 4356 τυγχάνοντα,
2647 4289 2782 4357 μετὰ
2831 4286 3180 4359 στρατιωτῶν
3223 4288 3302 4349 είς
3338 4288 3436 4356 τὴν
3479 4287 3639 4356 νῆσον
3663 4286 3784 4337 ἀπο⁴

577 4380 832 4434 exeundi.
867 4378 1001 4434 Cum
1028 4382 1093 4435 ad
1126 4381 1342 4434 tertium
1370 4397 1610 4436 mensem
1647 4382 1721 4436 ita
1755 4383 2138 4439 circumclusus

2257 4379 2481 4443 στέλλει,
2517 4380 2609 4433 καὶ
2636 4379 3003 4449 παραγγέλλει
3035 4377 3176 4432 οὕτω
3208 4375 3490 4448 τηρεῖσθαι
3518 4377 3607 4430 τὸν
3635 4374 3784 4443 Ἰγνά-

577 4472 895 4533 mansisset,
932 4472 1128 4524 somnii
1150 4471 1422 4540 praedictio
1463 4473 1857 4527 maturabatur.
1889 4471 2146 4529 Michaele

579 4575 815 4626 namque
853 4558 1253 4627 expeditionem
1287 4558 1338 4611 in
1384 4557 1600 4635 cretam
1632 4559 1980 4628 suscipiente,
2014 4558 2142 4612 Bar-

577 4653 678 4706 das
728 4665 849 4703 cum
922 4650 1012 4704 illo
1057 4649 1169 4718 jam
1223 4648 1288 4703 ad
1321 4645 1612 4703 Hortorum
1663 4649 1840 4703 locum
1874 4652 1965 4719 qui
2005 4649 2142 4704 dici-

579 4751 669 4797 tur
691 4756 1051 4811 progressus,
1105 4741 1252 4809 quod
1305 4740 1534 4796 insidias
1576 4741 1891 4811 imperatori
1937 4751 2146 4796 struere

580 4835 853 4888 diceretur
872 4831 1099 4900 (caelesti
1117 4845 1306 4900 nempe
1321 4832 1556 4887 vindicta
1576 4833 1724 4887 illum
1739 4832 2145 4903 prosequente),

584 4925 803 4978 ultimas
833 4922 939 4976 Deo
967 4936 1153 4992 poenas
1179 4921 1426 4989 exsolvit,
1462 4921 1761 4991 gladiisque
1783 4923 2148 4976 miserandum

583 5019 638 5070 in
711 5016 928 5068 modum
972 5014 1311 5069 membratim
1342 5025 1425 5067 est
1470 5015 1754 5070 dissectus.
1799 5013 1930 5068 Tam
1962 5014 2150 5079 infami

584 5106 731 5160 letho
766 5106 1069 5160 exstinctus
1108 5113 1212 5169 est,
1247 5114 1303 5158 ut
1336 5105 1508 5172 ipsius
1537 5120 1751 5172 quoque
1789 5105 2150 5160 familiarissi-

584 5209 709 5248 mus
739 5194 790 5248 in
819 5209 943 5248 eum
999 5194 1366 5257 inveheretur,
1421 5194 1669 5260 quamvis
1713 5195 1780 5248 ab
1820 5210 1884 5248 eo
1921 5197 2150 5251 summis

585 5284 859 5340 beneﬁciis
911 5274 1159 5347 atrectus,
1190 5284 1588 5351 patriarchatus
1638 5286 1950 5356 dignitatem
1999 5303 2150 5342 acce-

585 5377 774 5445 pisset.
800 5374 901 5429 Sed
929 5376 1074 5429 hunc
1107 5374 1192 5426 ille
1221 5374 1398 5424 viv'um
1426 5374 1638 5441 quidem
1666 5378 1888 5430 mit-ilice
1922 5378 2146 5442 colebat,

588 5479 858 5533 suumque
879 5466 1036 5533 quasi
1092 5464 1212 5517 vitae
1263 5462 1542 5531 prmsidem
1578 5467 1829 5520 omnibus
1869 5468 2150 5535 praeconiis

588 5556 846 5610 eﬂ‘erebat
878 5570 889 5605 :
927 5564 1203 5624 perempto
1254 5569 1374 5608 vero
1430 5556 1755 5625 palinodiam
1808 5559 2036 5625 cecinit,
2089 5573 2151 5610 ac

591 5646 736 5699 velut
766 5645 1156 5701 exsecrandum
1183 5646 1450 5707 quoddam
1483 5648 1751 5709 piaculum
1787 5651 2007 5717 dignum
2057 5649 2148 5704 tali

2252 4480 2386 4533 τιον,
2412 4470 2487 4533 ὡς
2512 4470 2584 4540 μὴ
2617 4468 2816 4533 ἐξεῖναι
2844 4470 2990 4538 αὐτῷ
3019 4469 3332 4524 παντάπασι
3365 4467 3464 4537 τὴν
3497 4468 3645 4538 ίεράν
3667 4468 3783 4520 ἀνα-

2257 4559 2439 4631 φέρειν
2504 4561 2863 4630 λειτουργίαν,
2931 4560 3055 4630 μήτ’
3114 4559 3205 4613 οὖν
3264 4561 3486 4613 εἰσιέναι
3514 4560 3630 4612 τινὰ
3668 4558 3785 4626 πρὸς

2256 4652 2437 4717 αὑτὸν,
2488 4651 2611 4720 μήτ’
2674 4651 2872 4715 ἐξιέναι
2929 4651 3343 4721 συγχωρεῖσθαι.
3409 4650 3530 4703 Ἐπὶ
3572 4651 3702 4720 τρεῖς
3736 4647 3784 4698 δὲ

2260 4741 2433 4812 μῆνας
2492 4743 2524 4811 ἡ
2578 4742 2797 4809 τοιαύτη
2843 4742 2968 4812 περὶ
3015 4742 3174 4795 αὑτὸν
3220 4739 3536 4810 ἐστερεοῦτοΔ
3575 4740 3781 4806 φυλακὴ,

2257 4833 2350 4885 καὶ
2379 4832 2548 4896 οὕτως
2578 4835 2608 4902 ὴ
2641 4831 2735 4884 τοῦ
2767 4832 3037 4902 ὀνείρατος
3054 4831 3285 4899 ἔφθασεν
3306 4831 3594 4897 ἀπόφασις.
3631 4828 3783 4878 Ἐπειο

2258 4924 2469 4996 γομένῳ
2504 4925 2611 4991 γὰρ
2635 4923 2774 4975 κατὰ
2809 4923 2907 4991 τῆς
2937 4922 3160 4991 Κρήτης
3181 4920 3256 4990 τῷ
3283 4920 3503 4990 Μιχαὴλ
3531 4918 3621 4972 καὶ
3644 4914 3780 4978 αύτὺς

2257 5016 2285 5068 6
2310 5016 2516 5086 Βάρδας
2548 5015 2671 5082 ἄχρι
2703 5012 2810 5067 τῶν
2836 5013 3140 5084 λεγομένων
3171 5013 3378 5081 Κήπων
3410 5007 3778 5080 συστρατεύων,

2258 5108 2374 5158 ἐκεῖ
2405 5105 2471 5172 δὴ
2518 5104 2615 5172 τὴν
2649 5103 2882 5174 ἐσχάτην
2916 5103 3058 5156 ἔτισε
3087 5103 3263 5171 δίκην.
3300 5100 3575 5170 Πρόφασιν
3603 5099 3698 5167 γὰρ
3717 5093 3781 5157 ὡς

2258 5194 2676 5248 ἐπιϐουλεύοντα
2721 5195 2798 5266 τῷ
2852 5193 3058 5264 βασιλεῖ
3116 5193 3149 5262 ή
3188 5191 3445 5260 θεήλατος
3489 5190 3643 5246 αὐτὸν
3672 5202 3781 5258 μετ·

2257 5286 2415 5354 ἦλθεν
2440 5283 2595 5352 ὀργὴ,
2628 5284 2731 5336 καὶ
2766 5285 2942 5355 ξίφεσι
2976 5283 3204 5354 μεληδὸν
3250 5282 3451 5344 ἀθλίως
3473 5276 3781 5335 κατακοπτό-

2261 5392 2440 5443 μενος,
2471 5375 2609 5430 οΰτω
2651 5378 2903 5439 δυσκλεὲς
2954 5377 3105 5438 τέλος
3146 5375 3516 5444 ἀπηνέγκατο,
3542 5373 3670 5426 ὥστε
3700 5368 3779 5420 καὶ

2259 5470 2348 5520 ὑπ’
2401 5467 2562 5521 αὑτοῦ
2625 5469 3031 5538 στηλιτευθῆναι
3065 5468 3156 5519 τοῦ
3199 5465 3474 5534 φιλτάτου.
3515 5465 3572 5518 '0
3602 5461 3696 5532 γὰρ
3723 5463 3780 5511 τι

2262 5560 2469 5630 μεγάλα
2520 5559 2916 5631 εὐεργετηθεὶς,
2973 5561 3062 5613 καὶ
3109 5559 3207 5630 τὴν
3252 5553 3652 5629 ’πατριαρχικὴν
3702 5552 3777 5603 ὑπ’

2259 5652 2460 5706 ἐκείνου
2512 5653 2674 5725 τιμὴν
2731 5651 3049 5720 κληρωθεὶς,
3102 5650 3278 5716 ζῶντα
3335 5649 3438 5720 μὲν
3484 5644 3773 5719 ύπερετὲμαι
