3934 6316
178 303 286 365 537

1178 328 1181 333 '
1242 314 1416 374 VITA
1455 316 1516 378 S.
1560 317 1852 385 IGNATII
1881 321 1987 381 (ΣΡ.
2022 319 2374 382 ARCIIIEP.

3306 332 3414 399 538

177 410 275 502 καὶ
304 412 614 483 προστάτην
645 407 756 484 εἶχε
788 413 882 467 τοῦ
930 415 1067 486 βίον,
1111 420 1387 484 παντοίαις
1436 423 1732 493 εὐφημίαις

1866 434 2009 479 norte
2034 426 2335 481 dictitabat.
2369 425 2476 482 lloc
2497 427 2709 499 ingenio
2737 430 3016 502 improbus
3037 434 3125 489 ille
3150 444 3417 497 veterator

174 501 591 571 ὑπερεπαινῶν·
647 504 967 559 ἀποθανόντι
1021 508 1079 559 δὲ
1122 506 1450 578 παλινῳδίας
1497 509 1611 585 ᾖδε,
1645 516 1739 567 καὶ

1871 515 2143 584 tsophista
2161 514 2281 581 fuit,
2305 524 2362 569 ut
2385 530 2595 586 semper
2614 518 2729 573 foro
2743 531 2796 575 et
2812 501 3065 592 tempori,
3084 525 3419 595 principum-

170 591 255 656 ὡς
284 592 562 666 ἀλιτήριον
588 595 775 648 τοῦτον
822 596 916 649 καὶ
957 600 1407 669 τρισκατάρατον,
1450 602 1599 666 ἀξιον
1629 621 1742 658 τοι-

170 682 351 752 αύτης
377 687 696 757 ἀπεφήνατο
719 688 996 758 τελευτῆς.
1016 690 1267 753 Τοιοῦτος
1290 693 1315 742 ὁ
1344 692 1512 755 δεινὸς
1538 693 1743 759 ἐκεῖνος

172 770 247 843 ἦν
283 777 564 847 σοφιστὴς,
591 779 678 833 ἀεὶ
710 780 845 851 πρὸς
876 781 1003 842 τοὺς
1025 781 1251 852 καιροὺς
1280 784 1744 854 μεταϐαλλόμενος

173 869 275 920 καί
307 870 379 923 τὰ
406 872 721 942 πράγματα,
775 874 866 925 καὶ
912 875 1024 935 τοῖς
1063 873 1169 926 τῶν
1214 878 1558 944 κρατούντων
1606 894 1744 947 συμ-

175 959 579 1027 περιαγόμενος
609 960 732 1031 θελή
743 978 926 1030 μασιν.
963 962 1020 1015 ⁸0
1044 963 1151 1034 γὰρ
1177 964 1277 1032 τῆς
1304 964 1594 1036 θεαρχικῆς
1628 966 1744 1036 βου-

174 1046 280 1115 λῆς
315 1051 409 1101 καὶ
439 1052 610 1121 ῥοπῆς
633 1052 697 1105 δι’
732 1053 965 1122 ἔλλειψιν
998 1054 1231 1118 πίστεως
1275 1055 1612 1125 διαμαρτὼν,
1648 1060 1743 1113 καὶ

173 1143 291 1204 τοῖς
318 1142 625 1211 ἀνθρώποις
679 1145 1017 1215 ἑπηλπικὼς,
1071 1148 1258 1218 ἐπειδὴ
1297 1146 1481 1219 σαθρῷ
1507 1149 1741 1222 θεμελίῳ

1850 621 1952 674 que
1989 605 2186 658 studiis
2211 604 2625 674 obscqueielur.
2670 608 2771 685 Qui
2799 613 2941 665 enim
2975 614 3179 669 cmlesti
3221 616 3418 685 spiritu
3512 639 3519 646 ·

1848 697 2145 765 ductuque,
2172 698 2272 752 [ide
2303 700 2615 761 destitutus.
2649 716 2753 756 non
2801 704 3000 773 agitur,
3038 717 3089 761 et
3118 722 3244 774 spes
3286 704 3417 765 suas

1844 787 2248 844 in-mortalibus
2278 791 2409 844 sitas
2439 791 2616 857 habet,
2641 806 2762 846 cum
2786 793 2983 849 vitioso
3004 798 3257 867 putrique
3288 798 3418 853 fun-

1846 876 2104 935 damento
2136 891 2315 937 mente
2346 883 2572 949 nitatur,
2600 885 2810 940 tandem
2836 886 3148 942 inconstans
3168 897 3221 943 et
3257 892 3417 958 perti-

1844 972 1945 1025 dus
1976 970 2029 1024 in
2063 986 2254 1027 omnes
2303 972 2766 1043 deprehenditur:
2800 977 3103 1044 potentium
3148 978 3415 1048 palpatur,

1842 1067 2208 1124 Calumniator
2243 1085 2370 1125 vero
2400 1086 2733 1141 pauperum;
2780 1073 2873 1141 qui
2906 1074 2956 1127 id
2996 1089 3164 1128 unum
3213 1076 3417 1141 studet,

1843 1171 1901 1214 ut
1925 1161 2133 1229 placeat
2164 1164 2493 1232 potentibus,
2524 1178 2590 1218 ne
2619 1164 2879 1234 dignitate
2907 1166 3193 1234 spolietur.

177 1236 273 1287 τὸν
301 1235 426 1337 νοῦν
454 1238 809 1337 ἐπερείδεται,
861 1240 1097 1304 ἄπιστός
1137 1242 1379 1337 τε-πρδς
1421 1243 1648 1337 πᾷνταςᾲ
1689 1250 1783 1337 καὶ
1851 1254 2105 1321 ὰσέὃαιος
2155 1260 2466 1331 ιλὲγχεται·
2538 1262 2858 1332 ὑψουμένοις
2928 1266 3028 1333 μὲν
3086 1267 3416 1337 συνήγορος.

178 1328 562 1425 κξῆγοφςξὶ
588 1330 869 1425 γινόμενος
897 1334 1369 1403 ταπεινουμένοις’
1417 1334 1511 1386 καὶ
1557 1335 1692 1406 πρὸς
1722 1336 1779 1392 ἓν
1820 1344 1978 1412 μόνον
2017 1348 2155 1417 ὁρῶν
2181 1328 2375 1418 ἀρέσαι
2426 1353 2538 1414 τοῖς
2587 1328 2850 1416 δυνατοῖς,
2887 1328 2980 1405 τοῦ
3024 1355 3100 1425 μὴ
3294 1328 3422 1408 ’κατ’

182 1418 359 1472 αὑτὸν
389 1419 563 1490 ἀρχῆς
591 1421 864 1476 ἐκπεσεῖν.
1045 1495 1051 1502 ἰ

254 1513 391 1566 Τότε
444 1516 542 1585 μὲν
570 1513 663 1568 οἷον
716 1517 745 1568 ό
794 1516 1149 1588 αὐτοκράτωρ
1183 1522 1463 1591 παρευθὺς
1486 1523 1631 1593 πρὸς
1650 1523 1749 1595 τὴν

183 1604 578 1673 βασιλεύουσαν
606 1607 932 1663 παλινοστεῖ.
968 1610 1315 1682 Πεντήκοστὴ
1352 1614 1395 1667 δ’
1425 1616 1513 1684 ἄρ’
1538 1607 1627 1686 ἦν,
1656 1617 1749 1668 καὶ

1918 1524 2216 1597 imperator
2260 1537 2373 1585 tum
2425 1542 2645 1601 repente
2696 1548 2962 1615 converso
3017 1534 3211 1589 itinere
3275 1535 3420 1591 Con-

1850 1620 2256 1690 stantinopolim
2312 1624 2523 1691 repetit.
2558 1616 2703 1678 Erat
2742 1635 2922 1678 autem
2972 1624 3317 1690 Pentecoste,
3367 1634 3421 1679 et

182 1694 468 1747 Βασίλειον
539 1697 824 1773 πατρίκιον
892 1700 1020 1755 ὄντα
1071 1702 1166 1753 καὶ
1231 1694 1743 1775 πάρακοιμὼμενον,

1866 1708 2114 1765 Basilium
2141 1713 2426 1781 patricium
2451 1714 2685 1768 cubiculi
2708 1716 2846 1769 sacri
2877 1716 3213 1784 praefectum,
3235 1716 3420 1771 Caesa-

182 1784 456 1852 στέμματι
478 1790 919 1858 κατακοσμήσας,
952 1792 1525 1863 ἀναγορεύειβασιλέα.
1564 1796 1624 1849 '0
1656 1814 1751 1849 πο-

184 1876 295 1945 λύφ
303 1894 412 1946 ρων
438 1878 493 1930 δὲ
512 1877 710 1942 Φώτιος
728 1880 1020 1950 πάμπολλα
1037 1884 1174 1937 κατὰ
1202 1885 1468 1951 Νικολάου
1481 1886 1575 1940 τοῦ
1598 1889 1755 1943 πάπα

187 1973 644 2041 μηχανορραφῶν,
699 1974 886 2045 ἐπειδὴ
915 1975 1065 2028 οὐδὲν
1096 1974 1237 2047 εἶχεν
1275 1978 1401 2031 ἀλλο
1450 1978 1582 2049 δρᾷν
1630 1979 1753 2033 κατ’

187 2062 381 2128 αὑτοῦ,
416 2063 589 2118 πείθει
618 2063 837 2128 πολλαῖς
869 2066 1223 2136 παραιιέσεσι
1259 2068 1349 2122 τὸν
1388 2068 1609 2137 βασιλέα
1636 2088 1757 2123 συν-

182 2152 420 2217 αινέσαι,
457 2153 673 2206 σύνοδον
699 2156 1087 2226 συγκροτῆσαι,
1106 2157 1197 2209 καὶ
1217 2157 1402 2211 τοῦτον
1425 2159 1757 2230 καθαιρῆσαι

184 2244 285 2295 καὶ
321 2245 435 2307 τοῖς
467 2243 613 2315 αὐτῷ
640 2240 988 2311 κοινωνοῦσιν
1027 2246 1329 2317 ἀφορισμδν
1361 2248 1758 2317 ἀντισηκοῡντα

184 2336 265 2403 τῷ
328 2337 459 2405 παρ’
510 2336 721 2390 ἐκείνου
752 2336 940 2407 πρώην
986 2338 1293 2409 πεμφθέντι
1324 2340 1756 2411 διαπέμψασθαι.

185 2426 518 2495 Συναγαγὼν
544 2427 634 2480 οὖν
668 2428 872 2492 πάντας
906 2430 1029 2493 τοὺς
1088 2430 1178 2483 ὑπ’
1228 2431 1388 2484 αὐτὸν
1430 2433 1759 2495 ἐπισκόπους

183 2522 213 2572 ὁ
243 2519 526 2586 γεννάδας,
574 2520 668 2573 καί
706 2533 875 2583 ’τινας
938 2523 1166 2592 μιαροὺς
1209 2522 1619 2593 ἀνθρωπίσκους
1666 2524 1760 2576 καὶ

187 2612 438 2680 ἀσήμους
485 2612 549 2664 ὲκ
609 2611 716 2665 τῶν
748 2598 1079 2666 ἀνατολικῶν
1142 2613 1304 2683 δῆθεν
1348 2616 1752 2685 πατριαρχείων

185 2701 565 2773 τοποτηρήτὰς
594 2703 949 2774 ἑπαγόμενος,
990 2705 1084 2758 καὶ
1114 2704 1538 2775 ψευδοσύλλογον
1573 2706 1757 2759 ποιού-

192 2808 377 2858 μενος,
412 2791 757 2863 καθαίρεσιν,
798 2793 874 2855 ὡς
921 2793 1157 2863 ἐνόμιζε,
1191 2798 1283 2848 καὶ
1319 2786 1760 2865 ἀναθεματισμδν

188 2882 282 2935 ἐπ’
309 2882 482 2935 οὐδενὶ¹
507 2883 649 2953 λόγῳ
682 2880 916 2938 ποιεῖται
939 2884 1228 2940 Νικολάου.
1254 2886 1454 2956 Δώροις
1489 2888 1596 2957 γὰρ
1619 2886 1757 2955 λαμ-

192 2976 354 3043 προῖς
378 2974 457 3026 ὅτι
489 2973 718 3043 μάλιστα
740 2974 831 3029 τὸν
859 2976 1011 3046 ρἦα
1043 2976 1319 3045 Φραγγίας
1352 2977 1637 3046 Λοδόηχον,
1666 2977 1760 3029 καὶ

1856 1818 1966 1857 rem
2015 1804 2268 1873 imposito
2312 1813 2599 1860 stemmate
2652 1808 2943 1883 renuntiat.
3002 1805 3107 1860 Sed
3166 1816 3420 1860 versutus

1856 1896 2081 1951 Photius
2124 1895 2359 1966 plurima
2402 1898 2457 1950 in
2493 1896 2771 1961 Nicolaum
2826 1898 3133 1967 pontiﬁcem
3169 1896 3420 1961 moliens,

1856 2003 1977 2042 cum
2005 2002 2224 2056 operam
2254 1987 2493 2053 lusisset,
2526 1989 2838 2058 imperatori
2885 1990 3069 2044 multis
3114 1989 3293 2043 verbis
3338 1988 3425 2041 in.

1855 2074 2017 2127 citato
2039 2075 2096 2127 tit
2118 2083 2306 2128 auctor
2338 2075 2591 2143 COgendaa
2630 2075 2841 2145 synodi,
2866 2092 2970 2145 qua
3001 2076 3259 2130 Nicolaus
3288 2090 3425 2146 pon-

1856 2161 1988 2217 tifex
2036 2160 2244 2231 (eadem
2292 2165 2561 2218 sententia
2608 2166 2660 2218 in
2696 2166 2843 2219 illum
2881 2167 3008 2226 lata,
3044 2180 3205 2234 quam
3252 2180 3426 2234 nuper

1857 2253 1946 2307 ille
1978 2252 2030 2305 in
2064 2252 2311 2317 Photium
2347 2254 2561 2323 tulerat)
2612 2264 3015 2311 exauctoretur.
3052 2254 3257 2308 Evocat
3294 2268 3427 2324 ergo

1856 2344 2149 2413 praeclarus
2196 2343 2287 2398 ille
2341 2343 2567 2399 Photins
2594 2340 2881 2416 episcopos
2925 2361 3116 2401 omnes
3160 2347 3261 2400 sibi
3294 2345 3427 2398 sub-

1856 2437 2048 2506 iectos,
2108 2435 2352 2505 aliosque
2394 2437 2687 2492 nonnullos
2736 2437 2912 2493 foedos
2947 2445 3002 2491 et
3046 2434 3297 2491 sordidos
3326 2435 3426 2488 ho-

1860 2527 2206 2591 munciones,
2242 2527 2397 2597 quasi
2456 2528 2887 2596 patriarcharum
2935 2527 3164 2582 orientis
3195 2526 3426 2595 legatos,

1860 2620 2174 2690 pseudoque
2202 2618 2469 2689 synodum
2515 2618 2773 2684 instituit,
2804 2628 2858 2673 et
2905 2616 3426 2685 exauctorationem,

1861 2720 1921 2764 ut
1944 2711 2187 2779 putabat,
2210 2717 2374 2779 atque
2404 2709 2692 2762 anathema
2733 2710 2936 2764 nullam
2969 2708 3040 2762 ob
3070 2707 3338 2761 rationem
3371 2706 3430 2759 in

1859 2800 2141 2855 Nicolaum
2177 2815 2370 2869 papam
2407 2800 2723 2868 pronuntiat
2757 2815 2974 2868 :regem
3016 2800 3236 2868 quoque
3255 2796 3431 2851 Fran-

1860 2895 1957 2950 ciae
1978 2894 2313 2948 Lodocchum
2336 2892 2450 2964 (seu
2472 2890 2827 2962 Ludovicum)
2850 2901 2902 2946 et
2921 2891 3275 2959 lugclbertam
3296 2889 3433 2958 regi-

1864 2996 1985 3035 nam
2003 2980 2285 3049 coujugem
2314 2980 2593 3045 sollicitat,
2606 2989 2658 3034 et
2676 2981 3026 3051 imperatores
3042 2977 3433 3034 Constantinu-

203 3063 570 3135 Ἦγγισέργαν
601 3064 659 3119 δὲ
695 3066 792 3137 τήν
833 3066 995 3119 αὐτοῦ
1031 3068 1274 3139 γαμετήν
1304 3069 1751 3137 ὑποποιούμενοξν

1866 3072 1961 3141 poli
1980 3082 2219 3127 creatum
2244 3072 2306 3125 iri
2330 3071 2631 3141 polli'Cetur,
2656 3073 2701 3127 si
2719 3086 2934 3142 operam
2956 3079 3216 3126 navarent
3236 3067 3301 3123 ad
3325 3069 3430 3122 im-

195 3155 436 3226 βασιλεῖς
466 3157 687 3221 τούτους
714 3159 1047 3229 ἀνευφημεϊν
1086 3161 1145 3212 ὲν
1192 3160 1756 3214 Κωνσταντινουπόλει

1866 3164 2003 3233 pium
2036 3179 2192 3217 suum
2225 3172 2477 3218 conatum
2500 3164 2929 3233 exsequendum,
2951 3172 3003 3217 et
3034 3162 3432 3231 virumjustum

90 3268 99 3271 -
192 3248 579 3318 ιπηγγέλλετο,
614 3250 727 3317 εῐγε
756 3252 1143 3321 συνεργήσαιεν
1176 3251 1323 3322 αὑτῷ
1348 3251 1482 3322 πρὸς
1504 3251 1603 3322 τήν
1632 3252 1759 3305 ἀτο-

194 3355 300 3392 πον
322 3340 523 3408 ταύτην
549 3342 643 3392 καὶ
674 3340 909 3410 ἄθεσμον
948 3341 1265 3411 ἐπιθυμίαν,
1300 3344 1393 3397 καὶ
1422 3343 1511 3396 τὸν
1558 3343 1763 3396 δίκαιον

194 3432 367 3503 ἄνδρα
385 3432 481 3501 τῆς
504 3432 625 3487 κατ’
649 3433 811 3487 αὐτὸν
849 3433 1170 3503 Ἐκκλησίας
1202 3433 1389 3503 βιαίως
1414 3434 1760 3503 ὲξωθήσαιεν.

196 3525 418 3577 Τούτων
467 3524 524 3577 δὲ
576 3524 1022 3595 ὑπισχνουμένων
1062 3524 1220 3593 λόγου
1254 3524 1463 3591 θᾶττον,
1506 3526 1712 3594 ἀλόγως
1736 3526 1765 3577 ό

201 3618 429 3683 μάταιος
466 3617 642 3685 μάτην
703 3616 1057 3685 ἀπεφαίνετο.
1111 3616 1390 3669 Ἐντεῦθεν
1453 3618 1766 3687 ὑπογραφαὶ

198 3709 298 3762 καὶ
338 3707 515 3776 φωναὶ
549 3708 848 3761 κανονικῶν
888 3726 948 3762 τε
988 3707 1297 3780 προσώπων
1327 3708 1422 3761 καὶ
1450 3708 1762 3771 πολιτικῶν,

200 3799 613 3871 μητροπολιτῶν
636 3800 730 3853 κα)⁸
777 3800 1081 3872 πατρικίων
1104 3816 1119 3833 ο
1169 3802 1345 3855 πάντα
1382 3800 1561 3866 καινὰ,
1592 3800 1767 3853 πάντα

197 3892 309 3945 τῶν
342 3893 433 3945 tu!
467 3894 668 3963 σκηνῆς
690 3891 1099 3963 θρυλλουμένων
1124 3892 1451 3962 ματαιότερα
1484 3892 1578 3944 καὶ
1599 3908 1768 3944 κατα-

199 3985 564 4054 γελαστότερα
585 4002 598 4016 ·
625 3986 657 4056 ή
683 3986 790 4056 γὰρ
812 3986 875 4038 ὲκ
892 3986 1079 4048 παιδὸς
1102 3976 1248 4055 αὐτῷ
1287 3984 1640 4054 παρεπομένη
1669 3985 1767 4051 τῆς

200 4075 381 4146 ψυχῆς
407 4062 604 4146 οἴησις,
642 4077 719 4137 είς
745 4076 1125 4147 ὑπερηφανίαν
1142 4094 1201 4128 τε
1218 4077 1405 4129 τοῦτον
1427 4077 1657 4145 ἐσχάτην
1680 4076 1771 4127 καὶ

200 4166 461 4219 ἀπόνοιαν
479 4166 871 4236 μετεωρίσασα,
898 4166 1067 4229 ἀδεῶς
1090 4184 1147 4219 τε
1165 4167 1257 4219 καὶ
1275 4166 1501 4228 ἀναιδῶς
1519 4164 1771 4218 ἀνέπειθε

200 4258 269 4310 τά
294 4254 513 4309 τοιαῦτα
529 4256 752 4326 τολμᾷν.
772 4256 827 4310 '0
855 4257 952 4326 μὲν
978 4252 1069 4310 οὖν
1094 4256 1263 4310 ταῦτα
1284 4257 1772 4326 κατασκευασάμε-

203 4364 315 4413 νος,
337 4347 423 4400 διὰ
446 4346 628 4418 χειρὸς
683 4348 951 4418 Ζαχαρίου
995 4348 1089 4401 τοῦ
1140 4348 1375 4417 Κωφοῦ,
1407 4348 1463 4412 ὃς
1495 4348 1583 4400 ὑπ’
1608 4349 1772 4401 αὑτοῦ

1859 3272 1924 3310 ex
1955 3255 2179 3310 ecclesia
2214 3270 2308 3309 sua
2328 3255 2670 3324 exigendum.
2705 3254 2775 3310 lis
2806 3270 2938 3309 vero
2970 3253 3114 3308 dicto
3132 3253 3293 3307 citius
3316 3252 3435 3321 pol-

1863 3346 2168 3410 licentibus,
2210 3345 2409 3399 frustra
2462 3345 2661 3399 stultus
2721 3359 2876 3399 suam
2920 3342 3206 3397 stultitiam
3246 3350 3436 3395 osten-

1863 3437 2028 3490 tabat.
2068 3434 2205 3489 llinc
2230 3433 2679 3502 subscriptiones,
2706 3441 2759 3487 et
2786 3440 2909 3486 vola
2943 3430 3224 3485 hominum
3254 3443 3437 3483 sacro-

1864 3541 1981 3580 rum
2003 3534 2057 3580 et
2084 3524 2461 3595 profanorum,
2508 3523 3039 3593 archiepiscoporum
3078 3528 3132 3574 et
3177 3518 3437 3589 patricio-

1866 3633 1986 3672 rum
2035 3634 2050 3671 :
2098 3631 2235 3670 vana
2281 3614 2463 3669 omnia
2496 3652 2512 3677 ,
2568 3614 2753 3668 Omnia
2815 3610 3172 3667 theatralibus
3238 3608 3437 3663 fabulis

1867 3708 2151 3779 ineptiora.
2177 3706 2309 3759 Nam
2341 3721 2460 3776 qua:
2486 3704 2557 3759 illi
2584 3720 2613 3757 a
2645 3718 2813 3774 puero
2836 3702 3139 3756 adhaeserat
3170 3713 3438 3767 arrogans

1866 3800 1952 3856 sui
1991 3797 2346 3858 existimatio,
2373 3796 2560 3850 eadem
2610 3795 2675 3848 ad
2711 3808 2979 3849 summam
3010 3791 3161 3846 illum
3193 3790 3440 3844 insolen-

1868 3893 1996 3947 tiam
2020 3898 2427 3955 extremamque
2474 3885 2796 3940 dementiam
2835 3892 3077 3939 evectum
3112 3881 3437 3943 adducebat,

1869 3990 1927 4035 ut
1958 3979 2086 4033 talia
2120 3989 2229 4031 tam
2285 3976 2546 4030 audenter
2576 3984 2628 4027 et
2663 3973 3001 4041 impudenter
3046 3970 3291 4025 auderet.
3346 3967 3442 4023 llis

1870 4072 1960 4126 ille
1984 4069 2236 4124 omnibus
2265 4065 2587 4136 procuratis,
2619 4065 2810 4117 insana
2840 4072 2893 4117 et
2938 4061 3198 4129 sacrilega
3226 4058 3435 4129 (concio

1872 4163 2058 4217 liabuli
2092 4159 2200 4230 sui)
2237 4168 2356 4213 acta
2391 4173 2482 4226 per
2509 4155 2826 4209 Zachariam
2864 4154 3110 4224 Cophum
3139 4166 3166 4204 a
3196 4166 3254 4206 se
3270 4150 3437 4205 Chal—

1875 4254 2237 4309 cedonensem
2266 4249 2662 4318 metropolitam
2708 4257 2950 4302 creatum
2976 4283 2991 4309 ,
3020 4254 3073 4298 et
3096 4243 3443 4297 Theodorum

1877 4346 2195 4400 translatum
2237 4359 2266 4396 a
2315 4342 2473 4395 Caria
2507 4340 2572 4394 ad
2598 4339 2984 4408 Lapdicensem
3036 4334 3442 4403 episcopatum.

201 4440 301 4509 τῆς
317 4438 663 4508 Χαλκηδόνος
683 4435 1083 4511 κεχειροτόνητο
1107 4458 1210 4511 μητ
1222 4440 1521 4510 ροπολίτης,
1542 4442 1631 4491 καὶ
1646 4439 1762 4491 Θεα

1880 4439 1933 4492 in
1983 4436 2186 4491 Italiam
2246 4434 2566 4511 transmisit.
2621 4430 2741 4507 ipse
2798 4446 2927 4483 vero
2986 4427 3207 4481 insitum
3254 4437 3443 4479 contra

203 4530 375 4603 δώρου
406 4530 498 4581 τοῦ
527 4531 632 4583 ἀπὸ
660 4531 871 4598 Καρίας
914 4534 993 4594 εἰς
1027 4532 1341 4585 Λαοδίκειαν
1368 4532 1771 4601 μετατεθέντος,

205 4622 303 4683 τάς
332 4620 674 4689 παραλόγους
691 4620 854 4675 αὑτοῦ
879 4623 973 4674 καὶ
990 4624 1201 4691 ἐναγεῖς
1225 4623 1449 4692 πράξεις
1480 4624 1616 4693 πρὸς
1640 4624 1778 4677 Ἰτα-

205 4711 324 4763 λίαν
364 4710 768 4775 ἐξαπέστειλεν.
817 4713 985 4775 Αὐτὸς
1015 4712 1070 4765 δὲ
1108 4713 1204 4783 τῆς
1241 4713 1481 4783 ἐμφύτου
1514 4714 1653 4766 κατά
1683 4712 1775 4766 τοῦ

206 4801 361 4870 ἁγίου
408 4802 624 4872 μήνιδος
653 4805 847 4872 εἴχετο,
893 4804 986 4857 καὶ
1020 4803 1127 4855 τῶν
1159 4804 1396 4874 γνησίων
1421 4804 1584 4857 αὑτοῦ
1614 4803 1774 4873 θερα-

209 4895 448 4958 πευτῶν,
482 4895 683 4964 μᾶλλον
726 4895 783 4946 δὲ
815 4894 1005 4965 νόθων,
1043 4895 1199 4957 ὅσους
1223 4894 1471 4963 ἠδύνατο,
1498 4894 1772 4959 κλέπτων,

210 4988 301 5038 καὶ
331 4987 456 5046 ταῖς
508 4984 832 5055 ματαιότησι
876 4984 984 5037 τῶν
1026 4985 1351 5054 ἀξιωμάτων
1396 4984 1681 5047 δελεάζων,
1709 4984 1775 5035 δι’

210 5078 385 5131 αὐτῶν
410 5076 510 5146 τὴν
543 5076 775 5145 πτέρναν
802 5076 894 5129 τοῦ
910 5076 1147 5130 ἀναιτίου
1171 5077 1423 5145 ἐπετήρει
1447 5094 1461 5106 ι
1494 5074 1778 5145 ἡμάρτανε

211 5175 267 5229 δὲ
287 5175 398 5229 τῶν
428 5174 693 5227 ἐλπίδων·
725 5174 904 5245 πάσης
936 5176 1045 5245 γὰρ
1083 5173 1411 5244 ὑψηλότερος
1445 5174 1778 5243 κατηγορίας

215 5265 243 5317 ὁ
270 5263 541 5334 μακάριος
564 5259 632 5335 ἦν
656 5281 670 5294 ·
702 5266 761 5318 ιν
805 5267 919 5328 τοῖς
955 5264 1137 5336 ἔργοις
1164 5265 1221 5317 δὲ
1249 5264 1357 5317 τῶν
1389 5264 1587 5334 χειρῶν
1617 5264 1778 5318 αὐτοῦ

215 5357 540 5427 κακουργῶν
592 5358 1053 5428 συνελαμϐάνετο.-
1095 5357 1326 5425 Ἀγνοῶν
1354 5357 1409 5410 δὲ
1445 5356 1661 5425 ἀληθῶς
1695 5360 1776 5420 εἰς

217 5447 333 5500 τίνα
358 5448 422 5501 τὸ
455 5447 652 5517 κράτος
683 5449 777 5516 τῆς
811 5448 1087 5517 βασιλείας
1124 5449 1492 5517 περιίσταται,
1528 5448 1655 5501 ποτὲ
1686 5448 1780 5518 μὲν

220 5541 352 5609 πρὸς
379 5541 469 5591 τὸν
496 5538 720 5609 Μιχαὴλ
745 5539 986 5593 διέϐαλλε
1018 5538 1315 5603 Βασίλειον,
1342 5539 1494 5601 αὖθις
1522 5538 1577 5591 δὲ
1596 5538 1782 5590 τοῦτον

222 5629 351 5699 πρὸς
382 5632 609 5696 ἐκεῖνον,
644 5632 865 5699 ἀμφοῖν,
896 5631 968 5696 ὡς
996 5632 1228 5703 ἐνόμιζε,
1265 5626 1447 5699 φιλίαν
1476 5647 1781 5699 καταπρατ-

216 5720 465 5791 τόμενος,
512 5722 539 5776 ό
600 5721 924 5793 ἀμφοτέρων
972 5723 1066 5795 τήν
1108 5722 1289 5794 φιλίαν
1329 5721 1427 5773 οὐκ
1472 5720 1780 5791 ἐνάληῡεία

1876 4539 2123 4586 sanctum
2163 4528 2337 4581 virum
2370 4505 2553 4581 odium
2590 4524 2799 4585 alebat,
2839 4537 2900 4576 ac
2930 4528 3199 4590 quotquot
3230 4534 3294 4572 cx
3326 4517 3445 4587 ejus

1875 4621 2171 4690 germanis,
2228 4625 2318 4671 aut
2376 4615 2578 4684 spuriis
2612 4615 2791 4681 potius
2817 4612 3177 4679 sectatoribus
3214 4618 3446 4680 poterat,

1874 4711 2059 4765 furtim
2092 4712 2156 4763 ad
2189 4725 2247 4764 se
2282 4708 2548 4770 trahebat,
2580 4705 3046 4774 dignitatibusque
3076 4703 3308 4757 vesaniae
3337 4717 3449 4755 suae

1876 4803 2148 4862 illiciebat,
2183 4816 2276 4867 per
2301 4815 2437 4869 quos
2466 4796 2770 4852 innocentis
2826 4795 3086 4849 caleaneo
3151 4792 3447 4847 insidiaba-

1878 4903 1984 4948 tur.
2029 4892 2133 4945 Sed
2163 4877 2307 4945 enim
2358 4904 2450 4958 spe
2510 4888 2900 4949 frustrabatur,
2938 4887 3083 4955 quod
3141 4886 3330 4938 beatus
3363 4883 3448 4935 illc

1873 4988 1985 5055 jam
2016 4974 2161 5038 extra
2213 4997 2425 5036 omnem
2459 4989 2599 5033 esset
2623 4979 2793 5032 aleam
2818 4978 3219 5031 calumniarum
3254 4993 3265 5026 :
3296 4972 3443 5025 Plio.

1880 5080 1986 5133 tius
2014 5085 2190 5129 autem
2227 5074 2278 5125 in
2313 5071 2569 5141 operibus
2598 5086 2854 5123 manuum
2889 5084 3109 5123 suarum
3145 5065 3447 5131 malignaus
3510 5104 3519 5117 .

1879 5167 2212 5235 capiebatur.
2253 5162 2354 5228 Qui
2387 5177 2511 5215 cum
2534 5160 2731 5213 dubius
2761 5160 3007 5223 haereret,
3036 5157 3097 5207 ad
3131 5168 3291 5221 quem
3322 5162 3446 5204 tan-

1881 5259 2002 5311 dem
2028 5268 2238 5309 sutnma
2272 5250 2479 5319 imperii
2504 5258 2649 5303 esset
2680 5260 3017 5317 perventura,
3050 5242 3281 5295 subinde
3307 5241 3444 5310 apud

1885 5345 2198 5401 Michaelem
2271 5341 2526 5409 carpebat
2578 5336 2861 5399 Basilium,
2921 5348 2974 5387 et
3009 5331 3247 5385 vicissim
3304 5331 3445 5395 apud

1883 5439 2145 5492 Basilium
2204 5432 2543 5487 obtrectabat
2575 5429 2841 5489 Michaeli,
2881 5433 3035 5479 rntus
3069 5420 3352 5475 amborum
3387 5436 3447 5473 se

1886 5532 1957 5583 ita
1983 5525 2279 5581 amicitiam
2318 5522 2418 5576 sibi
2451 5514 3052 5588 comparaturum,dum
3082 5526 3205 5581 erga
3230 5520 3445 5563 utrum-

1883 5636 1989 5691 que
2022 5616 2447 5673 hencvolentimn
2485 5611 2801 5672 simularet,
2854 5616 2909 5658 ut
2940 5598 3083 5657 'uter
3132 5601 3347 5655 tandem
3381 5618 3445 5655 ex

1885 5716 1988 5772 illis
2026 5711 2172 5770 solus
2205 5706 2487 5777 imperium
2518 5704 2801 5765 obtineret,
2832 5699 2982 5753 illum
3013 5698 3114 5753 sibi
3147 5694 3447 5749 devinctis-
