3934 6316
193 486 291 552 541

194 688 515 759 οριζόμενον
540 688 676 741 κατὰ
705 689 802 756 τὴν
828 687 1094 756 τετάρτην
1139 686 1334 756 πρᾶξιν
1368 687 1633 739 είκόνισεν
1663 688 1757 739 αύ-

192 781 305 845 τὺν,
350 781 447 833 καὶ
489 779 799 844 πλεονεξῖαν
836 779 929 832 τοῦ
963 779 1136 847 μάγου
1167 779 1409 847 Σίμωνος
1454 778 1755 849 ἐπέγραψε.

194 873 352 926 Κατὰ
387 872 484 941 τὴν
515 873 686 943 ἀρχὴν
710 874 765 926 δὲ
792 875 888 941 τῆς
922 873 1174 941 πέμπτης
1200 872 1412 933 κλοιοὺς
1448 872 1607 924 αὐτὸν
1633 889 1759 940 σχη-

198 962 413 1028 ματίζει
440 962 836 1032 περικείμενον,
855 963 1001 1029 καὶὴ
1028 961 1260 1034 λοιδορία
1278 978 1292 993 ο
1318 980 1347 1012 ιε
1385 961 1443 1015 '0
1462 961 1757 1032 ὑπεραιρό-

196 1068 357 1120 μενος
388 1052 480 1104 ἐπὶ
508 1053 683 1105 πάντα
696 1052 826 1104 Θεὸν
853 1048 943 1104 καὶ
964 1051 1226 1121 σέϐασμα.
1253 1068 1271 1102 ι
1304 1050 1462 1105 Κατὰ
1479 1049 1575 1120 τὴν
1592 1051 1757 1118 ἕκτην

194 1140 249 1194 δδ
278 1143 362 1203 είς
399 1142 696 1211 καταδίκην
746 1142 906 1196 αὑτὸν
938 1142 1336 1211 ἐμϐαλλόμενον
1368 1144 1651 1195 είκόνισεν.
1691 1140 1757 1192 Ἡ

192 1231 247 1283 δὲ
284 1234 406 1285 κατ’
429 1232 593 1285 αὑτοῦ
617 1232 909 1302 ἁργολογία
946 1231 1044 1305 [αι.
1072 1222 1357 1303 ἀπολογία]
1381 1247 1391 1258 ·
1415 1250 1434 1284 ι
1472 1231 1757 1299 Βδέλυγμα

189 1323 290 1391 τῆς
322 1322 671 1393 ἐρημώσεως.
704 1342 721 1376 ι
752 1321 907 1377 Κατὰ
950 1322 1047 1393 τὴν
1084 1323 1316 1394 ἑϐδόμην
1357 1323 1414 1375 δὲ
1444 1323 1538 1376 καὶ
1567 1322 1755 1375 τελευ-

192 1412 352 1466 ταίαν
393 1414 609 1483 πρᾶξιν,
646 1402 941 1483 συρόμενόν
970 1412 1131 1466 αὑτὸν
1161 1412 1256 1467 καὶ
1277 1410 1758 1483 παρατομούμενον

152 1572 165 1583 ι
192 1502 635 1571 διεζωγράφησεο
683 1503 834 1573 καὶὴ
863 1502 1141 1573 ἐπιγραφὴ
1177 1500 1365 1564 αὐτοῦ,
1399 1502 1464 1571 ῆν
1498 1500 1755 1571 ἔγραψεν,

191 1587 291 1662 ἦν·
330 1612 349 1645 ι
395 1595 773 1665 ⁹Ανιιίχριστος.
806 1613 825 1646 ι
852 1594 1035 1649 Ταῦτα
1062 1595 1171 1660 ιγὼ
1196 1593 1291 1663 μὲν
1312 1591 1660 1663 αἰσχύνομαι,
1695 1592 1759 1663 νὴ

191 1683 292 1753 τὴν
350 1684 627 1754 ἀλήθειαν,
670 1686 763 1737 ἐπὶ
808 1684 1058 1753 γλώσσης
1100 1683 1269 1752 ἄγων,
1301 1683 1395 1737 καὶ
1431 1684 1510 1745 εἰς
1542 1684 1761 1752 μνήμην

190 1774 401 1828 τούτων
465 1775 591 1829 ίώνο
631 1776 725 1830 καὶ
787 1776 873 1830 διὰ
912 1774 1069 1828 τοῦτο
1107 1775 1470 1836 παντάπασιν,
1520 1768 1581 1826 εὖ
1622 1774 1773 1838 ίστε,.

193 1866 533 1937 κατεσίγησα
561 1868 647 1932 ἂν,
683 1868 731 1920 εί
765 1867 837 1938 μὴ
869 1867 1057 1937 ἑώρων
1094 1867 1221 1929 τοὺς
1260 1864 1436 1919 ταῦτα
1470 1881 1752 1934 καταπρα-

1250 488 1420 549 VITA
1451 488 1510 547 S.
1541 486 1836 547 IGNATII
1874 486 1963 547 [ΞΡ
2021 487 2353 549 ARCHIEP

194 596 494 660 ἀπωλείας,
536 617 554 650 ι
581 597 1030 667 ἐπιγραφόμενον.
1056 595 1430 666 Δεσμούμενον
1469 595 1523 649 δὲ
1546 597 1639 649 καὶ
1674 597 1756 661 ἐξ·

1858 605 1911 652 et
1969 592 2413 663 esterniinatnm,
2477 600 2661 669 itaque
2726 601 3113 671 inscriptum:

3174 604 3413 664 Avaritia

1858 687 2119 767 $imonis_
2147 687 2309 757 Magi.
2342 688 2396 742 In
2427 690 2638 755 quinta,
2689 691 2873 745 collari
2921 691 3073 747 furca
3122 693 3414 762 inclusum,

1855 791 1980 830 cum
2020 777 2120 831 hac
2153 780 2426 832 calumnia
2471 795 2485 832 :
2520 778 2622 844 Qui
2651 793 2709 833 se
2740 780 2951 836 extollit
2978 798 3139 851 supra
3177 800 3337 838 omne
3362 784 3416 839 id

1857 869 2001 937 quod
2042 868 2241 923 dicitur
2268 879 2364 925 aut
2406 870 2601 924 colitur
2653 871 2817 926 Deus.
2868 870 2927 925 ln
2980 884 3128 928 sexta
3172 876 3420 945 depinxit

1857 947 2011 1028 quasi
2039 958 2152 1028 jam
2180 960 2523 1025 damnatum,
2553 976 2675 1015 cum
2710 962 2855 1016 dicto
2887 980 2900 1016 :
2928 964 3274 1023 Abominatio
3319 967 3418 1021 de-

1858 1043 2160 1099 solationis.
2198 1046 2256 1099 1n
2291 1050 2519 1114 septima
2573 1056 2628 1101 et
2674 1048 2865 1103 ultima
2918 1050 3072 1105 tinxit
3121 1062 3417 1120 raptatum,

1857 1133 2143 1203 capiteque
2194 1135 2481 1190 multatum
2530 1145 2637 1202 ;et
2685 1138 2972 1208 inscriptio
3032 1150 3150 1195 erat
3199 1159 3213 1196 :
3262 1143 3419 1196 Anti-

1857 1224 2116 1278 christus.
2152 1224 2283 1289 Quae
2304 1241 2403 1295 ego
2432 1241 2528 1296 per
2550 1228 2830 1283 veritatem
2854 1230 2973 1284 sine
3012 1231 3221 1300 pudore
3242 1248 3422 1303 neque

1858 1316 2176 1385 pronuntio,
2209 1332 2384 1387 neque
2423 1319 2476 1372 in
2520 1329 2758 1374 mentem
2805 1336 3001 1376 revoco
3032 1342 3046 1377 :
3083 1324 3154 1377 ob
3191 1340 3422 1394 eamque

1857 1422 2077 1462 causam
2123 1396 2332 1473 sciatis,
2378 1410 2559 1473 velim,
2618 1425 2703 1464 me
2754 1411 2972 1466 silentio
3017 1417 3420 1482 praeteritorum

1856 1498 2049 1562 fuisse,
2087 1500 2191 1553 nisi
2242 1499 2481 1555 viderem
2528 1501 2724 1555 horum
2780 1512 3056 1568 auctores,
3109 1515 3423 1559 auctorum-

1858 1602 1964 1657 que
1998 1588 2236 1641 asseclas
2270 1589 2386 1642 haec
2424 1602 2532 1642 non
2562 1590 2738 1644 solum
2787 1606 2895 1645 non
2929 1594 3270 1659 erubescere,
3325 1595 3422 1650 sed

1859 1678 1912 1732 in
1946 1678 2031 1732 his
2063 1678 2239 1746 palam
2279 1678 2440 1732 etiam
2471 1680 2713 1748 gloriari,
2763 1679 3064 1750 Photioqne
3113 1686 3422 1741 sanctitatis

1858 1769 2166 1838 Opinionem
2200 1768 2336 1824 falso
2366 1770 2627 1824 tribuere.
2664 1768 2767 1828 Sed
2804 1787 2965 1826 verax
3009 1774 3099 1828 ille
3130 1790 3237 1828 non
3270 1790 3423 1829 men-

1861 1861 2012 1924 titur,
2040 1861 2133 1929 qui
2158 1861 2292 1915 dixit
2323 1880 2335 1914 :
2370 1860 2575 1929 Impius
2607 1878 2734 1915 cum
2758 1864 2812 1916 in
2838 1865 3159 1932 profundum
3203 1868 3418 1931 venerit,

193 1954 479 2024 ξαμένους,
504 1956 599 2009 καὶ
626 1958 750 2019 τοὺς
773 1956 951 2011 αὐτῶν
978 1954 1227 2019 οἰκείους,
1264 1955 1323 2007 οὐ
1358 1954 1516 2023 μόνον
1546 1956 1604 2008 ὲν
1632 1954 1753 2006 τού-

1858 1952 2239 2009 contemnit":
2270 1952 2360 2007 sed
2385 1955 2626 2021 sequitur
2647 1968 2771 2009 eum
2806 1955 3102 2024 ignominia
3133 1965 3187 2011 et
3218 1972 3421 2027 uppro-

192 2059 303 2105 τοις
342 2044 445 2097 οὐκ
481 2044 1007 2115 ὲγκαλυπτομένους,
1052 2044 1187 2098 ἀλλὰ
1222 2044 1315 2098 καὶ
1347 2042 1752 2111 ὲγκαλλωπιξο-

193 2134 412 2203 μένους,
430 2135 539 2188 καὶ
568 2135 721 2201 δόξαν
753 2136 1057 2205 ἁγιωσύνης
1087 2134 1539 2204 ἐπιψευδομένους
1566 2133 1714 2203 αὐτῷ
1737 2148 1751 2164 ⁸

191 2223 428 2293 ἀψευδὴς
451 2225 558 2295 γὰρ
580 2227 606 2275 ό
632 2224 798 2278 εἰπών
822 2241 836 2256 ·
861 2220 1044 2279 Ὅταν
1059 2226 1205 2293 ἔλθῃ
1227 2224 1450 2289 ἀσεϐὴς
1470 2224 1756 2289 είς-,βάθος

190 2314 414 2381 κακῶν,
481 2316 876 2386 καταφρονεῖ’
928 2317 1218 2387 ἐπέρχεται
1272 2316 1327 2369 δὲ
1370 2316 1516 2386 αὐτῷ
1563 2315 1755 2384 ἀτιμία

118 2432 122 2436 ν
190 2407 285 2459 καὶ
329 2390 550 2471 ὄνειδος.
584 2408 828 2477 Ὠμοσαν
867 2408 1018 2460 κατὰ.
1050 2407 1143 2460 τοῦ
1180 2406 1344 2475 φόϐου
1384 2407 1615 2475 Κυρίου,
1662 2410 1756 2459 καὶ

192 2495 336 2549 κατὰ
364 2496 465 2564 τῆς
489 2496 643 2567 δόξης
670 2498 769 2566 τῆς
805 2497 987 2567 ίσχύος
1013 2496 1198 2559 αὑτοῦ,
1224 2499 1272 2549 oi
1302 2497 1395 2549 ἐπὶ
1419 2499 1485 2567 τῇ
1516 2495 1757 2563 ἀναγνώ-

194 2602 276 2639 σει
303 2587 414 2641 τῶν
444 2588 652 2655 ιναγιῖΝ
680 2587 931 2658 πράξεων
953 2586 1177 2641 ἐκείνων
1202 2586 1535 2657 εὑρεθέντες,
1566 2587 1756 2655 πεντή-

193 2694 359 2731 κοντα
395 2678 611 2733 καὶδύο
642 2678 983 2749 άναμφίϐολα
1039 2680 1135 2731 καὶ
1168 2680 1332 2732 πᾶσιν
1362 2678 1756 2748 ὡμολογημένα

190 2768 360 2839 ψευδῆ
410 2771 683 2838 κεφάλαια
732 2770 1070 2840 γεγράφθαι,·
1120 2770 1180 2834 ἐξ
1221 2770 1447 2834 ἀσεϐοῦς
1499 2770 1754 2841 μᾶλλονῆ

170 2850 173 2851 ν
198 2864 433 2932 μανικῆς
452 2861 689 2924 διανοίας
712 2862 791 2924 είς
813 2861 1147 2932 κατηγορίαν
1176 2860 1269 2915 τοῦ
1307 2862 1551 2931 μάκαρος
1585 2862 1756 2928 Ἰγνα-

191 2951 309 3004 τίοδ
373 2952 813 3022 προσφερόμενα.
852 2950 1121 3021 Ἐκάστης
1168 2952 1225 3005 δὲ
1263 2953 1600 3023 κατηγορίας
1622 2952 1758 3022 πρὸς

194 3043 270 3113 τῷ
292 3041 439 3096 τέλει
464 3044 708 3115 ἄγραφον
732 3045 912 3114 στίχον
928 3045 1363 3116 κατελίμπανον,
1393 3044 1445 3097 εί
1480 3043 1602 3096 τινά
1628 3058 1757 3095 ποτε

104 3134 107 3135 ⁷
191 3134 299 3187 τῶν
357 3134 524 3200 ἀξίων
576 3136 810 3206 ἀγχόνης
845 3134 1038 3206 δώροις
1072 3135 1106 3206 ἢ
1149 3134 1449 3204 ἀξιώμασιν
1481 3134 1757 3200 ἀπατῆσαι

193 3224 489 3292 δυνηθεῖεν,
548 3226 613 3279 ῖν’
678 3227 776 3298 ἔχῃ
825 3228 989 3280 τόπον
1031 3225 1412 3296 εγγράψασθαι
1442 3224 1751 3294 τῷ-ψεύδει.

195 3315 301 3367 Καὶ
332 3317 503 3371 ταῦτα
530 3318 628 3387 μὲν
668 3320 702 3389 ἡ
735 3318 833 3389 μία
859 3319 955 3371 τοῦ
986 3317 1233 3372 διαϐόλου
1275 3318 1518 3386 περιεῖχε
1551 3315 1752 3385 βίϐλος.

206 3407 268 3460 Ἦ
289 3408 452 3479 ἑτέρα
481 3409 535 3462 δὲ
570 3410 817 3480 συνοδικὴ
846 3410 989 3463 κατὰ
1010 3410 1275 3465 Νικολάου
1302 3409 1396 3463 τοῦ
1431 3410 1587 3463 πάπα
1620 3408 1755 3461 Ῥώ-

198 3512 301 3564 μης
321 3496 746 3563 κατεσκεύαστο,
778 3499 958 3553 πᾶσαν
997 3498 1359 3567 συκοφαντίαν
1382 3498 1477 3550 καὶ
1511 3496 1755 3566 βλασφη-

200 3586 324 3653 μίαν
352 3585 552 3639 ἆτοπον
570 3590 648 3650 είς
681 3586 1002 3657 καθαίρεσιν
1041 3586 1233 3657 ἀνδρὸς
1256 3586 1412 3653 ἁγίου
1445 3586 1539 3639 καὶ
1571 3586 1757 3639 ἀναθε-

202 3677 467 3747 ματισμὺν
528 3678 705 3742 ἀθέως
758 3679 853 3731 καὶ
915 3676 1167 3747 πονηρῶς
1237 3675 1752 3747 δραματουργοὼα,

199 3767 323 3833 ἀξία
353 3768 449 3823 καὶ
477 3769 613 3841 αὕτη
640 3771 738 3837 τῆς
767 3786 825 3822 τε
872 3768 969 3821 τοῦ
1008 3768 1243 3838 πονηροῦ
1281 3767 1535 3838 δαίμονος
1553 3770 1757 3837 ὑπαγο-

202 3861 341 3928 ρίας,
358 3860 454 3914 καὶ
482 3860 581 3929 τῆς
605 3860 698 3913 τοῦ
723 3861 927 3914 Φωτίου
959 3858 1281 3931 ὑπουργίας.
1300 3860 1755 3928 Ἀπαραλλάκτως

198 3947 253 4001 δὲ
274 3948 476 4011 ταύτας
502 3951 531 4001 ό
559 3949 853 4021 τολμητίας
891 3946 973 4013 ας
1022 3949 1500 4019 ἀναγραψάμενος,
1532 3950 1630 4012 τὰς
1666 3949 1758 4003 δύο

204 4039 299 4108 μὲν
329 4040 572 4110 Ζαχαρία
601 4039 903 4110 παρέσχετο
948 4041 1043 4092 καὶ
1071 4038 1329 4109 Θεοδώρῳ
1355 4040 1467 4102 τοῖς
1497 4055 1760 4109 προειρηέ

199 4131 397 4200 μένοις,
432 4131 567 4201 μετὰ
591 4130 878 4202 εὐφημιῶν
923 4130 1017 4184 καὶ
1045 4130 1233 4214 δώρων
1260 4128 1470 4183 πολλῶν
1508 4130 1601 4183 καὶ
1619 4129 1760 4198 λαμ)-

195 4222 347 4293 πρῷν
372 4222 508 4291 πρὸς
528 4223 653 4285 τοὺς
679 4221 779 4291 τῆς
815 4221 1092 4292 Φραγκίας
1127 4221 1367 4291 βασιλεῖς
1415 4222 1756 4289 ἀπενεγκεῖν,

195 4312 287 4366 τοῦ
313 4314 404 4367 τὸν
429 4314 615 4368 πάπαν
643 4314 910 4367 Νικόλαον
936 4313 1013 4376 ὡς
1038 4313 1424 4385 καθῃρημένον
1455 4311 1759 4377 ὲξώσασθαι

196 4403 287 4458 τοῦ
318 4406 533 4476 θρόνου.
563 4406 673 4469 Τὰς
700 4398 791 4460 δύο
816 4407 875 4459 δὲ
901 4406 1029 4475 παρ’
1070 4407 1244 4477 ἑαυτῷ
1270 4409 1509 4476 κατεῖχε.
1542 4406 1759 4459 Τούτων

195 4496 298 4550 τῶν
336 4498 620 4567 τεσσάρων
657 4497 875 4569 βιϐλίων
922 4497 1257 4568 δραξάμενος
1287 4500 1315 4550 ό
1348 4492 1623 4566 βασιλεὺς,
1665 4497 1759 4550 καὶ

1864 2042 2065 2095 hrium.
2098 2042 2426 2097 Juraverunt
2446 2058 2543 2113 per
2561 2043 2813 2101 timorem
2842 2046 3076 2112 Domini,
3108 2058 3163 2103 et
3192 2049 3419 2116 gloriam

1857 2133 2193 2189 fortitudinis
2257 2134 2397 2203 ejus,
2459 2135 2551 2202 qui
2604 2135 2658 2189 in
2704 2121 3092 2206 sacrilegarum
3141 2138 3419 2192 actionum

1862 2223 2077 2277 illarum
2129 2222 2361 2277 lectione
2408 2222 2722 2288 adfuerunt,
2777 2223 2888 2277 duo
2936 2238 3100 2291 supra
3145 2225 3420 2293 quinqua-

1860 2312 2006 2380 ginta
2042 2311 2219 2381 capita
2258 2312 2325 2366 ad
2357 2312 2497 2391 beati
2529 2312 2720 2382 Ignatii
2750 2313 3083 2367 calumniam
3112 2314 3417 2383 perscripta

1856 2403 2024 2459 fuisse
2077 2405 2317 2458 omnium
2354 2404 2707 2459 consessione
2754 2404 2911 2470 falsa,
2949 2414 3002 2460 et
3030 2419 3109 2473 ,οι
3145 2405 3305 2474 impia
3336 2405 3421 2459 vel

1856 2496 2033 2564 potius
2122 2494 2325 2549 furiosa
2428 2504 2611 2550 mente
2697 2496 2949 2551 conficta.
3026 2496 3425 2565 Relinquebant

1856 2595 1909 2639 et
1967 2584 2021 2639 in
2083 2586 2310 2654 singulis
2369 2586 2810 2667 accusationibus
2858 2602 3081 2641 versum
3138 2588 3204 2641 ad
3260 2586 3421 2640 ﬁnem

1854 2692 2108 2742 vacuum,
2149 2686 2207 2730 ut
2237 2678 2283 2731 si
2323 2692 2484 2746 quem
2530 2676 2726 2746 laqueo
2782 2678 3005 2747 dignum
3057 2679 3347 2732 donorum
3373 2686 3428 2731 et

1855 2768 2179 2837 dignitatum
2212 2769 2496 2839 largitione
2524 2770 2849 2835 irretissent,
2879 2770 3168 2829 mendacio
3225 2771 3271 2822 is
3306 2769 3428 2823 sub-

1855 2859 2144 2914 scribendo
2182 2860 2408 2914 haberet
2432 2859 2637 2914 locum.
2672 2858 2735 2913 Et
2761 2860 2876 2914 hate
2901 2860 3120 2929 quidem
3141 2859 3281 2914 alter
3314 2860 3429 2913 dia-

1858 2950 1964 3004 boli
2029 2950 2341 3005 continebat
2396 2951 2554 3005 liber.
2614 2950 2766 3006 Alter
2830 2966 2956 3006 vero
3027 2952 3320 3023 synodi'cus
3371 2951 3424 3005 iu

1855 3040 2137 3095 Nicolaum
2206 3040 2516 3110 pontiﬁcem
2580 3040 2886 3095 Romanum
2942 3044 3046 3096 tela
3110 3042 3419 3110 torquebat,

1857 3132 2147 3207 omnisque
2180 3133 2397 3203 generis
2430 3133 2733 3193 calumnias
2777 3141 2830 3188 et
2875 3135 3083 3189 atrocia
3138 3135 3427 3189 maledicta

1860 3225 1915 3278 in
1962 3224 2111 3278 illius
2160 3224 2333 3278 sancti
2375 3226 2879 3279 exauctorationem
2916 3235 2972 3279 et
3014 3224 3427 3297 damnationem

1858 3316 2343 3386 complectebatur,
2378 3315 2542 3383 impie
2578 3325 2631 3369 et
2660 3316 2866 3385 tragico
2894 3331 3063 3385 prope
3093 3316 3259 3370 modo
3292 3331 3423 3370 con-

1857 3407 2155 3471 cinnatus;
2199 3421 2329 3460 sane
2362 3405 2477 3474 ipse
2506 3418 2725 3474 quoque
2785 3405 3042 3460 dictantis
3096 3405 3267 3474 Stygii
3316 3404 3429 3457 do-

1857 3500 2043 3553 ctoris.
2078 3498 2389 3567 magisterio
2431 3505 2487 3549 et
2525 3494 3026 3551 Photiiministerio
3061 3495 3276 3566 dignus.
3315 3495 3427 3550 Hos

1854 3590 2043 3644 eodem
2072 3589 2319 3658 exemplo
2372 3587 2541 3642 libros
2581 3603 2707 3642 cum
2758 3588 3046 3656 impudens
3092 3588 3174 3641 bis
3217 3588 3427 3642 descri-

1858 3680 2064 3735 bendos
2091 3686 2357 3742 curasset,
2397 3679 2642 3749 geminos
2671 3679 2892 3748 quidem
2925 3679 3101 3734 libros
3146 3678 3434 3734 Zachariae

1854 3780 1911 3827 et
1961 3771 2251 3826 Theodoro
2311 3787 2473 3840 supra
2541 3771 2815 3835 indicatis,
2866 3784 2992 3825 cum
3051 3767 3425 3837 singularibus

1829 3866 2077 3920 -laudum
2144 3865 2435 3927 cncomiis,
2497 3863 2796 3930 multisque
2847 3876 2911 3916 ac
2966 3861 3427 3931 splendidissimis

1857 3955 2176 4011 muneribus
2227 3955 2291 4008 ad
2344 3954 2686 4008 Ludovicum
2740 3950 2988 4006 Francia:
3040 3964 3222 4029 regem
3278 3950 3428 4005 defe-

1858 4047 2059 4101 rendos
2090 4048 2257 4110 dedit,
2288 4054 2345 4099 ut
2377 4047 2423 4098 is
2456 4044 2745 4099 Nicolaum
2792 4043 3104 4112 pontiﬁcem
3156 4042 3304 4097 velut
3331 4057 3429 4095 ex-

1858 4145 2205 4193 auctoratum
2252 4136 2319 4191 de
2362 4136 2564 4189 throno
2611 4133 2931 4189 deturbaret
2960 4152 2973 4188 :
2999 4134 3141 4189 duos
3174 4148 3338 4202 penes
3368 4148 3428 4188 se

1855 4228 2101 4285 retinuit.
2138 4227 2257 4282 Haec
2292 4236 2529 4297 quatuor
2556 4225 2831 4280 volumina
2865 4225 3164 4293 imperator
3195 4224 3282 4278 illa
3309 4240 3429 4279 ere-

1858 4310 1972 4389 pta,
2005 4318 2155 4387 prius
2196 4318 2261 4373 ad
2296 4327 2545 4373 senatum
2586 4325 2870 4386 totamque
2904 4314 3421 4385 Ecclesiam'palam

1859 4411 2053 4466 detulit
2087 4429 2100 4465 :
2144 4420 2307 4479 atque
2355 4409 2427 4463 ita
2464 4424 2659 4463 omnes
2688 4407 2867 4463 Photii
2904 4407 3339 4462 machinationes
3372 4414 3429 4460 et

1858 4502 2079 4570 impiam
2116 4500 2509 4555 conscientiam
2548 4498 2801 4557 omnium
2841 4497 3015 4553 oculis
3060 4499 3266 4566 totique
3317 4496 3428 4550 rei-

196 4588 259 4656 τῇ
296 4586 582 4658 συγκλήτῳ
638 4588 900 4659 πρότερον
952 4588 1043 4640 καὶ
1090 4590 1156 4657 τῇ
1197 4586 1490 4657 Ἐκκλησία
1528 4587 1756 4655 ποιήσας

1862 4593 2092 4664 publica
2139 4591 2492 4661 spectandam
2542 4589 2847 4664 proposuit.
2898 4586 3111 4654 Quibus
3178 4587 3311 4642 visis
3372 4594 3428 4640 et

195 4682 546 4747 καταφανεῖς,
585 4678 687 4748 τὴν
714 4680 841 4750 ὅλην
873 4677 1014 4733 οὕτω
1057 4679 1260 4733 Φωτίου
1307 4678 1613 4750 σκευωρίαν
1662 4680 1755 4732 καὶ

198 4772 461 4846 κακίστην
519 4772 821 4841 συνείδησιν
876 4771 970 4825 ὑπ’
1028 4771 1150 4842 δψιν
1194 4770 1382 4841 ἁπάσῃ
1406 4774 1473 4841 τῇ
1512 4758 1755 4840 πολιτείᾳ

198 4864 590 4931 κατεστήσατο,
659 4862 885 4933 Ἐξέστη
953 4864 1060 4926 πᾶς
1128 4862 1410 4931 ἅνθρωπος
1465 4862 1607 4932 ὀρῶν
1660 4861 1756 4914 καὶ

198 4951 409 5006 ἀκούων
447 4951 641 5018 ταῦτα,
685 4955 744 5007 οὐ
783 4953 941 5024 μόνον
990 4954 1084 5007 επὶ
1126 4955 1193 5025 τῇ
1224 4952 1483 5024 κακονοίᾳ
1520 4952 1615 5007 καὶ
1661 4964 1757 5005 και

198 5045 583 5116 κορῥημοσύνῃ
633 5044 743 5099 τοῦ
776 5044 1053 5115 σοφιστοῦ,
1092 5044 1229 5098 ἀλλὰ
1262 5045 1355 5099 καὶ
1378 5046 1445 5114 τῇ
1467 5043 1754 5121 ,ὑπερϐολῇ

198 5134 292 5203 τῆς
323 5134 704 5206 μακροθυμίας
730 5136 825 5189 καὶ
850 5134 1046 5206 ἀνοχῆς
1064 5134 1159 5189 τοῦ
1191 5133 1346 5188 Θεοῦ.
1376 5133 1539 5188 Ἀλλὰ
1558 5133 1757 5198 ταύτας

204 5225 296 5293 μὲν
315 5225 658 5295 τὰςβίϐλους
684 5225 907 5297 ὕστερον
944 5226 1255 5294 ἑνεγκύντες
1275 5224 1367 5278 ιπι
1394 5224 1493 5295 τῆς
1520 5225 1757 5286 συνόδου,

1860 4686 2061 4740 auditis
2132 4682 2347 4735 attoniti
2406 4696 2597 4736 omnes
2635 4680 3010 4749 'obstupuere,
3074 4692 3183 4732 non
3247 4677 3427 4731 solum

1857 4782 2077 4844 propter
2103 4786 2411 4841 perversam
2451 4771 2704 4840 sophista:
2745 4779 3000 4834 mentem,
3045 4779 3429 4837 versutamqne
3476 4819 3482 4831 ,

1858 4865 2265 4924 verbositatem,
2307 4863 2401 4917 sed
2429 4863 2613 4928 ,etiam
2663 4862 2734 4915 ob
2776 4859 3149 4915 incredibilem
3175 4858 3291 4913 'Dei
3332 4873 3430 4926 pa-

1864 4954 2109 5008 tientiam
2141 4960 2195 5006 et
2227 4952 2539 5007 diuturnam
2579 4951 2833 5005 vindicta:
2863 4949 3203 5003 dilationem.
3251 4946 3431 4999 Hosce

1860 5044 2029 5105 libros
2079 5043 2147 5098 ad
2194 5042 2586 5098 mettmenicam
2636 5052 2825 5111 postea
2861 5042 3144 5111 .synodum
3192 5039 3420 5101 delatos,

1862 5136 2179 5203 auctorique
2243 5133 2495 5203 praesenti
2540 5146 2665 5195 cum
2702 5132 2903 5200 probro
2933 5131 3002 5183 ob
3032 5144 3093 5182 os
3140 5129 3424 5190 obtrusos,

1865 5225 1973 5295 igni
2010 5226 2370 5300 tradiderunt.
3275 5270 3279 5274 .

194 5316 292 5381 xui.
315 5318 457 5370 κατὰ
486 5318 771 5388 πρόσωπον
788 5316 865 5388 τῷ
890 5315 1174 5388 αὐτουργῷ
1202 5315 1385 5371 αὐτῶν
1410 5317 1855 5387 παραστήσαντες
1886 5316 1979 5369 καὶ
1999 5315 2613 5385 παραδειγματίσαντες,
2637 5311 2778 5366 οὕτω
2800 5311 3116 5381 παρέδωκαν
3152 5304 3229 5375 τῷ
3259 5303 3416 5373 πυρί.

266 5407 397 5461 Τότε
423 5409 480 5461 δὲ
512 5409 603 5461 καὶ
629 5410 655 5461 ὁ
691 5408 1045 5478 αὐτοκράτωρ
1072 5407 1345 5475 Βασίλειος
1373 5408 1632 5461 σιλέντιον
1662 5406 1757 5459 επὶ

202 5502 276 5571 τῷ
324 5500 930 5584 παλατίῳΙΜαγναύρας
983 5500 1319 5569 ποιούμενος,
1363 5502 1459 5553 καὶ
1504 5500 1594 5553 τὸν
1647 5516 1752 5551 πα-

204 5593 724 5665 τριάρχηννὰγαγὼι,
748 5591 887 5664 [καὶ]
903 5592 1116 5656 πολλοῖς
1140 5590 1330 5653 τοῦτον
1358 5591 1597 5653 ἐπαίνοις
1618 5607 1751 5643 κατ-

1934 5406 2091 5461 Τιιηο
2123 5422 2252 5461 vero
2283 5398 2521 5461 Basilius‘
2544 5405 2841 5474 imperator
2861 5404 3149 5457 adductum
3189 5398 3242 5451 in
3296 5394 3412 5450 Ma-

1860 5513 2077 5573 gnaure
2103 5499 2358 5567 palatium
2408 5495 2694 5566 lgnatium,
2730 5494 2945 5548 silentio
2980 5490 3199 5554 indicto,
3228 5487 3418 5541 multis

1858 5587 2107 5642 laudibus
2125 5587 2515 5642 cohonestavit.
2543 5586 2667 5640 Dies
2688 5594 2805 5639 erat
2834 5582 3131 5643 Dominica,
3168 5578 3323 5631 tertia
3354 5586 3411 5631 et

204 5684 408 5754 έστιψε.
461 5683 717 5755 Κυριακὴ
762 5683 860 5753 μὲν
910 5681 1018 5736 τῶν
1068 5682 1292 5753 ἡμερῶν
1324 5674 1413 5750 ἦν,
1454 5681 1659 5735 εἰκάδα
1695 5680 1752 5733 δὲ

1858 5678 2112 5733 vicesima
2182 5673 2554 5740 Novembris;
2612 5688 2720 5743 quo
2770 5670 2931 5725 etiam
2982 5668 3107 5723 anni
3161 5675 3407 5734 tempore

207 5776 297 5827 καὶ
327 5775 514 5846 τρίτην
545 5769 660 5844 εἶχε
692 5771 1015 5845 Νοέμϐριος,
1060 5773 1249 5842 ὥσπερ
1296 5772 1390 5827 καὶ
1418 5772 1505 5827 δτε
1534 5770 1747 5844 πρῶτον

1858 5768 2007 5837 prius
2036 5770 2090 5825 in
2118 5767 2369 5825 exsilium
2404 5765 2592 5836 pulsus
2621 5761 2877 5829 erat,.qui
2907 5759 3000 5815 Dci
3050 5756 3300 5829 praesidio
3348 5762 3407 5809 et

281 5882 322 5915 "
353 5882 503 5943 Prov.
527 5901 677 5941 mu.
