3934 6316
571 293 672 355 ιιι

1731 296 2021 359 ΝΙΟΕΤιΕ
2058 294 2582 356 PAPHLAGONIS

3233 201 3246 230 ι

3614 260 3805 356 ἰιι

572 408 857 462 Clementia
889 405 1080 473 fretus,
1115 408 1471 463 novennalem
1507 425 1569 465 ac
1602 411 1898 481 perfectam
1931 425 1996 464 ex
2019 410 2128 463 vir-

2243 407 2548 488 tEwplCerOf
2597 405 2691 461 καὶ
2722 407 2879 469 αὐτὸς
2909 405 3308 477 ὑπερασπισμῷ
3336 406 3429 461 καὶ
3480 406 3806 478 χρηστότητι

576 501 708 553 tntis
724 501 1017 554 certamine
1040 501 1276 553 lauream
1297 502 1798 570 adeptus,ecclesia3
1815 518 1924 558 sua:
1940 503 2134 558 throno

576 591 880 644 restituitur
914 607 926 642 :
958 597 1011 642 ct
1035 591 1242 658 lampas
1265 593 1437 660 magis
1466 607 1720 658 accensa,
1744 593 1942 648 clarior
1970 608 2132 662 quam

573 688 752 742 antea,
801 680 1131 735 candelabro
1191 683 1488 750 imponitur
1531 701 1544 736 :
1594 693 1892 754 pastorque
1945 699 2135 739 rursus

571 784 698 823 oves
749 770 996 841 agnoscit
1030 787 1181 834 suas,
1225 780 1276 825 et
1305 787 1335 825 a
1367 774 1482 828 suis
1518 775 1754 829 vicissim
1802 775 1995 829 ovibus
2025 775 2136 829 cla-

573 860 688 917 rius
720 862 1056 930 agnoscitur.
1097 863 1238 932 Ergo
1271 873 1381 918 tota
1405 866 1560 934 quasi
1586 867 1718 920 urbe
1742 867 2132 935 triumphante,

573 949 830 1020 illumque
848 953 913 1005 ad
936 953 1196 1021 templum
1225 955 1608 1009 ascendentem
1637 971 1664 1009 a
1700 967 1849 1026 tergo
1879 966 1932 1011 et
1955 956 2137 1013 fronte

574 1053 957 1111 prosequente,
989 1044 1284 1114 hctitiaque
1315 1047 1605 1116 gestiente,
1639 1062 1761 1101 cum
1793 1064 1888 1118 per
1917 1063 2133 1104 sacrum

509 1127 527 1148 ”
573 1143 790 1198 puteum
823 1131 888 1185 ad
920 1133 1207 1201 superiora
1239 1135 1755 1203 tetnpliduceretur,
1779 1137 1964 1192 dextra
1985 1147 2137 1206 parte

576 1222 965 1291 ingredientem
1001 1224 1137 1278 ordo
1179 1224 1439 1293 patricius
1465 1241 1762 1283 occursans
1797 1228 2135 1283 venerabitu-

571 1315 675 1367 tlus
702 1314 915 1383 excepit
946 1332 970 1368 -ε
1008 1329 1093 1369 res
1126 1331 1254 1369 vero
1283 1328 1413 1371 tunc
1432 1317 1614 1372 divina
1648 1319 1829 1374 ﬁebat.
1881 1318 1989 1374 Nec
2036 1335 2136 1390 par

571 1413 674 1468 est,
702 1414 760 1458 ut
792 1420 1005 1460 sacrum
1035 1421 1219 1472 omen,
1258 1409 1402 1476 quod
1450 1409 1503 1462 in
1537 1409 1782 1479 ingressu
1825 1409 2013 1479 lgnatii
2044 1426 2137 1466 ac-

570 1496 722 1559 cidit,
756 1495 1255 1565 pratermittamus.
1291 1498 1586 1553 lntrantem
1610 1492 1844 1570 namque
1865 1500 2133 1572 lgnatium

564 1587 811 1655 _p0pulus
838 1587 1058 1657 quidem
1088 1587 1315 1656 supplex
1341 1589 1726 1653 venerabatur,
1757 1592 2013 1646 sacerdos
2041 1608 2137 1647 au-

575 1687 682 1731 tem
709 1678 759 1732 in
799 1677 976 1748 adytis
1021 1679 1351 1734 oblationem
1410 1681 1638 1736 Domino
1682 1680 1885 1737 faciens
1935 1683 2136 1737 clama-

576 1769 708 1822 bat:
741 1768 955 1824 Gratias
982 1756 1209 1842 agamus
1247 1769 1479 1826 Domino
1508 1771 1616 1827 Deo
1649 1781 1839 1829 nostro
1879 1791 1892 1828 :
1924 1783 1977 1830 et
2012 1791 2137 1830 mox

577 1860 814 1928 populus
856 1861 1257 1930 respondebat;
1300 1861 1530 1931 Dignum
1556 1874 1608 1919 et
1639 1865 1846 1933 justum
1910 1877 2013 1922 est.
2061 1867 2139 1923 Ita

479 1957 482 1961 ‘
575 1965 731 2003 sacer
774 1951 1010 2020 lgnatius
1041 1950 1200 2006 bonis
1236 1953 1490 2008 omnibus
1521 1954 1720 2010 throno
1765 1971 1867 2010 suo
1902 1966 2138 2026 recepto,

579 2052 634 2095 et
667 2042 1050 2112 gubernaculis
1093 2041 1350 2098 Ecclesiae
1387 2046 1696 2113 resumptis,
1733 2057 1881 2102 arcet
1908 2063 1937 2104 a
1970 2049 2143 2104 sacris

579 2121 998 2188 non'Photium
1054 2135 1287 2196 tantum,
1334 2142 1387 2189 et
1408 2149 1598 2190 omnes
1629 2135 1696 2190 ab
1730 2137 1826 2191 illo
1873 2137 2140 2205 initiatos,

581 2224 673 2279 sed
696 2239 885 2280 omnes
917 2225 1078 2279 etiam
1104 2226 1250 2287 illius
1276 2234 1576 2282 sectatores
1606 2243 1727 2282 cum
1757 2229 1848 2282 illo
1894 2244 2142 2284 commu-

581 2315 870 2371 nicantes:
911 2326 1167 2386 precatur
1193 2317 1416 2386 insuper
1446 2317 1845 2387 imperatorem,
1883 2329 1942 2374 ut
1990 2336 2144 2376 mcu-

583 2407 848 2461 menicam
886 2395 1150 2476 synodum
1183 2416 1364 2478 cogat,
1394 2423 1501 2476 qua
1529 2410 1711 2463 omnia
1738 2410 1996 2466 Ecclesia:
2024 2412 2146 2466 vul-

588 2512 717 2550 nera
750 2499 930 2551 sanari
973 2499 1363 2555 arbitrabatur.
1399 2500 1680 2570 Extemplo
1710 2503 1874 2572 igitur
1906 2502 2147 2558 Joannes

584 2586 766 2656 Perga:
815 2586 1124 2656 episcopus,
1155 2588 1349 2659 lgnatii
1376 2591 1426 2642 in
1458 2605 1648 2646 omnes
1674 2606 1836 2647 casus
1861 2602 1914 2648 et
1948 2610 2147 2648 terum-

586 2691 686 2731 nas
726 2691 934 2740 comes,
977 2691 1032 2732 et
1068 2681 1333 2734 malorum
1357 2683 1626 2748 omnium,
1658 2693 1921 2753 quantum
1947 2685 2002 2739 in
2033 2685 2150 2755 ipso

583 2775 724 2830 erat,
759 2769 942 2824 socius
973 2786 987 2823 :
1023 2785 1088 2824 ex
1122 2769 1298 2826 Photii
1333 2787 1458 2827 vero
1495 2773 1733 2829 factione
1773 2777 1966 2831 Petrus
2018 2776 2149 2832 Sar-

585 2861 798 2916 diensis
824 2864 1189 2933 metropolita,
1233 2865 1299 2918 ad
1325 2863 1606 2920 Nicolaum
1645 2867 1957 2936 pontificem
1988 2868 2148 2939 legati

587 2953 915 3019 mittuntur;
953 2955 1149 3024 quibus
1201 2956 1463 3025 allegatur
1509 2957 1744 3035 Basilius
1787 2972 2150 3029 cognomento
2196 2989 2214 3002 -

2234 500 2329 552 τοῦ
2355 499 2489 552 Θεοῦ
2530 500 2600 553 δι’
2635 500 2798 560 ἐννέα
2818 499 3036 555 τελείων
3062 500 3268 569 χρόνων
3319 498 3534 552 τελείαν
3575 498 3804 567 ἄθλησιν

2237 592 2376 664 ὑπὲρ
2409 592 2610 663 ἀρετῆς
2643 591 3068 660 ἐπιδειξάμενος,
3102 592 3535 646 ἀποκαθίσταται
3564 593 3634 661 τῇ
3686 591 3803 645 Ἐκ-

2235 682 2470 752 κλησία·
2509 683 2604 736 καὶ
2629 683 2660 734 ὁ
2688 680 2878 752 λύχνος
2927 683 3302 753 λαμπρότερον
3346 673 3607 751 ἀναφθεὶς
3657 697 3807 750 περιο

2236 773 2647 844 φανέστερον’ἢ
2695 772 2886 843 πρώην
2917 777 2983 844 τῇ
3034 775 3225 844 λυχνίᾳ.
3266 775 3590 838 ἐπιτίθεται,
3653 773 3750 825 καὶ
3782 775 3806 824 ό

2234 864 2439 934 ποιμὴν
2466 865 2681 931 έπέγνω
2716 865 2785 918 τὰ
2830 865 3098 936 πρόῦατα.
3133 867 3227 918 καὶ
3266 865 3430 927 αὐτὸς
3458 868 3567 927 τοῖς
3592 847 3804 934 προεὶ-

2235 971 2346 1018 τοις
2371 956 2703 1025 σαφέστερον
2733 957 3090 1024 έπέγνωσται.
3131 956 3321 1026 Πάσης
3347 952 3441 1034 οῦν
3481 956 3674 1026 σχεδδν
3711 955 3806 1025 φά-

2235 1064 2324 1100 ναι
2356 1046 2450 1115 τῆς
2479 1046 2685 1109 πόλεως
2707 1045 3210 1117 ὲπευφραινομένης
3236 1047 3400 1102 αὑτοῦ
3423 1050 3488 1116 τῇ
3519 1047 3799 1105 ἀνασάσει.

2238 1136 2582 1207 προαγούσης
2625 1154 2685 1190 τε
2715 1137 2810 1190 καὶ
2859 1138 3134 1208 ἑπομένης
3167 1139 3224 1190 ὲν
3260 1138 3610 1206 ἀγαλλιάσει,
3646 1137 3804 1201 αὐτὸς

2239 1227 2338 1297 μὲν
2363 1227 2451 1280 διά
2467 1227 2561 1280 τοῦ
2583 1229 2653 1295 ἀγ
2668 1215 3004 1296 ίουτδρέατος
3031 1229 3320 1296 ἀνάγεται·
3353 1230 3488 1298 πρὸς
3514 1231 3628 1292 τοῖς
3655 1223 3805 1298 ὑπερο

2237 1315 2367 1386 ᾡοις
2401 1316 2457 1370 δὲ
2506 1320 2601 1370 τοῦ
2635 1318 2872 1387 μεγάλου
2905 1316 3048 1372 Ναοῦ
3097 1317 3188 1372 διὰ
3239 1319 3340 1389 τῆς
3387 1319 3566 1385 δεξιᾶς
3633 1320 3804 1389 πύλης

2235 1408 2452 1462 εἰσιόντι
2485 1411 2835 1479 προσυπαντᾷ
2885 1408 3035 1479 αὐτῷ
3083 1407 3192 1462 τῶν
3225 1412 3530 1481 πατρικίων
3579 1413 3616 1483 ὴ
3655 1411 3801 1476 τάξις

2237 1499 2617 1570 προσκυνοῦσα
2672 1501 2766 1554 καὶ
2809 1499 3130 1572 δεξιουμένη
3155 1515 3172 1532 ⁸
3225 1503 3260 1571 ἡ
3290 1501 3410 1572 ἱερά
3447 1501 3505 1555 δὲ
3541 1503 3799 1560 τότελει-

2233 1576 2462 1662 τουργία
2501 1592 2641 1646 κατὰ
2676 1592 2737 1645 τὸ
2764 1591 2884 1656 έθος
2937 1592 3196 1650 ἐτελεῖτο.
3247 1593 3432 1658 ’Δξιον
3458 1591 3515 1646 δὲ
3546 1593 3685 1665 μηδὲ
3713 1593 3802 1661 τὴν

2237 1683 2331 1736 επὶ
2363 1685 2430 1753 τῇ
2463 1683 2654 1754 εἰσόδῳ
2682 1681 3068 1753 συμπεσοῦσαν
3119 1683 3272 1754 ίεράν
3298 1683 3532 1754 κληδόνα
3579 1684 3802 1753 παραλι-

2241 1777 2390 1827 πεῖν·
2423 1776 2452 1827 ό
2483 1775 2582 1842 μὲν
2601 1774 2710 1845 γάρ
2733 1775 2904 1846 ἐσῄει,
2944 1774 2994 1826 οἱ
3023 1774 3080 1828 δὲ
3119 1774 3492 1846 προσεκύνουν
3511 1791 3526 1804 ’
3569 1778 3598 1830 ό
3627 1776 3797 1845 ἱερεὺς

2239 1865 2317 1929 δὲ,
2337 1865 2828 1936 Εὐχάριστήσωμεν
2854 1865 2931 1935 τῷ
2955 1865 3163 1937 Κυρίῳ,
3181 1865 3277 1936 τὴν
3302 1865 3581 1936 ἀναφορὰν
3605 1867 3662 1917 έν
3690 1867 3797 1928 τοίς

2241 1956 2457 2021 ἀδύτοις
2487 1957 2804 2028 ποιούμενος
2825 1957 3128 2029 ἀνέκραγεν
3146 1973 3160 1990 ·
3196 1957 3226 2010 ό
3250 1957 3374 2022 λαδς
3398 1957 3477 2022 δὲ,
3507 1956 3692 2023 ’Δξιον
3711 1957 3796 2009 καὶ

2240 2051 2465 2114 δίκαιον,
2506 2049 2858 2120 ἀπεκρίνατο.
2915 2049 3103 2113 Οὕτως
3132 2051 3160 2104 ό
3217 2049 3362 2120 ίερδς
3415 2049 3678 2118 Ἰγνάτιος
3709 2049 3792 2100 ὑπ’

2243 2138 2466 2207 ἀγαθοῐς
2522 2126 2806 2208 συμϐόλοις
2849 2140 2940 2190 τὸν
2985 2138 3187 2190 οίκείον
3232 2136 3423 2207 θρόνον
3468 2133 3795 2204 ἀπειληφὼς,

2245 2232 2338 2283 καὶ
2367 2228 2493 2293 τοὺς
2519 2227 2708 2290 οἴακας
2742 2223 2895 2292 αὖθις
2928 2227 3029 2298 τῆς
3068 2227 3392 2298 Ἐκκλησίας
3429 2227 3796 2297 ἔγχειρισθεὶς,

2246 2321 2419 2390 είργει
2449 2319 2544 2389 μὲν
2579 2319 2678 2389 τῆς
2720 2320 2869 2389 ἱερᾶς
2901 2317 3240 2389 λειτουργίας
3274 2317 3334 2371 οὐ
3386 2316 3593 2370 Φώτιον
3621 2318 3789 2388 μόνον,

2247 2414 2340 2464 καὶ
2370 2411 2495 2472 τοὺς
2517 2407 2994 2480 χειροτονηθέντας
3043 2407 3138 2461 ὑπ’
3166 2409 3356 2472 αὑτοῦ,
3388 2408 3528 2462 ἀλλά
3559 2409 3654 2462 καὶ
3677 2408 3800 2460 πάνυ

2245 2517 2345 2564 τας
2373 2502 2501 2565 τοὺς
2555 2501 3016 2571 κεκοινωνηκότας
3070 2500 3245 2571 αὐτῷ’
3285 2499 3573 2570 ὲκλιπαρεί
3611 2499 3668 2554 δὲ
3709 2498 3790 2551 τὸν

2249 2591 2472 2662 βασιλέα
2503 2593 2886 2662 οίικουμενικὴν
2935 2591 3150 2644 σύνοδον
3179 2591 3466 2661 κροτῆσαι,
3499 2589 3565 2643 δι’
3598 2584 3664 2660 ἦς
3689 2587 3796 2640 lct-

2251 2659 2373 2736 σθαι
2406 2684 2513 2737 τῶν
2543 2659 2851 2736 σκανδάλων
2880 2682 3092 2737 πάντων
3122 2659 3469 2750 ὑπελάμϐανε
3500 2681 3599 2752 τὴν
3623 2659 3795 2732 γίασιν.

2251 2771 2464 2834 Εὐθέως
2509 2770 2689 2824 τοίνυν
2743 2769 2994 2837 Ἰωάννης
3028 2768 3123 2837 μὲν
3159 2770 3186 2820 ό
3232 2769 3330 2837 τῆς
3365 2768 3603 2838 Πέργης,
3650 2767 3721 2829 ὼς
3745 2768 3799 2818 ὲν

2253 2863 2453 2924 πάσαις
2498 2863 2616 2923 ταῖς
2647 2858 2885 2928 θλίψεσιν
2942 2857 3184 2928 Ἰγνατίῳ
3226 2857 3693 2927 συγκακοπαθῶν,
3741 2858 3799 2909 ἐκ

2215 2991 2218 3000 ς
2250 2952 2343 3004 τοῦ
2379 2951 2574 3021 μέρους
2610 2949 2703 3003 τοῦ
2738 2951 2860 3002 κατ’
2887 2949 3070 3011 αὐτὸν,
3100 2950 3164 3000 ὲκ
3192 2947 3286 3001 τοῦ
3321 2949 3462 3002 κατά
3493 2947 3583 3000 τὸν
3611 2947 3797 3000 Φώτιον

587 3043 839 3112 Pinacas,
871 3048 963 3116 qui
999 3048 1257 3116 spatharii
1287 3049 1598 3120 dignitatem
1623 3051 1897 3107 obtinebat
1925 3071 1938 3107 :
1968 3055 2144 3125 usique

2258 3045 2313 3096 δὲ
2341 3044 2542 3112 Πέτρος
2570 3043 2598 3095 ὁ
2624 3043 2730 3094 τῶν
2756 3040 3023 3112 Σάρδεων,
3053 3043 3190 3111 πρὸς
3221 3041 3311 3094 τὸν
3333 3041 3521 3094 πάπαν
3554 3038 3799 3092 Νικόλαον

583 3145 713 3192 sunt
741 3138 956 3208 gcmino
978 3139 1264 3206 dromone,
1299 3156 1421 3195 cum
1448 3141 1736 3197 solverent.
1772 3142 1874 3199 Sed
1935 3144 2146 3211 Petrus,

578 3228 679 3297 qui
715 3226 934 3292 Dilacus,
961 3228 1063 3283 hoc
1087 3237 1193 3292 est,
1227 3229 1392 3284 miser
1417 3231 1810 3300 appellabatur,
1845 3234 1898 3287 in
1931 3233 2147 3290 Dalma-

586 3318 696 3372 tico
725 3319 844 3373 sinu
866 3318 1221 3388 periclitatus,
1245 3321 1411 3375 miser
1434 3321 1717 3392 naufragio
1742 3324 1899 3391 periit
1937 3341 1951 3376 :
1978 3324 2148 3380 Joan-

588 3421 684 3462 ucs
723 3422 847 3461 vero
883 3423 1004 3461 cum
1039 3407 1243 3486 Basilio
1285 3408 1584 3463 incolumis
1607 3410 1797 3475 evasit,
1838 3419 1893 3464 et
1920 3411 2150 3465 Nicolao

583 3497 696 3565 jam
731 3497 840 3552 vita
889 3497 1096 3561 functo,
1135 3496 1469 3552 Hadrianum
1523 3514 1714 3568 papam
1769 3501 1993 3554 invenit.
2043 3501 2152 3557 Nec

589 3587 683 3642 diu
707 3589 950 3654 cunctati
981 3588 1258 3657 pontificis
1279 3589 1469 3642 vicarii
1499 3589 2031 3659 Constantinopolim
2056 3608 2153 3647 ve-

587 3659 784 3731 nerunt
816 3676 1130 3746 Stephanus
1162 3687 1216 3734 et
1254 3678 1495 3734 Donatus
1517 3683 1785 3771 episcopi,
1829 3683 2039 3738 Marino
2084 3701 2150 3739 ex

590 3774 798 3836 septem
831 3768 1076 3822 diaconis
1100 3769 1380 3838 adjuncto.
1409 3770 1483 3823 Ex
1513 3768 1741 3826 orientis
1765 3789 1889 3828 vero
1917 3775 2152 3842 patriar-

587 3859 728 3914 chiis
760 3858 1125 3928 (imperatore
1156 3859 1454 3930 principem
1501 3862 1669 3931 Syria:
1688 3864 1845 3917 donis
1870 3879 1933 3917 ac
1960 3865 2153 3920 litteris

589 3950 954 4019 propitiante)
989 3948 1260 4020 Josephus
1311 3952 1733 4008 archidiaconus
1775 3963 1829 4009 et
1881 3957 2152 4025 syncellus

587 4055 656 4095 cx
684 4038 940 4109 Egypto,
973 4040 1185 4109 legatus
1216 4040 1494 4095 Michaelis
1541 4042 1867 4110 patriarcha:
1917 4043 2153 4097 Alexan-

590 4133 731 4186 drini
761 4150 776 4197 ;
811 4131 1052 4188 Thomas
1082 4135 1425 4204 metropolita
1463 4133 1614 4205 Tyri,
1647 4135 1885 4190 vicarius
1914 4135 2152 4190 Michae-

2251 3132 2652 3204 ἀποκρισιάριοι
2699 3130 3173 3202 προεχειρίζοντοσ
3229 3131 3324 3183 σὺν
3372 3131 3554 3192 αὐτοῖς
3607 3129 3662 3182 δὲ
3714 3129 3799 3181 καὶ

2252 3223 2521 3284 Βασίλειος
2569 3222 2597 3273 ό
2623 3219 2956 3289 καλούμενος
2986 3219 3227 3281 Πινακᾶς
3272 3217 3458 3288 ἀπῄει,
3518 3215 3799 3287 σπαθάριος

2250 3314 2347 3385 τὴν
2374 3313 2529 3378 ἀξίαν
2567 3309 2841 3372 καθεστώς
2868 3324 2884 3340 ο
2921 3309 3014 3361 καὶ
3058 3308 3304 3378 ἀπῄεσαν
3333 3310 3390 3363 ὲν
3420 3306 3543 3361 δυσὶ
3568 3307 3791 3378 δρόμωσι

2252 3404 2589 3474 στελλόμενοι
2616 3402 2706 3455 τὸν
2736 3399 2920 3455 πλοῦν.
2967 3399 3124 3452 Ἀλλά
3174 3399 3384 3471 Πέτρος
3410 3401 3510 3470 μὲν
3547 3400 3577 3453 ό
3619 3397 3797 3454 καλού-

2255 3513 2413 3567 μενος
2474 3494 2732 3556 Δείλαιος,
2791 3493 2849 3544 ὲν
2891 3490 2969 3560 τῷ
3017 3491 3202 3560 κόλπῳ
3235 3490 3547 3561 Δαλματίας
3589 3491 3797 3560 κινδύνῳ

2253 3584 2582 3656 περιπεσὼν,
2635 3582 2863 3644 δείλαιος
2907 3580 3093 3633 ὤλετο.
3135 3580 3388 3650 Ἰωάννης
3419 3581 3476 3634 δὲ
3528 3583 3624 3634 σὺν
3651 3582 3797 3635 Βασι-

2252 3678 2382 3747 λείῳ
2413 3676 2695 3738 διασωθεὶς
2734 3673 3011 3742 Ἀδριανδν
3029 3665 3155 3741 εὗρε
3184 3673 3390 3739 πάπαν,
3421 3671 3515 3726 τοῦ
3550 3674 3794 3727 Νικολάου

2253 3769 2351 3838 ἤδη
2377 3767 2472 3837 τὴν
2502 3767 2557 3816 ὲν
2598 3764 2806 3832 σώματι
2858 3762 3251 3826 καταλιπόντος
3299 3763 3466 3833 ζωήν.
3515 3766 3590 3817 Οὐ
3647 3764 3794 3825 πολὺς

2252 3857 2345 3909 οὖν
2379 3857 2436 3910 ὲν
2469 3854 2546 3924 τῷ
2575 3855 2723 3925 μέσῳ
2753 3853 2962 3924 χρόνος,
2991 3854 3081 3906 καὶ
3124 3855 3381 3924 παρῆσαν
3420 3857 3789 3926 τοποτηρηταὶ,

2255 3947 2520 4014 Στέφανος
2558 3947 2654 4014 μὲν
2683 3945 2773 3998 καὶ
2796 3947 3023 4007 Δονᾶτος
3055 3944 3342 4000 ἐπίσκοποι
3366 3947 3459 4000 τοῦ
3493 3949 3648 4002 πάπα
3681 3947 3795 4000 Ῥὼο

2258 4054 2382 4107 μης.
2414 4038 2508 4091 καὶ
2531 4038 2767 4105 Μαρῖνος
2796 4032 2872 4098 εἷς
2893 4035 2999 4089 τῶν
3023 4037 3161 4090 ἑπτά
3189 4038 3452 4092 διακόνων
3478 4042 3579 4094 σὺν
3607 4043 3786 4104 αὐτοῖς.

2268 4131 2362 4183 Ἐκ
2385 4130 2440 4182 δὲ
2470 4130 2578 4181 τῶν
2612 4130 2708 4198 τῆς
2753 4129 3039 4198 ’Δνατολῆς
3079 4132 3500 4200 πατριαρχείων,
3544 4131 3636 4186 τοῦ
3658 4134 3791 4185 αύτο-

592 4225 658 4279 lis
689 4224 1015 4294 patriarchae
1041 4226 1364 4279 Antiocheni
1400 4225 1589 4296 Syriae,
1621 4226 1766 4280 Elias
1797 4228 2074 4297 presbyter
2101 4237 2144 4282 el

2255 4220 2517 4290 κράτορος
2551 4221 2742 4290 δώροις
2780 4221 2872 4273 καὶ
2903 4221 3190 4290 γράμμασι
3222 4221 3312 4274 τὸν
3344 4223 3441 4291 τῆς
3480 4224 3671 4295 Συρίας
3705 4223 3789 4293 ἄρα

593 4313 864 4382 syncellus
891 4314 1061 4367 vicem
1092 4303 1382 4370 Theodosii
1405 4316 1726 4384 patriarcha:
1764 4318 2144 4388 Hierosolymi.

2256 4329 2418 4382 χοντα
2445 4311 2944 4382 παρακαλέσαντος,
2986 4311 3180 4382 Ἰωσὴφ
3206 4313 3304 4382 μὲν
3326 4315 3686 4385 ἀρχιδιάκονος
3714 4314 3791 4366 καὶ

593 4404 705 4457 tani
736 4405 1007 4473 explebat.
1050 4403 1110 4457 Ι·ίί
1142 4421 1335 4460 omnes
1371 4417 1665 4474 prementes
1699 4407 1849 4462 fuere
1877 4423 1998 4462 cum
2025 4424 2144 4463 san‘

2260 4403 2570 4470 σύγκελλος,
2601 4404 2976 4471 τοπστηρητὴς
3001 4403 3218 4473 Μιχαὴλ
3256 4400 3385 4473 ἦλθε
3414 4405 3510 4457 τοῦ
3544 4407 3689 4459 πάπα
3709 4405 3792 4473 τῆς

592 4497 844 4550 ctissimo
877 4498 1186 4567 patriarcha
1210 4496 1418 4566 Ignatio
1449 4498 2073 4568 Constantinopolitano,
2104 4508 2144 4553 el

2263 4494 2384 4548 κατ’
2432 4496 2704 4561 Αἴγυπτον
2745 4493 3184 4563 Ἀλεξανδρείας”
3214 4495 3414 4565 Θωμᾶς
3459 4496 3517 4549 δὲ
3549 4513 3792 4568 μητροπο-

591 4588 858 4656 episcopis
897 4587 1184 4648 duodenis,
1213 4589 1489 4656 perpetuis
1530 4589 1585 4642 in
1638 4591 1785 4643 omni
1841 4590 2054 4643 fortuna
2106 4601 2144 4642 el

2263 4586 2412 4656 λίτης
2447 4585 2622 4655 Τύρου
2650 4586 2813 4638 τόπον
2839 4585 3054 4655 Μιχαὴλ
3091 4587 3328 4657 ἐπλήρου
3357 4587 3448 4640 τοῦ
3478 4589 3577 4653 τῆς
3617 4589 3790 4640 Ἀντιο-

596 4678 858 4732 aerumnis
897 4679 1097 4744 sociis;
1147 4679 1239 4749 qui
1282 4679 1346 4732 ad
1385 4679 1686 4746 dexteram,
1726 4681 1813 4735 ubi
1873 4682 2022 4735 locus
2069 4696 2144 4735 ca-

2263 4677 2415 4747 χείας
2446 4675 2543 4745 τῆς
2569 4675 2707 4729 κατὰ
2729 4675 2924 4742 Συρίαν
2955 4676 3312 4745 πατριάρχου,
3357 4676 3544 4739 Ἠλίας
3588 4677 3642 4729 δὲ
3685 4691 3790 4742 πρε-

595 4770 1044 4824 techumenorum
1071 4778 1175 4832 est,
1209 4770 1391 4838 templi
1434 4771 1576 4839 quqd
1606 4786 1634 4824 a
1660 4772 1919 4840 sapientia
1953 4786 2144 4824 nomen

2256 4765 2510 4836 σϐύτερος
2527 4765 2618 4816 καὶ
2647 4763 2933 4830 σύγκελλος
2959 4765 3037 4827 εἰς
3067 4764 3229 4816 τόπον
3251 4765 3530 4819 Θεοδοσίου
3560 4766 3791 4836 πατριάρ-

596 4861 811 4928 Sephim
840 4862 1068 4930 accepit,
1098 4862 1369 4917 assidente
1410 4861 1609 4916 Basilio
1630 4862 1974 4930 imperatore,
2008 4876 2144 4930 prae-

2259 4875 2355 4927 χου
2395 4855 2500 4908 τῶν
2557 4853 2938 4924 Ἱεροσολύμων
2988 4856 3166 4924 παρῆν
3193 4869 3205 4883 ο
3258 4849 3400 4908 οὗτοι
3453 4857 3648 4919 πάντες
3694 4855 3788 4921 ἅμα

595 4954 874 5006 sederunt.
2219 4963 2222 4966 ’
2273 4947 2516 5017 Ἰγνατίῳ
2542 4945 2617 5014 τῷ
2648 4946 2931 5013 ἁγιωτάτῳ
2971 4946 3278 5019 πατριάρχῃ
3305 4945 3786 5002 Κωνσταντινουπό-

480 5070 481 5073 η
593 5043 749 5106 λεως,
788 5044 878 5095 καὶ
919 5044 1028 5105 τοῖς
1057 5046 1150 5096 σὺν
1199 5043 1345 5113 αὐτῷ
1376 5043 1579 5096 δώδεκα
1624 5043 1711 5106 τὴν
1743 5042 1972 5112 ἀριθμὸν
2008 5041 2323 5102 ἐπισκόποις
2390 5042 2498 5100 τοῖς
2545 5040 3020 5104 συγκεκοπιακόσι,
3092 5038 3184 5090 καὶ
3249 5038 3346 5092 ἀπ’
3409 5041 3583 5110 ἀρχῆς
3650 5040 3784 5110 μέχρι

595 5138 777 5200 τέλους
811 5127 1197 5209 συνηθληκόσιν
1249 5139 1414 5209 αὐτῷ,
1472 5140 1527 5190 ὲν
1563 5142 1673 5200 τοῖς
1730 5139 1920 5202 δεξιοῖς
1959 5139 2147 5208 μέρεσι
2187 5137 2292 5188 τῶν
2340 5133 2810 5202 κατηχουμενείων
2851 5131 2944 5184 τοῦ
2981 5131 3326 5201 περιωνύμου
3401 5129 3528 5186 ναοῦ
3567 5132 3654 5202 τῆς
3709 5132 3784 5185 τοῦ

592 5228 728 5282 Θεοῦ
788 5231 1019 5297 Σοφίας,
1073 5232 1208 5300 μετά
1265 5232 1357 5284 τοῦ
1419 5233 1810 5302 αὐτοκράτορος
1864 5234 2138 5285 Βισιλείου
2180 5228 2564 5300 προεκάθισαν.

581 5353 590 5363 α
671 5320 972 5390 Propositis
1009 5338 1137 5390 ergo
1166 5322 1487 5376 venerandis
1523 5324 1744 5379 vivilicte
1765 5325 1942 5380 crucis
1975 5325 2139 5393 lignis

2335 5319 2453 5370 Τῶν
2477 5318 2670 5385 τιμίων
2708 5320 2762 5372 δὲ
2790 5320 2880 5373 καὶ
2911 5317 3184 5382 ζωοποιῶν
3219 5317 3410 5384 ξύλων,
3439 5317 3547 5372 τῶν
3569 5335 3623 5369 τε
3650 5315 3788 5386 ιερῶν

597 5412 903 5481 sanctisque
921 5411 1220 5481 Evangeliis
1238 5412 1534 5481 explicatis,
1559 5426 1818 5483 praesente
1831 5416 1990 5467 etiam
2011 5431 2144 5467 sacri

2266 5407 2608 5475 Εύαγγελίων
2639 5410 3033 5479 προκειμένων,
3065 5414 3457 5480 συμπαρούσης
3505 5408 3559 5463 δὲ
3596 5410 3676 5461 καὶ
3706 5407 3788 5476 τῆς

600 5511 784 5555 senatu
806 5541 820 5566 ,
853 5504 1081 5568 primum
1117 5503 1331 5572 quidem
1376 5503 1551 5558 missae
1594 5507 1660 5557 ab
1700 5504 1936 5561 Adriano
1972 5505 2144 5558 veteri:

2266 5501 2414 5568 ίερᾶς
2441 5499 2737 5570 συγκλήτου
2757 5538 2772 5564 ,
2805 5498 3018 5568 πρῶτον
3062 5500 3161 5570 μὲν
3205 5501 3262 5559 αί
3308 5500 3631 5570 πεμφθείσαι
3663 5500 3789 5565 παρὰ

607 5591 792 5646 Romae
823 5593 1086 5658 pontifice,
1121 5603 1173 5648 ct
1197 5593 1620 5665 patriarcharum
1652 5611 1714 5648 ex
1743 5593 1958 5648 Oriente
1980 5597 2144 5649 littera

2264 5592 2354 5645 τοῦ
2379 5592 2533 5646 πάπσ.
2554 5593 2655 5662 τῆς
2691 5591 3065 5660 πρεσϐυτέρας
3113 5589 3329 5663 Ῥώμης
3377 5591 3644 5664 ’Δδριανοῦ
3684 5592 3788 5642 tm-

602 5698 667 5736 ex
707 5683 896 5737 ordine
925 5681 1088 5751 lectae,
1123 5699 1335 5742 omnem
1355 5700 1509 5742 sacro
1537 5687 1658 5754 jure
1687 5686 2004 5752 requisitum
2025 5684 2144 5741 ordi

2265 5682 2466 5751 στολαὶ,
2516 5685 2605 5737 καὶ
2652 5684 2707 5737 αί
2753 5679 2903 5750 παρά
2936 5681 3042 5735 τῶν
3089 5680 3422 5738 ἀνατολικῶν
3476 5677 3787 5754 πατριαρχῶν
