3934 6316
149 274 271 338 545

1218 265 1389 326 νιτΑ
1433 266 1493 325 S.
1538 262 1832 324 ΙΟΝΛΤΙΙ
1862 262 1969 323 CP.
1995 264 2342 326 ARCIIIEP.

3289 284 3352 347 5-!
3362 286 3398 347 6

149 388 311 442 κατὰ
342 386 504 452 τάξιν
536 380 1060 450 άναγινωσκόμεναι,
1094 379 1295 440 πᾶσαν,
1327 377 1423 430 καὶ
1459 375 1611 446 ἱεράν
1652 376 1735 427 εὑ-

1844 390 1987 439 nem,
2019 374 2199 441 fidem,
2250 377 2641 441 Innocentiam,
2676 379 3146 455 integritatemque
3189 390 3395 461 legato-

145 477 503 547 οημοσύνην,
531 476 591 529 τό
633 491 693 527 τε
720 471 905 524 πιστὸν
934 470 1027 522 καὶ⁸
1075 468 1325 537 ἄμωμον,
1351 470 1446 520 καί
1490 467 1740 535 άνε-πίληο

144 576 298 615 um
328 562 441 617 τῶν
466 558 899 624 ἀπεσταλμένων
930 555 1333 626 τοποτηρητῶν,
1360 554 1421 605 τό
1447 570 1505 606 τε
1529 570 1740 605 κανονι-

144 654 255 707 ad”
277 654 378 708 καὶ
396 653 657 722 ἔνθεσμον
678 651 788 703 τῶν
809 648 1243 703 ἀποστειλάντων
1268 646 1486 709 αὐτοὺς,
1510 643 1739 698 ἐνώπιον

148 745 394 798 πάντων
420 743 837 798 άπέδείκνῡσαν.
1618 723 1622 727 ’

228 832 474 888 Ἔπειτα
496 835 563 902 τῇ
596 831 722 899 ἑξῆς
771 831 933 899 ἱερεῖς
962 845 1020 881 τε
1064 828 1157 881 καὶ
1193 829 1469 897 ἀρχιερεῖς
1514 826 1737 889 πάντεῖ,

144 926 276 976 ὅσοι
340 923 603 977 Μεθοδίω
654 921 752 990 μὲν
809 920 902 973 καὶ
974 918 1228 986 Ἰγνατίου
1274 917 1590 989 χειροτονίᾳ
1630 916 1738 967 τῶν

146 1015 487 1082 ἁγιωτάτων
534 1012 829 1081 ἐτύγχανον
875 1008 1247 1079 πατριαρχῶν,
1296 1007 1648 1077 πανουργίαις
1684 1007 1737 1057 δὲ

150 1103 557 1164 παντοδαπαῖς,
595 1100 686 1151 καὶ
729 1099 997 1160 ποικίλαις
1041 1097 1294 1150 κολάσεσι
1330 1097 1422 1148 καὶ
1450 1095 1737 1158 ἐπινοίαις,

146 1192 374 1245 Φωτίου
402 1193 466 1261 τῇ
495 1190 745 1260 κοινωνίᾳ
772 1190 1214 1259 συναπήχθησαν,
1251 1183 1397 1242 οὗτοι
1428 1187 1623 1249 πάντες
1655 1186 1740 1236 λι-

148 1281 386 1343 6ἑλλους
427 1281 711 1351 μετανοίας
739 1276 1151 1343 ἐπιδεδωκότὲς,
1182 1279 1275 1331 καὶ
1316 1277 1453 1346 μετὰ
1488 1276 1738 1345 δακρύων

148 1376 223 1443 τῇ
245 1374 385 1444 ἁγία
416 1372 616 1442 συνόδῳ
646 1370 1079 1442 προσπίπτοντες
1113 1372 1206 1424 καὶ
1232 1368 1735 1439 ἐξομολογούμενοι,

150 1464 259 1517 καὶ
318 1465 498 1533 μέντοι
554 1464 649 1516 καὶ
696 1462 1048 1533 συγγνώμης,
1085 1462 1221 1515 κατὰ
1262 1460 1361 1530 τὴν
1394 1461 1533 1528 ὑπὲρ
1561 1459 1739 1512 αὐτῶν

148 1553 253 1607 τοῦ
295 1553 557 1624 βασιλέως
605 1551 971 1623 παράκλησιν,
1033 1551 1129 1603 καὶ
1157 1549 1256 1619 τὴν
1295 1548 1405 1601 τῶν
1452 1547 1738 1618 Ῥωμαίων

148 1639 381 1714 ψῆφον,
420 1644 495 1707 ὼς
528 1643 861 1712 βιασθέντες,
915 1641 1254 1711 ἀξιούμενοι,
1281 1640 1369 1692 ναὶ
1410 1639 1475 1709 δὴ
1522 1640 1614 1690 καὶ
1662 1638 1739 1706 τῷ

1840 481 1981 531 nun,
2046 482 2253 522 necnon
2298 468 2390 537 jus
2419 478 2472 523 ct
2502 472 2877 528 auctoritatem
2933 478 3261 536 mittentium
3308 488 3402 540 de-

1838 556 2140 611 clarabant.

1829 837 1837 844 ·
1912 818 2109 872 Deinde
2132 827 2348 886 postero
2366 819 2451 874 die
2471 823 2777 879 sacerdotes
2814 827 3154 883 etantistitcs
3190 845 3407 896 omnes,

1838 912 1929 979 qui
1969 926 1997 963 a
2029 910 2296 965 Methodio
2326 920 2378 965 et
2424 912 2631 980 lgnatio
2683 918 3046 972 sanctissimis
3085 924 3405 988 patriai-elus

1840 1004 2148 1058 consecrati
2206 1014 2381 1066 erant,
2432 1006 2748 1075 artibusque
2776 1018 2827 1062 et
2880 1011 3109 1073 insidiis,
3151 1016 3407 1083 omnique

1840 1109 2036 1161 genere
2069 1104 2466 1148 tormentorum
2494 1098 2558 1148 ad
2596 1096 2772 1154 Pltotii
2816 1104 3257 1156 communionem
3310 1107 3409 1156 ub-

1842 1187 1974 1252 rcpti
2009 1195 2183 1247 erant,
2233 1186 2427 1240 libellis
2464 1189 2794 1255 paenitentia!
2832 1196 3117 1260 porrectis,
3165 1212 3286 1248 cum
3332 1199 3409 1249 lu-

1839 1277 2041 1353 crymis
2072 1277 2343 1344 supplices
2374 1279 2438 1331 ad
2474 1290 2675 1334 sancta:
2698 1286 2885 1351 synodi
2918 1286 3076 1353 pedes
3101 1289 3409 1353 procubue-

1842 1352 2008 1433 runt;
2056 1376 2108 1420 et
2153 1368 2448 1434 deprecatu
2493 1356 2858 1439 imperatoris,
2909 1352 3048 1443 quod
3097 1352 3201 1430 vim
3263 1383 3407 1446 passi

1841 1468 2043 1519 essent,
2080 1458 2146 1511 de
2196 1462 2463 1514 sententia
2502 1462 2799 1530 legatorum
2852 1467 3129 1532 pontificis
3178 1469 3406 1522 Romani

1840 1549 1997 1603 venia
2031 1548 2258 1619 dignati,
2297 1552 2669 1621 praescriptum
2702 1557 2802 1608 sibi
2831 1559 3132 1625 epitimium
3166 1575 3258 1613 seu
3296 1576 3410 1629 pm-

1843 1648 1966 1686 nam
2024 1647 2430 1705 susceperunt,
2488 1640 2818 1710 perindeque
2866 1658 2930 1697 ac
2969 1647 3059 1698 alii
3119 1648 3403 1718 inculpati,

149 1736 507 1806 διωρισμένῳ
538 1736 753 1805 θέμενοι
782 1735 1065 1803 ἐπιτιμίῳ,
1097 1731 1239 1785 οὕτω
1259 1731 1360 1799 τῆς
1384 1730 1735 1783 τῶνιέπισκὸ-

1841 1725 2217 1795 cpiscoporum
2238 1729 2423 1784 sedem
2465 1728 2753 1800 locumque
2786 1745 3132 1804 receperunt.

155 1844 283 1879 πων
312 1827 576 1897 καθέδρας
623 1829 740 1890 τοῖς
791 1825 1143 1894 άνεγκλήτοις
1188 1823 1388 1893 ὁμοίως
1446 1822 1539 1875 καὶ
1588 1821 1740 1873 αὐτοὶ

154 1934 308 1989 κατη
316 1918 542 1983 ξιοῦντο.

248 2008 534 2061 Ἐντεῦθεν
561 2009 638 2072 είς
668 2008 863 2062 ἑκατὸν
891 2006 983 2061 δύο
1008 2007 1098 2058 τδν
1129 2003 1363 2075 ἀριθμὸν
1410 2002 1741 2064 ἐπισκόπους

153 2102 190 2170 ἡ
230 2099 449 2162 σύνοδος
480 2100 662 2169 ἐκείνη
706 2097 1171 2169 συγκροτουμένη,
1206 2098 1299 2148 καὶ
1326 2095 1503 2148 πάντα
1537 2095 1737 2162 εὐσχη-

160 2192 348 2261 μόνως
374 2190 466 2243 καὶ
504 2190 647 2243 κατὰ
677 2189 849 2253 τάξιν,
908 2190 1002 2242 καὶ
1033 2190 1210 2240 πάντα
1245 2188 1342 2239 σὺν
1371 2186 1513 2256 λόγῳ
1543 2186 1740 2255 καιρίῳ

156 2283 259 2336 καὶ
302 2284 610 2345 κανονικαῖς
638 2281 912 2345 διατάξεσι
945 2280 1124 2349 λέγειν
1148 2280 1244 2343 καὶ
1274 2280 1534 2348 πράττειν
1560 2278 1738 2329 διαλο-

156 2379 465 2449 γιζόμενοι,
500 2379 592 2432 τὸν
619 2378 916 2431 ὑπεύθυνον
941 2376 1144 2429 Φώτιον
1170 2376 1477 2445 παράγουσι
1509 2371 1583 2443 μὴ
1621 2372 1740 2441 βου-

155 2470 428 2541 λόμενον·
462 2470 558 2524 καὶ⁵
585 2469 917 2539 διελέγχουσι
956 2468 1056 2538 μὲν
1106 2467 1395 2534 άποτέμως
1443 2465 1541 2533 τῆς
1594 2479 1741 2531 φονι-

158 2562 268 2631 κῆς
301 2559 441 2612 κατὰ
475 2560 735 2628 Ἰγνατίου
774 2558 866 2611 τοῦ
904 2557 1159 2627 ίεράρχου
1195 2554 1585 2625 προαιρέσεως,
1640 2556 1735 2607 καὶ

157 2652 263 2720 τῆς
291 2648 597 2719 παραλόγου
615 2648 708 2700 καὶ
730 2645 1027 2716 μανιώδους
1055 2644 1425 2712 καθαιρέσεως
1445 2659 1457 2671 ·
1490 2642 1740 2711 ἐλέγχου-

158 2758 214 2795 σι
248 2742 305 2794 δέ
336 2742 433 2793 καὶ
456 2741 552 2801 τὰς
578 2738 931 2808 ψευδοεπείας
966 2736 1131 2789 αὐτοῦ
1165 2738 1259 2790 κα)⁸
1283 2735 1615 2804 δυσφημίας,
1642 2735 1737 2788 καὶ

156 2834 267 2885 ὅσα
296 2833 435 2884 κατᾶ
466 2831 728 2883 Νικολάου
760 2830 853 2882 τοῦ
891 2830 1049 2882 πάπα
1084 2830 1402 2898 πεφώραται
1442 2826 1736 2898 δεδρακώς.

159 2918 298 2976 Εἶτα
352 2922 709 2975 πυνθάνονται
756 2923 884 2992 παρ’
934 2920 1121 2983 αὑτοῦ,
1154 2922 1280 2972 εἴτι
1310 2922 1420 2988 ἔχει
1463 2919 1739 2986 δικαίωμα

161 3016 300 3082 πρδς
342 3013 442 3083 τὴν
476 3015 595 3066 κατ’
660 3013 825 3066 αὐτοῦ
881 3014 1045 3066 πάλαι
1081 3010 1380 3081 γενομένην
1437 3010 1585 3080 παρὰ
1630 3009 1736 3061 τῶν

1910 2005 2179 2079 Deinceps
2212 2010 2305 2064 illa
2329 2012 2573 2081 synodus
2608 2029 2703 2082 per
2741 2015 3032 2087 episcopos
3075 2020 3215 2077 duos
3244 2038 3406 2092 supra

1840 2108 2055 2155 centum
2083 2102 2376 2167 celebrata,
2398 2106 2580 2159 omnia
2617 2107 2809 2161 ordine
2838 2109 3216 2181 decenterque,
3242 2125 3294 2168 et
3324 2131 3411 2167 ru,-

1842 2192 1989 2246 tione
2017 2192 2219 2261 optima
2250 2208 2313 2247 ex
2344 2193 2523 2265 legum
2558 2199 3018 2255 etcanonicorum
3063 2204 3402 2260 decretorum

1840 2284 2157 2352 praescripto
2218 2284 2451 2339 dicendo
2515 2288 2872 2358 agendoque,
2940 2308 3091 2347 reum
3158 2294 3406 2350 Pliotium

1839 2374 2087 2442 quamvis
2118 2374 2494 2441 reluctantem,
2524 2389 2840 2447 praesentem
2901 2383 3094 2438 adesse
3138 2386 3303 2455 cogit.
3340 2385 3405 2441 Et

1840 2480 2027 2518 severe
2051 2465 2127 2519 illi
2157 2465 2425 2535 objiciunt
2451 2469 2680 2523 consilia
2703 2471 2944 2526 exitialia
2970 2476 3226 2531 adversus
3260 2476 3407 2545 lgna-

1841 2556 1975 2610 tium
2009 2555 2167 2619 inita,
2205 2556 2400 2612 factam
2435 2570 2627 2628 prater
2671 2562 2936 2618 rationem
2995 2566 3185 2622 insana
3232 2578 3409 2622 mente

1840 2648 1959 2719 ejus
1986 2648 2425 2718 depositionem;
2458 2652 2738 2705 mendacia
2783 2653 2928 2719 item,
2974 2665 3027 2709 et
3082 2658 3408 2717 calumnias.
3506 2648 3509 2651 λ

1842 2742 2051 2810 aliaque
2084 2742 2286 2805 omnia,
2318 2758 2436 2810 qua:
2465 2742 2603 2797 clam
2640 2744 2900 2798 adversus
2931 2744 3208 2800 Nicolaum
3231 2749 3411 2815 ponti-

1840 2834 1995 2888 ficem
2033 2833 2210 2887 fuerat
2235 2834 2471 2887 molitus.
2504 2832 2706 2888 Deinde
2732 2847 2985 2903 quaerunt
3015 2852 3079 2891 ex
3132 2853 3216 2901 eo,
3273 2838 3404 2906 quid

1841 2923 2165 2991 respondeat
2190 2923 2253 2975 ad
2290 2923 2434 2975 illam
2471 2923 2598 2976 olim
2650 2922 2834 2979 Romae
2883 2924 3047 2978 latam
3107 2935 3291 2979 contra
3351 2942 3411 2979 se

1839 3012 2201 3065 damnationis
2232 3012 2578 3065 sententiam.
2632 3012 2767 3066 Cum
2802 3014 3227 3080 obmutesceret,
3262 3017 3410 3085 quod

172 3104 464 3174 Ῥωμαίων
535 3105 855 3173 κατάκρισιν
932 3104 1373 3170 άνθυπενεγκεῖν.
1437 3103 1610 3155 Αὑτοῦ
1682 3103 1735 3155 δὲ

1847 3103 2048 3155 nullam
2076 3102 2363 3156 criminum
2408 3117 2630 3157 suorum
2678 3118 2857 3157 veram
2902 3096 3271 3160 defensionem
3324 3124 3412 3162 re-

160 3197 478 3260 σιωπῶντος
516 3197 594 3268 τῷ
634 3198 906 3267 μηδεμίαν
935 3194 1013 3266 (8)
1069 3196 1289 3263 εὔλογον
1343 3196 1488 3265 ἔχειν
1537 3194 1734 3247 ἀπολο-

160 3288 287 3356 γίαν
317 3288 451 3358 πρὸς
468 3289 535 3341 τά
564 3289 939 3358 ἐγκαλούμενα
958 3327 974 3352 ,
1008 3288 1195 3357 ἐπειδὴ
1226 3287 1330 3339 ὑπό
1354 3303 1413 3338 τε
1442 3286 1549 3338 τῶν
1577 3302 1738 3337 1:01:0-

158 3381 414 3449 τηρητῶν
440 3379 639 3445 αὐτῶν,
661 3379 766 3432 ὑπό
780 3396 838 3431 τε
861 3377 953 3431 τοῦ
978 3378 1238 3448 βασιλέως
1271 3379 1362 3429 καὶ
1386 3377 1484 3446 τῆς
1506 3376 1737 3445 συγκλῄ

159 3487 257 3524 του
294 3469 729 3540 παραινούμενος
775 3468 1106 3538 συγγνώμην
1157 3468 1399 3537 αἰτῆσαι,
1454 3466 1596 3519 ὥστε
1633 3464 1735 3517 κᾶν

158 3559 261 3628 τῆς
312 3560 420 3613 τῶν
470 3558 675 3614 mc:th
708 3557 991 3620 κοινωνίας
1046 3556 1123 3619 ὼς
1176 3556 1362 3617 λαῖκὸς
1407 3554 1729 3622 ἀξιωθῆναι,

161 3652 508 3706 παντάπασιν
564 3649 627 3712 ἐξ
671 3649 960 3711 αὐθαδείας
988 3646 1313 3703 ἀπεσείσατο
1360 3646 1459 3714 τὴν
1490 3644 1731 3713 συμϐου-

160 3742 320 3798 λίαν·
354 3744 508 3812 κοινῇ
554 3741 742 3794 λοιπὸν
769 3739 1060 3810 ψήφῳρκαὶ
1105 3739 1420 3808 δικαιοτάτῃ
1464 3736 1732 3804 κατακρί-

164 3850 337 3899 νουσι,
393 3822 717 3904 καθαιροῦσι
759 3850 821 3886 τε
848 3833 1035 3888 τοῦτον
1073 3832 1167 3885 καὶ
1217 3828 1734 3900 άναθεματίζουσιν,

165 3927 239 3988 ὡς
278 3924 577 3994 ἐπιϐήτορα
604 3925 701 3978 καὶ
734 3925 943 3993 μοιχὸν,
974 3925 1071 3977 καὶ
1109 3923 1365 3993 διωγμῶν
1415 3921 1735 3991 χαλεπωτά-

164 4036 271 4071 των
299 4019 393 4071 καὶ
425 4017 732 4069 σκανδάλων
783 4016 991 4086 μυρίων
1032 4016 1150 4077 ταῖς
1184 4013 1275 4066 τοῦ
1322 4012 1460 4065 Θεοῦ
1508 4012 1735 4081 Ἐκκλη-

166 4110 309 4171 σίαις
345 4109 516 4161 αἴτιον
549 4108 859 4177 γενόμενον.
886 4108 993 4159 Καὶ
1025 4105 1417 4173 ἀποφαίνονται
1469 4105 1566 4156 σὺν
1617 4104 1736 4172 ἅμα

166 4201 436 4255 Νικολάου
458 4200 557 4271 [αι.
584 4198 871 4260 συνοδικῶς
888 4200 953 4268 τῇ
980 4196 1140 4268 Num]
1164 4194 1257 4249 τοῦ
1290 4197 1447 4251 πάι-ια
1476 4194 1734 4263 καθαιρε-

164 4295 283 4362 τικῆ
314 4291 500 4361 ψήφῳ,
542 4293 612 4360 τῇ
642 4291 781 4359 μετὰ
817 4288 1019 4358 πολλῆς
1067 4286 1352 4357 ἀκριϐείας
1390 4287 1609 4357 πρῶτον
1635 4286 1731 4338 καὶ

164 4383 474 4451 κανονικῆς,
508 4382 623 4452 ἦτοι
652 4381 934 4449 συνοδικῆς
956 4379 1188 4449 κρίσεως
1213 4377 1588 4449 άποφανθείσῃ
1609 4378 1730 4431 κατ’

1840 3193 2076 3262 periret,
2109 3208 2139 3246 a
2181 3194 2373 3263 legatis
2410 3192 2703 3257 Romanis,
2729 3194 2956 3264 ipSitque
2992 3196 3325 3269 imperatore
3356 3209 3411 3252 et

1840 3295 1951 3339 toto
1986 3294 2175 3339 senatu
2230 3286 2557 3348 admonitus,
2595 3296 2653 3340 ut
2710 3288 2922 3340 veniam
2984 3299 3315 3358 precaretur,
3356 3301 3409 3344 et

1837 3378 2026 3431 saltem
2088 3385 2345 3445 tanquam
2381 3378 2554 3432 laicus
2590 3378 2654 3431 ad
2682 3377 2920 3433 fidelium
2968 3381 3408 3436 communionem

1837 3469 2189 3536 reciperetur,
2224 3468 2457 3536 superbo
2489 3478 2542 3521 et
2577 3468 2883 3522 contumaci
2920 3469 3104 3524 animo
3122 3473 3408 3526 consilium

1836 3559 2049 3628 penitus
2093 3558 2413 3627 repudiavit.
2452 3556 2591 3627 Ergo
2620 3558 2895 3612 communi
2926 3560 3167 3613 omnium
3205 3562 3407 3631 aquis-

1838 3652 1980 3705 simo
2022 3650 2231 3719 judicio
2264 3650 2572 3713 damnatur,
2628 3650 2932 3716 abdicatur,
2960 3652 3419 3723 anatbemateque

1837 3743 2165 3813 percellitur,
2184 3742 2344 3796 veluti
2369 3742 2597 3796 violator
2609 3751 2661 3796 et
2679 3742 2911 3807 adulter,
2941 3746 3414 3815 maximarumque

1836 3834 2209 3890 calamitatum
2243 3845 2297 3887 et
2327 3834 2662 3889 infinitarum
2695 3834 3054 3891 offensionum
3081 3851 3146 3891 ac
3180 3838 3411 3892 seanda-

1836 3927 2013 3980 lorum
2041 3925 2095 3977 in
2125 3925 2366 3982 Ecclesia
2398 3924 2491 3978 Dei
2529 3932 2719 3979 auctor
2753 3943 2768 3989 ;
2802 3934 2854 3981 et
2880 3926 3194 3994 pronuntiat
3243 3942 3404 3997 syno-

1836 4022 1941 4073 dus
1964 4019 2119 4088 juxta
2172 4018 2380 4072 Nieolai
2434 4033 2585 4088 papa:
2614 4018 2963 4082 sententiam,
3025 4034 3131 4092 qua
3174 4020 3411 4088 primum

1834 4109 2068 4165 Pliotius
2092 4117 2306 4161 maturo
2355 4122 2478 4160 cum
2514 4106 2747 4175 judicio,
2789 4109 3162 4177 eanonicaque
3194 4123 3288 4163 seu
3321 4123 3412 4178 sy-

1835 4201 2026 4257 nodica
2062 4198 2240 4252 fuerat
2285 4197 2623 4266 depositione
2672 4199 2981 4253 damnatus.
3026 4198 3410 4267 Snbscripsere

1835 4290 2145 4361 (episcopi)
2168 4287 2756 4358 depositioniealamis,
2781 4303 2885 4341 non
2908 4287 3053 4342 nudo
3074 4297 3407 4349 atramento,

1835 4384 1949 4447 sed,
1988 4382 2042 4435 in
2065 4397 2174 4450 quo
2214 4380 2430 4450 penitus
2451 4381 2839 4434 contremiscas
2899 4380 2980 4448 (ut
3013 4392 3107 4432 eos
3158 4379 3249 4447 qui
3295 4394 3408 4432 rem

163 4472 350 4526 αὐτοῦ.
388 4471 796 4542 Ὑπογράφουσι
824 4471 879 4523 δέ
907 4472 974 4541 τῇ
1016 4468 1355 4539 καθαιρέσει,
1382 4470 1441 4521 ού
1480 4467 1619 4538 ψιλῷ
1652 4469 1731 4538 τῷ

1841 4482 2051 4539 norant,
2090 4481 2465 4527 asseverantes
2516 4470 2743 4541 audiri),
2775 4473 2895 4540 ipso
2929 4470 3228 4525 Salvatoris
3279 4485 3408 4523 san-

168 4564 359 4634 μέλανι
410 4564 478 4615 τὰ
510 4562 854 4631 χειρόγραφα
882 4562 1216 4631 ποιούμενοι,
1246 4559 1403 4623 ἀλλὰ,
1431 4558 1490 4610 τὸ
1520 4575 1730 4626 φρικω-

1841 4564 1992 4632 guine
2020 4563 2231 4616 tinctis.
2269 4561 2371 4623 Ita,
2412 4561 2660 4629 inquam,
2691 4561 2910 4614 demum
2943 4560 3193 4614 Pliotium
3239 4574 3407 4613 exau-

164 4653 440 4715 δέστατον,
464 4652 537 4714 ὡς
560 4653 668 4705 τῶν
695 4652 911 4705 εἰδότων
952 4652 1165 4721 ἀκήκοα
1211 4650 1726 4719 διαϐεΰαιουμένων,

1828 4663 2110 4705 ctorarunt
2146 4651 2601 4718 damnaruntque,
2634 4664 2848 4717 unaque
2876 4662 3066 4702 omnes
3095 4647 3162 4701 ab
3200 4648 3291 4701 illo
3316 4663 3405 4701 su-

165 4746 253 4798 καὶ
277 4746 337 4797 ἐν
362 4745 512 4813 αὐτῷ
540 4744 634 4796 τοῦ
663 4744 911 4813 Σωτῆρος
954 4742 1032 4813 τῷ
1073 4743 1266 4812 αἵματι
1296 4741 1593 4815 βάπτοντες
1637 4734 1731 4793 τὸν

1841 4743 1943 4796 eris
1971 4742 2237 4795 initiatos.

165 4840 431 4911 κάλαμον,
488 4838 657 4903 οὕτως
706 4838 1034 4911 ἐξεκήρυξαν
1066 4837 1289 4902 Φώτιον,
1341 4836 1512 4899 οὕτως
1565 4836 1727 4890 αὐτὸν
1766 4838 2140 4902 κατεδίκασαν,
2169 4836 2262 4890 καὶ
2287 4835 2491 4897 πάντας
2522 4834 2649 4897 τοὺς
2704 4836 3253 4904 κεχειροτονημένους
3315 4834 3407 4885 ὑπ’

167 4933 350 4988 αὑτοῦ.

242 5029 510 5083 Ἐνταῦθα
539 5028 847 5097 γενόμενος,
881 5026 1279 5096 κατηγορήσειν
1315 5042 1405 5095 μοι
1441 5024 1583 5077 δοκῶ
1628 5025 1729 5093 τῆς

171 5122 385 5175 συνόδου
406 5138 422 5151 ⁸
458 5119 741 5189 μέμφομαι
772 5118 825 5169 δὲ
855 5118 948 5171 καὶ
979 5116 1077 5185 τὴν
1107 5117 1286 5185 κρίσιν
1315 5116 1541 5185 ταύτην,
1561 5118 1608 5167 εί
1638 5116 1731 5168 καὶ

167 5211 452 5282 τολμηρόν.
482 5210 663 5271 Πάσας
689 5210 794 5278 γάρ
826 5207 922 5271 τὰς
971 5206 1196 5275 πράξεις
1245 5207 1341 5258 καὶ
1367 5208 1495 5268 τοὺς
1544 5206 1729 5276 διωρι-

169 5305 391 5374 σμένους
416 5305 475 5355 ἐν
501 5301 638 5370 αὐτῇ
668 5300 893 5361 κανόνας
924 5298 1123 5369 ὁμοίως
1145 5300 1257 5360 τοῖς
1283 5300 1339 5349 ἐν
1368 5299 1487 5359 ταῖς
1522 5298 1727 5366 προλα-

168 5393 382 5455 ϐούσαις
413 5390 551 5444 ἑπτὰ
575 5390 809 5452 συνόδοις
838 5389 1259 5457 οἰκουμενικαῖς,
1289 5389 1378 5438 καὶ
1412 5386 1632 5450 τούτους
1657 5386 1732 5448 ὡς

1908 5020 2005 5075 ilic
2028 5034 2128 5090 ego
2150 5019 2279 5073 mihi
2316 5016 2582 5088 synodum
2623 5016 2748 5086 jure
2777 5014 3178 5085 quodammodo
3222 5028 3403 5079 repre-

1840 5115 2109 5168 liensurus
2138 5109 2326 5163 videor
2354 5127 2367 5161 :
2402 5107 2793 5177 reprehendam
2817 5117 3017 5168 autem,
3041 5107 3141 5157 etsi
3175 5103 3401 5157 fortasse

1838 5203 2123 5266 audacius,
2153 5202 2254 5253 boc
2291 5200 2464 5269 ipsum
2488 5198 2778 5266 judicium.
2814 5198 3068 5249 Actiones
3102 5195 3242 5247 enim
3286 5208 3401 5246 om-

1841 5311 1934 5348 nes
1956 5303 2010 5347 et
2036 5292 2287 5345 deﬁnitus
2329 5290 2380 5342 in
2421 5305 2486 5346 ea
2526 5304 2787 5353 canones,
2840 5286 3061 5355 perinde
3114 5299 3176 5338 ac
3199 5286 3251 5337 in
3284 5286 3400 5336 aliis

1839 5394 2040 5454 septem
2078 5380 2432 5452 mcymenicis
2474 5382 2715 5452 synodis,
2770 5381 2841 5433 ita
2886 5380 2937 5433 in
2969 5379 3068 5433 liae
3093 5390 3304 5447 quoque
3343 5388 3401 5429 ut

207 5584 309 5664 ,(8)
354 5587 506 5644 Alter
557 5587 730 5643 codex
785 5585 930 5655 legit,
978 5584 1142 5641 αὐτοῦ
1196 5584 1251 5638 δὲ
1292 5583 1537 5646 εἰπόντος
1578 5583 1638 5637 τὸ
1689 5602 1735 5653 με

1841 5579 1978 5651 μίαν,
2014 5596 2129 5634 cum
2162 5595 2281 5635 vero
2310 5579 2400 5635 ille
2423 5579 2843 5649 respondissem:
2876 5573 3007 5627 m'ln'l
3042 5573 3227 5626 habere
3262 5566 3397 5641 quod

167 5654 376 5709 diceret.

310 5834 343 5857 9
