3934 6316
455 191 557 256 m
1619 163 2452 248 NICET/E‘PAPHLAGONIS
3572 173 3684 237 διε

453 312 673 358 sanctos
723 311 777 358 et
819 317 848 357 a
902 300 1104 370 Spiritu
1144 311 1333 357 sancto
1371 302 1602 357 dictatos
1665 301 1818 356 valde
1845 298 2016 370 probo

2141 291 2507 355 lsomsdatouc
2533 291 2651 345 λίαν
2672 290 3025 363 προσιέμενός
3050 307 3108 344 τε
3138 292 3234 346 καὶ
3261 289 3681 360 ἀποδεχόμενος,

455 397 811 463 adrnittoque.
845 393 957 446 Hoc
987 403 1198 448 tantum
1229 397 1281 448 in
1318 395 1421 450 hac
1448 408 1640 450 octava
1675 409 1784 448 non
1816 393 2012 458 laudo,

2141 375 2272 434 τοῦτο
2306 381 2466 450 μόνον
2495 381 2594 451 τῆς
2622 381 2814 454 ὀγδόης
2852 381 3071 436 συνόδου
3117 382 3322 452 ταύτης
3367 382 3684 451 ἐπιμέμφο-

458 503 565 541 non
624 487 763 556 quod
812 487 891 554 (ut
927 485 1092 554 aliqui
1149 486 1392 556 censent)
1448 487 1667 556 gravius
1723 483 2032 548 commota,‘

2141 489 2240 536 ιαι,
2269 471 2366 541 ούχ
2397 473 2477 526 ὅτι
2510 472 2666 543 θυμῷ
2719 473 2877 544 βαρεῖ
2918 473 3013 526 καὶ
3045 476 3402 545 μνησικακίᾳ,
3430 474 3506 538 ὥς
3537 493 3685 540 τινες

459 581 647 633 durius
675 579 726 632 in
760 593 882 632 reos
904 579 1204 632 decreverit
1231 596 1245 643 ;
1273 578 1366 632 sed
1397 590 1588 631 contra
1623 577 1802 646 potius
1835 590 2020 646 repre-

2141 564 2338 626 ιῐονται,
2361 563 2468 616 τῶν
2493 565 2808 618 ὑπευθύνων
2833 565 3073 636 ἀνηλεῶς
3092 565 3516 635 κατεψηφίσατο,
3551 567 3690 636 μᾶλ-

461 670 738 725 hendenda
773 669 1000 723 forsitan
1041 671 1112 724 sit
1141 670 1278 738 apud
1310 669 1842 739 aequum'arbitrum,
1874 667 2020 737 quod

2141 672 2208 707 ιον
2237 655 2336 724 μέν
2355 655 2446 709 οὖν
2473 655 2782 710 τούναντίον
2822 658 3072 727 μεμπτέα
3099 657 3258 728 τυχὸν
3285 657 3423 728 αὕτη
3449 659 3600 728 παρά
3621 675 3690 726 γε

461 759 631 811 multo
665 759 984 813 clementius
1035 773 1200 827 quam
1244 758 1544 828 oportebat,
1580 757 1862 826 iudicarit,
1913 757 2022 810 ba-

2141 747 2311 817 ῑικαίῳ
2336 747 2443 800 τῶν
2484 747 2739 801 τοιούτων
2786 751 2971 820 κριτῇ,
3003 750 3083 802 ὅτι
3117 749 3623 820 φιλανθρωπότερον
3645 749 3688 819 ἢ

460 850 571 903 bita
599 831 799 918 nempe
824 864 1176 918 personarum
1207 850 1391 919 aliqua
1420 850 1650 911 ratione,
1679 865 1785 903 non
1815 862 1880 902 ex
1906 848 2022 916 lege

2141 841 2228 895 Ξδει
2272 841 2370 910 τήν
2399 841 2580 912 κρίσιν
2627 841 2958 911 ποιουμένη,
3009 841 3108 894 οὐκ
3159 841 3691 912 ἀπροσωπόληπτον,

463 937 761 1005 apostolica
816 937 1027 989 sincere
1084 937 1192 990 lata
1222 938 1506 991 sententia.
1563 937 1892 991 Triccsimus
1933 951 2024 990 ca-

436 1040 570 1078 non
621 1025 696 1093 (9)
749 1023 1086 1080 adhibendus
1148 1033 1284 1089 erat,
1342 1039 1451 1093 quo
1513 1027 1848 1080 innocentem
1901 1036 2026 1080 ante

465 1118 729 1184 lgnatium
761 1114 986 1170 Pbotius
1033 1116 1364 1185 sycophanta
1405 1116 1711 1180 damnarat,
1744 1116 1899 1184 quasi
1933 1129 2026 1183 per

464 1207 778 1261 saecularem
828 1214 1152 1274 potestatem
1203 1206 1500 1262 Ecclesiam
1557 1208 1863 1262 invasisset.
1915 1205 2028 1260 Hoc

465 1298 639 1367 magis
659 1312 806 1352 nunc
842 1297 1181 1351 innitendum
1225 1308 1341 1352 erat
1377 1299 1451 1368 .in
1483 1313 1630 1362 eum,
1688 1307 1746 1352 ut
1795 1299 1887 1366 qui
1917 1313 2025 1352 non

466 1386 582 1452 Dei,
605 1403 709 1442 non
740 1396 1038 1458 mystarum
1069 1390 1358 1455 sententia,
1392 1389 1486 1445 scd
1520 1390 1823 1445 incredibili
1844 1391 2029 1461 gloriae

465 1485 520 1530 et
550 1478 861 1532 ambitionis
900 1478 1081 1532 furore
1109 1488 1416 1548 correptus,
1448 1496 1544 1550 per
1577 1481 1891 1536 saecularem
1928 1495 2027 1551 po-

2123 933 2242 986 οὐδέ
2305 933 2559 1004 καθαρῶς
2600 931 2962 1001 ἀποστολικὴν
3008 932 3255 1001 ἐπήγαγε
3304 932 3520 1002 ψῆφον·
3567 933 3692 987 δέον

2124 1023 2202 1093 τῷ
2229 1022 2531 1093 τριακοστῷ
2562 1023 2858 1094 κεφαλαίῳ,
2883 1016 2927 1090 ᾧ
2968 1022 3181 1093 πρῶτον
3205 1023 3294 1076 τὸν
3323 1023 3608 1093 ἄμεμπτον
3655 1025 3696 1077 ὁ

2127 1116 2465 1185 συκοφάντης
2493 1113 2862 1178 κατεδίκαζεν,
2878 1114 2951 1176 ὡς
2969 1113 3056 1166 διὰ
3086 1113 3354 1183 κοσμικῆς
3373 1114 3696 1178 δυναστείας

2127 1209 2368 1278 ἐγκρατῆ
2418 1209 2711 1278 γενάμενον
2735 1207 2830 1278 τῆς
2875 1207 3216 1275 Ἐκκλησίας,
3271 1207 3442 1276 τούτῳ
3495 1208 3699 1277 μᾶλλον

2131 1300 2509 1370 ἰσχυρίσασθαι
2566 1297 2661 1352 νῦν
2702 1291 2844 1352 κατ”
2873 1297 3104 1361 ἐκείνου,
3149 1297 3223 1361 ὡς
3248 1299 3309 1351 οὐ
3351 1299 3518 1368 ψήφῳ
3553 1298 3695 1351 Θεοῦ

2130 1392 2220 1442 καὶ
2278 1390 2488 1462 ίερέων,
2551 1388 2664 1443 ἀλλ’
2714 1388 2984 1460 ύπερὸολῇ
3051 1389 3342 1460 φιλαρχίας
3395 1389 3493 1442 καὶ
3544 1388 3700 1453 δοξο-

2133 1483 2360 1552 μανίας,
2437 1481 2528 1536 διὰ
2596 1482 2865 1552 κοσμικῆς
2940 1482 3252 1544 δυναστείας
3329 1483 3704 1553 τυραννήσαν-

467 1575 722 1622 testatem
751 1568 947 1622 solium
974 1569 1024 1622 vi
1067 1571 1349 1639 tyrannica
1381 1581 1725 1640 occupasset.
1762 1572 1911 1627 Hanc
1941 1573 2030 1627 ille

2141 1588 2218 1635 τος
2267 1573 2366 1642 τῆς
2406 1571 2749 1642 Ἐκκλησίας.
2776 1572 2943 1625 Αὐτόν
2973 1590 3032 1626 τε
3075 1569 3164 1626 διὰ
3204 1571 3375 1626 ταῦτα
3415 1572 3702 1642 καθαιρεῖν

468 1660 540 1713 ob
557 1673 800 1724 causam,
830 1671 882 1714 et
900 1652 1177 1728 praeterea,
1199 1663 1341 1727 quod
1362 1663 1428 1716 ab
1445 1673 1795 1719 exauctorato
1818 1679 1876 1718 se
1902 1680 2032 1719 con-

2141 1633 2258 1722 ξδει,
2287 1633 2380 1713 καὶ
2401 1661 2480 1714 ὅτι
2506 1633 2656 1733 παρὰ
2684 1633 3064 1733 καθῃρημένου
3089 1661 3509 1731 χειροτονεῖσθαι
3564 1633 3704 1713 κατ-

470 1752 674 1803 sccrari
697 1751 953 1814 voluerit,
974 1753 1038 1804 de
1066 1753 1230 1820 gradu
1263 1753 1634 1808 deturbandus
1653 1763 1788 1818 erat,
1822 1769 2035 1811 omnes-

375 1895 380 1899 ,
469 1857 576 1910 que
611 1843 703 1910 qui
735 1859 856 1895 cum
913 1844 1006 1896 illo
1036 1844 1534 1908 communicabant,
1580 1845 1876 1900 secundum
1907 1861 2036 1917 apo-

467 1931 716 1984 stolicam
748 1933 1087 1986 sanctionem
1124 1949 1136 1983 :
1165 1948 1265 1987 nec
1291 1935 1528 2003 oportuit
1556 1949 1651 1989 eos
1681 1934 1790 1991 Deo
1837 1936 2037 2006 Deique

462 2021 672 2091 judicio
705 2023 1082 2079 clementiores
1116 2040 1256 2091 esse,
1296 2034 1349 2080 et
1402 2028 1738 2082 sacrosancti
1771 2028 2036 2097 -Spiritus

469 2117 743 2168 decretum
767 2117 1071 2184 antiquare.
1091 2115 1216 2172 Haec
1237 2118 1436 2188 quippe
1460 2118 1674 2174 illorum
1701 2121 2034 2191 indulgentia

466 2206 654 2258 omnia
689 2220 892 2273 susque
929 2208 1101 2276 deque
1127 2209 1236 2278 egit
1268 2210 1402 2279 (10).
1459 2207 1573 2266 Hoc
1629 2210 1895 2279 judicium
1930 2213 2035 2266 dici

469 2311 579 2350 non
614 2305 792 2366 potest
819 2310 1082 2366 quantum
1113 2299 1421 2362 oﬂ‘enderit,
1443 2311 1881 2372 quantorumque
1907 2318 2038 2357 cau-

468 2403 586 2442 sam
615 2390 905 2457 prtebuerit
950 2392 1237 2446 malorum.
1291 2393 1619 2448 Persuasum
1668 2394 1811 2448 enim
1845 2395 2036 2460 habeo,

468 2477 518 2530 si
550 2487 678 2532 tunc
698 2494 763 2532 ex
793 2480 1164 2548 apostolorum
1193 2490 1245 2536 et
1266 2497 1534 2537 canonum
1564 2485 1886 2539 auctoritate
1914 2501 2038 2540 sen-

473 2569 696 2622 tentiam
722 2569 845 2635 rite,
864 2580 918 2624 et
955 2571 1007 2624 in
1037 2583 1315 2626 auctorem
1357 2573 1668 2629 schismatis
1695 2584 1751 2629 et
1780 2575 2039 2630 offensio-

472 2675 624 2722 num,
647 2669 702 2714 et
731 2660 787 2714 in
807 2670 980 2715 totam
1012 2663 1128 2732 ejus
1151 2662 1440 2719 {actionem
1473 2680 1592 2718 cum
1619 2666 1709 2720 illo
1739 2668 2042 2721 communi-

470 2761 707 2815 cantem,
737 2753 994 2807 omnibus
1050 2757 1437 2820 exauctoratis,
1497 2756 1767 2823 tulissent,
1796 2757 2040 2814 futurum

472 2839 664 2905 fuisse,
697 2842 775 2895 uti
805 2844 981 2896 omnis
1003 2843 1069 2896 ab
1115 2843 1351 2897 Ecclesia
1386 2844 1632 2913 impietas
1683 2847 1736 2900 in
1769 2857 2043 2915 posterum

2133 1751 2304 1820 ηξίου,
2345 1753 2440 1804 καλ⁸
2489 1751 2615 1815 τοὺς
2645 1752 3104 1821 κεκοινωνηκότας
3134 1751 3190 1804 δὲ
3227 1751 3376 1821 αὐτῷ
3428 1751 3567 1806 κατὰ
3601 1751 3707 1822 τὴν

2134 1843 2494 1911 ἀποστολικὴν
2541 1843 2816 1912 ἀπόφασιν
2846 1843 3052 1906 πάντας
3077 1858 3090 1873 ⁸
3120 1842 3216 1894 καὶ
3269 1842 3345 1912 μὴ
3390 1843 3706 1912 φιλανθρω-

2138 1933 2400 2004 ποτέρους
2444 1932 2579 1986 θεοῦ
2609 1935 2702 1987 καὶ
2753 1934 2886 1987 Θεοῦ
2926 1933 3239 2004 γινομένους
3289 1934 3544 2004 κρίσεως,
3600 1935 3709 2004 τὴν

2135 2026 2406 2094 ἀπόφασιν
2434 2024 2525 2079 τοῦ
2553 2027 2814 2096 παναγίου
2837 2026 2974 2080 Πνεύ
2983 2043 3148 2098 ματος
3169 2025 3613 2098 ἀκυροῦν.Τοῦτο
3639 2026 3712 2080 τὰ

2137 2117 2246 2170 ἄνω
2273 2118 2423 2171 κάτω
2454 2118 2716 2188 πεποίηκε
2740 2135 2755 2150 ο
2786 2117 2940 2172 τοῦτο
2967 2118 3028 2170 τὸ
3049 2119 3222 2188 κρῖμα
3246 2117 3346 2170 οὐκ
3395 2116 3541 2171 ἐστιν
3559 2118 3713 2170 ὅσων

2138 2210 2310 2261 είπεῖν
2362 2209 2547 2261 κακῶν
2601 2211 2771 2262 αῐτιον
2827 2209 2920 2262 καὶ
2952 2207 3262 2262 σκανδάλων
3307 2208 3710 2278 ἐχρημάτισεν.

2138 2296 2300 2370 Οἶμαι
2328 2302 2456 2370 γὰρ,
2490 2300 2564 2363 ὡς
2592 2303 2640 2352 εί
2689 2288 3056 2364 ἀποστολικῶς
3097 2299 3220 2352 τότε
3259 2299 3354 2351 καὶ
3402 2297 3714 2361 κανονικῶς

2139 2392 2278 2443 κατὰ
2311 2391 2526 2444 πάντων
2555 2392 2922 2460 ἀπεφήναντο,
2955 2391 3018 2444 ού
3068 2391 3158 2444 τὸν
3193 2391 3364 2443 αἴτιον
3399 2389 3558 2458 μόνον
3603 2389 3715 2457 τῆς

2139 2482 2478 2552 διχοστασίας
2514 2498 2573 2534 τε
2607 2482 2701 2535 καὶ
2747 2482 2858 2535 τῶν
2890 2481 3218 2543 σκανδάλων,
3253 2480 3388 2551 ἀλλὰ
3426 2481 3519 2534 καὶ
3571 2479 3716 2542 τοὺς

2141 2575 2569 2642 κοινωνήσαντας
2599 2570 2746 2639 αὑτῷ
2769 2572 2971 2634 πάντας
2991 2570 3414 2644 ἐκκηρύξαντες,
3445 2569 3718 2639 οὐδεμίαν

2143 2665 2208 2717 ἂν
2236 2665 2316 2716 ἔτι
2351 2663 2492 2717 κατὰ
2519 2665 2618 2733 τῆς
2655 2662 2978 2732 Ἐκκλησίας
3007 2659 3116 2732 εἶχε
3148 2662 3493 2732 παρείσδυσιν
3527 2663 3558 2731 ή
3592 2661 3721 2715 ἀδι-

2143 2753 2255 2808 κία.
2292 2755 2498 2823 Ὠσπερ
2526 2755 2583 2807 δὲ
2619 2753 2836 2823 πρῶτον
2879 2754 3016 2807 κατὰ
3040 2755 3140 2824 τὴν
3187 2754 3278 2807 ἐπὶ
3319 2754 3584 2823 Ταρασίου
3611 2754 3722 2807 τοῦ
3765 2776 3771 2780 σ

2145 2845 2286 2899 θείου
2348 2845 2563 2899 σύνοδον
2605 2847 2747 2899 κατὰ
2791 2845 2900 2900 τῶν
2960 2846 3341 2916 Είκονομάχων
3385 2845 3721 2915 γενομένην,

471 2931 873 2985 excluderetur.
916 2932 1018 2986 Sed
1054 2936 1507 3002 quemadmodum
1544 2947 1688 3000 ante,
1730 2937 1916 2994 divino
1941 2939 2040 2994 Ta-

2145 2937 2328 3006 ἐπειδὴ
2359 2936 2801 3007 συμπαθέστερον
2837 2935 3034 3006 μᾶλλον
3069 2936 3102 3006 ἢ
3153 2935 3485 3004 δικαιότερον
3543 2937 3724 3016 ἐχρή-

473 3021 619 3074 rasio
674 3021 1001 3099 patriarcha,
1068 3035 1122 3079 et
1159 3026 1366 3094 synodo
1421 3036 1611 3082 contra
1658 3027 2040 3084 lconomachos

2145 3045 2303 3082 σαντο
2340 3031 2452 3091 τοῖς
2480 3027 2794 3099 αἱρετικοίς,
2838 3026 3028 3098 καιροῦ
3075 3017 3236 3079 πάλιν
3288 3027 3484 3078 ἐκεῖνοι
3510 3026 3726 3095 δραξά-

473 3110 768 3177 celebrata,
823 3127 944 3165 cum
995 3113 1362 3184 indulgentius
1406 3130 1566 3183 quam
1616 3131 1680 3171 ex
1732 3121 2044 3189 praescripto

471 3201 696 3270 iustitiae
735 3203 1016 3258 haereticos
1040 3213 1384 3271 tractassem,
1414 3207 1488 3260 illi
1518 3218 1731 3276 arrepta
1759 3211 2045 3266 occasione

475 3290 808 3359 impietatem
845 3306 998 3346 suam
1027 3295 1196 3348 multo
1231 3297 1404 3363 magis
1453 3296 1849 3352 continuarunt
1885 3316 1896 3350 :
1967 3301 2042 3354 ita

477 3396 625 3436 nunc
655 3384 860 3452 synodo
886 3384 986 3438 hac
1016 3386 1302 3440 remissius
1327 3398 1537 3456 agente,
1565 3404 1665 3443 nec
1690 3390 1806 3444 sine
1829 3389 2042 3458 aﬂectu,

477 3489 653 3542 neque
679 3490 743 3528 ex
778 3476 1078 3544 apostolico
1099 3491 1305 3532 canone
1332 3479 1695 3535 damnationis
1722 3483 2042 3537 sententiam

479 3565 700 3626 ferente.
762 3567 963 3620 malitia
1017 3583 1207 3622 rursus
1258 3579 1447 3623 contra
1483 3562 1782 3626 Ecclesiam
1839 3575 2048 3629 invenit

477 3653 679 3707 locum.
708 3653 843 3707 Nam
876 3671 969 3724 per
1001 3657 1249 3711 homines
1272 3667 1431 3711 antea
1467 3671 1751 3729 corruptos
1769 3663 2043 3731 explosus,

478 3761 528 3803 et
565 3765 664 3818 per
693 3751 897 3819 eiectos
926 3751 1216 3808 damnatus
1241 3757 1399 3822 quasi
1434 3755 1746 3822 familiares,
1778 3761 2047 3828 postlimi-

481 3841 574 3896 nio
610 3857 919 3907 recurrens,
963 3858 1152 3898 rursus
1185 3846 1503 3913 patriarchze
1527 3849 1778 3902 thronum
1813 3866 1906 3919 per
1937 3855 2046 3909 vim

485 3933 717 3996 invasit;
749 3934 1028 4002 sacrisque
1053 3934 1261 4003 legibus
1315 3945 1370 3989 et
1406 3938 1724 4005 apostolicis
1754 3942 2050 3996 sanctioni-

486 4022 586 4074 bus
620 4022 806 4084 elusis,
835 4011 1212 4078 traditionibus
1235 4025 1486 4080 omnibus
1511 4027 1894 4084 ecclesiasticis
1920 4047 2047 4099 pro-

483 4113 749 4176 culcatis,
803 4129 925 4167 cum
973 4129 1162 4170 omnes
1200 4116 1251 4169 in
1284 4130 1382 4170 sua
1443 4118 1756 4174 testimonia
1785 4131 1837 4174 et
1863 4122 2049 4179 chiro-

485 4205 686 4272 grapha
728 4205 994 4273 perjuros,
1051 4216 1103 4261 et
1157 4209 1336 4262 crucis
1383 4210 1812 4272 conculcatores,
1845 4222 1904 4265 ut
1933 4214 2047 4281 ipse

2148 3136 2318 3188 μενοι,
2355 3119 2451 3190 τὴν
2481 3119 2688 3172 οἰκείαν
2713 3118 3026 3172 δυσσέϐειαν
3065 3117 3445 3188 χαλεπώτερον
3476 3116 3723 3170 άνενεὼο

2146 3225 2304 3262 σαντο
2324 3225 2337 3238 ·
2368 3209 2510 3262 οὕτω
2539 3209 2632 3263 καὶ
2661 3207 2756 3262 νῦν
2778 3209 2877 3279 τῆς
2901 3209 3118 3262 συνόδου
3157 3208 3360 3278 ταύτης
3404 3208 3727 3277 πεφεισμὲρ

2143 3317 2269 3364 νως,
2301 3299 2412 3353 ἀλλ’
2438 3301 2540 3353 οὐκ
2570 3299 2938 3370 άπροσπαθῶς
2967 3301 3062 3353 καὶ
3081 3298 3376 3361 κανονικῶς
3405 3299 3501 3370 τὴν
3527 3298 3720 3369 κρίσιν

2085 3456 2092 3466 ἱ
2145 3389 2590 3458 ἀποφηναμένης,
2612 3381 2767 3457 εὗρεν
2785 3383 2935 3450 αὖθις
2957 3389 2991 3456 ή
3023 3386 3252 3456 πονηρία
3279 3387 3416 3438 κατὰ
3443 3386 3541 3455 τῆς
3585 3387 3718 3439 Ἑκ-

2144 3481 2370 3549 κλησίας
2403 3479 2606 3549 χώραν.
2637 3479 2743 3533 Καὶ
2767 3479 2854 3533 διὰ
2882 3479 2990 3532 τῶν
3020 3477 3470 3549 προειλημμένων
3493 3477 3520 3528 ὁ
3567 3477 3713 3529 ἀπό-

2146 3571 2335 3640 ὃλητος
2373 3569 2468 3642 [αι.
2499 3570 2978 3640 προσειλημμένων
3009 3566 3154 3637 άπ.],
3189 3568 3281 3620 καὶ
3308 3566 3396 3620 διὰ
3435 3568 3543 3618 τῶν
3567 3567 3715 3620 ἀπο-

2146 3663 2343 3733 κρίτων
2379 3660 2730 3733 [ὑποκριτῶν]
2761 3663 2788 3712 ό
2814 3646 3214 3731 καθῃρημένος,
3263 3659 3338 3721 ὡς
3371 3657 3717 3712 κοινωνικῶν

2145 3751 2312 3805 ὄντων
2351 3751 2537 3816 αὑτοῦ,
2583 3749 2965 3819 καταδραμὼν,
3017 3749 3111 3802 καὶ
3146 3746 3300 3811 αὖθις
3347 3747 3438 3800 τὸν
3471 3748 3719 3816 ίεραρχι-

2147 3844 2240 3896 κδν
2264 3843 2450 3913 θρόνον
2481 3844 2840 3914 τυραννήσας,
2889 3841 2984 3894 καὶ
3014 3841 3121 3894 τῶν
3167 3841 3325 3912 ιερῶν
3365 3841 3715 3904 καταπαίξας

2150 3935 2385 4005 θεσμῶν,
2420 3935 2516 3987 καὶ
2557 3935 2733 3987 πάντα
2779 3932 2874 4002 μὲν
2904 3931 3254 3985 άποστολικδν
3287 3931 3502 3994 κανόνα,
3527 3932 3716 3983 πᾶσαν

2149 4028 2203 4081 δέ
2242 4027 2537 4098 παράδοσιν
2569 4023 3022 4095 ἐκκλησιαστικῆν
3053 4022 3557 4092 καταπεπατηκὼς,
3611 4021 3714 4091 καὶ

2151 4121 2355 4181 πάντας
2394 4119 2490 4188 μέν
2548 4117 2656 4170 τῶν
2711 4116 2926 4169 οἰκείων
2982 4115 3280 4185 ὁμολογιῶν
3329 4113 3712 4185 χειρογράφων

2152 4208 2442 4280 ἀθετητὰς,
2490 4209 2697 4270 πάντας
2750 4208 2808 4261 δέ
2853 4206 3268 4276 σταυροπάτας,
3324 4199 3434 4267 οἷος
3480 4205 3713 4269 ἐκεῖνος,

485 4305 625 4353 erat,
676 4292 789 4346 ﬁeri
831 4295 1116 4364 coegisset,
1153 4306 1205 4349 et
1253 4305 1492 4350 extrema
1544 4298 1734 4366 primis
1781 4279 2040 4355 deteriora

2151 4300 2392 4368 γίνεσθαι
2425 4298 2876 4367 καταναγκάζων,
2907 4297 3000 4350 καὶ
3015 4297 3134 4350 ’τῶν
3157 4296 3383 4364 πρώτων
3411 4301 3478 4350 τὰ
3507 4297 3716 4364 ἔσχατα

489 4384 726 4446 fecisset,
759 4384 1001 4438 omnium
1035 4387 1396 4441 conscientias
1435 4387 1738 4458 inquinavit
1783 4401 1837 4444 et
1862 4392 2052 4460 profa-

2152 4391 2320 4460 χείρω
2347 4390 2681 4460 διαθέμενος,
2713 4390 2810 4452 τὰς
2838 4389 3092 4442 ἁπάντων
3131 4389 3460 4457 συνειδήσεις
3514 4387 3715 4458 ἐὸεδή-

491 4473 658 4527 ιιενὶι.
685 4474 862 4542 Atque
889 4475 942 4528 id
992 4476 1048 4528 in
1088 4478 1189 4530 hac
1237 4479 1442 4547 synodo
1475 4479 1832 4542 desideratur,
1867 4490 1923 4534 ut
1954 4497 2040 4551 σε(

2154 4482 2291 4534 λωσε
2325 4483 2416 4534 καὶ
2449 4482 2767 4550 κατέχρανε.
2817 4480 2986 4533 Τοῦτο
3032 4481 3150 4549 μὲν,
3197 4479 3271 4542 ὼς
3295 4482 3322 4532 ό
3371 4479 3500 4549 ἐμὸς
3528 4479 3712 4546 λόγος,

492 4565 690 4629 sentio,
729 4567 872 4633 quod
909 4576 962 4620 et
986 4566 1120 4635 lapsi
1144 4569 1208 4621 ad
1238 4571 1676 4632 communionem
1718 4574 1939 4640 recepti,
2003 4587 2040 4628 ei

2155 4575 2255 4643 τῆς
2295 4574 2508 4626 συνόδου
2538 4573 2742 4642 ταύτης
2789 4573 2849 4625 τὸ
2879 4574 3184 4642 ἐλάττωμα,
3217 4569 3305 4623 διὰ
3349 4573 3447 4639 τῆς
3484 4572 3718 4624 καταδο-

487 4658 647 4724 lupus
695 4665 890 4725 praeter
939 4659 1106 4726 ipsius
1155 4662 1616 4729 exspectationem
1665 4664 1720 4716 in
1771 4664 1912 4716 ovile
1962 4675 2040 4718 est

2147 4664 2246 4733 Χῆς
2277 4663 2371 4716 καὶ
2399 4663 2684 4727 κοινωνίας
2710 4662 2818 4718 τῶν
2850 4662 3272 4733 παραπεσόντων
3298 4699 3313 4723 ,
3361 4659 3455 4712 καὶ
3485 4660 3572 4712 τὸν
3607 4659 3713 4712 λύ-

489 4749 780 4802 admissus.
844 4748 997 4814 Quod
1055 4759 1109 4804 et
1157 4753 1375 4820 quidam
1419 4769 1484 4807 ex
1521 4754 1690 4824 signis
1715 4757 2040 4824 temporibus

2147 4772 2262 4820 κον,
2297 4753 2370 4816 ὡς
2403 4753 2464 4805 οὐ
2500 4753 2820 4823 προσεδόκα,
2873 4755 2986 4814 τοῖς
3037 4750 3328 4820 προῦάτοις
3374 4749 3708 4817 ἐπεισαγού-

488 4840 596 4892 illis
621 4839 749 4893 visis
783 4842 1054 4909 sapienter
1096 4844 1462 4911 conjecerunt.
1495 4845 1742 4900 Nondum
1775 4848 1915 4901 enim
1944 4849 2047 4904 hac

490 4932 697 5001 synodo
727 4933 1017 4997 celebrata,
1043 4935 1134 4989 sed
1159 4937 1335 4988 adhuc
1354 4946 1592 5004 sperata,
1627 4939 1856 4993 bubalos
1883 4955 2052 5008 quon-

488 5026 615 5077 dam
651 5025 866 5079 aliunde
904 5026 1008 5080 huc
1053 5028 1333 5088 adductos,
1391 5042 1589 5095 perque
1642 5028 1873 5082 mediam
1907 5030 2045 5081 viam

491 5127 663 5178 actos.
696 5127 910 5185 repente
939 5095 1088 5172 furor
1119 5118 1400 5185 corripuit,
1421 5115 1649 5186 aliisque
1695 5119 1799 5171 alio
1842 5121 2048 5173 ruenti-

491 5208 611 5270 bus,
644 5223 785 5263 unus
836 5217 984 5264 recta
1012 5210 1270 5263 adversus
1300 5223 1547 5277 magnam
1581 5210 1862 5265 ecclesiam
1897 5211 2043 5264 dela-

568 5362 868 5446 i?l)\\t‘.anon
891 5377 983 5446 ‘cst
1017 5364 1083 5446 29
1115 5363 1513 5446 apostolorum.
1551 5362 1721 5445 Hann.

563 5431 674 5496 (10)
712 5432 826 5482 Non
869 5434 1081 5484 damnat
1128 5431 1338 5484 Nicetns
1378 5435 1747 5485 oecuntcnicum
1771 5433 2049 5483 Concilium

491 5503 641 5566 quasi
676 5502 983 5563 apostolicos
1021 5518 1240 5554 canones
1268 5501 1498 5564 violarit,
1553 5503 1638 5563 scd
1665 5518 1723 5554 ex
1759 5504 1825 5553 iis
1879 5508 2049 5560 rebus.

495 5587 607 5636 qua;
663 5580 773 5635 post
834 5574 1106 5623 concilium
1175 5587 1399 5633 evenere,
1429 5572 1677 5638 majorem
1729 5572 2050 5624 seruitutem

2150 4862 2267 4913 σης.
2301 4843 2470 4896 Τοῦτο
2492 4843 2548 4896 δέ
2587 4860 2730 4904 τινες
2761 4843 2850 4894 καὶ
2877 4843 2982 4894 ἀπὸ
3007 4842 3112 4894 τῶν
3150 4840 3709 4910 παρηκολουθηκότων

2152 4938 2260 4997 τοῖς
2281 4935 2400 4987 τότε
2435 4936 2644 5004 χρόνοις
2671 4933 2984 5001 τεκμηρίων
3009 4931 3289 5000 ἐμφρόνως
3316 4933 3707 4998 ἐστοχάσαντο.

2153 5027 2261 5080 Καὶ
2299 5027 2406 5096 γὰρ
2457 5030 2621 5095 μήπω
2649 5025 2874 5094 ταυτησὶ
2896 5024 2992 5093 τῆς
3015 5024 3234 5076 συνόδου
3262 5022 3704 5092 συγκεκροτημέ-

2153 5136 2269 5187 νης,
2299 5119 2379 5169 ἔτι
2403 5118 2457 5169 δὲ
2481 5117 2856 5185 ἐλπιζομένης,
2890 5114 3139 5185 βούϐαλοι
3159 5113 3354 5176 ἔξωθέν
3385 5130 3513 5166 ποτε
3547 5114 3714 5167 ἐλαυ-

2153 5210 2384 5277 νόμενοι,
2415 5207 2554 5257 κατὰ
2595 5204 2764 5273 μέσης
2810 5207 3054 5276 διήγοντο
3080 5204 3174 5272 τῆς
3223 5194 3460 5265 πόλεως’
3493 5202 3714 5273 ἁθρόως

2147 5362 2442 5413 όε.ηἰι1έναι.’
2504 5359 2690 5426 quippe
2737 5375 2853 5411 cum
2908 5359 3208 5411 clementius
3245 5358 3406 5426 egisse
3467 5357 3715 5410 videatur

2147 5445 2302 5497 quant
2336 5444 2426 5492 per
2448 5444 2670 5480 canones
2700 5430 2834 5496 ipsos
2861 5445 3013 5494 agere
3037 5429 3289 5483 licuisset.
3315 5429 3360 5477 si
3394 5443 3595 5479 summo
3614 5429 3714 5494 ju-

2149 5517 2202 5618 ἷς
2238 5513 2387 5619 aged?
2412 5513 2529 5549 cum
2562 5497 2748 5552 Photio
2777 5497 3157 5567 Photianisque
3205 5497 3469 5560 voluisset,
3528 5497 3716 5566 inquit

2197 5609 2208 5619 .
2288 5583 2314 5618 a
2359 5582 2505 5619 erus.

2197 5609 2208 5620 .
2241 5582 2505 5620 nauerus.
