3934 6316
115 206 228 273 τιί9

1172 208 1345 269 VITA
1386 207 1446 269 S.
1480 204 1771 269 IGNATII
1808 207 1916 268 CP.
1956 209 2304 270 ARCHIEP.

3259 218 3365 285 550

111 320 175 370 δὲ
211 318 573 389 θροηθέντες,
619 307 719 369 ὧδε
770 316 993 371 κάκεῖσε
1045 314 1499 385 διεσκορπίζοντο.
1529 311 1620 378 Εἷς
1653 314 1701 366 δὲ

1811 325 1916 380 tus,
1965 318 2183 386 irrupit,
2220 326 2389 386 atque
2430 317 2494 371 ad
2551 319 2833 374 ambonem
2876 336 3048 391 usque
3092 326 3362 382 curriculo

111 408 315 461 αὐτῶν
342 409 479 461 κατά
499 411 594 477 τῆς
617 404 870 475 Μεγάλης
901 403 1305 475 εύθυδρομήσας
1350 405 1693 473 Ἐκκλησίας,

114 500 213 550 καὶ
248 498 411 554 ἔνδον
438 498 529 551 τοῦ
586 494 731 565 ιεροῦ
781 494 1038 563 γεγονὼς,
1089 495 1248 565 ἀχρις
1276 494 1440 548 αὐτοῦ
1479 495 1690 565 τρέχων

110 589 214 643 τοῦ
262 589 524 657 ἄμϐωνος
569 588 925 658 κατήντησεν.
986 587 1115 655 Ωρα
1163 586 1219 639 δὲ
1264 582 1331 656 ἦν
1388 586 1552 654 ἐνάτη
1603 586 1702 654 τῆς

110 683 383 751 ἡμέρας·
424 682 514 735 καὶ
568 680 726 741 αὐτὸς
772 680 872 733 οὐκ
926 678 1129 746 ἀγαθὸς
1173 678 1401 747 ἄγγελος
1463 681 1576 740 τοῖς
1634 679 1703 730 τὰ

110 774 360 827 τοιαῦτα
392 774 597 843 κρίνειν
624 772 786 825 εἰδόσι
821 772 1196 841 κατεφαίνετο.
1232 768 1433 823 Τούτου
1480 769 1537 843 et
1586 769 1704 838 μείὲ

116 864 238 926 ζων
300 863 595 928 ἀπόδειξις,
630 864 657 915 ὁ
690 862 1121 933 φρικωδέστατος
1175 863 1421 931 σεισμὸς,
1469 861 1525 924 ὃς
1581 860 1701 914 κατ’

116 954 346 1005 ἐκεῖνον
375 952 570 1021 συνέϐη
602 950 692 1004 τδν
720 935 929 1021 καιρόν.
973 951 1198 1019 Ἐνάτην
1252 947 1392 1020 εἶχεν
1465 950 1703 1004 Ἰανουά-

120 1059 265 1110 ριος,
308 1043 407 1095 καὶ⁵
439 1041 629 1095 πολλαὶ
664 1041 760 1111 μὲν
783 1040 1089 1109 ἐκκλησίαι,
1128 1040 1345 1110 ἔμὸολοι
1373 1040 1429 1094 δὲ
1461 1042 1700 1095 πλεῖστοι

118 1134 218 1183 καὶ
251 1126 402 1185 οἶκοι
438 1131 843 1203 ᾑδαφίσθησαν,
897 1131 1109 1200 κτηνῶν
1152 1148 1211 1184 τε
1260 1133 1361 1185 καὶ
1402 1132 1704 1202 ἀνθρώπιον

117 1220 417 1290 ἀμύθητος
443 1222 630 1288 γέγονε
658 1218 1017 1289 πανωλεθρία,
1053 1220 1145 1272 καὶ
1178 1220 1335 1283 αὐτὸς
1381 1219 1439 1274 δὲ
1475 1222 1502 1274 6
1534 1221 1705 1290 μέγας

117 1311 229 1378 τῆς
258 1309 361 1362 τοῦ
395 1308 528 1363 Θεοῦ
556 1309 752 1379 Σοφίας
776 1305 920 1373 οἶκος
950 1309 1088 1362 κατὰ
1120 1310 1289 1362 πολλά
1324 1312 1463 1380 μέρη
1507 1311 1703 1385 διεκιν-

122 1399 391 1454 δυνεύετο
417 1398 769 1470 ῥηγνύμενος,
794 1401 842 1451 εί
875 1398 948 1469 μὴ
965 1400 1061 1469 τῆς
1090 1399 1243 1465 ἀξίας
1275 1399 1407 1469 πρὸς
1432 1399 1540 1454 τῶν
1570 1418 1704 1472 κρα-

121 1487 377 1543 τούντων
402 1489 693 1558 ἐτύγχανεν
730 1488 1063 1558 ἐπιμελείας.
1096 1488 1275 1542 Ταῦτα
1318 1488 1416 1558 μὲν
1463 1490 1566 1558 πρὸ
1598 1491 1699 1559 τῆς

128 1579 383 1634 συνόδου.
408 1580 513 1633 Καὶ
541 1577 658 1648 μετ’
687 1578 852 1649 αὐτὴν
882 1578 1135 1648 ἐξαίφνης
1166 1579 1366 1654 ἐπῆλθε
1394 1578 1700 1650 πνεύματος

1804 405 1936 458 hora
1964 406 2067 459 diei
2099 420 2238 461 nona
2273 408 2549 475 pervenit;
2580 409 2673 478 qui
2708 425 2817 463 rent
2845 414 3113 467 aestimare
3140 417 3363 473 scienti-

1804 494 1905 549 bus
1934 495 2085 549 visus
2134 503 2216 549 est
2251 496 2425 550 malus
2474 511 2595 551 esse
2621 500 2883 562 ,nuntius.
2916 501 3019 555 Sed
3054 504 3231 573 majus
3258 506 3363 560 isto

1802 596 2177 657 argumentum
2200 596 2334 652 erat,
2366 587 2632 643 terrificus
2668 590 2842 656 plane,
2875 591 2966 660 qui
2998 594 3183 647 eadem
3219 603 3361 649 tem-

1802 688 2013 749 pestate
2066 693 2211 733 nono
2258 678 2503 733 Januarii
2540 682 2757 745 accidit,
2809 682 2966 757 terrae
2997 691 3219 751 tremor,
3253 702 3365 754 quo

1803 771 1968 824 multa
1996 771 2214 840 templa,
2250 772 2495 841 plurimae
2527 772 2787 841 porticus,
2813 775 3145 845 aadiﬁciaque
3176 778 3367 831 conci-

1802 862 2019 918 derunt.
2075 862 2366 917 Hominum
2424 879 2487 917 ac
2540 864 2904 933 jumentorum
2954 876 3101 921 tanta
3152 876 3369 937 strages

1802 953 1944 1008 edita
1975 965 2077 1020 est,
2100 964 2300 1024 quanta
2336 955 2516 1010 verbis
2552 956 2779 1026 exprimi
2812 958 2975 1012 nullis
3000 958 3360 1028 potest.'0uin

1802 1052 1853 1097 et
1890 1044 2065 1111 ipsum
2095 1042 2311 1113 Sophia:
2350 1054 2639 1112 augustum
2666 1045 2757 1099 Dei
2792 1047 3050 1117 templum
3084 1047 3271 1103 multis
3308 1049 3362 1103 in

1803 1133 2049 1202 partibus
2069 1147 2417 1198 concussum,
2444 1134 2547 1188 nisi
2571 1148 2703 1189 cura
2735 1136 3023 1205 singularis
3058 1136 3361 1205 principum

1802 1223 2196 1287 antevenisset,
2234 1224 2402 1277 ruina:
2432 1223 2732 1295 periculum
2773 1225 3012 1280 adiisset.
3046 1228 3222 1296 Atque
3247 1228 3363 1281 haec

1803 1324 1927 1368 ante
1959 1314 2224 1386 synodum
2256 1328 2507 1369 evenere.
2543 1314 2675 1371 Post
2724 1315 2989 1387 synodum
3016 1333 3145 1371 vero
3178 1332 3365 1372 mense

1803 1400 2021 1457 Oetobri
2050 1402 2160 1471 jam
2214 1402 2452 1465 ineunte,
2504 1412 2723 1471 repente
2780 1410 2963 1458 tantus
2998 1405 3137 1459 venit
3179 1405 3377 1471 turbo,‘

1803 1499 2059 1559 tantaque
2090 1491 2293 1559 ingruit
2319 1492 2573 1561 procella,
2612 1501 2671 1545 ut
2704 1492 2869 1545 multa
2902 1493 3120 1561 templa,
3169 1496 3363 1547 multa-

1804 1594 1910 1647 que
1954 1580 2173 1648 palatia,
2208 1589 2369 1649 atque
2418 1580 2588 1648 ipsius
2637 1580 2798 1635 etiam
2848 1581 3159 1651 patriarchii
3188 1584 3364 1651 plum-

129 1669 352 1739 σφοδρά
376 1668 623 1735 καταιγίς
645 1708 659 1723 .
700 1648 1021 1740 Ὀκτώόριος
1044 1649 1287 1722 ἐνίστατο
1302 1670 1428 1740 μήν’
1455 1648 1545 1723 καῖ
1563 1667 1701 1724 οὕτω

1804 1669 1959 1723 beum
1988 1679 2185 1723 tectum
2215 1670 2390 1724 instar
2437 1670 2763 1724 membranae
2792 1672 3139 1726 convolutum
3171 1672 3224 1726 in
3255 1683 3368 1727 ter-

128 1757 332 1829 βιαιως
365 1757 587 1812 ἐπέθετο
638 1758 699 1813 τὸ
734 1758 985 1829 πνεῦμα,
1034 1758 1109 1823 ὡς
1137 1759 1344 1813 πολλῶν
1376 1760 1472 1829 μὲν
1503 1761 1700 1830 ἐκκλη-

128 1850 295 1914 σιῶν,
335 1848 541 1902 πολλῶν
574 1848 630 1902 et
661 1849 953 1915 παλατίων,
986 1852 1080 1902 καὶ
1107 1849 1199 1903 τοῦ
1222 1834 1620 1921 ,πατριαρχικοῦ
1645 1852 1701 1905 δὲ

125 1940 292 1992 οἴκου
328 1940 420 1994 τὸν
448 1939 694 2010 μόλιὸδαν
723 1935 809 1993 οἷα
860 1940 1175 2012 μεμϐράνας
1210 1942 1559 2007 συνελίσσειν,
1610 1945 1702 1995 καὶ

138 2014 221 2090 εις
250 2026 519 2098 τοῦδαφος
550 2032 861 2100 κατασπᾷν»
903 2030 964 2082 οὐ
997 2029 1156 2100 μόνον
1191 2030 1268 2095 δὲ,
1303 2032 1437 2085 ἀλλά
1475 2032 1567 2085 καὶ
1609 2031 1699 2085 τοῦ

128 2122 542 2193 τετραπλεύρου
572 2122 845 2193 μονολίθου
872 2125 1047 2188 κίονος
1077 2126 1135 2177 ὲν
1175 2124 1251 2194 τῷ
1284 2127 1618 2198 ἱπποδρομίαι)
1642 2131 1702 2183 τὸ

132 2212 228 2263 ἐπὶ
257 2212 364 2279 τῆς
409 2213 651 2282 κορυφῆς
708 2214 1077 2284 ὲστηλωμὲνον
1124 2215 1351 2285 χαλκοῦν
1405 2219 1703 2288 στροϐίλιον

134 2301 444 2372 βαρύτατον
468 2303 525 2356 δν
560 2304 636 2367 ώς
681 2306 1017 2377 πορρωτάτω
1050 2307 1333 2378 συνετρίϐη
1364 2309 1550 2362 πεσόν.
1583 2313 1696 2363 υύκ

134 2393 262 2462 εικῆ
282 2394 343 2447 δὲ
366 2392 535 2447 ταῦτα
564 2395 1006 2466 παρηκολούθηκε
1047 2396 1115 2451 τά
1170 2401 1394 2470 σημεῖα²
1429 2399 1564 2459 ἀλλά
1592 2399 1691 2469 τῆς

136 2484 442 2555 μελλούσης
467 2482 619 2549 αὖθις
655 2488 1055 2551 ἀκαταστασίας
1091 2489 1182 2542 καὶ
1217 2491 1456 2561 ταραχῆς
1492 2492 1580 2545 διά
1606 2491 1699 2545 τοῦ

134 2578 502 2649 ταραχοποιοῦ
530 2578 775 2650 δαίμονος
818 2580 911 2634 ἐπὶ
956 2580 1055 2651 τῆς
1090 2582 1412 2652 Ἐκκλησίας
1458 2585 1700 2637 ἐνίστατο

133 2670 417 2750 τεκμήρια
468 2672 649 2743 σαφῆ·
688 2673 831 2744 ἅπερ
870 2675 996 2737 ῖσως
1046 2674 1144 2727 οὐκ
1193 2673 1257 2728 ἄν
1305 2674 1618 2741 συνέπεσεν,
1651 2679 1701 2729 ει

142 2761 283 2831 μετά
323 2763 416 2815 τὸν
468 2763 838 2830 ἀποστολικὸν,
870 2763 947 2829 ὡς
998 2765 1230 2837 εἴρηται,
1263 2766 1330 2819 τὰ
1367 2767 1484 2820 κατ’
1539 2768 1700 2823 αὐτὸν

136 2853 333 2924 ἐκρίθη
372 2854 605 2925 θεσμόν⁸
655 2854 769 2908 ἀλλ’
801 2856 950 2926 ὅμως
985 2857 1043 2910 ού
1097 2858 1346 2927 ρυπαίνει
1376 2857 1547 2914 ταῦτα
1595 2859 1695 2930 τὴν

1800 1760 1915 1812 ram
1940 1758 2212 1829 dejecerit.
2244 1759 2354 1813 imo
2382 1748 2682 1813 ct-obelisci
2716 1760 2769 1813 in
2810 1760 3163 1829 hippodromo
3195 1770 3363 1815 tetra-

1801 1848 1922 1919 gOni
1951 1864 2013 1902 ex
2047 1859 2301 1920 perpetuo
2353 1850 2528 1918 lapide
2580 1850 2702 1905 lacti
2740 1852 2983 1905 aheneus
3040 1852 3220 1918 turbo,
3264 1867 3358 1907 seu

1802 1938 2064 1993 strobilus
2096 1939 2299 2009 ingenti
2332 1939 2569 2008 pondere
2600 1940 2865 1996 columna:
2904 1939 3209 2009 impositus,
3238 1956 3369 2012 pro-

1789 2026 1888 2083 cul
1939 2029 2143 2098 ejectus
2173 2038 2227 2084 ct
2253 2030 2421 2086 elisus
2458 2038 2560 2085 est.
2613 2028 2722 2084 Nec
2754 2046 2887 2084 vana
2913 2045 3044 2086 sane
3070 2033 3363 2101 haterquzn

1760 2154 1763 2155 ν
1803 2127 1914 2173 tum
1946 2119 2283 2186 acciderunt,
2308 2119 2458 2174 fuere
2488 2121 2755 2191 prodigia,
2789 2122 2879 2175 sed
2904 2121 3072 2176 futuri
3102 2130 3280 2177 motus
3307 2132 3363 2178 et

1800 2210 2223 2278 perturbationis
2253 2226 2347 2278 per
2371 2212 2726 2267 architectum
2752 2212 3031 2266 turbarum
3060 2213 3363 2267 daemonem

1800 2300 2055 2355 Ecclesia:
2112 2301 2471 2369 impendentis
2511 2313 2694 2371 aperta
2754 2303 2906 2372 signa
2940 2314 2994 2357 et
3020 2308 3360 2372 argumenta.

1799 2390 1928 2458 Quae
1951 2389 2182 2446 fortasse
2204 2392 2510 2447 evenissent
2542 2408 2843 2462 nunquam,
2874 2394 2919 2448 si
2941 2408 3157 2449 causam
3185 2393 3362 2449 Pbotii

1802 2467 2039 2552 synodus
2072 2496 2136 2535 ex
2161 2482 2378 2539 decreto
2401 2484 2721 2552 apostolico,
2756 2493 2815 2538 ut
2839 2494 2924 2539 est
2954 2485 3179 2551 dictum,
3209 2484 3364 2540 deci-

1798 2575 1986 2629 disset.
2032 2572 2319 2627 Enimvero
2384 2574 2495 2628 hac
2548 2574 2866 2643 patriarchae
2929 2576 3116 2646 ignatii
3176 2576 3366 2646 gloria

1800 2664 1972 2717 labem
2003 2664 2204 2717 nullam
2227 2670 2540 2732 aspergunt,
2564 2662 2711 2731 quod
2744 2678 2855 2717 non
2892 2673 3038 2718 esset
3064 2665 3139 2718 illi
3169 2675 3362 2719 aucto-

1800 2756 1931 2808 ritas
1961 2755 2152 2823 agendi
2184 2769 2304 2823 quae
2337 2753 2497 2809 vellet
2536 2771 2549 2807 :
2588 2748 2850 2808 Romanis
2892 2754 3037 2808 enim
3065 2771 3162 2825 pro
3185 2757 3362 2811 eccle-

1800 2846 2018 2899 siastica
2062 2847 2285 2915 antiqua
2345 2844 2653 2908 traditione,
2709 2844 2988 2912 judicandi
3038 2856 3362 2915 petcstatem

135 2944 230 2999 τοῦ
263 2947 608 3023 πατριάρχου
647 2947 826 3013 δόξαν,
875 2948 1064 3019 δτι-μὴ
1096 2948 1419 3013 αύθεντικῶς
1448 2946 1559 3021 εἷχε
1594 2954 1698 3005 πᾶν

1802 2937 2164 3005 permittebat.
2217 2936 2359 3001 Quin
2411 2945 2464 2989 et
2519 2936 2632 3004 ipsa
2666 2935 2904 3005 synodus
2928 2949 3032 2989 non
3083 2945 3369 3007 tantopere

141 3034 170 3086 δ
206 3034 461 3088 ιδούλετο
478 3036 610 3106 δρᾷν
632 3052 645 3067 ’
677 3034 875 3108 μᾶλλον
905 3035 963 3089 δὲ
986 3038 1096 3113 τοῖς
1132 3035 1427 3106 Ῥωμαίοις
1452 3038 1590 3107 μετά
1606 3038 1701 3108 τὴν

1801 3028 2014 3081 volebat
2041 3028 2107 3082 iis
2131 3027 2222 3097 qui
2245 3042 2367 3081 cum
2387 3024 2601 3091 Photio,
2629 3028 2876 3097 quamvis
2909 3026 3064 3081 inviti
3082 3035 3139 3081 et
3161 3029 3361 3103 coacti,

140 3125 347 3184 ἄνωθεν
366 3126 820 3198 ἐκκλησιαστικὴν
854 3127 1169 3196 παράδοσιν,
1198 3126 1295 3197 τὴν
1322 3128 1419 3197 τῆς
1468 3129 1701 3199 κρίσεως

1800 3118 2290 3180 communicarant,
2326 3117 2620 3188 indulgere,
2654 3125 2991 3189 quantOpere
3016 3117 3365 3187 simplicitas,

140 3214 389 3279 ἐξουσίαν
423 3214 753 3286 παρεχώρει.
784 3214 920 3269 Ἀλλ’
950 3216 1108 3285 οὺδή
1139 3216 1350 3279 σύνοδος
1383 3217 1562 3288 εκείνη
1592 3220 1701 3282 τοῖς

1800 3222 1867 3264 ne
1894 3208 2069 3263 dicam
2111 3208 2322 3273 levitas,
2357 3209 2899 3277 imperatoris,-victa
2934 3224 3130 3280 nempe
3182 3210 3362 3268 homiv

138 3307 556 3375 κεκοινωνηκόσι
582 3306 789 3376 Φωτίῳ,
830 3307 885 3358 εί
917 3306 1009 3359 καὶ
1049 3306 1118 3359 τά
1152 3307 1384 3377 μάλιστα
1417 3307 1700 3376 βιασθεῖσι,

1801 3315 1929 3355 num
1971 3300 2237 3369 precibus,
2271 3309 2324 3354 et
2356 3300 2607 3355 laudibus
2645 3300 2827 3354 inﬂata
2859 3302 3138 3367 humanis,
3166 3312 3220 3358 et
3250 3306 3370 3360 cle-

140 3396 390 3449 τοσοῦτον
439 3397 594 3468 ἢθελε
658 3396 985 3465 συμπαθεῖν,
1042 3398 1164 3452 ὅσον
1221 3401 1254 3468 ἡ
1297 3397 1391 3451 τοῦ
1440 3399 1698 3469 βασιλέως

1807 3391 2018 3445 mentite
2035 3391 2254 3444 nomine
2279 3389 2512 3458 perfecta
2544 3390 2639 3445 Dei
2670 3392 2924 3460 aequitate
2950 3394 3166 3463 penitus
3193 3394 3371 3450 desti-

144 3486 403 3557 ἁπλότης,
436 3487 519 3542 ῑνα
551 3488 624 3559 μὴ
650 3488 795 3557 λέγω
844 3470 1132 3559 κουφότης,
1195 3476 1499 3560 προσώπων
1526 3492 1701 3560 ἡττω-

1807 3491 1941 3539 tuta.
1972 3481 2147 3547 Atque
2176 3481 2289 3535 hac
2324 3481 2395 3535 ita
2430 3489 2544 3535 tum
2577 3491 2725 3551 gesta
2757 3490 2904 3539 sunt.

145 3576 275 3646 μένη
306 3578 703 3648 παρακλήσεσι,
746 3576 839 3630 καὶ
880 3580 988 3641 τοῖς
1017 3577 1168 3647 παρά
1201 3580 1403 3632 τούτων
1448 3579 1689 3642 ἀπαίνοις
1728 3570 2195 3643 ύποχαυνουμὲνη,
2221 3571 2311 3623 καλ⁸
2328 3572 2732 3642 φιλανθρωπίας
2756 3573 2977 3644 ὀνόματι
3040 3575 3153 3644 τῆςέ
3201 3575 3369 3650 ἀκριι-

142 3666 265 3733 ϐοῦς
291 3669 386 3723 τοῦ
410 3668 543 3723 Θεοῦ
566 3669 903 3741 δικαιοσύνης
924 3672 997 3733 ὡς
1036 3673 1237 3739 ἐπίπαν
1262 3674 1663 3727 ἀποπίπτουσα.
1706 3671 1851 3740 Πλὴν
1882 3666 2052 3720 ταῦτα
2085 3666 2183 3737 μὲν
2214 3666 2397 3720 τοῦτον
2426 3668 2612 3734 γέγονε
2643 3667 2735 3721 τὸν
2761 3669 2980 3737 τρόπον.

207 3758 376 3822 Αὐτὸς
414 3758 472 3814 δι
509 3761 536 3814 6
591 3759 762 3830 μέγας
811 3759 1068 3829 Ἰγνάτιος
1106 3760 1213 3813 τῶν
1238 3762 1339 3831 τῆς
1381 3761 1701 3830 Ἐκκλησίκς

1863 3755 2089 3825 Magnus
2146 3768 2309 3824 porro
2355 3756 2593 3825 lgnatius
2623 3756 3216 3835 denuosgubernaculis
3250 3760 3368 3816 Ec-

144 3847 337 3901 οίάκων
377 3848 439 3903 τὺ
489 3848 737 3921 δεύτερον
774 3851 1184 3921 ὲπιλαὸόμενος,
1230 3851 1395 3916 ἔδειξε
1446 3854 1539 3905 καὶ
1562 3897 1565 3901 .
1590 3855 1699 3916 τοῖς

1799 3847 1971 3902 clesize
1996 3846 2267 3908 admotus,
2288 3848 2371 3900 vel
2391 3862 2488 3901 sua
2515 3859 2704 3915 suonte
2737 3851 3147 3907 mentientibus
3173 3865 3367 3909 osten-

148 3936 471 4005 τυφλώττειν
501 3938 763 4002 ἑκουσίως
803 3940 1095 4005 εθέλουσιν,
1131 3940 1207 4003 di;
1243 3942 1416 4011 μάτην
1441 3944 1468 3995 ὁ
1508 3942 1700 4012 ἐχθρὸς

1799 3938 1893 4001 dit,
1923 3952 2087 4008 quam
2147 3938 2351 3992 frustra
2405 3939 2578 3997 hostis
2626 3948 2814 3994 contra
2861 3954 2921 3996 se
2952 3941 3217 4012 gloriatus
3264 3944 3359 4001 sit.

148 4024 537 4099 ἐνεκαυχήσατο
559 4032 676 4085 κατ’
705 4030 890 4087 αὑτοῦ.
935 4032 1525 4105 Ἐπιστημονικώτερον
1566 4033 1693 4103 γὰρ,

1799 4028 2032 4084 Peritius
2060 4030 2201 4083 enim
2220 4029 2638 4098 quodammodo,
2658 4032 3004 4101 sanctiusque
3036 4041 3089 4087 et
3112 4035 3360 4091 securius

151 4120 233 4169 ml.
260 4121 457 4187 μᾶλλον
478 4120 746 4193 θειότερόν
776 4140 891 4188 πως
916 4123 1009 4179 καὶ
1033 4123 1429 4194 ἀσφαλέστερον
1448 4125 1482 4194 ἢ
1507 4124 1695 4195 πρώην

1800 4134 1959 4189 qnam
1983 4128 2161 4183 antea,
2197 4118 2494 4173 Ecclesium
2518 4120 2935 4187 administravit,
2972 4132 3029 4178 ut
3056 4126 3149 4194 qui
3172 4126 3359 4184 multis

150 4208 239 4278 τὴν
279 4211 600 4283 Ἐκκλησίαν
630 4213 925 4285 δκυϐιίρναο
966 4214 1059 4268 ἆτε
1082 4200 1156 4286 ’δὴ
1188 4218 1307 4278 ταῖς
1344 4217 1577 4286 μακραῖς
1602 4232 1698 4268 τα-

1802 4223 1857 4269 et
1904 4211 2173 4266 diuturnis
2236 4211 2511 4279 variisque
2558 4212 2774 4266 casibus
2815 4223 2871 4268 et
2913 4215 3171 4270 aerumnis
3198 4232 3358 4271 usum

149 4297 466 4371 λαιπωρίαις
492 4303 583 4357 καὶ
610 4303 879 4367 ποικίλαις
918 4303 1159 4374 θλίψεσιν
1191 4305 1378 4373 ἱκανὴν
1406 4305 1696 4376 ἐμπειρίαν

1801 4306 2015 4376 regendi
2072 4306 2333 4375 majorem
2393 4306 2495 4360 sibi
2568 4316 2954 4374 comparasset.
3043 4308 3361 4381 incorrupte

153 4389 317 4459 ἑαυτῷ
348 4391 693 4463 συνιιλοχώςο
726 4392 1017 4457 ἀδέκαστος
1050 4395 1149 4464 μὲν
1194 4396 1369 4464 πάντη
1406 4396 1499 4448 καὶ
1527 4398 1697 4466 ἀπροο

155 4482 496 4552 omne).qu
545 4486 603 4537 tv
657 4485 780 4547 ταῖς
831 4485 1047 4555 κρίσεσι
1080 4485 1446 4555 δεικνύμενος,
1494 4486 1613 4540 λίαν
1642 4486 1696 4539 δὲ
1740 4565 1745 4570 ⁸

156 4569 371 4643 emes;
396 4573 463 4649 sv
492 4576 610 4637 ταῖς
638 4575 1014 4646 χειροτονίαις,
1043 4578 1155 4639 τοῖς
1186 4576 1554 4647 ἀδικουμένοις
1575 4578 1697 4629 ἑπι-

156 4661 373 4729 κουρῶν,
402 4664 510 4724 τοῖς
535 4665 895 4734 λυπουμένοις
928 4666 1381 4739 συλλυπούμενος,
1400 4669 1511 4729 τοῖς
1543 4684 1697 4720 πενο-

161 4750 322 4817 μένοις
350 4754 628 4823 ἐπαρκῶν,
661 4757 755 4809 καὶ
786 4755 883 4826 τὴν
915 4756 1119 4809 ἔνδειαν
1171 4756 1381 4819 τούτοις
1410 4757 1505 4826 ὅση
1540 4756 1698 4809 δύνα-

163 4856 237 4907 μις
270 4844 474 4916 ἱλαρῶς
507 4846 997 4917 παραμυθούμενος
1023 4864 1037 4877 ⁸
1066 4848 1310 4910 καὶτοὺς
1340 4848 1699 4911 ἀσθενοῦντας

165 4931 249 4996 μὶν
266 4937 328 5005 τῇ
359 4935 538 4989 πίστει
565 4935 597 5006 ἢ
622 4938 713 4991 καὶ
734 4936 819 5007 τῷ
858 4937 1069 5009 σώματι
1114 4939 1442 5007 παρακαλῶν
1462 4940 1553 4993 καὶ
1572 4941 1699 5010 ψυχ-

162 5026 392 5090 αγωγῶν,
444 5029 569 5090 τοὺς
624 5028 973 5098 ὀλιγοψύχους
1016 5030 1073 5083 δὲ
1111 5032 1177 5099 τῇ
1224 5031 1405 5100 χάριτι
1462 5032 1557 5099 τῆς
1604 5030 1697 5085 τοῦ

166 5106 459 5185 Πνεύματος
479 5116 855 5188 ἀνακτώμενος
882 5119 1226 5183 διδασκαλίας
1250 5137 1263 5150 ·
1286 5123 1379 5174 καὶ
1394 5122 1534 5173 πᾶσι
1567 5121 1699 5173 πάν-

166 5214 221 5252 τα
272 5207 569 5275 γινόμενος,
623 5207 843 5261 ἔσπευδε
896 5211 1217 5280 κερδαίνειν,
1251 5211 1371 5263 ὅσον
1420 5210 1698 5278 ὲπάύτῷ,

170 5293 353 5359 πάντας
410 5300 466 5351 ἐν
516 5300 837 5368 σπλάγχνοις
903 5301 1096 5369 Ἰησοῦ.
1150 5301 1251 5353 Δύο
1301 5301 1397 5371 μὲν
1432 5300 1578 5370 αὐτῷ
1614 5294 1726 5353 διά

174 5386 383 5451 σπουδῆς
400 5382 535 5455 ἦσαν
562 5387 669 5440 ὁδοί
686 5404 700 5418 ⁸
739 5390 770 5457 ἡ
802 5389 899 5457 μὲν
926 5390 1060 5456 πρὸς
1085 5389 1215 5441 Θεὸν
1242 5389 1493 5451 ίθυτενῶς
1521 5390 1701 5459 ὁρῶσα

173 5468 242 5523 διὰ
268 5476 507 5546 καθαρᾶς
539 5496 596 5530 τε
651 5479 743 5531 καὶ
798 5479 1143 5532 ἀνεκλείπτου
1194 5482 1594 5549 προσευχῆςιή
1645 5481 1699 5531 δὲ

143 5562 281 5628 .πρδ;
302 5565 397 5636 τὴν
433 5567 531 5636 τῆς
567 5567 887 5635 Ἐκκλησῐας
912 5568 1192 5639 οἰκοδομὴν
1219 5572 1307 5620 καὶ
1332 5570 1696 5640 περιποίησιν.

1797 4397 1939 4451 enim
1981 4396 2232 4466 nullaque
2265 4410 2623 4465 personarum
2672 4395 2851 4451 habita
2886 4396 3096 4451 ratione
3125 4399 3218 4465 jus
3277 4399 3359 4451 di-

1797 4488 1974 4542 cebat.
2003 4485 2341 4555 Singularem
2366 4502 2552 4541 curam
2584 4487 2637 4540 in
2671 4487 3179 4542 consecrationibus
3206 4488 3360 4542 aditi-

1797 4575 1990 4637 bebat,
2046 4576 2243 4645 injuria
2285 4576 2555 4645 oppressis
2584 4575 2791 4629 ferebat
2817 4576 3099 4645 auxilium,
3131 4576 3361 4632 aiilictos

1798 4665 2097 4727 solabatur,
2128 4675 2345 4733 egentes
2400 4665 2736 4729 subievabat,
2774 4680 3070 4735 eorumque
3122 4669 3358 4736 inopiam

1798 4757 1912 4810 suis
1939 4757 2130 4825 copiis,
2161 4764 2219 4808 ut
2253 4746 2482 4823 poterat,
2510 4756 2751 4810 hilariter
2784 4759 3080 4811 recreabat.
3110 4756 3361 4812 lniirntos

1797 4847 2011 4917 quidem
2047 4847 2168 4911 ﬁde,
2190 4856 2283 4899 aut
2306 4846 2467 4900 etiam
2492 4862 2737 4916 corpore,
2763 4849 3117 4903 confirmabat
3140 4858 3191 4901 et
3211 4849 3361 4903 sola-

1800 4940 1978 4993 batur.
2024 4937 2398 4992 Pusillanimes
2453 4953 2582 4990 vero
2615 4938 2846 5006 Spiritus
2887 4939 3058 4993 sancti
3091 4939 3261 5008 gratia
3291 4940 3356 4993 ad

1798 5044 1945 5097 spem
2000 5044 2093 5097 per
2152 5029 2456 5082 doctrinam
2502 5029 2761 5099 erigebat.
2816 5028 3058 5098 Denique
3106 5030 3358 5083 omnibus

1800 5122 1977 5172 omnia
2005 5118 2200 5181 iactus,
2234 5132 2332 5187 pro
2364 5118 2569 5172 viribus
2599 5117 2848 5171 studebat
2877 5133 3064 5171 omnes
3098 5117 3149 5167 in
3186 5118 3358 5169 visce-

1800 5212 1950 5264 ribus
2005 5208 2131 5263 Jesu
2179 5209 2380 5263 Christi
2438 5208 2771 5262 lucrifacere.
2835 5207 3087 5261 Geminos
3146 5218 3358 5270 semper

1800 5302 2105 5371 prepositas
2136 5300 2369 5354 habebat
2407 5300 2521 5353 vias
2562 5317 2574 5352 :
2619 5299 2863 5361 alteram,
2905 5310 3007 5363 qua
3065 5302 3207 5344 recta
3261 5309 3357 5359 per

1803 5408 1963 5461 purus
1991 5401 2043 5444 et
2074 5389 2323 5443 assiduas
2369 5404 2555 5458 preces
2590 5390 2840 5442 tendebat
2870 5387 2931 5438 ad
2966 5385 3129 5435 Deum
3170 5400 3179 5432 :
3221 5382 3354 5433 altc-

1804 5497 1915 5535 ram
1968 5482 2033 5534 ad
2090 5480 2343 5534 Ecclesiae
2373 5496 2482 5534 suae
2516 5480 2920 5533 :ediiicationem
2975 5485 3025 5527 ct
3058 5474 3349 5543 profectum

1804 5571 2117 5627 referebat:
2174 5585 2360 5627 verum
2410 5571 2599 5625 cadent
2646 5570 2804 5626 simul
2854 5582 3015 5634 opera
3066 5579 3352 5633 unumque
