3934 6316
496 220 597 286 551

1647 206 1937 270 ΝῘΟΕΤΑΞ
1976 203 2169 264 ΡΛΡΙΙ
2179 192 2497 263 LAGONIS

3609 194 3733 258 52.3

495 339 640 385 recte
666 323 1109 387 administrabat;
1143 336 1248 374 non
1284 319 1667 389 perfunctorie,
1694 319 1803 381 vel,
1829 327 1885 371 ut
1910 332 2047 371 non-
2075 368 2076 373 η

2173 314 2243 366 na
2273 315 2369 383 τῆς
2396 307 2562 380 αὐτῆς
2595 312 2650 364 δὲ
2698 310 2932 379 σπουδῆς
2977 311 3261 380 ἀμφότερα
3311 305 3621 377 κατώρθου,
3659 308 3735 358 οὐ

495 418 648 480 nulli,
674 415 992 478 oscitanter,
1029 413 1119 467 sed
1156 421 1410 466 accurate
1448 420 1498 464 et
1543 412 1793 463 decenter
1817 425 1845 463 a
1877 409 2048 478 prima

494 508 717 575 juventa
749 505 815 558 ad
857 504 1101 558 ultimam
1135 517 1305 570 usque
1338 512 1612 556 senectam
1657 500 1829 556 sacl-is
1857 514 2051 569 opera-

496 598 685 658 batur;
732 605 893 664 atque
926 596 975 645 iu
1008 593 1262 646 omnibus
1310 593 1547 661 templis,
1577 602 1629 645 et
1663 590 2052 644 laudatissima

498 684 589 737 Dei
627 684 802 746 Matri,
834 692 885 736 et
913 682 1110 735 divinis
1139 683 1398 750 apostolis
1456 682 1912 751 martyribusque,
1962 696 2054 749 ge-

497 775 677 828 stienti
724 774 905 839 corde,
942 788 1062 826 cum
1090 788 1150 826 ca
1186 788 1291 841 qua
1325 788 1419 840 par
1451 781 1587 828 erat.
1614 788 1675 825 ac
1697 772 1934 824 divinam
1961 771 2056 824 de-

497 863 651 915 cebat
691 862 1048 927 majestatem,
1091 862 1287 929 pietate
1314 875 1606 930 pauegyres
1635 861 1855 930 di--sque
1890 859 2057 913 festos

501 952 764 1021 agitabat.
806 952 937 1004 Tam
971 953 1057 1020 pie
1082 968 1209 1007 vero
1247 961 1297 1005 et
1329 952 1598 1021 religiose,
1640 953 1840 1020 Spiritu
1867 966 2058 1020 nempe

498 1052 689 1097 sancto
733 1043 882 1095 illum
919 1042 1250 1110 complente,
1304 1058 1414 1095 rem
1447 1042 1683 1095 divinam
1717 1042 1966 1105 iaciebat,
2002 1051 2059 1096 ut

499 1138 552 1189 in
608 1135 723 1203 ipso
758 1133 911 1187 altari
961 1135 1142 1188 videre
1176 1142 1321 1204 esset
1366 1142 1550 1202 aperta
1602 1132 1836 1203 Spiritus
1885 1134 2058 1187 sancti

499 1227 798 1293 praesentia!
828 1235 1167 1293 argumenta.
1210 1223 1508 1278 Videbatur
1556 1225 1699 1277 enim
1733 1226 1888 1293 panis
1919 1224 2059 1278 divi-

499 1332 602 1369 nus
643 1318 859 1386 penitus
908 1303 1274 1382 immutatus,
1308 1324 1561 1385 totusque
1604 1316 1770 1369 veluti
1822 1316 2059 1370 cmlestis

496 1407 685 1471 Carbo,
742 1406 924 1477 gratiae
976 1408 1157 1460 radios
1217 1421 1469 1475 spargere
1522 1406 1760 1462 caelestis
1808 1407 2057 1461 ﬂammae.

498 1499 691 1553 Crucis
720 1515 935 1568 quoque
967 1499 1201 1567 signum,
1234 1497 1376 1566 quod
1403 1513 1511 1551 ara:
1533 1499 1767 1567 desuper
1804 1498 2058 1552 immine-

500 1589 610 1651 bat,
639 1604 778 1658 smpe
810 1588 1016 1656 placide
1050 1587 1265 1641 concuti
1310 1587 1634 1641 cernebatur
1660 1628 1676 1651 ,
1733 1601 1856 1641 cum
1906 1600 2059 1640 sacra

2155 398 2291 469 μετὰ
2332 400 2621 469 πάρεργον,
2667 398 2785 451 οὐδὲ
2824 398 3102 468 ῥᾳθύμως,
3159 398 3348 467 ὥσπερ
3380 397 3547 458 τινες,
3578 395 3739 451 ἀλλὰ

2152 491 2245 543 καὶ
2265 490 2383 543 λίαν
2412 490 2681 558 ἐπιμελῶς
2712 490 2805 541 καὶ
2838 489 3103 551 συντόνως
3130 490 3193 541 ὲκ
3214 489 3464 556 νεότητος
3498 487 3605 549 ἕως
3630 487 3740 555 γή-

2154 598 2261 651 ρως
2304 582 2394 632 καὶ
2439 580 2727 645 πρεσϐείου
2784 579 2971 648 βαθέος
3002 584 3117 641 ταῖς
3152 581 3322 649 ἱεραῖς
3352 579 3737 648 λειτουργίαις

2154 660 2456 738 εὖηρέστει,
2512 668 2607 721 καὶ⁸
2662 668 2798 736 μετὰ
2834 669 3011 720 πάντα
3044 667 3334 735 σεϐάσμιον
3364 661 3512 718 οἷκον
3561 667 3635 735 τῇ
3669 680 3738 716 τε

2141 763 2489 831 -πανυμνήτῳ
2535 763 2719 833 Μητρὶ
2756 761 2849 814 τοῦ
2884 762 3043 830 Θεοῦ,
3094 764 3204 823 τοῖς
3246 778 3303 813 τε
3358 760 3524 822 θείοις
3580 760 3739 813 ἀπο-

2159 854 2367 915 στόλοις
2398 854 2487 906 καὶ
2532 856 2796 922 μάρτυσιν
2820 856 2876 906 ὲν
2900 851 3215 920 ἀγαλλιάσει
3241 851 3465 920 καρδίας
3496 850 3739 918 θεοπρε-

2158 943 2273 1006 πῶς
2302 943 2725 1013 ὲπανηγύριζεν.
2784 942 2938 995 Οὕτω
2968 944 3023 996 δὲ
3058 943 3314 1012 θεοφιλῶς
3345 942 3437 995 καὶ
3472 958 3737 1011 πνευμα-

2158 1037 2455 1105 τοκινήτως
2484 1038 2653 1105 ἀνῆγε
2678 1036 2775 1105 τὴν
2807 1035 3141 1105 προσφορὰν,
3170 1035 3244 1096 ὡς
3270 1036 3356 1087 ἐπ’
3379 1035 3553 1102 αὐτῆς
3590 1036 3741 1104 ὁρᾷν

2158 1126 2257 1194 τῆς
2289 1128 2436 1189 θείας
2466 1125 2741 1196 τραπέζης
2759 1126 2959 1195 εναργῆ
2990 1126 3086 1193 τῆς
3115 1124 3207 1177 τοῦ
3235 1125 3551 1192 Πνεύματος
3578 1141 3740 1192 παρ-

2159 1221 2347 1283 ουσίας
2410 1221 2706 1290 τεκμήρια.
2768 1219 2961 1289 Ὠρᾶτο
3011 1218 3117 1289 γὰρ
3171 1219 3199 1271 ὁ
3234 1217 3373 1281 θεῖος
3415 1218 3578 1287 ἄρτος
3604 1219 3736 1280 ὅλος

2160 1311 2539 1381 ἠλλοιωμένος,
2568 1312 2684 1370 ὅλος
2714 1310 2897 1379 ὥσπερ
2920 1309 3121 1381 ἄνθραξ
3140 1299 3384 1382 οὐράνιος
3411 1312 3569 1378 χάριν
3591 1310 3741 1362 ἀποο

2162 1403 2386 1455 στίλϐων
2414 1400 2506 1453 τοῦ
2540 1402 2791 1471 οὐρανίου
2829 1400 3020 1470 πυρός.
3046 1397 3249 1453 Ὧπταί
3276 1416 3403 1452 ποτε
3438 1401 3738 1470 κραδαινό-

2163 1511 2321 1564 μενος
2342 1495 2435 1547 καὶ
2463 1496 2492 1546 ὁ
2521 1493 2773 1562 ὑπεράνω
2801 1494 2897 1563 τῆς
2926 1492 3085 1559 ἁγίας
3112 1492 3386 1563 τραπέζης
3417 1494 3742 1562 ἀπαιωρού-

2165 1598 2321 1650 μενος
2346 1581 2595 1651 σταυρόςο
2624 1580 2804 1651 ἠρέμα
2835 1581 2932 1650 μὲν
2956 1580 3210 1642 πολλάκις
3241 1580 3536 1649 σειόμενος,
3564 1580 3739 1639 ὕψου-

499 1680 676 1733 hustia
707 1678 1087 1741 extollebatur,
1121 1677 1293 1731 sancti
1332 1676 1565 1744 Spiritus
1612 1678 1861 1732 videlicet
1886 1677 2061 1747 signi-

2173 1671 2329 1739 μένου
2360 1669 2452 1724 τοῦ
2484 1669 2674 1740 ἄρτου,
2707 1670 2994 1741 καθωρᾶτο
3018 1712 3031 1736 ,
3067 1671 3163 1740 τὴν
3203 1669 3295 1723 τοῦ
3346 1672 3499 1738 ἁγίου
3527 1672 3738 1743 δηλαδὴ

500 1767 670 1821 ﬁcans
699 1767 1188 1821 obumbrationem.
1226 1765 1329 1819 Sed
1366 1765 1483 1835 ipso
1517 1766 1603 1820 die
1646 1765 1866 1821 Pascha:
1898 1768 2065 1836 potis-

501 1859 699 1914 simum
746 1859 879 1911 adeo
920 1857 1271 1910 vehementer
1320 1865 1651 1910 commotum
1681 1865 1784 1919 est,
1832 1858 1908 1909 uti
1952 1854 2095 1926 pre-‘

500 1949 699 2018 shyteri
732 1956 785 2000 ct
836 1947 1074 2016 episcopi
1123 1961 1336 2013 omnes,
1392 1948 1735 2017 maximeque
1791 1947 1828 2002 ii
1866 1948 1958 2018 qui
2000 1962 2066 2002 ex

500 2038 621 2096 aliis
645 2038 982 2105 patriarchiis
1010 2038 1252 2099 aderant,
1286 2038 1548 2107 mysterio
1576 2039 1833 2107 perculsi,
1864 2039 2067 2109 ingenti

500 2144 633 2184 voce
656 2128 859 2182 diutius
890 2128 1099 2181 Numen
1135 2127 1388 2182 laudibus
1416 2128 1753 2183 eelebrarint.
1784 2129 1860 2184 Ita
1891 2145 2071 2185 sacer-

496 2218 600 2272 dos
632 2234 855 2287 magnus
878 2218 1204 2272 sacrittcium
1244 2218 1629 2272 intemeratum
1672 2219 1911 2289 perfecta
1950 2221 2065 2285 ple-

502 2324 680 2378 Itaque
723 2309 825 2363 ﬁde
847 2308 1126 2374 oﬂ‘erehat,
1164 2308 1383 2379 Deoque
1424 2326 1524 2380 per
1582 2310 1713 2364 illud
1753 2312 2067 2381 propitiato,

504 2399 686 2469 populi
728 2400 981 2463 salutem,
1016 2411 1074 2453 ut
1102 2400 1373 2454 sacerdoti
1410 2416 1509 2470 par
1548 2411 1686 2464 erat,
1718 2403 2066 2471 operabatur.

507 2490 613 2543 Eas
646 2479 945 2559 porr0~qui
1000 2490 1065 2543 ad
1121 2490 1271 2544 illum
1306 2491 2068 2560 accedebant,hujuscemodi

503 2580 848 2647 documentis
872 2580 1152 2634 erudiebat
1184 2600 1197 2634 :
1236 2582 1523 2646 Attendite,
1546 2583 1741 2651 inquit,
1772 2583 1936 2647 vobis,
1956 2584 2074 2653 [να-ν

481 2680 631 2729 .tres.
660 2681 705 2722 et
740 2671 904 2724 videte
938 2671 1193 2739 quomodo
1223 2680 1376 2725 caute
1410 2672 1710 2734 ambulelis,
1743 2689 1843 2727 non
1874 2686 1928 2727 ut
1981 2675 2067 2728 inc

505 2763 771 2838 sipientes,
795 2762 883 2814 sed
911 2770 967 2812 ut
989 2762 1281 2828 sapientes:
1308 2771 1355 2815 et
1384 2762 1543 2815 nolite
1566 2764 1679 2830 ﬁeri
1700 2763 2069 2830 imprudentes,

506 2853 596 2906 aed
625 2851 966 2919 intelligente:
1004 2852 1321 2905 voluntatem
1372 2852 1467 2905 Dei
1500 2854 1557 2920 8;
1593 2865 1645 2907 et
1680 2869 1693 2906 :
1736 2853 1915 2909 Nolite
1949 2872 2072 2911 cono

507 2943 734 3010 formari
756 2942 879 2994 huic
905 2942 1117 3005 sarcula,
1152 2944 1239 2995 sed
1260 2942 1736 3009 transformamini,
1768 2948 2065 3001 secundum
2096 2981 2136 3035 ο

509 3033 827 3101 Apostolttm
851 3072 865 3096 ,
906 3035 1238 3086 renovatione
1269 3034 1455 3087 mentis
1502 3045 1725 3099 vestrm;
1760 3048 1813 3089 ut
1842 3039 2066 3104 probetis

509 3137 618 3186 vos,
648 3135 695 3175 et
728 3123 927 3186 sciatis,
952 3138 1069 3190 quae
1094 3124 1158 3175 ait
1193 3122 1436 3176 voluntas
1464 3122 1556 3176 Dei
1592 3125 1726 3177 bona
1750 3137 1798 3177 et
1826 3126 2071 3196 benepla-

507 3228 629 3265 cem
684 3222 733 3265 et
786 3212 1017 3281 perfecta
1062 3213 1127 3265 ἐ
1177 3222 1225 3266 et
1260 3229 1375 3282 qua:
1441 3216 1643 3277 vacatio
1704 3216 1827 3283 ﬁdei
1892 3228 2073 3273 vestrae

506 3314 558 3358 et
591 3306 696 3373 spei
724 3306 779 3358 in
806 3304 1015 3358 Christo
1044 3302 1172 3358 Iesu
1201 3304 1422 3358 Domino
1454 3314 1631 3359 nostra
1656 3307 1719 3363 ‘°.
1753 3306 1831 3361 Sit
1855 3311 2072 3363 lucerna

512 3394 696 3448 cordia
734 3394 898 3448 vestri
946 3409 1160 3465 semper
1210 3396 1406 3449 ardens
1438 3392 1641 3463 Spiritu
1676 3407 1886 3460 sancto,
1916 3413 2071 3467 pura,

512 3484 746 3547 sincera,
782 3484 982 3554 liquida
1014 3492 1068 3539 et
1114 3484 1417 3555 splendida,
1472 3494 1530 3541 ut
1584 3486 1675 3540 illa
1736 3496 1843 3542 tota
1895 3489 2075 3545 anima

514 3584 694 3625 veSIra
740 3572 1097 3627 illuminetur.
1136 3572 1217 3627 Sit
1247 3573 1401 3629 vobis
1447 3589 1602 3630 mens
1631 3591 1845 3644 semper
1871 3577 2077 3632 intenta

512 3663 580 3716 ad
614 3662 924 3728 Dominum,
956 3664 1183 3733 simplex
1209 3675 1264 3718 et
1296 3678 1463 3731 recta,
1497 3666 1659 3735 cujus
1704 3669 1897 3722 unicus
1927 3668 2080 3723 labor

513 3749 667 3804 silet
700 3749 964 3815 studium,
1013 3752 1317 3822 unicusque
1369 3763 1423 3807 et
1469 3754 1760 3823 primarius
1807 3757 1930 3813 linis
1958 3773 2081 3827 pro-

515 3841 751 3908 positus,
796 3841 921 3894 boui
977 3844 1173 3895 summi
1231 3843 1635 3914 contemplatio.
1679 3845 1758 3901 Ad
1811 3847 1963 3914 illud,
1998 3852 2083 3903 in—
2127 3876 2135 3885 -

514 3942 699 3994 quam,
757 3936 947 3981 natura
1011 3944 1109 3982 sua
1157 3944 1346 3984 verum
1408 3946 1835 4002 germanumque
1878 3936 2080 3991 bonum

518 4032 671 4071 mens
706 4031 882 4077 vestra
916 4020 985 4073 sit
1016 4034 1279 4075 conversa
1312 4036 1547 4092 semper,
1598 4030 1653 4078 et
1697 4024 1749 4079 in
1783 4025 1876 4081 illo
1907 4027 2081 4096 vivat',

518 4119 800 4163 moveatur
832 4119 885 4163 et
918 4111 1027 4174 sit;
1064 4111 1117 4165 in
1169 4112 1262 4165 illo
1293 4112 1628 4167 illuminetur
1681 4114 1927 4183 bonaque
1966 4117 2087 4171 red-

518 4200 677 4253 datur
703 4216 714 4249 :
745 4199 842 4263 illi,
869 4201 1044 4268 quoad
1068 4201 1185 4271 ejus
1214 4204 1327 4256 lieri
1357 4211 1555 4271 potest,
1584 4204 1777 4260 similis
1829 4205 2087 4262 elﬁciatur

2168 1760 2479 1830 Πνεῦματος
2532 1763 2842 1813 έπισκίασιν
2883 1761 3287 1830 ὑποσημαίνων.
3331 1762 3417 1815 Ἐν
3444 1763 3629 1833 ἡμέρᾳ
3679 1763 3736 1815 δέ

2149 1870 2295 1920 ¹ποτε
2319 1853 2414 1905 τοῦ
2454 1852 2641 1923 Πάσχα
2673 1853 2905 1923 μάλιστα
2956 1852 3097 1905 οὕτω
3144 1852 3418 1923 διεκινήθη
3455 1854 3735 1926 σφοδρῶεο

2165 1943 2239 2007 ὡς
2273 1943 2476 2004 πάντας
2530 1941 2692 2013 ἱερεῖς
2727 1945 2820 1997 καὶ
2872 1944 3159 2013 ἀρχιερεῖς,
3210 1944 3303 1997 καὶ
3334 1944 3567 2013 μάλιστα
3603 1947 3737 2010 τοὺς

2167 2036 2231 2087 ὲκ
2268 2034 2371 2087 τῶν
2405 2034 2577 2088 ἄλλων
2610 2035 3020 2105 πατριαρχικῶν
3053 2034 3280 2106 θρόνων,
3329 2037 3389 2089 τὸ
3426 2040 3733 2106 μυστήριον

2168 2122 2665 2192 ἐκπεπληγμένους,
2704 2125 2910 2196 μεγάλῃ
2942 2129 3091 2197 φωνῇ
3146 2126 3388 2191 δοξάζειν
3436 2129 3530 2181 ἐπὶ
3588 2129 3733 2183 πολὺ

2167 2213 2256 2266 τὸν
2282 2213 2431 2265 Θεόν.
2465 2213 2648 2277 Οὕτως
2674 2216 2703 2267 ό
2737 2215 2906 2284 μέγας
2930 2218 3186 2289 ἱεράρχης
3209 2218 3506 2288 ἀχράντους
3535 2221 3732 2285 θυσίας

2169 2304 2227 2357 ὲν
2251 2304 2546 2375 τελειότητι
2572 2305 2805 2369 πίστεως
2834 2308 3070 2377 γνησίως
3099 2309 3405 2379 ἀναφέρων,
3461 2312 3557 2364 καὶ
3592 2312 3736 2369 ταῦ-ξ

2169 2411 2287 2459 ταις
2315 2396 2661 2466 ἱλασκόμενος
2687 2397 2779 2450 τδν
2832 2394 2997 2462 Θεὸν,
3054 2400 3397 2470 ἱεροπρεπῶς
3452 2404 3731 2474 ἱερούργει

2169 2486 2267 2555 τὴν
2296 2487 2563 2557 σωτηρίαν
2608 2488 2699 2540 τοῦ
2730 2487 2877 2542 λαοῦ.
2924 2490 3033 2543 ’Acl.
3054 2491 3108 2544 δὲ
3129 2492 3253 2555 τοὺς
3287 2493 3598 2562 ιγγίζοντας
3630 2496 3733 2548 αὐ-

2169 2574 2246 2644 τῷ
2279 2574 2548 2638 τοιαύταις
2579 2576 2909 2645 κατεφώτιξε
2937 2579 3195 2649 διδαχαῖς,
3246 2583 3599 2652 Προσέχετε,
3646 2586 3734 2639 λέ-

2170 2680 2300 2731 γων,
2329 2664 2581 2734 ἑαυτοῖς,
2608 2668 2872 2737 ἀδελφοί,
2901 2671 2995 2724 atat
3022 2672 3305 2737 βλέπετε,
3339 2672 3463 2740 πῶς
3477 2676 3736 2744 ἀκριϐῶς

2170 2752 2275 2805 τοῦ
2296 2753 2437 2817 ,ϐίου
2468 2756 2833 2822 περιπατεῖτε
2867 2758 2981 2826 τὴν
3031 2755 3195 2824 ὁδὸν,
3228 2762 3314 2830 μὴ
3357 2763 3436 2828 ὡς
3479 2763 3725 2833 ἄσοφοι,

2170 2845 2307 2898 ἀλλ’
2330 2845 2406 2911 ὡς
2444 2847 2641 2914 σοφοί.
2685 2848 2793 2901 Kal
2836 2850 2919 2917 μὴ
2952 2851 3189 2919 γίνεσθε
3232 2851 3523 2920 ἄφρονες,
3570 2856 3735 2910 ἀλλὰ

2172 2936 2481 3001 συνιέντες
2503 2940 2575 2992 τὰ
2606 2940 2829 3007 ἀρεστὰ
2867 2942 2945 3006 τῷ
2967 2942 3106 3008 Θεῷ.
3140 2944 3278 2998 Καίο
3315 2945 3409 3013 Μὴ
3437 2949 3732 3015 σχηματί-

2171 3022 2335 3083 ζεσθε
2364 3024 2442 3089 τῷ
2465 3025 2628 3079 ὰιῶνι
2654 3029 2859 3093 τούτῳ,
2891 3029 3047 3083 ἀλλὰ
3059 3025 3571 3101 μεταμορφοῦσθε,
3594 3036 3735 3089 κατά

2170 3115 2259 3168 τὸν
2293 3116 2434 3168 θεῖον
2479 3117 2820 3183 Ἀπόστολον,
2874 3118 2949 3188 τῇ
3012 3122 3412 3178 ἀνακαινώσει
3455 3124 3561 3179 τοῦ
3590 3127 3736 3193 νοὸς

2171 3206 2354 3273 ὑμῶν,
2388 3208 2475 3273 είς
2499 3207 2564 3260 τὸ
2590 3207 2925 3278 δοκιμάζειν
2956 3207 3109 3280 ὑμᾶς
3132 3214 3232 3267 καί
3272 3215 3490 3269 ειδέναι
3526 3216 3561 3270 ὅ
3584 3234 3640 3271 τι
3670 3219 3733 3271 τὸ

2140 3297 2402 3366 «θέλημα
2441 3299 2545 3354 τοῦ
2582 3301 2749 3368 Θεοῦ,
2797 3303 2863 3355 τὸ
2892 3304 3115 3372 ἀγαθόν
3146 3305 3245 3360 καί
3269 3292 3601 3376 εὐάρεστον
3637 3311 3731 3364 καί

2175 3389 2441 3443 τέλειον·
2506 3390 2604 3444 καὶ
2640 3392 2728 3457 τις
2770 3393 2808 3460 ἠ
2856 3393 3076 3461 κλῆσις
3124 3395 3233 3463 τῆς
3274 3398 3528 3465 πίστεως
3570 3399 3736 3470 ὑμῶν

2175 3478 2271 3531 καὶ
2328 3478 2437 3546 τῆς
2469 3478 2710 3546 ἐλπίδος
2764 3481 2836 3534 ἐν
2871 3484 3100 3550 Χριστῷ
3154 3486 3358 3552 Ἰησοῦ
3419 3489 3497 3552 τῷ
3546 3473 3735 3556 Κυρίῳ

2178 3567 2365 3639 ἡμῶν.
2399 3572 2549 3625 Ἥτω
2580 3572 2608 3624 ό
2648 3570 2838 3641 λύχνος
2863 3574 2961 3643 τῆς
3006 3575 3232 3644 καρδίας
3261 3577 3413 3646 ὑμῶν
3442 3577 3519 3647 τῷ
3548 3579 3736 3649 Κυρίῳ

2179 3661 2454 3731 Πνεύ’ματι
2483 3663 2568 3715 άεὶ
2597 3663 2899 3733 καιόμενος,
2922 3665 3179 3737 καθαρὸς,
3197 3668 3509 3739 εἰλικρινὴς,
3537 3670 3735 3734 ἁπλοῦς

2180 3751 2317 3818 ὅλος,
2347 3752 2589 3822 διαυγὴς,
2617 3753 2710 3805 καὶ
2742 3755 3081 3825 φωτοφανὴς,
3108 3756 3295 3827 ἰν’.δλη
3322 3758 3386 3811 δι’
3419 3758 3584 3835 αὑτοῦ
3614 3776 3735 3813 κατ-

2183 3843 2482 3913 αυγάζηται
2528 3844 2654 3913 ὑμῖν
2687 3845 2719 3913 ἡ
2748 3844 2915 3915 ψυχή.
2946 3846 3125 3899 Ἔστω
3168 3849 3195 3903 ό
3227 3847 3349 3910 νοῦς
3384 3848 3512 3918 ὑμῖν
3545 3852 3733 3902 ἀνατε-

2182 3935 2412 4005 ταμένος
2463 3934 2549 3987 ἀεὶ
2583 3936 2717 4007 πρὸς
2758 3935 2910 4000 Θεδν,
2958 3938 3303 4007 μονότροπος,
3343 3924 3747 4009 μονολόγιστος,

2186 4023 2242 4078 ἓν
2283 4025 2441 4095 ἔργον
2472 4027 2566 4080 καὶ
2610 4025 2738 4096 μίαν
2780 4028 3205 4098 προηγουμένως
3256 4026 3397 4099 ῑχων
3439 4032 3733 4103 ἐνέργειαν,

2187 4118 2282 4184 τὴν
2313 4117 2544 4188 θεωρίαν
2585 4118 2676 4171 τοῦ
2708 4118 2935 4186 ἀγαθοῦ,
2985 4118 3121 4189 πρὸς
3151 4119 3310 4189 μόνον
3340 4121 3402 4173 τδ
3453 4121 3615 4190 φύσει
3647 4121 3732 4173 καὶ

2188 4208 2393 4279 κυρίως
2438 4208 2497 4261 ὃν
2531 4209 2731 4277 ἀγαθὸν
2770 4210 3216 4280 ἐπεστραμμένος
3244 4212 3350 4277 ἀεὶ,
3382 4213 3474 4265 καὶ
3503 4214 3561 4264 έν
3595 4209 3734 4280 αὐτῷ

517 4301 570 4345 rt
600 4292 896 4345 deiﬁcetur.
935 4290 1008 4345 Ita
1040 4293 1183 4347 enim
1228 4294 1410 4349 animo
1446 4310 1606 4364 supra
1638 4304 1886 4351 naturam
1917 4307 2076 4353 totam

2188 4299 2293 4364 ζῶν
2328 4299 2420 4353 καὶ
2445 4299 2758 4369 κινούμενος
2781 4299 2871 4352 καὶ
2895 4298 2991 4364 ὢν,
3019 4299 3167 4370 αὑτῷ
3189 4300 3635 4371 λαμπρυνάμενος
3650 4301 3732 4354 καὶ

519 4397 614 4462 sep
660 4394 1024 4452 corporatam,
1056 4400 1149 4439 seu
1172 4385 1815 4462 intelligentemelevato,
1848 4400 2079 4446 mentem

521 4484 762 4528 nostram
802 4475 854 4527 in
879 4476 1243 4530 sanctissimae
1297 4476 1580 4533 Trinitatis
1636 4479 1933 4548 majestate,
1965 4497 2085 4551 qua

522 4568 635 4621 sola
676 4569 1093 4638 inexplicabilis,
1126 4572 1467 4640 abscondita,
1517 4589 1789 4645 supraque
1834 4585 2081 4631 naturam

522 4669 707 4713 evecta
739 4676 955 4715 onmem
997 4678 1089 4731 per
1140 4678 1196 4718 se
1234 4675 1315 4718 est
1343 4666 1681 4735 exsistitque,
1727 4667 2084 4721 stabiliemus.

523 4749 694 4803 Sicuti
733 4765 857 4804 vero
900 4766 1059 4805 unam
1091 4751 1269 4808 Patris
1318 4762 1371 4807 et
1404 4753 1523 4807 Filii
1566 4764 1619 4808 et
1657 4753 1886 4822 Spiritus
1916 4758 2088 4811 sancti

525 4852 774 4894 naturam
819 4842 1155 4907 divinitatis,
1212 4843 1284 4896 ita
1331 4847 1647 4913 potentiam,
1696 4847 2087 4915 operationem,

524 4932 749 4999 gloriam
787 4942 839 4986 et
888 4935 1343 5002 magniﬁcentiam
1404 4938 1754 5005 proliteamur
1810 4947 1863 4992 et
1901 4937 2093 4993 creda-

523 5037 646 5076 mus
683 5041 695 5076 :
730 5038 894 5076 unum
927 5030 1108 5078 autem
1156 5025 1508 5081 divinissimze
1565 5027 1844 5082 Trinitatis
1895 5025 2095 5083 intem-

526 5132 843 5185 poraneum,
896 5120 1434 5190 cointemporaneum
1500 5124 1647 5176 Patri
1707 5123 1963 5190 Verbum,
2024 5126 2093 5179 ab

525 5210 804 5265 oculorum
860 5211 978 5264 acie
1030 5224 1313 5275 remotum,
1370 5228 1399 5264 a
1459 5216 1699 5281 corporis
1746 5217 2088 5271 concretione

526 5314 740 5367 purum,
777 5300 1020 5367 ejusdem
1053 5316 1115 5354 ac
1163 5303 1338 5355 Patris
1374 5304 1643 5368 essentia-3,
1671 5306 1922 5372 potentiae
1946 5308 2088 5374 ejus-

526 5390 680 5455 dem;
710 5390 852 5443 hunc
892 5392 1065 5460 ipsum
1102 5391 1333 5445 scientes
1377 5392 1614 5448 hominis
1653 5411 1868 5465 quoque
1895 5396 2087 5449 Filium

2191 4389 2613 4459 άγαθυνόμενος,
2640 4391 2733 4444 καὶ
2762 4392 2903 4446 κατὰ
2926 4392 2986 4444 τὸ
3010 4392 3229 4461 ἐφικτὸν
3263 4394 3614 4464 ὁμοιούμενος
3652 4393 3734 4447 καὶ

2193 4482 2497 4552 θεούμενος.
2534 4482 2689 4536 Οὕτω
2720 4482 2825 4553 γὰρ
2866 4482 3000 4552 ὑψοῦ
3046 4484 3137 4537 τὸν
3183 4484 3439 4554 λογισμὸν
3480 4486 3728 4557 αἴροντες,

2193 4574 2288 4628 καὶ
2319 4573 2531 4628 πάντων
2564 4574 2662 4643 μὲν
2717 4573 3008 4644 αἱσθητῶν,
3049 4575 3264 4628 πάντων
3312 4575 3369 4629 δὲ
3405 4576 3606 4646 νοητῶν
3628 4592 3731 4629 utt-

2195 4664 2413 4735 σμὰτων
2433 4664 2971 4734 ὑπεραναϐαίνοντες,
3003 4666 3138 4737 μόνῃ
3152 4666 3205 4717 δὲ
3233 4666 3295 4736 τῇ
3322 4667 3569 4737 τριαδικῇ
3592 4666 3732 4734 θεαρ-

2195 4756 2305 4826 χίᾳ,
2340 4756 2475 4827 μόνῃ
2503 4758 2566 4827 τῇ
2602 4757 2659 4809 εν
2689 4757 3021 4829 ἀπορρήτοις
3050 4756 3261 4830 ἑστώσῃ
3293 4758 3615 4828 κρυφιότητι
3651 4754 3733 4810 καὶ

2199 4848 2607 4918 ὐπερουσιότητι
2628 4848 2718 4900 τὸν
2745 4850 2940 4900 οἰκεῖον
2968 4840 3313 4918 ἱδρυσάμενοι
3329 4848 3451 4901 νοῦν
3470 4863 3485 4879 °
3508 4850 3601 4902 καὶ
3622 4847 3733 4917 μίαν

2199 4940 2297 5009 μὲν
2330 4940 2541 5011 Πατρδς
2579 4940 2671 4994 καὶ
2704 4938 2830 4992 Υἱοῦ
2873 4939 2965 4992 καὶ
3002 4940 3155 5006 ἁγίου
3203 4939 3515 5010 Πνεύματος
3564 4941 3731 5007 ὥσπερ

2200 5030 2358 5097 φύσιν
2389 5030 2659 5099 θεότητος,
2684 5028 2827 5081 οὕτω
2854 5028 2947 5081 καὶ
2973 5029 3199 5095 δύναμιν
3231 5028 3324 5082 καὶ
3356 5030 3631 5100 ἐνέργειαν
3653 5024 3731 5078 καὶ

2200 5122 2356 5185 δόξαν
2411 5120 2502 5170 καὶ
2560 5120 3032 5188 μεγαλοπρέπειαν
3095 5120 3477 5188 ὁμολογοῦντες
3522 5120 3612 5171 καὶ
3653 5134 3729 5169 πι-

2196 5212 2474 5271 στεύοντες
2498 5227 2509 5239 ·
2543 5209 2631 5261 τὸν
2671 5210 2765 5261 ἕνα
2794 5211 2848 5263 δὲ
2888 5211 2988 5280 τῆς
3028 5211 3451 5281 τρισυποστάτου
3499 5210 3733 5281 θεαρχίας

2191 5302 2281 5352 τὸν
2326 5299 2555 5367 ἄναρχον
2598 5299 2691 5352 καὶ
2724 5302 3057 5369 συνάναρχον
3111 5294 3197 5369 τῷ
3239 5299 3411 5367 Πατρὶ
3447 5300 3613 5367 Λόγον
3654 5296 3730 5348 τὸν

2195 5391 2440 5461 ἀόρατον,
2463 5390 2552 5445 τὸν
2582 5390 2891 5463 ἀσώματον,
2916 5392 3007 5443 τὸν
3029 5391 3241 5461 ὀμοφυᾶ
3258 5389 3333 5460 τῷ
3347 5390 3625 5461 Γεννήτορι
3650 5386 3729 5440 rei

597 5563 617 5593 ⁸
648 5521 846 5633 ὲνὶιοε.
882 5578 931 5627 v,
964 5565 1048 5631 15,
1088 5564 1168 5620 l6.
1247 5567 1265 5597 ’
1300 5565 1457 5620 Rom.
1484 5585 1577 5637 χιι,
1603 5570 1658 5623 2.
1737 5572 1778 5602 ¹⁰
1806 5573 2000 5642 Ephcs.
2034 5587 2073 5638 t,
2108 5570 2193 5627 18.
