3934 6316
155 323 253 383 53:33

1135 317 1304 374 Vl'l‘A
1339 316 1397 373 S.
1436 314 1727 374 IGNA‘TII
1765 316 1869 373 Cl’.
1915 317 2267 375 ARCIIIEI’.

3272 313 3372 372 ὅὸί

134 431 499 501 .ὀμοδύναμον,
534 428 721 480 τοῦτον
749 426 871 479 Υίδν
896 425 1180 493 ἀνθρώπου
1211 427 1330 476 καθ’
1358 427 1500 494 ἡμᾶς
1534 426 1596 477 ἐκ
1618 426 1698 493 τῆς

1819 427 2113 479 secundum
2141 435 2379 479 nostram
2404 434 2650 478 naturam
2674 442 2734 478 ex
2781 413 3120 477 immaculata
3148 423 3238 476 Dei
3266 425 3375 476 Ma-

155 519 521 590 ύπεραμώμου
550 519 834 586 γενόμενον
860 514 1196 584 Θεομήτορος
1219 515 1433 575 εἰδότες.
1474 516 1579 566 Καὶ
1609 516 1702 566 ἕνα

155 613 252 682 μὲν
279 612 355 680 τῷ
393 608 685 679 προσώπῳ,
719 606 936 658 διπλοῦν
967 606 1021 656 δὲ
1056 609 1175 666 ταῖς
1212 606 1402 673 φύσεσι
1428 607 1521 664 καὶ
1550 609 1693 674 ὲνερ.

147 701 317 766 γείαις
343 702 432 750 καὶ
463 698 708 764 θελήσεσι
741 695 1102 764 κηρύσσοντες
1125 713 1137 723 ·
1181 698 1270 748 καὶ
1302 698 1474 765 ταύτῃ
1515 699 1701 767 σχολά-

146 792 324 853 ζοντες
349 789 761 856 ἐπιμελέστερον
789 790 854 856 τῇ
895 787 1094 856 θεωρία
1118 788 1225 839 τῶν
1250 788 1409 841 θείων
1445 791 1537 843 καὶ
1587 790 1703 842 θεο·

145 881 296 949 λογίᾳ
324 880 415 932 καὶ
443 879 529 932 διὰ
552 879 648 946 τῆς
672 879 819 946 ἱερᾶς
839 880 946 931 τῶν
972 878 1200 947 Γραφῶν
1236 879 1463 950 μελέτης
1495 883 1699 932 ἀνακα-

146 970 472 1039 θαιρόμενοι,
523 970 615 1021 καὶ
649 970 716 1020 δι’
745 969 938 1023 ἀενάου
991 969 1298 1039 προσευχῆς
1333 970 1696 1038 ἁγνιζόμενοι,

141 1060 464 1129 ύπιροράσει
497 1057 604 1110 τῶν
631 1059 873 1126 ματαίων
905 1059 1243 1128 ὑπερίδωμεν
1269 1060 1572 1128 μεριμνῶν,
1606 1063 1699 1112 καὶ

141 1152 249 1210 τοῖς
272 1149 374 1217 τῆς
405 1151 625 1218 ἀτιμίας
656 1150 728 1219 μὴ
759 1151 1159 1218 ὑποκύπτωμεν
1190 1149 1408 1209 πάθεσι,
1442 1152 1536 1202 καὶ
1565 1151 1698 1220 πρὸς

139 1239 426 1306 ἀνονήτους
463 1237 745 1306 φροντίδας
766 1239 840 1309 μὴ
869 1238 1319 1306 καταπίπτωμεν.
1345 1240 1454 1290 Καὶ
1485 1242 1590 1301 πᾶς
1615 1241 1699 1292 θυ-

142 1330 236 1394 μδις
257 1327 546 1396 θηριώδης,
569 1331 661 1379 καὶ
694 1330 841 1381 πᾶσα
861 1328 1168 1395 παράλογος
1193 1328 1454 1396 ἐπιθυμία
1477 1328 1698 1397 ἀρθήτω

136 1418 228 1484 ἀφ’
264 1420 421 1486 ἡμῶν
441 1435 454 1447 ’
499 1420 694 1488 μᾶλλον
726 1421 781 1472 δὲ
818 1421 846 1471 ὁ
883 1420 978 1488 μὲν
1010 1420 1174 1487 θυμὸς
1204 1418 1367 1471 ὅπλον
1398 1419 1525 1486 ἡμῖν
1560 1417 1700 1470 κατὰ

135 1510 230 1572 τῇς
262 1509 531 1577 ἁμαρτίας
588 1510 680 1563 καὶ
742 1509 835 1561 τοῦ
860 1509 957 1578 τῆς
987 1508 1259 1578 ἁμαρτίας
1287 1507 1427 1560 ἔστω
1473 1507 1696 1575 πατρός.

148 1595 210 1650 Ἦ
244 1598 511 1668 ἐπιθυμία
542 1599 599 1650 δὲ
652 1599 786 1668 πρὸς
817 1598 878 1650 τὸ
914 1589 1113 1668 κυρίως
1144 1599 1237 1649 καὶ
1262 1595 1476 1666 ἀληθῶς
1514 1597 1698 1650 ἐπιθυ-

140 1688 304 1757 μητὸν
337 1676 850 1756 μετασκευαζομένη
883 1690 1062 1753 πᾶσα,
1107 1687 1362 1756 συνεργὸς
1393 1688 1522 1754 ἡμῖν
1550 1686 1696 1752 γινέ-
1731 1754 1738 1760 .

1810 525 1890 566 tre
1915 524 2124 577 natum,
2149 529 2314 566 unum
2345 515 2559 580 quidem
2581 529 2830 580 persona,
2847 514 3058 581 gemina
3089 527 3254 580 porro
3280 528 3374 565 na-

1806 614 1946 666 tura,
1972 607 2305 674 operatione,
2348 606 2621 659 voluntate
2671 605 3024 671 pnedicemus
3057 619 3069 654 :
3101 615 3262 672 atque
3290 602 3374 654 his

1805 713 1981 749 rerum
2031 698 2333 750 divinarum
2373 708 2423 750 et
2458 695 2877 763 theologiearum
2931 693 3372 747 meditationilms

1803 787 2016 853 penitus
2049 787 2321 854 occupati,
2378 799 2765 853 sacrarumque
2817 782 3142 838 Litterarum
3177 783 3373 836 studiis

1803 878 2093 944 repurgati,
2118 885 2278 945 atque
2303 877 2517 930 assidua
2536 876 2778 930 oratione
2794 874 3028 942 lustrati,
3044 872 3374 941 contemptis

1804 967 2056 1019 humanis
2106 969 2287 1029 rebus,
2339 982 2500 1021 curas
2541 968 2729 1022 inanes
2779 968 3159 1036 negligemus,
3199 979 3374 1034 neque

1805 1072 1902 1109 nos
1929 1055 2085 1120 finitis
2108 1057 2493 1125 cupiditatibus
2530 1059 2936 1122 submittamus,
2967 1070 3142 1126 neque
3169 1056 3235 1108 ad
3267 1071 3361 1108 co-

1803 1148 2094 1214 gitationes
2141 1147 2333 1200 stultas
2395 1148 2768 1215 prolabamur.
2833 1147 3020 1200 Omnis
3070 1145 3239 1200 ferina
3265 1145 3373 1199 ira-

1800 1237 2017 1298 cundia,
2049 1252 2210 1290 omne
2234 1238 2560 1291 desiderium
2593 1255 2622 1290 a
2651 1239 2858 1290 ratione
2884 1236 3118 1289 alienum
3155 1250 3181 1287 a
3215 1235 3372 1288 nobis

1799 1328 2118 1380 excludatur
2154 1343 2166 1379 :
2205 1327 2313 1384 imo
2345 1328 2425 1380 ira
2473 1327 2631 1381 telum
2680 1326 2838 1381 nobis
2863 1328 2933 1380 sit
2975 1327 3029 1379 in
3092 1336 3368 1394 peccatum

1803 1417 2118 1487 peccatique
2147 1425 2445 1470 auctorem.
2468 1417 2746 1485 Cupiditas
2779 1433 2906 1472 vero
2937 1418 3004 1470 a‘d
3041 1433 3226 1471 verum
3250 1432 3370 1486 ger-

1802 1526 2131 1579 manamque
2163 1511 2362 1566 bonum
2417 1513 2699 1574 translata,
2737 1512 2802 1566 ad
2857 1521 3124 1581 praecepta
3159 1511 3372 1565 Domini

1801 1599 2153 1654 custodienda
2187 1600 2343 1654 nobis
2401 1599 2637 1668 adjutrix
2681 1601 2791 1654 ﬁat.
2840 1599 2965 1653 llaec
3021 1600 3371 1660 documenta,

1801 1690 2002 1752 dilecti,
2034 1691 2262 1757 primum
2297 1689 2512 1758 quidem
2544 1705 2572 1743 a
2606 1690 2908 1760 prophetis,
2947 1689 3141 1742 deinde
3170 1704 3199 1741 a
3237 1703 3373 1756 pra:-

139 1779 246 1831 σθω
275 1781 412 1847 πρὸς
446 1781 674 1848 τήρησιν
705 1779 803 1846 τῆς
837 1779 1183 1846 Δεσποπικῆς
1230 1777 1469 1846 ἐντολῆς.
1498 1778 1693 1831 Τοιαύ-

1803 1780 2075 1834 stantibus
2124 1779 2329 1833 Christi
2385 1781 2669 1849 discipulis
2729 1789 2783 1834 et
2826 1780 3197 1849 evangelistis,
3256 1786 3370 1831 tum

135 1884 227 1928 τας
254 1863 347 1920 οὗν
377 1867 591 1936 ἔχοντες
620 1867 1012 1936 παραγγελίας,
1040 1868 1334 1933 ἀγαπητοὶ,
1367 1866 1458 1919 διὰ
1487 1882 1698 1935 προφη-

133 1957 236 2009 τῶν
263 1958 365 2024 μὲν
400 1958 652 2028 -πρῶτον,
689 1958 875 2009 ἔπειτα
927 1956 1012 2009 διὰ
1043 1957 1152 2008 τῶν
1194 1957 1412 2026 ὑψηλῶν
1437 1957 1529 2008 τοῦ
1564 1959 1699 2025 Χρι-

133 2049 254 2100 στοῦ
294 2049 553 2118 μαθητῶν
582 2051 675 2100 καὶ
707 2048 1128 2114 εύαγγελιστῶν,
1164 2048 1256 2099 καὶ
1279 2047 1366 2099 διὰ
1394 2045 1495 2101 τῶν
1531 2048 1697 2099 Πατέο

135 2157 238 2208 ρων
263 2140 323 2191 δὲ
361 2140 499 2208 μετὰ
518 2139 688 2214 ταῦτα
719 2139 810 2191 καὶ
853 2138 1013 2209 ίερῶν
1039 2139 1373 2191 διδασκάλων
1406 2139 1696 2206 γινομένας

130 2232 204 2290 εἰς
228 2230 403 2298 ἡμᾶς,
436 2228 634 2296 μᾶλλον
660 2228 715 2280 δὲ
737 2228 804 2280 δι’
839 2227 956 2290 ἑνὸς
997 2229 1089 2280 κα)¹
1117 2228 1210 2280 τοῦ
1251 2227 1414 2280 αὐτοῦ
1447 2227 1696 2294 Πνεῦμα-

131 2335 216 2379 τος
245 2317 583 2386 λαλουμένας
621 2319 730 2381 ἀεὶ,
762 2317 856 2368 καὶ
901 2317 1251 2384 πολυτρόπως
1282 2317 1694 2384 κηρυσσομένας

130 2411 184 2460 ὲν
204 2410 361 2477 ἡμῖν,
381 2408 454 2476 μὴ
486 2408 932 2476 καταφρονῶμεν,
964 2408 1095 2476 μηδὲ
1126 2406 1383 2478 ῥᾳθύμως
1405 2405 1500 2458 καὶ
1527 2408 1694 2471 ἐκμε-

130 2498 252 2560 λῶς,
285 2498 560 2567 ἐπιμελῶς
589 2498 646 2552 δὲ
677 2498 773 2566 τὴν
817 2499 1012 2566 πρᾶξιν
1037 2500 1130 2550 καὶ
1164 2495 1466 2557 σπουδαίως
1496 2493 1691 2563 μετίω-

132 2606 228 2654 μεν
251 2591 353 2658 τῆς
388 2590 610 2658 ἀρετῆς,
649 2589 1040 2658 ὲλεημοσύναις
1083 2589 1180 2657 μὲν
1229 2590 1326 2641 καὶ
1378 2587 1556 2639 πίστει
1595 2586 1697 2635 πά-

131 2693 225 2743 σης
256 2674 533 2743 ἁμαρτίας
582 2673 1105 2750 ἀποκαθαιρόμενοι,
1159 2672 1346 2743 ἀγάπῃ
1412 2671 1468 2723 δὲ
1515 2670 1692 2738 τελείᾳ

132 2773 220 2818 καί
253 2764 728 2836 ταπεινοφροσύνῃ
749 2764 938 2832 ἀληθεῖ
969 2765 1169 2826 παντὸς
1198 2761 1469 2831 μολυσμοῦ
1499 2750 1693 2831 σαρκὸς

131 2858 217 2907 καὶ
277 2857 590 2924 πνεύματος
640 2854 1097 2922 ἁποδιυλιζόμενοι
1129 2869 1141 2882 ·
1189 2854 1275 2906 ἵνα
1322 2853 1463 2904 κατὰ
1497 2853 1603 2903 πᾶν
1636 2851 1696 2901 τὸ

131 2947 340 3017 θέλημα
394 2947 487 2999 τοῦ
544 2947 678 2999 Θεοῦ
715 2948 1226 3015 περιπατήσαντες,
1276 2945 1418 3008 ἄξιοι
1455 2946 1552 3012 τῆς
1600 2942 1692 2994 τοῦ

131 3039 453 3108 ἐπουρανίου
489 3039 697 3107 [ἰατρὸς
730 3037 1002 3105 βασιλείας
1028 3039 1083 3089 ὲν
1107 3034 1326 3107 Χριστῷ
1365 3035 1538 3106 Ἰησοῦ
1567 3035 1696 3087 ἁνα-

134 3129 408 3198 φινῶμεν.
464 3128 822 3198 Ἀποεὶὼμεθα
865 3128 1148 3196 τοιγαροῦν
1197 3131 1302 3180 πᾶν
1355 3128 1544 3190 πάθος,
1603 3128 1694 3180 καὶ

133 3221 305 3273 παντα
341 3219 605 3288 πονηρίας
649 3208 1076 3286 ἀποτριψώμεθα
1106 3217 1383 3285 λογισμὸν,
1410 3217 1496 3268 ἵνα
1520 3216 1692 3268 καθα-

137 3311 216 3377 ροὶ
277 3307 364 3377 τῷ
423 3296 825 3377 καθαρωτάτην
870 3305 1298 3376 προσενεχθῆναι
1357 3305 1690 3374 δυνηθῶμεν.

142 3396 600 3483 Ἀπορριψὼψθα
635 3395 1076 3466 γαστριμαργίας
1111 3397 1278 3456 πάθος
1321 3396 1581 3463 ὀλέθριον,
1622 3395 1696 3457 ὡς

134 3489 309 3558 πάσης
333 3488 612 3557 ἀλλότριον
633 3488 848 3558 ἀρετῆς,
865 3488 959 3538 καὶ
987 3487 1241 3548 παντοίας
1265 3486 1580 3555 γεννητικὸν
1605 3503 1700 3537 κα-

135 3579 251 3642 κίας
277 3596 288 3609 ·
325 3579 445 3632 ἀντ’
471 3579 634 3647 αὐτῆς
655 3557 711 3630 δὲ
743 3578 838 3647 τὴν
869 3577 1246 3646 κοσμιωτάτην
1275 3576 1600 3645 ἐγκράτειαν
1625 3576 1699 3638 ὡς

135 3670 370 3724 διπλοΐδα
399 3669 771 3739 περιθώμεθα,
820 3668 917 3736 τὴν
954 3667 1059 3720 τῶν
1086 3666 1332 3734 ἀγγέλων
1382 3666 1696 3734 σύντροφον,

137 3761 231 3830 τὴν
260 3760 371 3813 τῶν
399 3761 571 3826 ἁγίων
607 3758 895 3827 σύσκηνον,
925 3758 1022 3825 τὴν
1047 3757 1145 3824 τῆς
1186 3756 1297 3809 ἄνω
1341 3755 1699 3824 τερπνὸτητος

136 3852 392 3922 πρόξενον
420 3852 511 3902 καὶ
552 3851 778 3919 τρυφῆς.
820 3849 1049 3921 Πορνεία
1091 3848 1147 3900 δὲ
1180 3847 1314 3916 μηδὲ
1345 3845 1699 3915 ὀνομαζέσθω

135 3943 190 3995 ἐν
221 3944 376 4012 ἡμῖν,
415 3941 475 3993 οὐ
503 3941 660 4009 μόνον
687 3942 718 4009 ἡ
743 3940 862 3991 κατ’
885 3938 1167 4007 ἐνέργειαν
1199 3937 1293 3990 καὶ
1323 3939 1541 4007 πρᾶξιν,
1565 3935 1700 3992 ἀλλὰ

139 4031 269 4098 μηδὲ
307 4032 596 4099 πορνικαϊς
647 4014 970 4096 φαντασίαις
1012 4026 1423 4097 ῥυπαινώμεθα.
1459 4027 1616 4098 Πὰσῃ
1642 4027 1700 4080 δὲ

139 4124 352 4192 μηχανῇ
376 4122 469 4173 καὶ
487 4120 709 4190 σπουδῇ,
745 4121 894 4188 πάσῃ
923 4119 1390 4192 ταπεινοφροσύνῃ
1420 4122 1512 4172 καὶ¹
1539 4134 1698 4188 προσ·

138 4214 264 4279 culi};
326 4210 425 4280 τὴν
497 4209 670 4278 κακὴν
714 4209 870 4276 ῥίζαν
923 4207 1290 4277 προθέλυμνον
1343 4209 1693 4279 ἐκτίλλωμεν,

138 4301 229 4372 τὴν
255 4303 481 4370 θολερὰν
523 4302 734 4369 πηγὴν,
777 4301 838 4352 τὸ
864 4300 962 4368 τῆς
984 4281 1179 4368 ἡδονὶᾗ
1217 4301 1581 4370 ὲμπύρευμα,
1638 4302 1699 4354 τὸ

1798 1882 1928 1924 vero
1966 1884 1994 1922 a
2029 1869 2309 1939 Patribus,
2351 1869 2467 1923 sive
2526 1871 2732 1924 sanctis
2759 1869 3074 1924 doctoribus
3122 1877 3366 1937 accepta,

1797 1959 1908 2013 imo
1934 1975 2029 2028 per
2056 1976 2221 2014 unum
2252 1968 2308 2014 et
2335 1962 2586 2015 eumdem
2616 1961 2878 2029 Spiritum
2903 1962 3126 2022 dictata,
3165 1960 3360 2013 variis-

1797 2066 1903 2117 que
1933 2051 2106 2127 nrodis
2135 2053 2445 2119 praedicata,
2487 2068 2553 2106 ne
2584 2062 3019 2116 contemnamus,
3054 2067 3155 2105 nec
3189 2052 3373 2119 segni-

1799 2151 1876 2193 ter
1907 2150 1961 2194 et
1984 2142 2174 2209 ignave
2208 2157 2590 2211 exsequamur,
2636 2142 2726 2196 sed
2778 2141 2977 2196 acriter
3021 2151 3075 2198 et
3129 2145 3372 2219 stmtiose

1795 2232 2013 2285 virtutis
2045 2247 2183 2301 opus
2207 2249 2635 2303 persequamur;
2671 2241 2729 2287 ut
2761 2233 3093 2302 benignitate
3128 2234 3180 2286 in
3209 2248 3371 2302 egen-

1797 2329 1898 2384 tes,
1949 2321 2158 2390 tideque
2189 2337 2219 2376 a
2255 2325 2490 2392 peccatis
2526 2323 2747 2391 expiati,
2797 2323 3064 2376 eharitate
3100 2321 3362 2392 perfecta,

1792 2420 1848 2463 et
1881 2410 2248 2465 submissione
2283 2413 2516 2476 sincera,
2557 2414 2625 2466 ab
2652 2413 2905 2467 omnibus
2949 2413 3117 2466 animi
3163 2422 3217 2466 et
3244 2428 3371 2467 cor-

1795 2500 1946 2569 poris
1976 2500 2401 2570 inquinamentis
2449 2502 2717 2568 defaecati,
2775 2505 3074 2557 secundum
3129 2505 3218 2556 Dei
3277 2517 3373 2556 vo-

1796 2589 2054 2643 luntatem
2106 2592 2487 2654 ambulantes,
2554 2607 2719 2663 regno
2793 2594 3028 2667 supremi
3089 2592 3261 2648 Patris
3316 2593 3370 2646 in

1795 2679 2014 2735 Christo
2044 2679 2170 2735 Jesu
2223 2681 2370 2749 digni
2406 2683 2722 2735 habeamur.
2756 2681 2958 2737 Omnes
3015 2697 3145 2750 ergo
3203 2684 3370 2737 animi

1797 2768 2123 2824 vitiositates
2155 2772 2453 2825 etmaliliae
2487 2771 2652 2825 libras
2682 2772 2967 2836 elidamus,
3002 2773 3076 2827 uti
3120 2773 3272 2841 puris
3307 2776 3372 2825 ad

1797 2855 2150 2927 purissimum
2208 2861 2368 2914 nobis
2429 2871 2609 2926 pateat
2676 2878 2954 2919 accessus.
3005 2863 3372 2918 Perniciosam

1798 2951 2008 3005 ventris
2046 2951 2365 3020 ingluviem,
2397 2954 2563 3007 veluti
2611 2964 2813 3023 pestem
2849 2955 3065 3009 virtutis
3108 2963 3161 3006 ct
3193 2955 3374 3008 omnis

1803 3041 2009 3096 fontem
2048 3043 2366 3112 impietatis,
2421 3046 2607 3113 procul
2659 3045 2957 3100 habeamus
3011 3044 3202 3100 :illius
3249 3043 3372 3096 loco

1803 3139 2213 3201 temperantiam
2265 3134 2432 3189 veluti
2481 3135 2772 3204 diploidem
2808 3137 3133 3198 induamus;
3170 3142 3374 3200 tempe-

1801 3227 2056 3289 rantiam,
2091 3225 2336 3295 inquam,
2380 3225 2664 3281 beatarum
2699 3227 2967 3280 mentium
3000 3225 3230 3287 sociam,
3259 3239 3372 3279 ea:-

1799 3318 1956 3371 litmn
1997 3319 2459 3379 contubernalem,
2489 3318 2904 3384 cmlestiumque
2954 3315 3271 3370 deliciarum
3307 3332 3374 3368 ae

1802 3408 2142 3474 voluptatum
2193 3407 2620 3461 conciliatricem
2679 3421 2742 3460 ac
2797 3406 3014 3475 pignus.
3061 3404 3374 3458 Fornicatio

1804 3508 1982 3551 autem
2013 3512 2080 3550 ne
2111 3497 2418 3551 nominetur
2442 3497 2662 3566 quidem
2686 3496 2741 3550 in
2767 3496 2944 3559 nobis,
2973 3505 3032 3548 ut
3058 3510 3163 3549 non
3196 3495 3369 3549 solum

1801 3602 1962 3654 opere
1997 3596 2049 3639 et
2081 3585 2246 3650 iacto,
2289 3586 2384 3639 sed
2418 3602 2485 3639 ne
2518 3585 2907 3655 cogitationum
2934 3582 3160 3659 quidem
3199 3583 3374 3650 impu-

1805 3691 1989 3729 rarum
2021 3675 2279 3731 monstris
2324 3676 2674 3745 inquinemur
2707 3675 2768 3728 “.
2804 3674 2958 3728 Totis
2991 3673 3214 3742 proinde
3244 3674 3390 3750 viri-r

1803 3768 1927 3828 bus,
1964 3767 2222 3835 omnique
2253 3768 2514 3831 connixu,
2545 3776 2601 3823 et
2633 3780 2845 3820 summa
2874 3763 3038 3818 animi
3065 3763 3373 3831 depressio-

1803 3873 1892 3920 ne,
1921 3858 2279 3926 precibusque
2294 3858 2556 3911 elementa
2580 3857 2806 3910 luxuriae
2826 3856 3038 3925 penitus
3059 3855 3366 3916 eradamus,

1804 3964 2189 4017 emnommqne
2213 3949 2536 4018 impuritatis
2561 3949 2971 4017 scaturiginem,
3002 3956 3057 4000 et
3079 3947 3372 4015 voluptatis

1800 4037 2006 4104 focum,
2045 4039 2474 4107 intemperantia!
2501 4038 2916 4100 suscitabulum,
2952 4037 3154 4091 idolum
3190 4037 3371 4088 contis

1801 4129 2253 4182 obscenissimum
2291 4139 2597 4183 evertamus
2620 4139 2714 4182 aut
2760 4130 3086 4182 minuamus.
3114 4128 3204 4180 Sic
3223 4127 3366 4180 enim

1800 4218 1853 4272 in
1897 4219 2054 4272 nobis
2083 4221 2430 4273 continentiae
2459 4222 2625 4274 decus
2655 4221 2976 4282 elllorescet,
3010 4230 3370 4286 sanctumque

1800 4320 1853 4362 et
1893 4311 2133 4362 divinum
2185 4311 2483 4379 spiritalem
2540 4327 2801 4378 spOnsum
2855 4312 2920 4363 ad
2973 4327 3071 4364 nos
3117 4313 3202 4378 pie
3241 4325 3368 4363 san-

140 4390 232 4458 τῆς
258 4391 556 4452 ἀκολασίας
585 4389 854 4459 ζῶπυρον,
891 4389 951 4440 τὸ
972 4388 1226 4456 πορνικὸν
1259 4391 1358 4458 τῆς
1380 4388 1601 4456 καρδίας
1623 4387 1698 4440 εί-

1808 4412 2001 4468 ctequc
2033 4401 2392 4453 attrahemus.
2424 4401 2718 4454 Avaritiam
2766 4410 2819 4454 ct
2866 4401 3105 4454 studium
3135 4401 3369 4452 habendi

140 4483 298 4537 δωλον
326 4485 541 4554 πρῶτον
564 4484 897 4553 ὲξανέλωμεν
927 4483 960 4554 ἦ
997 4483 1340 4552 μειώσωμεν.
1385 4481 1540 4534 Οῦτω
1591 4481 1699 4553 γὰρ

140 4577 266 4643 ἡμῖν
296 4575 357 4628 τδ
397 4575 538 4643 ἱερὸν
589 4577 686 4644 τῆς
731 4574 1087 4644 σωφροσύνης
1137 4575 1433 4643 ἐπανθήσει
1484 4574 1699 4639 κάλλος,

140 4665 274 4717 οὕτω
305 4666 399 4718 καὶ
427 4666 516 4716 τὸν
543 4665 731 4734 νοητὸν
768 4665 1014 4733 Νυμφίον
1048 4665 1142 4716 καὶ
1171 4665 1323 4731 ἆγιον
1350 4665 1698 4734 ἁγιοπρεπῶς

143 4755 346 4817 ἑαυτοῖς
375 4753 811 4824 ὲπισπασόμεθα,
866 4753 1235 4822 Φιλαργυρίαν
1263 4755 1320 4805 δὲ
1359 4755 1449 4807 κα)⁵
1509 4755 1697 4807 πλεον-

145 4845 280 4910 εξίαν
311 4847 509 4908 πᾶσαν,
540 4845 613 4905 ὡς
641 4845 1074 4913 είδωλολατρείαν
1105 4845 1700 4913 ἀποφύγωμεν.Ταυτὸν

145 4937 242 5007 γὰρ
270 4938 412 4990 κατὰ
432 4939 522 4990 τὸν
547 4937 640 4990 τοῦ
673 4938 992 4990 Ἀποττὸλου
1021 4938 1227 5004 πέφυκε
1256 4939 1436 5004 νόμον,
1470 4938 1623 5007 εἴπερ
1649 4937 1698 4988 0!

144 5026 338 5095 ταύτης
368 5027 683 5097 ὀρεγόμενοι
705 5026 1160 5095 ἀπεπλανήθησαν
1191 5027 1298 5079 ἀπὸ
1317 5029 1413 5095 τῆς
1444 5026 1698 5088 πίστεως·

146 5115 201 5166 ού
227 5115 382 5184 μόνον
410 5115 489 5180 δὲ,
529 5114 665 5167 ἀλλὰ
717 5114 808 5166 καὶ
838 5114 1060 5174 ἑαυτοὺς
1105 5115 1458 5182 περιέπειραν
1486 5112 1700 5173 ὀδύναις

149 5205 380 5268 πολλαῖς.
413 5206 582 5275 Εἴπερ
610 5203 699 5257 οῦν
729 5206 817 5255 καὶ
850 5204 948 5272 τῆς
982 5203 1249 5273 σωτηρίου
1279 5203 1511 5264 πίστεως
1543 5201 1701 5254 ἀλλο-

148 5301 301 5367 τριοί,
359 5300 452 5352 καὶ⁷
500 5296 836 5350 πολυώδυνον
887 5299 1014 5366 ἡμῖν
1047 5296 1333 5366 καθίστησι
1382 5297 1481 5365 τὴν
1535 5296 1700 5364 ζωὴν,

149 5391 258 5454 πῶς
287 5391 404 5461 οὐχὶ
449 5389 683 5459 φευκτέα
739 5388 938 5458 μᾶλλον
999 5389 1251 5442 ἁπάντων
1304 5388 1397 5441 καὶ
1440 5387 1701 5457 βδελυκτὴ

150 5481 309 5551 τῷγε
361 5483 435 5552 μὴ
474 5483 651 5549 πάντη
684 5477 969 5548 καπηλικῷ
994 5480 1091 5548 τὴν
1141 5480 1315 5548 ψυχήν
1342 5497 1355 5544 ;
1387 5479 1448 5530 Oi
1484 5478 1613 5546 γοῦν
1649 5481 1708 5531 τὸ

218 5661 255 5695 ιι
289 5659 481 5729 Epltcs.
518 5676 571 5722 ν,
607 5660 659 5711 5.

503 5753 612 5812 ΙἈί
631 5767 771 5810 non
803 5751 910 5808 Cn.
957 5749 1067 5806 (ειν.

740 5657 780 5686 "
810 5657 989 5712 Colos.
1025 5672 1106 5720 ιιι,
1131 5657 1192 5724 5;
1222 5654 1416 5725 Ephcs.
1438 5669 1487 5718 v,
1511 5655 1563 5709 5.
1613 5655 1698 5708 ¹³1

1810 5658 1898 5709 in.
1925 5672 2004 5725 ιιι,
2034 5658 2154 5714 2-8.
2221 5660 2259 5690 ’⁵
2291 5659 2519 5730 Philipp.
2543 5676 2623 5726 ιιι,
2643 5662 2734 5727 9.0,
2754 5658 2844 5711 (ε’-ί.

1798 4507 1906 4568 non
1951 4506 2109 4543 secus
2155 4501 2316 4559 atque
2362 4492 2723 4547 idololatriam
2769 4491 3104 4561 refugiamus
3135 4491 3197 4542 ι’.
3227 4489 3370 4542 ldem

1797 4581 1941 4634 enim
1975 4590 2124 4644 sunt,
2155 4591 2213 4633 ut
2239 4581 2318 4634 lex
2356 4582 2600 4650 Apostoli
2627 4582 2807 4644 docet,
2843 4580 3059 4649 quamlo
3082 4580 3372 4648 pecuniam

1802 4682 2118 4741 appetentes
2161 4689 2189 4726 a
2223 4674 2326 4727 ﬁde
2379 4678 2723 4737 aberrarunt,
2769 4674 3088 4743 sripsosque
3129 4673 3372 4724 inserue-

1800 4771 1925 4815 runt
1949 4763 2229 4830 doloribus
2262 4764 2443 4817 multis
2479 4765 2538 4817 ¹³.
2573 4760 2720 4816 Cum
2742 4779 2870 4831 ergo
2911 4763 3070 4815 nobis
3101 4760 3259 4814 [idem
3291 4776 3375 4814 sa-

1806 4851 2033 4905 lutarem
2065 4852 2237 4916 tollat,
2282 4854 2592 4921 multasque
2631 4855 2754 4906 vita:
2781 4854 3123 4906 calamitates
3161 4851 3369 4920 pariat;

1807 4940 2079 5008 quomodo
2122 4955 2227 4993 non
2259 4941 2404 4993 omni
2428 4956 2529 5010 ope
2554 4942 2656 4994 erit
2689 4941 2959 5010 fugienda,
2997 4949 3050 4993 ct
3084 4955 3372 4992 exsecran-

1807 5031 1874 5084 da
1920 5031 1968 5082 ei
2014 5031 2105 5097 qui
2137 5031 2270 5085 nolit
2318 5034 2580 5100 cauponis
2618 5047 2768 5084 more
2817 5031 3054 5083 anitnam
3103 5031 3334 5081 vendere
3353 5030 3374 5078 2'

1807 5121 2146 5188 Quapropter
2180 5122 2225 5174 si
2275 5123 2621 5176 eomersatio
2663 5129 2845 5174 nostra
2899 5121 2953 5173 in
3007 5121 3159 5174 cmlis
3192 5127 3293 5179 est,
3327 5118 3371 5169 si

1804 5213 1998 5264 cmlum
2030 5212 2352 5280 cogitamus,
2386 5223 2547 5281 atque
2586 5213 2652 5265 ad
2690 5212 2855 5265 vitam
2898 5209 3255 5264 immortalem
3309 5222 3374 5260 ac

1806 5300 2035 5353 salutem
2088 5303 2469 5369 sempiternam
2526 5303 2834 5372 aspiramus
2886 5302 2950 5364 ”,
2989 5299 3252 5350 habentes
3294 5301 3373 5348 vi-

1806 5399 1951 5442 ctum
1993 5400 2046 5443 et
2088 5392 2372 5457 amictum,
2415 5393 2502 5447 his
2536 5394 2775 5446 contenti
2805 5392 2974 5444 simus
3006 5389 3066 5438 ".
3107 5384 3199 5439 Sic
3223 5388 3367 5439 enim

1815 5478 1977 5547 probe
2017 5479 2312 5532 instructos
2361 5481 2608 5546 expedite
2647 5481 2873 5532 arduum
2926 5475 3144 5527 virtutis
3172 5473 3371 5527 clivum

2923 5656 2967 5686 ¹⁵
2999 5655 3017 5708 l
3056 5654 3197 5714 Tim.
3220 5671 3291 5723 vi,
3320 5653 3373 5710 8.

2952 5749 3020 5807 18
