3934 6316
541 309 646 370 559

543 513 575 559 ίι
599 508 746 571 retri,
779 508 829 559 in
862 525 970 576 quo
1001 511 1231 576 ja'-e|i:tt,
1265 514 1562 580 fragmenta
1598 515 1947 581 reliquiarum
1981 513 2100 563 loro

544 600 860 652 tlistraxcrit
888 640 902 663 ,
934 611 987 653 et
1024 605 1198 654 velunt
1232 619 1339 669 quo
1391 613 1562 658 tectus
1615 615 1724 658 erat
1749 643 1763 668 ,
1827 606 1879 656 in
1921 613 2099 672 partes
2133 670 2141 680 ο

545 689 687 740 inille
712 690 1065 758 discerptum,
1111 694 1248 744 sacri
1289 695 1531 761 pignoris
1576 697 1862 746 loro'inter
1893 693 2008 762 pios
2033 693 2102 745 sit

541 780 795 832 divisum.
840 782 974 833 Cum
1007 799 1139 850 ergo
1170 799 1369 850 corpus
1403 801 1542 852 δἐι-ιι
1572 801 1599 837 c
1632 785 1882 835 manibus
1915 781 2098 850 populi

539 882 683 922 esset
712 883 979 940 ereptum,
1017 874 1085 925 ad
1119 873 1371 926 'nobilem
1414 875 1590 942 magni
1646 872 1900 942 martyris
1937 870 2100 924 Mena:

538 962 707 1015 aedem
744 964 1024 1030 pervenit;
1058 965 1239 1033 ibique
1309 966 1622 1033 aliquandiu
1652 965 1974 1031 depositum,
2009 979 2098 1016 sa-

537 1056 646 1105 i-ris
688 1069 904 1120 quoque
953 1055 1170 1124 hymnis
1204 1055 1519 1114 Itonorilire,
1564 1063 1619 1107 ιιι
1672 1069 1767 1122 par
1823 1064 1960 1115 erat,
2015 1062 2100 1106 est

537 1152 838 1210 exceptum.
868 1144 920 1195 Ιιι
953 1161 1062 1212 quo
1094 1146 1209 1198 loco
1236 1146 1373 1198 bina:
1418 1145 1628 1197 l'entime
1658 1160 1689 1198 tt
1744 1145 1899 1196 tnalis
1937 1157 2100 1197 oceu-

538 1246 674 1303 palzc
709 1237 1574 1307 daemonibus,.ltorremlumque
1628 1240 1931 1306 exagitatae,
1983 1236 2100 1290 solo

537 1329 737 1380 tumba:
760 1340 1038 1389 contactu,
1063 1329 1338 1397 sper-tante
1361 1330 1616 1382 universo
1645 1339 1810 1392 cmtn,
1838 1329 2095 1392 liberatae,

536 1419 903 1474 certissimam
934 1424 1223 1474 sanitatem
1255 1430 1383 1475 sunt
1405 1429 1751 1485 eonsecutm;
1783 1436 1904 1488 qua:
1928 1429 1982 1472 et
2018 1420 2099 1471 iit-

535 1525 721 1579 gi-ntcs
754 1511 862 1564 Deo
896 1522 1088 1581 magna
1124 1528 1254 1565 voce
1289 1514 1494 1580 gratias
1523 1513 1920 1581 persolverunt.
1957 1509 2094 1563 llinc

536 1617 662 1655 vero
713 1617 837 1656 cum
888 1602 1186 1659 latttiliares
1251 1605 1488 1656 nobilem
1550 1604 1695 1657 hunc
1748 1603 2097 1678 reliquiarum

537 1691 856 1743 thesaurum
905 1692 1028 1744 navi
1070 1692 1480 1760 imposuissent,
1533 1707 1789 1759 mareque
1817 1692 1926 1759 jam
1973 1701 2099 1745 ante

536 1779 882 1832 veltetticnter
913 1781 1280 1847 intutnuisset,
1316 1793 1372 1835 et
1404 1783 1638 1835 violenta
1693 1779 1812 1835 Noti
1865 1782 2097 1850 procella

534 1870 734 1924 ﬂuctus
792 1870 1122 1926 deeuzizanos
1151 1873 1384 1936 tolleret,
1420 1872 1508 1941 qtti
1563 1872 1959 1941 navigationem
1997 1874 2100 1926 im-

537 1962 768 2029 peditnri
800 1964 1137 2030 viderentur,
1178 1964 1340 2017 simul
1367 1980 1430 2020 ac
1452 1976 1607 2018 saera
1643 1979 1769 2018 arca
1799 1980 1988 2018 navem
2017 1975 2099 2018 at-

536 2055 672 2124 tigi,
709 2054 892 2107 statim
919 2057 1118 2109 mirum
1154 2055 1286 2125 quid
1316 2065 1401 2110 est.
1427 2055 1710 2109 Dominica
1753 2058 1955 2110 virtute
2017 2057 2096 2109 fa-

533 2157 678 2197 ctum
711 2162 724 2198 :
762 2161 882 2197 nam
917 2160 1113 2214 magno
1145 2145 1236 2198 illo
1261 2144 1500 2198 antistite
1541 2144 1826 2214 procellam
1858 2144 2098 2197 invisibi-

535 2235 657 2287 liter
684 2223 1018 2304 increpante,
1039 2234 1289 2290 [luctibus
1311 2235 1507 2288 leniter
1530 2233 1869 2298 cadentibus,
1893 2233 2101 2302 placida

536 2341 682 2379 mare
712 2328 952 2380 constitit
978 2341 1132 2380 aura.
1169 2326 1309 2396 Ergo
1331 2337 1614 2380 curatores
1647 2323 2101 2379 funcris'serena-

535 2429 650 2471 tmn
681 2436 831 2472 mare
869 2419 1158 2474 Dominum
1185 2418 1624 2472 concelebrando
1665 2415 1965 2485 trajiciunt,
2020 2425 2102 2469 at-

533 2530 640 2580 que
673 2515 723 2566 in
755 2514 937 2567 nobile
981 2513 1238 2582 templum
1293 2514 1536 2567 cielestis
1585 2511 1794 2565 militiae
1843 2510 2102 2580 principis

535 2617 700 2675 atque
754 2604 1068 2673 archangeli
1123 2603 1505 2657 zediﬁcatorern
1544 2601 1688 2656 illius
1735 2598 1998 2670 lgnatium
2049 2611 2103 2654 ct

535 2696 1140 2766 cultorem-deportant,
1196 2705 1360 2765 atque
1390 2695 1456 2748 ad
1485 2693 1762 2748 dexteram
1800 2691 1933 2745 tedis
1980 2705 2099 2759 par-

536 2799 642 2841 tem
692 2803 883 2858 magna
919 2803 1042 2841 cunt
1075 2789 1424 2841 veneratiOne
1462 2799 1773 2839 marmoreo
1823 2783 2099 2836 conditum

535 2879 743 2932 tumulo
777 2886 1069 2947 reponunt,
1096 2879 1406 2932 morborum
1445 2891 1639 2945 nempe
1681 2875 1956 2928 variorum
1990 2888 2102 2926 tne-

535 2969 712 3022 dicam
743 2969 899 3038 quasi
931 2968 1221 3032 ollieinam,
1265 2971 1352 3023 ubi
1375 2978 1428 3022 et
1480 2969 1707 3037 spiritus
1759 2965 1941 3020 infesti
1993 2965 2103 3034 pel-

1674 307 1962 368 NlCET.E
2004 309 2526 368 ΡΛΙῚΙΙΛΟΟΝῌ

616 418 783 469 't‘anta
831 434 954 471 vero
1001 418 1168 486 pietas
1223 423 1478 489 popnlttnt
1539 424 1850 484 inct‘ssrtnl,
1917 424 1991 473 uti
2047 435 2096 473 et
2131 432 2170 483 Λ

3657 308 3751 370 5w

2285 422 2436 474 Ἐπεὶ
2465 423 2714 476 τοσοῦτον
2744 423 2796 475 δὲ
2819 426 2875 476 τὸ
2901 425 2978 482 είς
3007 423 3167 475 αὑτὸν
3199 423 3358 484 σέϐας
3385 422 3623 492 ἀνῆπται
3649 427 3750 483 τοῖς

2198 514 2368 587 λαοῖς,
2397 513 2536 565 ὥστε
2570 515 2662 566 καὶ
2696 515 2758 565 τὰ
2805 515 2894 566 ἐπὶ
2947 514 3038 566 τοῦ
3084 515 3406 582 σκίμποδος.
3443 517 3500 566 ἐν
3629 532 3754 567 κατ-

2192 603 2377 655 ’έκειτο
2399 645 2412 664 ,
2444 604 2611 674 Ορᾶνη
2638 605 2753 656 ἀντὶ
2785 605 3045 674 λειψάνων
3077 605 3427 673 διηρπᾶσθαι,
3457 607 3549 658 καὶ
3576 605 3638 656 τὸ
3676 607 3754 658 ἐπ’

2201 694 2364 746 αὖτοῦ
2388 697 2441 747 δὲ
2476 697 2720 765 κείμενον
2753 698 2956 748 πέπλον
2986 699 3198 766 μυρίοις
3240 697 3756 766 καταδιαιροὺμενον

2199 783 2503 854 τμήμασιν,
2538 789 2618 848 είς
2645 789 2917 856 ἁγιασμοῦ
2949 788 3119 856 δῶρον
3153 787 3632 857 καταμεμερῐσοαι
3652 791 3758 849 tot;

2200 877 2433 936 πιστοῖς*
2485 877 2638 943 μόγις
2666 872 2758 929 οὖν
2785 877 2905 929 τότε
2952 877 3012 929 τὸ
3052 877 3212 945 σῶμα
3250 877 3375 938 τοὺς
3429 875 3760 946 κρατοῦντας

2198 965 2480 1033 διαφυγὸν,
2511 967 2604 1018 καὶ
2633 970 2766 1036 πρὸς
2785 967 2861 1036 τῷ
2898 968 3118 1036 μεγάλῳ
3150 965 3260 1037 ναῷ
3282 967 3378 1020 τοῦ
3395 967 3759 1036 Μεγαλομὰρ-

2200 1073 2358 1125 τυρος
2391 1059 2732 1126 καταντῆσαν
2765 1059 2945 1126 Μηνᾶ,
2982 1059 3097 1110 ἐκεῖ
3127 1058 3192 1127 δὴ
3226 1058 3384 1111 πάλιν
3410 1058 3759 1110 κατατίθεταί

2198 1163 2257 1199 τε
2288 1148 2484 1216 βραχὺ,
2527 1150 2619 1200 καὶ
2647 1153 2743 1217 τῆς
2773 1153 2836 1202 ἐκ
2867 1149 2975 1200 τῶν
2999 1147 3207 1214 ὓμνων,
3239 1149 3312 1210 ὡς
3339 1148 3520 1217 θέμις,
3561 1150 3761 1217 τυγχα-

2200 1255 2278 1290 νει
2315 1239 2633 1301 δεξιὼσεως.
2674 1241 2847 1290 Ὅπου
2885 1240 2978 1291 καὶ
3021 1239 3114 1291 δύο
3146 1241 3400 1304 γυναῖκες
3432 1236 3569 1305 ὁμιιῦ
3602 1254 3760 1306 πονη-

2202 1333 2314 1398 ροῖς
2345 1329 2653 1396 πνεύμασιν
2701 1330 3044 1398 ὀχλούμεναι,
3075 1330 3170 1381 καὶ
3202 1328 3390 1389 δεινῶς
3419 1329 3758 1397 ἀναϐρασσό-

2203 1438 2381 1490 μεναι,
2437 1422 2512 1483 ῶς
2574 1421 2730 1490 μόνον
2794 1419 3032 1489 ἔψαυςαν
3091 1423 3155 1488 τῇ
3211 1406 3306 1471 τοῧ
3358 1419 3515 1484 ἁγίου
3584 1418 3758 1488 σορῷ,

2200 1513 2430 1564 ἐνώπιον
2457 1512 2657 1572 παντὸς
2682 1511 2775 1562 τοῦ
2812 1511 2942 1562 λαοῦ
2993 1513 3334 1578 κατέστησαν
3371 1511 3567 1576 ὑγιεῖς,
3604 1511 3762 1560 ἀνα-ι-

2198 1602 2456 1670 τιρῤἡτου
2487 1601 2744 1669 τυχοῦσαι
2794 1601 2892 1669 τῆς
2947 1602 3163 1664 ἰάσεως,
3215 1598 3308 1651 καὶ
3347 1599 3559 1667 μεγάλῃ
3613 1603 3760 1668 φωνῇ

2199 1696 2575 1763 δοξοὶογοῦσαι
2608 1698 2698 1748 τὸν
2733 1697 2883 1749 Θεόν.
2925 1695 3205 1749 ’Ἐντεῦθεν
3235 1696 3342 1747 τῶν
3368 1695 3494 1764 περὶ
3518 1696 3682 1747 αὑτὸν
3707 1694 3762 1742 ἐν

2201 1789 2368 1856 πλοίῳ
2432 1789 2813 1855 καταθεμένων
2863 1788 2954 1838 τὸν
2993 1787 3282 1854 πολύτιμον
3315 1786 3585 1855 θησαυρὸν
3610 1827 3622 1844 ,
3667 1784 3762 1848 τῖς

2201 1873 2476 1947 θαλάσσης
2504 1878 2600 1946 μὲν
2624 1879 2750 1941 ,τότε
2781 1878 3215 1948 κορυφουμένης,
3245 1880 3301 1929 ὲν
3323 1877 3506 1945 ἀνέμῳ
3533 1875 3588 1928 δὲ
3605 1876 3764 1943 Νότῳ

2203 1967 2361 2037 βιαίῳ
2400 1970 2504 2019 τῶν
2533 1969 2788 2037 κυμάτων
2823 1973 2898 2030 εἰς
2920 1968 3048 2036 ζψος
3082 1972 3413 2039 αἰρομένων,
3448 1971 3538 2021 καὶ
3561 1967 3766 2036 ἀπροσο

2203 2076 2314 2110 ιτον
2387 2059 2810 2111 ὑποδεικνύντων
2857 2062 2946 2110 τὸν
3003 2059 3185 2123 πλοῦν,
3223 2058 3297 2120 ὡς
3345 2058 3506 2124 μόνον
3563 2060 3595 2127 ὴ
3646 2059 3766 2109 Osi:

2203 2151 2358 2220 σορὸς
2392 2152 2596 2219 ἐκείνη·
2619 2151 2915 2218 ἐπιϐέϐηκε
2952 2150 3048 2218 τῆς
3086 2151 3230 2220 νηὸς,
3260 2145 3326 2220 ἦν
3357 2151 3488 2219 ὀρᾷν
3513 2150 3766 2218 παραυ-ιὰ

2201 2242 2490 2310 γινομένην
2507 2241 2841 2309 Δεσποτικὴν
2867 2239 3330 2310 Θαυματουργίαν.
3359 2241 3631 2309 Ἀοράτως
3659 2241 3768 2306 γὰρ

2203 2335 2305 2385 ὑπὸ
2335 2332 2428 2385 τοῦ
2467 2333 2701 2402 μεγάλου
2741 2331 3036 2403 ἀρχιερέως
3083 2331 3183 2400 τῆς
3245 2330 3550 2399 καταιγίδος
3589 2331 3772 2383 ἐπιτι-

2170 2425 2486 2494 ,μωμένηφ
2543 2425 2728 2476 ἵστατο
2778 2425 2876 2493 μὲν
2922 2424 3001 2486 είς
3047 2418 3279 2493 αὖρανή
3339 2420 3598 2484 θάλασσα,
3659 2421 3770 2473 τῶν

2201 2516 2465 2583 κυμόιτων
2509 2515 2568 2568 δὲ
2620 2514 3155 2583 κατασιγαζομένων,
3197 2514 3249 2565 οἱ
3272 2512 3365 2565 τοῦ
3396 2496 3552 2578 ἁγίου
3597 2513 3770 2579 θερα-

2201 2608 2398 2659 πευταὶ
2435 2609 2490 2658 ὲν
2527 2606 2735 2676 γαλήνῃ
2780 2603 3257 2673 διαπεραιοὺμενοι
3295 2604 3390 2656 καὶ
3431 2602 3768 2667 δοξάζοντες,

2201 2699 2293 2750 καὶ
2326 2697 2461 2766 πρὸς
2497 2695 2576 2765 τῷ
2615 2697 2743 2765 ἱερῷ
2778 2695 2872 2749 καὶ
2905 2694 3169 2764 παγκάλῳ
3197 2692 3288 2746 τοῦ
3328 2693 3771 2763 ἀρχιστρατήγου

2201 2787 2315 2857 ν;.ῷ
2360 2787 2450 2839 τὸν
2485 2787 2806 2838 πιστότατον
2861 2785 3140 2854 οἰκοδόμον
3177 2783 3388 2836 ἐκείνου
3446 2787 3537 2836 καὶ
3573 2783 3773 2853 λάτριν

2201 2879 2524 2947 ἀγαγόντες,
2575 2877 2711 2946 πρὸς
2756 2877 2868 2938 τοῖς
2915 2876 3106 2940 δεξιοῖς
3160 2874 3471 2944 σεδασμίως
3520 2875 3576 2924 ὲν
3624 2890 3774 2944 μαρ-

2203 2972 2406 3042 μαρίνῃ
2455 2967 2808 3022 κατατιθέασι
2859 2966 3022 3037 σορῷ,
3084 2967 3254 3018 νόσων
3295 2983 3354 3018 τε
3407 2965 3775 3019 παντοδαπῶν

540 3063 748 3123 luntur,
776 3060 1064 3130 omnisque
1097 3061 1312 3132 generis
1343 3061 1471 3128 aegri
1505 3062 1599 3129 (ut
1653 3056 1975 3127 compendio
2016 3057 2099 3110 di-

2207 3063 2468 3131 ἰατήριον,
2488 3059 2585 3112 καὶ
2600 3058 2923 3125 πνευμάτων
2940 3056 3191 3126 πονηρῶν
3211 3057 3512 3124 ἐλατήριον,
3530 3055 3623 3107 xui.
3643 3072 3776 3108 συν·

538 3151 695 3218 cam)
731 3162 842 3205 tum
885 3151 1153 3220 corporis,
1187 3161 1298 3204 tum
1357 3150 1522 3204 animi
1577 3149 1800 3208 morbis,
1847 3162 1968 3200 cum
2015 3156 2098 3198 tu-

539 3245 684 3298 tnulo
723 3245 1099 3308 admoventur,
1135 3250 1385 3312 p.:tenter
1419 3253 1697 3294 curantur.

613 3339 688 3388 Ita
715 3318 793 3386 rir
816 3333 908 3387 Dei
951 3335 1004 3386 in
1048 3335 1204 3386 terris
1232 3332 1416 3384 multis
1447 3330 1706 3383 abrunmis
1736 3326 2097 3388 conﬂictatus,

536 3436 589 3480 ct
611 3435 865 3493 tanquam
890 3441 1078 3477 aurum
1107 3424 1158 3476 in
1185 3423 1402 3474 fornace
1421 3421 1697 3489 probatus,
1724 3427 1879 3486 atque
1909 3418 1980 3469 ita
2017 3416 2099 3468 di-

537 3533 676 3585 gutts
705 3516 811 3568 Deo
846 3517 1136 3578 exbibitus,
1159 3515 1430 3566 caelestem
1467 3511 1839 3564 beatitudinem
1859 3516 1912 3562 et
1933 3508 2100 3560 bono-

541 3624 653 3662 rem
686 3608 739 3660 itt
757 3604 1011 3669 excelsis,
1037 3622 1146 3674 quo
1169 3605 1421 3657 fruuntur
1447 3603 1640 3663 sancti,
1657 3610 1976 3655 consecutus
1998 3609 2099 3651 οδι.

543 3701 718 3753 Stulte
745 3713 871 3753 vero
898 3705 1122 3763 egerunt
1149 3698 1382 3749 tenebrre
1405 3696 1581 3747 lumen
1614 3703 1902 3761 perseeutte
1925 3731 1938 3754 ,
1959 3689 2102 3759 quod

541 3805 816 3859 nunquam
849 3788 1324 3857 appreltetnlerunt
1366 3788 1514 3837 :imo
1567 3793 1715 3838 tanto
1750 3784 1920 3850 magis
1980 3795 2105 3848 pro-

545 3886 765 3937 (uerunt
802 3879 1198 3950 persequendo,
1227 3887 1431 3946 quanto
1466 3876 1637 3943 magis
1669 3874 1799 3927 illud
1853 3888 1880 3923 a
1908 3886 1963 3924 se
2013 3884 2101 3921 ve-

542 3973 658 4026 xari
695 3975 1038 4041 putaverunt.
1089 3966 1220 4020 Nam
1263 3966 1391 4019 dum
1440 3969 1890 4032 persequerentur
1921 3958 2101 4011 lumen

545 4065 668 4124 hoc,
700 4071 993 4129 utcaptum
1032 4057 1439 4116 conculcarent,
1486 4065 1539 4108 et
1576 4053 1700 4106 inde
1753 4052 1828 4104 illi
1874 4051 2104 4103 insulta-

545 4164 687 4215 rent,
726 4153 898 4203 lucem
925 4147 1144 4216 quidem
1178 4161 1207 4199 a
1240 4159 1298 4200 se
1328 4157 1492 4213 quam
1525 4141 1841 4207 longissime
1891 4137 2102 4204 repule-

545 4253 693 4305 runt,
717 4242 975 4307 illamque
1010 4237 1095 4290 vel
1142 4237 1390 4290 nolentes
1429 4241 1578 4286 tanto
1616 4231 1838 4300 prepius
1890 4240 2105 4282 summo

545 4335 691 4387 bono
718 4333 1101 4391 admoverunt,
1142 4336 1345 4398 quanto
1369 4340 1427 4380 se
1461 4325 1631 4393 magis
1658 4337 1780 4376 cum
1831 4319 1973 4376 malo
2007 4334 2105 4372 ex-

544 4435 722 4479 tremo
751 4423 1062 4477 deterrimis
1095 4422 1210 4474 suis
1233 4417 1476 4472 consiliis
1505 4416 1921 4484 conjunxerunt.

611 4513 1013 4584 Ergolgnatius
1059 4492 1259 4564 iterum
1297 4507 1604 4577 patriarcha
1667 4502 1929 4558 deccnnio
1972 4515 2107 4568 prae-

545 4609 682 4674 fuit;
716 4608 1035 4662 tricennium
1068 4619 1212 4669 vero,
1248 4602 1516 4672 pauloque
1541 4595 1796 4665 amplius,
1856 4592 2105 4645 universe

543 4713 773 4767 magnus
813 4695 1039 4748 antistes
1070 4693 1264 4746 solium
1321 4689 1490 4743 tcttuit
1524 4705 1538 4751 ;
1579 4697 1953 4750 annorumque
2011 4695 2104 4733 oc-

543 4790 747 4857 toginta
793 4790 842 4839 in
890 4801 1018 4853 pace
1065 4787 1129 4836 ad
1153 4798 1403 4850 magnum
1438 4781 1584 4830 illurn
1614 4775 1917 4844 pontilieem
1955 4772 2105 4826 Citri-

543 4890 686 4934 stum
727 4888 810 4931 est
839 4876 1134 4946 prolectus.

613 4971 784 5024 Porro
813 4979 946 5038 quot
977 4982 1040 5019 ac
1064 4965 1279 5035 quantis
1313 4963 1462 5014 illum
1495 4957 1633 5012 Deus
1668 4956 1835 5025 signis
1859 4969 1924 5007 ac
1973 4968 2102 5021 pro-

543 5062 705 5131 digiis
733 5060 1035 5121 celebrarit,
1085 5069 1133 5109 et
1167 5054 1438 5109 celebrare
1465 5063 1674 5116 semper
1728 5048 1779 5099 in
1813 5046 1900 5100 illo
1958 5045 2098 5096 cele-

545 5155 735 5206 bratus
776 5150 1032 5204 Dominus
1063 5164 1169 5198 non
1207 5141 1439 5202 desinat,
1504 5155 1608 5191 non
1660 5137 1819 5202 Itujus
1871 5135 2101 5189 instituti

544 5246 723 5313 operis
743 5252 847 5305 est,
881 5241 974 5293 sed
1019 5237 1256 5289 historia:
1308 5242 1362 5285 et
1420 5231 1548 5299 justi
1585 5227 1874 5283 voluminis
1924 5228 2097 5280 labor.

542 5336 656 5404 Ego
696 5335 762 5385 tie
789 5331 970 5384 multis
996 5339 1166 5394 pauca
1197 5323 1214 5391 (
1246 5337 1367 5374 nam
1401 5320 1606 5388 singula
1643 5317 1891 5388 persequi
1929 5318 2103 5370 inlini-

545 5434 657 5477 tunt
698 5423 812 5487 sit),
843 5436 961 5488 qua:
996 5429 1170 5470 tamen
1223 5413 1313 5467 Dei
1371 5414 1594 5482 gratiam
1653 5420 1706 5464 et
1735 5411 1905 5479 ipsius
1943 5411 2098 5462 ﬁdem

542 5513 884 5570 mediocriter
921 5509 1213 5572 declarent,
1249 5503 1567 5574 compendio
1590 5516 1878 5574 exponam.

611 5694 752 5749 Puer
778 5689 1042 5756 octennis,
1075 5701 1346 5744 summum
1409 5683 1690 5748 novennis,
1733 5683 1922 5735 morbo
1981 5696 2096 5748 per-

2134 4427 2183 4484 ι)

2200 3153 2383 3221 τόμως
2416 3153 2608 3212 εἰπεῖν,
2642 3150 2910 3202 παντοίων
2941 3146 3128 3200 παθῶν
3164 3148 3341 3217 ψυχῆς
3370 3165 3429 3199 τε
3459 3149 3550 3198 καὶ
3572 3146 3776 3217 σῶμα·

2200 3258 2290 3303 τος
2323 3242 2434 3303 τοῖς
2469 3240 2776 3307 ἐγγίζουσιν
2810 3238 3182 3306 ἀλεξητήριον.

2276 3331 2460 3394 υῦτως
2482 3333 2508 3383 ό
2537 3330 2675 3400 ἱερὸς
2701 3329 2792 3381 τοῦ
2823 3326 2956 3379 Θεοῦ
2984 3327 3265 3394 ἄνθρωπος
3297 3324 3392 3376 διὰ
3417 3322 3621 3376 πολλῶν
3654 3321 3778 3375 01i-

2203 3424 2348 3493 ψεων
2379 3425 2434 3476 ἐν
2482 3425 2549 3492 γῇ
2600 3419 2935 3491 πειρασθεὶς,
2991 3419 3082 3470 καὶ
3116 3418 3189 3478 ὡς
3229 3417 3428 3486 χρυσὸς
3471 3418 3528 3467 ἐν
3560 3432 3776 3484 χωνευ-

2203 3516 2375 3586 τηρίῳ
2411 3513 2780 3583 δοκιμασθεὶς,
2815 3513 2907 3563 καὶ
2941 3510 3086 3572 ἄξιος
3121 3509 3292 3570 οὕτως
3321 3505 3653 3575 ἀποδειχθεὶς
3673 3505 3775 3558 τοῦ

2203 3607 2360 3670 Θεοῦ,
2400 3606 2500 3675 τῆς
2535 3604 2784 3675 οὐρανίου
2828 3603 3228 3671 μακαριότητος
3267 3599 3361 3651 καὶ
3404 3598 3498 3668 τῆς
3527 3598 3582 3649 ὲν
3619 3597 3776 3667 ὑψη-

2203 3699 2314 3762 λοῖς
2345 3700 2468 3751 ’τῶν
2518 3698 2686 3765 ἁγίων
2729 3695 3040 3764 κατηξιώθη
3075 3693 3256 3762 τιμῆς.
3323 3689 3672 3759 Ἐματαιὼθη
3712 3689 3776 3741 δὲ

2204 3793 2238 3861 ἡ
2275 3790 2486 3849 σκοτία,
2522 3787 2757 3852 διώξασα
2793 3785 2890 3855 μὲν
2916 3785 2977 3836 τὸ
3011 3783 3148 3850 φῶς,
3184 3782 3244 3835 οὐ
3279 3779 3661 3834 καταλασοῐηα
3689 3780 3772 3832 δέ.

2205 3881 2456 3950 ’Τοσούτῳ
2499 3880 2553 3932 δὲ
2590 3878 2788 3948 μᾶλλον
2838 3875 3227 3950 εὐηργέτησεν,
3275 3873 3384 3941 ὅσῳ
3413 3872 3571 3923 πλέον
3607 3870 3773 3939 ᾠήθη

2205 3948 2746 4032 λυπεῖνξΔιὼκουσα
2779 3968 2906 4037 γὰρ,
2955 3967 3040 4018 ἵνα
3073 3948 3292 4036 πατήσῃ
3345 3965 3437 4017 καὶ
3485 3980 3775 4015 κατακαυ-

2205 4063 2460 4132 χήσηται,
2493 4061 2685 4128 ἑαυτῆς
2719 4058 2815 4128 μὲν
2851 4057 2911 4109 τὸ
2949 4055 3147 4126 φεῦγον
3177 4056 3484 4124 ὲμάκρυνε,
3522 4069 3774 4121 προσεγ-

2206 4155 2355 4220 γίσαι
2391 4152 2448 4205 δὲ
2490 4150 2866 4222 παρεσκεύασε
2901 4151 2994 4201 καὶ
3031 4148 3104 4217 μὴ
3135 4146 3430 4216 βουλομένη
3468 4145 3543 4214 τῷ
3574 4144 3776 4214 ἀγαθῷ

2205 4241 2475 4306 τοσοῦτον,
2529 4241 2650 4292 ὅσον
2691 4239 2888 4308 ἑαυτὴν
2928 4237 3006 4306 τῷ
3045 4235 3200 4306 κακῷ
3246 4237 3335 4290 διὰ
3371 4235 3470 4305 τῆς
3516 4235 3777 4305 πσλυμη·

2206 4334 2367 4403 χάνου
2399 4331 2757 4402 στραγγαλιᾶς
2780 4327 3255 4399 προσῳκειώσατο.

2269 4512 2418 4565 Δὲκα
2479 4511 2578 4580 μὲν
2633 4509 2724 4562 οὖν
2779 4508 2873 4577 ἔτη
2933 4506 2992 4559 τδ
3029 4505 3309 4576 δεύτερον,
3369 4504 3439 4557 τὰ
3492 4503 3668 4557 πάντα
3715 4502 3775 4556 δὲ

2205 4600 2495 4670 τριάκοντα
2522 4600 2614 4650 καὶ
2647 4598 2838 4666 μικρόν
2867 4613 2918 4647 τι
2949 4594 3103 4664 πρὸς,
3133 4595 3163 4646 ὀ
3193 4594 3364 4662 μέγας
3407 4592 3773 4662 ἀρχιερατεύ-

2208 4707 2303 4751 σας
2352 4689 2629 4756 Ἰγνάτιος,
2671 4685 3026 4754 ὀγδοηκοστὸν
3053 4685 3109 4735 δὲ
3142 4684 3244 4752 ήδη
3274 4680 3510 4749 γεγονὼς
3535 4682 3676 4741 ἔτος,
3711 4682 3774 4732 ιν

2205 4782 2396 4852 εἰρήνῃ
2456 4779 2592 4849 πρὸς
2636 4777 2729 4829 τὸν
2782 4776 3069 4846 Ἀρχιερέα
3123 4775 3214 4827 τὸν
3261 4773 3435 4843 μέγαν
3487 4771 3770 4841 ἀνελήφθη

2204 4874 2248 4925 Χ
2261 4873 2455 4941 ριστόν.

2275 4965 2461 5023 Ὂσοις
2505 4960 2603 5030 μὲν
2633 4959 2724 5011 οὖν
2757 4959 2851 5010 καὶ
2880 4957 3085 5026 ἡλίκοις
3121 4955 3283 5007 αὑτὸν
3317 4952 3616 5021 τεραπίοις
3645 4950 3675 5002 ὁ
3709 4953 3771 5004 ἑν

2204 5053 2350 5119 αὑτῷ
2380 5051 2731 5119 δοξαζόμενος
2770 5049 2988 5112 ὲδόξασε
3020 5045 3242 5116 Κύριος,
3287 5045 3377 5096 καὶ
3413 5043 3491 5094 ἐτι
3521 5042 3576 5094 δὲ
3603 5041 3769 5107 δοξάφ

2205 5140 2310 5204 ζων
2362 5141 2421 5191 οὐ
2477 5138 2851 5207 διαλιμπάνει,
2910 5133 3145 5204 ἱστορίας
3189 5132 3367 5200 ἔργον,
3429 5129 3522 5182 καὶ
3555 5130 3618 5180 οὐ
3665 5129 3767 5182 τοῦ

2205 5231 2466 5299 παρόντος
2506 5227 2571 5280 ἂν
2612 5228 2695 5297 εἴη
2746 5224 3046 5295 διηγεῖσθαι
3095 5220 3308 5291 καιροῦ.
3376 5220 3559 5284 Ὀλίγα
3597 5217 3655 5269 δὲ
3684 5219 3768 5276 ,ἐκ

2205 5322 2431 5384 πολλῶν,
2466 5321 2558 5371 καὶ
2587 5321 2686 5371 ὃσα
2707 5318 2805 5394 τὴν
2827 5315 2990 5368 αὑτοῦ
3027 5313 3127 5382 μὲν
3157 5313 3358 5373 πίστιν,
3388 5309 3484 5378 τὴν
3507 5309 3600 5360 τοῦ
3624 5306 3767 5361 Θεοῦ

2203 5415 2255 5465 δὲ
2294 5416 2349 5465 ὲν
2388 5410 2534 5480 αὑτῷ
2578 5411 2734 5479 χάριν
2777 5408 3014 5477 μετρίως
3057 5403 3450 5461 ὑποδείκνυσιν,
3485 5399 3769 5467 ἑπιτόμως

2205 5503 2635 5571 ὑπομνήσαντες,
2667 5499 2733 5550 τὰ
2770 5497 2910 5557 κατὰ
2941 5497 3107 5566 μέρος
3131 5493 3204 5556 ὡς
3233 5492 3462 5561 ἀριθμὸν
3493 5489 3767 5560 ὑπερϐαί-

2205 5608 2362 5646 νοντα
2390 5591 2731 5660 παρήσομεν.

2276 5682 2406 5741 Παῖς
2439 5680 2546 5747 γὰρ
2571 5679 2645 5739 ὼς
2674 5675 2817 5728 ὀκτὼ
2853 5675 2885 5743 ἢ
2920 5675 3012 5726 καὶ
3040 5673 3195 5739 ἐννέα
3224 5667 3501 5732 καθεστὼς
3529 5665 3762 5737 χρόνων,
