3934 6316
109 367 202 429 561

1155 373 1327 431 νΙΤᾹ
1357 373 1418 432 S.
1475 373 1769 432 IGNATII
1805 375 1912 434 CP.
1948 376 2293 433 .\l‘tlllllEl‘.

3234 369 3339 433 5(ὶέ

3067 449 3080 479 t

109 481 375 550 πνεύματι
415 479 697 543 ἀσθενείας
750 481 989 549 πληγεὶς,
1031 485 1121 532 καὶ
1156 480 1365 549 ἀθρὸως
1405 480 1662 548 παρεθεὶς

1791 484 1976 546 rulsus,
2015 499 2076 536 ae
2110 493 2253 537 totus
2285 496 2501 552 repente
2549 484 2772 546 fiat-tus,
2809 498 2913 536 non
2943 482 3116 534 solum
3176 500 3333 537 usum

106 573 242 633 ὅλος.
271 573 333 624 οὐ
381 573 541 640 μόνον
575 571 798 633 ἄναυδος
828 572 1000 638 πάντη
1037 572 1128 623 καὶ
1157 572 1406 640 ἀνήκοος,
1439 571 1572 622 ἀλλὰ
1600 569 1664 639 δὴ

106 665 195 715 καὶ
234 664 486 733 ἀκίνητος
518 663 774 726 όλοτελιῖπς
808 661 1066 730 γεγονὼς,
1116 663 1209 715 καὶ
1244 663 1348 714 ὑπὸ
1384 661 1490 714 τῶν
1521 661 1664 713 ἰδίων

106 753 265 807 αὑτοῦ
302 753 724 822 βασταζόμενος,
750 753 827 822 τῷ
857 754 1019 831 κοινῷ
1049 754 1155 806 τῶν
1183 754 1386 807 πιστῶν
1423 753 1662 821 ἰατρείῳ,

103 845 180 914 τῷ
210 845 347 917 ἱερῷ
385 845 476 898 τοῦ
511 845 771 916 θεοφόρου
804 846 1011 916 Πατρδς
1059 846 1449 915 προσρίπτεται
1488 843 1662 911 τάφῳ.

106 937 178 990 Δι’
209 939 432 1007 ἡμερῶν
461 937 517 990 δὲ
560 937 841 1008 τεσσάρων
865 938 965 1006 τῆς
991 936 1085 990 τοῦ
1121 937 1274 1003 ἁγίου
1310 934 1667 999 καταξιωοεὶς

104 1016 462 1101 ἐπισκέψεως,
508 1032 767 1100 ἐξαπίνης
814 1031 962 1099 ίδίοις
993 1029 1253 1099 ἐξανέστη
1286 1030 1435 1090 ποσὶ,
1465 1028 1560 1080 καὶ
1599 1028 1667 1080 δι’

105 1122 298 1176 ἑαυτοῦ
331 1123 430 1192 τὴν
460 1123 549 1175 τοῦ
577 1121 705 1175 ναοῦ
739 1121 914 1191 πύλην
943 1121 1182 1187 ἀνοίξας,
1246 1122 1338 1173 καὶ
1370 1119 1526 1188 ὑγιὴς
1549 1119 1668 1182 ὅλος

104 1207 336 1272 ἐξελθὼν
368 1209 490 1272 ἔξω,
528 1209 706 1262 ἐλάλει
737 1211 849 1269 τοῖς
879 1207 1109 1277 παροῦσι
1141 1208 1232 1260 καὶ
1263 1208 1480 1277 ἡκουεν,
1512 1207 1665 1259 εὐλο-

103 1299 209 1363 γῶν
249 1299 344 1353 τὸν
393 1300 546 1362 Θεὸν,
594 1300 688 1352 καὶ
740 1300 807 1353 τὰ
850 1299 1128 1369 θαυμάσια
1178 1298 1528 1366 ἀναγγέλλων
1573 1297 1668 1351 τοῦ

104 1393 282 1459 ἁγίου.
333 1455 337 1458 ι

173 1485 402 1549 Ἄλλος,
454 1485 592 1554 πλὴν
617 1483 675 1549 ἐξ
709 1485 990 1555 ἐπηρείας,
1028 1479 1198 1552 οἶμαι,
1243 1485 1338 1537 καὶ
1384 1483 1542 1536 τοῦτο
1574 1481 1668 1534 τοῦ

105 1575 365 1647 πονηροῦ,
414 1576 704 1645 ιπιληψίας
739 1574 993 1638 ἑαλωκὼς
1047 1575 1241 1638 πάθει,
1292 1576 1478 1637 δεινῶς
1518 1575 1672 1638 ἐξαν-

107 1667 381 1736 έστραπτο
421 1668 518 1737 μὲν
549 1668 608 1719 τὸ
644 1666 846 1736 στόμα,
892 1666 1178 1737 παρῄρητο
1205 1667 1260 1718 δὲ
1295 1666 1388 1719 καὶ
1415 1665 1508 1718 τοῦ
1531 1663 1672 1717 κατὰ

106 1759 266 1824 φύσιν
310 1758 620 1827 φθέγματος
668 1758 766 1829 τὴν
799 1757 1004 1826 φωνὴν,
1045 1757 1121 1822 ὼς
1152 1757 1383 1811 ἐλεεινόν
1427 1774 1486 1808 τε
1513 1756 1673 1810 αὐτὸν

106 1851 196 1902 καὶ
245 1849 636 1902 δυσέντευκτον
700 1848 882 1919 θέαμα
932 1849 1273 1918 προκεῖσθαι.
1331 1844 1497 1910 Οὗτος
1553 1849 1672 1900 ἐπεὶ

106 1942 414 2010 ἀδιστάκτῳ
456 1943 635 1995 πίστει
689 1942 1006 1996 ἐπεκαλεῖτο
1070 1942 1160 1994 τὸν
1203 1940 1376 2006 ἅγιον,
1435 1941 1538 2009 ὁρᾷ
1576 1940 1674 2008 μὲν

104 2035 264 2086 αὐτὸν
302 2035 445 2104 ὄναρ
475 2033 665 2104 ὥσπερ
703 2035 802 2106 τὴν
843 2034 1026 2086 κλεῖδα
1058 2033 1356 2102 κατέχοντα
1393 2034 1459 2102 τῇ
1496 2032 1671 2101 χειρὶ,

106 2129 198 2178 καὶ
223 2126 432 2198 ταύτην
459 2125 537 2196 τῷ
587 2127 815 2196 στόματι
848 2125 1011 2178 αὑτοῦ
1051 2126 1144 2177 ἐπε
1156 2123 1451 2193 μϐαλόντα,
1483 2123 1572 2175 καὶ
1600 2122 1675 2183 ὼς

105 2219 264 2286 δῆθεν
294 2217 469 2287 θύραν
501 2219 812 2294 ἀνοίγοντα,
842 2216 1159 2286 συστρέψαι,
1210 2216 1301 2268 καὶ
1347 2214 1481 2282 πρὸς
1513 2213 1676 2267 αὑτὸν

108 2310 281 2362 εἰπεῖν
304 2324 319 2337 ·
356 2310 417 2361 El
444 2304 611 2370 οἶδας,
651 2308 733 2369 τίς
771 2309 885 2375 είμι
928 2308 1073 2374 ἐγώς;
1120 2307 1222 2357 Τὸν
1265 2306 1322 2358 δὲ
1359 2305 1431 2374 μὴ
1480 2303 1676 2356 εἰδέναι

109 2401 373 2466 φάμενον,
419 2399 650 2452 ἀκοῦσαι
679 2398 809 2468 πρὸς
841 2397 1028 2461 αὐτοῦ,
1062 2399 1136 2460 ὼς
1167 2396 1325 2459 αὐτὸς
1370 2397 1453 2465 είη
1509 2394 1678 2460 Ἰγνά-

109 2508 216 2554 τιος
246 2492 593 2561 πατριάρχης
613 2508 627 2522 ·
658 2491 766 2544 Καὶ
796 2490 926 2552 ἰδοὺ,
946 2491 1130 2560 φησὶν,
1165 2489 1273 2542 άπὸ
1301 2487 1395 2542 τοῦ
1424 2488 1520 2540 νῦν
1546 2486 1680 2539 καθ-

111 2586 350 2654 έστηκας
397 2584 585 2651 ὑγιὴςσ
620 2583 847 2649 ἐξυπνον
876 2583 931 2635 δὲ
973 2581 1160 2634 τοῦτον
1195 2580 1505 2649 γενόμενον,
1552 2578 1678 2645 ὑγιῆ

112 2674 390 2736 παντελῶς
423 2675 614 2728 ἑαυτὸν
638 2674 839 2744 εὑρεῖν,
861 2673 935 2736 ὡς
963 2673 1230 2743 μηδέποτε
1262 2672 1407 2742 ἴχνος
1426 2668 1681 2738 τοιαύτης

115 2762 402 2832 ἑωρακότα
434 2761 753 2824 κακώσεως.

184 2852 384 2914 Ἀλλος
419 2851 579 2905 πάλιν
605 2851 746 2922 νόσῳ
779 2847 1025 2921 κοιλιάκῇ
1059 2846 1392 2918 περιπεσὼν,
1427 2848 1518 2901 καὶ
1549 2847 1682 2916 πρὸς

114 2946 233 3006 ταῖς
262 2945 523 3011 ἐσχάταις
545 2942 788 3011 ὴγγικὼς
811 2942 877 2993 δι’
903 2941 1070 3010 αὐτὴν
1105 2940 1294 3007 ὥραις,
1320 2938 1419 3006 τῆς
1455 2937 1550 3006 μὲν
1577 2935 1684 2989 ἀπὸ

117 3034 220 3085 τῶν
266 3032 469 3101 ίατρῶν
533 3031 783 3101 βοηθείας
835 3031 1019 3083 λοιπὸν
1079 3017 1333 3095 ἀπέγνω,
1389 3027 1479 3080 τὸν
1530 3027 1684 3094 ἆγιον

117 3123 169 3174 δὲ
198 3122 486 3193 πόρρωθεν
524 3122 581 3186 ἐξ
622 3120 914 3190 ὁλοκλήρου
952 3120 1185 3180 πίστεως
1221 3115 1679 3185 ἀνακαλούμενος,

117 3215 212 3282 ὁρᾷ
255 3213 357 3281 μὲν
399 3212 584 3264 τοῦτον
621 3211 753 3280 δναρ
799 3209 946 3278 αὑτῷ
996 3206 1342 3278 παρεστῶτα,
1387 3206 1481 3259 καὶ
1522 3206 1684 3258 εὐθυ-

122 3303 238 3369 μεῖν
273 3299 774 3368 ὲπαγγελλόμενον.
803 3298 1010 3350 Αὐτίκα
1037 3297 1092 3349 δὲ
1125 3299 1220 3365 τῆς
1257 3296 1463 3366 ῥύσεως
1490 3293 1686 3362 ἀναξη-

123 3391 410 3460 ρανθείσης
443 3389 539 3457 τῆς
572 3391 826 3460 γαστρὸς,
852 3392 930 3452 εἰς
959 3388 1164 3458 τροφῆς
1195 3388 1430 3455 ἔφεσινὸ
1464 3386 1686 3454 κάμνων

121 3482 211 3533 καὶ
241 3481 459 3534 τελείαν
489 3481 677 3548 ὑγείαν
703 3479 1153 3532 ἀποκαθίσταται.

190 3573 364 3625 Πάλιν
411 3573 546 3640 γυνή
590 3587 674 3633 τις
708 3570 861 3639 ἀνδρὶ
896 3569 1140 3638 νομίμως
1196 3564 1546 3630 συνοικοῦσα,
1594 3565 1690 3617 καὶ

122 3663 323 3716 παίδων
384 3663 565 3730 μήτηρ
615 3661 868 3727 γεγονυῖα
918 3659 1105 3728 τριῶν,
1145 3656 1314 3726 ξηρὰν
1367 3655 1542 3724 πάντη
1594 3654 1689 3707 καὶ

123 3755 350 3822 ἄνικμον
390 3753 687 3822 προέϐαλλε
731 3752 831 3820 τὴν
867 3749 1053 3818 θηλὴν,
1097 3749 1235 3801 ὥστε
1267 3749 1334 3800 τὰ
1381 3747 1471 3798 ὑπ’
1517 3748 1689 3814 αὐτῆς

123 3847 417 3913 τικτόμενα,
457 3843 627 3914 βρέφη
675 3842 929 3910 παραυτά
969 3841 1144 3904 ξέναις
1183 3837 1480 3890 ἐκδίδοσθαι
1533 3837 1687 3903 τιθη-

126 3936 330 3987 νεῖσθαι
363 3935 601 4002 τροφοῖς,
632 3933 734 3994 ἓως
761 3932 854 3983 ἐπὶ
876 3930 998 3983 νοῦν
1021 3919 1156 4000 ἦλθε
1192 3931 1303 3990 τοῖς
1332 3929 1550 3989 οίκείοις
1588 3928 1688 3978 αὑ-

127 4029 216 4097 τῆς
249 4027 329 4096 τῷ
356 4026 495 4094 ἁγίῳ
528 4025 912 4094 προσδραμεῖν.
948 4022 1054 4075 Καὶ
1084 4022 1148 4089 δὴ
1184 4021 1295 4073 τῶν
1324 4019 1495 4086 ἁγίων
1524 4017 1690 4071 αὐτοῦ

127 4117 323 4188 τριχῶν
355 4115 854 4186 ἁπομυρισθεισῶν,
887 4115 978 4165 καὶ
1007 4116 1070 4182 τῇ
1115 4113 1388 4181 άρτιτόκιμ
1419 4114 1561 4164 πιεῖν
1604 4111 1690 4162 δε-

127 4206 475 4277 δωρημένων,
502 4207 594 4257 ἐπὶ
622 4205 874 4257 τοσοῦτον
896 4203 1056 4264 εὐθὺς
1087 4203 1349 4270 γαλοῦχος
1380 4202 1689 4270 ἀπεφάνθη,

127 4301 197 4362 ὡς
230 4302 326 4352 καὶ
365 4300 496 4350 πολὺ
540 4297 701 4350 πλέον
729 4297 830 4363 τῆς
859 4296 1049 4365 χρείας
1092 4294 1152 4347 τὴ
1180 4294 1322 4362 γάλα
1359 4295 1468 4346 τῶν
1502 4295 1689 4364 μαζῶν

132 4393 446 4462 καταρρεῖν.
518 4390 624 4442 Καὶ
665 4386 823 4442 τοῦτο
884 4386 985 4440 οὐκ
1039 4389 1120 4448 εἰς
1153 4386 1281 4453 μίαν
1342 4385 1511 4454 μόνην
1559 4384 1691 4450 φασί

1769 575 1965 642 linguae
1989 586 2042 628 et
2078 577 2292 628 aurimn
2327 578 2603 639 amiserat,
2649 575 2741 629 sed
2780 574 3038 628 membris
3083 574 3336 629 omnibus

1768 676 1984 735 captus,
2009 682 2038 719 a
2075 667 2296 735 suisque
2324 677 2589 736 gesmtns,
2619 666 2683 719 ad
2724 681 3067 720 communem
3113 668 3337 722 creden-

1774 760 1906 811 tium
1939 799 1952 822 ,
2007 767 2328 828 sacramque
2365 759 2706 812 curationum
2742 758 3033 823 ollicinam,
3063 759 3128 812 atl
3161 757 3337 812 sancti

1770 852 2066 922 (inquam)
2121 852 2293 907 Patris
2343 853 2606 906 tumulum
2667 852 2980 921 projicitur:
3037 862 3341 922 quartoqne

1771 945 1858 998 die
1883 945 2050 998 sancti
2078 945 2276 999 auxilio
2299 944 2574 1014 dignatus,
2604 943 2889 998 confestim
2923 945 3036 997 suis
3088 945 3342 998 insistens

1775 1039 2014 1108 wstigiis
2057 1038 2402 1093 consurrexit
2439 1046 2748 1107 ;portaque
2781 1053 2878 1090 sua
2933 1053 3095 1089 manu
3131 1046 3340 1109 aperta,

1773 1145 1942 1182 sanus
1970 1129 2284 1198 integerque
2312 1142 2584 1196 egressus,
2613 1126 2790 1182 obviis
2822 1127 3125 1195 quibusque
3149 1126 3344 1195 loque-

1773 1230 1948 1284 batur,
1981 1228 2034 1273 et
2057 1218 2329 1283 audiebat,
2366 1220 2663 1272 immensas
2692 1219 2799 1272 Deo
2834 1218 3038 1287 gratias
3062 1233 3226 1287 agens
3246 1259 3260 1283 ,
3289 1223 3345 1270 et

1771 1313 1946 1367 sancti
1975 1325 2238 1366 enarrans
2274 1310 2561 1364 miracula.

1841 1494 1996 1546 Alius
2031 1493 2254 1554 invidia,
2289 1507 2432 1554 reor,
2457 1491 2853 1545 earodaemonis
2880 1490 3137 1558 epilepsia
3185 1489 3346 1541 velte-

1773 1595 1982 1641 menter
2014 1597 2416 1654 correptns,os
2449 1583 2592 1636 [inde
2628 1583 2972 1639 distorserat.
3020 1589 3072 1632 et
3108 1579 3345 1632 naturali

1775 1680 1922 1733 vocis
1978 1680 2157 1732 sonitu
2209 1677 2434 1730 orbatus
2495 1683 2633 1738 erat,
2665 1682 2725 1727 ut
2769 1671 3077 1726 miserabile
3104 1671 3253 1736 jtrxta
3283 1684 3348 1722 ac

1777 1773 1930 1826 triste
1961 1770 2327 1837 Spectaculum
2350 1756 2532 1822 oculis
2555 1775 2971 1835 proponeretur.
3004 1761 3099 1815 llic
3144 1761 3348 1814 lirmis-

1773 1867 1912 1916 sima
1961 1860 2084 1919 (ille.
2111 1875 2213 1927 ope
2257 1859 2430 1911 sancti
2500 1856 2809 1923 implorata,
2869 1868 2962 1921 per
3024 1862 3347 1903 nocturnam

1774 1955 2008 2023 speciem
2039 1953 2184 2005 videt
2221 1950 2485 2021 lgnatium
2538 1964 2700 2000 manu
2753 1946 2959 2000 clavem
3019 1951 3347 2011 gestantem,

1774 2051 1826 2094 et
1878 2039 1959 2092 ori
1992 2053 2093 2091 suo
2140 2038 2541 2096 admoventem,
2590 2051 2653 2088 ac
2676 2043 2971 2087 vertentem
2999 2073 3012 2095 ,
3040 2029 3193 2100 quasi
3229 2030 3353 2082 inde

1771 2133 1992 2202 jnnuam
2017 2130 2269 2199 aperiret,
2296 2130 2362 2182 ad
2381 2144 2438 2181 se
2464 2130 2676 2181 dicere:
2707 2125 2906 2178 Nostin‘
2935 2125 3024 2191 qui
3058 2124 3200 2176 sim?
3253 2135 3348 2174 nc-

1778 2233 2017 2291 gantcm,
2078 2229 2263 2289 postea
2305 2219 2577 2274 audivisse
2627 2221 2694 2270 ab
2744 2217 2855 2278 illo,
2915 2215 3180 2284 Ignatium
3231 2227 3352 2264 esse

1778 2315 2160 2383 patriarcbam.
2198 2311 2259 2365 Et
2288 2327 2415 2365 ecce
2442 2312 2552 2379 jam
2573 2326 2751 2365 mine.
2785 2308 2980 2376 inquit,
3011 2321 3069 2358 es
3106 2312 3346 2358 curatus.

1781 2405 1973 2459 Postea
2013 2415 2411 2471 experrectum,
2458 2405 2594 2455 adeo
2646 2402 2852 2454 salvum
2891 2409 2946 2453 et
3023 2398 3349 2450 incolumem

1781 2505 2075 2563 repertum,
2131 2496 2205 2546 uti
2259 2509 2327 2547 ne
2382 2494 2663 2562 vestigium
2710 2491 2928 2560 quidem
2979 2489 3030 2541 in
3072 2502 3129 2542 se
3173 2483 3349 2540 morbi
3446 2553 3454 2558 _

1783 2587 2232 2654 deprehenderet.

1856 2855 2006 2907 Alius
2049 2854 2170 2905 item
2203 2850 2538 2922 dyssentcria
2565 2848 2814 2900 laborans
2840 2847 2951 2916 jam
2984 2845 3035 2897 in
3093 2842 3351 2897 extremis

1787 2960 1921 3012 erat,
1959 2955 2011 3000 et
2061 2939 2114 2996 θ’
2150 2945 2376 2998 medicis
2436 2942 2851 2996 conclamatus:
2888 2939 2978 3007 qui
3041 2946 3242 2995 tamen,
3294 2943 3353 2985 nt

1787 3039 1960 3096 sancti
2027 3051 2182 3107 opem
2219 3051 2248 3089 e
2299 3035 2593 3103 longinquo
2647 3034 2799 3100 plena
2849 3031 2950 3082 title
3009 3025 3349 3096 implorabat,

1791 3140 2000 3200 spectat
2058 3131 2202 3182 hunc
2242 3143 2336 3195 per
2397 3140 2645 3186 somnum
2688 3123 2790 3176 sibi
2843 3123 3210 3178 assistentem,
3250 3117 3349 3170 bo-

1791 3239 2027 3292 numque
2072 3222 2311 3292 animum
2367 3219 2566 3271 habere
2619 3216 2920 3284 jnbentem,
2959 3222 3012 3265 et
3062 3212 3206 3264 illico
3246 3209 3352 3262 sie-

1789 3326 1905 3370 cata
1941 3314 2095 3367 alvus
2135 3310 2397 3371 constitit,
2431 3309 2645 3376 cibique
2679 3306 2862 3360 orexis
2893 3318 3130 3368 reversa,
3174 3301 3353 3354 berni-

1789 3425 1910 3507 ner‘n
1948 3406 2197 3477 perfecta:
2217 3404 2450 3458 restituit
2479 3399 2852 3455 incolumitati.
3026 3386 3029 3387 ν

1861 3589 2081 3643 Femina
2113 3599 2332 3654 quoque
2365 3592 2531 3652 nupta
2567 3582 2705 3640 viro,
2747 3579 3019 3644 triumque
3049 3575 3346 3626 liberorum

1792 3695 2010 3750 parens,
2041 3677 2208 3732 aridis
2243 3691 2457 3744 semper
2479 3683 2534 3727 et
2575 3672 2736 3725 siccis
2775 3680 2885 3722 erat
2933 3667 3165 3736 papillis,
3201 3666 3270 3716 ita
3294 3672 3353 3716 nt

1793 3772 1976 3826 statim
2023 3779 2210 3839 partus
2265 3783 2396 3821 suos
2461 3773 2743 3834 cogeretur
2803 3761 2995 3816 alienis
3044 3759 3351 3813 nutricibus

1795 3862 2018 3917 alendos
2068 3859 2408 3914 committere
2462 3845 2694 3923 {donec
2746 3851 3068 3924 propinquis
3112 3850 3260 3904 venit
3297 3849 3352 3901 in

1796 3964 2051 4018 mentem,
2085 3963 2144 4007 ut
2173 3953 2238 4006 ad
2261 3960 2506 4005 sanctum
2543 3946 2933 4019 properarent:
2973 3945 3059 3997 ubi
3108 3945 3353 3996 absterso

1795 4063 1825 4102 e
1852 4046 2022 4100 sancti
2056 4045 2151 4097 viri
2182 4058 2335 4097 coma
2360 4042 2587 4110 liquore,
2625 4049 2677 4092 et
2703 4052 2891 4092 recens
2926 4037 3098 4089 enixze
3120 4035 3185 4087 ad
3237 4048 3354 4087 sor-

1798 4138 2030 4192 bendum
2064 4136 2364 4203 propinate,
2397 4132 2578 4188 subito
2611 4138 2758 4183 tanta
2780 4128 2933 4182 lactis
2970 4128 3122 4194 copia
3156 4127 3354 4179 redun-

1796 4229 1924 4283 dare
1967 4228 2081 4280 visa
2109 4236 2213 4287 est,
2246 4237 2301 4278 ut
2326 4226 2449 4293 plus
2497 4237 2659 4292 quam
2687 4221 2847 4274 fuerit
2877 4234 3117 4282 necesse,
3148 4219 3356 4286 papilla.

1797 4320 1953 4373 laetis
1983 4317 2405 4384 suppeditarent.
2438 4315 2612 4381 Atque
2643 4313 2693 4366 id
2724 4327 2828 4365 non
2860 4311 2907 4364 ei
2955 4311 3078 4372 soli,
3131 4307 3222 4362 sed
3280 4308 3327 4360 al

1801 4411 1898 4464 teri
1930 4422 2143 4478 quoque
2173 4407 2362 4460 eodem
2396 4415 2604 4459 natura:
2631 4404 2894 4457 laboranti
2939 4402 3127 4456 morbo
3169 4415 3324 4453 narra

133 4485 365 4549 γυναῖκα
404 4479 718 4548 γεγονέναι,
753 4476 892 4531 ἀλλὰ
937 4479 1032 4530 καὶ
1065 4477 1145 4537 είς
1190 4475 1380 4543 ἑτέραν
1408 4475 1570 4528 πάλιν
1611 4474 1680 4545 τῷ

1799 4514 1883 4556 tur
1927 4501 2206 4560 accidisse,
2243 4513 2361 4566 qua:
2410 4498 2609 4565 pariter
2647 4512 2712 4549 ex
2763 4495 2954 4548 eodem
2996 4491 3353 4560 capillamenti

131 4574 272 4642 αὐτῷ
298 4571 614 4641 κάμνουσαν
639 4569 1033 4640 ἀρρωστήματι
1062 4570 1162 4637 τῆς
1195 4565 1436 4634 φύσεως,
1473 4567 1559 4620 διὰ
1587 4566 1687 4634 τῆς

128 4663 314 4732 ὁμοίας
349 4662 456 4715 τῶν
486 4660 656 4728 ἁγίων
687 4660 890 4730 τριχῶν
924 4658 1316 4728 ἀπομυρίσεως
1348 4659 1446 4728 τῆς
1495 4659 1688 4728 ὁμοίας

133 4754 324 4817 ἰάσεως
352 4754 560 4822 τυχεῖν.

198 4846 388 4915 Ἄλλη,
401 4845 457 4897 δὲ
486 4843 648 4898 πάλιν
675 4841 810 4912 γυνὴ
835 4841 941 4894 τῶν
965 4840 1201 4918 εὐγενῶν
1230 4841 1325 4893 καὶ
1353 4839 1688 4908 περιφανῶν,

136 4936 221 4989 καῖ
254 4935 394 5002 αὐτὴ
441 4934 685 5003 νομίμως
731 4931 885 5002 ἀνδρὶ
944 4930 1175 5001 ὲπιδόξῳ
1232 4929 1574 4992 συνοικοῦσα,
1636 4933 1693 4982 ἐν

137 5029 272 5080 ἔτεσι
307 5011 518 5079 πλείοσι
552 5028 738 5094 στεῖρα
768 5025 861 5077 καὶ
889 5024 1056 5086 ἄπαις
1086 5022 1428 5094 ἐγνωρίζετο.
1462 5023 1567 5075 Τοῦ
1596 5023 1691 5074 ἀν-

138 5117 254 5186 δρὸς
276 5117 332 5170 δὲ
360 5115 536 5168 πίστει
568 5115 645 5183 τῷ
667 5115 823 5184 τάφῳ
848 5114 1340 5184 προσπεπτωκότος
1367 5112 1460 5166 τοῦ
1496 5113 1651 5176 ἁγίου
1673 5151 1688 5174 ,

141 5209 229 5257 καὶ
275 5205 449 5256 ἔλαιον
492 5204 645 5270 ᾰγιον
671 5202 875 5254 ἐκεῖθεν
899 5197 1186 5269 ἐἰληφότος
1215 5205 1283 5273 τῇ
1314 5205 1556 5269 γυναικὶ,
1589 5202 1688 5253 κά-

141 5295 316 5365 κείνης
343 5297 409 5348 ὲκ
435 5295 666 5356 πίστεως
691 5293 1077 5363 ἀλειψαμένης,
1101 5294 1193 5345 καὶ
1218 5295 1312 5363 τὴν
1338 5295 1429 5345 τοῦ
1456 5293 1692 5362 μεγάλου

141 5387 433 5457 ἀρχιερέως
473 5385 636 5455 εὐχὴν
679 5385 1149 5455 ἐπικαλεσαμένης
1175 5426 1188 5446 ,
1242 5386 1551 5453 παραυτίκα
1587 5385 1694 5438 τῶν

141 5478 231 5546 τῆς
254 5476 588 5546 στειρώσεως
611 5476 851 5544 ἀπελύθη
881 5477 1110 5544 δεσμῶν,
1157 5477 1246 5527 καὶ
1271 5476 1455 5527 λοιπὸν
1486 5476 1692 5528 τέκνων

142 5567 393 5619 πλειόνων
422 5566 794 5620 ἀναδείκνυται
823 5568 1024 5636 μήτηρ.

237 5655 356 5706 me
383 5656 444 5708 ού
489 5655 648 5723 μόνον
674 5658 786 5716 τοῖς
830 5655 910 5723 τῷ
945 5655 1071 5724 ἱερῷ
1099 5655 1253 5725 τάφῳ
1284 5654 1606 5719 πελάζουσιν
1637 5654 1692 5705 αἱ

149 5745 568 5817 θαυματουργίαι
607 5746 699 5798 τοῦ
733 5744 987 5815 ἱεράρχου
1031 5747 1400 5816 πηγάςουσιν·
1446 5743 1560 5798 ἀλλ’
1593 5744 1691 5814 ἤδη

1799 4592 1943 4648 illius
1969 4591 2254 4658 desumptn
2292 4589 2499 4656 liquore
2530 4587 2819 4642 sanitatem
2860 4585 3213 4652 recuperarit.

1867 4851 1981 4904 Alia
2020 4849 2213 4902 nobilis
2237 4849 2361 4901 item
2391 4858 2443 4901 et
2469 4846 2692 4900 illustris
2740 4853 3006 4904 matrona,
3036 4859 3158 4911 qua:
3189 4834 3357 4904 nobili

1797 4941 1992 4993 viroin
2047 4939 2450 4992 matrimonium
2518 4938 2828 4999 collocata,
2889 4936 3134 5003 pluribus
3195 4934 3352 4986 annis

1798 5027 2085 5080 infecunda
2126 5027 2430 5091 sterilisque
2483 5033 2634 5087 erat,
2661 5023 2839 5076 mariti
2874 5023 2973 5074 [ide
3028 5023 3093 5074 ad
3142 5022 3358 5073 eineres

1795 5118 1896 5170 viri
1954 5117 2126 5170 sancti
2187 5115 2591 5182 proenmbentis
2629 5154 2644 5174 ,
2692 5113 2920 5179 oleoque
2979 5121 3165 5164 saneto
3231 5102 3360 5162 inde

1798 5210 1951 5262 uxori
1983 5209 2162 5270 allato,
2198 5217 2358 5274 atque
2387 5223 2449 5260 ex
2475 5207 2573 5258 title
2604 5205 2774 5264 allito,
2830 5205 2918 5256 illa
2947 5219 3140 5268 magno
3172 5195 3350 5268 ponti-

1798 5301 1898 5355 lice
1937 5300 2245 5367 Supplieiter
2295 5299 2579 5360 invocato,
2624 5297 2853 5351 lecunda
2909 5296 3088 5348 subito
3120 5286 3348 5378 t'cddi‘la'

1797 5391 1996 5458 prolem
2030 5392 2193 5445 etlblit
2221 5402 2584 5442 numerosam.
3253 5378 3260 5385 ’

1869 5649 2154 5702 Enimvero
2182 5663 2287 5701 non
2313 5648 2346 5701 ii
2377 5648 2660 5708 duntaxat,
2697 5645 2788 5712 qui
2830 5657 3038 5697 sacram
3086 5637 3326 5722 complex

1799 5742 2061 5806 tumbam,
2112 5740 2222 5797 bcec
2276 5739 2533 5792 miraula
2589 5746 2714 5790 sunt
2767 5737 3014 5803 experti:
3054 5720 3356 5806 peregrinis
