3934 6316
177 384 301 446 569

1240 393 1416 452 VITA
1458 389 1832 450 S.IGN.-\TIl
1874 389 1986 449 (ΣΡ.
2017 391 2370 450 AIlClIIEP.

3293 386 3398 448 5'70

160 499 296 558 ταῖς
328 495 480 558 ίδίαις
523 498 862 558 ἐναντιωθεὶς
886 498 1217 565 ὁμολογίαις,
1247 501 1471 560 ἐνδίκως
1501 500 1732 550 ἀποστε-

1839 509 1971 560 tum,
2007 492 2112 553 non
2147 501 2308 552 modo
2332 499 2671 568 provinciali,
2702 499 2795 554 sed
2823 499 2984 554 etiam
3011 498 3269 569 generali,
3301 496 3414 557 lmo

168 586 323 654 ρηοῇ
353 586 451 654 τῆς
488 589 677 656 τιμῆς.
729 587 833 641 Τὸν
879 589 986 658 γὰρ
1032 590 1136 641 om
1182 590 1399 642 συνόδου
1439 589 1739 648 κανονικῶς

165 671 579 743 καθῃρημένον,
606 675 664 726 οὐ
686 677 916 744 μερικῆς
941 679 1121 745 μόνον,
1157 680 1290 731 ἀλλά
1346 682 1438 730 καὶ⁵
1481 680 1736 744 οἰκουμε-

164 766 359 830 νικῆς,
418 764 613 831 μᾶλλον
659 765 713 816 δὲ
750 765 824 828 ὡς
878 767 1010 835 μηδὲ
1057 769 1156 836 τὴν
1223 770 1396 837 ἀρχὴν
1465 766 1738 832 ὲνθὲσμως

162 855 272 921 τῆς
311 857 589 924 ιεριρκίας
619 856 896 923 ἁίίιθάμενον
959 858 1119 910 πλέον
1160 858 1321 909 αὑτὸν
1354 857 1736 922 ἀποκεκηρυγ-

169 946 368 1011 μένον,
400 947 678 1015 ἀμήχανον
708 942 847 998 εἶναι
876 948 1166 999 διετείνετο
1195 948 1321 999 ἄνευ
1375 945 1593 996 συνόδου
1623 944 1742 1012 μείο

165 1034 333 1097 ζονος
397 1038 487 1088 καὶ
545 1038 884 1105 κυριωτέρμε
953 1037 1280 1090 ἀθωοῦσθαι.
1341 1017 1478 1087 Ἀλλ’
1533 1036 1735 1093 ἐκεῖνος

161 1126 389 1185 οὐδενὸς
424 1126 577 1191 λόγον
611 1128 828 1186 κανόνος
867 1127 898 1195 ἢ
946 1128 1113 1194 νόμου
1171 1125 1489 1193 ποιούμενος
1517 1163 1530 1184 ,
1563 1122 1737 1189 ὲαοτῷ

161 1215 237 1267 τὰ
292 1218 393 1278 τῆς
444 1217 742 1286 ἱερωσύνης
797 1219 1063 1286 ιπέτρεψε
1098 1235 1112 1248 ·
1146 1218 1239 1269 καὶ
1290 1218 1388 1284 ἤδη
1433 1214 1565 1283 πρὸς
1629 1217 1739 1274 τοῖς

165 1304 470 1374 βασιλείοις
504 1307 595 1360 ἐπὶ
619 1310 680 1376 τῇ
703 1308 1012 1378 καλουμένῃ
1041 1307 1345 1376 Μαγναύρα
1394 1305 1734 1374 καταμένων,

163 1397 446 1466 ἐξάρχους
488 1415 546 1450 τε
587 1397 966 1466 προεϐάλλετο,
1017 1397 1735 1466 καὶχειροτονίαςὲπετὲλει,

163 1487 265 1538 καὶ
304 1487 406 1540 ὅσα
439 1489 570 1556 πρὸς
615 1487 768 1555 ὓῆριν
803 1488 902 1556 μὲν
937 1493 1034 1557 τῆς
1078 1488 1400 1556 Ἐκκλησίας
1442 1487 1534 1538 τοῦ
1579 1484 1734 1546 Θεοῦ,

165 1572 359 1640 Θλίψιν
405 1573 460 1626 δὲ
515 1574 609 1625 τοῦ
663 1574 1022 1644 πατριάρχου,
1057 1573 1332 1626 ἀπώλειαν
1369 1573 1424 1625 δὲ
1457 1574 1557 1639 τῆς
1601 1573 1737 1632 ἰδίας

160 1653 377 1729 ψῦχῆς,
406 1661 630 1721 ἀνοσίως
654 1662 682 1712 ό
707 1660 1069 1722 ἀνοσιώτατος
1112 1661 1418 1728 εἰργάζετο.
1449 1658 1605 1710 Οὕτω
1639 1656 1738 1723 τῆς

165 1749 463 1818 βασιλικῆς
487 1748 700 1810 εὐθείας
733 1750 1074 1816 κατεφρόνει,
1107 1748 1304 1817 μᾶλλον
1333 1749 1388 1800 δὲ
1415 1748 1513 1816 τῆς
1539 1745 1737 1816 ἀνοχῆς

1843 590 1933 656 qui
1984 605 2078 642 nec
2112 590 2179 642 ab
2223 591 2376 643 initio
2420 590 2634 655 quidem
2669 605 2904 659 unquam
2950 589 3189 656 legitime
3227 579 3411 644 sedem

1845 694 2051 732 sacram
2079 691 2420 745 occupasset,
2442 689 2604 748 atque
2637 681 2858 749 insuper
2888 680 3097 748 publice
3124 680 3416 736 damnatus

1842 773 2130 830 esset.nisi
2180 772 2365 839 majori
2413 782 2464 826 et
2524 772 2802 840 amplioris
2827 772 3171 826 auctoritatis
3207 772 3415 842 synodo

1845 872 1952 911 non
1995 874 2151 926 posse
2194 858 2400 911 absolvi
2436 859 2816 912 contendebat.
2867 861 2934 913 At
2980 859 3068 914 ille
3108 860 3414 914 canonibns

1843 947 2158 1016 legibusque
2183 951 2525 1016 contemptis.
2553 950 2800 1015 ultroque
2831 951 2932 1004 sibi
2975 952 3280 1006 sacerdotio
3307 951 3404 1003 de-

1843 1051 1951 1089 nuo
1999 1045 2268 1106 arrogato,
2327 1038 2548 1092 sedebat
2589 1039 2643 1091 in
2697 1040 2838 1104 regia
2897 1038 3187 1110 Magnaura
3242 1040 3412 1100 dicta.

1842 1129 2177 1181 constituens
2206 1130 2489 1188 exarcbos,
2527 1137 2578 1180 et
2624 1144 2807 1182 sacros
2839 1129 3060 1181 ordines
3103 1131 3411 1182 conferens.

1843 1212 1973 1266 Nam
2014 1215 2276 1282 quidquid
2325 1217 2390 1266 ad
2447 1216 2700 1268 Ecclesiae
2747 1216 3154 1282 contumeliam,
3204 1218 3414 1284 virique

1842 1303 2012 1358 sancti
2045 1305 2407 1362 alllictionem.
2438 1319 2704 1371 suumque
2733 1305 2903 1372 ipsius
2948 1306 3169 1357 exitium
3202 1313 3414 1371 specta-

1842 1393 1950 1456 bat,
1983 1395 2239 1462 sacrilcge
2275 1394 2687 1462 profanissimus
2719 1396 2969 1448 audebat:
3010 1395 3146 1448 adeo
3175 1396 3413 1470 impera-

1841 1487 1974 1538 toris
2001 1487 2366 1552 simplieitate.
2397 1487 2507 1538 imo
2543 1486 2700 1553 longa
2743 1486 2833 1538 Dei
2863 1485 3114 1553 patientia
3152 1495 3205 1537 et
3240 1484 3412 1552 pteni-

1840 1576 2019 1628 tentim
2079 1576 2479 1642 exspectatione
2566 1577 2767 1628 abusus
2844 1579 3007 1629 homo
3090 1576 3412 1628 ambitiosus
3501 1628 3508 1636 ,

1840 1665 2173 1733 pessimique
2232 1655 2506 1735 exempli.
2569 1676 2622 1720 et
2674 1668 2926 1736 palatinis
2982 1668 3239 1721 omnibus
3304 1666 3410 1720 sibi

1842 1756 2167 1817 conciliatis,
2191 1772 2428 1824 suasque
2454 1759 2504 1809 in
2524 1768 2710 1825 partes
2731 1759 3011 1814 traductis.
3045 1759 3242 1812 latente
3267 1757 3413 1811 intus

161 1837 262 1890 τοῦ
311 1836 446 1891 Θεοῦ
475 1838 566 1890 καὶ
602 1837 980 1906 μακροθυμίας
1007 1838 1036 1890 ό
1068 1837 1361 1906 δοξοχαρὴς
1401 1837 1603 1896 ὶκείνος
1642 1838 1732 1888 καὶ⁴

1839 1847 2044 1900 scelere
2092 1847 2261 1898 multo
2295 1863 2456 1914 quam
2493 1857 2651 1901 antea
2692 1850 2862 1914 magis
2899 1849 3248 1916 apertiusque
3283 1863 3410 1916 pro-

162 1927 590 1989 σκανδαλοποιδς
604 1928 882 1998 ἄνθρωπος
907 1928 1280 1997 ὑπερφρονῶν,
1298 1929 1392 1979 καὶ
1412 1929 1517 1980 πᾶν
1529 1927 1589 1979 τὸ
1612 1944 1677 1978 πε
1686 1927 1738 1994 pi

161 2020 257 2070 τὸν
281 2019 508 2087 βασιλέα
525 2018 916 2088 Θεραπευτικὸν
941 2021 1033 2073 καὶ
1053 2017 1274 2078 οἰκίδιον
1287 2017 1734 2086 ὑποποιούμενος,

164 2110 264 2162 καλ.
289 2111 392 2180 τὴν
407 2109 695 2179 ὲνδομυχοῦ
705 2127 800 2162 σαν
819 2109 966 2179 αὑτῷ
983 2110 1177 2162 κακίαν
1209 2109 1301 2162 καὶ
1325 2108 1588 2177 πονηρίαν
1603 2107 1738 2161 πολὺ

168 2203 380 2269 μᾶλλον
413 2205 445 2273 ἢ
471 2203 655 2272 πρώην
677 2203 930 2254 ἐντονωτέ
940 2219 1035 2271 ραν
1053 2199 1323 2254 ὲπιδεικνύ
1332 2216 1509 2269 μενος,
1528 2200 1618 2251 καὶ
1640 2199 1739 2265 τὴν

160 2295 278 2344 ἀπὸ
298 2295 398 2358 τῆς
423 2295 691 2361 κοσμικῆς
703 2294 1022 2357 δυναστείας
1069 2294 1246 2362 πολλῷ
1269 2294 1427 2346 πλέον
1455 2292 1738 2359 προσλαμ-

161 2383 465 2451 ϐανόμενος
488 2385 680 2452 ῥοπήν
705 2385 856 2438 οὔπω
869 2386 1022 2455 τρίτη
1045 2386 1290 2456 μετάτὴν
1303 2385 1392 2436 τοῦ
1423 2385 1575 2452 ἁγίου
1599 2400 1738 2452 παρα

163 2471 300 2538 ἦλθε
330 2474 656 2542 μετάστασιν
688 2475 888 2543 ἡμέρα,
922 2475 1118 2528 καὶτὸν
1137 2473 1527 2543 πατριαρχικδν
1546 2475 1738 2525 ἐπικα-

167 2564 508 2631 ταλαμϐάνει
528 2565 732 2634 θρόνον,
745 2567 838 2618 καὶ
850 2567 949 2634 τὴν
965 2565 1126 2618 πάλαι
1145 2564 1442 2636 λῃστρικὴν
1459 2563 1621 2616 αὑτοῦ
1643 2564 1736 2616 καὶ

164 2657 504 2723 τυραννικὴν
530 2653 772 2723 γνώμην.
797 2656 890 2708 καὶ
918 2655 1013 2724 τὴν
1051 2655 1189 2707 κατά
1227 2653 1321 2706 τοῦ
1360 2654 1513 2720 ἁγίου
1540 2651 1736 2706 λύτταν

163 2745 583 2811 ἀνανεούμενος,
603 2748 806 2806 πάντας
825 2747 920 2815 μὲν
949 2746 1074 2806 τοὺς
1094 2746 1324 2806 οἰκείους
1349 2744 1554 2796 ἐκείνου
1574 2743 1734 2812 θερα-

167 2839 378 2899 πευτὰς
399 2838 660 2903 φυλακαῖς
691 2840 782 2890 καὶ
805 2839 1034 2908 πληγαῖς
1065 2837 1157 2889 καὶ
1179 2835 1411 2903 ὲξορίαις
1435 2837 1528 2886 καὶ
1551 2834 1732 2904 θλίψε-

167 2945 254 2981 σιν
272 2932 442 2998 ἀνηκέ
453 2947 588 2991 στοις
607 2947 669 2982 πε
681 2931 922 2999 ριέσαλεν
940 2945 954 2960 ’
985 2931 1189 2990 πάντας
1211 2927 1265 2980 δὲ
1289 2927 1411 2987 τοὺς
1432 2925 1736 2993 ἀντιλέγον-

158 3035 267 3083 ,τας
297 3017 463 3070 αὐτοῦ
495 3021 558 3086 τῇ
589 3019 775 3087 ἀνόδῳ,
797 3015 886 3081 ’ὡς
907 3017 965 3070 οὐ
998 3014 1314 3076 κανονικῶς.
1347 3013 1460 3076 ἀλλ’
1482 3015 1733 3082 ἀθέσμως
1770 3057 1774 3062 .

170 3106 266 3157 καὶ
311 3107 639 3174 παρανόμως
675 3108 962 3179 γενομένῃ,
1028 3106 1244 3176 μυρίαις
1290 3106 1734 3164 ὲπινοίαιξκατ-

1842 1938 1982 1999 dito,
2034 1937 2314 2005 multoque
2367 1938 2572 2006 majore
2618 1953 2780 2007 quam
2829 1947 2983 1992 antea
3032 1939 3080 1990 vi
3133 1939 3412 1993 saecularis

1841 2028 2125 2097 potestatis
2149 2037 2482 2094 comparata,
2508 2043 2615 2080 non
2645 2037 2777 2093 toto,
2806 2043 2966 2094 quam
2989 2028 3228 2097 [gnatius
3256 2027 3412 2081 ebie-
3453 2064 3455 2066 -

1840 2126 1946 2180 rat,
1998 2118 2179 2171 triduo
2200 2117 2428 2184 ‘elapso,
2482 2119 2715 2171 tribunal
2753 2117 3130 2185 patriarchale,
3162 2128 3411 2172 revocata

1840 2207 2065 2275 pristina
2106 2219 2155 2260 et
2186 2207 2486 2274 patricidali
2519 2209 2908 2278 tyrannicaque
2942 2219 3140 2274 mente,
3176 2224 3411 2277 occupa-

1839 2297 1950 2353 vit;
1980 2304 2033 2347 et
2077 2294 2261 2346 furore
2290 2296 2553 2349 adversus
2592 2305 2840 2350 sanctum
2871 2307 3152 2361 renovato,
3185 2307 3410 2350 cunctos

1839 2384 1985 2436 illius
2031 2383 2364 2435 domesticos
2393 2397 2457 2436 ac
2502 2397 2688 2436 servos
2726 2384 2990 2437 custodiis
3015 2423 3029 2444 ,
3065 2384 3403 2446 verberibus,

1836 2470 2065 2534 exsiliis,
2096 2469 2327 2537 aliisque
2358 2471 2708 2527 intolerandis
2733 2473 2888 2525 malis
2930 2482 2979 2526 et
3016 2474 3280 2540 aerumnis
3309 2466 3408 2543 o'p-

1837 2559 2052 2628 pressit.
2103 2556 2444 2611 Proreetioni
2503 2573 2666 2628 porro
2728 2561 2874 2614 illius
2927 2569 3115 2615 contra
3165 2562 3308 2629 leges
3355 2569 3410 2616 et

1837 2649 2146 2703 sanctiones
2178 2648 2576 2702 ecclesiasticas
2611 2647 2766 2703 factae
2797 2650 3106 2718 quicunque
3139 2665 3410 2726 repugnas

1838 2740 1988 2805 bant,
2044 2740 2144 2792 hos
2188 2739 2333 2792 mille
2367 2740 2576 2792 artibus
2624 2741 2975 2809 expugnavit.
3032 2741 3180 2794 Alios
3210 2742 3410 2808 quippe

1837 2831 2154 2884 muneribus
2178 2841 2230 2884 rt
2275 2830 2576 2887 honoribus
2615 2832 3026 2899 permulcendo.
3067 2832 3149 2885 vel
3197 2832 3410 2886 seditnn

1836 2918 2222 2985 episcopalium
2282 2920 2816 2986 permutationibus,
2866 2921 2932 2972 ad
2982 2920 3297 2973 societatem
3357 2928 3413 2972 et

1836 3009 2275 3062 Communionem
2320 3010 2562 3062 attraxit.
2596 3010 2746 3063 Alios
2782 3012 3018 3078 primum
3056 3010 3408 3063 criminatio-

1839 3098 1997 3151 nibus
2043 3098 2411 3166 inauditisque
2441 3101 2729 3154 calumniis
2763 3100 3117 3164 traducendo,
3148 3102 3411 3169 graviter-

173 3163 503 3268 eﬂpatljyst
530 3163 549 3228 ζ
578 3163 668 3260 ob;
687 3163 1132 3269 'pév‘Btbpbtcixa‘t
1167 3200 1459 3270 ἀξιώμασι,
1495 3163 1587 3249 καὶ
1611 3193 1732 3263 θρό-

1841 3203 1946 3256 que
1985 3188 2310 3241 lancinando
2345 3207 2358 3253 ;
2396 3205 2534 3257 quos
2581 3199 2758 3243 tamen
2798 3192 3019 3244 eosdem
3063 3207 3186 3243 mox
3215 3232 3230 3254 ,
3264 3191 3308 3245 si
3353 3205 3411 3244 se

171 3305 276 3340 νων
309 3288 629 3358 μεταθέσεσι
676 3290 809 3358 πρὸς
835 3289 932 3360 τὴν
965 3291 1081 3358 μετ’
1125 3291 1286 3343 αὑτοῦ
1322 3288 1599 3342 κοινωνίαν
1638 3288 1734 3337 ἑπ-

173 3381 439 3447 αγὸμενος
463 3397 474 3408 '
502 3380 592 3442 οὓς
621 3380 675 3432 δὲ
707 3379 1076 3452 σνποραντῶν,
1097 3382 1189 3436 καὶ
1219 3383 1304 3434 ἐπ’
1322 3376 1733 3448 αἰσχρουργίαις

172 3471 432 3539 ἀρρήτοις
463 3470 727 3545 διασύρων
767 3469 826 3522 τὸ
861 3471 1099 3539 πρῶτον,
1129 3471 1222 3522 καὶ
1248 3469 1456 3536 πικρῶς
1475 3467 1732 3520 διαλοιδο-

176 3557 533 3626 ροῦμενος,εί
560 3576 640 3620 τις
681 3559 858 3611 αὐτῶν
904 3559 1053 3629 αὑτῷ
1107 3561 1246 3628 μετὰ
1304 3560 1480 3611 ταῦτα
1545 3575 1732 3610 κοινω.

173 3647 282 3696 νεῖν
315 3645 753 3715 ἀνωμολόγησεν,
785 3647 980 3717 αὔραις
1030 3649 1214 3719 φέρειν
1243 3647 1502 3717 ἐξαπίνης
1533 3650 1729 3700 -ὲκεῖνα

173 3735 350 3786 πάντα
380 3736 708 3805 παρεχώρει.
743 3737 851 3791 Καὶ
877 3728 1282 3809 συλλειτουργδς
1323 3738 1468 3807 αὐτῴ
1493 3737 1731 3806 σήμερον

171 3830 199 3879 ό
226 3829 495 3897 ἱερόσυλος
519 3829 676 3895 χθέςο
718 3830 812 3883 καὶ
841 3830 1161 3901 ἱεροφάντης
1200 3832 1374 3899 μέγας
1417 3831 1510 3882 καὶ
1555 3829 1729 3898 τίμιος

170 3919 196 3970 ὁ
225 3919 466 3986 κλέπτης
510 3920 602 3971 καὶ
631 3921 824 3985 πόρνος
859 3924 950 3973 καὶ
977 3921 1200 3990 βέϐηλος
1223 3921 1414 3994 πρώην
1439 3922 1528 3973 ὑπ’
1563 3920 1726 3973 αὑτοῦ

83 4031 90 4036 ·
175 4010 289 4079 μεθ’
331 4010 506 4077 ὅρκων
541 4009 1014 4079 ἀποδεικνύμενος.
1042 4008 1148 4074 Οὓς
1174 4013 1228 4063 δὲ
1261 4013 1397 4082 πρὸς
1425 4013 1524 4079 τὴν
1554 4011 1723 4066 αὑτοῦ

173 4101 452 4150 κοινωνίαν
485 4098 632 4167 ἑώρα
659 4099 898 4168 στερρῶς
942 4101 1367 4168 ἀνθισταμένους
1428 4101 1727 4170 (ἐνίσταντο

172 4187 222 4239 δὲ
265 4189 485 4250 πάντες,
526 4188 638 4240 ὅσοι
685 4188 897 4256 ἀληθῶς
939 4194 1036 4258 τῆς
1071 4191 1456 4260 Χριστιανικῆς
1494 4191 1728 4253 πίστεως

171 4279 491 4346 ἀντείχοντο,
523 4278 597 4345 τῷ
628 4278 730 4330 ὑπὸ
749 4280 908 4345 ἁγίας
940 4282 1033 4336 καὶ
1066 4282 1450 4349 οἰκουμενικῆς
1510 4283 1726 4333 συνόδου

175 4367 460 4428 κανονικῶς
474 4367 1015 4440 ἀνατεοεματισμένῳ
1035 4372 1123 4422 καὶ
1142 4371 1502 4443 καθῃρημένῳ
1522 4375 1722 4422 ἐπικιν-

1843 3282 1910 3335 ad
1937 3282 2055 3351 ejus
2088 3292 2268 3349 partes
2301 3283 2700 3350 adiunxissent,
2735 3299 2900 3338 causa
2929 3295 3034 3337 tota
3065 3286 3240 3339 ventis
3261 3299 3412 3351 come

1839 3375 2029 3437 missa,
2067 3375 2321 3428 absolvit.
2373 3374 2449 3428 Ita
2489 3376 2581 3443 qui
2617 3377 2778 3429 modo
2810 3377 2886 3429 illi
2927 3377 3228 3445 sacrilegus
3269 3385 3408 3439 erat,

1840 3469 1886 3521 is
1913 3467 2084 3519 eidem
2119 3481 2238 3519 mox
2272 3476 2568 3536 symmysta
2604 3477 2658 3520 et
2689 3467 3062 3520 comminister
3093 3468 3273 3521 (iebat.
3303 3468 3408 3532 Qui

1838 3562 1990 3630 prius
2022 3560 2129 3620 fur;
2159 3560 2390 3622 adulter,
2433 3571 2488 3613 et
2527 3560 2786 3627 profanus
2817 3559 2885 3612 ab
2927 3561 3020 3613 illo
3067 3551 3409 3628 juratissi‘mo

1837 3649 2187 3717 probabatur,
2220 3648 2309 3702 ille
2352 3663 2475 3702 mox
2518 3649 2692 3701 eidem
2729 3664 2958 3717 magnus
2983 3657 3038 3702 et
3066 3650 3434 3720 venerandus.

1839 3753 2115 3792 sacrorum
2151 3738 2380 3790 antistes
2423 3737 2741 3791 habebatur.
2791 3737 2939 3802 Qnos
2978 3726 3157 3791 autem
3199 3738 3252 3789 in
3281 3754 3409 3791 sen-

1838 3826 2003 3882 tentia
2029 3827 2212 3879 ﬁrmos
2257 3842 2410 3880 suam
2438 3827 2880 3880 communionem
2914 3827 3124 3892 penitus
3156 3827 3397 3880 aversari

1834 3919 2054 3971 videbat
2079 3935 2094 3971 :
2122 3917 2511 3970 aversabantur
2533 3929 2714 3970 autem
2749 3933 2940 3971 omnes
2973 3916 3067 3985 qui
3094 3932 3218 3970 vere
3249 3917 3378 3976 Chri

1836 4009 1996 4063 stiani
2047 4016 2223 4068 erant,
2256 4009 2460 4074 quique
2499 4022 2817 4074 persuasum
2855 4007 3147 4068 habebant,
3189 4023 3247 4060 se
3285 4022 3410 4060 cum

1833 4113 1898 4151 eo
1923 4097 2014 4165 qui
2045 4113 2072 4149 a
2096 4106 2282 4148 sancta
2305 4107 2356 4148 et
2379 4097 2714 4149 (ecumenica
2747 4097 2959 4164 synodo
2991 4097 3091 4149 rite
3114 4105 3411 4164 sancteque

1833 4187 2120 4240 damnatus
2170 4195 2315 4238 esset
2361 4195 2415 4238 et
2456 4186 2770 4253 depositus,
2808 4186 2927 4254 sine
2957 4200 3171 4239 summo
3218 4186 3412 4238 salutis

1833 4277 2072 4345 periculo
2113 4285 2166 4328 ct
2206 4276 2373 4328 exitio
2412 4276 2819 4328 communicare
2846 4290 2953 4328 non
2990 4289 3176 4342 posse,
3237 4291 3410 4341 neque

1832 4383 1956 4420 cum
2008 4365 2100 4419 illo
2145 4367 2196 4418 in
2244 4382 2410 4418 unum
2457 4365 2656 4418 Christi
2698 4380 2899 4432 corpus.
2941 4367 3278 4437 coalescere,
3314 4364 3410 4433 qui

171 4459 452 4527 δυνῦτατον
499 4458 839 4527 λογιζόμενοι
888 4463 980 4513 καὶ
1027 4463 1266 4531 ὀλέθριον
1309 4464 1601 4521 κοινωνεῖν,
1633 4465 1726 4513 καὶ

1836 4458 2032 4510 millies
2059 4457 2421 4510 venerandam
2445 4456 2647 4508 Christi
2682 4471 2897 4509 crucem
2929 4456 3154 4523 pedibus
3181 4457 3405 4508 concul-

173 4553 245 4610 εἰς
283 4549 340 4602 ἓν
376 4549 532 4617 σῶμα
559 4552 731 4618 τούτῳ
774 4553 1200 4622 συγκεκρᾶσθαι.
1233 4552 1308 4622 τῷ
1346 4554 1604 4622 μυριάκις
1636 4555 1726 4605 τὸν

175 4641 346 4705 τίμιον
395 4638 488 4691 τοῦ
531 4639 764 4703 Χριστοῦ
823 4643 1306 4711 καταπεπατηκότι
1357 4645 1608 4711 σταυρὸν,
1639 4645 1732 4695 καὶ

175 4726 374 4789 πάντας
436 4728 768 4779 καταπατεῖν
850 4727 938 4783 διὰ
1015 4729 1114 4796 τῆς
1163 4731 1271 4780 τῶν
1339 4729 1723 4799 χειρογράφων

175 4816 518 4885 ἀπαιτήσεως
545 4816 1037 4888 καταϐιαζομένῳ),
1073 4819 1278 4872 τούτων
1317 4817 1407 4873 οὖν
1437 4822 1593 4882 ὅσους
1629 4839 1732 4889 φυ-

176 4904 356 4966 λακαῖς
418 4908 510 4957 καὶ
557 4905 777 4976 μάστιξι
827 4909 1035 4966 πείθειν
1059 4912 1159 4962 οὐκ
1191 4907 1323 4979 εἶχε,
1350 4911 1426 4980 τῷ
1455 4911 1723 4978 ὠμοτάτῳ

178 4997 388 5047 πάντων
459 4996 761 5076 ἀνθρώπων
813 5001 906 5052 καὶ
983 5003 1342 5070 ἀπηνεστάτῳ
1395 5003 1724 5072 παρέπεμπε

177 5086 404 5156 γαμϐρῷ
426 5101 437 5114 ⁶
458 5087 608 5148 Λέων
632 5089 688 5139 δὲ
723 5085 870 5152 οὗτος
897 5084 963 5160 ἦν
985 5093 1012 5146 ὁ
1034 5092 1361 5158 καλούμενος
1383 5093 1723 5158 Κατάκαλος,

177 5179 266 5246 τῆς
301 5177 485 5247 βίτλας
508 5181 863 5249 δρουγγάριος
893 5182 983 5232 ὑπ’
1017 5182 1180 5234 αὐτοῦ
1213 5183 1595 5252 προϐιϐασθείς
1621 5201 1632 5212 ·
1669 5185 1726 5248 ὃς

179 5269 265 5338 τῆς
310 5270 476 5340 τιμῆς
533 5271 694 5324 αὐτὸν
743 5273 1125 5342 ἀμειϐόμενος.
1166 5275 1370 5336 πάντας
1419 5275 1544 5337 τοὺς
1591 5277 1725 5344 πρὸς

182 5355 325 5408 αὐτὸν
355 5358 756 5425 πεμπομένους,
813 5361 900 5411 ἵνα
921 5360 1101 5428 μικρῷ
1131 5360 1271 5430 λόγῳ
1287 5362 1381 5430 τὴν
1412 5362 1725 5429 μιαιφονίαν

182 5445 526 5514 παραστήσω,
584 5447 673 5499 ίσα
711 5449 936 5517 Λικινίῳ
987 5449 1064 5517 τῷ
1112 5452 1275 5502 πάλαι
1327 5455 1390 5519 τῇ
1427 5453 1563 5503 κατά
1615 5452 1723 5504 τῶν

179 5535 336 5600 ἀξίων
372 5536 614 5604 ὠμότητι
668 5539 882 5608 ἐχρῆτο.
926 5543 1034 5593 Καὶ
1082 5543 1307 5603 πολλοὺς
1363 5543 1460 5609 μὲν
1515 5544 1722 5594 ἀνεῖλεν

181 5625 295 5694 ἄχρι
322 5627 506 5690 τέλους
541 5628 636 5696 τὴν
687 5630 823 5699 ὑπὲρ
851 5632 946 5699 τῆς
978 5633 1232 5701 ἀληθείας
1265 5635 1512 5686 ἔνστασιν
1557 5636 1722 5687 ἐνδει-

186 5714 433 5788 ξαμένους
472 5735 485 5749 ·
517 5719 732 5782 πλείους
753 5721 807 5774 δὲ
839 5723 946 5776 τῶν
977 5725 1314 5780 dvo-talsth
1344 5724 1592 5793 βασάνων
1627 5728 1719 5796 ἡτ-

1832 4556 2032 4608 casset,
2061 4548 2307 4614 aliosque
2353 4562 2546 4600 omnes
2588 4563 2681 4613 per
2709 4547 3068 4614 chirographa
3112 4545 3159 4598 vi
3196 4554 3407 4598 extorta

1841 4639 2165 4694 conculcare
2211 4637 2525 4706 coegisset:
2583 4638 2700 4696 bos.
2729 4636 2972 4704 inquam,
3017 4650 3206 4688 onmes
3248 4646 3410 4702 quot-

1838 4740 1971 4799 quot
2003 4730 2236 4782 vinculis
2267 4729 2559 4796 “agrisque
2589 4727 2835 4796 frangere
2862 4742 2967 4780 non
2995 4729 3224 4794 poterat,
3261 4725 3408 4778 alIini

1833 4838 1933 4876 suo
1961 4820 2126 4873 Leoni
2161 4827 2520 4886 cognomento
2550 4816 2822 4880 Catacalo,
2862 4818 3016 4884 biglae
3073 4833 3166 4872 seu
3199 4817 3410 4885 vigilia-

1831 4931 1949 4968 rum
1985 4911 2259 4982 praefecto,
2293 4926 2453 4979 quem
2488 4912 2600 4976 ipse
2630 4910 2695 4962 ad
2723 4925 2841 4963 eam
2875 4910 3189 4978 dignitatem
3219 4924 3408 4976 prove-

1829 5014 2000 5066 xerat,
2023 5003 2224 5055 homini
2254 5003 2556 5054 saevissimo
2579 5001 3089 5068 immanissimoque
3122 5000 3366 5052 tradebat
3391 5017 3402 5051 :

1825 5095 1918 5163 qui
1947 5102 2003 5146 ut
2045 5109 2103 5145 se
2141 5096 2202 5144 de
2238 5091 2498 5144 beneﬁcio
2529 5101 2739 5160 gratum
2780 5091 3083 5156 exhiberet,
3108 5091 3307 5143 missos
3337 5089 3402 5140 ad

1825 5199 1882 5237 se
1910 5195 2134 5236 cunetos
2173 5185 2252 5250 (ut
2279 5181 2427 5235 brevi
2457 5166 2827 5235 carnificinam
2871 5182 3017 5234 illam
3044 5180 3400 5247 compteben-

1824 5277 1988 5341 dam;
2034 5272 2312 5327 Liciniana
2362 5274 2596 5341 quadam
2643 5273 2976 5326 immanitate
3028 5270 3398 5325 excruciabat.

1825 5367 1900 5419 Ex
1937 5365 2134 5432 quibus
2165 5365 2363 5418 multos
2395 5380 2492 5431 pro
2517 5365 2741 5418 veritate
2764 5366 2830 5417 ad
2864 5378 3042 5416 necem
3071 5375 3244 5428 usque
3269 5375 3398 5426 pro-

1826 5465 2124 5525 pugnantes
2146 5457 2364 5510 sustulit
2390 5473 2403 5508 :
2433 5457 2614 5524 plures
2636 5466 2812 5510 tamen
2840 5451 3190 5508 intolerandis
3226 5452 3399 5504 victos

1829 5545 2130 5608 tormentis,
2176 5547 2414 5613 praeclari
2449 5548 2688 5601 muneris
2723 5547 2864 5607 loco,
2895 5542 3125 5596 mittenti
3152 5542 3392 5594 remitte-

1830 5639 1938 5690 bat.
1974 5637 2126 5701 Quis,
2166 5654 2259 5705 per
2306 5637 2470 5692 Deum
2505 5638 2889 5698 immortalem,
2935 5633 3193 5702 temporis
3231 5631 3392 5697 huius

1826 5737 2196 5798 tempestatem
2244 5740 2295 5784 ct
2353 5729 2720 5798 iniquitatem,
2813 5730 2921 5783 into
2975 5729 3098 5797 quis
3161 5722 3391 5779 tortuosi
