3934 6316
251 444 364 506 εττι

1348 450 1520 511 VITA
1552 450 1610 508 S.
1641 449 1937 510 lGNATII
1967 453 2077 515 ΟΡ.
2110 455 2460 531 ARCHIEP.

3390 466 3503 531 574

254 560 485 631 patent.
518 559 592 612 Οὐ
641 559 800 627 μόνον
828 558 905 624 δὲ,
948 561 1081 614 ἀλλὰ
1126 563 1216 614 καὶ
1252 561 1555 623 ὲπισκοπὰς
1614 563 1677 612 ἐκ
1716 561 1816 612 τῶν

1924 579 2031 630 que
2063 566 2114 619 id
2148 560 2381 634 tantum,
2412 571 2881 641 sedepiscopatus
2914 577 3105 640 etiam,
3135 584 3496 649 qnosCunque

250 647 671 715 γειτνιαζουσῶν
711 649 1117 718 μητροπόλεων,
1150 650 1280 711 ὅσας
1332 651 1541 710 ἐκεῖνος
1590 649 1811 719 ἤθελεν,

248 727 589 805 ἀφαιρεῖται,
625 738 718 789 καὶ
747 736 956 817 δίδωσιν
982 737 1150 807 αῶιῷ.
1186 739 1293 791 Καὶ
1314 738 1376 789 οὐ
1422 738 1595 790 ταῦτα
1630 737 1813 805 μόνον,

249 826 395 879 ἀλλὰ
425 830 517 880 καὶ
546 828 677 897 παρ’
709 830 887 897 ἑαυτῷ
917 830 1153 894 καθίζων
1202 831 1579 900 πρωτόθρονον
1628 830 1816 885 τοῦτον

251 920 613 987 κατωνόμαζε
642 938 657 952 ·
691 922 782 972 καὶ
800 922 1113 991 Νικηφόρον
1148 922 1246 992 μὲν
1268 923 1506 984 Νικαίας
1541 940 1817 992 μητροπο-

252 1007 418 1076 λίτην
450 1010 579 1062 ὅντα
608 1010 853 1080 βιάζεται
896 1012 1375 1082 παραιτησάμενον
1415 1013 1819 1081 ὀρφανοτρόφον

248 1095 419 1158 εἶναι.
463 1102 811 1169 Ἀμφιλόχιον
832 1102 887 1154 δὲ
916 1101 1007 1155 τὸν
1033 1101 1273 1163 Κυζίκου
1296 1102 1430 1170 πρὸς
1458 1102 1557 1171 τὴν
1587 1101 1819 1153 Νίκαιαν

249 1188 561 1260 μεθίστησι.
602 1192 711 1243 Καὶ
737 1193 869 1259 ταχὺ
905 1190 1154 1253 θανόντος
1204 1191 1390 1254 αὐτοῦ,
1424 1190 1515 1242 τὸν
1542 1189 1819 1260 Συρακού-

248 1297 370 1331 σιον
402 1281 816 1350 ἀντικαθίστησι
859 1282 1159 1351 Γρηγόριον
1179 1300 1191 1311 ·
1223 1281 1283 1333 ὃν
1319 1281 1413 1333 καὶ
1435 1281 1597 1333 αὐτὸν
1620 1282 1736 1349 μετ’
1757 1281 1820 1332 οὐ

247 1372 389 1421 πολὺ
414 1369 644 1424 θανόντα
671 1373 801 1435 οῖοις
828 1366 1121 1442 ἐσέμνυνεν
1146 1374 1475 1440 ἐπιταφίοις,
1498 1372 1571 1433 ὡς
1591 1372 1702 1424 τῶν
1726 1388 1823 1441 μεθ

245 1462 438 1526 γάλων
466 1462 723 1534 Πατέρων
748 1463 1043 1532 ἐφάμιλλον
1078 1463 1374 1531 βεϐιωκότα
1408 1463 1542 1531 βίον,
1580 1462 1646 1514 δι’
1668 1462 1823 1514 οὐδὲν

241 1551 379 1603 ἄλλο
416 1552 687 1617 τοσοῦτον,
708 1554 841 1623 κδσον
877 1555 960 1606 ὅτι
1016 1556 1157 1607 κατὰ
1203 1554 1296 1605 τοῦ
1322 1554 1479 1621 ἁγίου
1530 1552 1823 1621 καθώσπερ

249 1642 419 1711 ξυρὸν
447 1644 573 1712 άχρι
602 1645 789 1709 τέλους
812 1647 910 1716 τὴν
923 1646 1173 1714 γλῶσσαν
1192 1648 1219 1698 ὁ
1249 1646 1506 1716 δύστηνος
1526 1645 1820 1716 παρέθηξε.

318 1733 422 1784 Διὰ
453 1732 626 1785 ταῦτα
660 1735 756 1787 καὶ
784 1735 1058 1787 ἔτιπλείω
1082 1735 1286 1789 τούτων
1308 1734 1632 1806 ἀτοπώτερα
1654 1730 1818 1804 ἦλθεν

1920 655 2010 708 ille
2056 658 2382 725 expetebat,
2427 659 2623 715 vicinis
2664 664 3023 731 metropolitis
3063 675 3311 733 ereptos,
3359 667 3489 722 huic

1916 744 2120 799 donat:
2161 746 2494 817 insuperque
2520 750 2675 817 juxta
2709 752 3037 806 collocatum
3076 756 3361 823 primatem
3398 773 3499 810 no-

1919 837 2183 892 minabat.
2221 838 2485 893 Praaterea
2525 841 2829 912 Nicephoro
2872 843 3087 898 Nicaxe-
3114 849 3495 915 metropolitz,

1918 944 2017 998 per
2053 931 2159 984 vim
2205 932 2455 1007 abdicato
2481 934 2910 1002 orphanotrophi
2951 952 3138 990 curam
3176 952 3239 991 ac
3273 939 3496 1004 tutelam
3548 962 3551 967 ·

1918 1020 2241 1089 pupillorum
2282 1023 2594 1075 committit.
2642 1024 3084 1091 Amphilochium
3124 1043 3253 1081 vero
3304 1027 3483 1097 Cyzici

1920 1112 2208 1180 praesulem
2241 1113 2497 1164 ‘Niraaam
2555 1114 2855 1173 transfert:
2906 1116 2992 1169 cui
3046 1132 3173 1169 mox
3231 1119 3499 1170 exstincto

1919 1201 2241 1271 Gregorium
2268 1202 2669 1273 Syracusanum
2707 1207 2966 1274 suhrogat
2996 1224 3009 1259 :
3041 1222 3203 1276 quem
3237 1219 3290 1260 et
3319 1207 3496 1275 ipsum

1922 1309 2045 1347 mox
2077 1294 2351 1348 sublatum
2403 1297 2715 1365 huiusmodi
2754 1296 2980 1350 Photins
3000 1299 3292 1368 epitaphiis
3330 1314 3499 1353 orna-

1921 1386 1999 1438 vit
2016 1395 2076 1451 ut
2097 1387 2310 1454 magnis
2333 1387 2482 1439 illum
2515 1387 2768 1441 Patribus
2791 1389 2899 1441 vita
2924 1397 2976 1442 et
3002 1389 3199 1443 virtute
3226 1391 3455 1458 aequarit
3481 1406 3498 1445 :

1923 1488 2022 1527 nec
2050 1473 2103 1526 id
2130 1474 2291 1527 aliam
2314 1475 2386 1528 ob
2411 1490 2657 1539 causam,
2680 1492 2845 1544 quam
2870 1476 3015 1544 quod
3043 1475 3227 1530 infelix
3259 1478 3499 1546 linguam

1922 1579 2078 1618 suam
2113 1564 2254 1619 sicut
2277 1564 2599 1619 novaculam
2627 1568 2837 1620 acuerit
2870 1567 2924 1620 in
2954 1577 3202 1621 sanctum
3233 1568 3499 1638 lgnatium

1924 1655 2175 1723 usque'in
2206 1656 2393 1717 tinem,

1996 1746 2105 1803 llas
2160 1757 2215 1801 et
2246 1747 2334 1801 his
2364 1748 2537 1800 multo
2564 1747 2748 1816 plures
2779 1763 2843 1802 ac
2865 1749 3167 1804 deteriores
3206 1750 3276 1804 ob
3304 1764 3504 1805 causas

242 1825 277 1896 ᾖ
302 1824 448 1896 sm
470 1825 567 1878 τοῦ
607 1826 743 1879 Θεοῦ
776 1826 869 1879 ἐπὶ
900 1827 1027 1890 τοὺς
1064 1829 1212 1900 ρίοὺς
1254 1827 1355 1893 τῆς
1390 1825 1692 1887 ἀπειθείας
1728 1827 1816 1880 καὶ

1924 1839 2069 1906 venit
2106 1838 2187 1891 ira
2225 1838 2315 1892 Dei
2337 1854 2501 1907 super
2522 1840 2662 1895 tilios
2685 1841 3018 1896 diﬂidentiaa.
3046 1840 3238 1895 Subito
3263 1857 3501 1912 namque

244 1914 417 1977 εὐθὺς
445 1916 544 1983 μὲν
577 1916 697 1969 τότε
732 1914 810 1986 τῷ
842 1914 1050 1985 βασιλεῖ
1091 1915 1318 1984 τέθνηκε
1346 1917 1755 1978 Κωνσταντῖνος
1786 1917 1815 1971 ὁ

1924 1928 2231 1998 imperatori
2284 1928 2427 1982 [ilius
2450 1937 2506 1983 et
2556 1930 2915 1985 charissimus
2963 1939 3018 1984 et
3049 1940 3175 1984 natu
3226 1907 3502 1987 maximus

241 2004 578 2071 τριπόθητος
620 2006 713 2057 καὶ
765 2004 1106 2075 πρωτότοκος
1150 2003 1299 2065 υίὸς.
1342 2003 1402 2058 ὃν
1448 2002 1741 2074 καὶ-ἅγιον
1786 2005 1816 2056 ὀ

242 2094 543 2164 τολμητίας
567 2088 721 2157 οὗτος
773 2096 853 2157 είς
877 2096 974 2165 τὴν
992 2094 1086 2149 τοῦ
1117 2095 1317 2164 πατρὸς
1342 2094 1504 2165 χάριν
1529 2094 1587 2161 ἐξ
1613 2091 1811 2153 ἑαυτοῦ

242 2187 594 2255 χειροτονῶν,
624 2190 1009 2257 μοναστηρίοις
1050 2205 1111 2241 τε
1160 2190 1254 2241 καὶ
1282 2191 1433 2257 ναοῖς
1459 2188 1818 2264 ἀνθρωπαρί-

245 2276 379 2345 οκίᾳ
404 2275 583 2345 τιμῶν
607 2278 707 2329 οὐκ
734 2276 1058 2346 ηίιλαδεῖτο.Δ
1422 2305 1448 2317 ~-

319 2366 531 2427 Αὐτίκα
557 2366 615 2418 δὲ
646 2366 743 2419 καὶ
783 2367 817 2438 η
870 2367 1079 2436 μεγάλη
1130 2368 1287 2431 πόλις
1330 2369 1675 2440 Συρακοῦσαι
1713 2371 1817 2441 τὴν

245 2459 483 2525 φρικτὴν
510 2457 677 2510 ὤλετο
707 2458 1114 2529 πανωλεθρίανο
1158 2462 1253 2513 καὶ
1292 2464 1443 2517 πᾶσα
1488 2464 1672 2532 νῆσος,
1716 2464 1813 2516 καλ⁸

249 2551 406 2601 πᾶσα
433 2549 589 2611 πόλις
623 2550 714 2602 καὶ
757 2548 909 2619 χώρα
938 2552 1331 2621 προνομεύει-ται
1378 2554 1472 2605 καὶ
1520 2553 1810 2622 καταφθεί-

246 2656 404 2708 psset
440 2640 600 2708 μέχρι
638 2640 735 2701 κα)
774 2643 1011 2710 τήμερον
1039 2644 1153 2703 τοῖς
1182 2644 1392 2713 ἐχθροῖς
1414 2684 1428 2705 ,
1463 2645 1721 2713 οὐδεμιᾶς
1750 2646 1815 2697 ὲκ

244 2730 358 2783 τῶν
389 2730 638 2802 ίερᾷσθαι
667 2730 965 2782 δοκούντων
998 2731 1318 2801 ίλεουμὲνης
1346 2733 1436 2785 τὸν
1476 2733 1610 2786 Θεὸν
1641 2751 1814 2801 προσ-

244 2823 450 2891 ευχῆς’
504 2822 641 2876 ἀλλὰ
685 2822 829 2875 κατά
871 2821 931 2873 τὺ
988 2822 1393 2891 γεγραμμένον,
1460 2823 1815 2893 Ἐγενόμεθα

247 2915 437 2979 ὅντως
466 2913 751 2980 πρόϐατα,
782 2908 873 2977 οἷς
904 2914 1016 2966 οὐκ
1045 2913 1179 2966 ἔστι
1220 2914 1465 2981 ποιμήν.
1500 2915 1815 2984 Χρονίσασα

245 3006 359 3075 γὰρ
384 3006 420 3074 ἡ
443 3005 631 3067 κακία,
664 3004 759 3057 καὶ
789 3004 1002 3066 πολλοῖς
1043 2997 1407 3072 ὕποδείγμασι
1450 3006 1811 3073 παγιωθεῖσα,

245 3096 414 3164 νόμος
437 3093 750 3163 νενόμισται
770 3095 883 3155 τοῖς
904 3093 1187 3162 ἀνομοῦσι,
1206 3096 1300 3147 καὶ
1332 3094 1394 3147 τὸ
1424 3094 1664 3164 ἄθεσμον
1687 3096 1809 3159 ἔθος

1916 2019 2315 2074 Constantinus
2354 2032 2439 2074 est
2478 2031 2729 2088 ereptus;
2756 2036 2913 2090 quem
2954 2022 3131 2075 audax
3184 2022 3414 2076 Photius
3442 2024 3495 2075 in

1916 2107 2148 2175 gratiam
2181 2108 2560 2175 imperatoris,
2618 2124 2713 2177 per
2738 2124 2797 2163 se
2836 2110 2889 2162 in
2927 2118 3238 2164 sanctormn
3271 2125 3495 2164 censum

1915 2198 2167 2263 relatum,
2200 2199 2414 2267 templis
2446 2200 2846 2267 cmnobiisque,
2878 2200 2947 2254 ad
2973 2202 3355 2268 aucupandam
3388 2201 3496 2256 ho-

1916 2288 2123 2342 minum
2155 2291 2409 2359 gratiam,
2437 2290 2619 2345 colere
2645 2291 2779 2345 nihil
2803 2293 3013 2346 veritus
3041 2303 3142 2347 est.

1988 2378 2189 2433 Deinde
2216 2381 2380 2433 etiam
2412 2397 2604 2452 magna
2635 2381 3107 2452 Syracusanorum
3137 2384 3332 2439 civitas
3361 2385 3515 2438 hor-'

1915 2472 2081 2525 renda
2112 2472 2263 2547 clade
2280 2473 2476 2538 periit:
2508 2473 2809 2542 insulaeque
2837 2489 3052 2539 omnes,
3081 2488 3134 2528 et
3165 2485 3361 2529 cuncta
3398 2491 3497 2544 op-

1914 2562 2063 2629 pida,
2092 2571 2146 2614 et
2170 2562 2351 2615 omnis
2386 2563 2663 2630 provincia
2695 2564 2876 2617 hostili
2928 2580 3091 2618 manu
3113 2565 3272 2621 {aede
3298 2568 3496 2620 etiam-

1915 2666 2047 2704 num
2108 2651 2270 2704 hodie
2331 2661 2600 2712 vastatur.
2653 2654 2910 2721 diripitur
2965 2664 3023 2709 et
3080 2658 3493 2724 pessumdatur,

1916 2738 2062 2793 nullo
2088 2753 2153 2790 ex
2184 2738 2252 2790 iis
2276 2739 2368 2805 qui
2394 2755 2507 2791 rem
2544 2754 2753 2793 sacram
2797 2742 3185 2797 administrare
3216 2744 3494 2811 videntur,

1916 2818 2081 2879 Deum
2126 2829 2375 2895 precibus
2430 2828 2706 2895 placante,
2788 2831 2906 2893 sed,
2967 2841 3026 2884 ut
3082 2832 3347 2900 scriptum
3370 2841 3495 2890 est:

1916 2914 2073 2967 Facti
2094 2932 2275 2967 sumus
2311 2916 2447 2966 sicut
2480 2930 2596 2972 oues
2625 2925 2865 2968 errantes
2896 2918 3008 2969 sine
3049 2929 3262 2984 pastore
3297 2918 3363 2969 “.
3397 2915 3496 2970 Et-

1910 3007 2053 3058 enim
2081 3006 2375 3058 inveterata
2402 3010 2646 3072 tempore
2678 3006 2961 3073 iniquitas,
2990 3008 3286 3076 multisque
3308 3022 3496 3062 exem-

1915 3096 2017 3164 plis
2038 3096 2414 3160 corroborata,
2455 3112 2554 3164 pro
2608 3096 2724 3165 lege
2776 3097 2958 3165 impiis
2988 3108 3044 3151 et
3079 3098 3361 3167 exlegibus
3393 3099 3495 3153 ha-

247 3186 327 3246 είς
370 3184 534 3251 φύσιν
570 3183 768 3251 τρόπον
815 3182 936 3235 τινὰ
974 3186 1089 3245 τοῖς
1144 3187 1587 3260 καταφρσνηταίς
1637 3202 1809 3240 κατα-

1924 3191 2093 3251 betur,
2126 3189 2355 3254 ipsoque
2401 3203 2504 3240 usu
2549 3198 2604 3240 et
2631 3188 3027 3242 consuetudine
3056 3189 3494 3257 corruptelarum

250 3274 405 3338 στὰν,
440 3273 569 3344 ὅλην
600 3276 897 3326 ἐπισπᾶται
926 3272 1021 3327 τοῦ
1052 3272 1186 3325 Θεοῦ
1215 3274 1312 3341 τὴν
1339 3275 1533 3345 ὀργήν.

332 3454 496 3510 Ἀλλὰ
523 3455 584 3507 τὺ
614 3454 714 3523 μὲν
754 3454 1087 3508 καθὲκαστον
1119 3453 1389 3517 ἐπεξιέναι
1422 3453 1521 3513 τὰς
1569 3471 1815 3506 καινοτο-

252 3545 386 3615 μίας
423 3546 516 3597 καὶ
561 3543 904 3614 παρανομίας
934 3542 1097 3603 αὑτοῦ
1139 3560 1195 3595 τε
1224 3541 1429 3595 Φωτίου
1461 3543 1553 3596 τοῦ
1600 3562 1812 3612 πρωτο-

252 3618 451 3690 στάτου
478 3635 585 3687 τῶν
620 3635 928 3704 ὑποκριτῶν
958 3634 1051 3685 καὶ
1084 3636 1499 3705 σταυρομάχων,
1540 3636 1630 3687 καὶ
1675 3636 1815 3689 πάνυ

250 3743 362 3779 των
386 3725 619 3793 καθεξῆς
643 3724 752 3777 τῶν
786 3724 951 3776 αὑτοῦ
983 3725 1244 3793 διαδόχων
1276 3727 1369 3780 καὶ
1392 3726 1493 3793 τῆς
1521 3726 1814 3795 φιλαρχίας

251 3810 547 3880 κοινωνῶν,
580 3816 822 3885 ἱστορίας
856 3814 1038 3885 ἔργον,
1072 3820 1166 3868 καὶ
1206 3818 1268 3873 οὐ
1306 3816 1401 3873 τοῦ
1438 3818 1703 3887 παρόντος
1736 3817 1814 3888 τῷ

248 3907 395 3975 λόγῳ
426 3906 646 3960 σκοποῦ.
934 3971 939 3975 ς
1699 3954 1707 3970 ,

331 3996 523 4064 Ἡμεῖς
549 3997 604 4050 δὲ
626 3998 727 4068 τὴν
757 3998 1127 4065 ὑπεράπειρον
1164 3996 1547 4067 μακροθυμίαν
1584 3996 1681 4052 καὶ
1717 3997 1816 4049 ἀν·-

235 4081 387 4156 ὀχὴν
418 4079 709 4155 ὑμνοῦντες
753 4087 848 4148 τοῦ
886 4089 994 4141 τῶν
1018 4088 1156 4140 ὅλων
1198 4087 1361 4157 θεοῦ,
1398 4087 1685 4155 εὐχώμεθα
1714 4085 1816 4154 τῆς

255 4174 473 4244 μερίδος
507 4175 851 4245 ἐξαιρεθῆναι
879 4177 987 4227 τῶν
1011 4178 1079 4228 τὰ
1120 4162 1389 4229 σκάνδαλα
1416 4180 1507 4229 καί
1543 4177 1642 4239 τὰς
1666 4177 1813 4245 5:19-

253 4264 480 4327 στασίας
518 4264 605 4317 διὰ
658 4266 758 4335 τῆς
785 4266 1051 4333 κακίστης
1103 4266 1285 4318 αὐτῶν
1341 4267 1634 4335 ἐπιθυμίας
1682 4283 1817 4318 κατ-

255 4354 660 4424 ιργαζομένων,
693 4355 941 4412 κοινωνοὶ
972 4354 1029 4407 δὲ
1063 4354 1315 4423 γενέσθαι
1359 4355 1456 4409 τοῦ
1503 4355 1611 4408 τῶν
1646 4356 1817 4422 ἁγίων

254 4446 480 4515 κλήρου,
511 4444 617 4497 τῶν
646 4445 735 4497 διὰ
765 4445 1017 4523 πίστεως
1048 4446 1145 4496 καὶ
1174 4445 1393 4513 ἀγάπης
1432 4444 1592 4507 Θεοῦ,
1620 4463 1814 4499 ταπει-

1922 3277 1974 3332 in
2008 3292 2211 3331 morem
2240 3285 2296 3331 et
2323 3286 2571 3330 naturam
2600 3277 2731 3340 abit,
2766 3288 2931 3345 atque
2956 3278 3093 3331 adeo
3132 3278 3269 3331 iram
3320 3280 3377 3332 in
3433 3292 3497 3333 se

1919 3367 2014 3421 Dei
2041 3375 2293 3434 provocat
2313 3367 2645 3420 universam.

1910 3465 1919 3473 '
1992 3456 2281 3508 Enimvero
2310 3454 2587 3523 sigillatim
2641 3468 2962 3519 percensere
3019 3454 3205 3508 omnia
3239 3469 3361 3522 quae
3397 3468 3499 3529 nio-

1920 3556 2041 3599 vata
2066 3556 2122 3601 et
2149 3547 2311 3614 impie
2339 3554 2492 3615 gesta
2523 3554 2650 3597 sunt
2680 3556 2709 3596 a
2742 3546 2938 3599 Photio
2962 3544 3260 3599 architccto
3286 3554 3343 3599 et
3380 3560 3497 3597 ma-

1921 3638 2087 3706 gistro
2116 3636 2533 3706 hypocritarum'
2553 3634 2897 3702 hostiumque
2933 3635 3136 3697 crucis,
3168 3642 3223 3688 et
3240 3633 3497 3687 omnibus

1923 3708 2335 3780 Sueccssoribus
2381 3726 2525 3779 illius
2553 3736 2608 3778 et
2651 3725 2818 3780 sociis
2854 3724 3193 3788 ambitionis,
3236 3724 3398 3793 justas
3424 3725 3499 3777 sit

1921 3830 2057 3883 opus
2088 3814 2347 3877 historiae,
2383 3830 2492 3867 non
2524 3813 2689 3883 hujus
2716 3812 2820 3867 loci
2850 3822 3253 3867 ariumentum.

1990 4007 2101 4063 Nos
2133 4023 2260 4061 vero
2289 4007 2555 4060 infinitam
2579 4005 2673 4060 Dei
2696 4006 3013 4075 patientiam
3038 4000 3496 4075 clementiamque

1923 4110 2310 4164 memorantes,
2372 4099 2665 4159 Dominum
2700 4100 3081 4153 universorum
3115 4102 3493 4166 deprecemur,

1924 4192 1999 4244 uti
2016 4206 2121 4245 nos
2151 4206 2181 4243 a
2217 4201 2363 4244 sorte
2389 4204 2579 4243 eorum
2606 4190 2697 4257 qui
2725 4198 2814 4256 tot
2838 4189 3215 4243 scandalorum
3240 4187 3497 4241 offensio-

1922 4272 2165 4350 numque
2188 4290 2241 4334 et
2261 4280 2663 4337 dissensionum
2689 4280 3081 4349 cupiditatibus
3109 4279 3226 4333 suis
3243 4278 3498 4347 pessimis

1921 4379 2173 4425 auctores
2198 4370 2479 4431 exstitere,
2511 4378 2751 4436 ereptos,
2798 4370 2962 4425 sortis
3011 4374 3347 4427 sanctorum.
3403 4367 3494 4435 qui

1924 4476 2016 4528 per
2048 4460 2204 4514 tidem
2234 4469 2289 4513 et
2321 4460 2646 4516 cliaritalem
2678 4458 2793 4522 Dei,
2846 4459 3209 4519 humilitatem
3259 4468 3311 4511 ct
3341 4473 3498 4511 man-

257 4537 594 4605 νοφροσύνης
614 4552 672 4588 τε
706 4535 802 4589 καὶ
825 4534 1155 4604 πραΰτητος,
1178 4535 1277 4601 τῆς
1309 4535 1632 4603 ἐπουρανίου
1662 4536 1816 4605 βασι-

1924 4551 2293 4613 suetudinem,
2340 4564 2507 4617 regno
2540 4561 2592 4601 ut
2643 4549 2952 4603 sacerdotio
3006 4558 3198 4601 sancto
3254 4545 3371 4611 Dei,
3401 4545 3497 4614 qui

253 4627 404 4689 λείας
437 4627 533 4681 καῖ
567 4626 848 4696 ίεραρχίας
885 4625 1044 4694 ἁγίας
1073 4625 1168 4678 τοῦ
1199 4626 1499 4695 ὑπεραγίου
1530 4627 1819 4690 καταξιου-

260 4718 455 4787 μένων,
492 4718 806 4787 πρεσϐείαις
843 4715 943 4785 τῆς
982 4718 1292 4785 ὐπεράγνου
1332 4721 1427 4769 καὶ
1472 4717 1817 4789 πανιμὼμου

255 4803 753 4871 Θεομήτορος,”καὶ
798 4803 907 4854 τῶν
951 4802 1222 4871 ἐκλεκτῶν
1259 4804 1355 4857 καὶ
1384 4804 1543 4874 ἱερῶν
1571 4805 1819 4871 ἀγγέλων

258 4895 353 4947 καὶ
389 4893 497 4946 τῶν
530 4893 900 4961 πανευφήμων
942 4893 1255 4956 ἀποστόλων
1295 4894 1389 4946 καὶ
1416 4894 1524 4946 τῶν
1561 4895 1818 4947 πανενδό-

260 4984 362 5047 ξων
392 4983 727 5051 ἀθλοφόρων,
764 4983 861 5037 καὶ
902 4983 1040 5035 ὅλων
1077 4984 1185 5035 τῶν
1211 4984 1384 5049 ἁγίων
1414 4986 1535 5045 ταῖς
1578 4986 1815 5054 εὐπροσ-

256 5077 460 5137 δέκτοις
500 5075 596 5127 καὶ
628 5076 799 5143 ἱεραῖς
831 5075 1151 5143 ἱκετηρίαις.
1185 5075 1324 5143 Πρὸς
1354 5075 1566 5137 τούτοις
1598 5076 1732 5126 πᾶσι
1762 5075 1819 5126 δὲ

258 5166 468 5221 καὶτοῦ
501 5168 559 5217 ὲν
587 5166 765 5232 ἁγίοις
819 5166 1033 5232 Πατρὸς
1082 5165 1240 5234 ἡμῶν
1273 5166 1528 5231 Ἰγνατίου
1568 5167 1820 5236 ἀρχιεπι-

260 5257 461 5307 σκόπου
490 5253 1129 5313 Κωνσταντινουπόλειης.
1162 5252 1257 5305 τοῦ
1292 5255 1410 5305 νέου
1448 5255 1663 5322 ἀληθῶς
1687 5257 1819 5321 ὁμο-

258 5345 483 5414 λογητοῦ
524 5345 618 5396 καὶ
661 5343 943 5413 θεοφόρου,
980 5344 1035 5394 ὲν
1066 5344 1286 5414 Χριστῷ
1328 5344 1498 5411 Ἰησοῦ
1525 5345 1600 5413 τῷ
1634 5346 1820 5414 Κυρίῳ

260 5436 433 5504 ἡμῶν,
458 5428 504 5501 ᾧ
534 5436 567 5503 ἡ
590 5434 715 5499 δόξα
746 5435 840 5486 καὶ
865 5437 898 5503 ἡ
926 5434 1061 5503 τιμὴ
1093 5436 1184 5487 καὶ
1234 5438 1267 5504 η
1302 5439 1669 5506 προσκύνησις
1705 5440 1819 5507 ἅμα

260 5526 337 5593 τῷ
365 5526 584 5595 ἁνάρχῳ
639 5526 835 5596 Πατρὶ,
862 5526 957 5577 καὶ
984 5526 1062 5594 τῷ
1093 5528 1408 5595 συνανὰρχῳ
1450 5530 1544 5580 καὶ
1574 5530 1820 5598 ζωοποιῷ

264 5615 425 5667 αὑτοῦ
474 5614 769 5683 Πνεῦματι,
817 5615 911 5668 νῦν
949 5618 1041 5669 καὶ
1078 5616 1165 5669 ἀεὶ
1209 5618 1301 5669 καὶ
1333 5620 1411 5679 εἰς
1452 5621 1579 5682 τοὺς
1622 5622 1821 5682 αἰῶνας

263 5707 368 5759 τῶν
397 5709 626 5760 αίὼνων.
672 5708 866 5774 Ἀμήν.

372 5819 413 5851 ’θ
444 5818 631 5873 Matth.
672 5833 747 5882 Ix,
774 5818 862 5873 56.

1920 4652 2234 4698 sanctorum
2266 4650 2431 4708 caput
2458 4650 2545 4694 est
2575 4642 2841 4705 omnium,
2866 4652 2994 4694 sunt
3019 4636 3268 4706 dignati;
3320 4638 3500 4706 preci-

1918 4736 2020 4791 bus
2052 4735 2383 4789 intemeratae
2421 4734 2839 4802 purissimaaque
2884 4733 2973 4784 Dei
3008 4731 3220 4794 Matris,
3268 4732 3501 4785 selecto-

1920 4841 2149 4894 rumqne
2235 4826 2477 4877 coalitum
2562 4824 2904 4893 angelorum,
2983 4820 3497 4891 gloriosissimorum

1920 4918 2293 4987 apostolorum
2326 4915 2707 4980 victorumque
2763 4912 3233 4965 nobilissimorum
3292 4915 3493 4975 marty-

1922 5025 2066 5073 rum,
2134 5017 2558 5072 sanctorumque
2607 5005 2890 5068 omnium;
2950 5018 3182 5071 cumque
3240 5000 3497 5054 onmihus

1922 5097 2093 5151 nostri
2125 5098 2294 5149 sancti
2320 5096 2495 5149 Patris
2526 5094 2713 5161 lgnatii
2739 5078 3061 5161 patriarcha:
3084 5091 3186 5141 (ΣΡ.
3211 5104 3334 5140 vere
3370 5085 3494 5139 novi

1922 5183 2251 5238 confessoris
2285 5198 2349 5235 ac
2398 5182 2587 5236 deiteri
2643 5181 2873 5251 Patris,-
2892 5188 3174 5241 consortes
3220 5176 3413 5229 alliciat
3440 5174 3511 5253 in

1922 5275 2138 5329 Christo
2170 5274 2298 5327 Jcsu
2329 5275 2559 5327 Domino
2585 5283 2774 5326 nostro
2800 5292 2811 5325 :
2847 5273 2932 5327 cui
2963 5273 3102 5327 laus.
3138 5267 3334 5329 honor,
3364 5267 3497 5318 ado—

1924 5368 2064 5419 ratio
2087 5382 2210 5418 cum
2242 5378 2445 5419 :eterno
2486 5366 2663 5423 Patre.
2694 5366 3003 5433 pariterque
3029 5370 3236 5413 atterno
3274 5370 3327 5410 et
3358 5357 3493 5409 vivi~

1926 5459 2117 5511 ﬁrante
2152 5459 2323 5527 ipsius
2356 5459 2582 5527 Spiritu,
2617 5472 2762 5509 nunc
2789 5466 2843 5509 et
2875 5468 3111 5521 semper,
3141 5451 3272 5504 etin
3301 5461 3493 5503 omnes

1925 5550 2165 5601 omnium
2194 5551 2518 5603 seculorum
2547 5534 2905 5602 αξιοι-οἰκῆες,
2930 5544 3127 5598 Amen.
