3934 6316
413 274 514 336 575

429 426 738 452 3:23:22

747 422 1116 431 ~.....-——..—-.-_—
1130 421 1524 430 ..ν-...ν-ιςιφμ

1598 277 1882 336 .<Ι(ἸΕΤ.Ε
1931 276 2371 338 PAPIILAGON
2387 279 2453 336 IS

3531 277 3640 341 576

1337 571 1806 694 NlCET/E
1882 604 2710 696 PAPHLAGONIS

1829 835 1940 901 QUI
1991 837 2077 890 ET
2131 835 2339 888 navu)

1036 1013 1554 1072 EXPOSITIONIS
1593 1014 1668 1072 IN
1715 1012 2207 1071 EVANGELIUM
2246 1011 2458 1069 LUCgE
2510 1009 2970 1067 FRAGMENTA

1401 1205 1535 1265 (MAI,
1565 1202 1745 1266 Script.
1775 1205 1888 1253 γει.
1915 1211 2029 1252 tom.
2055 1203 2136 1262 IX,
2159 1218 2205 1265 p.
2233 1203 2343 1262 668,
2367 1201 2478 1261 670,
2510 1202 2642 1260 702.)

1967 1378 2033 1390 —

465 1501 600 1569 Cap.
633 1500 716 1564 Ἢ,
741 1515 880 1552 vers-
903 1499 991 1552 32.
1037 1503 1101 1553 Et
1143 1501 1188 1552 si
1216 1500 1439 1570 diligitis
1459 1517 1542 1555 eos
1569 1502 1656 1570 qui
1689 1517 1773 1554 vos
1823 1502 1949 1554 dili-

2129 1503 2268 1570 Κεφ.
2305 1499 2393 1568 ς’,
2425 1501 2559 1570 στίχ.
2583 1501 2681 1569 λβν.
2723 1502 2825 1556 Καὶ
2857 1503 2908 1554 εί
2959 1501 3225 1570 ἀγαπᾶτε
3271 1503 3412 1568 τοὺς
3472 1503 3628 1571 ἀγα-

394 1605 544 1662 gttut,
569 1603 673 1646 etc.

468 1684 691 1748 Nicetm,
718 1685 808 1751 qui
836 1693 884 1735 et
911 1684 1100 1738 David.
1137 1682 1209 1737 Ex
1239 1684 1411 1738 tribus
1446 1693 1662 1739 constat
1689 1687 1952 1743 amicitia,

393 1775 719 1829 testantibus
771 1774 1150 1843 philosophis;
1202 1791 1266 1829 ex
1310 1777 1582 1843 voluptate
1637 1776 1867 1835 scilicet,
1900 1792 1964 1828 ex

395 1867 739 1929 necessitate,
781 1875 833 1921 et
857 1867 1092 1931 virtute;
1141 1885 1372 1936 quarum
1406 1871 1526 1922 dum
1559 1870 1768 1937 priores
1795 1869 1964 1921 insta-

393 1956 533 2010 biles
566 1965 716 2019 sunt,
755 1967 807 2012 et
862 1958 1084 2012 minime
1143 1969 1474 2020 constantes.
1525 1961 1722 2028 quippe
1759 1976 1877 2027 QlliB
1908 1961 1959 2013 in

391 2047 519 2102 ﬁliis
572 2048 853 2101 hominum
917 2047 1330 2102 fitndainentnm
1364 2065 1522 2104 suum
1570 2066 1676 2103 non
1707 2051 1958 2102 lubeant.

391 2138 495 2193 Ubi
528 2141 670 2192 enim
705 2139 939 2207 primmn
978 2141 1224 2208 voluptas
1257 2141 1529 2206 valedixit,
1572 2158 1634 2197 ac
1665 2143 1961 2196 necessitas

389 2233 641 2294 cessavit,
674 2232 933 2299 philtrum
971 2249 1188 2300 quoque
1219 2236 1554 2288 transvolat:
1603 2251 1771 2302 quare
1797 2236 1956 2290 etiam

390 2323 651 2389 temporis
679 2333 731 2375 et
758 2323 914 2390 spatii
944 2324 1198 2378 distantia
1224 2326 1530 2379 amantibus
1560 2335 1736 2389 nocet,
1769 2327 1958 2378 amici-

389 2413 520 2467 tiam
549 2414 828 2468 oblivione
859 2429 957 2468 ceu
995 2418 1158 2472 densa
1186 2419 1417 2488 caligine
1447 2419 1768 2474 abvelando.
1790 2421 1959 2475 Econ-

388 2511 470 2557 tIa
512 2519 635 2572 qua:
673 2506 872 2559 virtute
904 2508 1095 2560 nititur
1143 2524 1248 2562 non
1282 2509 1396 2578 pari
1445 2510 1603 2563 modo
1641 2510 1956 2576 olTuscatur,

390 2591 500 2646 imo
527 2609 620 2659 per
650 2609 811 2648 omne
845 2604 1058 2664 tempus
1082 2612 1146 2650 ac
1167 2598 1396 2667 spatium
1421 2599 1579 2651 durat
1611 2599 1955 2662 inconcussa,

384 2694 441 2737 et
462 2685 551 2739 ubi
578 2687 629 2737 in
662 2687 1003 2741 obstaculum
1028 2689 1248 2755 aliquod
1273 2689 1557 2754 incidit,—vi
1590 2701 1642 2744 et
1670 2690 1956 2759 splendore

387 2775 654 2842 augescit.
693 2776 828 2829 llinc
851 2778 963 2844 jam
999 2793 1105 2831 non
1140 2780 1400 2844 amicitia,
1437 2781 1529 2834 scd
1570 2781 1809 2835 charitas
1842 2781 1954 2849 ple-

2066 1592 2304 1656 πῶντας
2350 1591 2520 1656 ὑμᾶς,
2563 1608 2616 1646 κ.
2651 1610 2702 1645 τ.
2732 1593 2783 1648 λ.

2131 1684 2392 1748 Νικήτου
2447 1685 2553 1738 τοῦ
2603 1684 2701 1738 καί
2751 1687 2944 1739 Δαὸίὸ.
2990 1686 3099 1758 Τὴν
3136 1688 3317 1757 φιλίαν
3368 1690 3433 1742 ἐκ
3466 1689 3642 1758 τριῶν

2065 1778 2381 1830 συνεστάναι
2425 1777 2647 1842 τούτων,
2696 1777 2907 1844 ἡδονῆς,
2941 1780 3102 1848 φημὶ,
3161 1780 3256 1832 καὶ
3290 1779 3638 1849 χρείαςξκαὶ

2061 1868 2280 1938 ἀρετῆς,
2332 1868 2516 1929 παῖδες
2568 1867 2744 1933 σοφῶν
2781 1869 3128 1936 ἀπεφήναντο
3154 1886 3169 1901 ·
3225 1870 3362 1922 ἀλλά
3394 1871 3493 1933 τὰς
3528 1870 3641 1939 μὲν

2061 1958 2282 2027 πρώτας
2309 1957 2400 2011 δύο
2457 1959 2655 2022 αίτίας,
2693 1960 3005 2026 εὐκινήτους
3037 1956 3196 2022 εἶναι,
3253 1961 3315 2012 ού
3350 1961 3637 2029 μονίμους,

2061 2050 2179 2102 οὖδέ
2216 2050 2275 2101 τδ
2304 2048 2520 2117 βέϐαιον
2569 2051 2625 2101 ἐν
2675 2051 2808 2111 υἱοῖς
2835 2049 3134 2119 ἀνθρώπιον
3169 2049 3416 2118 ἐχούσας.
3462 2049 3633 2118 Ὁμοῦ

2061 2139 2167 2208 γὰρ
2199 2138 2258 2190 τὺ
2293 2139 2484 2206 ἡδῦνον
2514 2138 2810 2198 πέπαυται.
2864 2139 2956 2191 καὶ
2998 2141 3032 2209 ἡ
3081 2139 3237 2208 χρεία
3265 2139 3636 2210 παρελήλυθε,

2062 2231 2152 2282 καὶ
2181 2229 2387 2292 τούτοις
2417 2229 2879 2300 συγκπαλὲλυται
2930 2229 2990 2282 τὸ
3032 2231 3271 2300 φίλτρον.
3317 2231 3482 2282 ὐθεν
3534 2232 3638 2283 καὶ

2059 2322 2247 2390 χρόνου
2286 2321 2380 2373 καὶ
2417 2322 2582 2372 τόπου
2635 2296 2915 2382 διάστασις
2938 2296 3052 2382 τοῖς
3080 2296 3222 2372 οὕτω
3265 2320 3478 2389 φιλοῦσι
3503 2322 3632 2371 ἐπι-

2060 2409 2331 2462 ϐουλεύειν
2356 2407 2485 2469 οἶδε,
2521 2411 2621 2480 τὴν
2655 2410 2835 2476 φιλίαν
2861 2411 3267 2482 ὥσπερόμίχλῃ
3299 2413 3502 2481 παχείᾳ
3529 2411 3634 2462 καὶ

2060 2497 2230 2567 ζόφῳ,
2259 2502 2323 2570 τῇ
2364 2499 2498 2568 λήθῃ
2529 2499 3002 2565 συγκαλύπτουσα.
3032 2499 3106 2552 Ού
3143 2501 3250 2569 μὴν
3299 2503 3392 2553 καὶ
3421 2503 3455 2570 ἡ
3489 2503 3638 2557 κατὰ

2057 2589 2256 2659 ἀρετὴν
2289 2589 2597 2642 συνεστῶσα
2625 2589 2714 2641 τὸν
2739 2590 2852 2641 ῐσον
2872 2589 3068 2659 τρόπον
3094 2588 3457 2659 ἀμαυροῦται,
3475 2592 3635 2644 ἀδιά-

2058 2695 2263 2740 πτωτος
2292 2679 2347 2731 δὲ
2381 2679 2470 2730 καὶ
2489 2679 2892 2746 ἀνεπηρέαστος
2920 2679 3080 2730 παντὶ
3109 2678 3297 2748 χρόνου
3324 2681 3417 2731 καὶ⁵
3441 2680 3617 2733 τόπου

2057 2765 2206 2834 μένει
2235 2765 2595 2833 διαστήματι,
2650 2766 2744 2817 καὶ
2776 2765 2885 2818 οὐδ’
2920 2766 3158 2833 ἡτινιοῦν
3193 2765 3462 2837 προφάσει
3504 2767 3632 2820 δια-

383 2878 617 2944 rutnque
636 2879 995 2932 nuncupatur,
1013 2883 1151 2932 qna-,
1165 2869 1460 2923 secundum
1478 2872 1811 2937 Apostolum,
1825 2887 1950 2923 nun-

2063 2857 2271 2917 πίπτει,
2304 2856 2504 2922 μᾶλλον
2538 2857 2633 2925 μὲν
2662 2850 2752 2908 οὖν
2787 2856 2882 2908 καὶ
2907 2857 3226 2926 ίσχυροτὲρα
3253 2859 3345 2909 καὶ
3374 2856 3630 2928 λαμπρο-

385 2970 561 3024 quam
604 2957 805 3011 deﬁcit.
842 2957 1220 3012 Benevolentia
1253 2961 1394 3013 enim
1429 2956 1682 3015 amicitiae
1741 2961 1954 3016 initium

384 3051 489 3105 est,
535 3043 676 3099 sicut
731 3045 861 3100 visio
918 3047 1411 3115 concupiscentiam
1471 3049 1634 3118 parit.
1698 3049 1952 3104 Amicitia

385 3146 550 3201 porro
579 3134 862 3188 charitatis
895 3136 1216 3204 principium
1248 3149 1298 3190 et
1321 3138 1480 3204 fons;
1515 3139 1751 3195 charitas
1774 3149 1952 3195 autem

385 3235 547 3293 caput
576 3235 661 3280 est
711 3226 845 3295 legis
873 3238 927 3282 et
959 3229 1367 3296 prophetarum.
1420 3231 1474 3283 ιιι
1509 3232 1728 3300 quidem
1775 3233 1956 3286 multis

387 3333 706 3387 persuasum
758 3328 861 3385 est,
917 3322 1210 3375 amicitiam
1265 3325 1520 3380 inanibus
1580 3342 1721 3395 saepe
1783 3328 1956 3382 verbis

387 3397 697 3464 eontentam
749 3426 890 3476 esse,
917 3415 1237 3467 clmritatcm
1268 3425 1448 3469 autem
1473 3432 1530 3469 re
1563 3432 1685 3470 vera
1713 3419 1950 3486 probari.

385 3499 651 3565 Quocirca
682 3503 843 3556 etiam
877 3489 1331 3561 vermi-haritalis
1376 3509 1676 3576 discipulus
1705 3525 1805 3565 nos
1831 3525 1952 3563 mo-

385 3599 476 3645 net
504 3603 560 3643 ut
588 3607 644 3644 re
682 3592 795 3660 ipsa
823 3609 886 3648 ac
910 3597 1194 3660 veraciter,
1215 3613 1315 3652 nec
1341 3600 1623 3654 verborum
1656 3600 1948 3666 illecebris,

384 3695 486 3736 nos
515 3684 852 3739 adamentus.

451 3936 582 4008 Cap.
611 3938 744 4007 Vill,
768 3957 910 3997 vers.
932 3944 988 3998 5.
1011 3943 1157 3998 Exiit
1179 3947 1269 4015 qui
1301 3949 1522 4002 seminat
1551 3952 1948 4013 seminare,etc.

454 4109 658 4169 Νίσαιαν
698 4108 1072 4186 Paphlagonis.
1099 4117 1233 4172 Vide
1271 4135 1337 4175 ne
1364 4135 1544 4174 semen
1576 4122 1817 4176 divinum
1853 4139 1948 4191 per

379 4201 618 4258 volatilia
654 4205 799 4271 caeli,
829 4207 879 4261 id
905 4218 985 4262 est
1012 4225 1106 4278 per
1132 4211 1355 4278 spiritus
1381 4211 1660 4277 aethereos,
1698 4195 1955 4267 dissemi:

381 4305 557 4353 netur.
580 4311 712 4352 neve
729 4297 910 4353 wrdis
929 4301 1003 4353 tui
1031 4300 1202 4357 fomes
1228 4302 1626 4372 exstinguatur.
1655 4305 1706 4358 Id
1731 4322 1946 4374 quoque

379 4399 510 4440 cura
542 4403 607 4440 ne
635 4388 860 4456 spiritus
897 4392 1075 4446 vitalis
1110 4395 1202 4462 qui
1237 4393 1288 4446 in
1320 4403 1367 4448 te
1415 4407 1497 4450 est
1526 4396 1819 4451 atl'ectuum
1853 4409 1946 4452 aut

378 4477 692 4543 passioaum
734 4478 1035 4547 ﬂagrantia,
1093 4498 1190 4541 ceu
1239 4483 1360 4552 igne
1390 4486 1576 4547 solari,
1619 4488 1942 4554 exsiccetur,

377 4579 556 4635 neque
577 4571 886 4627 committas
906 4581 964 4625 ut
985 4588 1169 4628 semen
1195 4574 1461 4639 divinum,
1485 4577 1669 4639 timor,
1698 4577 1940 4645 inquam,

380 4654 625 4727 Dominiﬁ,
694 4664 938 4727 corporis
1016 4663 1089 4714 tui
1152 4664 1386 4718 miseriis
1473 4677 1527 4718 et
1590 4667 1736 4720 curis
1806 4670 1944 4720 sicut

377 4747 596 4803 carduis
629 4758 682 4803 ct
732 4753 953 4806 zizaniis
991 4755 1289 4811 delitescat.
1347 4754 1436 4809 Sic
1496 4757 1640 4810 enim
1674 4758 1804 4812 lides
1832 4768 1940 4823 tua,

378 4837 517 4892 sicut
544 4855 770 4911 campus
796 4845 1020 4909 sterilis,
1051 4860 1269 4914 pessum
1305 4847 1421 4901 ibit.

450 5011 676 5092 Nicetis;3
726 5018 816 5084 qui
863 5026 912 5069 et
961 5016 1149 5105 pavid.
1205 5018 1510 5074 Caveamus
1560 5019 1725 5090 igitur
1749 5037 1814 5076 ne
1843 5039 1942 5079 nos

379 5118 597 5170 quoque
644 5103 976 5171 huiusmodi
1008 5107 1266 5174 periculis
1331 5109 1777 5176 succumbamus,
1834 5113 1942 5167 imo

383 5195 579 5247 mentis
639 5210 826 5262 agrum
890 5198 1038 5250 omni
1084 5212 1223 5252 noxa
1279 5214 1593 5268 purgemus.
1657 5202 1747 5257 Sic
1800 5206 1941 5258 enim

384 5286 651 5339 mentibus
670 5287 872 5341 nostris
898 5288 1166 5343 culturam
1195 5290 1336 5344 sicut
1363 5274 1596 5360 pluviam
1619 5295 1940 5348 matutinam

383 5391 446 5428 ac
476 5379 769 5434 serotinam
804 5379 1188 5450 infundemus;
1219 5385 1299 5440 sie
1350 5387 1587 5440 calorem
1637 5387 1729 5455 qui
1756 5402 1787 5440 e
1832 5387 1943 5442 sole

377 5465 605 5532 iustitia:
640 5467 772 5530 ﬂuit,
816 5471 1068 5543 lacrymis
1114 5475 1314 5529 nostris
1359 5476 1745 5542 mitigabimus.
1779 5477 1936 5539 Hinc,

380 5557 521 5609 sicut
565 5574 693 5626 ager
738 5559 1016 5628 fecundus,
1085 5562 1174 5614 Dei
1229 5565 1939 5635 benedictioniscompotes

383 5647 608 5712 erimus,
635 5651 891 5708 virtutu.n
923 5663 1232 5708 nostrarum
1263 5651 1520 5721 fructum,
1551 5655 1724 5711 sinon
1754 5654 1939 5712 centu-

2057 2940 2189 3010 τέρα
2213 2941 2418 3008 γίνεται
2453 2942 2828 3012 πολεμουμένη
2854 2959 2868 2972 ο
2899 2944 2974 3005 ὡς
3006 2943 3201 3012 μηκέτι
3236 2944 3418 3012 φιλίαν
3458 2946 3627 3013 μόνον

2056 3031 2385 3100 αὑτὴν,ἀλλά
2413 3033 2501 3083 καὶ
2529 3032 2747 3100 ἀγάπην
2777 3032 3104 3104 κυριώτερον
3133 3036 3492 3104 ὀνομάζεσθαι
3512 3055 3526 3069 ο
3558 3040 3636 3109 ἧ-

2056 3139 2137 3184 τις
2169 3123 2308 3175 κατά
2331 3123 2419 3175 τὸν
2464 3124 2803 3183 Ἀπόστολον,
2835 3125 3089 3178 οὐδέποτε
3116 3127 3389 3181 ἐκπίπτει.
3433 3129 3636 3185 Εὖνοια

2057 3213 2156 3282 μὲν
2179 3215 2305 3283 γὰρ,
2337 3214 2512 3283 φιλίας
2544 3216 2706 3285 ἀρχή·
2725 3216 2802 3278 ὡς
2830 3217 2972 3284 ὄψις,
3005 3217 3299 3288 ἐπιθυμίας
3321 3238 3334 3250 ·
3374 3222 3520 3288 φιλία
3547 3225 3634 3289 δὲ,

2055 3306 2274 3373 ἀγάπης
2299 3308 2440 3376 ἀρχὴ
2472 3315 2563 3359 καὶ
2592 3308 2741 3376 πηγή
2765 3321 2776 3335 ⁶
2805 3308 2994 3376 ἀγάπη
3019 3308 3096 3373 δέ,
3125 3310 3186 3362 τὺ
3224 3311 3514 3377 κεφάλαιον
3540 3313 3632 3365 νό-

2057 3413 2157 3466 μου
2182 3397 2276 3449 καὶ
2316 3397 2625 3466 προφητῶν.
2661 3397 2751 3450 Διὸ
2783 3397 2880 3467 τὴν
2916 3399 3034 3466 μὲν,
3087 3400 3178 3451 καὶ
3219 3401 3346 3470 ἄχρι
3392 3402 3625 3470 χειλέων

2055 3489 2234 3557 μόνον,
2273 3488 2365 3540 καὶ
2413 3487 2588 3556 ψιλοῖς
2647 3489 2997 3542 συνίστασθαι
3025 3490 3205 3557 λόγοις
3235 3494 3286 3543 οἱ
3319 3492 3503 3544 πολλοὶ
3535 3509 3632 3544 νο-

2055 3580 2322 3647 μίζουσιν,
2354 3579 2573 3649 ἀγάπην
2611 3581 2666 3631 δέ
2696 3579 2772 3649 τῷ
2803 3580 2915 3632 ὄντι
2977 3582 3050 3650 μὴ
3100 3577 3258 3644 εἶναι,
3291 3583 3341 3632 εί
3371 3583 3444 3650 μὴ
3479 3573 3634 3652 ἔργῳ

2052 3670 2144 3722 καὶ
2171 3669 2397 3739 ἀληθείᾳ
2427 3672 2747 3740 μαρτυροίτο
2767 3687 2781 3702 ⁸
2809 3669 2988 3732 καθὼς
3015 3673 3042 3723 ὁ
3070 3670 3169 3737 τῆς
3196 3671 3452 3739 ἀληθινῆς
3481 3673 3626 3738 ἀγά-

2052 3779 2159 3830 πης
2183 3762 2467 3830 παρεγγυᾷ
2499 3760 2764 3829 μαθητὴς,
2797 3760 2871 3829 μὴ
2907 3760 3126 3830 ἀγαπᾷν
3160 3761 3302 3830 λόγῳ
3331 3751 3424 3814 καὶ
3447 3762 3635 3828 γλώσ-

2053 3866 2121 3924 σῃ
2153 3851 2565 3921 παραγγέλλων,
2597 3850 2712 3902 ἀλλ’
2737 3850 2883 3919 ἔργῳ
2914 3853 3006 3902 καὶ
3028 3843 3275 3920 ἀληθείᾳ.

2121 3943 2258 4008 Κεφ.
2288 3939 2369 4007 H',
2401 3939 2522 4010 στίχ
2572 3937 2635 3993 ε’.
2671 3939 2959 4008 Ἐξῆλθεν
2989 3943 3023 3994 ό
3047 3942 3308 4008 σπείρων
3329 3941 3436 3995 τοῦ
3466 3940 3638 3994 0'18?-

2043 4047 2165 4098 ραι,
2198 4048 2254 4085 κ.
2296 4048 2348 4082 τ.
2374 4030 2426 4083 λ.

2119 4121 2385 4186 Νικήτου
2421 4121 2845 4189 Παφλαγόνων.
2892 4120 3032 4191 Ὀρα
3074 4121 3268 4189 μήπως
3319 4119 3351 4188 ἢ
3383 4121 3492 4180 τοῖς
3521 4135 3632 4169 πε-

2048 4212 2239 4273 τεινοῖς
2271 4209 2363 4262 τοῦ
2390 4209 2640 4281 ούρανοῦ,
2674 4213 2785 4272 τοῖς
2815 4209 2907 4263 τοῦ
2933 4209 3113 4279 ἀέρος,
3141 4209 3302 4277 φημὶ,
3329 4207 3630 4276 πνεύμασι,

2049 4300 2109 4352 τὸ
2132 4300 2270 4352 θεῖον
2300 4302 2519 4370 σπέρμα
2557 4300 2853 4370 διαρπαγῇ,
2904 4299 3084 4353 εἵτουν
3123 4300 3490 4369 ἐναποσϐεσθῇ
3527 4317 3633 4354 σου

2046 4389 2146 4458 τῆς
2189 4389 2412 4457 καρδίας
2456 4387 2849 4458 ἠθρυαλλίςοῆ
2890 4387 3101 4458 ὴλιακῷ
3132 4389 3389 4450 καύσωνι,
3446 4388 3635 4440 είτουν

2047 4481 2334 4549 ἐμπυρίοις
2370 4479 2564 4531 πάθεσι
2614 4479 2706 4531 καὶ
2744 4478 3096 4547 ἐνδομυχοῦσι
3142 4480 3413 4546 πιεσμοίς,
3449 4481 3481 4547 ἡ
3512 4477 3636 4539 ζω-

2045 4571 2169 4637 τικὴ
2195 4572 2286 4621 ἐνα
2301 4569 2600 4639 ποξηρανθῇ
2635 4586 2716 4620 σοι
2747 4569 2914 4636 ἰκμάς
2945 4585 2959 4599 ο
2991 4568 3021 4637 ἢ
3066 4569 3263 4638 μήπως
3293 4568 3634 4638 ὡς,ρἀνοις

2044 4659 2155 4709 τισὶ
2208 4660 2301 4711 καὶ
2354 4660 2613 4720 ἀκάνθαις
2657 4660 2775 4718 ταῖς
2831 4658 3102 4720 ποικίλαις
3167 4658 3458 4726 μερίμναις
3511 4657 3619 4710 καὶ

2045 4751 2289 4818 φροντίσι
2323 4749 2418 4800 τοῦ
2459 4749 2711 4817 σώματος
2753 4748 2811 4800 τὸ
2864 4749 3005 4800 θεῖόν
3056 4766 3137 4800 σοι
3166 4747 3349 4800 ...τοῦτο
3396 4746 3630 4815 σπέρμα.

2042 4837 2134 4889 τοῦ
2189 4839 2352 4905 φόϐου
2394 4838 2595 4906 Κυρίου
2651 4838 2742 4888 καὶ
2784 4836 2884 4904 τῆς
2936 4837 3168 4896 πίστεως
3224 4833 3623 4900 ἐναποπνιγὲν,

2043 4930 2286 4997 ἄκαρπον
2315 4929 2406 4979 καὶ
2427 4929 2680 4995 ἀδόκιμον
2709 4914 2981 4996 ἀπελέγξῃ
3009 4925 3087 4994 τῷ
3121 4926 3372 4994 γεωργῷ.

2111 5022 2393 5086 Νικήτου,
2419 5020 2522 5072 τοῦ
2545 5020 2640 5071 καί
2673 5017 2869 5071 Δαϐίδ.
2886 5017 3285 5086 Φυλαττώμεθα
3307 5018 3482 5070 τοίνυν
3511 5019 3619 5073 καὶ

2045 5113 2202 5179 ἡμεῖς
2239 5112 2475 5179 μηδεμιᾷ
2502 5111 2703 5162 τούτων
2722 5107 3062 5160 κινδυνεῦσαι
3090 5107 3195 5159 τῶν
3215 5107 3614 5172 ἀποπτώσεων,

2043 5201 2155 5252 ἀλλ’
2187 5200 2642 5268 ἀνακαθαίρωμεν
2681 5201 2859 5268 πάσης
2889 5199 3154 5267 ἐπηρείας
3186 5199 3439 5268 τοιαύτης
3463 5240 3476 5261 ,
3511 5201 3626 5270 τῆς

2041 5292 2274 5352 διανοίας
2305 5291 2398 5358 τὴν
2426 5292 2661 5358 ἄρουραν
2685 5307 2696 5319 ’
2726 5292 2820 5343 καὶ
2847 5291 2999 5342 ὑετὸν
3027 5289 3272 5360 πρώῖμον
3294 5292 3386 5344 καὶ
3409 5291 3621 5360 ὄψιμον

2042 5383 2138 5452 τὴν
2162 5381 2409 5446 ποικίλην
2441 5381 2534 5433 τοῦ
2588 5381 2898 5449 πνεύματος
2930 5381 3150 5450 διδαχὴν
3197 5385 3318 5443 ταῖς
3353 5382 3624 5448 μελέταις

1996 5509 2012 5521 .
2048 5471 2436 5540 ἐπισπώμενοι,
2466 5473 2558 5524 καὶ
2586 5470 2681 5540 τὴν
2709 5472 2815 5525 ἀπὸ
2845 5471 2939 5522 τοῦ
2969 5471 3116 5540 ἡλίου
3148 5471 3245 5539 τῆς
3267 5469 3628 5539 δικαιοσύνης

2048 5564 2356 5633 σύμμετρον
2390 5564 2595 5634 θέρμην
2619 5555 3441 5643 ἀνακαλούμενοιδάκρυσιν,οἷα
3470 5562 3627 5633 καλὴ

2048 5656 2139 5709 καὶ
2171 5655 2347 5726 ἀγαθὴ
2367 5657 2459 5724 γῆ,
2489 5657 2585 5725 τῆς
2620 5653 2727 5708 ἀπὸ
2752 5651 2844 5706 τοῦ
2872 5652 3006 5706 Θεοῦ
3039 5653 3284 5721 εὐλογίας
3311 5651 3622 5723 ἐπιτυγχά-
