3934 6316
185 363 298 430 577

1015 368 1095 429 ΙΝ
1134 369 1471 430 CARMINA
1508 371 1806 430 ARCANA
1854 373 2223 436 GREGORII
2275 378 2544 440 TIIEOL.

3315 385 3418 448 578

180 492 380 546 νοιμιν
403 493 418 507 ο
449 477 607 529 είκαὶ
638 474 712 546 μὴ
747 478 802 530 ὲν
830 475 1039 539 ἑκατὸν,
1069 478 1180 528 ἀλλ’
1201 480 1257 530 ἐν
1288 480 1567 548 ἐξήκοντα,
1593 481 1758 548 ἤγουν

1866 485 2029 551 plum.
2062 495 2117 540 at
2146 489 2334 541 saltem
2386 490 2786 561 sexagesimum
2848 478 3250 550 tricesintutnvc
3303 503 3422 550 red-

180 567 242 617 ἐν
303 567 622 637 τριάκοντα,
683 571 772 619 τὶν
820 567 1030 636 καρπὸν
1079 568 1415 630 ἀποδιδόντες

178 656 317 710 τῶν.
1057 708 1064 715 .

259 747 410 814 Κεφ.
456 748 562 811 lﬂ',
601 748 742 817 στίχ.
794 751 894 806 κδ’.
931 748 1098 805 Ἰδὼν
1121 749 1189 802 δὲ
1224 749 1410 802 αὑτὸν
1445 751 1477 801 ό
1519 747 1757 814 Ἰησοῦς

179 835 523 900 περίλυπον
546 839 884 906 ττι-νόμενον,
915 857 971 894 κ.
1002 857 1056 894 τ.
1084 841 1133 893 λ.

255 924 522 990 Νικήτου
547 925 652 980 τοῦ
677 930 1090 997 Παφλαγόνος.
1123 930 1404 1000 Καρδιακῇ
1447 930 1554 1000 γὰρ
1583 930 1762 984 διαθέ-

180 1031 268 1067 σει
291 1015 376 1086 τῷ
405 1015 647 1088 ἀργυρίῳ
670 1023 1258 1092 προσπεπερονημένης
1275 1022 1418 1090 αὑτῴ
1442 1022 1540 1090 τῆς
1561 1023 1758 1091 ψυχῆς,

177 1105 275 1156 καί
304 1121 430 1159 τινα
455 1107 654 1177 τρόπον
681 1111 1244 1180 προσκεκολλημένης,
1270 1109 1432 1163 καὶέν
1453 1112 1748 1180 γενομένης

178 1195 276 1246 ἐπὶ
316 1196 490 1266 αὐτῷ,
517 1198 617 1252 οὐκ
639 1200 888 1254 ἐϐούλετο
913 1199 1151 1270 εὐχερῶς
1175 1200 1268 1253 τοῦ
1295 1201 1615 1269 φιλουμένου
1643 1201 1760 1253 δια-

179 1283 451 1339 σπᾶσθαι,
477 1287 525 1338 εί
555 1290 628 1356 μὴ
656 1288 794 1356 μετὰ
825 1288 1070 1357 μείζονος
1101 1289 1295 1341 πόνου’
1325 1287 1515 1359 ὥσπερ
1539 1291 1631 1342 καὶ
1657 1307 1758 1358 με·

177 1370 288 1423 λῶν
330 1374 584 1444 σώματος
619 1378 805 1446 βιαίως
827 1379 1112 1448 ἀφαίρεσις
1137 1377 1346 1448 γίνεται
1370 1379 1756 1449 διαιρουμένης

185 1465 496 1532 συμφυΐας.

1467 569 1572 622 τῶν
1624 570 1757 636 dpe-

1857 578 2058 630 demto.

1929 753 2062 822 Cap.
2100 752 2281 817 XVIII,
2311 771 2454 810 vers.
2485 757 2575 812 24.
2632 758 2820 814 Viden:
2865 770 3043 815 autem
3081 760 3234 815 Jews
3271 762 3421 816 illum

1861 844 2060 896 tristem
2100 845 2320 912 factum,
2343 855 2446 900 etc.

1936 933 2137 988 Nicetw
2157 936 2530 1006 Paphlagonis.
2555 938 2746 992 Anima
2771 955 2890 1008 quae
2925 940 3087 995 simul
3115 956 3239 995 cum
3262 943 3424 996 corde

1862 1041 2051 1079 aurum
2079 1029 2193 1080 sitit
2212 1029 2373 1096 eique
2408 1030 2559 1083 unite
2592 1030 2772 1084 dedita
2799 1041 2901 1092 est,
2939 1047 3044 1086 non
3080 1032 3199 1087 sine
3226 1049 3423 1100 magno

1863 1118 2044 1171 labore
2070 1117 2194 1170 inde
2226 1118 2522 1172 divellitur.
2569 1118 2661 1173 Sic
2707 1121 2871 1173 etiam
2910 1123 3153 1190 corporis
3180 1123 3420 1176 membra

1861 1207 2003 1261 haud
2039 1219 2405 1278 amputantur,
2437 1212 2566 1281 quin
2609 1221 2719 1266 tota
2753 1213 3070 1267 earumdem
3098 1214 3423 1269 coadunatio

1860 1299 2074 1368 penitus
2095 1301 2356 1356 solvatur.

203 1667 3418 1716 mm

816 1859 1043 1946 ΤΟΥ
1132 1859 1779 1996 ΦΙΛΟΣΟΦΟΥ

1889 1861 2270 1960 ΚΥΡΟΥ,
2342 1863 2768 1945 ΝΙΚΗΤΑ

1447 2037 1811 2087 ΕΠΙΣΚΟΠΟΥ
1856 2037 2180 2086 ΔΑΔΥΒΡΩΝ

693 2186 1025 2242 ΕΞΗΓΗΣΙΣ
1059 2187 1192 2240 ΤΩΝ
1222 2186 1401 2240 Ellth
1436 2187 1571 2241 ΤΟΥ
1618 2175 1942 2241 ΜΕΓᾹΛΟΥ
1973 2187 2349 2240 ιῬιιΓοριοΥ
2395 2189 2530 2241 ΤΟΥ
2559 2189 2932 2244 ΘΕΟΛΟΓΟΥ.

933 2526 1387 2622 DOMlNl
1429 2530 1900 2619 NICETIE
1951 2493 2696 2622 PHILOSOPl-ll

1381 2716 1619 2773 EPlSCO
1629 2718 1686 2772 Pl
1765 2715 2227 2774 DADYBROBUM

564 2872 928 2933 EXEGESIS
983 2873 1384 2934 CARMINUM
1416 2875 1883 2935 ARCANORUM
1928 2874 2167 2934 MAGNI
2227 2875 2593 2935 GREGORII
2640 2876 3045 2939 THEOLOGI.

761 3177 1163 3231 ΠΡΟΟΙΜΙΟΝ.

257 3266 322 3318 οι
355 3264 455 3335 μὶν
489 3263 620 3334 παρ’
640 3264 862 3335 Ἕλλησι
895 3264 1318 3334 φιλοσοφώτατοι
1350 3264 1488 3320 εἶναι
1510 3268 1759 3333 δόξαντες

188 3359 282 3411 καὶ
312 3357 655 3424 λογιώτατοι,
695 3356 858 3426 ἡνίκα
910 3357 974 3409 ἂν
1013 3360 1132 3418 ταῖς
1164 3357 1304 3425 ὑπὲρ
1335 3359 1396 3410 τὸ
1424 3358 1758 3428 βλεπόμενον

192 3449 281 3503 καὶ
307 3449 406 3518 τὴν
439 3447 692 3514 αἴσθησιν
724 3446 976 3518 θεωρίαις
1008 3435 1378 3513 ἐπιϐαίνοντες
1409 3451 1758 3518 φυσιολογίας

189 3545 331 3607 me;
387 3545 421 3613 ἢ
463 3545 736 3611 θεολογίας
775 3544 850 3605 ὡς
891 3544 1126 3615 αὐτῷ...
1168 3542 1263 3596 νῦν
1296 3545 1756 3613 ἐπελαμϐάνοντο,

191 3634 412 3694 πλείους
439 3633 520 3684 ὅτι
549 3631 781 3698 μάλιστα
811 3629 1024 3699 βίϐλους
1053 3630 1423 3683 ἐπετείνοντο·
1452 3629 1526 3690 ὡς
1558 3630 1623 3682 ἂν
1659 3631 1756 3682 αὑ-

190 3723 267 3775 τοὶ
317 3723 417 3790 τῆς
498 3719 618 3772 κατ’
652 3721 846 3782 αὐτοὺς
905 3719 1273 3789 ἐντρυφῶντες
1337 3718 1618 3781 πολυνοίας
1666 3719 1759 3770 καὶ

194 3810 447 3880 θεωρίας,
480 3809 572 3861 καὶ
604 3810 716 3872 τοῖς
748 3807 1027 3875 ἐγγίζουσι
1058 3808 1114 3860 δὲ
1145 3808 1331 3872 αὐτοῖς
1375 3806 1622 3877 τῆςιάπὸ
1649 3808 1758 3860 τῶν

193 3899 562 3969 θεωρημάτων
591 3898 920 3967 μεταδιδοῖεν
947 3897 1245 3967 ὡφελείας·
1291 3898 1406 3952 ἀλλ’
1442 3898 1595 3951 οὐδὲν
1634 3915 1758 3951 τοσ-

192 3985 344 4039 οῦτον
394 3989 473 4050 είς
519 3987 806 4056 οἰκοδομὴν
839 3988 933 4040 καὶ
988 3988 1326 4056 κατόρθωσιν
1373 3989 1474 4057 τῆς
1523 4005 1580 4041 τε
1623 3989 1758 4052 ιδίας

193 4078 368 4129 αὐτῶν
395 4077 632 4140 διανοίας
663 4079 760 4130 καὶ
787 4076 886 4144 τῆς
912 4076 1022 4128 τῶν
1055 4079 1580 4148 μαθητευομένων...
1611 4080 1758 4147 φιλο-

195 4171 374 4235 σοφεῖν
430 4167 780 4238 ἐδοκίμασαν,
835 4168 958 4220 ὅσον
995 4169 1076 4229 είς
1127 4168 1399 4238 βλάϐην...
1445 4168 1544 4238 τῆς
1591 4169 1758 4231 ὅντως

194 4259 596 4328 ὰληθογνωσίας
635 4259 699 4312 δι’
733 4260 1072 4330 ἁμαρτίαν...
1105 4260 1289 4325 ἐπειδὴ
1313 4262 1428 4339 «γὰρ
1454 4261 1552 4331 τὴν
1580 4260 1758 4331 πάσης

203 4351 395 4420 σοφίας
429 4350 589 4405 καὶ...
621 4352 804 4421 πηγὴν
852 4351 970 4404 κατ’
1003 4351 1176 4420 ἀρχὴν
1205 4351 1284 4412 είς
1321 4351 1446 4414 τοὺς
1481 4354 1610 4420 περὶ
1646 4353 1756 4404 τῶν

194 4440 358 4494 ὅντων
398 4441 697 4509 γινομένων
731 4439 920 4508 λόγους
946 4441 1466 4511 προκατεὸἀλλοντο,
1491 4443 1600 4495 οὐδ’
1638 4447 1758 4496 ἐπι-

1925 3245 1951 3256 _
2015 3193 2031 3206 ’
2383 3182 2773 3241 PROOEMIUM
2795 3185 2894 3255 (α).

1931 3272 2034 3338 Qui
2064 3276 2203 3342 apud
2241 3272 2459 3328 Grzecos
2500 3275 2855 3343 philosophiae
2902 3283 2953 3328 et
3000 3275 3429 3333 ratiocinationis

1863 3365 2176 3433 peritiSsinii
2212 3380 2332 3417 esse
2362 3373 2572 3429 putant,
2603 3366 2818 3433 quando
2861 3366 2914 3420 in
2959 3368 3427 3434 speculationibus

1859 3452 1926 3504 tle
1959 3452 2076 3505 visu
2105 3460 2157 3504 et
2187 3453 2500 3506 sensatione
2529 3454 2908 3523 aggredientes
2942 3456 3229 3524 quamdam
3278 3459 3427 3528 pity-

1861 3539 2144 3607 siologiam
2178 3551 2269 3592 aut
2305 3541 2633 3616 theologiam
2669 3553 2726 3616 ut
2769 3543 2845 3595 illi
2982 3559 3125 3597 nunc
3179 3546 3426 3598 incurre-

1861 3624 1993 3678 bant
2031 3626 2212 3693 plures
2257 3613 2419 3694 quam
2467 3613 2714 3682 maxime
2749 3629 2918 3683 libros
2970 3633 3369 3698 protendebant
3405 3651 3419 3687 :

1861 3714 1933 3765 ita
1962 3722 2019 3765 ut
2045 3713 2148 3781 ipsi
2181 3713 2322 3766 intra
2361 3729 2418 3768 se
2449 3715 2514 3767 de
2554 3717 2815 3779 sapientia
2843 3727 2894 3769 et
2925 3719 3293 3785 speculatione
3327 3735 3422 3773 sua

1861 3804 2178 3871 gloriantes,
2217 3804 2300 3858 his
2336 3805 2428 3872 qui
2474 3807 2537 3858 ad
2573 3807 2717 3873 ipsos
2757 3807 3024 3860 accedunt
3058 3822 3280 3861 suarum
3323 3810 3423 3864 de-

1860 3894 2323 3946 monstrationutn
2363 3894 2653 3946 utilitatem
2700 3896 3152 3962 communicent;
3185 3898 3278 3952 sed
3326 3899 3427 3955 nti-

1859 3984 2006 4036 ninie
2071 3993 2281 4036 tantum
2358 3989 2423 4036 ad
2489 3985 2918 4038 etl'ormationeut
2963 3993 3018 4039 et
3071 3987 3426 4044 directionem

1859 4079 1942 4134 sui
1994 4079 2236 4146 ipsorum
2274 4089 2328 4132 et
2383 4078 2774 4147 discipulorum
2821 4080 3170 4134 conscientiae
3307 4081 3427 4150 plli-

1859 4168 2131 4236 losopltari
2183 4169 2285 4221 sibi
2341 4179 2764 4236 proposuerunt,
2818 4180 3082 4238 quantum
3114 4173 3178 4226 ad
3212 4188 3427 4241 perver-

1859 4259 2066 4312 sionem
2095 4275 2230 4312 vene
2253 4269 2306 4312 et
2341 4273 2501 4313 [εοεαε
2527 4260 2854 4329 cognitionis
2888 4270 3106 4330 ptopter
3129 4264 3339 4331 culpam

1859 4350 2128 4414 Quoniam
2166 4350 2309 4403 enim
2345 4351 2523 4404 onmis
2554 4353 2832 4419 sapientia:
2859 4351 3060 4406 fontem
3093 4368 3122 4406 a
3157 4355 3425 4425 principio

1861 4442 1913 4494 in
1947 4442 2288 4495 sermonibus
2311 4441 2378 4495 de
2401 4443 2618 4495 cutibus
2643 4443 3032 4497 exsistentibus
3048 4444 3419 4510 instituerunt,

195 4531 464 4598 γνῶναι...
497 4532 593 4585 καὶ
615 4531 787 4594 οὕτως
815 4533 871 4584 ἐν
899 4531 1035 4602 αὐτῇ
1062 4532 1157 4586 καὶ
1184 4532 1251 4583 δι’
1281 4532 1463 4584 αὐτῶν
1483 4533 1618 4602 πρὸς
1644 4536 1752 4587 πᾶ-

1866 4546 1966 4585 non
2015 4546 2344 4600 cognoscere
2481 4541 2534 4585 et
2585 4533 2654 4585 ita
2708 4532 2763 4585 in
2802 4533 2917 4600 ipsa
2966 4542 3021 4586 et
3071 4548 3165 4602 per
3216 4535 3305 4589 illa
3357 4537 3422 4591 ad

197 4637 288 4672 σαν
318 4621 727 4689 ἀληθογνωσίαν
755 4621 1065 4690 όδηγεῖσθαι
1113 4622 1205 4675 καὶ
1254 4639 1451 4676 κατε...
1485 4624 1754 4693 κατηξίω-

198 4727 315 4764 σαν·
345 4711 438 4764 διὰ
467 4711 627 4764 τοῦτο
649 4710 772 4763 οὔτε
797 4712 926 4781 περὶ
949 4712 1154 4781 ἀρχῶν,
1175 4711 1298 4764 οὕτε
1330 4713 1456 4783 περὶ
1484 4714 1592 4766 τῶν
1617 4715 1753 4783 μετὰ

195 4802 287 4865 τὰς
323 4793 520 4873 ἀργὰς,
576 4805 696 4856 οὕτε
760 4806 889 4872 περὶ
941 4804 1034 4856 τοῦ
1075 4805 1183 4857 τῶν
1229 4805 1528 4874 γινομένων
1569 4807 1754 4869 τέλους

197 4894 462 4960 ἀξιόλογον
492 4896 524 4964 ἢ
555 4895 795 4961 esteem
826 4911 879 4946 τι
937 4893 1393 4964 φιλοσοφήσαντες
1424 4896 1752 4965 ἀπελέγχον-

197 4998 311 5036 ται·
342 4986 468 5038 ὅθεν
505 4983 603 5054 τῆς
635 4987 762 5054 μιᾶς
803 4985 898 5038 καὶ
927 4987 1096 5056 μόνης
1129 4984 1220 5038 τοῦ
1245 4986 1413 5049 ὅντως
1439 4987 1589 5050 ὄντος
1615 4987 1747 5040 Θεοῦ

201 5074 382 5142 σοφίας
420 5079 513 5128 καὶ
561 5077 815 5146 ἀληθείας
848 5076 1243 5146 διαμαρτόντες
1271 5116 1284 5141 ,
1322 5077 1542 5147 μυρίαις
1571 5077 1749 5144 δόξαις

199 5167 283 5218 καὶ
308 5167 539 5229 πλάναις
575 5169 667 5218 καὶ
710 5168 1044 5237 ἐναντιότησι
1089 5169 1224 5236 πρός
1273 5184 1331 5221 τε
1382 5171 1608 5231 ἑαυτοὺς
1644 5171 1738 5222 καὶ

199 5255 450 5326 ἀλλήλους
473 5259 839 5328 διενεχθέντες
860 5302 874 5321 .
919 5259 1435 5331 ἀπεδοκιμάσθησαν
1478 5260 1601 5313 οὒτε
1635 5263 1746 5323 τοῖς

202 5348 319 5418 περὶ
343 5349 480 5402 Θεοῦ
519 5349 695 5416 λόγοις
729 5351 1115 5419 ωμὸαίνοντες
1152 5351 1290 5421 (πῶς
1325 5353 1434 5422 γὰρ
1461 5351 1556 5404 καὶ
1582 5351 1743 5418 ἔμελ-

203 5433 284 5488 λον
313 5438 362 5490 ot
389 5438 466 5507 μὴ
495 5439 625 5508 παρ’
659 5439 824 5492 αὑτοῦ
855 5441 981 5510 περὶ
1009 5440 1173 5494 αὐτοῦ
1209 5441 1524 5510 μυούμενοι,
1553 5440 1613 5493 τὸ
1640 5441 1746 5492 πᾶν

256 5608 354 5680 (α)
396 5607 521 5674 Mai,
556 5608 804 5681 Spicileq.
854 5610 1004 5666 Rom.
1037 5611 1100 5677 V,
1137 5612 1260 5670 597.
1293 5627 1357 5664 ex
1385 5611 1572 5665 codice
1597 5609 1747 5665 Vati-

208 5691 330 5733 cano
360 5681 475 5748 qui,
508 5689 688 5749 utpote
730 5696 794 5735 ex
858 5683 1163 5750 antiquiore
1219 5681 1497 5734 Sfot'tiauo
1543 5682 1746 5736 deacri—

210 5757 337 5817 ptus,
373 5751 580 5805 lacunis
605 5751 813 5820 aliquot
843 5750 1073 5817 laborat,
1102 5762 1321 5822 propter
1346 5751 1544 5805 veteris
1566 5766 1745 5807 exent-

1857 4636 2070 4675 omnem
2125 4637 2307 4675 veram
2357 4622 2719 4690 cognitionem
2748 4623 2968 4691 perduci
3004 4633 3058 4677 et
3185 4626 3423 4680 aestima-

1855 4722 2072 4765 verunt.
2119 4710 2244 4764 Ideo
2291 4726 2464 4780 neque
2512 4711 2653 4764 circa
2711 4711 2999 4780 principia.
3055 4727 3228 4782 neque
3277 4715 3422 4769 circa

1856 4816 1943 4854 res
1977 4816 2096 4869 qua:
2132 4801 2411 4870 principiis
2443 4791 2762 4865 succedunt,
2795 4817 2973 4871 neque
3017 4803 3160 4858 circa
3212 4807 3419 4860 eutium

1855 4893 2016 4945 ﬁnem
2067 4892 2266 4960 aliquid
2328 4893 2646 4946 rationabile
2701 4893 2783 4946 vel
2841 4893 3121 4961 probabile
3176 4895 3422 4963 philoso-

1857 4985 2010 5052 phari
2061 4984 2430 5037 inveniuntur.
2479 4983 2635 5039 Unde
2680 4986 2795 5038 sola
2833 4994 2889 5039 et
2938 4986 3096 5039 unica
3152 4986 3243 5039 Dei
3298 5000 3420 5039 vere

1855 5073 2168 5128 exsistentis
2222 5074 2483 5143 sapientia
2546 5083 2600 5128 et
2661 5077 2886 5130 veritate
2942 5085 3208 5136 carentes.
3273 5077 3416 5128 mul-

1856 5166 1923 5217 tis
1970 5165 2319 5233 0pinionibus
2363 5175 2415 5216 et
2456 5166 2730 5218 erroribus
2779 5175 2838 5221 et
2898 5167 3416 5221 contradictionibus

1855 5272 1975 5308 cum
2009 5256 2201 5323 seipsis
2235 5266 2287 5308 et
2327 5272 2450 5310 cum
2495 5257 2614 5310 aliis
2647 5253 2856 5323 agitati,
2897 5257 3162 5324 reprobati
3197 5267 3321 5309 sunt
3358 5257 3412 5311 in

1855 5346 2193 5399 sermonibus
2225 5347 2366 5399 circa
2394 5345 2556 5398 Deum
2577 5363 2683 5401 non
2714 5348 3091 5400 convenientes
3113 5364 3123 5396 :
3144 5349 3414 5412 quomodo

1856 5436 1997 5489 cnim
2035 5437 2252 5491 evenire
2278 5437 2507 5491 debebat
2539 5438 2623 5492 itis
2652 5440 2744 5506 qtti
2782 5453 2888 5491 non
2933 5438 3000 5488 ab
3051 5437 3139 5488 illo
3208 5438 3273 5489 de
3319 5438 3412 5490 illo

1869 5611 2264 5665 ilaris‘damna.
2298 5613 2453 5664 Deest
2475 5613 2573 5665 hoc
2596 5614 2908 5678 [tt‘tXBlllilllll
2927 5611 2976 5661 in
3002 5609 3406 5662 Commentario

1847 5627 2045 5732 iS'icelze
2099 5683 2241 5732 quod
2303 5693 2421 5732 post
2467 5682 2710 5732 Greuorii
2773 5681 3101 5732 Nazianzeni
3159 5680 3402 5732 carmina

1898 5682 2045 5733 icelze
2099 5683 2241 5750 quod
2301 5693 2421 5749 post
2467 5682 2710 5742 Gregorii
2773 5681 3101 5733 Nazianzeni
3159 5680 3402 5734 carmina

1845 5752 2114 5805 chclitnus
2145 5758 2298 5820 (tom.
2333 5751 2649 5822 ΧΧΧῊΙΙ).
2686 5752 2841 5805 Eon.
