  <div class='ocr_page' id='page_1' title='image "/cluster/home/n/w/nwhite01/storage/ocr_20150623/105/pst.000005714155/333.png"; bbox 0 0 3934 6316; ppageno 0'>
   <div class='ocr_carea' id='block_1_1' title="bbox 434 345 532 412">
    <p class='ocr_par' dir='ltr' id='par_1_1' title="bbox 434 345 532 412">
     <span class='ocr_line' id='line_1_1' title="bbox 434 345 532 412; baseline -0.041 0"><span class='ocrx_word' id='word_1_1' title='bbox 434 345 532 412; x_wconf 67' lang='lat'><strong>501</strong></span> 
     </span>
    </p>
   </div>
   <div class='ocr_carea' id='block_1_2' title="bbox 1682 339 2398 400">
    <p class='ocr_par' dir='ltr' id='par_1_2' title="bbox 1682 339 2398 400">
     <span class='ocr_line' id='line_1_2' title="bbox 1682 339 2398 400; baseline 0.004 -3"><span class='ocrx_word' id='word_1_2' title='bbox 1682 339 1967 398; x_wconf 73' lang='grc' dir='ltr'><strong>ΝΙΟΕΤιΕ</strong></span> <span class='ocrx_word' id='word_1_3' title='bbox 1998 339 2398 400; x_wconf 66' lang='grc' dir='ltr'><strong>ΒΥΖᾹΝΤῘΝῘ</strong></span> 
     </span>
    </p>
   </div>
   <div class='ocr_carea' id='block_1_3' title="bbox 3544 346 3650 430">
    <p class='ocr_par' dir='ltr' id='par_1_3' title="bbox 3544 346 3650 430">
     <span class='ocr_line' id='line_1_3' title="bbox 3544 346 3650 430; baseline 0 0"><span class='ocrx_word' id='word_1_4' title='bbox 3544 346 3650 430; x_wconf 67' lang='lat'><strong>593</strong></span> 
     </span>
    </p>
   </div>
   <div class='ocr_carea' id='block_1_4' title="bbox 424 449 1970 527">
    <p class='ocr_par' dir='ltr' id='par_1_4' title="bbox 424 449 1970 521">
     <span class='ocr_line' id='line_1_4' title="bbox 424 449 1970 521; baseline -0.005 -8"><span class='ocrx_word' id='word_1_5' title='bbox 424 473 604 513; x_wconf 84' lang='lat' dir='ltr'><strong>amore</strong></span> <span class='ocrx_word' id='word_1_6' title='bbox 635 470 770 510; x_wconf 76' lang='lat' dir='ltr'><strong>vera:</strong></span> <span class='ocrx_word' id='word_1_7' title='bbox 799 454 913 507; x_wconf 50' lang='lat' dir='ltr'><strong>ﬁllei</strong></span> <span class='ocrx_word' id='word_1_8' title='bbox 941 450 1206 521; x_wconf 80' lang='lat' dir='ltr'><strong>professio</strong></span> <span class='ocrx_word' id='word_1_9' title='bbox 1237 465 1340 504; x_wconf 90' lang='lat' dir='ltr'><strong>una</strong></span> <span class='ocrx_word' id='word_1_10' title='bbox 1363 460 1464 505; x_wconf 79' lang='lat' dir='ltr'><strong>est.</strong></span> <span class='ocrx_word' id='word_1_11' title='bbox 1502 449 1565 504; x_wconf 80' lang='lat' dir='ltr'><strong>At</strong></span> <span class='ocrx_word' id='word_1_12' title='bbox 1588 466 1835 520; x_wconf 59' lang='lat' dir='ltr'><strong>quaenam</strong></span> <span class='ocrx_word' id='word_1_13' title='bbox 1859 453 1970 506; x_wconf 71' lang='lat' dir='ltr'><strong>lucc</strong></span> 
     </span>
    </p>
   </div>
   <div class='ocr_carea' id='block_1_5' title="bbox 2070 449 3648 527">
    <p class='ocr_par' dir='ltr' id='par_1_5' title="bbox 2077 453 3648 527">
     <span class='ocr_line' id='line_1_5' title="bbox 2077 453 3648 527; baseline 0.004 -20"><span class='ocrx_word' id='word_1_14' title='bbox 2077 454 2338 523; x_wconf 71' lang='grc' dir='ltr'>ἐνέφηνας</span> <span class='ocrx_word' id='word_1_15' title='bbox 2362 453 2458 525; x_wconf 80' lang='grc' dir='ltr'><strong>τὴν</strong></span> <span class='ocrx_word' id='word_1_16' title='bbox 2487 455 2712 508; x_wconf 75' lang='grc' dir='ltr'><strong>σεαυτοῦ</strong></span> <span class='ocrx_word' id='word_1_17' title='bbox 2733 454 2888 519; x_wconf 71' lang='grc' dir='ltr'>δόξαν</span> <span class='ocrx_word' id='word_1_18' title='bbox 2914 457 3319 526; x_wconf 78' lang='grc' dir='ltr'>ἀποσεμνύνων,</span> <span class='ocrx_word' id='word_1_19' title='bbox 3348 458 3439 510; x_wconf 65' lang='grc' dir='ltr'>καὶ</span> <span class='ocrx_word' id='word_1_20' title='bbox 3472 477 3648 527; x_wconf 63' lang='lat' dir='ltr'><strong>pauca-</strong></span> 
     </span>
    </p>
   </div>
   <div class='ocr_carea' id='block_1_6' title="bbox 424 541 1976 614">
    <p class='ocr_par' dir='ltr' id='par_1_6' title="bbox 424 541 1976 614">
     <span class='ocr_line' id='line_1_6' title="bbox 424 541 1976 614; baseline -0.003 -6"><span class='ocrx_word' id='word_1_21' title='bbox 424 551 584 608; x_wconf 78' lang='lat' dir='ltr'><strong>fuerit</strong></span> <span class='ocrx_word' id='word_1_22' title='bbox 620 547 894 603; x_wconf 83' lang='lat' dir='ltr'><strong>verissima</strong></span> <span class='ocrx_word' id='word_1_23' title='bbox 938 541 1224 614; x_wconf 79' lang='lat' dir='ltr'><strong>professio,</strong></span> <span class='ocrx_word' id='word_1_24' title='bbox 1275 557 1432 610; x_wconf 80' lang='lat' dir='ltr'><strong>quam</strong></span> <span class='ocrx_word' id='word_1_25' title='bbox 1464 542 1690 610; x_wconf 65' lang='grc' dir='ltr'>προδιοιί</span> <span class='ocrx_word' id='word_1_26' title='bbox 1739 544 1976 604; x_wconf 77' lang='lat' dir='ltr'><strong>tradide-</strong></span> 
     </span>
    </p>
   </div>
   <div class='ocr_carea' id='block_1_7' title="bbox 423 619 1977 708">
    <p class='ocr_par' dir='ltr' id='par_1_7' title="bbox 423 619 1977 708">
     <span class='ocr_line' id='line_1_7' title="bbox 423 619 1977 708; baseline -0.004 -12"><span class='ocrx_word' id='word_1_27' title='bbox 423 651 567 708; x_wconf 83' lang='lat' dir='ltr'><strong>runt,</strong></span> <span class='ocrx_word' id='word_1_28' title='bbox 609 648 662 694; x_wconf 92' lang='lat' dir='ltr'><strong>ct</strong></span> <span class='ocrx_word' id='word_1_29' title='bbox 697 651 804 693; x_wconf 88' lang='lat' dir='ltr'><strong>trcs</strong></span> <span class='ocrx_word' id='word_1_30' title='bbox 830 646 1028 691; x_wconf 73' lang='lat' dir='ltr'><strong>sanctae</strong></span> <span class='ocrx_word' id='word_1_31' title='bbox 1075 619 1262 705; x_wconf 88' lang='lat' dir='ltr'><strong>synodi</strong></span> <span class='ocrx_word' id='word_1_32' title='bbox 1304 634 1806 700; x_wconf 85' lang='lat' dir='ltr'><strong>constabilivernnt,</strong></span> <span class='ocrx_word' id='word_1_33' title='bbox 1853 635 1977 690; x_wconf 87' lang='lat' dir='ltr'><strong>licet</strong></span> 
     </span>
    </p>
   </div>
   <div class='ocr_carea' id='block_1_8' title="bbox 421 724 1977 800">
    <p class='ocr_par' dir='ltr' id='par_1_8' title="bbox 421 724 1977 800">
     <span class='ocr_line' id='line_1_8' title="bbox 421 724 1977 800; baseline -0.003 -14"><span class='ocrx_word' id='word_1_34' title='bbox 421 732 584 800; x_wconf 79' lang='lat' dir='ltr'><strong>aliqui</strong></span> <span class='ocrx_word' id='word_1_35' title='bbox 618 746 683 785; x_wconf 75' lang='lat' dir='ltr'><strong>ex</strong></span> <span class='ocrx_word' id='word_1_36' title='bbox 729 729 829 783; x_wconf 87' lang='lat' dir='ltr'><strong>hac</strong></span> <span class='ocrx_word' id='word_1_37' title='bbox 879 737 1019 783; x_wconf 90' lang='lat' dir='ltr'><strong>recta</strong></span> <span class='ocrx_word' id='word_1_38' title='bbox 1056 728 1156 780; x_wconf 85' lang='lat' dir='ltr'><strong>iide</strong></span> <span class='ocrx_word' id='word_1_39' title='bbox 1195 724 1527 790; x_wconf 86' lang='lat' dir='ltr'><strong>rebellarint,</strong></span> <span class='ocrx_word' id='word_1_40' title='bbox 1562 726 1784 780; x_wconf 86' lang='lat' dir='ltr'><strong>omnino</strong></span> <span class='ocrx_word' id='word_1_41' title='bbox 1831 727 1977 781; x_wconf 85' lang='lat' dir='ltr'><strong>dices</strong></span> 
     </span>
    </p>
   </div>
   <div class='ocr_carea' id='block_1_9' title="bbox 420 813 1974 887">
    <p class='ocr_par' dir='ltr' id='par_1_9' title="bbox 420 813 1974 887">
     <span class='ocr_line' id='line_1_9' title="bbox 420 813 1974 887; baseline -0.004 -13"><span class='ocrx_word' id='word_1_42' title='bbox 420 833 586 880; x_wconf 84' lang='lat' dir='ltr'><strong>tuam.</strong></span> <span class='ocrx_word' id='word_1_43' title='bbox 615 834 734 887; x_wconf 68' lang='lat' dir='ltr'><strong>qua:</strong></span> <span class='ocrx_word' id='word_1_44' title='bbox 763 818 922 872; x_wconf 88' lang='lat' dir='ltr'><strong>unius</strong></span> <span class='ocrx_word' id='word_1_45' title='bbox 951 825 1156 869; x_wconf 70' lang='lat' dir='ltr'><strong>natura:</strong></span> <span class='ocrx_word' id='word_1_46' title='bbox 1186 831 1352 868; x_wconf 89' lang='lat' dir='ltr'><strong>unum</strong></span> <span class='ocrx_word' id='word_1_47' title='bbox 1388 814 1664 869; x_wconf 78' lang='lat' dir='ltr'><strong>Christum</strong></span> <span class='ocrx_word' id='word_1_48' title='bbox 1711 827 1764 868; x_wconf 87' lang='lat' dir='ltr'><strong>et</strong></span> <span class='ocrx_word' id='word_1_49' title='bbox 1793 813 1974 880; x_wconf 71' lang='lat' dir='ltr'><strong>{Deum</strong></span> 
     </span>
    </p>
   </div>
   <div class='ocr_carea' id='block_1_10' title="bbox 420 906 1974 976">
    <p class='ocr_par' dir='ltr' id='par_1_10' title="bbox 420 906 1974 976">
     <span class='ocr_line' id='line_1_10' title="bbox 420 906 1974 976; baseline -0.005 -10"><span class='ocrx_word' id='word_1_50' title='bbox 420 923 663 966; x_wconf 84' lang='lat' dir='ltr'><strong>nostrum</strong></span> <span class='ocrx_word' id='word_1_51' title='bbox 696 927 760 964; x_wconf 82' lang='lat' dir='ltr'><strong>ex</strong></span> <span class='ocrx_word' id='word_1_52' title='bbox 811 909 1036 963; x_wconf 78' lang='lat' dir='ltr'><strong>diversis</strong></span> <span class='ocrx_word' id='word_1_53' title='bbox 1071 908 1280 961; x_wconf 84' lang='lat' dir='ltr'><strong>naturis</strong></span> <span class='ocrx_word' id='word_1_54' title='bbox 1329 915 1448 976; x_wconf 88' lang='lat' dir='ltr'><strong>post</strong></span> <span class='ocrx_word' id='word_1_55' title='bbox 1479 907 1734 960; x_wconf 91' lang='lat' dir='ltr'><strong>unionem</strong></span> <span class='ocrx_word' id='word_1_56' title='bbox 1769 906 1974 972; x_wconf 60' lang='lat' dir='ltr'><strong>fartum</strong></span> 
     </span>
    </p>
   </div>
   <div class='ocr_carea' id='block_1_11' title="bbox 420 999 1976 1071">
    <p class='ocr_par' dir='ltr' id='par_1_11' title="bbox 420 999 1976 1071">
     <span class='ocr_line' id='line_1_11' title="bbox 420 999 1976 1071; baseline -0.003 -17"><span class='ocrx_word' id='word_1_57' title='bbox 420 1004 714 1071; x_wconf 76' lang='lat' dir='ltr'><strong>profitetur,</strong></span> <span class='ocrx_word' id='word_1_58' title='bbox 745 1011 796 1054; x_wconf 88' lang='lat' dir='ltr'><strong>ct</strong></span> <span class='ocrx_word' id='word_1_59' title='bbox 827 1017 887 1054; x_wconf 82' lang='lat' dir='ltr'><strong>ex</strong></span> <span class='ocrx_word' id='word_1_60' title='bbox 915 999 1127 1054; x_wconf 85' lang='lat' dir='ltr'><strong>duabus</strong></span> <span class='ocrx_word' id='word_1_61' title='bbox 1168 1000 1375 1054; x_wconf 88' lang='lat' dir='ltr'><strong>naturis</strong></span> <span class='ocrx_word' id='word_1_62' title='bbox 1401 1009 1455 1053; x_wconf 89' lang='lat' dir='ltr'><strong>et</strong></span> <span class='ocrx_word' id='word_1_63' title='bbox 1479 1000 1613 1054; x_wconf 84' lang='lat' dir='ltr'><strong>duas</strong></span> <span class='ocrx_word' id='word_1_64' title='bbox 1638 1008 1860 1052; x_wconf 86' lang='lat' dir='ltr'><strong>naturas</strong></span> <span class='ocrx_word' id='word_1_65' title='bbox 1882 999 1976 1051; x_wconf 89' lang='lat' dir='ltr'><strong>ha-</strong></span> 
     </span>
    </p>
   </div>
   <div class='ocr_carea' id='block_1_12' title="bbox 417 1093 1974 1163">
    <p class='ocr_par' dir='ltr' id='par_1_12' title="bbox 417 1093 1974 1163">
     <span class='ocr_line' id='line_1_12' title="bbox 417 1093 1974 1163; baseline -0.004 -13"><span class='ocrx_word' id='word_1_66' title='bbox 417 1096 542 1150; x_wconf 81' lang='lat' dir='ltr'><strong>bere</strong></span> <span class='ocrx_word' id='word_1_67' title='bbox 571 1097 621 1148; x_wconf 93' lang='lat' dir='ltr'><strong>in</strong></span> <span class='ocrx_word' id='word_1_68' title='bbox 656 1111 759 1148; x_wconf 90' lang='lat' dir='ltr'><strong>una</strong></span> <span class='ocrx_word' id='word_1_69' title='bbox 789 1094 1059 1163; x_wconf 82' lang='lat' dir='ltr'><strong>hypostasi</strong></span> <span class='ocrx_word' id='word_1_70' title='bbox 1090 1101 1364 1161; x_wconf 76' lang='lat' dir='ltr'><strong>pernegat.</strong></span> <span class='ocrx_word' id='word_1_71' title='bbox 1393 1093 1548 1146; x_wconf 76' lang='lat' dir='ltr'><strong>Hune</strong></span> <span class='ocrx_word' id='word_1_72' title='bbox 1580 1093 1722 1145; x_wconf 88' lang='lat' dir='ltr'><strong>enim</strong></span> <span class='ocrx_word' id='word_1_73' title='bbox 1750 1105 1974 1158; x_wconf 83' lang='lat' dir='ltr'><strong>compo-</strong></span> 
     </span>
    </p>
   </div>
   <div class='ocr_carea' id='block_1_13' title="bbox 419 1184 1975 1240">
    <p class='ocr_par' dir='ltr' id='par_1_13' title="bbox 419 1184 1975 1240">
     <span class='ocr_line' id='line_1_13' title="bbox 419 1184 1975 1240; baseline -0.002 0"><span class='ocrx_word' id='word_1_74' title='bbox 419 1187 631 1240; x_wconf 89' lang='lat' dir='ltr'><strong>sitionis</strong></span> <span class='ocrx_word' id='word_1_75' title='bbox 662 1187 881 1239; x_wconf 89' lang='lat' dir='ltr'><strong>modum</strong></span> <span class='ocrx_word' id='word_1_76' title='bbox 922 1188 972 1238; x_wconf 91' lang='lat' dir='ltr'><strong>in</strong></span> <span class='ocrx_word' id='word_1_77' title='bbox 1019 1185 1185 1239; x_wconf 82' lang='lat' dir='ltr'><strong>divini</strong></span> <span class='ocrx_word' id='word_1_78' title='bbox 1219 1184 1378 1238; x_wconf 85' lang='lat' dir='ltr'><strong>Verbi</strong></span> <span class='ocrx_word' id='word_1_79' title='bbox 1412 1184 1614 1237; x_wconf 90' lang='lat' dir='ltr'><strong>unione</strong></span> <span class='ocrx_word' id='word_1_80' title='bbox 1643 1185 1765 1237; x_wconf 87' lang='lat' dir='ltr'><strong>cum</strong></span> <span class='ocrx_word' id='word_1_81' title='bbox 1810 1197 1975 1237; x_wconf 90' lang='lat' dir='ltr'><strong>carne</strong></span> 
     </span>
    </p>
   </div>
   <div class='ocr_carea' id='block_1_14' title="bbox 417 1274 1974 1345">
    <p class='ocr_par' dir='ltr' id='par_1_14' title="bbox 417 1274 1974 1345">
     <span class='ocr_line' id='line_1_14' title="bbox 417 1274 1974 1345; baseline -0.001 -15"><span class='ocrx_word' id='word_1_82' title='bbox 417 1279 617 1332; x_wconf 84' lang='lat' dir='ltr'><strong>factum</strong></span> <span class='ocrx_word' id='word_1_83' title='bbox 674 1276 840 1331; x_wconf 77' lang='lat' dir='ltr'><strong>fuisse</strong></span> <span class='ocrx_word' id='word_1_84' title='bbox 880 1277 1052 1345; x_wconf 90' lang='lat' dir='ltr'><strong>palam</strong></span> <span class='ocrx_word' id='word_1_85' title='bbox 1085 1275 1221 1330; x_wconf 81' lang='lat' dir='ltr'><strong>intra</strong></span> <span class='ocrx_word' id='word_1_86' title='bbox 1255 1275 1548 1329; x_wconf 90' lang='lat' dir='ltr'><strong>declamas.</strong></span> <span class='ocrx_word' id='word_1_87' title='bbox 1583 1274 1694 1328; x_wconf 83' lang='lat' dir='ltr'><strong>lien</strong></span> <span class='ocrx_word' id='word_1_88' title='bbox 1726 1291 1836 1328; x_wconf 89' lang='lat' dir='ltr'><strong>rem</strong></span> <span class='ocrx_word' id='word_1_89' title='bbox 1873 1277 1974 1328; x_wconf 92' lang='lat' dir='ltr'><strong>mi-</strong></span> 
     </span>
    </p>
   </div>
   <div class='ocr_carea' id='block_1_15' title="bbox 418 1357 1972 1432">
    <p class='ocr_par' dir='ltr' id='par_1_15' title="bbox 418 1357 1972 1432">
     <span class='ocr_line' id='line_1_15' title="bbox 418 1357 1972 1432; baseline -0.002 -12"><span class='ocrx_word' id='word_1_90' title='bbox 418 1369 563 1421; x_wconf 87' lang='lat' dir='ltr'><strong>ram!</strong></span> <span class='ocrx_word' id='word_1_91' title='bbox 592 1366 834 1432; x_wconf 88' lang='lat' dir='ltr'><strong>Quanam</strong></span> <span class='ocrx_word' id='word_1_92' title='bbox 863 1376 916 1419; x_wconf 94' lang='lat' dir='ltr'><strong>tu</strong></span> <span class='ocrx_word' id='word_1_93' title='bbox 951 1367 1155 1420; x_wconf 76' lang='lat' dir='ltr'><strong>ratione</strong></span> <span class='ocrx_word' id='word_1_94' title='bbox 1185 1357 1349 1420; x_wconf 88' lang='lat' dir='ltr'><strong>testes</strong></span> <span class='ocrx_word' id='word_1_95' title='bbox 1383 1367 1628 1420; x_wconf 91' lang='lat' dir='ltr'><strong>oculatos</strong></span> <span class='ocrx_word' id='word_1_96' title='bbox 1681 1375 1735 1418; x_wconf 89' lang='lat' dir='ltr'><strong>et</strong></span> <span class='ocrx_word' id='word_1_97' title='bbox 1762 1365 1972 1419; x_wconf 82' lang='lat' dir='ltr'><strong>divinos</strong></span> 
     </span>
    </p>
   </div>
   <div class='ocr_carea' id='block_1_16' title="bbox 416 1455 1972 1527">
    <p class='ocr_par' dir='ltr' id='par_1_16' title="bbox 416 1455 1972 1527">
     <span class='ocr_line' id='line_1_16' title="bbox 416 1455 1972 1527; baseline 0 -17"><span class='ocrx_word' id='word_1_98' title='bbox 416 1460 655 1512; x_wconf 83' lang='lat' dir='ltr'><strong>veritatis</strong></span> <span class='ocrx_word' id='word_1_99' title='bbox 678 1471 970 1527; x_wconf 73' lang='lat' dir='ltr'><strong>prmcones,</strong></span> <span class='ocrx_word' id='word_1_100' title='bbox 997 1473 1205 1512; x_wconf 89' lang='lat' dir='ltr'><strong>necnon</strong></span> <span class='ocrx_word' id='word_1_101' title='bbox 1245 1467 1461 1511; x_wconf 87' lang='lat' dir='ltr'><strong>sanctos</strong></span> <span class='ocrx_word' id='word_1_102' title='bbox 1480 1471 1541 1510; x_wconf 88' lang='lat' dir='ltr'><strong>ac</strong></span> <span class='ocrx_word' id='word_1_103' title='bbox 1567 1455 1799 1510; x_wconf 81' lang='lat' dir='ltr'><strong>deifcros</strong></span> <span class='ocrx_word' id='word_1_104' title='bbox 1829 1456 1972 1510; x_wconf 79' lang='lat' dir='ltr'><strong>viros</strong></span> 
     </span>
    </p>
   </div>
   <div class='ocr_carea' id='block_1_17' title="bbox 413 1548 1974 1618">
    <p class='ocr_par' dir='ltr' id='par_1_17' title="bbox 413 1548 1974 1618">
     <span class='ocr_line' id='line_1_17' title="bbox 413 1548 1974 1618; baseline -0.004 -15"><span class='ocrx_word' id='word_1_105' title='bbox 413 1550 531 1603; x_wconf 89' lang='lat' dir='ltr'><strong>aliis</strong></span> <span class='ocrx_word' id='word_1_106' title='bbox 572 1557 734 1618; x_wconf 88' lang='lat' dir='ltr'><strong>atque</strong></span> <span class='ocrx_word' id='word_1_107' title='bbox 776 1550 900 1603; x_wconf 86' lang='lat' dir='ltr'><strong>aliis</strong></span> <span class='ocrx_word' id='word_1_108' title='bbox 934 1550 1267 1618; x_wconf 88' lang='lat' dir='ltr'><strong>temporibus</strong></span> <span class='ocrx_word' id='word_1_109' title='bbox 1308 1548 1374 1600; x_wconf 88' lang='lat' dir='ltr'><strong>ad</strong></span> <span class='ocrx_word' id='word_1_110' title='bbox 1407 1548 1644 1618; x_wconf 77' lang='lat' dir='ltr'><strong>synodos</strong></span> <span class='ocrx_word' id='word_1_111' title='bbox 1682 1560 1974 1615; x_wconf 64' lang='lat' dir='ltr'><strong>congrega-</strong></span> 
     </span>
    </p>
   </div>
   <div class='ocr_carea' id='block_1_18' title="bbox 415 1635 1971 1709">
    <p class='ocr_par' dir='ltr' id='par_1_18' title="bbox 415 1635 1971 1709">
     <span class='ocr_line' id='line_1_18' title="bbox 415 1635 1971 1709; baseline -0.002 -14"><span class='ocrx_word' id='word_1_112' title='bbox 415 1654 498 1697; x_wconf 89' lang='lat' dir='ltr'><strong>tos</strong></span> <span class='ocrx_word' id='word_1_113' title='bbox 549 1641 764 1695; x_wconf 78' lang='lat' dir='ltr'><strong>tandem</strong></span> <span class='ocrx_word' id='word_1_114' title='bbox 824 1641 1011 1709; x_wconf 81' lang='lat' dir='ltr'><strong>culpas</strong></span> <span class='ocrx_word' id='word_1_115' title='bbox 1059 1650 1114 1693; x_wconf 89' lang='lat' dir='ltr'><strong>et</strong></span> <span class='ocrx_word' id='word_1_116' title='bbox 1166 1638 1494 1693; x_wconf 76' lang='lat' dir='ltr'><strong>contumelia</strong></span> <span class='ocrx_word' id='word_1_117' title='bbox 1553 1636 1790 1692; x_wconf 86' lang='lat' dir='ltr'><strong>oneras?</strong></span> <span class='ocrx_word' id='word_1_118' title='bbox 1838 1635 1971 1701; x_wconf 87' lang='lat' dir='ltr'><strong>Quis</strong></span> 
     </span>
    </p>
   </div>
   <div class='ocr_carea' id='block_1_19' title="bbox 411 1728 1970 1801">
    <p class='ocr_par' dir='ltr' id='par_1_19' title="bbox 411 1728 1970 1801">
     <span class='ocr_line' id='line_1_19' title="bbox 411 1728 1970 1801; baseline -0.004 -15"><span class='ocrx_word' id='word_1_119' title='bbox 411 1734 555 1787; x_wconf 83' lang='lat' dir='ltr'><strong>enim</strong></span> <span class='ocrx_word' id='word_1_120' title='bbox 581 1750 644 1788; x_wconf 76' lang='lat' dir='ltr'><strong>ex</strong></span> <span class='ocrx_word' id='word_1_121' title='bbox 672 1733 759 1795; x_wconf 86' lang='lat' dir='ltr'><strong>iis,</strong></span> <span class='ocrx_word' id='word_1_122' title='bbox 795 1733 887 1801; x_wconf 91' lang='lat' dir='ltr'><strong>qui</strong></span> <span class='ocrx_word' id='word_1_123' title='bbox 913 1747 998 1786; x_wconf 86' lang='lat' dir='ltr'><strong>res</strong></span> <span class='ocrx_word' id='word_1_124' title='bbox 1020 1730 1352 1800; x_wconf 85' lang='lat' dir='ltr'><strong>dijudicandi</strong></span> <span class='ocrx_word' id='word_1_125' title='bbox 1384 1729 1579 1798; x_wconf 85' lang='lat' dir='ltr'><strong>peritia-</strong></span> <span class='ocrx_word' id='word_1_126' title='bbox 1604 1728 1823 1798; x_wconf 86' lang='lat' dir='ltr'><strong>pollcnt,</strong></span> <span class='ocrx_word' id='word_1_127' title='bbox 1857 1738 1970 1781; x_wconf 81' lang='lat' dir='ltr'><strong>tra-</strong></span> 
     </span>
    </p>
   </div>
   <div class='ocr_carea' id='block_1_20' title="bbox 2089 542 3649 621">
    <p class='ocr_par' dir='ltr' id='par_1_20' title="bbox 2089 542 3649 621">
     <span class='ocr_line' id='line_1_20' title="bbox 2089 542 3649 621; baseline 0.005 -23"><span class='ocrx_word' id='word_1_128' title='bbox 2089 548 2301 616; x_wconf 76' lang='grc' dir='ltr'>ριστοὺς</span> <span class='ocrx_word' id='word_1_129' title='bbox 2332 542 2469 599; x_wconf 73' lang='grc' dir='ltr'>εἶναι</span> <span class='ocrx_word' id='word_1_130' title='bbox 2500 548 2762 616; x_wconf 69' lang='grc' dir='ltr'>οἰόμενος,</span> <span class='ocrx_word' id='word_1_131' title='bbox 2797 544 2876 612; x_wconf 78' lang='grc' dir='ltr'><strong>οἷς</strong></span> <span class='ocrx_word' id='word_1_132' title='bbox 2919 549 2984 602; x_wconf 81' lang='grc' dir='ltr'>ἂν</span> <span class='ocrx_word' id='word_1_133' title='bbox 3020 552 3156 621; x_wconf 78' lang='grc' dir='ltr'>μετὰ</span> <span class='ocrx_word' id='word_1_134' title='bbox 3179 551 3274 621; x_wconf 83' lang='grc' dir='ltr'>τῆς</span> <span class='ocrx_word' id='word_1_135' title='bbox 3299 550 3486 604; x_wconf 81' lang='grc' dir='ltr'>ἐνθέου</span> <span class='ocrx_word' id='word_1_136' title='bbox 3513 553 3649 621; x_wconf 75' lang='grc' dir='ltr'><strong>ἁγά-</strong></span> 
     </span>
    </p>
   </div>
   <div class='ocr_carea' id='block_1_21' title="bbox 2084 638 3644 712">
    <p class='ocr_par' dir='ltr' id='par_1_21' title="bbox 2084 638 3644 712">
     <span class='ocr_line' id='line_1_21' title="bbox 2084 638 3644 712; baseline 0.006 -25"><span class='ocrx_word' id='word_1_137' title='bbox 2084 655 2192 706; x_wconf 86' lang='grc' dir='ltr'>πης</span> <span class='ocrx_word' id='word_1_138' title='bbox 2229 638 2319 690; x_wconf 78' lang='grc' dir='ltr'><strong>καὶ</strong></span> <span class='ocrx_word' id='word_1_139' title='bbox 2347 639 2379 703; x_wconf 82' lang='grc' dir='ltr'>ἡ</span> <span class='ocrx_word' id='word_1_140' title='bbox 2412 638 2508 706; x_wconf 83' lang='grc' dir='ltr'><strong>τῆς</strong></span> <span class='ocrx_word' id='word_1_141' title='bbox 2545 639 2778 709; x_wconf 81' lang='grc' dir='ltr'><strong>ἀληθοῦς</strong></span> <span class='ocrx_word' id='word_1_142' title='bbox 2809 640 3042 705; x_wconf 85' lang='grc' dir='ltr'>πίστεως</span> <span class='ocrx_word' id='word_1_143' title='bbox 3090 643 3348 712; x_wconf 78' lang='grc' dir='ltr'><strong>ὁμολογία</strong></span> <span class='ocrx_word' id='word_1_144' title='bbox 3379 643 3478 712; x_wconf 86' lang='grc' dir='ltr'><strong>μία</strong></span> <span class='ocrx_word' id='word_1_145' title='bbox 3503 644 3644 712; x_wconf 78' lang='grc' dir='ltr'><strong>πάρ-</strong></span> 
     </span>
    </p>
   </div>
   <div class='ocr_carea' id='block_1_22' title="bbox 2083 729 3651 804">
    <p class='ocr_par' dir='ltr' id='par_1_22' title="bbox 2083 729 3651 804">
     <span class='ocr_line' id='line_1_22' title="bbox 2083 729 3651 804; baseline 0.004 -25"><span class='ocrx_word' id='word_1_146' title='bbox 2083 745 2221 781; x_wconf 88' lang='grc' dir='ltr'>εστι.</span> <span class='ocrx_word' id='word_1_147' title='bbox 2276 729 2372 791; x_wconf 87' lang='grc' dir='ltr'><strong>Τίς</strong></span> <span class='ocrx_word' id='word_1_148' title='bbox 2425 730 2481 782; x_wconf 84' lang='grc' dir='ltr'><strong>δὲ</strong></span> <span class='ocrx_word' id='word_1_149' title='bbox 2532 729 2738 800; x_wconf 83' lang='grc' dir='ltr'>αὑτηὴ</span> <span class='ocrx_word' id='word_1_150' title='bbox 2794 731 3131 802; x_wconf 78' lang='grc' dir='ltr'><strong>ἀληθεστάτη</strong></span> <span class='ocrx_word' id='word_1_151' title='bbox 3182 732 3460 803; x_wconf 85' lang='grc' dir='ltr'>ὁμολογία,</span> <span class='ocrx_word' id='word_1_152' title='bbox 3505 733 3570 804; x_wconf 75' lang='grc' dir='ltr'><strong>ὴν</strong></span> <span class='ocrx_word' id='word_1_153' title='bbox 3601 731 3651 786; x_wconf 78' lang='grc' dir='ltr'>οὶ</span> 
     </span>
    </p>
   </div>
   <div class='ocr_carea' id='block_1_23' title="bbox 2081 819 3651 894">
    <p class='ocr_par' dir='ltr' id='par_1_23' title="bbox 2081 819 3651 894">
     <span class='ocr_line' id='line_1_23' title="bbox 2081 819 3651 894; baseline 0.003 -22"><span class='ocrx_word' id='word_1_154' title='bbox 2081 819 2364 872; x_wconf 84' lang='grc' dir='ltr'><strong>ἀπόστολοι</strong></span> <span class='ocrx_word' id='word_1_155' title='bbox 2413 821 2755 892; x_wconf 76' lang='grc' dir='ltr'>παρέδωκαν,</span> <span class='ocrx_word' id='word_1_156' title='bbox 2784 822 2878 876; x_wconf 71' lang='grc' dir='ltr'>καὶ</span> <span class='ocrx_word' id='word_1_157' title='bbox 2919 823 2976 877; x_wconf 77' lang='grc' dir='ltr'>αἱ</span> <span class='ocrx_word' id='word_1_158' title='bbox 3028 823 3181 890; x_wconf 69' lang='grc' dir='ltr'>ἅγιαι</span> <span class='ocrx_word' id='word_1_159' title='bbox 3244 827 3390 894; x_wconf 81' lang='grc' dir='ltr'><strong>τρεῖς</strong></span> <span class='ocrx_word' id='word_1_160' title='bbox 3447 823 3651 877; x_wconf 79' lang='grc' dir='ltr'><strong>σύνοδοι</strong></span> 
     </span>
    </p>
   </div>
   <div class='ocr_carea' id='block_1_24' title="bbox 2082 910 3652 984">
    <p class='ocr_par' dir='ltr' id='par_1_24' title="bbox 2082 910 3652 984">
     <span class='ocr_line' id='line_1_24' title="bbox 2082 910 3652 984; baseline 0.003 -22"><span class='ocrx_word' id='word_1_161' title='bbox 2082 910 2469 982; x_wconf 82' lang='grc' dir='ltr'>κατώρθωσαν,</span> <span class='ocrx_word' id='word_1_162' title='bbox 2522 916 2568 965; x_wconf 80' lang='grc' dir='ltr'>εἰ</span> <span class='ocrx_word' id='word_1_163' title='bbox 2600 914 2692 966; x_wconf 85' lang='grc' dir='ltr'><strong>καί</strong></span> <span class='ocrx_word' id='word_1_164' title='bbox 2716 930 2860 976; x_wconf 83' lang='grc' dir='ltr'>τινες</span> <span class='ocrx_word' id='word_1_165' title='bbox 2905 914 2969 967; x_wconf 81' lang='grc' dir='ltr'>ὲκ</span> <span class='ocrx_word' id='word_1_166' title='bbox 2995 914 3198 984; x_wconf 78' lang='grc' dir='ltr'><strong>ταύτης</strong></span> <span class='ocrx_word' id='word_1_167' title='bbox 3227 916 3326 983; x_wconf 76' lang='grc' dir='ltr'><strong>τῆς</strong></span> <span class='ocrx_word' id='word_1_168' title='bbox 3362 915 3526 984; x_wconf 82' lang='grc' dir='ltr'><strong>ὀρθῆς</strong></span> <span class='ocrx_word' id='word_1_169' title='bbox 3557 916 3652 968; x_wconf 82' lang='grc' dir='ltr'>πί·-</span> 
     </span>
    </p>
   </div>
   <div class='ocr_carea' id='block_1_25' title="bbox 2045 1004 3646 1076">
    <p class='ocr_par' dir='ltr' id='par_1_25' title="bbox 2045 1004 3646 1076">
     <span class='ocr_line' id='line_1_25' title="bbox 2045 1004 3646 1076; baseline 0.002 -22"><span class='ocrx_word' id='word_1_170' title='bbox 2045 1019 2251 1065; x_wconf 67' lang='grc' dir='ltr'><strong>Δστεως</strong></span> <span class='ocrx_word' id='word_1_171' title='bbox 2305 1004 2787 1075; x_wconf 82' lang='grc' dir='ltr'>ἀπεδυσπέτησαν;</span> <span class='ocrx_word' id='word_1_172' title='bbox 2822 1005 3038 1068; x_wconf 78' lang='grc' dir='ltr'><strong>Πάντως</strong></span> <span class='ocrx_word' id='word_1_173' title='bbox 3085 1008 3225 1076; x_wconf 77' lang='grc' dir='ltr'>ἐρεῖς</span> <span class='ocrx_word' id='word_1_174' title='bbox 3270 1007 3370 1072; x_wconf 81' lang='grc' dir='ltr'>τὴν</span> <span class='ocrx_word' id='word_1_175' title='bbox 3391 1005 3646 1069; x_wconf 80' lang='grc' dir='ltr'>σεαυτοῦ,</span> 
     </span>
    </p>
   </div>
   <div class='ocr_carea' id='block_1_26' title="bbox 2078 1081 3648 1167">
    <p class='ocr_par' dir='ltr' id='par_1_26' title="bbox 2078 1081 3648 1167">
     <span class='ocr_line' id='line_1_26' title="bbox 2078 1081 3648 1167; baseline 0.001 -22"><span class='ocrx_word' id='word_1_176' title='bbox 2078 1094 2199 1164; x_wconf 69' lang='grc' dir='ltr'>ητις</span> <span class='ocrx_word' id='word_1_177' title='bbox 2231 1095 2359 1162; x_wconf 78' lang='grc' dir='ltr'>μιᾶς</span> <span class='ocrx_word' id='word_1_178' title='bbox 2390 1093 2602 1162; x_wconf 82' lang='grc' dir='ltr'>φύσεως</span> <span class='ocrx_word' id='word_1_179' title='bbox 2624 1096 2713 1148; x_wconf 71' lang='grc' dir='ltr'><strong>τὸν</strong></span> <span class='ocrx_word' id='word_1_180' title='bbox 2739 1095 2834 1147; x_wconf 73' lang='grc' dir='ltr'>ἕνα</span> <span class='ocrx_word' id='word_1_181' title='bbox 2856 1096 3086 1167; x_wconf 78' lang='grc' dir='ltr'>Χριστὸν</span> <span class='ocrx_word' id='word_1_182' title='bbox 3119 1095 3210 1147; x_wconf 77' lang='grc' dir='ltr'><strong>καὶ</strong></span> <span class='ocrx_word' id='word_1_183' title='bbox 3245 1094 3378 1147; x_wconf 82' lang='grc' dir='ltr'>Θεὸν</span> <span class='ocrx_word' id='word_1_184' title='bbox 3407 1095 3562 1165; x_wconf 75' lang='grc' dir='ltr'>ἡμῶν</span> <span class='ocrx_word' id='word_1_185' title='bbox 3585 1081 3648 1147; x_wconf 73' lang='grc' dir='ltr'>ἐκ</span> 
     </span>
    </p>
   </div>
   <div class='ocr_carea' id='block_1_27' title="bbox 2078 1182 3650 1254">
    <p class='ocr_par' dir='ltr' id='par_1_27' title="bbox 2078 1182 3650 1254">
     <span class='ocr_line' id='line_1_27' title="bbox 2078 1182 3650 1254; baseline 0.001 -20"><span class='ocrx_word' id='word_1_186' title='bbox 2078 1182 2351 1251; x_wconf 80' lang='grc' dir='ltr'>διαφόρων</span> <span class='ocrx_word' id='word_1_187' title='bbox 2400 1183 2612 1250; x_wconf 80' lang='grc' dir='ltr'><strong>φύσεων</strong></span> <span class='ocrx_word' id='word_1_188' title='bbox 2677 1183 2812 1252; x_wconf 76' lang='grc' dir='ltr'>μετὰ</span> <span class='ocrx_word' id='word_1_189' title='bbox 2847 1184 2944 1254; x_wconf 77' lang='grc' dir='ltr'>τὴν</span> <span class='ocrx_word' id='word_1_190' title='bbox 2984 1183 3182 1237; x_wconf 72' lang='grc' dir='ltr'>ἕνωσιν</span> <span class='ocrx_word' id='word_1_191' title='bbox 3215 1183 3650 1237; x_wconf 80' lang='grc' dir='ltr'>ἁποτελεσθέντα</span> 
     </span>
    </p>
   </div>
   <div class='ocr_carea' id='block_1_28' title="bbox 2078 1273 3648 1345">
    <p class='ocr_par' dir='ltr' id='par_1_28' title="bbox 2078 1273 3648 1345">
     <span class='ocr_line' id='line_1_28' title="bbox 2078 1273 3648 1345; baseline 0.002 -21"><span class='ocrx_word' id='word_1_192' title='bbox 2078 1273 2346 1341; x_wconf 81' lang='grc' dir='ltr'>ὁμολογεῖ,</span> <span class='ocrx_word' id='word_1_193' title='bbox 2375 1275 2463 1326; x_wconf 66' lang='grc' dir='ltr'><strong>καὶ</strong></span> <span class='ocrx_word' id='word_1_194' title='bbox 2493 1277 2556 1325; x_wconf 82' lang='grc' dir='ltr'>ἐκ</span> <span class='ocrx_word' id='word_1_195' title='bbox 2585 1273 2676 1326; x_wconf 90' lang='grc' dir='ltr'>δύο</span> <span class='ocrx_word' id='word_1_196' title='bbox 2703 1274 2936 1341; x_wconf 82' lang='grc' dir='ltr'><strong>φύσεων,</strong></span> <span class='ocrx_word' id='word_1_197' title='bbox 2974 1276 3068 1328; x_wconf 74' lang='grc' dir='ltr'>καὶ</span> <span class='ocrx_word' id='word_1_198' title='bbox 3093 1273 3187 1328; x_wconf 82' lang='grc' dir='ltr'>δύο</span> <span class='ocrx_word' id='word_1_199' title='bbox 3222 1274 3412 1343; x_wconf 58' lang='grc' dir='ltr'>φύσεις</span> <span class='ocrx_word' id='word_1_200' title='bbox 3457 1275 3648 1345; x_wconf 77' lang='grc' dir='ltr'>ἔχοντα</span> 
     </span>
    </p>
   </div>
   <div class='ocr_carea' id='block_1_29' title="bbox 2078 1362 3649 1437">
    <p class='ocr_par' dir='ltr' id='par_1_29' title="bbox 2078 1362 3649 1437">
     <span class='ocr_line' id='line_1_29' title="bbox 2078 1362 3649 1437; baseline 0.002 -24"><span class='ocrx_word' id='word_1_201' title='bbox 2078 1363 2135 1414; x_wconf 77' lang='grc' dir='ltr'><strong>ἐν</strong></span> <span class='ocrx_word' id='word_1_202' title='bbox 2165 1363 2263 1435; x_wconf 77' lang='grc' dir='ltr'>μιᾷ</span> <span class='ocrx_word' id='word_1_203' title='bbox 2317 1362 2613 1415; x_wconf 79' lang='grc' dir='ltr'>ὑποστάσει</span> <span class='ocrx_word' id='word_1_204' title='bbox 2663 1363 2789 1416; x_wconf 73' lang='grc' dir='ltr'>ὄντα</span> <span class='ocrx_word' id='word_1_205' title='bbox 2829 1364 3092 1434; x_wconf 80' lang='grc' dir='ltr'><strong>ἀρνεῖται.</strong></span> <span class='ocrx_word' id='word_1_206' title='bbox 3153 1364 3355 1417; x_wconf 90' lang='grc' dir='ltr'><strong>Τοῦτον</strong></span> <span class='ocrx_word' id='word_1_207' title='bbox 3394 1365 3498 1437; x_wconf 77' lang='grc' dir='ltr'><strong>γὰρ</strong></span> <span class='ocrx_word' id='word_1_208' title='bbox 3557 1365 3649 1417; x_wconf 76' lang='grc' dir='ltr'><strong>τὸν</strong></span> 
     </span>
    </p>
   </div>
   <div class='ocr_carea' id='block_1_30' title="bbox 2075 1451 3645 1526">
    <p class='ocr_par' dir='ltr' id='par_1_30' title="bbox 2075 1451 3645 1526">
     <span class='ocr_line' id='line_1_30' title="bbox 2075 1451 3645 1526; baseline 0.003 -22"><span class='ocrx_word' id='word_1_209' title='bbox 2075 1453 2278 1523; x_wconf 84' lang='grc' dir='ltr'><strong>τρόπον</strong></span> <span class='ocrx_word' id='word_1_210' title='bbox 2305 1452 2402 1522; x_wconf 85' lang='grc' dir='ltr'>τῆς</span> <span class='ocrx_word' id='word_1_211' title='bbox 2456 1453 2757 1517; x_wconf 79' lang='grc' dir='ltr'><strong>συνθέσεως</strong></span> <span class='ocrx_word' id='word_1_212' title='bbox 2802 1455 3155 1526; x_wconf 79' lang='grc' dir='ltr'>παρακατιὶον</span> <span class='ocrx_word' id='word_1_213' title='bbox 3195 1458 3250 1508; x_wconf 80' lang='grc' dir='ltr'>ὲν</span> <span class='ocrx_word' id='word_1_214' title='bbox 3273 1459 3339 1526; x_wconf 78' lang='grc' dir='ltr'><strong>τῇ</strong></span> <span class='ocrx_word' id='word_1_215' title='bbox 3373 1451 3468 1508; x_wconf 85' lang='grc' dir='ltr'><strong>τοῦ</strong></span> <span class='ocrx_word' id='word_1_216' title='bbox 3502 1457 3645 1509; x_wconf 85' lang='grc' dir='ltr'>θείου</span> 
     </span>
    </p>
   </div>
   <div class='ocr_carea' id='block_1_31' title="bbox 2077 1543 3649 1616">
    <p class='ocr_par' dir='ltr' id='par_1_31' title="bbox 2077 1543 3649 1616">
     <span class='ocr_line' id='line_1_31' title="bbox 2077 1543 3649 1616; baseline 0.002 -20"><span class='ocrx_word' id='word_1_217' title='bbox 2077 1543 2252 1610; x_wconf 83' lang='grc' dir='ltr'><strong>Λόγου</strong></span> <span class='ocrx_word' id='word_1_218' title='bbox 2284 1544 2412 1613; x_wconf 80' lang='grc' dir='ltr'>πρὸς</span> <span class='ocrx_word' id='word_1_219' title='bbox 2450 1545 2627 1614; x_wconf 74' lang='grc' dir='ltr'>σάρκα</span> <span class='ocrx_word' id='word_1_220' title='bbox 2659 1543 2849 1598; x_wconf 75' lang='grc' dir='ltr'>ἑνώσει</span> <span class='ocrx_word' id='word_1_221' title='bbox 2883 1545 3210 1616; x_wconf 82' lang='grc' dir='ltr'>γεγενῆσθαι</span> <span class='ocrx_word' id='word_1_222' title='bbox 3260 1547 3445 1615; x_wconf 78' lang='grc' dir='ltr'>σαφῶς</span> <span class='ocrx_word' id='word_1_223' title='bbox 3467 1547 3649 1612; x_wconf 85' lang='grc' dir='ltr'>διαγο-</span> 
     </span>
    </p>
   </div>
   <div class='ocr_carea' id='block_1_32' title="bbox 2081 1633 3649 1706">
    <p class='ocr_par' dir='ltr' id='par_1_32' title="bbox 2081 1633 3649 1706">
     <span class='ocr_line' id='line_1_32' title="bbox 2081 1633 3649 1706; baseline 0.003 -20"><span class='ocrx_word' id='word_1_224' title='bbox 2081 1633 2276 1704; x_wconf 87' lang='grc' dir='ltr'>ρεύεις.</span> <span class='ocrx_word' id='word_1_225' title='bbox 2305 1633 2478 1688; x_wconf 81' lang='grc' dir='ltr'>Βαϐαὶ</span> <span class='ocrx_word' id='word_1_226' title='bbox 2498 1634 2592 1688; x_wconf 91' lang='grc' dir='ltr'>τοῦ</span> <span class='ocrx_word' id='word_1_227' title='bbox 2617 1635 2922 1706; x_wconf 77' lang='grc' dir='ltr'>θαύματοςι</span> <span class='ocrx_word' id='word_1_228' title='bbox 2952 1635 3069 1699; x_wconf 84' lang='grc' dir='ltr'><strong>Πῶς</strong></span> <span class='ocrx_word' id='word_1_229' title='bbox 3096 1638 3176 1700; x_wconf 75' lang='grc' dir='ltr'>εἰς</span> <span class='ocrx_word' id='word_1_230' title='bbox 3207 1638 3332 1700; x_wconf 82' lang='grc' dir='ltr'>τοὺς</span> <span class='ocrx_word' id='word_1_231' title='bbox 3372 1638 3649 1700; x_wconf 79' lang='grc' dir='ltr'><strong>αὐτόπτας</strong></span> 
     </span>
    </p>
   </div>
   <div class='ocr_carea' id='block_1_33' title="bbox 2077 1706 3702 1801">
    <p class='ocr_par' dir='ltr' id='par_1_33' title="bbox 2077 1706 3702 1801">
     <span class='ocr_line' id='line_1_33' title="bbox 2077 1706 3702 1801; baseline 0.002 -23"><span class='ocrx_word' id='word_1_232' title='bbox 2077 1725 2167 1778; x_wconf 80' lang='grc' dir='ltr'><strong>καὶ</strong></span> <span class='ocrx_word' id='word_1_233' title='bbox 2190 1724 2367 1801; x_wconf 74' lang='grc' dir='ltr'>θείους</span> <span class='ocrx_word' id='word_1_234' title='bbox 2397 1727 2641 1796; x_wconf 83' lang='grc' dir='ltr'>κήρυκας</span> <span class='ocrx_word' id='word_1_235' title='bbox 2662 1727 2760 1798; x_wconf 76' lang='grc' dir='ltr'><strong>τῆς</strong></span> <span class='ocrx_word' id='word_1_236' title='bbox 2787 1706 3061 1797; x_wconf 72' lang='grc' dir='ltr'>ἀληθείας,</span> <span class='ocrx_word' id='word_1_237' title='bbox 3094 1727 3228 1780; x_wconf 79' lang='grc' dir='ltr'>ἀλλὰ</span> <span class='ocrx_word' id='word_1_238' title='bbox 3269 1727 3376 1797; x_wconf 82' lang='grc' dir='ltr'>μὴν</span> <span class='ocrx_word' id='word_1_239' title='bbox 3405 1727 3496 1780; x_wconf 82' lang='grc' dir='ltr'><strong>καὶ</strong></span> <span class='ocrx_word' id='word_1_240' title='bbox 3524 1727 3649 1790; x_wconf 76' lang='grc' dir='ltr'>τοὺς</span> <span class='ocrx_word' id='word_1_241' title='bbox 3697 1785 3702 1789; x_wconf 90' lang='lat'>_</span> 
     </span>
    </p>
   </div>
   <div class='ocr_carea' id='block_1_34' title="bbox 412 1817 1970 1895">
    <p class='ocr_par' dir='ltr' id='par_1_34' title="bbox 412 1820 1970 1892">
     <span class='ocr_line' id='line_1_34' title="bbox 412 1820 1970 1892; baseline -0.001 -16"><span class='ocrx_word' id='word_1_242' title='bbox 412 1826 575 1876; x_wconf 76' lang='lat' dir='ltr'><strong>ilitam</strong></span> <span class='ocrx_word' id='word_1_243' title='bbox 609 1839 750 1886; x_wconf 88' lang='lat' dir='ltr'><strong>esse,</strong></span> <span class='ocrx_word' id='word_1_244' title='bbox 789 1831 881 1878; x_wconf 89' lang='lat' dir='ltr'><strong>aut</strong></span> <span class='ocrx_word' id='word_1_245' title='bbox 909 1822 1286 1877; x_wconf 79' lang='lat' dir='ltr'><strong>conﬁrmatam</strong></span> <span class='ocrx_word' id='word_1_246' title='bbox 1319 1823 1460 1876; x_wconf 86' lang='lat' dir='ltr'><strong>dicet</strong></span> <span class='ocrx_word' id='word_1_247' title='bbox 1492 1821 1632 1892; x_wconf 88' lang='lat' dir='ltr'><strong>apud</strong></span> <span class='ocrx_word' id='word_1_248' title='bbox 1667 1820 1827 1876; x_wconf 84' lang='lat' dir='ltr'><strong>Verbi</strong></span> <span class='ocrx_word' id='word_1_249' title='bbox 1871 1823 1970 1875; x_wconf 88' lang='lat' dir='ltr'><strong>mi-</strong></span> 
     </span>
    </p>
   </div>
   <div class='ocr_carea' id='block_1_35' title="bbox 2070 1817 3647 1895">
    <p class='ocr_par' dir='ltr' id='par_1_35' title="bbox 2073 1817 3647 1888">
     <span class='ocr_line' id='line_1_35' title="bbox 2073 1817 3647 1888; baseline 0.002 -19"><span class='ocrx_word' id='word_1_250' title='bbox 2073 1817 2213 1870; x_wconf 77' lang='grc' dir='ltr'>κατὰ</span> <span class='ocrx_word' id='word_1_251' title='bbox 2244 1817 2534 1888; x_wconf 57' lang='grc' dir='ltr'>διαςόρους</span> <span class='ocrx_word' id='word_1_252' title='bbox 2591 1817 2818 1886; x_wconf 87' lang='grc' dir='ltr'>χρόνους</span> <span class='ocrx_word' id='word_1_253' title='bbox 2853 1817 3146 1881; x_wconf 79' lang='grc' dir='ltr'>συνοδικῶς</span> <span class='ocrx_word' id='word_1_254' title='bbox 3204 1819 3647 1888; x_wconf 78' lang='grc' dir='ltr'><strong>συνειλεγμένους</strong></span> 
     </span>
    </p>
   </div>
   <div class='ocr_carea' id='block_1_36' title="bbox 413 1913 1976 1983">
    <p class='ocr_par' dir='ltr' id='par_1_36' title="bbox 413 1913 1976 1983">
     <span class='ocr_line' id='line_1_36' title="bbox 413 1913 1976 1983; baseline -0.001 -16"><span class='ocrx_word' id='word_1_255' title='bbox 413 1916 634 1978; x_wconf 83' lang='lat' dir='ltr'><strong>nistros,</strong></span> <span class='ocrx_word' id='word_1_256' title='bbox 666 1925 759 1968; x_wconf 88' lang='lat' dir='ltr'><strong>aut</strong></span> <span class='ocrx_word' id='word_1_257' title='bbox 782 1914 968 1969; x_wconf 88' lang='lat' dir='ltr'><strong>Patres</strong></span> <span class='ocrx_word' id='word_1_258' title='bbox 1004 1914 1238 1977; x_wconf 85' lang='lat' dir='ltr'><strong>divinos.</strong></span> <span class='ocrx_word' id='word_1_259' title='bbox 1277 1928 1438 1983; x_wconf 89' lang='lat' dir='ltr'><strong>quam</strong></span> <span class='ocrx_word' id='word_1_260' title='bbox 1465 1923 1523 1967; x_wconf 90' lang='lat' dir='ltr'><strong>tu</strong></span> <span class='ocrx_word' id='word_1_261' title='bbox 1550 1913 1819 1982; x_wconf 80' lang='lat' dir='ltr'><strong>proﬁteris</strong></span> <span class='ocrx_word' id='word_1_262' title='bbox 1850 1928 1976 1966; x_wconf 84' lang='lat' dir='ltr'><strong>scn-</strong></span> 
     </span>
    </p>
   </div>
   <div class='ocr_carea' id='block_1_37' title="bbox 413 2005 1975 2076">
    <p class='ocr_par' dir='ltr' id='par_1_37' title="bbox 413 2005 1975 2076">
     <span class='ocr_line' id='line_1_37' title="bbox 413 2005 1975 2076; baseline 0 -18"><span class='ocrx_word' id='word_1_263' title='bbox 413 2007 653 2071; x_wconf 88' lang='lat' dir='ltr'><strong>tentiam,</strong></span> <span class='ocrx_word' id='word_1_264' title='bbox 691 2020 810 2076; x_wconf 63' lang='lat' dir='ltr'><strong>quae</strong></span> <span class='ocrx_word' id='word_1_265' title='bbox 843 2015 1067 2070; x_wconf 88' lang='lat' dir='ltr'><strong>asserat,</strong></span> <span class='ocrx_word' id='word_1_266' title='bbox 1110 2005 1385 2060; x_wconf 87' lang='lat' dir='ltr'><strong>Christum</strong></span> <span class='ocrx_word' id='word_1_267' title='bbox 1418 2005 1577 2059; x_wconf 90' lang='lat' dir='ltr'><strong>unius</strong></span> <span class='ocrx_word' id='word_1_268' title='bbox 1624 2013 1826 2058; x_wconf 71' lang='lat' dir='ltr'><strong>naturae</strong></span> <span class='ocrx_word' id='word_1_269' title='bbox 1853 2013 1975 2074; x_wconf 87' lang='lat' dir='ltr'><strong>post</strong></span> 
     </span>
    </p>
   </div>
   <div class='ocr_carea' id='block_1_38' title="bbox 413 2093 1971 2162">
    <p class='ocr_par' dir='ltr' id='par_1_38' title="bbox 413 2093 1971 2162">
     <span class='ocr_line' id='line_1_38' title="bbox 413 2093 1971 2162; baseline -0.001 -12"><span class='ocrx_word' id='word_1_270' title='bbox 413 2098 666 2151; x_wconf 87' lang='lat' dir='ltr'><strong>unionem</strong></span> <span class='ocrx_word' id='word_1_271' title='bbox 694 2113 835 2162; x_wconf 87' lang='lat' dir='ltr'><strong>esse,</strong></span> <span class='ocrx_word' id='word_1_272' title='bbox 865 2106 919 2152; x_wconf 93' lang='lat' dir='ltr'><strong>et</strong></span> <span class='ocrx_word' id='word_1_273' title='bbox 943 2111 1009 2152; x_wconf 80' lang='lat' dir='ltr'><strong>ex</strong></span> <span class='ocrx_word' id='word_1_274' title='bbox 1034 2097 1239 2152; x_wconf 82' lang='lat' dir='ltr'><strong>duabus</strong></span> <span class='ocrx_word' id='word_1_275' title='bbox 1271 2096 1527 2152; x_wconf 89' lang='lat' dir='ltr'><strong>unionem</strong></span> <span class='ocrx_word' id='word_1_276' title='bbox 1562 2093 1886 2154; x_wconf 79' lang='lat' dir='ltr'><strong>confectam.</strong></span> <span class='ocrx_word' id='word_1_277' title='bbox 1916 2095 1971 2148; x_wconf 90' lang='lat' dir='ltr'><strong>in</strong></span> 
     </span>
    </p>
   </div>
   <div class='ocr_carea' id='block_1_39' title="bbox 408 2187 1970 2256">
    <p class='ocr_par' dir='ltr' id='par_1_39' title="bbox 408 2187 1970 2256">
     <span class='ocr_line' id='line_1_39' title="bbox 408 2187 1970 2256; baseline -0.003 -12"><span class='ocrx_word' id='word_1_278' title='bbox 408 2189 617 2244; x_wconf 83' lang='lat' dir='ltr'><strong>duabus</strong></span> <span class='ocrx_word' id='word_1_279' title='bbox 652 2204 798 2254; x_wconf 88' lang='lat' dir='ltr'><strong>vero,</strong></span> <span class='ocrx_word' id='word_1_280' title='bbox 838 2197 929 2242; x_wconf 91' lang='lat' dir='ltr'><strong>aut</strong></span> <span class='ocrx_word' id='word_1_281' title='bbox 952 2189 1087 2243; x_wconf 88' lang='lat' dir='ltr'><strong>duas</strong></span> <span class='ocrx_word' id='word_1_282' title='bbox 1119 2203 1239 2244; x_wconf 89' lang='lat' dir='ltr'><strong>esse</strong></span> <span class='ocrx_word' id='word_1_283' title='bbox 1279 2197 1504 2242; x_wconf 88' lang='lat' dir='ltr'><strong>naturas</strong></span> <span class='ocrx_word' id='word_1_284' title='bbox 1546 2196 1667 2256; x_wconf 84' lang='lat' dir='ltr'><strong>post</strong></span> <span class='ocrx_word' id='word_1_285' title='bbox 1714 2187 1970 2240; x_wconf 91' lang='lat' dir='ltr'><strong>unionem</strong></span> 
     </span>
    </p>
   </div>
   <div class='ocr_carea' id='block_1_40' title="bbox 410 2275 1970 2347">
    <p class='ocr_par' dir='ltr' id='par_1_40' title="bbox 410 2275 1970 2347">
     <span class='ocr_line' id='line_1_40' title="bbox 410 2275 1970 2347; baseline -0.002 -15"><span class='ocrx_word' id='word_1_286' title='bbox 410 2275 722 2347; x_wconf 74' lang='lat' dir='ltr'><strong>inficietur?</strong></span> <span class='ocrx_word' id='word_1_287' title='bbox 751 2277 1037 2345; x_wconf 86' lang='lat' dir='ltr'><strong>Propterea</strong></span> <span class='ocrx_word' id='word_1_288' title='bbox 1072 2277 1292 2332; x_wconf 86' lang='lat' dir='ltr'><strong>accedat</strong></span> <span class='ocrx_word' id='word_1_289' title='bbox 1321 2278 1572 2347; x_wconf 86' lang='lat' dir='ltr'><strong>princeps</strong></span> <span class='ocrx_word' id='word_1_290' title='bbox 1601 2277 1970 2343; x_wconf 82' lang='lat' dir='ltr'><strong>apostolorum</strong></span> 
     </span>
    </p>
   </div>
   <div class='ocr_carea' id='block_1_41' title="bbox 410 2349 1971 2436">
    <p class='ocr_par' dir='ltr' id='par_1_41' title="bbox 410 2349 1971 2436">
     <span class='ocr_line' id='line_1_41' title="bbox 410 2349 1971 2436; baseline -0.002 -16"><span class='ocrx_word' id='word_1_291' title='bbox 410 2367 600 2420; x_wconf 78' lang='lat' dir='ltr'><strong>Petrus</strong></span> <span class='ocrx_word' id='word_1_292' title='bbox 623 2349 719 2436; x_wconf 87' lang='lat' dir='ltr'><strong>per</strong></span> <span class='ocrx_word' id='word_1_293' title='bbox 740 2381 893 2420; x_wconf 89' lang='lat' dir='ltr'><strong>suam</strong></span> <span class='ocrx_word' id='word_1_294' title='bbox 927 2367 1348 2430; x_wconf 78' lang='lat' dir='ltr'><strong>confessionem,</strong></span> <span class='ocrx_word' id='word_1_295' title='bbox 1376 2375 1426 2420; x_wconf 89' lang='lat' dir='ltr'><strong>te</strong></span> <span class='ocrx_word' id='word_1_296' title='bbox 1444 2381 1565 2436; x_wconf 57' lang='lat' dir='ltr'><strong>quae.</strong></span> <span class='ocrx_word' id='word_1_297' title='bbox 1585 2366 1766 2420; x_wconf 83' lang='lat' dir='ltr'><strong>dixisti</strong></span> <span class='ocrx_word' id='word_1_298' title='bbox 1783 2379 1971 2419; x_wconf 90' lang='lat' dir='ltr'><strong>emen-</strong></span> 
     </span>
    </p>
   </div>
   <div class='ocr_carea' id='block_1_42' title="bbox 410 2456 1970 2527">
    <p class='ocr_par' dir='ltr' id='par_1_42' title="bbox 410 2456 1970 2527">
     <span class='ocr_line' id='line_1_42' title="bbox 410 2456 1970 2527; baseline -0.002 -14"><span class='ocrx_word' id='word_1_299' title='bbox 410 2459 566 2513; x_wconf 88' lang='lat' dir='ltr'><strong>titum</strong></span> <span class='ocrx_word' id='word_1_300' title='bbox 593 2473 711 2512; x_wconf 91' lang='lat' dir='ltr'><strong>esse</strong></span> <span class='ocrx_word' id='word_1_301' title='bbox 737 2458 1024 2512; x_wconf 80' lang='lat' dir='ltr'><strong>manifesto</strong></span> <span class='ocrx_word' id='word_1_302' title='bbox 1045 2459 1299 2513; x_wconf 83' lang='lat' dir='ltr'><strong>evincens</strong></span> <span class='ocrx_word' id='word_1_303' title='bbox 1315 2468 1387 2523; x_wconf 86' lang='lat' dir='ltr'><strong>et,</strong></span> <span class='ocrx_word' id='word_1_304' title='bbox 1415 2473 1510 2527; x_wconf 90' lang='lat' dir='ltr'><strong>per</strong></span> <span class='ocrx_word' id='word_1_305' title='bbox 1531 2473 1652 2511; x_wconf 90' lang='lat' dir='ltr'><strong>eum</strong></span> <span class='ocrx_word' id='word_1_306' title='bbox 1684 2456 1970 2511; x_wconf 87' lang='lat' dir='ltr'><strong>universus</strong></span> 
     </span>
    </p>
   </div>
   <div class='ocr_carea' id='block_1_43' title="bbox 409 2546 1968 2618">
    <p class='ocr_par' dir='ltr' id='par_1_43' title="bbox 409 2546 1968 2618">
     <span class='ocr_line' id='line_1_43' title="bbox 409 2546 1968 2618; baseline -0.002 -16"><span class='ocrx_word' id='word_1_307' title='bbox 409 2550 779 2618; x_wconf 87' lang='lat' dir='ltr'><strong>apostolorum</strong></span> <span class='ocrx_word' id='word_1_308' title='bbox 826 2557 1023 2603; x_wconf 86' lang='lat' dir='ltr'><strong>coetus.</strong></span> <span class='ocrx_word' id='word_1_309' title='bbox 1074 2547 1282 2602; x_wconf 85' lang='lat' dir='ltr'><strong>Etenim</strong></span> <span class='ocrx_word' id='word_1_310' title='bbox 1311 2549 1559 2602; x_wconf 83' lang='lat' dir='ltr'><strong>Christus</strong></span> <span class='ocrx_word' id='word_1_311' title='bbox 1606 2546 1866 2604; x_wconf 86' lang='lat' dir='ltr'><strong>Do:ninus</strong></span> <span class='ocrx_word' id='word_1_312' title='bbox 1913 2555 1968 2599; x_wconf 90' lang='lat' dir='ltr'><strong>et</strong></span> 
     </span>
    </p>
   </div>
   <div class='ocr_carea' id='block_1_44' title="bbox 410 2635 1968 2710">
    <p class='ocr_par' dir='ltr' id='par_1_44' title="bbox 410 2635 1968 2710">
     <span class='ocr_line' id='line_1_44' title="bbox 410 2635 1968 2710; baseline -0.004 -15"><span class='ocrx_word' id='word_1_313' title='bbox 410 2641 551 2696; x_wconf 84' lang='lat' dir='ltr'><strong>Deus</strong></span> <span class='ocrx_word' id='word_1_314' title='bbox 579 2650 758 2694; x_wconf 79' lang='lat' dir='ltr'><strong>noster</strong></span> <span class='ocrx_word' id='word_1_315' title='bbox 785 2642 922 2694; x_wconf 81' lang='lat' dir='ltr'><strong>dixit</strong></span> <span class='ocrx_word' id='word_1_316' title='bbox 960 2641 1330 2710; x_wconf 86' lang='lat' dir='ltr'><strong>apostolorum</strong></span> <span class='ocrx_word' id='word_1_317' title='bbox 1367 2639 1599 2709; x_wconf 90' lang='lat' dir='ltr'><strong>principi</strong></span> <span class='ocrx_word' id='word_1_318' title='bbox 1650 2637 1807 2692; x_wconf 83' lang='lat' dir='ltr'><strong>Petro</strong></span> <span class='ocrx_word' id='word_1_319' title='bbox 1838 2654 1854 2690; x_wconf 89' lang='lat'><strong><em>:</em></strong></span> <span class='ocrx_word' id='word_1_320' title='bbox 1890 2635 1968 2689; x_wconf 86' lang='lat' dir='ltr'><strong>Tu</strong></span> 
     </span>
    </p>
   </div>
   <div class='ocr_carea' id='block_1_45' title="bbox 407 2731 1967 2802">
    <p class='ocr_par' dir='ltr' id='par_1_45' title="bbox 407 2731 1967 2802">
     <span class='ocr_line' id='line_1_45' title="bbox 407 2731 1967 2802; baseline -0.004 -14"><span class='ocrx_word' id='word_1_321' title='bbox 407 2752 460 2788; x_wconf 74' lang='lat' dir='ltr'><strong>ea</strong></span> <span class='ocrx_word' id='word_1_322' title='bbox 495 2734 701 2798; x_wconf 79' lang='lat' dir='ltr'><strong>Petrus,</strong></span> <span class='ocrx_word' id='word_1_323' title='bbox 734 2745 780 2788; x_wconf 73' lang='lat' dir='ltr'><strong>et</strong></span> <span class='ocrx_word' id='word_1_324' title='bbox 808 2735 1120 2802; x_wconf 65' lang='lat' dir='ltr'><strong>super/tunc</strong></span> <span class='ocrx_word' id='word_1_325' title='bbox 1147 2743 1349 2802; x_wconf 82' lang='lat' dir='ltr'><strong>petram</strong></span> <span class='ocrx_word' id='word_1_326' title='bbox 1376 2733 1648 2800; x_wconf 74' lang='lat' dir='ltr'><strong>wdiﬁcabo</strong></span> <span class='ocrx_word' id='word_1_327' title='bbox 1676 2731 1967 2785; x_wconf 73' lang='lat' dir='ltr'><strong>Ecclesium</strong></span> 
     </span>
    </p>
   </div>
   <div class='ocr_carea' id='block_1_46' title="bbox 409 2822 1966 2893">
    <p class='ocr_par' dir='ltr' id='par_1_46' title="bbox 409 2822 1966 2893">
     <span class='ocr_line' id='line_1_46' title="bbox 409 2822 1966 2893; baseline -0.004 -16"><span class='ocrx_word' id='word_1_328' title='bbox 409 2843 596 2890; x_wconf 82' lang='lat' dir='ltr'><strong>meam,</strong></span> <span class='ocrx_word' id='word_1_329' title='bbox 649 2836 697 2878; x_wconf 85' lang='lat' dir='ltr'><strong>et</strong></span> <span class='ocrx_word' id='word_1_330' title='bbox 735 2836 897 2893; x_wconf 74' lang='lat' dir='ltr'><strong>porta:</strong></span> <span class='ocrx_word' id='word_1_331' title='bbox 950 2824 1104 2892; x_wconf 77' lang='lat' dir='ltr'><strong>inferi</strong></span> <span class='ocrx_word' id='word_1_332' title='bbox 1165 2839 1264 2876; x_wconf 83' lang='lat' dir='ltr'><strong>non</strong></span> <span class='ocrx_word' id='word_1_333' title='bbox 1314 2822 1665 2891; x_wconf 77' lang='lat' dir='ltr'><strong>prwvalebunt</strong></span> <span class='ocrx_word' id='word_1_334' title='bbox 1719 2823 1966 2874; x_wconf 77' lang='lat' dir='ltr'><strong>adversus</strong></span> 
     </span>
    </p>
   </div>
   <div class='ocr_carea' id='block_1_47' title="bbox 408 2909 1968 2984">
    <p class='ocr_par' dir='ltr' id='par_1_47' title="bbox 408 2909 1968 2984">
     <span class='ocr_line' id='line_1_47' title="bbox 408 2909 1968 2984; baseline -0.005 -13"><span class='ocrx_word' id='word_1_335' title='bbox 408 2933 521 2971; x_wconf 75' lang='lat' dir='ltr'><strong>eam</strong></span> <span class='ocrx_word' id='word_1_336' title='bbox 556 2918 593 2968; x_wconf 78' lang='grc'><strong>⁸.</strong></span> <span class='ocrx_word' id='word_1_337' title='bbox 626 2915 745 2970; x_wconf 62' lang='lat' dir='ltr'><strong>llaec</strong></span> <span class='ocrx_word' id='word_1_338' title='bbox 775 2931 935 2984; x_wconf 91' lang='lat' dir='ltr'><strong>porro</strong></span> <span class='ocrx_word' id='word_1_339' title='bbox 968 2914 1226 2968; x_wconf 90' lang='lat' dir='ltr'><strong>Dominus</strong></span> <span class='ocrx_word' id='word_1_340' title='bbox 1258 2913 1415 2968; x_wconf 88' lang='lat' dir='ltr'><strong>Petro</strong></span> <span class='ocrx_word' id='word_1_341' title='bbox 1444 2913 1671 2977; x_wconf 81' lang='lat' dir='ltr'><strong>dixerat,</strong></span> <span class='ocrx_word' id='word_1_342' title='bbox 1703 2926 1825 2965; x_wconf 92' lang='lat' dir='ltr'><strong>cum</strong></span> <span class='ocrx_word' id='word_1_343' title='bbox 1859 2909 1968 2964; x_wconf 82' lang='lat' dir='ltr'><strong>Do-</strong></span> 
     </span>
    </p>
   </div>
   <div class='ocr_carea' id='block_1_48' title="bbox 411 3003 1968 3074">
    <p class='ocr_par' dir='ltr' id='par_1_48' title="bbox 411 3003 1968 3074">
     <span class='ocr_line' id='line_1_48' title="bbox 411 3003 1968 3074; baseline -0.001 -16"><span class='ocrx_word' id='word_1_344' title='bbox 411 3009 557 3059; x_wconf 89' lang='lat' dir='ltr'><strong>mino</strong></span> <span class='ocrx_word' id='word_1_345' title='bbox 627 3007 976 3074; x_wconf 86' lang='lat' dir='ltr'><strong>semetipsum</strong></span> <span class='ocrx_word' id='word_1_346' title='bbox 1043 3005 1314 3060; x_wconf 88' lang='lat' dir='ltr'><strong>hominem</strong></span> <span class='ocrx_word' id='word_1_347' title='bbox 1378 3003 1714 3072; x_wconf 89' lang='lat' dir='ltr'><strong>nuncupanti</strong></span> <span class='ocrx_word' id='word_1_348' title='bbox 1771 3003 1968 3057; x_wconf 87' lang='lat' dir='ltr'><strong>Petrus</strong></span> 
     </span>
    </p>
   </div>
   <div class='ocr_carea' id='block_1_49' title="bbox 410 3090 1962 3156">
    <p class='ocr_par' dir='ltr' id='par_1_49' title="bbox 410 3090 1962 3156">
     <span class='ocr_line' id='line_1_49' title="bbox 410 3090 1962 3156; baseline -0.002 -9"><span class='ocrx_word' id='word_1_349' title='bbox 410 3097 762 3156; x_wconf 78' lang='lat' dir='ltr'><strong>enuntiasset,</strong></span> <span class='ocrx_word' id='word_1_350' title='bbox 813 3093 889 3146; x_wconf 86' lang='lat' dir='ltr'><strong>Tu</strong></span> <span class='ocrx_word' id='word_1_351' title='bbox 923 3110 974 3146; x_wconf 82' lang='lat' dir='ltr'><strong>es</strong></span> <span class='ocrx_word' id='word_1_352' title='bbox 1017 3093 1254 3146; x_wconf 81' lang='lat' dir='ltr'><strong>Christus</strong></span> <span class='ocrx_word' id='word_1_353' title='bbox 1294 3091 1466 3145; x_wconf 78' lang='lat' dir='ltr'><strong>Filius</strong></span> <span class='ocrx_word' id='word_1_354' title='bbox 1496 3090 1594 3143; x_wconf 81' lang='lat' dir='ltr'><strong>Dei</strong></span> <span class='ocrx_word' id='word_1_355' title='bbox 1623 3093 1720 3145; x_wconf 51' lang='lat' dir='ltr'><strong>vitii</strong></span> <span class='ocrx_word' id='word_1_356' title='bbox 1750 3092 1791 3143; x_wconf 80' lang='lat'><strong>‘.</strong></span> <span class='ocrx_word' id='word_1_357' title='bbox 1825 3091 1962 3145; x_wconf 85' lang='lat' dir='ltr'><strong>&#39;l&#39;um</strong></span> 
     </span>
    </p>
   </div>
   <div class='ocr_carea' id='block_1_50' title="bbox 2077 1904 3647 1985">
    <p class='ocr_par' dir='ltr' id='par_1_50' title="bbox 2077 1904 3647 1985">
     <span class='ocr_line' id='line_1_50' title="bbox 2077 1904 3647 1985; baseline 0.001 -26"><span class='ocrx_word' id='word_1_358' title='bbox 2077 1904 2262 1974; x_wconf 77' lang='grc' dir='ltr'>ἁγίους</span> <span class='ocrx_word' id='word_1_359' title='bbox 2291 1908 2383 1960; x_wconf 71' lang='grc' dir='ltr'><strong>καὶ</strong></span> <span class='ocrx_word' id='word_1_360' title='bbox 2430 1907 2720 1978; x_wconf 80' lang='grc' dir='ltr'>θεοφόρους</span> <span class='ocrx_word' id='word_1_361' title='bbox 2771 1911 2968 1985; x_wconf 76' lang='grc' dir='ltr'>ἄνδρας</span> <span class='ocrx_word' id='word_1_362' title='bbox 3014 1909 3264 1963; x_wconf 86' lang='grc' dir='ltr'>τοσοῦτον</span> <span class='ocrx_word' id='word_1_363' title='bbox 3294 1911 3532 1978; x_wconf 72' lang='grc' dir='ltr'>ἑπιχέεις</span> <span class='ocrx_word' id='word_1_364' title='bbox 3552 1910 3647 1961; x_wconf 74' lang='grc' dir='ltr'>τὸν</span> 
     </span>
    </p>
   </div>
   <div class='ocr_carea' id='block_1_51' title="bbox 2076 1997 3643 2071">
    <p class='ocr_par' dir='ltr' id='par_1_51' title="bbox 2076 1997 3643 2071">
     <span class='ocr_line' id='line_1_51' title="bbox 2076 1997 3643 2071; baseline 0.003 -23"><span class='ocrx_word' id='word_1_365' title='bbox 2076 1998 2304 2066; x_wconf 84' lang='grc' dir='ltr'>μῶμον;</span> <span class='ocrx_word' id='word_1_366' title='bbox 2336 1999 2431 2060; x_wconf 84' lang='grc' dir='ltr'>Τίς</span> <span class='ocrx_word' id='word_1_367' title='bbox 2460 2001 2569 2070; x_wconf 82' lang='grc' dir='ltr'>γὰρ</span> <span class='ocrx_word' id='word_1_368' title='bbox 2593 1999 2700 2052; x_wconf 85' lang='grc' dir='ltr'>τῶν</span> <span class='ocrx_word' id='word_1_369' title='bbox 2730 1999 2899 2067; x_wconf 81' lang='grc' dir='ltr'><strong>ὑγιῶς</strong></span> <span class='ocrx_word' id='word_1_370' title='bbox 2949 2002 3153 2071; x_wconf 84' lang='grc' dir='ltr'>κρίνειν</span> <span class='ocrx_word' id='word_1_371' title='bbox 3191 1997 3643 2070; x_wconf 45' lang='grc' dir='ltr'>είδότωνζπῳα-</span> 
     </span>
    </p>
   </div>
   <div class='ocr_carea' id='block_1_52' title="bbox 2071 2077 3644 2166">
    <p class='ocr_par' dir='ltr' id='par_1_52' title="bbox 2071 2077 3644 2166">
     <span class='ocr_line' id='line_1_52' title="bbox 2071 2077 3644 2166; baseline 0.002 -26"><span class='ocrx_word' id='word_1_372' title='bbox 2071 2077 2336 2153; x_wconf 74' lang='grc' dir='ltr'><strong>δεδόσθαι,</strong></span> <span class='ocrx_word' id='word_1_373' title='bbox 2425 2088 2770 2158; x_wconf 74' lang='grc' dir='ltr'>βεϐαιοῦσθαι</span> <span class='ocrx_word' id='word_1_374' title='bbox 2802 2091 2995 2161; x_wconf 83' lang='grc' dir='ltr'>φήσειε</span> <span class='ocrx_word' id='word_1_375' title='bbox 3025 2090 3175 2160; x_wconf 69' lang='grc' dir='ltr'>παρὰ</span> <span class='ocrx_word' id='word_1_376' title='bbox 3198 2093 3310 2154; x_wconf 78' lang='grc' dir='ltr'><strong>τοῖς</strong></span> <span class='ocrx_word' id='word_1_377' title='bbox 3341 2091 3644 2161; x_wconf 71' lang='grc' dir='ltr'><strong>ὑπηρέταις</strong></span> 
     </span>
    </p>
   </div>
   <div class='ocr_carea' id='block_1_53' title="bbox 2070 2179 3642 2262">
    <p class='ocr_par' dir='ltr' id='par_1_53' title="bbox 2070 2179 3642 2262">
     <span class='ocr_line' id='line_1_53' title="bbox 2070 2179 3642 2262; baseline 0.002 -29"><span class='ocrx_word' id='word_1_378' title='bbox 2070 2179 2166 2233; x_wconf 86' lang='grc' dir='ltr'>τοῦ</span> <span class='ocrx_word' id='word_1_379' title='bbox 2211 2179 2390 2248; x_wconf 86' lang='grc' dir='ltr'>λόγου,</span> <span class='ocrx_word' id='word_1_380' title='bbox 2427 2181 2459 2250; x_wconf 80' lang='grc' dir='ltr'>ἢ</span> <span class='ocrx_word' id='word_1_381' title='bbox 2509 2181 2621 2244; x_wconf 75' lang='grc' dir='ltr'><strong>τοῖς</strong></span> <span class='ocrx_word' id='word_1_382' title='bbox 2656 2181 2818 2245; x_wconf 80' lang='grc' dir='ltr'>θείοις</span> <span class='ocrx_word' id='word_1_383' title='bbox 2851 2182 3096 2250; x_wconf 84' lang='grc' dir='ltr'><strong>Πατράσι</strong></span> <span class='ocrx_word' id='word_1_384' title='bbox 3129 2181 3228 2252; x_wconf 79' lang='grc' dir='ltr'>τὴν</span> <span class='ocrx_word' id='word_1_385' title='bbox 3265 2182 3464 2236; x_wconf 79' lang='grc' dir='ltr'>οὑτωσὶ</span> <span class='ocrx_word' id='word_1_386' title='bbox 3495 2183 3642 2262; x_wconf 84' lang='grc' dir='ltr'>παρὰ</span> 
     </span>
    </p>
   </div>
   <div class='ocr_carea' id='block_1_54' title="bbox 2074 2271 3644 2344">
    <p class='ocr_par' dir='ltr' id='par_1_54' title="bbox 2074 2271 3644 2344">
     <span class='ocr_line' id='line_1_54' title="bbox 2074 2271 3644 2344; baseline 0.002 -21"><span class='ocrx_word' id='word_1_387' title='bbox 2074 2271 2170 2323; x_wconf 90' lang='grc' dir='ltr'><strong>σοῦ</strong></span> <span class='ocrx_word' id='word_1_388' title='bbox 2197 2272 2640 2344; x_wconf 71' lang='grc' dir='ltr'>πρεσϐευομένην</span> <span class='ocrx_word' id='word_1_389' title='bbox 2656 2271 2833 2340; x_wconf 80' lang='grc' dir='ltr'>δόξαν,</span> <span class='ocrx_word' id='word_1_390' title='bbox 2851 2275 2949 2343; x_wconf 78' lang='grc' dir='ltr'>τὴν</span> <span class='ocrx_word' id='word_1_391' title='bbox 2967 2275 3276 2342; x_wconf 82' lang='grc' dir='ltr'><strong>φάσκουσαν</strong></span> <span class='ocrx_word' id='word_1_392' title='bbox 3301 2273 3390 2327; x_wconf 75' lang='grc' dir='ltr'>τὸν</span> <span class='ocrx_word' id='word_1_393' title='bbox 3411 2274 3644 2344; x_wconf 73' lang='grc' dir='ltr'>Χριστὸν</span> 
     </span>
    </p>
   </div>
   <div class='ocr_carea' id='block_1_55' title="bbox 2073 2360 3643 2434">
    <p class='ocr_par' dir='ltr' id='par_1_55' title="bbox 2073 2360 3643 2434">
     <span class='ocr_line' id='line_1_55' title="bbox 2073 2360 3643 2434; baseline 0.003 -20"><span class='ocrx_word' id='word_1_394' title='bbox 2073 2364 2204 2432; x_wconf 78' lang='grc' dir='ltr'><strong>μιᾶς</strong></span> <span class='ocrx_word' id='word_1_395' title='bbox 2232 2362 2444 2431; x_wconf 87' lang='grc' dir='ltr'>φύσεως</span> <span class='ocrx_word' id='word_1_396' title='bbox 2470 2362 2608 2432; x_wconf 78' lang='grc' dir='ltr'>μετὰ</span> <span class='ocrx_word' id='word_1_397' title='bbox 2637 2363 2735 2434; x_wconf 78' lang='grc' dir='ltr'><strong>τὴν</strong></span> <span class='ocrx_word' id='word_1_398' title='bbox 2758 2365 2952 2418; x_wconf 70' lang='grc' dir='ltr'>ἕνωσιν</span> <span class='ocrx_word' id='word_1_399' title='bbox 2981 2360 3142 2429; x_wconf 71' lang='grc' dir='ltr'>εἶναι,</span> <span class='ocrx_word' id='word_1_400' title='bbox 3185 2367 3276 2434; x_wconf 66' lang='grc' dir='ltr'><strong>καὶ</strong></span> <span class='ocrx_word' id='word_1_401' title='bbox 3325 2367 3389 2417; x_wconf 80' lang='grc' dir='ltr'>ὲκ</span> <span class='ocrx_word' id='word_1_402' title='bbox 3426 2365 3519 2419; x_wconf 82' lang='grc' dir='ltr'><strong>δύο</strong></span> <span class='ocrx_word' id='word_1_403' title='bbox 3544 2366 3643 2434; x_wconf 71' lang='grc' dir='ltr'>μὲν</span> 
     </span>
    </p>
   </div>
   <div class='ocr_carea' id='block_1_56' title="bbox 2070 2452 3643 2524">
    <p class='ocr_par' dir='ltr' id='par_1_56' title="bbox 2070 2452 3643 2524">
     <span class='ocr_line' id='line_1_56' title="bbox 2070 2452 3643 2524; baseline 0.001 -19"><span class='ocrx_word' id='word_1_404' title='bbox 2070 2453 2518 2507; x_wconf 79' lang='grc' dir='ltr'><strong>ἀποτελεσθεῖσαν</strong></span> <span class='ocrx_word' id='word_1_405' title='bbox 2544 2453 2643 2524; x_wconf 77' lang='grc' dir='ltr'>τὴν</span> <span class='ocrx_word' id='word_1_406' title='bbox 2668 2454 2883 2519; x_wconf 73' lang='grc' dir='ltr'>ῑνωσιν,</span> <span class='ocrx_word' id='word_1_407' title='bbox 2920 2456 2978 2506; x_wconf 76' lang='grc' dir='ltr'>ὲν</span> <span class='ocrx_word' id='word_1_408' title='bbox 3007 2455 3099 2508; x_wconf 82' lang='grc' dir='ltr'><strong>δύο</strong></span> <span class='ocrx_word' id='word_1_409' title='bbox 3125 2456 3201 2521; x_wconf 76' lang='grc' dir='ltr'><strong>δὲ,</strong></span> <span class='ocrx_word' id='word_1_410' title='bbox 3235 2455 3266 2524; x_wconf 82' lang='grc' dir='ltr'>ἦ</span> <span class='ocrx_word' id='word_1_411' title='bbox 3292 2455 3384 2508; x_wconf 83' lang='grc' dir='ltr'>δύο</span> <span class='ocrx_word' id='word_1_412' title='bbox 3416 2452 3553 2508; x_wconf 76' lang='grc' dir='ltr'>εἶναι</span> <span class='ocrx_word' id='word_1_413' title='bbox 3579 2456 3643 2506; x_wconf 64' lang='grc' dir='ltr'><strong>τὸ</strong></span> 
     </span>
    </p>
   </div>
   <div class='ocr_carea' id='block_1_57' title="bbox 2070 2544 3644 2624">
    <p class='ocr_par' dir='ltr' id='par_1_57' title="bbox 2070 2544 3644 2624">
     <span class='ocr_line' id='line_1_57' title="bbox 2070 2544 3644 2624; baseline 0.001 -28"><span class='ocrx_word' id='word_1_414' title='bbox 2070 2544 2229 2612; x_wconf 80' lang='grc' dir='ltr'>φύσει</span> <span class='ocrx_word' id='word_1_415' title='bbox 2249 2546 2384 2614; x_wconf 75' lang='grc' dir='ltr'>μετὰ</span> <span class='ocrx_word' id='word_1_416' title='bbox 2408 2546 2504 2615; x_wconf 85' lang='grc' dir='ltr'>τὴν</span> <span class='ocrx_word' id='word_1_417' title='bbox 2525 2545 2717 2597; x_wconf 72' lang='grc' dir='ltr'>ἕνωσιν</span> <span class='ocrx_word' id='word_1_418' title='bbox 2732 2545 3204 2616; x_wconf 76' lang='grc' dir='ltr'>ἁπαγορεύουσαν;</span> <span class='ocrx_word' id='word_1_419' title='bbox 3230 2545 3320 2598; x_wconf 82' lang='grc' dir='ltr'><strong>Διὸ</strong></span> <span class='ocrx_word' id='word_1_420' title='bbox 3335 2547 3644 2624; x_wconf 65' lang='grc' dir='ltr'>είσαχθήτω</span> 
     </span>
    </p>
   </div>
   <div class='ocr_carea' id='block_1_58' title="bbox 2067 2634 3641 2706">
    <p class='ocr_par' dir='ltr' id='par_1_58' title="bbox 2067 2634 3641 2706">
     <span class='ocr_line' id='line_1_58' title="bbox 2067 2634 3641 2706; baseline -0.003 -14"><span class='ocrx_word' id='word_1_421' title='bbox 2067 2639 2094 2691; x_wconf 75' lang='grc' dir='ltr'>ὁ</span> <span class='ocrx_word' id='word_1_422' title='bbox 2117 2637 2412 2706; x_wconf 74' lang='grc' dir='ltr'><strong>κορυφαῖος</strong></span> <span class='ocrx_word' id='word_1_423' title='bbox 2456 2636 2565 2689; x_wconf 85' lang='grc' dir='ltr'>τῶν</span> <span class='ocrx_word' id='word_1_424' title='bbox 2602 2636 2912 2691; x_wconf 78' lang='grc' dir='ltr'><strong>ἀποστόλων</strong></span> <span class='ocrx_word' id='word_1_425' title='bbox 2958 2637 3184 2706; x_wconf 80' lang='grc' dir='ltr'><strong>Πέτρος,</strong></span> <span class='ocrx_word' id='word_1_426' title='bbox 3207 2637 3295 2690; x_wconf 84' lang='grc' dir='ltr'><strong>διὰ</strong></span> <span class='ocrx_word' id='word_1_427' title='bbox 3322 2636 3420 2705; x_wconf 82' lang='grc' dir='ltr'>τῆς</span> <span class='ocrx_word' id='word_1_428' title='bbox 3449 2634 3641 2690; x_wconf 76' lang='grc' dir='ltr'>ἑαυτοῦ</span> 
     </span>
    </p>
   </div>
   <div class='ocr_carea' id='block_1_59' title="bbox 2067 2726 3642 2799">
    <p class='ocr_par' dir='ltr' id='par_1_59' title="bbox 2067 2726 3642 2799">
     <span class='ocr_line' id='line_1_59' title="bbox 2067 2726 3642 2799; baseline -0.001 -19"><span class='ocrx_word' id='word_1_429' title='bbox 2067 2727 2355 2797; x_wconf 76' lang='grc' dir='ltr'><strong>ὁμολογίας</strong></span> <span class='ocrx_word' id='word_1_430' title='bbox 2396 2727 2833 2799; x_wconf 80' lang='grc' dir='ltr'><strong>ψευδηγοροῦντά</strong></span> <span class='ocrx_word' id='word_1_431' title='bbox 2857 2745 2915 2780; x_wconf 87' lang='grc' dir='ltr'><strong>σε</strong></span> <span class='ocrx_word' id='word_1_432' title='bbox 2933 2728 3211 2790; x_wconf 85' lang='grc' dir='ltr'>δεικνύων,</span> <span class='ocrx_word' id='word_1_433' title='bbox 3235 2728 3328 2779; x_wconf 80' lang='grc' dir='ltr'>καὶ</span> <span class='ocrx_word' id='word_1_434' title='bbox 3344 2727 3411 2781; x_wconf 86' lang='grc' dir='ltr'><strong>δι’</strong></span> <span class='ocrx_word' id='word_1_435' title='bbox 3435 2726 3642 2779; x_wconf 69' lang='grc' dir='ltr'>ἑκείνου</span> 
     </span>
    </p>
   </div>
   <div class='ocr_carea' id='block_1_60' title="bbox 2067 2817 3639 2887">
    <p class='ocr_par' dir='ltr' id='par_1_60' title="bbox 2067 2817 3639 2887">
     <span class='ocr_line' id='line_1_60' title="bbox 2067 2817 3639 2887; baseline -0.001 -17"><span class='ocrx_word' id='word_1_436' title='bbox 2067 2817 2209 2880; x_wconf 71' lang='grc' dir='ltr'>ἅπας</span> <span class='ocrx_word' id='word_1_437' title='bbox 2239 2821 2267 2871; x_wconf 88' lang='grc' dir='ltr'><strong>ό</strong></span> <span class='ocrx_word' id='word_1_438' title='bbox 2288 2818 2395 2870; x_wconf 87' lang='grc' dir='ltr'>τῶν</span> <span class='ocrx_word' id='word_1_439' title='bbox 2420 2819 2732 2872; x_wconf 78' lang='grc' dir='ltr'><strong>ἀποστόλων</strong></span> <span class='ocrx_word' id='word_1_440' title='bbox 2767 2819 3042 2886; x_wconf 82' lang='grc' dir='ltr'>σύλλογος.</span> <span class='ocrx_word' id='word_1_441' title='bbox 3078 2817 3187 2870; x_wconf 80' lang='grc' dir='ltr'><strong>Καὶ</strong></span> <span class='ocrx_word' id='word_1_442' title='bbox 3211 2819 3318 2887; x_wconf 77' lang='grc' dir='ltr'><strong>γὰρ</strong></span> <span class='ocrx_word' id='word_1_443' title='bbox 3350 2817 3579 2886; x_wconf 76' lang='grc' dir='ltr'><strong>Χριστὸς</strong></span> <span class='ocrx_word' id='word_1_444' title='bbox 3608 2818 3639 2868; x_wconf 91' lang='grc' dir='ltr'><strong>ό</strong></span> 
     </span>
    </p>
   </div>
   <div class='ocr_carea' id='block_1_61' title="bbox 2027 2907 3635 2978">
    <p class='ocr_par' dir='ltr' id='par_1_61' title="bbox 2027 2907 3635 2978">
     <span class='ocr_line' id='line_1_61' title="bbox 2027 2907 3635 2978; baseline -0.002 -18"><span class='ocrx_word' id='word_1_445' title='bbox 2027 2968 2030 2970; x_wconf 17' lang='grc' dir='ltr'>γ</span> <span class='ocrx_word' id='word_1_446' title='bbox 2067 2908 2268 2977; x_wconf 82' lang='grc' dir='ltr'>Κύριος</span> <span class='ocrx_word' id='word_1_447' title='bbox 2291 2909 2381 2960; x_wconf 79' lang='grc' dir='ltr'>καὶ</span> <span class='ocrx_word' id='word_1_448' title='bbox 2415 2908 2546 2971; x_wconf 76' lang='grc' dir='ltr'>Θεὸς</span> <span class='ocrx_word' id='word_1_449' title='bbox 2576 2908 2731 2978; x_wconf 78' lang='grc' dir='ltr'>ἡμῶν</span> <span class='ocrx_word' id='word_1_450' title='bbox 2752 2907 2829 2978; x_wconf 85' lang='grc' dir='ltr'>τῷ</span> <span class='ocrx_word' id='word_1_451' title='bbox 2861 2909 2970 2962; x_wconf 82' lang='grc' dir='ltr'>τῶν</span> <span class='ocrx_word' id='word_1_452' title='bbox 2996 2909 3311 2962; x_wconf 82' lang='grc' dir='ltr'>ἀποστόλων</span> <span class='ocrx_word' id='word_1_453' title='bbox 3337 2909 3440 2976; x_wconf 74' lang='grc' dir='ltr'><strong>ἔφη</strong></span> <span class='ocrx_word' id='word_1_454' title='bbox 3475 2922 3635 2976; x_wconf 73' lang='grc' dir='ltr'>κορυο</span> 
     </span>
    </p>
   </div>
   <div class='ocr_carea' id='block_1_62' title="bbox 2068 2992 3641 3070">
    <p class='ocr_par' dir='ltr' id='par_1_62' title="bbox 2068 2992 3641 3070">
     <span class='ocr_line' id='line_1_62' title="bbox 2068 2992 3641 3070; baseline 0.001 -26"><span class='ocrx_word' id='word_1_455' title='bbox 2068 2994 2210 3063; x_wconf 85' lang='grc' dir='ltr'>φαίῳ</span> <span class='ocrx_word' id='word_1_456' title='bbox 2244 2995 2432 3063; x_wconf 85' lang='grc' dir='ltr'>Πέτρῳ</span> <span class='ocrx_word' id='word_1_457' title='bbox 2456 3011 2470 3024; x_wconf 86' lang='grc'>·</span> <span class='ocrx_word' id='word_1_458' title='bbox 2526 2995 2609 3048; x_wconf 85' lang='grc' dir='ltr'><strong>Σὺ</strong></span> <span class='ocrx_word' id='word_1_459' title='bbox 2662 2996 2720 3048; x_wconf 81' lang='grc' dir='ltr'>ετ</span> <span class='ocrx_word' id='word_1_460' title='bbox 2778 2995 3018 3070; x_wconf 70' lang='grc' dir='ltr'>Πέτρος,</span> <span class='ocrx_word' id='word_1_461' title='bbox 3080 2994 3179 3049; x_wconf 71' lang='grc' dir='ltr'>καὶ</span> <span class='ocrx_word' id='word_1_462' title='bbox 3218 2996 3314 3048; x_wconf 74' lang='grc' dir='ltr'><strong>ἐπὶ</strong></span> <span class='ocrx_word' id='word_1_463' title='bbox 3355 2996 3539 3062; x_wconf 78' lang='grc' dir='ltr'>ταύτῃ</span> <span class='ocrx_word' id='word_1_464' title='bbox 3562 2992 3641 3062; x_wconf 76' lang='grc' dir='ltr'><strong>τῇ</strong></span> 
     </span>
    </p>
   </div>
   <div class='ocr_carea' id='block_1_63' title="bbox 2067 3084 3637 3156">
    <p class='ocr_par' dir='ltr' id='par_1_63' title="bbox 2067 3084 3637 3156">
     <span class='ocr_line' id='line_1_63' title="bbox 2067 3084 3637 3156; baseline 0.001 -19"><span class='ocrx_word' id='word_1_465' title='bbox 2067 3086 2249 3152; x_wconf 75' lang='grc' dir='ltr'>πέτρᾳ</span> <span class='ocrx_word' id='word_1_466' title='bbox 2268 3085 2638 3154; x_wconf 71' lang='grc' dir='ltr'><strong>οἰκοδομήσω</strong></span> <span class='ocrx_word' id='word_1_467' title='bbox 2650 3105 2767 3156; x_wconf 84' lang='grc' dir='ltr'><strong>μου</strong></span> <span class='ocrx_word' id='word_1_468' title='bbox 2791 3088 2903 3154; x_wconf 78' lang='grc' dir='ltr'>τὴν</span> <span class='ocrx_word' id='word_1_469' title='bbox 2931 3087 3318 3153; x_wconf 67' lang='grc' dir='ltr'>Ἐκκλησίαν,</span> <span class='ocrx_word' id='word_1_470' title='bbox 3339 3084 3435 3139; x_wconf 75' lang='grc' dir='ltr'><strong>καί</strong></span> <span class='ocrx_word' id='word_1_471' title='bbox 3454 3088 3637 3138; x_wconf 73' lang='grc' dir='ltr'>πύλαι</span> 
     </span>
    </p>
   </div>
   <div class='ocr_carea' id='block_1_64' title="bbox 411 3172 1970 3252">
    <p class='ocr_par' dir='ltr' id='par_1_64' title="bbox 411 3172 1968 3237">
     <span class='ocr_line' id='line_1_64' title="bbox 411 3172 1968 3237; baseline -0.001 0"><span class='ocrx_word' id='word_1_472' title='bbox 411 3199 538 3237; x_wconf 86' lang='lat' dir='ltr'><strong>vero</strong></span> <span class='ocrx_word' id='word_1_473' title='bbox 568 3187 619 3237; x_wconf 93' lang='lat' dir='ltr'><strong>in</strong></span> <span class='ocrx_word' id='word_1_474' title='bbox 645 3184 861 3237; x_wconf 76' lang='lat' dir='ltr'><strong>Christo</strong></span> <span class='ocrx_word' id='word_1_475' title='bbox 889 3172 1121 3237; x_wconf 80' lang='lat' dir='ltr'><strong>Domino</strong></span> <span class='ocrx_word' id='word_1_476' title='bbox 1142 3191 1191 3236; x_wconf 87' lang='lat' dir='ltr'><strong>et</strong></span> <span class='ocrx_word' id='word_1_477' title='bbox 1222 3183 1329 3237; x_wconf 86' lang='lat' dir='ltr'><strong>Deo</strong></span> <span class='ocrx_word' id='word_1_478' title='bbox 1350 3190 1539 3236; x_wconf 88' lang='lat' dir='ltr'><strong>nostro</strong></span> <span class='ocrx_word' id='word_1_479' title='bbox 1561 3182 1674 3235; x_wconf 58' lang='lat' dir='ltr'><strong>haec</strong></span> <span class='ocrx_word' id='word_1_480' title='bbox 1696 3181 1802 3236; x_wconf 89' lang='lat' dir='ltr'><strong>duo</strong></span> <span class='ocrx_word' id='word_1_481' title='bbox 1825 3181 1968 3236; x_wconf 85' lang='lat' dir='ltr'><strong>dicta</strong></span> 
     </span>
    </p>
   </div>
   <div class='ocr_carea' id='block_1_65' title="bbox 2070 3172 3640 3252">
    <p class='ocr_par' dir='ltr' id='par_1_65' title="bbox 2070 3175 3640 3252">
     <span class='ocr_line' id='line_1_65' title="bbox 2070 3175 3640 3252; baseline -0.001 -22"><span class='ocrx_word' id='word_1_482' title='bbox 2070 3176 2219 3242; x_wconf 77' lang='grc' dir='ltr'><strong>ᾅδου</strong></span> <span class='ocrx_word' id='word_1_483' title='bbox 2239 3179 2310 3230; x_wconf 84' lang='grc' dir='ltr'><strong>οὐ</strong></span> <span class='ocrx_word' id='word_1_484' title='bbox 2327 3177 2811 3245; x_wconf 79' lang='grc' dir='ltr'><strong>κατισχύσουσιν</strong></span> <span class='ocrx_word' id='word_1_485' title='bbox 2835 3176 3043 3244; x_wconf 82' lang='grc' dir='ltr'>αὐτῆς.</span> <span class='ocrx_word' id='word_1_486' title='bbox 3075 3177 3273 3229; x_wconf 88' lang='grc' dir='ltr'>Τοῦτον</span> <span class='ocrx_word' id='word_1_487' title='bbox 3291 3177 3344 3252; x_wconf 60' lang='grc' dir='ltr'><strong>δὲ</strong></span> <span class='ocrx_word' id='word_1_488' title='bbox 3367 3177 3456 3229; x_wconf 79' lang='grc' dir='ltr'>τὸν</span> <span class='ocrx_word' id='word_1_489' title='bbox 3482 3175 3640 3242; x_wconf 84' lang='grc' dir='ltr'>λόγον</span> 
     </span>
    </p>
   </div>
   <div class='ocr_carea' id='block_1_66' title="bbox 409 3271 1968 3343">
    <p class='ocr_par' dir='ltr' id='par_1_66' title="bbox 409 3271 1968 3343">
     <span class='ocr_line' id='line_1_66' title="bbox 409 3271 1968 3343; baseline -0.004 -12"><span class='ocrx_word' id='word_1_490' title='bbox 409 3275 660 3343; x_wconf 84' lang='lat' dir='ltr'><strong>copulata</strong></span> <span class='ocrx_word' id='word_1_491' title='bbox 696 3283 842 3334; x_wconf 88' lang='lat' dir='ltr'><strong>sunt,</strong></span> <span class='ocrx_word' id='word_1_492' title='bbox 878 3273 1372 3342; x_wconf 76' lang='lat' dir='ltr'><strong>conﬁrmatumque</strong></span> <span class='ocrx_word' id='word_1_493' title='bbox 1398 3280 1500 3333; x_wconf 88' lang='lat' dir='ltr'><strong>est,</strong></span> <span class='ocrx_word' id='word_1_494' title='bbox 1536 3279 1590 3326; x_wconf 89' lang='lat' dir='ltr'><strong>et</strong></span> <span class='ocrx_word' id='word_1_495' title='bbox 1618 3271 1787 3325; x_wconf 86' lang='lat' dir='ltr'><strong>Deum</strong></span> <span class='ocrx_word' id='word_1_496' title='bbox 1828 3285 1968 3336; x_wconf 85' lang='lat' dir='ltr'><strong>esse,</strong></span> 
     </span>
    </p>
   </div>
   <div class='ocr_carea' id='block_1_67' title="bbox 409 3360 1970 3431">
    <p class='ocr_par' dir='ltr' id='par_1_67' title="bbox 409 3360 1970 3431">
     <span class='ocr_line' id='line_1_67' title="bbox 409 3360 1970 3431; baseline -0.004 -11"><span class='ocrx_word' id='word_1_497' title='bbox 409 3374 464 3420; x_wconf 88' lang='lat' dir='ltr'><strong>et</strong></span> <span class='ocrx_word' id='word_1_498' title='bbox 495 3364 789 3418; x_wconf 90' lang='lat' dir='ltr'><strong>hominem.</strong></span> <span class='ocrx_word' id='word_1_499' title='bbox 821 3363 875 3417; x_wconf 86' lang='lat' dir='ltr'><strong>Si</strong></span> <span class='ocrx_word' id='word_1_500' title='bbox 907 3363 1088 3431; x_wconf 88' lang='lat' dir='ltr'><strong>itaque</strong></span> <span class='ocrx_word' id='word_1_501' title='bbox 1122 3362 1294 3416; x_wconf 67' lang='lat' dir='ltr'><strong>ambat</strong></span> <span class='ocrx_word' id='word_1_502' title='bbox 1324 3363 1404 3415; x_wconf 72' lang='lat' dir='ltr'><strong>hat</strong></span> <span class='ocrx_word' id='word_1_503' title='bbox 1441 3360 1658 3415; x_wconf 83' lang='lat' dir='ltr'><strong>deitatis</strong></span> <span class='ocrx_word' id='word_1_504' title='bbox 1698 3370 1752 3414; x_wconf 92' lang='lat' dir='ltr'><strong>et</strong></span> <span class='ocrx_word' id='word_1_505' title='bbox 1779 3361 1970 3414; x_wconf 86' lang='lat' dir='ltr'><strong>huma-</strong></span> 
     </span>
    </p>
   </div>
   <div class='ocr_carea' id='block_1_68' title="bbox 412 3448 1970 3516">
    <p class='ocr_par' dir='ltr' id='par_1_68' title="bbox 412 3448 1970 3516">
     <span class='ocr_line' id='line_1_68' title="bbox 412 3448 1970 3516; baseline -0.001 -9"><span class='ocrx_word' id='word_1_506' title='bbox 412 3453 598 3508; x_wconf 86' lang='lat' dir='ltr'><strong>nitatis</strong></span> <span class='ocrx_word' id='word_1_507' title='bbox 655 3453 918 3516; x_wconf 82' lang='lat' dir='ltr'><strong>rationes,</strong></span> <span class='ocrx_word' id='word_1_508' title='bbox 968 3466 1088 3505; x_wconf 88' lang='lat' dir='ltr'><strong>cum</strong></span> <span class='ocrx_word' id='word_1_509' title='bbox 1146 3449 1397 3506; x_wconf 82' lang='lat' dir='ltr'><strong>Christus</strong></span> <span class='ocrx_word' id='word_1_510' title='bbox 1439 3449 1702 3505; x_wconf 89' lang='lat' dir='ltr'><strong>Dominus</strong></span> <span class='ocrx_word' id='word_1_511' title='bbox 1733 3459 1786 3505; x_wconf 88' lang='lat' dir='ltr'><strong>et</strong></span> <span class='ocrx_word' id='word_1_512' title='bbox 1830 3448 1970 3505; x_wconf 89' lang='lat' dir='ltr'><strong>Deus</strong></span> 
     </span>
    </p>
   </div>
   <div class='ocr_carea' id='block_1_69' title="bbox 411 3537 1971 3609">
    <p class='ocr_par' dir='ltr' id='par_1_69' title="bbox 411 3537 1971 3609">
     <span class='ocr_line' id='line_1_69' title="bbox 411 3537 1971 3609; baseline -0.003 -12"><span class='ocrx_word' id='word_1_513' title='bbox 411 3551 598 3596; x_wconf 89' lang='lat' dir='ltr'><strong>noster</strong></span> <span class='ocrx_word' id='word_1_514' title='bbox 631 3555 774 3594; x_wconf 87' lang='lat' dir='ltr'><strong>unus</strong></span> <span class='ocrx_word' id='word_1_515' title='bbox 805 3541 1050 3604; x_wconf 81' lang='lat' dir='ltr'><strong>exsistat,</strong></span> <span class='ocrx_word' id='word_1_516' title='bbox 1086 3554 1207 3608; x_wconf 82' lang='lat' dir='ltr'><strong>pOSt</strong></span> <span class='ocrx_word' id='word_1_517' title='bbox 1235 3539 1406 3609; x_wconf 89' lang='lat' dir='ltr'><strong>ipsius</strong></span> <span class='ocrx_word' id='word_1_518' title='bbox 1437 3538 1692 3592; x_wconf 91' lang='lat' dir='ltr'><strong>unionem</strong></span> <span class='ocrx_word' id='word_1_519' title='bbox 1721 3537 1788 3593; x_wconf 89' lang='lat' dir='ltr'><strong>de</strong></span> <span class='ocrx_word' id='word_1_520' title='bbox 1806 3552 1870 3592; x_wconf 90' lang='lat' dir='ltr'><strong>eo</strong></span> <span class='ocrx_word' id='word_1_521' title='bbox 1885 3538 1971 3592; x_wconf 82' lang='lat' dir='ltr'><strong>di-</strong></span> 
     </span>
    </p>
   </div>
   <div class='ocr_carea' id='block_1_70' title="bbox 410 3628 1972 3699">
    <p class='ocr_par' dir='ltr' id='par_1_70' title="bbox 410 3628 1972 3699">
     <span class='ocr_line' id='line_1_70' title="bbox 410 3628 1972 3699; baseline -0.001 -13"><span class='ocrx_word' id='word_1_522' title='bbox 410 3642 630 3698; x_wconf 86' lang='lat' dir='ltr'><strong>cuntur,</strong></span> <span class='ocrx_word' id='word_1_523' title='bbox 663 3641 716 3686; x_wconf 88' lang='lat' dir='ltr'><strong>et</strong></span> <span class='ocrx_word' id='word_1_524' title='bbox 742 3647 882 3688; x_wconf 90' lang='lat' dir='ltr'><strong>unus</strong></span> <span class='ocrx_word' id='word_1_525' title='bbox 914 3641 968 3685; x_wconf 90' lang='lat' dir='ltr'><strong>et</strong></span> <span class='ocrx_word' id='word_1_526' title='bbox 991 3631 1128 3685; x_wconf 83' lang='lat' dir='ltr'><strong>idem</strong></span> <span class='ocrx_word' id='word_1_527' title='bbox 1152 3638 1234 3685; x_wconf 91' lang='lat' dir='ltr'><strong>est</strong></span> <span class='ocrx_word' id='word_1_528' title='bbox 1266 3630 1624 3699; x_wconf 86' lang='lat' dir='ltr'><strong>sempiternus</strong></span> <span class='ocrx_word' id='word_1_529' title='bbox 1652 3628 1820 3685; x_wconf 85' lang='lat' dir='ltr'><strong>Filius</strong></span> <span class='ocrx_word' id='word_1_530' title='bbox 1848 3638 1972 3685; x_wconf 85' lang='lat' dir='ltr'><strong>ante</strong></span> 
     </span>
    </p>
   </div>
   <div class='ocr_carea' id='block_1_71' title="bbox 411 3722 1970 3793">
    <p class='ocr_par' dir='ltr' id='par_1_71' title="bbox 411 3722 1970 3793">
     <span class='ocr_line' id='line_1_71' title="bbox 411 3722 1970 3793; baseline -0.001 -13"><span class='ocrx_word' id='word_1_531' title='bbox 411 3726 594 3780; x_wconf 89' lang='lat' dir='ltr'><strong>omnia</strong></span> <span class='ocrx_word' id='word_1_532' title='bbox 624 3725 819 3779; x_wconf 69' lang='lat' dir='ltr'><strong>mula</strong></span> <span class='ocrx_word' id='word_1_533' title='bbox 868 3739 898 3777; x_wconf 88' lang='lat' dir='ltr'><strong>a</strong></span> <span class='ocrx_word' id='word_1_534' title='bbox 941 3722 1097 3776; x_wconf 80' lang='lat' dir='ltr'><strong>Patre</strong></span> <span class='ocrx_word' id='word_1_535' title='bbox 1138 3723 1252 3777; x_wconf 89' lang='lat' dir='ltr'><strong>sine</strong></span> <span class='ocrx_word' id='word_1_536' title='bbox 1294 3733 1533 3793; x_wconf 87' lang='lat' dir='ltr'><strong>tempore</strong></span> <span class='ocrx_word' id='word_1_537' title='bbox 1573 3733 1627 3777; x_wconf 90' lang='lat' dir='ltr'><strong>et</strong></span> <span class='ocrx_word' id='word_1_538' title='bbox 1673 3725 1970 3778; x_wconf 81' lang='lat' dir='ltr'><strong>mutatione</strong></span> 
     </span>
    </p>
   </div>
   <div class='ocr_carea' id='block_1_72' title="bbox 411 3811 1971 3886">
    <p class='ocr_par' dir='ltr' id='par_1_72' title="bbox 411 3811 1971 3886">
     <span class='ocr_line' id='line_1_72' title="bbox 411 3811 1971 3886; baseline -0.003 -16"><span class='ocrx_word' id='word_1_539' title='bbox 411 3826 730 3886; x_wconf 81' lang='lat' dir='ltr'><strong>prognatus,</strong></span> <span class='ocrx_word' id='word_1_540' title='bbox 755 3817 847 3884; x_wconf 86' lang='lat' dir='ltr'><strong>qui</strong></span> <span class='ocrx_word' id='word_1_541' title='bbox 890 3823 972 3870; x_wconf 88' lang='lat' dir='ltr'><strong>est</strong></span> <span class='ocrx_word' id='word_1_542' title='bbox 1019 3830 1122 3868; x_wconf 89' lang='lat' dir='ltr'><strong>una</strong></span> <span class='ocrx_word' id='word_1_543' title='bbox 1174 3813 1529 3868; x_wconf 76' lang='lat' dir='ltr'><strong>sanctissima:</strong></span> <span class='ocrx_word' id='word_1_544' title='bbox 1555 3811 1835 3868; x_wconf 84' lang='lat' dir='ltr'><strong>Trinitatis</strong></span> <span class='ocrx_word' id='word_1_545' title='bbox 1873 3812 1971 3884; x_wconf 83' lang='lat' dir='ltr'><strong>hy-</strong></span> 
     </span>
    </p>
   </div>
   <div class='ocr_carea' id='block_1_73' title="bbox 417 3893 1966 3976">
    <p class='ocr_par' dir='ltr' id='par_1_73' title="bbox 417 3893 1966 3976">
     <span class='ocr_line' id='line_1_73' title="bbox 417 3893 1966 3976; baseline -0.002 -15"><span class='ocrx_word' id='word_1_546' title='bbox 417 3907 669 3976; x_wconf 88' lang='lat' dir='ltr'><strong>postasis,</strong></span> <span class='ocrx_word' id='word_1_547' title='bbox 688 3893 830 3960; x_wconf 80' lang='lat' dir='ltr'><strong>Deus</strong></span> <span class='ocrx_word' id='word_1_548' title='bbox 851 3905 996 3958; x_wconf 85' lang='lat' dir='ltr'><strong>Patri</strong></span> <span class='ocrx_word' id='word_1_549' title='bbox 1020 3904 1315 3959; x_wconf 89' lang='lat' dir='ltr'><strong>secundum</strong></span> <span class='ocrx_word' id='word_1_550' title='bbox 1340 3904 1694 3958; x_wconf 76' lang='lat' dir='ltr'><strong>zeternitatem</strong></span> <span class='ocrx_word' id='word_1_551' title='bbox 1719 3903 1966 3972; x_wconf 67' lang='lat' dir='ltr'><strong>aequalis,</strong></span> 
     </span>
    </p>
   </div>
   <div class='ocr_carea' id='block_1_74' title="bbox 414 3995 1968 4068">
    <p class='ocr_par' dir='ltr' id='par_1_74' title="bbox 414 3995 1968 4068">
     <span class='ocr_line' id='line_1_74' title="bbox 414 3995 1968 4068; baseline -0.001 -18"><span class='ocrx_word' id='word_1_552' title='bbox 414 4007 694 4068; x_wconf 87' lang='lat' dir='ltr'><strong>paternam</strong></span> <span class='ocrx_word' id='word_1_553' title='bbox 719 3997 1007 4050; x_wconf 88' lang='lat' dir='ltr'><strong>essentiam</strong></span> <span class='ocrx_word' id='word_1_554' title='bbox 1038 4005 1090 4050; x_wconf 89' lang='lat' dir='ltr'><strong>et</strong></span> <span class='ocrx_word' id='word_1_555' title='bbox 1116 4005 1361 4049; x_wconf 89' lang='lat' dir='ltr'><strong>naturam</strong></span> <span class='ocrx_word' id='word_1_556' title='bbox 1405 3995 1459 4049; x_wconf 90' lang='lat' dir='ltr'><strong>in</strong></span> <span class='ocrx_word' id='word_1_557' title='bbox 1495 4010 1552 4049; x_wconf 80' lang='lat' dir='ltr'><strong>se</strong></span> <span class='ocrx_word' id='word_1_558' title='bbox 1581 4004 1838 4065; x_wconf 89' lang='lat' dir='ltr'><strong>perpetuo</strong></span> <span class='ocrx_word' id='word_1_559' title='bbox 1868 3995 1968 4049; x_wconf 86' lang='lat' dir='ltr'><strong>ba-</strong></span> 
     </span>
    </p>
   </div>
   <div class='ocr_carea' id='block_1_75' title="bbox 415 4085 1970 4155">
    <p class='ocr_par' dir='ltr' id='par_1_75' title="bbox 415 4085 1970 4155">
     <span class='ocr_line' id='line_1_75' title="bbox 415 4085 1970 4155; baseline -0.002 -13"><span class='ocrx_word' id='word_1_560' title='bbox 415 4088 570 4150; x_wconf 86' lang='lat' dir='ltr'><strong>bens,</strong></span> <span class='ocrx_word' id='word_1_561' title='bbox 588 4090 681 4141; x_wconf 78' lang='lat' dir='ltr'><strong>sed</strong></span> <span class='ocrx_word' id='word_1_562' title='bbox 702 4089 788 4155; x_wconf 89' lang='lat' dir='ltr'><strong>qni</strong></span> <span class='ocrx_word' id='word_1_563' title='bbox 808 4087 1063 4140; x_wconf 76' lang='lat' dir='ltr'><strong>extremis</strong></span> <span class='ocrx_word' id='word_1_564' title='bbox 1087 4086 1414 4154; x_wconf 86' lang='lat' dir='ltr'><strong>temporibus</strong></span> <span class='ocrx_word' id='word_1_565' title='bbox 1455 4101 1518 4140; x_wconf 80' lang='lat' dir='ltr'><strong>ex</strong></span> <span class='ocrx_word' id='word_1_566' title='bbox 1543 4085 1746 4154; x_wconf 92' lang='lat' dir='ltr'><strong>Spiritu</strong></span> <span class='ocrx_word' id='word_1_567' title='bbox 1779 4093 1970 4140; x_wconf 90' lang='lat' dir='ltr'><strong>sancto</strong></span> 
     </span>
    </p>
   </div>
   <div class='ocr_carea' id='block_1_76' title="bbox 413 4176 1966 4247">
    <p class='ocr_par' dir='ltr' id='par_1_76' title="bbox 413 4176 1966 4247">
     <span class='ocr_line' id='line_1_76' title="bbox 413 4176 1966 4247; baseline -0.003 -14"><span class='ocrx_word' id='word_1_568' title='bbox 413 4179 646 4233; x_wconf 80' lang='lat' dir='ltr'><strong>etMaria</strong></span> <span class='ocrx_word' id='word_1_569' title='bbox 673 4177 887 4247; x_wconf 79' lang='lat' dir='ltr'><strong>Virgine</strong></span> <span class='ocrx_word' id='word_1_570' title='bbox 907 4191 1122 4230; x_wconf 80' lang='lat' dir='ltr'><strong>carnem</strong></span> <span class='ocrx_word' id='word_1_571' title='bbox 1146 4187 1200 4230; x_wconf 92' lang='lat' dir='ltr'><strong>et</strong></span> <span class='ocrx_word' id='word_1_572' title='bbox 1242 4177 1627 4230; x_wconf 85' lang='lat' dir='ltr'><strong>humanitatem</strong></span> <span class='ocrx_word' id='word_1_573' title='bbox 1649 4176 1966 4245; x_wconf 83' lang='lat' dir='ltr'><strong>assumpsit,</strong></span> 
     </span>
    </p>
   </div>
   <div class='ocr_carea' id='block_1_77' title="bbox 416 4265 1970 4334">
    <p class='ocr_par' dir='ltr' id='par_1_77' title="bbox 416 4265 1970 4334">
     <span class='ocr_line' id='line_1_77' title="bbox 416 4265 1970 4334; baseline -0.001 -12"><span class='ocrx_word' id='word_1_574' title='bbox 416 4270 506 4322; x_wconf 91' lang='lat' dir='ltr'><strong>hic</strong></span> <span class='ocrx_word' id='word_1_575' title='bbox 535 4278 766 4322; x_wconf 68' lang='lat' dir='ltr'><strong>mternus</strong></span> <span class='ocrx_word' id='word_1_576' title='bbox 802 4266 969 4320; x_wconf 85' lang='lat' dir='ltr'><strong>Filius</strong></span> <span class='ocrx_word' id='word_1_577' title='bbox 1013 4267 1127 4321; x_wconf 91' lang='lat' dir='ltr'><strong>sine</strong></span> <span class='ocrx_word' id='word_1_578' title='bbox 1159 4267 1263 4320; x_wconf 89' lang='lat' dir='ltr'><strong>ulla</strong></span> <span class='ocrx_word' id='word_1_579' title='bbox 1297 4268 1594 4322; x_wconf 83' lang='lat' dir='ltr'><strong>mutatione</strong></span> <span class='ocrx_word' id='word_1_580' title='bbox 1623 4265 1811 4334; x_wconf 63' lang='lat' dir='ltr'><strong>Iactus</strong></span> <span class='ocrx_word' id='word_1_581' title='bbox 1851 4277 1970 4320; x_wconf 90' lang='lat' dir='ltr'><strong>tan-</strong></span> 
     </span>
    </p>
   </div>
   <div class='ocr_carea' id='block_1_78' title="bbox 415 4357 1969 4428">
    <p class='ocr_par' dir='ltr' id='par_1_78' title="bbox 415 4357 1969 4428">
     <span class='ocr_line' id='line_1_78' title="bbox 415 4357 1969 4428; baseline 0.003 -20"><span class='ocrx_word' id='word_1_582' title='bbox 415 4373 576 4428; x_wconf 84' lang='lat' dir='ltr'><strong>quam</strong></span> <span class='ocrx_word' id='word_1_583' title='bbox 607 4373 747 4411; x_wconf 88' lang='lat' dir='ltr'><strong>unus</strong></span> <span class='ocrx_word' id='word_1_584' title='bbox 781 4373 849 4411; x_wconf 79' lang='lat' dir='ltr'><strong>ex</strong></span> <span class='ocrx_word' id='word_1_585' title='bbox 882 4357 1210 4423; x_wconf 87' lang='lat' dir='ltr'><strong>hominibus,</strong></span> <span class='ocrx_word' id='word_1_586' title='bbox 1241 4373 1333 4426; x_wconf 91' lang='lat' dir='ltr'><strong>per</strong></span> <span class='ocrx_word' id='word_1_587' title='bbox 1363 4357 1542 4411; x_wconf 82' lang='lat' dir='ltr'><strong>omnia</strong></span> <span class='ocrx_word' id='word_1_588' title='bbox 1574 4371 1684 4426; x_wconf 65' lang='lat' dir='ltr'><strong>pre</strong></span> <span class='ocrx_word' id='word_1_589' title='bbox 1711 4372 1819 4411; x_wconf 89' lang='lat' dir='ltr'><strong>uno</strong></span> <span class='ocrx_word' id='word_1_590' title='bbox 1854 4371 1969 4426; x_wconf 88' lang='lat' dir='ltr'><strong>pec-</strong></span> 
     </span>
    </p>
   </div>
   <div class='ocr_carea' id='block_1_79' title="bbox 417 4449 1968 4517">
    <p class='ocr_par' dir='ltr' id='par_1_79' title="bbox 417 4449 1968 4517">
     <span class='ocr_line' id='line_1_79' title="bbox 417 4449 1968 4517; baseline -0.001 -14"><span class='ocrx_word' id='word_1_591' title='bbox 417 4460 561 4513; x_wconf 89' lang='lat' dir='ltr'><strong>cato,</strong></span> <span class='ocrx_word' id='word_1_592' title='bbox 613 4458 819 4513; x_wconf 89' lang='lat' dir='ltr'><strong>nostra,</strong></span> <span class='ocrx_word' id='word_1_593' title='bbox 862 4464 1024 4516; x_wconf 91' lang='lat' dir='ltr'><strong>quam</strong></span> <span class='ocrx_word' id='word_1_594' title='bbox 1068 4449 1181 4517; x_wconf 90' lang='lat' dir='ltr'><strong>ipse</strong></span> <span class='ocrx_word' id='word_1_595' title='bbox 1223 4464 1328 4502; x_wconf 90' lang='lat' dir='ltr'><strong>non</strong></span> <span class='ocrx_word' id='word_1_596' title='bbox 1364 4449 1616 4513; x_wconf 82' lang='lat' dir='ltr'><strong>habebat,</strong></span> <span class='ocrx_word' id='word_1_597' title='bbox 1647 4457 1836 4502; x_wconf 89' lang='lat' dir='ltr'><strong>natura</strong></span> <span class='ocrx_word' id='word_1_598' title='bbox 1876 4462 1968 4502; x_wconf 87' lang='lat' dir='ltr'><strong>ac-</strong></span> 
     </span>
    </p>
   </div>
   <div class='ocr_carea' id='block_1_80' title="bbox 2069 3265 3634 3339">
    <p class='ocr_par' dir='ltr' id='par_1_80' title="bbox 2069 3265 3634 3339">
     <span class='ocr_line' id='line_1_80' title="bbox 2069 3265 3634 3339; baseline 0 -21"><span class='ocrx_word' id='word_1_599' title='bbox 2069 3267 2096 3318; x_wconf 87' lang='grc' dir='ltr'>ό</span> <span class='ocrx_word' id='word_1_600' title='bbox 2130 3265 2332 3334; x_wconf 83' lang='grc' dir='ltr'>Κύριος</span> <span class='ocrx_word' id='word_1_601' title='bbox 2375 3266 2479 3335; x_wconf 66' lang='grc' dir='ltr'><strong>ἔφη</strong></span> <span class='ocrx_word' id='word_1_602' title='bbox 2529 3266 2608 3336; x_wconf 86' lang='grc' dir='ltr'>τῷ</span> <span class='ocrx_word' id='word_1_603' title='bbox 2663 3267 2874 3337; x_wconf 77' lang='grc' dir='ltr'>Πέτρῳ,</span> <span class='ocrx_word' id='word_1_604' title='bbox 2931 3267 3092 3336; x_wconf 74' lang='grc' dir='ltr'>ἡνίκα</span> <span class='ocrx_word' id='word_1_605' title='bbox 3124 3267 3258 3334; x_wconf 80' lang='grc' dir='ltr'>πρὸς</span> <span class='ocrx_word' id='word_1_606' title='bbox 3282 3267 3371 3320; x_wconf 76' lang='grc' dir='ltr'>τὸν</span> <span class='ocrx_word' id='word_1_607' title='bbox 3413 3267 3634 3339; x_wconf 76' lang='grc' dir='ltr'>Κύριον,</span> 
     </span>
    </p>
   </div>
   <div class='ocr_carea' id='block_1_81' title="bbox 2070 3355 3636 3429">
    <p class='ocr_par' dir='ltr' id='par_1_81' title="bbox 2070 3355 3636 3429">
     <span class='ocr_line' id='line_1_81' title="bbox 2070 3355 3636 3429; baseline 0.001 -21"><span class='ocrx_word' id='word_1_608' title='bbox 2070 3355 2258 3408; x_wconf 74' lang='grc' dir='ltr'>ἑαυτὸν</span> <span class='ocrx_word' id='word_1_609' title='bbox 2284 3355 2412 3409; x_wconf 83' lang='grc' dir='ltr'>Υίὸν</span> <span class='ocrx_word' id='word_1_610' title='bbox 2466 3355 2754 3426; x_wconf 75' lang='grc' dir='ltr'>ἀνθρώπου</span> <span class='ocrx_word' id='word_1_611' title='bbox 2806 3357 3132 3427; x_wconf 79' lang='grc' dir='ltr'>κεκληκότα,</span> <span class='ocrx_word' id='word_1_612' title='bbox 3168 3360 3374 3428; x_wconf 82' lang='grc' dir='ltr'>Πέτρος</span> <span class='ocrx_word' id='word_1_613' title='bbox 3408 3360 3594 3429; x_wconf 74' lang='grc' dir='ltr'>εἴρηκε</span> <span class='ocrx_word' id='word_1_614' title='bbox 3617 3371 3636 3387; x_wconf 84' lang='grc'>⁶</span> 
     </span>
    </p>
   </div>
   <div class='ocr_carea' id='block_1_82' title="bbox 2051 3441 3627 3515">
    <p class='ocr_par' dir='ltr' id='par_1_82' title="bbox 2051 3441 3627 3515">
     <span class='ocr_line' id='line_1_82' title="bbox 2051 3441 3627 3515; baseline 0.003 -18"><span class='ocrx_word' id='word_1_615' title='bbox 2051 3445 2154 3515; x_wconf 17' lang='grc' dir='ltr'><strong>,Σὺ</strong></span> <span class='ocrx_word' id='word_1_616' title='bbox 2183 3441 2295 3500; x_wconf 78' lang='grc' dir='ltr'><strong>εἷο</strong></span> <span class='ocrx_word' id='word_1_617' title='bbox 2339 3447 2592 3515; x_wconf 79' lang='grc' dir='ltr'><strong>Χριστὸς</strong></span> <span class='ocrx_word' id='word_1_618' title='bbox 2643 3449 2678 3502; x_wconf 85' lang='grc' dir='ltr'><strong>ό</strong></span> <span class='ocrx_word' id='word_1_619' title='bbox 2729 3448 2864 3514; x_wconf 61' lang='lat' dir='ltr'><strong>mc</strong></span> <span class='ocrx_word' id='word_1_620' title='bbox 2921 3448 3028 3502; x_wconf 80' lang='grc' dir='ltr'><strong>τοῦ</strong></span> <span class='ocrx_word' id='word_1_621' title='bbox 3069 3448 3217 3503; x_wconf 80' lang='grc' dir='ltr'><strong>Θεοῦ</strong></span> <span class='ocrx_word' id='word_1_622' title='bbox 3249 3449 3356 3503; x_wconf 80' lang='grc' dir='ltr'><strong>τοῦ</strong></span> <span class='ocrx_word' id='word_1_623' title='bbox 3394 3448 3627 3515; x_wconf 81' lang='grc' dir='ltr'><strong>ζῶντος.</strong></span> 
     </span>
    </p>
   </div>
   <div class='ocr_carea' id='block_1_83' title="bbox 2071 3537 3636 3612">
    <p class='ocr_par' dir='ltr' id='par_1_83' title="bbox 2071 3537 3636 3612">
     <span class='ocr_line' id='line_1_83' title="bbox 2071 3537 3636 3612; baseline 0.005 -25"><span class='ocrx_word' id='word_1_624' title='bbox 2071 3537 2178 3588; x_wconf 75' lang='grc' dir='ltr'><strong>Καὶ</strong></span> <span class='ocrx_word' id='word_1_625' title='bbox 2206 3538 2546 3606; x_wconf 80' lang='grc' dir='ltr'><strong>συνήχθησαν</strong></span> <span class='ocrx_word' id='word_1_626' title='bbox 2601 3540 2694 3591; x_wconf 72' lang='grc' dir='ltr'>ἐπὶ</span> <span class='ocrx_word' id='word_1_627' title='bbox 2724 3537 2959 3610; x_wconf 80' lang='grc' dir='ltr'><strong>Χριστοῦ</strong></span> <span class='ocrx_word' id='word_1_628' title='bbox 2991 3540 3083 3593; x_wconf 91' lang='grc' dir='ltr'><strong>τοῦ</strong></span> <span class='ocrx_word' id='word_1_629' title='bbox 3130 3541 3334 3612; x_wconf 78' lang='grc' dir='ltr'>Κυρίου</span> <span class='ocrx_word' id='word_1_630' title='bbox 3363 3541 3459 3594; x_wconf 82' lang='grc' dir='ltr'>καὶ</span> <span class='ocrx_word' id='word_1_631' title='bbox 3500 3540 3636 3595; x_wconf 81' lang='grc' dir='ltr'><strong>Θεοῦ</strong></span> 
     </span>
    </p>
   </div>
   <div class='ocr_carea' id='block_1_84' title="bbox 2067 3629 3634 3702">
    <p class='ocr_par' dir='ltr' id='par_1_84' title="bbox 2067 3629 3634 3702">
     <span class='ocr_line' id='line_1_84' title="bbox 2067 3629 3634 3702; baseline 0.004 -20"><span class='ocrx_word' id='word_1_632' title='bbox 2067 3629 2224 3701; x_wconf 78' lang='grc' dir='ltr'>ημῶν</span> <span class='ocrx_word' id='word_1_633' title='bbox 2273 3631 2566 3702; x_wconf 81' lang='grc' dir='ltr'>ἀμφότεροι</span> <span class='ocrx_word' id='word_1_634' title='bbox 2593 3633 2642 3685; x_wconf 79' lang='lat' dir='ltr'><strong>ot</strong></span> <span class='ocrx_word' id='word_1_635' title='bbox 2674 3632 2841 3700; x_wconf 85' lang='grc' dir='ltr'><strong>λόγοι,</strong></span> <span class='ocrx_word' id='word_1_636' title='bbox 2878 3633 2970 3687; x_wconf 74' lang='grc' dir='ltr'>καὶ</span> <span class='ocrx_word' id='word_1_637' title='bbox 3004 3633 3368 3700; x_wconf 72' lang='grc' dir='ltr'>πεπίστωται,</span> <span class='ocrx_word' id='word_1_638' title='bbox 3422 3635 3504 3688; x_wconf 82' lang='grc' dir='ltr'><strong>ὅτι</strong></span> <span class='ocrx_word' id='word_1_639' title='bbox 3539 3637 3634 3689; x_wconf 78' lang='grc' dir='ltr'>καὶ</span> 
     </span>
    </p>
   </div>
   <div class='ocr_carea' id='block_1_85' title="bbox 2067 3722 3630 3797">
    <p class='ocr_par' dir='ltr' id='par_1_85' title="bbox 2067 3722 3630 3797">
     <span class='ocr_line' id='line_1_85' title="bbox 2067 3722 3630 3797; baseline 0.004 -23"><span class='ocrx_word' id='word_1_640' title='bbox 2067 3722 2198 3785; x_wconf 71' lang='grc' dir='ltr'>Θεὸς</span> <span class='ocrx_word' id='word_1_641' title='bbox 2223 3723 2317 3775; x_wconf 78' lang='grc' dir='ltr'>καὶ</span> <span class='ocrx_word' id='word_1_642' title='bbox 2340 3722 2621 3794; x_wconf 73' lang='grc' dir='ltr'>ἄνθρωπός</span> <span class='ocrx_word' id='word_1_643' title='bbox 2654 3726 2820 3780; x_wconf 68' lang='grc' dir='ltr'>ἐστιν.</span> <span class='ocrx_word' id='word_1_644' title='bbox 2851 3725 2914 3777; x_wconf 81' lang='lat' dir='ltr'><strong>El</strong></span> <span class='ocrx_word' id='word_1_645' title='bbox 2941 3725 3034 3778; x_wconf 82' lang='grc' dir='ltr'><strong>οὖν</strong></span> <span class='ocrx_word' id='word_1_646' title='bbox 3057 3727 3356 3797; x_wconf 76' lang='grc' dir='ltr'>ἀμφότεροι</span> <span class='ocrx_word' id='word_1_647' title='bbox 3380 3729 3430 3780; x_wconf 80' lang='grc' dir='ltr'>οί</span> <span class='ocrx_word' id='word_1_648' title='bbox 3462 3727 3630 3794; x_wconf 82' lang='grc' dir='ltr'>λόγοι,</span> 
     </span>
    </p>
   </div>
   <div class='ocr_carea' id='block_1_86' title="bbox 2067 3813 3632 3887">
    <p class='ocr_par' dir='ltr' id='par_1_86' title="bbox 2067 3813 3632 3887">
     <span class='ocr_line' id='line_1_86' title="bbox 2067 3813 3632 3887; baseline 0.003 -21"><span class='ocrx_word' id='word_1_649' title='bbox 2067 3813 2167 3882; x_wconf 82' lang='grc' dir='ltr'><strong>τῆς</strong></span> <span class='ocrx_word' id='word_1_650' title='bbox 2187 3815 2460 3883; x_wconf 80' lang='grc' dir='ltr'>θεότητος,</span> <span class='ocrx_word' id='word_1_651' title='bbox 2492 3815 2657 3884; x_wconf 76' lang='grc' dir='ltr'>φημὶ,</span> <span class='ocrx_word' id='word_1_652' title='bbox 2687 3815 2780 3867; x_wconf 85' lang='grc' dir='ltr'><strong>καὶ</strong></span> <span class='ocrx_word' id='word_1_653' title='bbox 2821 3815 2921 3886; x_wconf 85' lang='grc' dir='ltr'><strong>τῆς</strong></span> <span class='ocrx_word' id='word_1_654' title='bbox 2945 3816 3360 3887; x_wconf 79' lang='grc' dir='ltr'>ἀνθρωπότητος</span> <span class='ocrx_word' id='word_1_655' title='bbox 3384 3818 3479 3871; x_wconf 88' lang='grc' dir='ltr'><strong>τοῦ</strong></span> <span class='ocrx_word' id='word_1_656' title='bbox 3512 3819 3632 3879; x_wconf 73' lang='grc' dir='ltr'>ἑνὸς</span> 
     </span>
    </p>
   </div>
   <div class='ocr_carea' id='block_1_87' title="bbox 2067 3905 3633 3979">
    <p class='ocr_par' dir='ltr' id='par_1_87' title="bbox 2067 3905 3633 3979">
     <span class='ocr_line' id='line_1_87' title="bbox 2067 3905 3633 3979; baseline 0.002 -23"><span class='ocrx_word' id='word_1_657' title='bbox 2067 3905 2218 3968; x_wconf 75' lang='grc' dir='ltr'>δντος</span> <span class='ocrx_word' id='word_1_658' title='bbox 2254 3905 2488 3976; x_wconf 82' lang='grc' dir='ltr'><strong>Χριστοῦ</strong></span> <span class='ocrx_word' id='word_1_659' title='bbox 2513 3905 2607 3959; x_wconf 74' lang='grc' dir='ltr'>καὶ</span> <span class='ocrx_word' id='word_1_660' title='bbox 2637 3905 2842 3976; x_wconf 81' lang='grc' dir='ltr'>Κυρίου</span> <span class='ocrx_word' id='word_1_661' title='bbox 2876 3907 2970 3959; x_wconf 78' lang='grc' dir='ltr'>καὶ</span> <span class='ocrx_word' id='word_1_662' title='bbox 2994 3905 3127 3959; x_wconf 86' lang='grc' dir='ltr'><strong>Θεοῦ</strong></span> <span class='ocrx_word' id='word_1_663' title='bbox 3157 3907 3332 3976; x_wconf 66' lang='grc' dir='ltr'>ἡμῶν,</span> <span class='ocrx_word' id='word_1_664' title='bbox 3373 3909 3510 3977; x_wconf 79' lang='grc' dir='ltr'>μετὰ</span> <span class='ocrx_word' id='word_1_665' title='bbox 3535 3908 3633 3979; x_wconf 72' lang='grc' dir='ltr'><strong>τὴν</strong></span> 
     </span>
    </p>
   </div>
   <div class='ocr_carea' id='block_1_88' title="bbox 2067 3992 3649 4066">
    <p class='ocr_par' dir='ltr' id='par_1_88' title="bbox 2067 3992 3649 4066">
     <span class='ocr_line' id='line_1_88' title="bbox 2067 3992 3649 4066; baseline 0.003 -20"><span class='ocrx_word' id='word_1_666' title='bbox 2067 3995 2260 4048; x_wconf 69' lang='grc' dir='ltr'>ἕνωσιν</span> <span class='ocrx_word' id='word_1_667' title='bbox 2310 3993 2472 4049; x_wconf 88' lang='grc' dir='ltr'>αὑτοῦ</span> <span class='ocrx_word' id='word_1_668' title='bbox 2512 3994 2970 4066; x_wconf 82' lang='grc' dir='ltr'>κατηγοροῦνται,</span> <span class='ocrx_word' id='word_1_669' title='bbox 3027 3997 3120 4050; x_wconf 77' lang='grc' dir='ltr'><strong>καὶ</strong></span> <span class='ocrx_word' id='word_1_670' title='bbox 3147 3992 3227 4059; x_wconf 73' lang='grc' dir='ltr'>εἷς</span> <span class='ocrx_word' id='word_1_671' title='bbox 3271 3999 3367 4050; x_wconf 77' lang='grc' dir='ltr'>καὶ</span> <span class='ocrx_word' id='word_1_672' title='bbox 3416 3999 3446 4050; x_wconf 85' lang='grc' dir='ltr'>ὀ</span> <span class='ocrx_word' id='word_1_673' title='bbox 3473 3999 3649 4062; x_wconf 87' lang='grc' dir='ltr'>αὑτός·</span> 
     </span>
    </p>
   </div>
   <div class='ocr_carea' id='block_1_89' title="bbox 2067 4085 3633 4154">
    <p class='ocr_par' dir='ltr' id='par_1_89' title="bbox 2067 4085 3633 4154">
     <span class='ocr_line' id='line_1_89' title="bbox 2067 4085 3633 4154; baseline 0.003 -17"><span class='ocrx_word' id='word_1_674' title='bbox 2067 4085 2214 4137; x_wconf 74' lang='grc' dir='ltr'>ἐστιν</span> <span class='ocrx_word' id='word_1_675' title='bbox 2267 4085 2295 4136; x_wconf 88' lang='grc' dir='ltr'><strong>ό</strong></span> <span class='ocrx_word' id='word_1_676' title='bbox 2322 4085 2488 4146; x_wconf 73' lang='grc' dir='ltr'>ἀΐδιος</span> <span class='ocrx_word' id='word_1_677' title='bbox 2521 4085 2667 4149; x_wconf 83' lang='grc' dir='ltr'>Υίὺς,</span> <span class='ocrx_word' id='word_1_678' title='bbox 2699 4085 2728 4137; x_wconf 89' lang='grc' dir='ltr'><strong>ό</strong></span> <span class='ocrx_word' id='word_1_679' title='bbox 2782 4085 2888 4154; x_wconf 76' lang='grc' dir='ltr'>πρὸ</span> <span class='ocrx_word' id='word_1_680' title='bbox 2938 4086 3153 4139; x_wconf 78' lang='grc' dir='ltr'>πάντων</span> <span class='ocrx_word' id='word_1_681' title='bbox 3176 4087 3285 4140; x_wconf 86' lang='grc' dir='ltr'>τῶν</span> <span class='ocrx_word' id='word_1_682' title='bbox 3317 4087 3530 4142; x_wconf 72' lang='grc' dir='ltr'>αἰώνων</span> <span class='ocrx_word' id='word_1_683' title='bbox 3568 4089 3633 4142; x_wconf 82' lang='grc' dir='ltr'>ἐκ</span> 
     </span>
    </p>
   </div>
   <div class='ocr_carea' id='block_1_90' title="bbox 2066 4171 3634 4250">
    <p class='ocr_par' dir='ltr' id='par_1_90' title="bbox 2066 4171 3634 4250">
     <span class='ocr_line' id='line_1_90' title="bbox 2066 4171 3634 4250; baseline 0.018 -35"><span class='ocrx_word' id='word_1_684' title='bbox 2066 4171 2162 4225; x_wconf 75' lang='grc' dir='ltr'><strong>τοῦ</strong></span> <span class='ocrx_word' id='word_1_685' title='bbox 2191 4174 2400 4242; x_wconf 69' lang='grc' dir='ltr'>Πατρδξ</span> <span class='ocrx_word' id='word_1_686' title='bbox 2445 4174 2686 4243; x_wconf 74' lang='grc' dir='ltr'>ἀχρόνως</span> <span class='ocrx_word' id='word_1_687' title='bbox 2718 4175 2811 4228; x_wconf 75' lang='grc' dir='ltr'>καὶ</span> <span class='ocrx_word' id='word_1_688' title='bbox 2856 4176 3081 4239; x_wconf 83' lang='grc' dir='ltr'>ἀπαθῶς</span> <span class='ocrx_word' id='word_1_689' title='bbox 3129 4181 3544 4250; x_wconf 64' lang='grc' dir='ltr'><strong>γεγεννημένος.</strong></span> <span class='ocrx_word' id='word_1_690' title='bbox 3573 4180 3634 4242; x_wconf 78' lang='grc' dir='ltr'>ὃς</span> 
     </span>
    </p>
   </div>
   <div class='ocr_carea' id='block_1_91' title="bbox 2068 4262 3656 4335">
    <p class='ocr_par' dir='ltr' id='par_1_91' title="bbox 2068 4262 3656 4335">
     <span class='ocr_line' id='line_1_91' title="bbox 2068 4262 3656 4335; baseline 0.005 -22"><span class='ocrx_word' id='word_1_691' title='bbox 2068 4262 2215 4313; x_wconf 66' lang='grc' dir='ltr'>ἐστιν</span> <span class='ocrx_word' id='word_1_692' title='bbox 2243 4262 2536 4324; x_wconf 86' lang='grc' dir='ltr'>ὑπόστασις</span> <span class='ocrx_word' id='word_1_693' title='bbox 2583 4263 2682 4332; x_wconf 85' lang='grc' dir='ltr'><strong>μία</strong></span> <span class='ocrx_word' id='word_1_694' title='bbox 2732 4263 2828 4332; x_wconf 85' lang='grc' dir='ltr'>τῆς</span> <span class='ocrx_word' id='word_1_695' title='bbox 2860 4265 3020 4331; x_wconf 83' lang='grc' dir='ltr'>ἁγίας</span> <span class='ocrx_word' id='word_1_696' title='bbox 3043 4265 3292 4335; x_wconf 76' lang='grc' dir='ltr'>Τριάδος,</span> <span class='ocrx_word' id='word_1_697' title='bbox 3329 4265 3463 4330; x_wconf 74' lang='grc' dir='ltr'>Θεὸς</span> <span class='ocrx_word' id='word_1_698' title='bbox 3521 4268 3656 4330; x_wconf 51' lang='grc' dir='ltr'>ῐσοςν</span> 
     </span>
    </p>
   </div>
   <div class='ocr_carea' id='block_1_92' title="bbox 2068 4348 3633 4426">
    <p class='ocr_par' dir='ltr' id='par_1_92' title="bbox 2068 4348 3633 4426">
     <span class='ocr_line' id='line_1_92' title="bbox 2068 4348 3633 4426; baseline 0.004 -25"><span class='ocrx_word' id='word_1_699' title='bbox 2068 4348 2146 4420; x_wconf 79' lang='grc' dir='ltr'>τῷ</span> <span class='ocrx_word' id='word_1_700' title='bbox 2183 4351 2352 4420; x_wconf 73' lang='grc' dir='ltr'>Πατρὶ</span> <span class='ocrx_word' id='word_1_701' title='bbox 2383 4351 2521 4404; x_wconf 78' lang='grc' dir='ltr'>κατὰ</span> <span class='ocrx_word' id='word_1_702' title='bbox 2544 4353 2641 4420; x_wconf 78' lang='grc' dir='ltr'><strong>τὴν</strong></span> <span class='ocrx_word' id='word_1_703' title='bbox 2668 4353 2961 4423; x_wconf 76' lang='grc' dir='ltr'>ἅῖδιότητα,</span> <span class='ocrx_word' id='word_1_704' title='bbox 3004 4355 3100 4425; x_wconf 78' lang='grc' dir='ltr'><strong>τὴν</strong></span> <span class='ocrx_word' id='word_1_705' title='bbox 3128 4357 3401 4426; x_wconf 74' lang='grc' dir='ltr'>πατρικὴν</span> <span class='ocrx_word' id='word_1_706' title='bbox 3449 4357 3633 4410; x_wconf 84' lang='grc' dir='ltr'>οὑσίαν</span> 
     </span>
    </p>
   </div>
   <div class='ocr_carea' id='block_1_93' title="bbox 2070 4439 3634 4514">
    <p class='ocr_par' dir='ltr' id='par_1_93' title="bbox 2070 4439 3634 4514">
     <span class='ocr_line' id='line_1_93' title="bbox 2070 4439 3634 4514; baseline 0.003 -21"><span class='ocrx_word' id='word_1_707' title='bbox 2070 4441 2166 4493; x_wconf 78' lang='grc' dir='ltr'>καὶ</span> <span class='ocrx_word' id='word_1_708' title='bbox 2185 4439 2350 4508; x_wconf 77' lang='grc' dir='ltr'>φύσιν</span> <span class='ocrx_word' id='word_1_709' title='bbox 2374 4439 2557 4503; x_wconf 78' lang='grc' dir='ltr'>ἀϊδίως</span> <span class='ocrx_word' id='word_1_710' title='bbox 2590 4442 2645 4494; x_wconf 75' lang='grc' dir='ltr'>ὲν</span> <span class='ocrx_word' id='word_1_711' title='bbox 2672 4442 2850 4512; x_wconf 77' lang='grc' dir='ltr'>ἑαυτῷ</span> <span class='ocrx_word' id='word_1_712' title='bbox 2876 4443 3033 4513; x_wconf 76' lang='grc' dir='ltr'>ἔχων,</span> <span class='ocrx_word' id='word_1_713' title='bbox 3066 4445 3152 4497; x_wconf 71' lang='grc' dir='ltr'><strong>ἐπ’</strong></span> <span class='ocrx_word' id='word_1_714' title='bbox 3183 4447 3428 4514; x_wconf 70' lang='grc' dir='ltr'>ἐσχάτων</span> <span class='ocrx_word' id='word_1_715' title='bbox 3449 4446 3504 4498; x_wconf 65' lang='grc' dir='ltr'><strong>δὲ</strong></span> <span class='ocrx_word' id='word_1_716' title='bbox 3526 4447 3634 4498; x_wconf 85' lang='grc' dir='ltr'><strong>τῶν</strong></span> 
     </span>
    </p>
   </div>
   <div class='ocr_carea' id='block_1_94' title="bbox 418 4510 1970 4609">
    <p class='ocr_par' dir='ltr' id='par_1_94' title="bbox 418 4510 1963 4609">
     <span class='ocr_line' id='line_1_94' title="bbox 418 4510 1963 4609; baseline -0.001 -15"><span class='ocrx_word' id='word_1_717' title='bbox 418 4510 595 4608; x_wconf 82' lang='lat' dir='ltr'><strong>cepta,</strong></span> <span class='ocrx_word' id='word_1_718' title='bbox 649 4542 701 4591; x_wconf 87' lang='lat' dir='ltr'><strong>in</strong></span> <span class='ocrx_word' id='word_1_719' title='bbox 756 4510 820 4592; x_wconf 83' lang='lat' dir='ltr'><strong>eo</strong></span> <span class='ocrx_word' id='word_1_720' title='bbox 846 4510 1048 4604; x_wconf 76' lang='lat' dir='ltr'><strong>divina,</strong></span> <span class='ocrx_word' id='word_1_721' title='bbox 1076 4510 1234 4609; x_wconf 61' lang='lat' dir='ltr'><strong>tinam</strong></span> <span class='ocrx_word' id='word_1_722' title='bbox 1282 4538 1350 4592; x_wconf 86' lang='lat' dir='ltr'><strong>ah</strong></span> <span class='ocrx_word' id='word_1_723' title='bbox 1392 4510 1963 4608; x_wconf 30' lang='lat' dir='ltr'><strong>aeterno-possidebat,</strong></span> 
     </span>
    </p>
   </div>
   <div class='ocr_carea' id='block_1_95' title="bbox 2070 4510 3636 4609">
    <p class='ocr_par' dir='ltr' id='par_1_95' title="bbox 2070 4510 3636 4604">
     <span class='ocr_line' id='line_1_95' title="bbox 2070 4510 3636 4604; baseline 0.003 -23"><span class='ocrx_word' id='word_1_724' title='bbox 2070 4527 2292 4599; x_wconf 78' lang='grc' dir='ltr'>ἡμερῶν</span> <span class='ocrx_word' id='word_1_725' title='bbox 2329 4529 2394 4582; x_wconf 77' lang='grc' dir='ltr'><strong>ὲκ</strong></span> <span class='ocrx_word' id='word_1_726' title='bbox 2421 4528 2729 4599; x_wconf 81' lang='grc' dir='ltr'>Πνεῦματος</span> <span class='ocrx_word' id='word_1_727' title='bbox 2761 4510 3031 4597; x_wconf 25' lang='grc' dir='ltr'>ἁγίουνκαὶ</span> <span class='ocrx_word' id='word_1_728' title='bbox 3061 4510 3279 4604; x_wconf 75' lang='grc' dir='ltr'><strong>Μαρίας</strong></span> <span class='ocrx_word' id='word_1_729' title='bbox 3305 4534 3402 4603; x_wconf 85' lang='grc' dir='ltr'><strong>τῆς</strong></span> <span class='ocrx_word' id='word_1_730' title='bbox 3434 4534 3636 4602; x_wconf 69' lang='grc' dir='ltr'>Παρθια</span> 
     </span>
    </p>
   </div>
   <div class='ocr_carea' id='block_1_96' title="bbox 419 4629 1966 4699">
    <p class='ocr_par' dir='ltr' id='par_1_96' title="bbox 419 4629 1966 4699">
     <span class='ocr_line' id='line_1_96' title="bbox 419 4629 1966 4699; baseline -0.001 -17"><span class='ocrx_word' id='word_1_731' title='bbox 419 4638 784 4699; x_wconf 85' lang='lat' dir='ltr'><strong>permanente,</strong></span> <span class='ocrx_word' id='word_1_732' title='bbox 821 4629 1164 4683; x_wconf 77' lang='lat' dir='ltr'><strong>manil‘estum</strong></span> <span class='ocrx_word' id='word_1_733' title='bbox 1195 4638 1295 4694; x_wconf 88' lang='lat' dir='ltr'><strong>est,</strong></span> <span class='ocrx_word' id='word_1_734' title='bbox 1329 4629 1383 4682; x_wconf 89' lang='lat' dir='ltr'><strong>in</strong></span> <span class='ocrx_word' id='word_1_735' title='bbox 1417 4629 1623 4684; x_wconf 88' lang='lat' dir='ltr'><strong>duabus</strong></span> <span class='ocrx_word' id='word_1_736' title='bbox 1651 4629 1878 4693; x_wconf 85' lang='lat' dir='ltr'><strong>naturis,</strong></span> <span class='ocrx_word' id='word_1_737' title='bbox 1911 4636 1966 4683; x_wconf 85' lang='lat' dir='ltr'><strong>et</strong></span> 
     </span>
    </p>
   </div>
   <div class='ocr_carea' id='block_1_97' title="bbox 419 4717 1967 4789">
    <p class='ocr_par' dir='ltr' id='par_1_97' title="bbox 419 4717 1967 4789">
     <span class='ocr_line' id='line_1_97' title="bbox 419 4717 1967 4789; baseline -0.001 -16"><span class='ocrx_word' id='word_1_738' title='bbox 419 4722 554 4773; x_wconf 89' lang='lat' dir='ltr'><strong>duas</strong></span> <span class='ocrx_word' id='word_1_739' title='bbox 579 4729 799 4772; x_wconf 87' lang='lat' dir='ltr'><strong>naturas</strong></span> <span class='ocrx_word' id='word_1_740' title='bbox 823 4719 1114 4787; x_wconf 86' lang='lat' dir='ltr'><strong>possidere,</strong></span> <span class='ocrx_word' id='word_1_741' title='bbox 1135 4721 1224 4789; x_wconf 90' lang='lat' dir='ltr'><strong>qui</strong></span> <span class='ocrx_word' id='word_1_742' title='bbox 1251 4735 1389 4773; x_wconf 89' lang='lat' dir='ltr'><strong>unus</strong></span> <span class='ocrx_word' id='word_1_743' title='bbox 1415 4729 1495 4774; x_wconf 86' lang='lat' dir='ltr'><strong>est</strong></span> <span class='ocrx_word' id='word_1_744' title='bbox 1518 4719 1790 4788; x_wconf 85' lang='lat' dir='ltr'><strong>hypostasi</strong></span> <span class='ocrx_word' id='word_1_745' title='bbox 1811 4717 1967 4773; x_wconf 62' lang='lat' dir='ltr'><strong>Chrio</strong></span> 
     </span>
    </p>
   </div>
   <div class='ocr_carea' id='block_1_98' title="bbox 421 4806 1970 4877">
    <p class='ocr_par' dir='ltr' id='par_1_98' title="bbox 421 4806 1970 4877">
     <span class='ocr_line' id='line_1_98' title="bbox 421 4806 1970 4877; baseline 0 -16"><span class='ocrx_word' id='word_1_746' title='bbox 421 4813 539 4862; x_wconf 83' lang='lat' dir='ltr'><strong>stus</strong></span> <span class='ocrx_word' id='word_1_747' title='bbox 569 4815 689 4876; x_wconf 90' lang='lat' dir='ltr'><strong>post</strong></span> <span class='ocrx_word' id='word_1_748' title='bbox 717 4807 989 4870; x_wconf 88' lang='lat' dir='ltr'><strong>unionem,</strong></span> <span class='ocrx_word' id='word_1_749' title='bbox 1027 4809 1072 4862; x_wconf 90' lang='lat' dir='ltr'><strong>si</strong></span> <span class='ocrx_word' id='word_1_750' title='bbox 1096 4809 1252 4862; x_wconf 90' lang='lat' dir='ltr'><strong>modo</strong></span> <span class='ocrx_word' id='word_1_751' title='bbox 1285 4809 1725 4877; x_wconf 80' lang='lat' dir='ltr'><strong>compellationes</strong></span> <span class='ocrx_word' id='word_1_752' title='bbox 1755 4806 1893 4860; x_wconf 73' lang='lat' dir='ltr'><strong>Deus</strong></span> <span class='ocrx_word' id='word_1_753' title='bbox 1915 4815 1970 4861; x_wconf 88' lang='lat' dir='ltr'><strong>et</strong></span> 
     </span>
    </p>
   </div>
   <div class='ocr_carea' id='block_1_99' title="bbox 421 4896 1966 4968">
    <p class='ocr_par' dir='ltr' id='par_1_99' title="bbox 421 4896 1966 4968">
     <span class='ocr_line' id='line_1_99' title="bbox 421 4896 1966 4968; baseline -0.003 -14"><span class='ocrx_word' id='word_1_754' title='bbox 421 4907 574 4954; x_wconf 70' lang='lat' dir='ltr'><strong>homo</strong></span> <span class='ocrx_word' id='word_1_755' title='bbox 604 4908 825 4953; x_wconf 83' lang='lat' dir='ltr'><strong>naturas</strong></span> <span class='ocrx_word' id='word_1_756' title='bbox 855 4898 1111 4963; x_wconf 87' lang='lat' dir='ltr'><strong>indicant,</strong></span> <span class='ocrx_word' id='word_1_757' title='bbox 1154 4908 1411 4968; x_wconf 88' lang='lat' dir='ltr'><strong>tanquam</strong></span> <span class='ocrx_word' id='word_1_758' title='bbox 1447 4914 1566 4968; x_wconf 78' lang='lat' dir='ltr'><strong>qua:</strong></span> <span class='ocrx_word' id='word_1_759' title='bbox 1594 4898 1658 4952; x_wconf 91' lang='lat' dir='ltr'><strong>de</strong></span> <span class='ocrx_word' id='word_1_760' title='bbox 1678 4897 1859 4952; x_wconf 89' lang='lat' dir='ltr'><strong>multis</strong></span> <span class='ocrx_word' id='word_1_761' title='bbox 1884 4896 1966 4950; x_wconf 89' lang='lat' dir='ltr'><strong>di-</strong></span> 
     </span>
    </p>
   </div>
   <div class='ocr_carea' id='block_1_100' title="bbox 421 4988 1966 5059">
    <p class='ocr_par' dir='ltr' id='par_1_100' title="bbox 421 4988 1966 5059">
     <span class='ocr_line' id='line_1_100' title="bbox 421 4988 1966 5059; baseline -0.005 -13"><span class='ocrx_word' id='word_1_762' title='bbox 421 5003 640 5047; x_wconf 90' lang='lat' dir='ltr'><strong>cuntur.</strong></span> <span class='ocrx_word' id='word_1_763' title='bbox 713 4990 1078 5044; x_wconf 81' lang='lat' dir='ltr'><strong>Confessionis</strong></span> <span class='ocrx_word' id='word_1_764' title='bbox 1142 4991 1320 5059; x_wconf 83' lang='lat' dir='ltr'><strong>itaque</strong></span> <span class='ocrx_word' id='word_1_765' title='bbox 1378 4989 1445 5043; x_wconf 89' lang='lat' dir='ltr'><strong>de</strong></span> <span class='ocrx_word' id='word_1_766' title='bbox 1493 4988 1708 5043; x_wconf 79' lang='lat' dir='ltr'><strong>Christo</strong></span> <span class='ocrx_word' id='word_1_767' title='bbox 1778 5001 1966 5041; x_wconf 78' lang='lat' dir='ltr'><strong>verum</strong></span> 
     </span>
    </p>
   </div>
   <div class='ocr_carea' id='block_1_101' title="bbox 423 5073 1968 5148">
    <p class='ocr_par' dir='ltr' id='par_1_101' title="bbox 423 5073 1968 5148">
     <span class='ocr_line' id='line_1_101' title="bbox 423 5073 1968 5148; baseline -0.003 -18"><span class='ocrx_word' id='word_1_768' title='bbox 423 5078 684 5148; x_wconf 71' lang='lat' dir='ltr'><strong>dogmain</strong></span> <span class='ocrx_word' id='word_1_769' title='bbox 711 5075 1048 5130; x_wconf 81' lang='lat' dir='ltr'><strong>Chalcedone</strong></span> <span class='ocrx_word' id='word_1_770' title='bbox 1068 5076 1342 5129; x_wconf 74' lang='lat' dir='ltr'><strong>celebrata:</strong></span> <span class='ocrx_word' id='word_1_771' title='bbox 1382 5076 1575 5129; x_wconf 70' lang='lat' dir='ltr'><strong>divinae</strong></span> <span class='ocrx_word' id='word_1_772' title='bbox 1602 5073 1792 5143; x_wconf 81' lang='lat' dir='ltr'><strong>synodi</strong></span> <span class='ocrx_word' id='word_1_773' title='bbox 1843 5088 1968 5127; x_wconf 85' lang='lat' dir='ltr'><strong>san-</strong></span> 
     </span>
    </p>
   </div>
   <div class='ocr_carea' id='block_1_102' title="bbox 423 5155 1972 5226">
    <p class='ocr_par' dir='ltr' id='par_1_102' title="bbox 423 5155 1972 5226">
     <span class='ocr_line' id='line_1_102' title="bbox 423 5155 1972 5226; baseline -0.005 -6"><span class='ocrx_word' id='word_1_774' title='bbox 423 5178 631 5222; x_wconf 81' lang='lat' dir='ltr'><strong>ctorum</strong></span> <span class='ocrx_word' id='word_1_775' title='bbox 650 5155 869 5220; x_wconf 85' lang='lat' dir='ltr'><strong>Patrum</strong></span> <span class='ocrx_word' id='word_1_776' title='bbox 900 5164 1139 5218; x_wconf 81' lang='lat' dir='ltr'><strong>deﬁnitio</strong></span> <span class='ocrx_word' id='word_1_777' title='bbox 1163 5175 1300 5218; x_wconf 85' lang='lat' dir='ltr'><strong>recte</strong></span> <span class='ocrx_word' id='word_1_778' title='bbox 1322 5162 1861 5226; x_wconf 80' lang='lat' dir='ltr'><strong>decernit,Christum</strong></span> <span class='ocrx_word' id='word_1_779' title='bbox 1881 5160 1972 5213; x_wconf 90' lang='lat' dir='ltr'><strong>de-</strong></span> 
     </span>
    </p>
   </div>
   <div class='ocr_carea' id='block_1_103' title="bbox 425 5251 1964 5320">
    <p class='ocr_par' dir='ltr' id='par_1_103' title="bbox 425 5251 1964 5320">
     <span class='ocr_line' id='line_1_103' title="bbox 425 5251 1964 5320; baseline -0.006 -8"><span class='ocrx_word' id='word_1_780' title='bbox 425 5257 738 5320; x_wconf 81' lang='lat' dir='ltr'><strong>terminans,</strong></span> <span class='ocrx_word' id='word_1_781' title='bbox 780 5270 944 5310; x_wconf 87' lang='lat' dir='ltr'><strong>unam</strong></span> <span class='ocrx_word' id='word_1_782' title='bbox 997 5269 1113 5308; x_wconf 85' lang='lat' dir='ltr'><strong>esse</strong></span> <span class='ocrx_word' id='word_1_783' title='bbox 1153 5269 1216 5308; x_wconf 78' lang='lat' dir='ltr'><strong>ex</strong></span> <span class='ocrx_word' id='word_1_784' title='bbox 1260 5263 1445 5307; x_wconf 86' lang='lat' dir='ltr'><strong>sancta</strong></span> <span class='ocrx_word' id='word_1_785' title='bbox 1495 5252 1757 5306; x_wconf 81' lang='lat' dir='ltr'><strong>&#39;l‘rinitate</strong></span> <span class='ocrx_word' id='word_1_786' title='bbox 1809 5251 1964 5318; x_wconf 83' lang='lat' dir='ltr'><strong>hypo-</strong></span> 
     </span>
    </p>
   </div>
   <div class='ocr_carea' id='block_1_104' title="bbox 425 5341 1967 5409">
    <p class='ocr_par' dir='ltr' id='par_1_104' title="bbox 425 5341 1967 5409">
     <span class='ocr_line' id='line_1_104' title="bbox 425 5341 1967 5409; baseline -0.008 -6"><span class='ocrx_word' id='word_1_787' title='bbox 425 5349 613 5404; x_wconf 84' lang='lat' dir='ltr'><strong>stasim</strong></span> <span class='ocrx_word' id='word_1_788' title='bbox 641 5348 774 5400; x_wconf 88' lang='lat' dir='ltr'><strong>duas</strong></span> <span class='ocrx_word' id='word_1_789' title='bbox 820 5356 1044 5399; x_wconf 85' lang='lat' dir='ltr'><strong>naturas</strong></span> <span class='ocrx_word' id='word_1_790' title='bbox 1076 5343 1380 5409; x_wconf 85' lang='lat' dir='ltr'><strong>habentem,</strong></span> <span class='ocrx_word' id='word_1_791' title='bbox 1427 5351 1673 5396; x_wconf 86' lang='lat' dir='ltr'><strong>naturam</strong></span> <span class='ocrx_word' id='word_1_792' title='bbox 1729 5341 1967 5394; x_wconf 77' lang='lat' dir='ltr'><strong>divinam</strong></span> 
     </span>
    </p>
   </div>
   <div class='ocr_carea' id='block_1_105' title="bbox 425 5439 1090 5492">
    <p class='ocr_par' dir='ltr' id='par_1_105' title="bbox 425 5439 1090 5492">
     <span class='ocr_line' id='line_1_105' title="bbox 425 5439 1090 5492; baseline -0.008 -1"><span class='ocrx_word' id='word_1_793' title='bbox 425 5451 475 5492; x_wconf 86' lang='lat' dir='ltr'><strong>et</strong></span> <span class='ocrx_word' id='word_1_794' title='bbox 507 5447 751 5491; x_wconf 85' lang='lat' dir='ltr'><strong>naturam</strong></span> <span class='ocrx_word' id='word_1_795' title='bbox 777 5439 1090 5491; x_wconf 84' lang='lat' dir='ltr'><strong>humanam.</strong></span> 
     </span>
    </p>
   </div>
   <div class='ocr_carea' id='block_1_106' title="bbox 2071 4618 3634 4693">
    <p class='ocr_par' dir='ltr' id='par_1_106' title="bbox 2071 4618 3634 4693">
     <span class='ocr_line' id='line_1_106' title="bbox 2071 4618 3634 4693; baseline 0.002 -20"><span class='ocrx_word' id='word_1_796' title='bbox 2071 4637 2161 4674; x_wconf 88' lang='grc' dir='ltr'>νου</span> <span class='ocrx_word' id='word_1_797' title='bbox 2211 4620 2534 4690; x_wconf 70' lang='grc' dir='ltr'>σαρκωθεὶς,</span> <span class='ocrx_word' id='word_1_798' title='bbox 2595 4623 2686 4674; x_wconf 76' lang='grc' dir='ltr'><strong>καὶ</strong></span> <span class='ocrx_word' id='word_1_799' title='bbox 2720 4621 3162 4693; x_wconf 68' lang='grc' dir='ltr'>ὲνανθρωπήσας,</span> <span class='ocrx_word' id='word_1_800' title='bbox 3212 4618 3368 4688; x_wconf 73' lang='grc' dir='ltr'>οὗτος</span> <span class='ocrx_word' id='word_1_801' title='bbox 3406 4627 3434 4678; x_wconf 87' lang='grc' dir='ltr'><strong>ό</strong></span> <span class='ocrx_word' id='word_1_802' title='bbox 3464 4626 3634 4688; x_wconf 67' lang='grc' dir='ltr'><strong>ἀΐδιος</strong></span> 
     </span>
    </p>
   </div>
   <div class='ocr_carea' id='block_1_107' title="bbox 2073 4710 3633 4783">
    <p class='ocr_par' dir='ltr' id='par_1_107' title="bbox 2073 4710 3633 4783">
     <span class='ocr_line' id='line_1_107' title="bbox 2073 4710 3633 4783; baseline 0.003 -19"><span class='ocrx_word' id='word_1_803' title='bbox 2073 4710 2198 4774; x_wconf 84' lang='grc' dir='ltr'>Υίδς</span> <span class='ocrx_word' id='word_1_804' title='bbox 2219 4711 2503 4781; x_wconf 72' lang='grc' dir='ltr'>ἀτρέπτως</span> <span class='ocrx_word' id='word_1_805' title='bbox 2533 4712 2624 4766; x_wconf 75' lang='grc' dir='ltr'>καὶ</span> <span class='ocrx_word' id='word_1_806' title='bbox 2650 4712 3038 4778; x_wconf 80' lang='grc' dir='ltr'>ἀναλλοιώτως,</span> <span class='ocrx_word' id='word_1_807' title='bbox 3071 4717 3166 4769; x_wconf 76' lang='grc' dir='ltr'>καὶ</span> <span class='ocrx_word' id='word_1_808' title='bbox 3186 4716 3424 4783; x_wconf 84' lang='grc' dir='ltr'>γεγονὼς</span> <span class='ocrx_word' id='word_1_809' title='bbox 3457 4717 3531 4778; x_wconf 85' lang='grc' dir='ltr'>ὼς</span> <span class='ocrx_word' id='word_1_810' title='bbox 3551 4711 3633 4778; x_wconf 70' lang='grc' dir='ltr'>εἷς</span> 
     </span>
    </p>
   </div>
   <div class='ocr_carea' id='block_1_108' title="bbox 2071 4800 3630 4877">
    <p class='ocr_par' dir='ltr' id='par_1_108' title="bbox 2071 4800 3630 4877">
     <span class='ocr_line' id='line_1_108' title="bbox 2071 4800 3630 4877; baseline 0.004 -25"><span class='ocrx_word' id='word_1_811' title='bbox 2071 4801 2179 4853; x_wconf 84' lang='grc' dir='ltr'>τῶν</span> <span class='ocrx_word' id='word_1_812' title='bbox 2209 4800 2509 4871; x_wconf 72' lang='grc' dir='ltr'>ἀνθρώπιον</span> <span class='ocrx_word' id='word_1_813' title='bbox 2540 4804 2680 4856; x_wconf 76' lang='grc' dir='ltr'>κατὰ</span> <span class='ocrx_word' id='word_1_814' title='bbox 2705 4803 2900 4866; x_wconf 83' lang='grc' dir='ltr'>πάντα,</span> <span class='ocrx_word' id='word_1_815' title='bbox 2941 4808 3108 4876; x_wconf 72' lang='grc' dir='ltr'>χωρὶς</span> <span class='ocrx_word' id='word_1_816' title='bbox 3141 4808 3436 4877; x_wconf 77' lang='grc' dir='ltr'>ἁμαρτίας,</span> <span class='ocrx_word' id='word_1_817' title='bbox 3461 4824 3630 4876; x_wconf 85' lang='grc' dir='ltr'>προσ-</span> 
     </span>
    </p>
   </div>
   <div class='ocr_carea' id='block_1_109' title="bbox 2069 4890 3630 4967">
    <p class='ocr_par' dir='ltr' id='par_1_109' title="bbox 2069 4890 3630 4967">
     <span class='ocr_line' id='line_1_109' title="bbox 2069 4890 3630 4967; baseline 0.004 -24"><span class='ocrx_word' id='word_1_818' title='bbox 2069 4890 2304 4960; x_wconf 72' lang='grc' dir='ltr'><strong>ειληφὼς</strong></span> <span class='ocrx_word' id='word_1_819' title='bbox 2325 4892 2420 4959; x_wconf 82' lang='grc' dir='ltr'>τὴν</span> <span class='ocrx_word' id='word_1_820' title='bbox 2446 4893 2735 4961; x_wconf 77' lang='grc' dir='ltr'>ἡμετέραν,</span> <span class='ocrx_word' id='word_1_821' title='bbox 2770 4894 2838 4964; x_wconf 73' lang='grc' dir='ltr'>ην</span> <span class='ocrx_word' id='word_1_822' title='bbox 2871 4896 2968 4948; x_wconf 90' lang='grc' dir='ltr'><strong>οὑκ</strong></span> <span class='ocrx_word' id='word_1_823' title='bbox 2995 4891 3128 4965; x_wconf 73' lang='grc' dir='ltr'>εἶχε,</span> <span class='ocrx_word' id='word_1_824' title='bbox 3172 4897 3356 4965; x_wconf 79' lang='grc' dir='ltr'>φύσιν,</span> <span class='ocrx_word' id='word_1_825' title='bbox 3394 4913 3630 4967; x_wconf 77' lang='grc' dir='ltr'>μεμενη-</span> 
     </span>
    </p>
   </div>
   <div class='ocr_carea' id='block_1_110' title="bbox 2070 4981 3629 5056">
    <p class='ocr_par' dir='ltr' id='par_1_110' title="bbox 2070 4981 3629 5056">
     <span class='ocr_line' id='line_1_110' title="bbox 2070 4981 3629 5056; baseline 0.008 -26"><span class='ocrx_word' id='word_1_826' title='bbox 2070 4981 2226 5042; x_wconf 84' lang='grc' dir='ltr'>κυίας</span> <span class='ocrx_word' id='word_1_827' title='bbox 2277 4981 2421 5050; x_wconf 83' lang='grc' dir='ltr'><strong>αὑτῴ</strong></span> <span class='ocrx_word' id='word_1_828' title='bbox 2476 4984 2572 5051; x_wconf 76' lang='grc' dir='ltr'><strong>τῆς</strong></span> <span class='ocrx_word' id='word_1_829' title='bbox 2600 4983 2768 5049; x_wconf 79' lang='grc' dir='ltr'>θείας,</span> <span class='ocrx_word' id='word_1_830' title='bbox 2799 4985 2867 5055; x_wconf 71' lang='grc' dir='ltr'>ἢν</span> <span class='ocrx_word' id='word_1_831' title='bbox 2904 4987 3089 5050; x_wconf 78' lang='grc' dir='ltr'>ἀϊδίως</span> <span class='ocrx_word' id='word_1_832' title='bbox 3118 4991 3359 5056; x_wconf 80' lang='grc' dir='ltr'>προεῖχε,</span> <span class='ocrx_word' id='word_1_833' title='bbox 3393 4989 3629 5054; x_wconf 76' lang='grc' dir='ltr'>φύσεως-</span> 
     </span>
    </p>
   </div>
   <div class='ocr_carea' id='block_1_111' title="bbox 2071 5070 3634 5145">
    <p class='ocr_par' dir='ltr' id='par_1_111' title="bbox 2071 5070 3634 5145">
     <span class='ocr_line' id='line_1_111' title="bbox 2071 5070 3634 5145; baseline 0.006 -27"><span class='ocrx_word' id='word_1_834' title='bbox 2071 5070 2319 5137; x_wconf 79' lang='grc' dir='ltr'>φανερὸν,</span> <span class='ocrx_word' id='word_1_835' title='bbox 2351 5072 2430 5122; x_wconf 79' lang='grc' dir='ltr'>ὅτι</span> <span class='ocrx_word' id='word_1_836' title='bbox 2459 5075 2516 5123; x_wconf 74' lang='grc' dir='ltr'><strong>ιν</strong></span> <span class='ocrx_word' id='word_1_837' title='bbox 2542 5072 2633 5124; x_wconf 77' lang='grc' dir='ltr'><strong>δύο</strong></span> <span class='ocrx_word' id='word_1_838' title='bbox 2656 5073 2848 5140; x_wconf 76' lang='grc' dir='ltr'>φύσεσι</span> <span class='ocrx_word' id='word_1_839' title='bbox 2877 5076 3082 5129; x_wconf 75' lang='grc' dir='ltr'>καὶδύο</span> <span class='ocrx_word' id='word_1_840' title='bbox 3106 5077 3294 5144; x_wconf 81' lang='grc' dir='ltr'>φύσεις</span> <span class='ocrx_word' id='word_1_841' title='bbox 3325 5078 3465 5145; x_wconf 76' lang='grc' dir='ltr'>ῐχων</span> <span class='ocrx_word' id='word_1_842' title='bbox 3484 5078 3634 5128; x_wconf 69' lang='grc' dir='ltr'>ἐστὶν</span> 
     </span>
    </p>
   </div>
   <div class='ocr_carea' id='block_1_112' title="bbox 2074 5155 3634 5240">
    <p class='ocr_par' dir='ltr' id='par_1_112' title="bbox 2074 5155 3634 5240">
     <span class='ocr_line' id='line_1_112' title="bbox 2074 5155 3634 5240; baseline 0.007 -29"><span class='ocrx_word' id='word_1_843' title='bbox 2074 5161 2101 5211; x_wconf 88' lang='grc' dir='ltr'><strong>ό</strong></span> <span class='ocrx_word' id='word_1_844' title='bbox 2130 5155 2208 5221; x_wconf 72' lang='grc' dir='ltr'>εἷς</span> <span class='ocrx_word' id='word_1_845' title='bbox 2233 5164 2296 5229; x_wconf 81' lang='grc' dir='ltr'>τῇ</span> <span class='ocrx_word' id='word_1_846' title='bbox 2326 5162 2614 5215; x_wconf 75' lang='grc' dir='ltr'>ὑποστάσει</span> <span class='ocrx_word' id='word_1_847' title='bbox 2643 5166 2873 5234; x_wconf 79' lang='grc' dir='ltr'><strong>Χριστὸς</strong></span> <span class='ocrx_word' id='word_1_848' title='bbox 2898 5168 3036 5236; x_wconf 80' lang='grc' dir='ltr'>μετὰ</span> <span class='ocrx_word' id='word_1_849' title='bbox 3068 5168 3165 5237; x_wconf 77' lang='grc' dir='ltr'>τὴν</span> <span class='ocrx_word' id='word_1_850' title='bbox 3212 5167 3407 5221; x_wconf 75' lang='grc' dir='ltr'>ινωσιν</span> <span class='ocrx_word' id='word_1_851' title='bbox 3425 5185 3438 5198; x_wconf 90' lang='grc'>·</span> <span class='ocrx_word' id='word_1_852' title='bbox 3474 5169 3634 5240; x_wconf 69' lang='grc' dir='ltr'>εἴπερ</span> 
     </span>
    </p>
   </div>
   <div class='ocr_carea' id='block_1_113' title="bbox 2074 5249 3628 5325">
    <p class='ocr_par' dir='ltr' id='par_1_113' title="bbox 2074 5249 3628 5325">
     <span class='ocr_line' id='line_1_113' title="bbox 2074 5249 3628 5325; baseline 0.01 -25"><span class='ocrx_word' id='word_1_853' title='bbox 2074 5249 2133 5300; x_wconf 72' lang='grc' dir='ltr'>τὸ</span> <span class='ocrx_word' id='word_1_854' title='bbox 2165 5252 2304 5313; x_wconf 58' lang='lat' dir='ltr'><strong>Oete</strong></span> <span class='ocrx_word' id='word_1_855' title='bbox 2332 5252 2496 5318; x_wconf 74' lang='grc' dir='ltr'>ὄνομα</span> <span class='ocrx_word' id='word_1_856' title='bbox 2519 5255 2611 5304; x_wconf 76' lang='grc' dir='ltr'>καὶ</span> <span class='ocrx_word' id='word_1_857' title='bbox 2635 5255 2945 5322; x_wconf 72' lang='grc' dir='ltr'>ἄνθρωπος</span> <span class='ocrx_word' id='word_1_858' title='bbox 2970 5258 3184 5324; x_wconf 81' lang='grc' dir='ltr'>φύσεὼν</span> <span class='ocrx_word' id='word_1_859' title='bbox 3205 5261 3309 5310; x_wconf 73' lang='grc' dir='ltr'>τίσι</span> <span class='ocrx_word' id='word_1_860' title='bbox 3335 5258 3628 5325; x_wconf 74' lang='grc' dir='ltr'>δηλωτικὰ.</span> 
     </span>
    </p>
   </div>
   <div class='ocr_carea' id='block_1_114' title="bbox 2074 5340 3632 5419">
    <p class='ocr_par' dir='ltr' id='par_1_114' title="bbox 2074 5340 3632 5419">
     <span class='ocr_line' id='line_1_114' title="bbox 2074 5340 3632 5419; baseline 0.006 -29"><span class='ocrx_word' id='word_1_861' title='bbox 2074 5340 2143 5400; x_wconf 81' lang='grc' dir='ltr'>ὡς</span> <span class='ocrx_word' id='word_1_862' title='bbox 2176 5341 2312 5391; x_wconf 74' lang='grc' dir='ltr'>κατὰ</span> <span class='ocrx_word' id='word_1_863' title='bbox 2333 5343 2535 5391; x_wconf 75' lang='grc' dir='ltr'>πολλῶν</span> <span class='ocrx_word' id='word_1_864' title='bbox 2557 5346 2845 5413; x_wconf 73' lang='grc' dir='ltr'>φερόμενα.</span> <span class='ocrx_word' id='word_1_865' title='bbox 2864 5348 3069 5400; x_wconf 82' lang='grc' dir='ltr'>Οὐκοῦν</span> <span class='ocrx_word' id='word_1_866' title='bbox 3088 5349 3147 5400; x_wconf 80' lang='grc' dir='ltr'>τὸ</span> <span class='ocrx_word' id='word_1_867' title='bbox 3175 5350 3271 5417; x_wconf 76' lang='grc' dir='ltr'><strong>τῆς</strong></span> <span class='ocrx_word' id='word_1_868' title='bbox 3298 5351 3376 5412; x_wconf 79' lang='grc' dir='ltr'><strong>είς</strong></span> <span class='ocrx_word' id='word_1_869' title='bbox 3401 5343 3632 5419; x_wconf 75' lang='grc' dir='ltr'>Χριστὸν</span> 
     </span>
    </p>
   </div>
   <div class='ocr_carea' id='block_1_115' title="bbox 2074 5430 3629 5507">
    <p class='ocr_par' dir='ltr' id='par_1_115' title="bbox 2074 5430 3629 5507">
     <span class='ocr_line' id='line_1_115' title="bbox 2074 5430 3629 5507; baseline 0.005 -26"><span class='ocrx_word' id='word_1_870' title='bbox 2074 5430 2358 5498; x_wconf 79' lang='grc' dir='ltr'>ὁμολογίας</span> <span class='ocrx_word' id='word_1_871' title='bbox 2388 5431 2479 5482; x_wconf 87' lang='grc' dir='ltr'><strong>τοῦ</strong></span> <span class='ocrx_word' id='word_1_872' title='bbox 2525 5432 2844 5487; x_wconf 78' lang='grc' dir='ltr'>Ἀποστόλου</span> <span class='ocrx_word' id='word_1_873' title='bbox 2900 5437 3148 5505; x_wconf 71' lang='grc' dir='ltr'>ἀληθινὸν</span> <span class='ocrx_word' id='word_1_874' title='bbox 3172 5438 3347 5507; x_wconf 80' lang='grc' dir='ltr'>δόγμα</span> <span class='ocrx_word' id='word_1_875' title='bbox 3393 5441 3419 5491; x_wconf 86' lang='grc' dir='ltr'>ό</span> <span class='ocrx_word' id='word_1_876' title='bbox 3440 5440 3540 5506; x_wconf 79' lang='grc' dir='ltr'>τῆς</span> <span class='ocrx_word' id='word_1_877' title='bbox 3571 5439 3629 5490; x_wconf 65' lang='grc' dir='ltr'><strong>ἐν</strong></span> 
     </span>
    </p>
   </div>
   <div class='ocr_carea' id='block_1_116' title="bbox 427 5520 3630 5598">
    <p class='ocr_par' dir='ltr' id='par_1_116' title="bbox 427 5520 3630 5598">
     <span class='ocr_line' id='line_1_116' title="bbox 427 5520 3630 5598; baseline 0 -19"><span class='ocrx_word' id='word_1_878' title='bbox 427 5525 1248 5595; x_wconf 70' lang='grc' dir='ltr'>Χαλκηδόνισυγκεκροτημένης</span> <span class='ocrx_word' id='word_1_879' title='bbox 1271 5524 1412 5584; x_wconf 88' lang='grc' dir='ltr'>θείας</span> <span class='ocrx_word' id='word_1_880' title='bbox 1433 5524 1645 5577; x_wconf 83' lang='grc' dir='ltr'><strong>συνόδου</strong></span> <span class='ocrx_word' id='word_1_881' title='bbox 1667 5523 1774 5575; x_wconf 82' lang='grc' dir='ltr'>τῶν</span> <span class='ocrx_word' id='word_1_882' title='bbox 1803 5522 1970 5588; x_wconf 85' lang='grc' dir='ltr'>ἁγίων</span> <span class='ocrx_word' id='word_1_883' title='bbox 2007 5520 2261 5586; x_wconf 78' lang='grc' dir='ltr'>Πατέρων</span> <span class='ocrx_word' id='word_1_884' title='bbox 2309 5522 2429 5588; x_wconf 84' lang='grc' dir='ltr'>ὅρος</span> <span class='ocrx_word' id='word_1_885' title='bbox 2481 5522 2780 5593; x_wconf 77' lang='grc' dir='ltr'>ὀρθοτομεί,</span> <span class='ocrx_word' id='word_1_886' title='bbox 2843 5527 2928 5576; x_wconf 78' lang='grc' dir='ltr'>τὸν</span> <span class='ocrx_word' id='word_1_887' title='bbox 2975 5529 3207 5596; x_wconf 75' lang='grc' dir='ltr'>Χριστὸν</span> <span class='ocrx_word' id='word_1_888' title='bbox 3257 5528 3454 5598; x_wconf 74' lang='grc' dir='ltr'>ὁρίζων</span> <span class='ocrx_word' id='word_1_889' title='bbox 3496 5529 3630 5597; x_wconf 77' lang='grc' dir='ltr'>μίαν</span> 
     </span>
    </p>
   </div>
   <div class='ocr_carea' id='block_1_117' title="bbox 429 5612 3268 5690">
    <p class='ocr_par' dir='ltr' id='par_1_117' title="bbox 429 5612 3268 5690">
     <span class='ocr_line' id='line_1_117' title="bbox 429 5612 3268 5690; baseline 0.002 -22"><span class='ocrx_word' id='word_1_890' title='bbox 429 5617 718 5668; x_wconf 81' lang='grc' dir='ltr'>ὑπόστασιν</span> <span class='ocrx_word' id='word_1_891' title='bbox 768 5617 830 5667; x_wconf 80' lang='grc' dir='ltr'><strong>ὲκ</strong></span> <span class='ocrx_word' id='word_1_892' title='bbox 875 5615 970 5683; x_wconf 78' lang='grc' dir='ltr'>τῆς</span> <span class='ocrx_word' id='word_1_893' title='bbox 1007 5617 1163 5682; x_wconf 77' lang='grc' dir='ltr'>ἁγίας</span> <span class='ocrx_word' id='word_1_894' title='bbox 1218 5616 1438 5682; x_wconf 71' lang='grc' dir='ltr'><strong>Τριάδο”</strong></span> <span class='ocrx_word' id='word_1_895' title='bbox 1466 5613 1623 5682; x_wconf 76' lang='grc' dir='ltr'>εἶναι,</span> <span class='ocrx_word' id='word_1_896' title='bbox 1657 5616 1746 5667; x_wconf 64' lang='grc' dir='ltr'><strong>δύο</strong></span> <span class='ocrx_word' id='word_1_897' title='bbox 1784 5616 1968 5680; x_wconf 68' lang='grc' dir='ltr'>ςύσεις</span> <span class='ocrx_word' id='word_1_898' title='bbox 1996 5612 2202 5681; x_wconf 73' lang='grc' dir='ltr'>ἔχοντα,</span> <span class='ocrx_word' id='word_1_899' title='bbox 2245 5615 2402 5678; x_wconf 68' lang='grc' dir='ltr'>φύσιν</span> <span class='ocrx_word' id='word_1_900' title='bbox 2424 5615 2570 5668; x_wconf 66' lang='grc' dir='ltr'>θίξιν</span> <span class='ocrx_word' id='word_1_901' title='bbox 2603 5620 2690 5670; x_wconf 68' lang='grc' dir='ltr'>καὶ</span> <span class='ocrx_word' id='word_1_902' title='bbox 2713 5618 2871 5685; x_wconf 73' lang='grc' dir='ltr'>φύσιν</span> <span class='ocrx_word' id='word_1_903' title='bbox 2902 5621 3268 5690; x_wconf 75' lang='grc' dir='ltr'>ἀνθρωπίνην.</span> 
     </span>
    </p>
   </div>
   <div class='ocr_carea' id='block_1_118' title="bbox 498 5721 1359 5786">
    <p class='ocr_par' dir='ltr' id='par_1_118' title="bbox 498 5721 1359 5786">
     <span class='ocr_line' id='line_1_118' title="bbox 498 5721 1359 5786; baseline 0 -10"><span class='ocrx_word' id='word_1_904' title='bbox 498 5724 513 5752; x_wconf 83' lang='grc'>¹</span> <span class='ocrx_word' id='word_1_905' title='bbox 544 5721 726 5778; x_wconf 70' lang='lat' dir='ltr'><strong>Matth.</strong></span> <span class='ocrx_word' id='word_1_906' title='bbox 770 5737 879 5786; x_wconf 74' lang='lat' dir='ltr'><strong>ut,</strong></span> <span class='ocrx_word' id='word_1_907' title='bbox 913 5723 997 5776; x_wconf 78' lang='lat' dir='ltr'><strong>l8.</strong></span> <span class='ocrx_word' id='word_1_908' title='bbox 1072 5727 1089 5754; x_wconf 84' lang='lat'>&#39;</span> <span class='ocrx_word' id='word_1_909' title='bbox 1120 5725 1249 5780; x_wconf 88' lang='lat' dir='ltr'><strong>Ibid.</strong></span> <span class='ocrx_word' id='word_1_910' title='bbox 1277 5725 1359 5778; x_wconf 73' lang='grc'><strong>16.</strong></span> 
     </span>
    </p>
   </div>
  </div>
