3934 6316
351 344 466 408 593

1201 349 1628 409 REFUTATIO
1668 349 2046 410 EPISTOLE
2080 349 2307 412 REGIS
2349 351 2729 413 ARMENLE.

3479 359 3581 420 5M

429 453 495 521 γ’.
524 453 629 506 Καὶ
658 453 821 521 σαφὲς
855 453 1041 507 τούτου
1092 458 1457 526 παράδειγμα,
1492 462 1537 511 εί
1570 459 1741 520 θέλεις
1796 474 1920 510 συν-

2091 458 2142 511 5.
2176 457 2238 509 Ει
2267 459 2580 524 praeclarum
2639 459 2863 528 hujusce
2908 463 2982 516 rei
3041 465 3371 532 exemplum,
3419 467 3580 522 dum-

352 545 513 614 ορᾷν,
544 539 643 597 ὦδε
673 560 684 572 ·
712 545 1124 613 Προκείσθωσαν
1151 546 1240 598 οῦν
1264 547 1503 615 χρύσινοι
1542 551 1688 619 τρεῖς
1710 589 1724 611 ,
1769 551 1797 602 6
1840 546 1918 610 εἷς
1964 580 1967 581 ν

351 634 653 704 ὲμδληθεὶς
684 637 836 704 πυρὶ,
871 637 965 688 καὶ
989 638 1256 705 ’κυρωθεὶς
1287 640 1501 704 ἐγένετο
1529 638 1656 709 πῦρ,
1687 654 1919 709 μεμενη-

353 725 472 790 κὼς
503 727 720 797 χρυσὸς,
751 721 860 792 οἷος
904 724 990 799 ἦν.
1044 730 1114 782 Σὺ
1151 725 1242 782 οὖν
1275 731 1322 782 εί
1355 731 1500 799 θείης
1541 734 1597 784 ὲν
1625 733 1781 802 μέρει
1821 733 1920 802 μὲν

352 818 484 882 τοὺς
511 818 701 882 ἄλλους
725 819 818 872 δύο
846 820 1154 890 χρυσίνους,
1195 821 1251 872 ὲν
1291 823 1445 890 μέρει
1484 809 1542 875 δὲ
1569 822 1793 887 πολλοὺς
1823 823 1918 878 ἄν·

351 908 566 980 θρακας
597 907 873 982 πυρίνους,
904 907 1021 965 εἷτα
1051 913 1140 965 τὸν
1172 913 1427 982 χρύσινον
1451 913 1541 965 τὸν
1579 913 1914 984 πυρωθέντα,

352 999 454 1052 καὶ
474 998 585 1070 πῦρ
615 1001 904 1069 γενόμενον
935 989 1154 1071 μεταξὺ
1194 1002 1302 1056 τῶν
1329 1004 1505 1058 ἄλλων
1527 1001 1622 1058 δύο
1653 1006 1920 1075 χρυσίνων

330 1087 452 1144 ’καὶ
470 1091 576 1144 τῶν
611 1091 917 1161 ἀνθράκων,
945 1094 1036 1147 τὸν
1064 1094 1317 1163 διάμεσον
1339 1095 1436 1147 ἰὰν
1475 1094 1642 1167 θεάσῃ
1668 1096 1920 1165 χρύσινον

349 1179 670 1252 ιχοντα·τήν
697 1199 755 1236 τε
783 1182 946 1252 φύσιν
964 1184 1072 1238 τῶν
1093 1185 1267 1240 ἄλλων
1286 1184 1380 1239 δύο
1401 1185 1666 1256 χρυσίνων
1685 1185 1917 1252 τελείαν,

347 1275 632 1329 τουτέστιν
674 1274 801 1328 ὅντα
853 1277 1074 1346 χρυσδν,
1122 1277 1198 1340 ὡς
1222 1280 1332 1330 τοῖν
1363 1259 1507 1330 δυοῖν
1559 1277 1786 1330 ἑκείνοιν
1807 1279 1920 1330 τοῖν

347 1365 628 1434 χρυσίνοιν
657 1367 931 1436 ἑκάτερον,
955 1367 1050 1421 καὶ
1073 1369 1184 1421 τῶν
1213 1367 1500 1437 ἀνθράκων
1530 1368 1711 1437 φύσιν,
1733 1365 1919 1436 ἐπειδὴ

350 1455 470 1527 πῦρ
507 1458 675 1538 εστιν,
728 1456 916 1528 ὥσπερ
967 1459 1074 1512 τῶν
1105 1459 1280 1513 ἄλλων
1311 1459 1598 1529 ἀνθράκων
1653 1455 1916 1521 ἕκαστος·

348 1547 448 1600 τὴν
481 1545 641 1601 αὐτὸν
673 1547 734 1618 δὴ
765 1549 961 1618 τρόπον
985 1551 1012 1602 ὀ
1041 1549 1208 1611 ἀΐδιος
1262 1549 1387 1611 Υἱὸς
1417 1549 1474 1616 ἐξ
1500 1547 1730 1619 ούρανοῦ
1756 1565 1921 1600 κατα-

346 1637 478 1703 δᾶς,
513 1639 608 1708 οὐχ
647 1639 943 1693 ὑπόστασιν
997 1639 1057 1704 ἐξ
1104 1640 1281 1710 ἡμῶν,
1327 1641 1461 1694 ἀλλὰ
1515 1641 1613 1710 τὴν
1647 1639 1921 1710 ἡμετέραν

345 1728 517 1794 φύσιν
545 1729 725 1791 ἔλαϐε,
763 1731 855 1783 καὶ
879 1730 1100 1799 γέγονεν
1121 1733 1196 1794 ὡς
1225 1728 1305 1796 εἷς
1334 1732 1392 1798 ἐξ
1420 1732 1596 1802 ἡμῶν,
1619 1732 1694 1796 ὡς
1719 1734 1747 1786 6
1777 1731 1919 1795 θεῖος

345 1821 646 1885 ἀπόστολος
682 1821 890 1884 Παῦλος
920 1821 1087 1889 λέγει,
1115 1821 1510 1889 πεπειρᾶσθαι
1540 1821 1691 1876 κατὰ
1723 1821 1919 1878 πάντα

346 1910 488 1964 καθ’
516 1909 806 1981 ἡμετέραν
829 1915 1138 1982 ὁμοιότητα
1165 1912 1343 1982 χωρὶς
1386 1913 1690 1981 ἁμαρτίας.
1727 1913 1918 1967 Τοίνυν

343 1997 450 2052 οὖν
484 2002 512 2053 6
541 2001 710 2064 ἀΐδιος
761 2001 886 2064 Υίδς
916 2001 1029 2070 ἔχει
1059 2003 1160 2072 τήν
1186 2019 1246 2055 τε
1293 2002 1386 2055 τοῦ
1439 2001 1655 2074 Πιτρδς
1698 2003 1791 2056 καὶ
1823 2002 1915 2055 τοῦ

347 2090 510 2153 ἁγίου
533 2093 576 2146 Π
586 2091 864 2161 νεύματος,
895 2093 962 2163 ἢν
981 2092 1068 2147 ἀεὶ
1085 2095 1304 2163 προεῖχε
1325 2092 1509 2160 φύσιν,
1526 2091 1624 2162 τὴν
1642 2094 1917 2163 ἡμετέραν

344 2179 697 2249 ἀνθρωπίνην
757 2181 918 2249 φύσιν
959 2185 1096 2250 μετὰ
1126 2183 1220 2236 καὶ
1268 2181 1364 2252 τὴν
1396 2180 1587 2235 ἑαυτοῦ
1619 2183 1913 2252 σάρκωσιν,

348 2270 456 2336 μία
485 2271 740 2342 ὑπάρχων
770 2272 833 2337 ὲκ
853 2275 949 2342 τῆς
982 2272 1144 2340 ἁγίας
1182 2272 1414 2342 Τριάδος
1445 2271 1762 2338 ὑπόστασις,
1818 2273 1916 2343 τῆς

343 2363 514 2430 ἁγίας
567 2363 794 2434 Τριάδος
837 2364 1156 2435 προσθήκην
1181 2365 1282 2418 οὐκ
1329 2363 1738 2434 είσδεξαμένης.
1770 2364 1832 2418 El
1860 2364 1916 2418 δὲ

342 2452 508 2507 τοῦτο
535 2455 768 2525 φανερὸν
819 2455 912 2509 καὶ
962 2457 1076 2516 τοῖς
1106 2455 1292 2525 μικρὰ,
1323 2454 1638 2524 δυναμένοις
1688 2458 1917 2527 συνορᾷν

342 2537 520 2608 επιν,
541 2545 621 2599 ὅτι
659 2545 756 2616 τὴν
787 2544 1014 2599 σεαυτοῦ
1053 2544 1227 2612 δόξαν,
1265 2547 1364 2616 τὴν
1385 2548 1514 2616 περὶ
1546 2548 1673 2618 μιᾶς
1702 2548 1917 2616 φύσεως

343 2637 448 2692 τοῦ
482 2637 740 2707 Χριστοῦ,
759 2635 884 2692 οὗτε
909 2637 1020 2692 τῶν
1042 2639 1353 2693 ἀποστόλων
1372 2642 1400 2693 6
1419 2640 1578 2711 χορὸς
1607 2641 1915 2712 παραδέδω-

343 2745 473 2794 κεν,
506 2727 628 2783 οὔτε
655 2729 764 2800 μὴν
785 2731 840 2782 αί
867 2729 1019 2795 ἅγιαι
1055 2731 1204 2800 τρεῖς
1253 2729 1480 2793 σύνοδοι,
1524 2730 1581 2784 ai
1637 2731 1778 2786 κατὰ
1805 2731 1916 2784 δια-

343 2819 553 2889 φόρους
579 2820 803 2889 καιροὺς
834 2819 962 2889 παρ’
987 2821 1225 2874 εὐσεϐῶν
1241 2819 1509 2890 βασιλέων
1535 2822 1758 2892 προνοίᾳ
1781 2822 1913 2875 Θεοῦ

347 2911 846 2980 συναθροισθεῖσαι,
877 2906 965 2973 αἷς
994 2913 1084 2964 καὶ
1106 2913 1268 2974 αὺτδς
1295 2911 1382 2964 διὰ
1409 2911 1502 2966 τοῦ
1539 2912 1631 2965 σοῦ
1653 2911 1913 2983 γράμμα-

268 3036 285 3044 σ
341 3020 445 3067 τος
471 3003 865 3074 συνομολογεῖς,
901 3005 993 3056 καὶ
1025 3003 1283 3074 ἀποδέχῃ,
1318 3004 1439 3056 ἐπεὶ
1469 3005 1786 3074 καθαιρέσει
1817 3004 1913 3072 μὲν

2024 550 2182 602 modo
2203 549 2254 602 id
2287 565 2392 602 non
2426 566 2640 614 renuas,
2670 552 2763 604 tibi
2793 553 3002 608 habeto.
3028 555 3148 609 Sint
3177 556 3329 609 aurei
3372 557 3581 611 nummi

2021 649 2128 694 tres
2159 658 2170 693 :
2212 656 2350 694 unus
2383 641 2434 693 in
2469 641 2641 710 ignem
2676 642 2951 711 conjectus
2981 657 3032 698 et
3066 648 3265 716 ignitus
3299 647 3472 703 factus
3500 657 3582 703 est

2021 729 2180 796 ignis,
2215 745 2497 784 remanens
2517 731 2566 785 id
2598 733 2738 802 quod
2764 734 2914 802 prius
2936 746 3051 788 erat
3079 751 3291 790 aurum.
3318 736 3396 789 Tu
3425 753 3584 806 porro

2021 823 2065 877 si
2129 823 2436 891 seposueris
2492 825 2628 880 alios
2679 827 2817 882 duos
2849 843 3102 883 nummos
3149 845 3346 886 aureos
3384 831 3435 884 in
3474 847 3581 886 una

2021 922 2190 981 parte,
2219 922 2273 967 et
2317 928 2380 967 ex
2417 913 2520 968 alia
2551 917 2752 972 multos
2786 919 3051 974 carbones
3089 920 3306 990 ignitos,
3346 903 3584 989 postmo-

2019 1003 2147 1057 dum
2207 1003 2432 1072 ignitum
2465 1004 2613 1061 illam
2654 1021 2903 1069 aureum,
2928 1017 2981 1063 et
3029 1010 3206 1080 ignem
3231 1011 3343 1080 jam
3382 997 3585 1066 factum

2021 1096 2163 1148 inter
2194 1096 2328 1151 alios
2357 1098 2494 1152 duos
2537 1114 2734 1154 aureos
2763 1111 2814 1156 et
2841 1101 3105 1157 carbones
3134 1103 3419 1173 cenjieias,
3472 1120 3584 1160 me-

2019 1181 2167 1235 dium
2188 1197 2468 1238 nunnnum
2499 1199 2720 1240 aureum
2751 1187 3042 1242 intueberis
3071 1198 3317 1244 naturam
3350 1190 3583 1245 aliorum

2020 1270 2250 1329 duorum
2308 1289 2593 1328 aureorum
2658 1276 2939 1330 habentem
2978 1277 3290 1345 perfectam,
3325 1290 3584 1349 tanquam

2020 1361 2113 1430 qui
2160 1377 2350 1417 aurum
2380 1372 2482 1428 est,
2523 1366 2980 1435 quemadmodum
3010 1376 3064 1420 et
3109 1368 3218 1422 duo
3260 1370 3348 1423 alii
3410 1371 3583 1436 aurei,

2019 1453 2315 1508 carbonum
2343 1469 2563 1524 quoque
2594 1467 2869 1522 naturam,
2899 1459 3114 1527 quando
3142 1459 3280 1529 ignis
3314 1470 3416 1524 est,
3448 1461 3587 1516 sicut

2019 1554 2073 1600 et
2125 1561 2189 1600 ex
2241 1547 2362 1601 aliis
2399 1547 2742 1604 carbonibus.
2769 1549 3026 1618 quilibet.
3069 1549 3183 1602 Non
3232 1551 3335 1605 alia
3376 1552 3586 1606 ratione

2020 1637 2382 1706 sempiternus
2417 1636 2584 1694 Filius
2617 1639 2682 1694 de
2706 1637 2845 1694 cosio
2874 1640 3208 1695 descendens
3234 1657 3338 1696 non
3371 1657 3400 1694 a
3430 1642 3586 1698 nobis

2025 1726 2378 1796 hypostasim,
2415 1731 2507 1784 sed
2531 1741 2774 1785 naturam
2803 1732 3032 1799 accepit,
3065 1743 3113 1786 et
3147 1731 3331 1789 l‘actus'
3353 1745 3433 1788 est
3459 1747 3581 1787 tan-

2021 1833 2182 1888 quam
2215 1834 2354 1873 unus
2377 1835 2440 1873 ex
2481 1821 2660 1876 nobis.
2698 1821 2762 1875 Et
2795 1822 3008 1877 divinus
3057 1823 3256 1878 Paulus
3301 1824 3581 1892 apostolus

2019 1909 2642 1987 asseveratftentatum
2695 1913 2858 1981 fuisse
2925 1929 3014 1982 per
3069 1915 3247 1967 omnia
3299 1917 3583 1968 secundum

2020 2007 2253 2052 nostram
2277 1999 2672 2056 similitudinem
2708 2003 2897 2072 absque
2929 2014 3139 2072 peccato
3170 2005 3208 2057 ³.
3245 2004 3410 2075 igitur
3444 2022 3584 2061 semv

2018 2090 2263 2160 piternus
2325 2090 2493 2147 Filius
2544 2094 2704 2148 habet
2762 2077 2938 2151 Patris
2987 2106 3038 2150 et
3093 2096 3331 2167 Spiritus
3384 2099 3582 2161 sancti,

2018 2198 2178 2253 quam
2207 2199 2416 2254 semper
2437 2195 2591 2241 antea
2619 2187 2951 2256 possederat,
2969 2197 3242 2250 naturam,
3262 2195 3316 2243 et
3344 2197 3585 2243 nostram

2019 2274 2331 2340 humanam,
2360 2285 2477 2344 post
2511 2293 2662 2332 suam
2692 2277 3122 2332 incarnationem
3146 2318 3161 2343 ,
3193 2294 3315 2333 cum
3358 2279 3429 2333 sit
3477 2295 3583 2334 una

2017 2375 2217 2422 sancte
2258 2365 2536 2424 Trinitatis
2580 2370 2906 2439 hypostasis,
2937 2370 3085 2424 nullo
3128 2380 3334 2446 sanetae.
3373 2368 3585 2425 Triadis

2017 2455 2485 2513 ad«litamento.ld
2536 2459 2579 2513 si
2628 2460 2700 2514 ita
2731 2469 2833 2522 est,
2880 2459 3226 2514 manifestum
3275 2460 3344 2515 sit
3369 2459 3456 2523 iis,
3489 2463 3580 2529 qui

2017 2547 2212 2619 pusilla
2235 2547 2395 2602 etiam
2419 2561 2612 2616 capere
2648 2555 2896 2618 possunt,
2942 2557 3089 2603 tuam
3129 2549 3195 2602 de
3243 2564 3348 2602 una
3379 2547 3584 2604 Christi

2019 2647 2212 2696 natura
2253 2637 2592 2701 sententiam,
2631 2653 2806 2708 neque
2835 2628 3203 2708 apostolorum
3233 2646 3585 2705 cunmm-ne-

2017 2717 2120 2798 que
2149 2738 2259 2784 tres
2282 2737 2497 2784 sanctas
2532 2729 2768 2800 synodos
2792 2727 3024 2783 diversis
3059 2729 3394 2798 temporibus
3420 2743 3448 2782 a
3481 2727 3586 2797 piis

2018 2817 2438 2887 imperatoribus
2460 2817 2640 2873 divina
2673 2816 3016 2872 Providentia
3043 2827 3418 2888 congregatas,
3447 2831 3586 2886 quas

2016 2917 2069 2964 et
2097 2909 2210 2978 ipse
2238 2925 2331 2980 per
2355 2918 2500 2964 tuam
2536 2909 2818 2978 epistolam
2851 2910 3064 2978 recipis,
3097 2919 3151 2965 et
3190 2909 3377 2964 eodem
3425 2919 3585 2979 atque

2018 3016 2118 3055 nos
2181 3000 2363 3055 animo
2424 3000 2808 3069 voluntateque
2864 3000 3097 3068 probas,
3147 2997 3454 3053 tradidisse.
3503 2999 3584 3052 Ad

343 3099 454 3167 τῆς
499 3095 591 3150 τοῦ
662 3098 892 3165 ’Δρείου,
954 3098 1047 3149 καί
1085 3096 1443 3158 Μακεδονίου,
1499 3096 1592 3150 καὶ
1623 3095 1916 3166 Νεστορίου

2018 3091 2339 3153 refellendas
2383 3090 2631 3161 equidem
2662 3089 2799 3154 Arii,
2825 3089 3119 3145 Macedonii
3147 3087 3455 3143 et-Nestorii
3490 3103 3584 3142 ve-

347 3189 671 3253 κακοδοξίας
694 3189 908 3258 πρῶτον
933 3187 1140 3241 σύνοδοι
1187 3187 1682 3256 συναγηγερμέναι,
1712 3189 1784 3271 ἀί
1820 3187 1916 3255 μὲν

347 3279 616 3350 πρότεραι
665 3279 757 3332 δύο
801 3279 899 3348 τὴν
962 3280 1053 3330 επὶ
1125 3279 1373 3348 θεολογίᾳ
1417 3279 1581 3348 ὀρθὴν
1630 3277 1916 3347 ὁμολογίαν

346 3371 663 3440 ἰτράνωσάν
688 3388 746 3423 τε
782 3370 875 3423 καὶ
901 3370 1213 3432 ὲθὲσπισαν,
1260 3369 1354 3421 τοῦ
1393 3371 1916 3441 ὁμολογεῖνάληθῶς

251 3461 256 3464 ’
313 3459 444 3513 ’τὸν
473 3459 639 3514 ἀΐδιον
671 3461 795 3512 Υἱὺν
824 3461 918 3512 καὶ
947 3460 1118 3527 Λόγον
1150 3459 1243 3511 τοῦ
1265 3460 1400 3512 Θεοῦ
1436 3461 1529 3511 καὶ.
1569 3460 1798 3529 Πατρὸς,
1825 3462 1916 3513 καὶ

343 3551 415 3605 τὸ
444 3549 665 3622 Πνεῦμα
693 3550 752 3602 τὸ
775 3551 929 3617 ἆγιον
963 3551 1224 3620 όμοούσια
1243 3550 1321 3616 τῷ
1348 3551 1520 3620 Πατρὶ
1557 3551 1649 3604 καὶ
1679 3551 1916 3619 ὀμοφυῆ,

345 3641 451 3696 καὶ
478 3642 575 3711 τῆς
591 3641 760 3709 αὐτῆς
787 3641 879 3694 καὶ
909 3643 1037 3710 μιᾶς
1057 3641 1330 3710 θεότητος,
1362 3641 1619 3704 ίσοκλεῶς
1644 3641 1716 3712 τῷ
1745 3642 1917 3711 Πατρὶ

346 3731 444 3784 ’τὸν
473 3723 603 3784 Υίδν
656 3730 746 3783 καὶ
798 3729 859 3782 τὺ
916 3730 1070 3796 ἅγιον
1132 3731 1358 3799 Πνεῦμα
1395 3731 1662 3801 μετέχειν,
1698 3733 1789 3784 καὶ
1823 3733 1917 3784 ἕνα

344 3821 487 3876 Θεὸν
513 3821 580 3874 τὰ
608 3821 732 3891 τρία
780 3820 1041 3885 δοξάζειν,
1075 3822 1176 3874 κᾶν
1230 3822 1354 3890 τρία
1403 3824 1517 3884 ταῖς
1561 3822 1786 3891 ίδιότησι
1821 3839 1916 3874 πι-

351 3911 628 3982 στεύηται,
644 3912 738 3966 καὶ
761 3912 1052 3982 μηδέτερον
1072 3916 1152 3976 είς
1174 3915 1376 3983 κτίσμα
1399 3914 1602 3985 τούτων
1635 3915 1914 3981 κατάγειν.

346 3997 521 4062 Δῦται
541 4002 597 4055 δὲ
622 4003 752 4072 περὶ
778 4005 905 4073 μιᾶς
928 4003 1138 4071 φύσεως
1167 4003 1260 4057 τοῦ
1286 4005 1427 4058 κατὰ
1451 4004 1684 4075 Χριστὸν
1717 4021 1920 4075 μυστη-

354 4091 472 4167 ρίου
493 4093 741 4163 οὐδαμῶς
769 4095 1061 4148 έθέσπισάν
1089 4112 1147 4147 τε
1173 4095 1268 4148 καὶ
1295 4095 1518 4166 ὥρισαν.
1564 4095 1626 4148 Ἣ
1650 4096 1706 4149 δὲ
1730 4097 1916 4166 πρώτη

354 4183 457 4255 μὶν
479 4185 534 4235 ὲν
555 4182 959 4253 Ἐφέσῳ,τρίτη
982 4183 1038 4235 δὲ
1068 4184 1202 4253 προς
1229 4187 1347 4246 ταῖς
1391 4183 1541 4238 δυσὶν
1570 4185 1919 4255 οίκουμενικὴ

351 4273 484 4342 ἁγία
507 4273 740 4338 σύνοδος,
768 4273 906 4343 αὔτη
934 4275 1032 4344 μὲν
1056 4275 1159 4343 τὴν
1172 4275 1266 4327 τοῦ
1293 4275 1586 4343 Νεστορίου
1606 4275 1920 4341 κακοδοξίαν

352 4363 785 4435 θριαμδεύσασα,
816 4365 935 4433 ἥτις
964 4366 1055 4417 τὸν
1086 4365 1180 4418 ἕνα
1207 4367 1437 4436 Χριστὸν
1462 4369 1552 4420 καὶ
1592 4368 1792 4438 Κύριον
1825 4368 1916 4422 καὶ

351 4455 487 4508 Θεὸν
515 4455 668 4523 ἡμῶν
716 4457 795 4519 είς
846 4456 939 4510 δύο
967 4458 1116 4519 υἱοὺς
1160 4459 1254 4509 καὶ
1286 4457 1378 4510 δύο
1407 4458 1670 4528 πρόσωπα
1692 4477 1918 4514 κατατε-

355 4549 478 4618 μεῖν
503 4546 786 4618 ἐτόλμησε,
815 4547 905 4599 καὶ
932 4548 1032 4618 τὴν
1063 4548 1340 4615 πάναγνον
1369 4550 1460 4600 καὶ
1505 4550 1666 4616 ἁγίαν
1708 4550 1916 4620 Παρθέ-

352 4655 446 4690 νον
477 4638 763 4690 9.90:de?-
805 4637 989 4690 καλεῖν
1039 4639 1574 4708 ἀπηρυθριασμένως
1628 4643 1655 4692 6
1688 4640 1920 4704 δείλαιος

343 4727 455 4780 οῦκ
480 4725 652 4796 ἠξίου,
709 4728 906 4798 μᾶλλον
940 4729 1037 4798 μὲν
1087 4726 1180 4783 οὖν
1207 4732 1734 4798 Χριστοτόκον,λὼς
1765 4731 1918 4800 ψιλὸν

352 4815 638 4886 ἄνθρωπον
661 4820 1020 4889 γεννήσασαν.
1047 4821 1155 4882 Τὰς
1183 4822 1291 4890 γὰρ
1322 4821 1416 4874 δύο
1437 4823 1624 4890 φύσεις
1648 4822 1739 4875 τοῦ
1789 4824 1917 4893 Ἐμ-

357 4905 622 4976 μανουὴλ,
639 4908 697 4972 ἐξ
722 4901 794 4959 ὧν
811 4907 904 4960 καὶ
931 4910 990 4961 ἐν
1016 4903 1105 4970 αἷς
1121 4912 1151 4962 6
1179 4911 1407 4981 Χριστὸς
1431 4911 1730 4982 ὲθεωρεῖτο,
1747 4913 1913 4982 ἤγουν

352 4994 456 5065 τὴν
472 4995 718 5065 θεότητα,
741 4998 902 5066 φημὶ,
935 4998 1030 5052 καὶ
1047 5000 1146 5070 τὴν
1167 5001 1572 5070 ἀνθρωπότητα,
1604 5001 1706 5055 ἀνὰ
1750 5003 1911 5072 μέρος

354 5086 547 5151 τιθεὶς,
579 5087 672 5140 καὶ
709 5089 1083 5152 ίδιοσυστάτως
1109 5093 1313 5154 ταύτας
1364 5092 1660 5161 ὁμολογῶν,
1691 5095 1782 5146 καὶ
1812 5095 1915 5162 φύ-

294 5220 302 5227 .
356 5194 441 5229 σιν
458 5177 784 5247 ἀπρόσωπον
825 5179 900 5251 μὴ
952 5180 1206 5247 δοξάζων,
1251 5185 1344 5235 καὶ
1380 5183 1467 5238 διὰ
1487 5185 1642 5237 τοῦτο
1663 5186 1785 5238 ὅσαι
1821 5185 1918 5253 μὲν

351 5269 414 5322 αἱ
430 5268 640 5336 φύσεις,
666 5271 897 5324 τοσαῦτα
924 5273 1016 5325 καὶ
1047 5273 1117 5326 τὰ
1144 5273 1407 5344 πρόσωπα
1439 5277 1797 5342 συνεισάγων,
1825 5275 1917 5329 καὶ

354 5359 611 5430 σχετικὴν
637 5360 828 5413 ἕνωσιν
848 5361 943 5415 τοῦ
967 5362 1101 5415 Θεοῦ
1138 5365 1309 5432 Λόγου
1344 5367 1478 5436 πρὸς
1504 5367 1594 5420 τὸν
1611 5369 1673 5420 ὲκ
1696 5365 1912 5434 Μαρίας

350 5449 681 5519 γεννηθέντα
703 5451 987 5521 ὡμολόγει.
1015 5455 1306 5526 Τοιγάρτοι
1341 5459 1530 5510 τοῦτον
1588 5457 1911 5526 ἀναθεματίο

351 5555 516 5607 σασα,
547 5540 799 5595 ὲθέσπισέ
834 5559 894 5594 τε
929 5545 1022 5596 καὶ
1067 5546 1311 5617 ἐκύρωσε
1342 5547 1439 5618 τὴν
1468 5549 1588 5602 καθ’
1619 5549 1910 5601 ὑπόστασιν

461 5721 482 5750 ³
515 5716 679 5776 Hebr.
708 5736 784 5785 tv,
826 5719 909 5774 l5.

1996 3186 2180 3238 'sanas
2201 3182 2483 3252 opiniones
2517 3181 2619 3236 illa:
2654 3191 2857 3238 coactae
2890 3191 3043 3244 sunt,
3079 3181 3267 3252 prima:
3297 3182 3417 3234 dna:
3456 3195 3585 3249 pro-

2016 3272 2306 3328 fessionem
2337 3273 2404 3328 de
2428 3274 2532 3328 Deo
2561 3285 2761 3328 rectam
2806 3281 3206 3343 exposuerunt,
3248 3281 3300 3325 et
3327 3270 3584 3325 decreve-

2016 3374 2162 3429 runt,
2191 3374 2250 3419 ut
2275 3380 2461 3419 omnes
2512 3379 2634 3419 vere
2665 3365 3014 3434 proﬁtentur,
3066 3363 3454 3432 sempiternmn
3495 3359 3585 3415 Fi-

2017 3455 2146 3509 lium
2182 3465 2234 3509 et
2261 3453 2494 3508 Verbum
2521 3453 2612 3508 Dei
2659 3463 2712 3509 et
2739 3453 2934 3519 Patris,
2972 3468 3178 3507 necnon
3234 3461 3287 3506 et
3334 3448 3585 3507 sanetum

2020 3547 2280 3616 Spiritum
2343 3547 2580 3615 ejusdem
2629 3546 2878 3605 essentia:
2925 3553 3238 3612 natumque
3288 3559 3408 3596 esse
3455 3556 3593 3597 cum

2017 3639 2196 3704 Patre,
2223 3651 2274 3694 ct
2323 3640 2565 3713 eamdem
2596 3647 2649 3693 et
2672 3654 2834 3694 unam
2879 3636 3211 3689 divinitatem
3246 3635 3438 3703 aequali
3468 3635 3583 3702 glo-

2019 3733 2094 3787 ria
2133 3748 2252 3788 cum
2296 3731 2454 3786 Patre
2485 3731 2679 3785 Filium
2733 3739 2788 3784 et
2832 3730 3090 3797 Spiritum
3135 3735 3382 3783 sanctum
3414 3727 3580 3796 parti-

2018 3823 2216 3892 cipare,
2245 3832 2297 3876 et
2327 3837 2493 3876 unum
2522 3820 2687 3874 Deum
2731 3820 2834 3874 tria
2865 3818 2977 3872 haec
3007 3817 3273 3881 conﬁteri,
3314 3815 3439 3870 licet
3463 3829 3583 3884 pro.

2018 3915 2337 3985 prictatibus
2367 3914 2470 3969 tria
2499 3928 2620 3968 esse
2672 3913 2981 3974 credantur,
3009 3919 3064 3963 et
3091 3925 3151 3964 ex
3208 3910 3294 3962 his
3325 3918 3590 3962 neutrum-
3690 3921 3693 3924 ·

2019 4007 2084 4060 a.l
2118 4015 2393 4059 creaturas
2417 4003 2646 4058 deferre.
2683 4001 2748 4056 Et
2778 4003 2857 4055 ha:
2885 4004 2950 4054 de
2976 4015 3084 4054 una
3115 4008 3306 4053 natura
3342 3998 3589 4069 mysterii

2018 4081 2315 4152 secundum
2340 4097 2612 4164 Christum
2639 4094 2770 4148 nihil
2797 4093 3162 4155 sanciverunt,
3208 4100 3301 4143 aut
3329 4091 3582 4144 detinive-

2020 4199 2164 4241 runt.
2217 4185 2394 4240 Prima
2456 4196 2633 4238 autem
2697 4183 2986 4253 Ephesina,
3041 4181 3132 4234 sed
3189 4180 3342 4234 tertia
3393 4179 3581 4233 ordine

2020 4277 2352 4332 (PClttliCllica
2389 4284 2574 4330 saneta
2605 4275 2863 4345 synodus,
2895 4272 3127 4326 Nestorii
3161 4270 3349 4325 haeresi
3391 4269 3576 4323 debel-

2022 4370 2164 4433 lata,
2209 4369 2299 4436 qui
2333 4383 2498 4421 unum
2557 4366 2828 4418 Christum
2859 4373 2910 4416 et
2963 4361 3248 4416 Dominum
3306 4369 3359 4412 et
3413 4358 3576 4410 licunt

2021 4469 2264 4514 nostrum
2309 4459 2361 4510 in
2411 4458 2546 4510 duos
2581 4457 2740 4519 ﬁlios,
2783 4462 2836 4506 et
2865 4452 3000 4506 duas
3055 4464 3314 4520 personas
3342 4449 3580 4502 dividere

2019 4565 2226 4612 ausus,
2275 4546 2834 4600 immaculatissimam
2891 4552 3246 4610 sanctamque
3304 4540 3576 4609 Virginem

2016 4641 2252 4695 vocitare
2286 4639 2566 4706 Deiparam
2603 4633 2962 4688 inverecunde
2997 4631 3348 4685 nimismiscr
3393 4645 3579 4684 rcnuc-

2015 4732 2124 4793 bat,
2160 4731 2252 4784 sed
2284 4730 2461 4798 potius
2493 4728 2900 4794 Christiparam,
2928 4733 3208 4790 tanquam,
3242 4736 3361 4788 qua”:
3381 4735 3574 4788 purum

2015 4821 2286 4876 hominem
2313 4820 2586 4888 genuisset
2619 4834 2630 4869 :
2667 4830 2898 4882 namque
2932 4812 3459 4876 duas’Emmanuclis
3484 4826 3576 4862 na—

1970 4916 1973 4917 ⁷
2020 4922 2190 4975 ιιιιτις,
2213 4927 2274 4963 ex
2324 4909 2519 4979 quibus
2549 4908 2674 4961 etin
2709 4906 2906 4974 quibus
2937 4904 3210 4958 Christum
3245 4901 3570 4967 contempla-

2019 5016 2160 5062 mur,
2185 4998 2432 5053 deitatem
2463 5008 2652 5063 nempe
2674 5003 2727 5046 et
2769 4993 3152 5045 humanitatem
3181 5005 3275 5056 per
3303 5003 3358 5040 se
3389 5001 3572 5038 unam-

2016 5104 2288 5163 quamque
2321 5100 2600 5154 separans,
2631 5091 2683 5136 et
2705 5096 2858 5151 atque
2893 5095 2956 5134 ac
2980 5081 3022 5133 si
3057 5081 3269 5147 propria
3303 5075 3574 5145 hypostasi

2015 5183 2374 5239 subsisterent
2407 5190 2743 5238 asseverans,
2773 5183 2825 5225 et
2847 5171 3049 5236 absque
3076 5182 3300 5237 persona
3329 5175 3572 5217 naturam

2018 5273 2219 5327 nullam
2244 5281 2561 5338 agnoscens,
2593 5274 2646 5318 et
2693 5272 2972 5332 propterea
3008 5269 3082 5311 tot
3130 5269 3403 5324 personas,
3442 5265 3574 5323 quot

2017 5373 2170 5422 erant
2202 5370 2423 5420 naturai,
2457 5358 2826 5416 introducens,
2856 5350 3149 5405 secundum
3201 5347 3570 5399 habitudinem

2019 5454 2274 5510 unionem
2300 5450 2388 5503 Dei
2417 5449 2572 5503 Verbi
2606 5446 2669 5501 ad
2700 5460 2845 5505 cum,
2875 5441 2962 5509 qui
2991 5452 3050 5490 ex
3087 5434 3252 5488 Maria
3279 5445 3572 5504 prognatus

2021 5554 2157 5611 erat,
2188 5543 2484 5604 asserebat,
2516 5538 2759 5598 eumdem
2795 5534 3129 5591 anathemate
3189 5527 3349 5591 feriit,
3379 5528 3565 5584 decre-
