3934 6316
282 458 386 522 59¹1

1113 454 1542 516 REFUTATIO
1566 457 1943 517 EPISTOIJE
1982 461 2211 523 REGIS
2250 464 2640 526 ARMENL’E.

3387 467 3491 528 598

244 565 250 569 ’
281 564 506 636 ποιῆσαι
537 563 615 632 τῷ
643 561 858 633 ἀριθμῷ
899 562 1241 615 τῶν·λοιπῶν
1301 565 1468 630 ἁγίων
1507 568 1671 636 τριῶν
1702 585 1828 620 συν·
1858 596 1870 626 Α

1952 571 2086 638 μιαεί
2109 587 2173 626 ex
2199 573 2502 628 rationabili
2529 589 2692 629 causa
2724 587 2840 628 eam
2874 589 3094 643 respuas
3122 574 3314 629 similia
3358 578 3494 630 scri-

279 655 440 715 όξων,
477 655 571 705 καὶ
593 651 778 721 ῶσπερ
814 651 872 717 ἐξ
895 651 1114 719 εὐλόγου
1133 653 1304 715 αίτίας
1329 654 1528 724 ταύτην
1548 658 1835 710 ἀπαναινό-

286 760 467 812 μενος,
523 743 700 795 τοιάδε
748 743 971 811 γράφεις
995 757 1008 770 ·
1047 738 1187 794 Οἶδα
1225 743 1359 810 μὲν,
1407 744 1495 798 ὅτι
1537 747 1648 800 οὒκ
1705 746 1836 801 ἔστι

287 834 685 903 κεκρυμμένος
739 836 825 899 είς
880 832 1033 904 ὑμᾶς
1075 837 1106 887 ὁ
1140 836 1355 902 τρόπος
1394 834 1505 903 τῆς
1556 837 1836 906 τετάρτης

285 927 570 988 συνόδου,
601 926 688 978 ὅτι
714 927 782 979 ἐν
811 925 889 990 τῷ
915 926 1202 994 γράμματι
1238 926 1426 994 αὐτῆς
1463 929 1500 996 ἠ
1537 928 1836 997 ἁγιωσύνῃ

284 1033 402 1070 σου
431 1017 699 1087 ἐμνήσθη
744 1012 967 1085 ταύτην
1001 1019 1116 1086 τὴν
1154 1018 1438 1082 σύνοδον,
1486 1021 1582 1074 καὶ
1625 1021 1839 1085 ἔταξεν

194 1093 200 1112 ’
281 1107 482 1175 αὐτὴν
492 1109 641 1177 μετὰ
671 1106 788 1162 τῶν
817 1108 1043 1161 λοιπῶν
1069 1109 1243 1178 τριῶν
1273 1111 1575 1181 συνόδων,
1610 1113 1705 1168 καὶ
1750 1113 1841 1168 θέο

284 1201 379 1251 λει
411 1199 509 1252 καὶ
537 1198 694 1268 ἡμᾶς
735 1201 960 1268 ταύτην
987 1199 1285 1269 δέχεσθαι,
1314 1201 1393 1269 ἢν
1417 1206 1530 1256 οὐκ
1557 1203 1838 1268 ἐδέξαντο

287 1291 342 1342 οι
372 1287 622 1356 Πατέρες
651 1290 835 1358 ἡμῶν,
863 1290 1000 1342 οὔτε
1032 1292 1086 1343 ot
1113 1289 1465 1346 διδάσκαλοι
1497 1293 1680 1361 ἡμῶν,
1712 1284 1840 1346 sm-

287 1380 568 1449 στάμενοι
607 1383 720 1449 τὴν
751 1384 1118 1451 κενοφωνίαν
1142 1381 1328 1449 αὐτῆς
1363 1384 1430 1436 ἐκ
1466 1384 1585 1436 τῶν
1613 1384 1842 1438 λοιπῶν

287 1469 464 1537 τριῶν
488 1471 780 1537 συνόδων,
821 1473 939 1526 τῶν
978 1473 1477 1542 διαγνωσθέντων,
1523 1475 1618 1528 καί
1665 1492 1841 1543 κηρυ-

282 1561 524 1625 ξάντων
546 1564 664 1630 ὅλῳ
692 1562 770 1628 τῷ
804 1565 1008 1632 κόσμῳ
1037 1565 1143 1618 τὸν
1166 1565 1272 1617 ἕνα
1291 1564 1546 1633 Χριστὸν
1573 1566 1669 1620 καί
1706 1567 1843 1619 Υιὸν

281 1651 387 1704 καὶ
421 1653 655 1720 Κύριον,
710 1653 1000 1709 ἑνωθέντα
1039 1655 1107 1708 ἐκ
1135 1654 1241 1708 δύο
1271 1656 1531 1723 φύσεων,
1577 1657 1842 1724 ἀσυγχύ-

281 1760 423 1809 τως,
469 1744 566 1797 καί
610 1745 926 1812 ἀτρέπτως,
961 1745 1059 1799 καί
1109 1746 1471 1814 ἁχωρΙστως.
1513 1747 1622 1815 τῆς
1654 1745 1842 1815 αὐτῆς

1938 662 2020 717 bis
2056 681 2070 717 :
2115 661 2209 717 Sat
2251 665 2367 718 novi
2399 667 2538 732 apud
2563 682 2650 719 vos
2679 681 2781 718 non
2824 681 2936 719 esse
2982 667 3040 718 in
3064 667 3268 721 occulto
3294 675 3495 735 quarta

1937 753 2119 821 synodi
2154 754 2384 823 modum,
2415 756 2567 824 cujus
2592 757 2844 809 sanctitas
2890 763 2981 808 tua
3004 757 3059 808 in
3096 756 3320 824 epistola
3353 773 3496 810 men-

1939 845 2128 897 tionem
2152 846 2380 914 induxit,
2401 862 2615 915 eamque
2646 863 2749 900 una
2781 863 2900 899 cum
2928 846 3047 900 aliis
3096 847 3260 899 tribus
3285 848 3496 916 synodis

1937 935 2209 990 collocauit
2237 951 2257 989 :
2296 939 2535 1008 cupitque
2586 954 2678 992 nos
2711 955 2825 992 eam
2860 940 3116 1006 recipere,
3146 943 3305 1008 quam
3337 955 3499 1008 neque

1937 1024 2147 1088 Patres,
2171 1043 2326 1096 neque
2349 1029 2584 1083 doctores
2609 1030 2772 1082 nostri
2804 1038 3122 1096 receperunt,
3144 1030 3359 1083 scientes
3383 1044 3498 1082 eam

1938 1118 2058 1171 aliis
2095 1120 2259 1181 tribus
2289 1121 2524 1189 synodis,
2558 1137 2674 1188 qua:
2709 1121 3147 1187 determinarunt,
3185 1129 3232 1174 et
3260 1121 3498 1174 uniuerso

1941 1216 2199 1262 terrarum
2223 1210 2338 1262 orbi
2361 1218 2782 1280 promulgarunt,
2813 1227 2972 1264 unum
3029 1210 3297 1263 Christum
3319 1221 3368 1264 et
3399 1209 3498 1263 Fi—

1939 1298 2067 1350 lium
2119 1307 2167 1350 et
2203 1297 2482 1352 Dominum
2523 1299 2727 1352 unitum
2755 1315 2818 1352 ex
2841 1297 3040 1351 duabus
3076 1299 3280 1359 naturis
3318 1297 3500 1350 incon-

1941 1387 2075 1455 [περ.
2124 1371 2520 1443 inimutabilikr
2595 1401 2643 1443 et
2715 1389 3156 1455 inseparabiliter,
3202 1388 3397 1440 absona
3440 1401 3503 1439 ac

1940 1476 2142 1530 diversa
2173 1477 2453 1539 censuisse,
2474 1493 2591 1529 cum
2625 1485 2827 1530 asserat
2856 1477 2991 1528 duas
3025 1485 3245 1529 naturas
3283 1475 3501 1538 divisas,

1939 1573 1991 1616 et
2013 1554 2420 1632 operationes,“
2441 1566 2757 1630 voluntates,
2793 1565 3036 1617 Nestorio
3070 1567 3190 1633 ipsi.
3226 1565 3360 1617 duas
3386 1581 3503 1632 per-

1940 1673 2095 1711 sonas
2123 1659 2168 1711 si
2206 1659 2460 1727 excipias,
2497 1659 2853 1719 consentiens;
2883 1656 2972 1710 ille
2987 1659 3121 1710 enim
3152 1657 3345 1724 fatetur
3366 1657 3500 1709 duas

1940 1765 2208 1819 personas,
2244 1751 2474 1820 synodus
2513 1766 2692 1813 unam,
2757 1751 2929 1818 sicque
2979 1747 3285 1801 orthodoxis
3323 1747 3501 1814 furum

231 1887 242 1916 λ
281 1833 557 1888 συνόδου
583 1837 670 1899 εις
692 1834 799 1890 δύο
823 1838 1036 1904 φύσεις
1061 1839 1501 1906 κεχωρισμένας
1521 1840 1838 1908 λεγούσης,

1952 1843 2142 1908 faciens
2192 1842 2341 1908 quasi
2387 1857 2490 1893 non
2542 1841 2829 1893 consentiat
2886 1838 3156 1892 Nestorio.
3206 1837 3504 1891 Adiniratio

282 1922 388 1976 καί
419 1923 733 1992 ἐνεργείας,
777 1926 875 1978 καί
933 1929 1230 1995 θελήσεις,
1272 1929 1717 1998 ὁμοφωνήσασα
1765 1930 1845 1996 τῷ

211 2055 216 2058 .
281 2014 605 2082 Νεστορίῳ,
657 2016 823 2082 πλὴν
857 2019 942 2081 είς
990 2017 1061 2071 τὰ
1107 2018 1217 2072 δύο
1259 2020 1574 2086 πρόσωπα·
1611 2020 1843 2075 ἐκείνου

277 2103 403 2171 μὲν
436 2103 719 2172 λέγοντος
743 2106 853 2160 δύο
893 2108 1199 2174 πρόσωπα,
1243 2108 1431 2177 αὐτῆς
1460 2110 1528 2162 δὲ
1571 2109 1844 2173 δοξαζού-

281 2209 410 2262 σης
435 2194 522 2262 ἐν,
563 2197 660 2250 καὶ
712 2198 810 2251 διὰ
836 2198 1009 2252 τοῦτο
1057 2200 1199 2263 τοὺς
1229 2200 1584 2266 ὀρθοδόξους
1626 2201 1843 2268 χλευὰο

281 2302 476 2352 σασα,
508 2288 596 2341 ὅτι
630 2291 700 2344 οὐ
728 2291 1037 2358 συμφωνεῖ
1068 2291 1145 2356 τῷ
1187 2285 1502 2360 Νεστορίφ.
1537 2291 1843 2360 Θαυμάζειν

289 2395 388 2446 μοι
449 2377 625 2432 ἔπεισι
665 2380 885 2433 τοιαῦτα
924 2382 1220 2451 γράφοντός
1259 2399 1351 2435 σου
1377 2399 1392 2412 ο
1426 2382 1546 2435 οὐδὲ
1580 2383 1687 2451 γὰρ
1721 2400 1844 2434 συν·

285 2471 452 2538 ἧκας,
482 2471 558 2535 ῶς
589 2472 650 2540 γέ
687 2489 775 2541 μοι
821 2472 967 2525 δοκεῖ
1012 2474 1075 2526 ὲκ
1119 2473 1225 2530 τῶν
1257 2474 1364 2525 σῶν
1414 2475 1693 2544 ῥημάτων,
1741 2474 1842 2541 τῆς

289 2561 457 2623 ἀνἀς
497 2549 763 2630 τετάρτης
820 2561 1034 2614 συνόδου
1089 2563 1150 2614 τό
1191 2580 1251 2614 τε
1300 2562 1540 2631 βούλημα
1602 2564 1692 2615 καὶ
1747 2563 1846 2632 τὴν

288 2653 698 2722 πραγματείαν.
729 2653 975 2722 Οὑδαμοῦ
1005 2653 1109 2723 γὰρ
1139 2654 1384 2722 φαίνεται
1416 2654 1688 2723 ἡτοιαύτη
1717 2654 1848 2721 ἁγία

291 2740 533 2805 σύνοδος,
564 2741 656 2793 δύο
685 2737 878 2808 φύσεις⁸
908 2743 1313 2812 κεχωρισμένας
1359 2743 1732 2804 ίδιοσυστάτως
1759 2740 1848 2794 οὗ·

294 2847 420 2896 σας,
449 2833 540 2884 καὶ
565 2832 685 2884 καθ’
709 2833 902 2894 ἑαυτὰς
929 2833 1029 2885 ἀνὰ
1065 2833 1228 2902 μέρος
1255 2833 1602 2903 ὑπαρχούσας
1633 2834 1728 2886 ἐπὶ
1753 2829 1846 2885 τοῦ

292 2921 443 2976 κατά
483 2920 710 2992 Χριστὸν
748 2924 1042 2993 μυστηρίου
1091 2924 1405 2988 δοξάζουσα,
1448 2926 1496 2976 εί
1534 2925 1624 2976 καὶ
1650 2922 1849 2984 ἀδίκως

294 3012 430 3082 παρ’
459 3013 610 3083 ὑμῶν
646 3017 1072 3082 συκοφαντεῖται,
1107 3015 1304 3082 μᾶλλον
1345 3016 1440 3085 μὲν
1467 3015 1558 3068 οὖν
1592 3016 1688 3079 τὰς
1719 3018 1848 3088 παρ’

294 3103 533 3173 ἑκάτερα
565 3103 661 3172 τῆς
688 3105 1005 3181 μεσότητος,
1041 3106 1203 3176 ἧγουν
1232 3105 1328 3175 τῆς
1366 3102 1642 3176 ἀληθείας,
1671 3107 1848 3173 δόξας,

1943 1947 2074 1987 sane
2098 1947 2182 1987 me
2207 1940 2369 1996 tenet,
2425 1941 2475 1986 te
2515 1930 2710 1984 similia
2751 1930 3004 1986 scribere.
3035 1927 3220 1999 Neque
3247 1928 3387 1982 enim
3419 1929 3503 1982 in-
3581 1928 3593 1992 ζ

1943 2022 2158 2092 telligis,
2187 2032 2244 2076 ut
2267 2023 2379 2092 ipse
2402 2011 2466 2076 ei
2491 2021 2598 2078 tuis
2613 2021 2787 2096 verbis
2805 2019 3056 2090 coniicio,
3084 2029 3285 2075 sancire
3298 2028 3506 2088 quarta:

1941 2113 2130 2184 synodi
2160 2129 2333 2183 neque
2359 2113 2716 2183 propositum,
2745 2127 2921 2182 neque
2948 2127 3191 2181 scopum.
3226 2111 3502 2180 Siquidem

1943 2213 2128 2261 sancta
2165 2205 2276 2260 haec
2299 2203 2537 2274 synodus
2581 2202 2716 2257 duas
2752 2211 2975 2257 naturas
3003 2217 3067 2256 ex
3115 2216 3172 2256 se
3204 2201 3506 2256 subsisten-

1945 2303 2025 2350 tes
2090 2295 2485 2364 separatimque
2529 2294 2850 2349 exsistentes
2894 2293 2947 2346 in
2999 2292 3198 2347 Christi
3249 2292 3508 2361 mysterio

1944 2400 2220 2454 nunquam
2253 2383 2443 2447 tenuit,
2478 2382 2604 2437 licet
2625 2397 2722 2436 vos
2756 2381 2902 2435 illam
2931 2395 3038 2434 non
3071 2379 3190 2434 sine
3219 2377 3506 2433 calumniae

1946 2475 2238 2545 ignominia
2269 2475 2660 2540 criminamini,
2697 2472 2942 2543 quinimo
2972 2471 3112 2525 inter
3131 2480 3372 2524 extrema
3399 2484 3533 2538 me-p

1945 2565 2092 2620 dium
2124 2565 2362 2620 veritatis
2391 2563 2658 2618 duntaxat
2704 2576 2956 2630 sequens,
2989 2575 3273 2616 excessum
3312 2569 3364 2616 et
3407 2562 3504 2616 de-

1947 2656 2168 2719 fectum,
2205 2671 2325 2724 quae
2378 2663 2504 2710 sunt
2559 2669 2588 2708 ε
2648 2653 2828 2707 medio
2876 2651 3220 2718 diverticula,
3277 2652 3508 2723 ideoque

1948 2747 2082 2800 falsa
2129 2745 2466 2814 abjudicans,
2506 2746 2740 2797 medium
2775 2744 2954 2797 lorum
3007 2751 3363 2810 occupantem
3389 2756 3507 2796 sen-

1947 2837 2168 2890 tentiam
2207 2836 2413 2890 veritati
2447 2836 2688 2888 innixam
2722 2834 3108 2889 constabilivit.
3140 2831 3508 2897 Quemadmo-

1947 2926 2075 2980 dum
2113 2926 2256 2980 enim
2285 2926 2356 3000 ⁸ἱιι
2422 2925 2621 2979 divinis
2678 2924 2915 2978 medium
2963 2924 3167 2978 obtinet
3199 2938 3382 2979 verum
3417 2937 3509 2977 ca-

1949 3018 2159 3072 tholicae
2184 3025 2238 3071 et
2290 3015 2595 3084 apostolica:
2630 3014 2883 3069 Ecclesia:
2902 3014 3116 3084 dogma,
3154 3013 3226 3067 ita
3254 3027 3509 3068 excessus

1950 3117 2004 3164 et
2031 3107 2269 3162 defectus
2307 3106 2524 3160 falsum.
2567 3105 2669 3171 Qui
2700 3120 2956 3174 namque,
2985 3113 3203 3174 propter
3254 3105 3507 3174 hyposta-

295 3195 445 3262 φημὶ
471 3194 555 3264 δὴ·
587 3193 676 3248 τὸν
714 3190 1045 3265 πλεονασμὸν
1072 3198 1165 3249 καὶ⁸
1207 3196 1302 3266 τὴν
1331 3197 1554 3262 ἔνδειαν,
1583 3199 1848 3268 ἐκτροπὰς

1952 3213 2079 3251 seon
2111 3197 2333 3250 triadem
2365 3210 2429 3249 ac
2449 3195 3186 3259 diversitatem,‘naturarum
3218 3194 3343 3248 item
3377 3194 3506 3247 tria-

295 3284 465 3346 οὔσας
497 3285 596 3354 τῆς
644 3286 954 3364 μεσότητος,
991 3288 1084 3339 καὶ
1123 3287 1208 3340 διὰ
1252 3288 1407 3340 τοῦτο
1434 3289 1645 3357 ψευδεῖς
1689 3288 1850 3352 οὔσας

1952 3287 2064 3341 dem
2098 3285 2449 3356 persenserit,
2480 3285 2560 3338 vel
2604 3293 2823 3354 pr0pter
2852 3293 3056 3337 natura:
3097 3284 3354 3338 unitatem
3395 3285 3507 3337 sin-

297 3373 752 3446 ὲξοστρακίσασα,
776 3377 872 3448 τὴν
904 3379 1072 3448 μέσην
1109 3379 1258 3443 τάξιν
1285 3379 1507 3448 ἔχουσαν
1524 3380 1702 3443 δόξαν,
1724 3381 1854 3450 ἀλη-

1952 3378 2125 3448 gnlare
2154 3377 2313 3430 etiam
2358 3376 2707 3445 hypostaseos
2761 3374 3142 3432 introduxerit.
3177 3389 3258 3427 na:
3284 3373 3330 3426 is
3371 3367 3516 3426 mihi

302 3466 456 3526 θείας
501 3466 763 3536 ἱχομένην
804 3469 1084 3538 ἐκράτυνε,
1131 3471 1236 3520 Καὶ
1273 3470 1379 3540 γὰρ
1414 3470 1599 3540 ῶσπερ
1628 3472 1719 3523 ἐπὶ
1758 3449 1854 3539 τῆς

1952 3467 2152 3520 videtur
2179 3481 2204 3519 a
2230 3449 2474 3519 veritatis
2510 3465 2768 3532 opinione
2818 3465 2869 3516 in
2915 3479 2998 3528 ea,
3032 3478 3151 3531 quae
3185 3477 3249 3518 ex
3279 3477 3515 3517 excessu

236 3600 246 3605 -
304 3555 579 3624 θεολογίας
601 3560 634 3624 ἡ
671 3559 899 3629 μεσότης
925 3559 1168 3628 φαίνεται
1201 3560 1394 3629 ἔχουσα
1421 3561 1648 3630 τάληθὲς
1684 3562 1870 3631 δόγμα

1952 3567 1996 3612 et
2025 3557 2233 3612 deiectu
2262 3556 2615 3624 consequitur
2636 3594 2650 3617 ,
2705 3555 2940 3609 falsitate
2972 3555 3206 3623 graviter
3234 3554 3506 3607 aberrare.

306 3645 408 3715 τῆς
448 3646 739 3717 καθολικῆς
793 3649 883 3700 καὶ
923 3650 1282 3718 ἀποστολικῆς
1336 3651 1680 3721 Ἐκκλησίας,
1725 3655 1753 3704 δ
1798 3653 1855 3706 δὲ

1952 3649 2094 3715 Quod
2128 3647 2361 3717 perpessi
2394 3654 2519 3700 sunt
2561 3645 2722 3700 Arius
2778 3656 2831 3700 et
2878 3644 3004 3698 Afer
3051 3643 3341 3713 Sabellius,
3367 3642 3506 3695 mala

306 3735 642 3806 πλεονασμὸς
675 3738 769 3789 καὶ
805 3740 836 3807 ἠ
865 3737 1038 3792 ἔνδεια
1080 3741 1139 3792 τὸ
1175 3740 1363 3808 ψεῦδος
1394 3743 1478 3810 (ὃς
1515 3743 1623 3811 γὰρ
1674 3744 1760 3796 διὰ
1798 3744 1858 3796 τὸ

1952 3755 2006 3793 ex
2031 3738 2291 3791 diametro
2340 3751 2397 3790 se
2435 3736 2667 3789 invicem
2705 3734 3070 3796 adversantia,
3109 3733 3296 3803 juncta
3327 3741 3508 3786 tamen

304 3825 528 3896 τρισσὸν
551 3825 655 3894 τῆς
690 3827 1034 3891 ὑποστάσεως
1063 3830 1156 3882 καὶ
1182 3830 1453 3902 διάφορον,
1485 3834 1578 3886 καὶ
1618 3835 1678 3885 τὸ
1710 3852 1858 3904 τρισο

248 3908 251 3909 ν
309 3918 400 3971 σὺν
449 3904 558 3970 τῶν
595 3917 808 3987 φύσεων
855 3920 1112 3984 δοξάσειε,
1163 3924 1250 3974 ναὶ
1298 3925 1404 3991 μὴν
1445 3925 1538 3976 καὶ
1584 3925 1642 3986 ὃς
1683 3925 1772 3978 διὰ
1799 3927 1859 3978 τὸ

308 4010 508 4063 ὲνιαῖον
534 4009 631 4077 τῆς
678 4009 910 4078 φύσεως.
953 4013 1044 4064 καὶ
1078 4012 1136 4064 τὸ
1176 4012 1461 4080 μοναδικὸν
1498 4015 1594 4084 τῆς
1624 4016 1858 4069 ὑποστάς

311 4115 449 4162 asto;
493 4101 1020 4170 συνεισφέροι,’τάχα
1067 4120 1154 4169 μοι
1204 4103 1350 4154 δοκεῖ
1381 4103 1476 4155 καὶ
1503 4107 1568 4176 τῇ
1608 4105 1857 4175 ἀληθείᾳ,

311 4194 376 4261 τῇ
411 4191 550 4245 κατὰ
583 4191 915 4260 πλεονασμὸν
958 4193 1053 4245 καὶ
1083 4193 1288 4246 ἔνδειαν
1315 4194 1441 4265 δόξῃ
1492 4194 1875 4263 νενοηκέναι(

314 4281 490 4350 Ὅπερ
529 4279 792 4334 πέπονθεν
819 4281 1034 4350 Ἀρειὸς
1066 4298 1126 4333 τε
1167 4280 1260 4334 καὶ
1293 4281 1574 4344 Σαϐἐλλιος
1608 4284 1635 4335 ὁ
1675 4282 1860 4347 Λίϐυς,

315 4371 384 4425 τὰ
422 4372 486 4424 ὲκ
510 4369 798 4440 διαμέτρου
839 4370 1003 4430 κακὰ,
1049 4372 1142 4424 καὶ
1176 4371 1407 4442 ὁμότιμα
1454 4369 1549 4440 τὴν
1589 4371 1860 4424 ἀσέϐειαν.

327 4462 391 4515 Ἦ
437 4461 496 4515 δὲ
526 4460 624 4530 τῆς
672 4462 923 4530 ἀληθείας
956 4462 1070 4521 ὸδδς
1119 4461 1253 4530 μέση
1303 4478 1384 4523 τις
1433 4456 1586 4522 οὖσα,
1617 4461 1709 4513 καὶ
1771 4462 1863 4514 τοῦ

319 4554 417 4622 μὶν
446 4552 506 4604 τὺ
541 4552 758 4620 τρισσδν
803 4552 908 4604 τῶν
956 4554 1188 4619 φύσεων,
1219 4551 1310 4604 τοῦ
1351 4553 1406 4603 δὲ
1450 4552 1861 4621 τδ,συγχυτικδν

318 4646 408 4696 καὶ
447 4642 732 4712 μοναδικὸν
778 4645 876 4712 τῆς
909 4625 1249 4704 ὑποστάσεως
1295 4641 1740 4711 ἐξοστρακίσασα,
1770 4643 1864 4694 ἕνα

315 4731 487 4794 Θεὸν,
541 4732 706 4801 ἧγουν
760 4733 886 4800 μίαν
938 4732 1124 4784 οὐσίαν
1177 4732 1269 4784 καὶ
1336 4732 1529 4799 φύσιν,
1590 4732 1682 4783 καὶ
1721 4734 1866 4798 τρεῖς

319 4823 641 4895 ὑποστάσεις
694 4824 1006 4891 δμοουσίους
1051 4825 1139 4876 ἐπὶ
1182 4824 1278 4890 τῆς
1333 4822 1607 4892 Θεολογίας
1658 4823 1867 4897 τρανῶς

319 4911 717 4981 ἀνακηρύττει.·
753 4912 924 4984 Ὅπερ
968 4912 1200 4978 εὐσεϐῶς
1261 4915 1294 4982 ὴ
1337 4913 1465 4981 ἁγία
1530 4915 1622 4966 καὶ
1687 4915 1868 4965 οἰκου-

325 5003 517 5074 μενικὴ
581 5003 770 5074 πρώτη
821 5005 1036 5068 σύνοδος
1083 5005 1331 5057 ὲθέσπισὲ
1384 5022 1445 5056 τε
1503 5006 1594 5058 καὶ
1654 5005 1865 5075 ῶρισε)·

325 5095 410 5147 τὸν
442 5094 606 5146 αὑτὸν
657 5094 721 5164 δὴ
773 5095 968 5172 τρύπσν
1005 5097 1099 5148 καὶ
1145 5097 1234 5146 ἐπὶ
1263 5095 1363 5164 τῆς
1403 5095 1561 5163 ἁγίας
1609 5097 1872 5164 τετάρτης

327 5185 544 5238 συνόδου
593 5185 812 5256 Θεωρεῖν
840 5186 1034 5240 ἔνεστι.
1071 5186 1177 5238 Τοῦ
1212 5188 1317 5257 γὰρ
1355 5186 1646 5257 Νεπορίου
1692 5186 1780 5239 διὰ
1813 5185 1874 5238 τὸ

326 5274 505 5327 δισσὸν
529 5275 626 5342 τῆς
653 5276 936 5344 ὁμολογίας
963 5278 1070 5328 τῶν
1096 5277 1324 5340 φύσεων.
1361 5278 1454 5329 καὶ
1490 5277 1550 5328 τὸ
1576 5277 1753 5329 δισσὸν
1775 5277 1873 5344 τῆς

327 5365 672 5440 ὑποστάσεως
698 5367 1021 5434 είσάγοντος,
1053 5369 1145 5419 καὶ
1179 5368 1264 5419 διὰ
1292 5366 1449 5420 τοῦτο
1483 5367 1576 5421 δύο
1609 5367 1753 5429 υίοὺς
1783 5368 1874 5417 ἐπὶ

329 5455 425 5523 τῆς
450 5457 755 5526 οἰκονομίας
784 5458 1112 5521 δοξάζοντος,
1137 5457 1227 5510 τοῦ
1250 5475 1309 5525 γε
1338 5459 1442 5526 μὴν
1471 5458 1756 5527 Εὐτυχοῦς,
1783 5458 1876 5510 καὶ

333 5544 642 5614 Δισσκόρου,
673 5544 767 5596 καὶ
797 5545 1031 5613 Σεϐήρου
1061 5546 1154 5598 καὶ
1195 5548 1290 5613 τῆς
1322 5546 1455 5612 ἀμφ’
1482 5547 1639 5597 αὐτὸν
1671 5561 1879 5613 συμμο-

335 5635 477 5704 ρίας,
506 5636 591 5688 διὰ
620 5636 680 5687 τὸ
711 5637 906 5686 ἐνιαῖον
936 5636 1030 5702 τῆς
1064 5637 1426 5697 ὑποστάσεως,
1459 5634 1627 5685 καὶτὸ
1667 5632 1879 5703 μοναδι-

336 5725 429 5778 nov
455 5725 552 5794 τῆς
593 5725 806 5794 φύσεως
838 5724 1111 5791 λέγοντος·
1152 5724 1380 5792 φανερὸν
1419 5724 1695 5790 δήπουοεν,
1731 5723 1811 5774 ὅτι
1849 5723 1879 5772 δ

335 5818 439 5885 μὲν
465 5821 528 5887 τῇ
578 5817 717 5869 κατὰ
769 5816 1093 5885 πὶεοντισμδν
1121 5817 1306 5884 ψευδεῖ
1343 5813 1463 5883 δόξῃ
1516 5815 1818 5883 νενόσηκεν,
1853 5815 1878 5864 ὁ

1947 3831 2234 3899 impietate.
2261 3828 2362 3882 Sed
2401 3829 2640 3882 veritatis
2669 3825 2980 3888 via-media,
3013 3837 3067 3878 et
3104 3823 3266 3892 hujus
3297 3821 3508 3890 quidem

1947 3920 2118 3974 triade
2171 3927 2508 3981 naturarum,
2562 3917 2708 3970 illius
2750 3914 2980 3970 confuso
3041 3929 3104 3968 ac
3157 3914 3512 3983 hyposuaseos

1948 4011 2207 4079 singulari
2251 4009 2589 4079 proscriptis,
2638 4023 2805 4061 unum
2846 4006 3035 4069 Deum,
3091 4020 3253 4058 unam
3307 4003 3512 4059 scilicet

1946 4098 2257 4159 essentiam,
2287 4107 2340 4150 et
2363 4106 2632 4158 naturam,
2655 4103 2709 4149 et
2757 4106 2866 4149 tres
2906 4094 3148 4163 ejusdem
3175 4101 3384 4147 naturae
3410 4093 3510 4163 hy-

1947 4200 2189 4260 postascs
2214 4189 2266 4243 in
2296 4188 2493 4242 divinis
2528 4187 2704 4256 palam
2733 4185 3078 4256 deprazdicat,
3110 4184 3253 4253 quod
3278 4184 3364 4252 pie
3384 4197 3513 4236 san-

1947 4289 2032 4334 cla
2083 4289 2134 4332 et
2173 4277 2504 4332 tecumenica
2549 4275 2723 4344 prima
2766 4273 3000 4345 synodus
3048 4272 3286 4327 decrevit
3334 4281 3388 4326 et
3419 4271 3515 4326 dc-

1951 4368 2275 4434 icrminavit.
2311 4367 2486 4421 Simili
2539 4367 2746 4421 ratione
2775 4375 2829 4420 et
2855 4365 2923 4421 de
2968 4370 3152 4420 sancta
3184 4370 3375 4432 quarta
3427 4370 3516 4432 s‘y-

1950 4461 2092 4516 nodo
2118 4459 2608 4530 philosophandum
2661 4465 2764 4512 est.
2809 4453 3262 4538 Nam,Nestorio,
3299 4462 3517 4522 propter

1965 4550 2230 4618 geminam
2257 4557 2524 4608 naturam,
2558 4544 2824 4616 geminam
2859 4543 3022 4598 etiam
3071 4542 3401 4611 hypostasim
3437 4540 3517 4594 in-

1970 4637 2304 4698 troducente,
2355 4634 2582 4702 ideoque
2613 4633 2750 4688 duos
2784 4632 2921 4687 ﬁlios
2955 4631 3009 4685 in
3040 4630 3340 4686 oeconomia
3375 4643 3518 4682 asse-

1967 4737 2117 4782 rente
2147 4744 2160 4780 :
2187 4725 2426 4796 Eutyche
2463 4738 2590 4779 vero
2609 4738 2672 4779 ac
2714 4723 2987 4788 Dioscoro,
3030 4734 3239 4776 necnon
3293 4719 3512 4783 Severo,

1968 4820 2196 4888 aliisque
2224 4818 2462 4887 ejusdem
2484 4815 2744 4871 doctrina:
2770 4812 3132 4874 consortibus,
3162 4818 3380 4878 propter
3400 4808 3516 4860 uni-

1971 4921 2136 4964 tatem
2168 4909 2490 4980 hypostasis,
2537 4907 2810 4976 singulare
2845 4916 3061 4974 quoque
3114 4912 3318 4954 natum
3349 4899 3518 4950 faten-

1972 5003 2134 5066 tibus,
2167 4999 2509 5054 manii'estum
2556 5007 2662 5062 est,
2720 4996 2864 5048 hunc
2915 4992 3126 5061 quidem
3175 5005 3237 5044 ex
3271 5003 3513 5045 excessu,

1972 5095 2103 5146 alios
2133 5107 2196 5145 ex
2225 5089 2433 5144 defectu
2479 5086 2616 5140 mala
2645 5083 2895 5153 opinione
2933 5080 3224 5134 laborasse.
3257 5074 3356 5126 Sed
3388 5072 3517 5125 deti-

1974 5181 2104 5234 nitio
2125 5187 2324 5234 sancta:
2357 5170 2809 5230 Chalcedonensis
2838 5167 3024 5239 synodi
3057 5164 3283 5218 mediam
3316 5162 3516 5214 verita-

1973 5271 2042 5324 tis
2087 5270 2226 5322 viam
2253 5268 2514 5335 ingressa,
2543 5270 2891 5327 sanctamque
2918 5266 2970 5310 et
2998 5250 3385 5308 (ecumenicam
3406 5249 3518 5316 pri-

1977 5348 2116 5412 mam
2147 5355 2406 5427 synodum
2430 5363 2631 5414 secuta,
2663 5363 2784 5417 quae
2841 5346 3062 5400 mediam
3093 5338 3332 5427 veritatis
3377 5338 3516 5389 viam

1977 5426 2352 5506 coiistabilivit,
2383 5441 2613 5496 absurda
2640 5452 2804 5507 penes
2832 5444 3084 5490 extrema,
3117 5426 3310 5494 duplex
3329 5440 3519 5492 nempe

1979 5540 2346 5607 hypostaseos,
2408 5531 2548 5600 quod
2581 5529 2715 5583 duos
2750 5527 2886 5578 ﬁlios
2917 5519 3041 5572 facit
3090 5525 3141 5569 et
3171 5521 3305 5607 duos
3360 5513 3519 5607 Chrif

1977 5603 2106 5690 stos,
2139 5625 2279 5695 quod
2316 5633 2397 5677 est
2445 5636 2539 5690 per
2561 5631 2857 5688 excessum,
2894 5614 2999 5664 imo
3028 5617 3082 5661 et
3105 5605 3394 5670 defectum,
3424 5603 3518 5695 qui

1979 5693 2194 5787 propter
2223 5705 2490 5781 singulare
2515 5706 2834 5778 hypostasis,
2866 5710 3069 5752 natura:
3102 5707 3313 5764 quoque
3347 5693 3522 5787 unita-

1982 5781 2093 5862 tvni
2124 5805 2359 5865 exhibet,
2390 5799 2680 5866 corrigens,
2707 5789 2941 5848 veritatis
2965 5788 3123 5853 viam,
3143 5798 3258 5863 quae
3284 5781 3516 5837 medium
