3934 6316
505 245 606 306 599

1751 240 2040 303 NICET/E
2081 243 2475 311 BYZANTINI

3619 245 3720 312 600

499 363 729 423 occupat
755 354 1118 418 conﬁrmavit,
1171 360 1222 407 et
1255 354 1428 420 palam
1461 355 1748 410 confitetur
1774 355 1828 407 in
1860 356 2024 409 union

2162 354 2218 405 δὲ
2240 361 2304 430 τῇ
2331 361 2451 413 κατ’
2479 348 2699 415 ἔνδειαν.
2728 360 2789 414 Ἢ
2811 361 2866 414 δὲ
2891 361 2988 431 τῆς
3019 364 3074 414 ἐν
3095 359 3572 430 Χαλκηδόνιάγίας
3599 375 3717 414 συν-

499 452 697 504 tihristi
739 451 1035 505 secundum
1069 449 1418 520 hypostasim,
1454 451 1588 504 duas
1619 459 1840 505 naturas
1865 464 2064 503 convc-

2165 449 2284 531 ὁδοί)
2321 451 2643 521 θεσμοθεσία
2683 453 2854 522 μέσην
2883 453 3000 506 ὁδὸν
3030 455 3125 522 τῆς
3154 452 3407 523 ἀληθείας
3434 452 3715 519 βαδίσασα,

500 545 645 598 nisse
672 545 902 612 partium
940 544 1111 598 locum
1140 544 1190 596 in
1239 559 1346 598 uno
1370 543 1584 599 Christo
1620 543 1976 606 continentes,
2007 560 2030 598 e

2164 543 2258 593 καὶ
2287 544 2634 614 μιμησαμένη
2668 545 2765 614 τὴν
2790 544 2950 612 ἀγίαν
2973 545 3064 596 καὶ
3091 543 3471 612 οίκουμενικὴν
3495 542 3716 611 πρώτην

499 649 660 686 unam
691 633 1020 702 hypostasim
1046 650 1058 685 :
1086 631 1302 701 quando
1321 633 1554 687 medium
1585 632 1788 700 aliquid
1819 631 2030 686 obtinea

2164 630 2399 696 σύνοδον,
2448 633 2568 704 ἥτις
2617 634 2714 704 τὴν
2764 634 2932 705 μέσην
2984 635 3100 687 ὁδὸν
3151 634 3246 702 τῆς
3294 633 3551 702 ἀληθείας
3599 631 3716 683 ἐσε-

495 738 618 777 cum
660 725 916 778 extremis
942 738 1250 786 commune,
1285 732 1338 778 et
1367 725 1420 778 in
1450 723 1632 793 aliquo
1654 724 1886 788 dill'erat,
1919 732 1972 777 et
2006 725 2056 776 in

493 813 692 880 quibus
723 828 845 866 cum
865 828 1087 867 excessu
1123 814 1480 878 disconvenit,
1527 829 1651 869 cum
1681 814 1891 868 delectu
1921 829 2050 868 con-

492 903 712 968 cordat;
747 904 798 956 in
833 905 1031 972 quibus
1071 914 1249 959 autem
1279 922 1306 959 a
1355 905 1566 960 defectu
1604 906 1897 971 discordat,
1934 922 2056 963 cum

491 1007 715 1048 excessu
740 995 1012 1048 convenit.
1052 993 1291 1064 Exempli
1323 1011 1524 1050 causa:
1559 995 1813 1052 Ecclesia:
1848 999 2052 1066 opinio,

487 1094 611 1150 quce
632 1080 699 1134 ab
725 1082 862 1138 Aria,
899 1083 1196 1136 secundum
1241 1092 1465 1137 naturas
1495 1083 1764 1147 dissentit,
1793 1099 1914 1138 cum
1952 1084 2052 1140 Sa-

485 1172 649 1226 bellio
679 1187 840 1225 unam
879 1184 1122 1226 naturam
1143 1182 1415 1227 asserente
1446 1177 1748 1241 consentit;
1781 1192 1899 1245 quae
1929 1191 2050 1231 cum

487 1260 723 1316 Sabellio
752 1271 955 1332 pugnat
1009 1264 1306 1317 secundum
1365 1265 1640 1333 singulare
1679 1276 1731 1319 et
1761 1265 2050 1320 confusum

485 1352 807 1423 hypostasis,
838 1370 942 1408 non
983 1355 1235 1410 abhorret
1260 1357 1326 1409 ab
1347 1355 1475 1410 Ario
1497 1353 1796 1410 secundum
1827 1358 2049 1423 triadem

484 1445 865 1514 hypostaseon.
909 1448 1000 1501 Sic
1029 1448 1193 1501 etiam
1253 1448 1666 1502 discurrendum
1705 1459 1788 1502 est
1818 1449 1870 1502 in
1900 1463 2050 1503 uaco-

482 1539 660 1592 nomia
691 1538 963 1592 demedia
995 1540 1101 1602 \ia,
1137 1540 1382 1593 veritatis
1419 1553 1609 1606 nempe
1643 1542 1964 1594 sententiam
1995 1541 2047 1595 in

479 1630 661 1695 aliquo
689 1642 811 1680 eum
837 1629 1091 1682 extremis
1121 1629 1468 1692 concordare,
1517 1629 1569 1684 in
1599 1630 1782 1700 aliquo
1811 1631 2045 1693 dilTerre,

477 1726 531 1769 et
554 1716 604 1770 in
642 1713 841 1786 quibus
857 1718 1032 1771 differt
1065 1718 1130 1771 ab
1161 1733 1407 1785 excessu,
1431 1736 1553 1774 eum
1586 1721 1793 1777 delectu
1821 1736 2049 1777 concor-

476 1808 630 1870 dare,
672 1809 723 1861 in
756 1809 1026 1877 quibusa
1057 1809 1290 1870 defectu,
1352 1825 1475 1865 cum
1525 1827 1773 1866 excessu.
1832 1812 1912 1867 Sit
1951 1828 2047 1882 pro

475 1901 743 1969 exemplo.
778 1900 1052 1955 Ponantur
1085 1903 1392 1969 opiniones,
1424 1903 1681 1969 Nestorii,
1719 1904 1963 1973 inquam,
1993 1913 2047 1960 et

475 1990 812 2061 Eutychetis,
853 2002 906 2046 et
937 1992 1142 2055 Severi,
1173 2009 1403 2062 quarum
1449 1995 1617 2050 altera
1654 1997 1791 2051 duas
1825 2009 2046 2053 naturas

472 2093 527 2136 et
556 2083 692 2136 duas
725 2096 985 2150 personas
1032 2083 1228 2138 fatetur
1252 2124 1266 2148 ,
1296 2085 1462 2139 altera
1495 2102 1656 2141 unam
1708 2099 1954 2144 naturam
1992 2100 2046 2146 et

473 2189 636 2228 unam
669 2176 1001 2244 hypostasim
1033 2176 1245 2230 asserit.
1291 2174 1629 2232 Manifestum
1651 2179 1794 2234 ic-ter
1834 2195 1928 2236 eas
1961 2196 2044 2236 se-

470 2267 707 2322 cundum
726 2283 1009 2322 excessum
1029 2275 1190 2335 atque
1212 2268 1479 2324 delectum
1497 2269 1722 2324 nimium
1757 2273 2038 2339 interesse,

470 2359 740 2427 siquidem
780 2375 965 2414 earum
1001 2358 1312 2428 longissime
1337 2359 1551 2420 diversa
1590 2361 1726 2416 ratio
1746 2369 1847 2425 est,
1880 2363 2041 2418 nihil-

468 2463 575 2517 que
600 2456 702 2510 est.
725 2462 835 2516 quo
862 2456 1077 2512 natura,
1109 2448 1190 2501 vel
1214 2448 1516 2518 bypostasis
1544 2449 1682 2503 inter
1706 2465 1765 2504 se
1799 2466 2040 2507 commu-

468 2540 669 2594 nicent.
697 2540 874 2605 Quare
900 2547 1211 2594 assumatur
1258 2554 1321 2592 ea
1370 2527 1599 2609 opinio,
1629 2556 1750 2610 quae
1796 2543 2034 2598 medium

465 2632 714 2686 veritatis
743 2642 998 2701 occupat;
1034 2647 1096 2686 ea
1123 2633 1346 2688 omnino
1400 2633 1453 2688 in
1487 2634 1670 2702 aliquo
1704 2651 1826 2689 cum
1855 2649 2031 2692 extre-

466 2725 572 2779 tnis
597 2724 888 2778 convenire
917 2725 1096 2784 debet.
1133 2733 1186 2779 et
1227 2725 1278 2778 in
1328 2727 1508 2795 aliquo
1545 2727 1870 2797 discrepare,
1901 2743 1953 2786 et
1981 2733 2034 2786 in

465 2815 667 2884 quibus
693 2817 762 2869 ab
783 2829 1010 2870 excessu
1029 2815 1393 2880 disconvenit,
1419 2832 1540 2871 cum
1568 2819 1780 2875 delectu
1804 2837 2034 2876 consen-

465 2909 588 2973 tire,
619 2909 670 2961 in
694 2907 892 2978 quibus
921 2907 1153 2962 defectui
1177 2923 1281 2962 non
1317 2911 1632 2974 concordat,
1661 2927 1782 2965 cum
1808 2928 2031 2969 excessu

2162 722 2383 788 δαίωσε,
2414 725 2508 776 καὶ
2529 725 2667 796 αὐτὴ
2704 726 2770 779 τά
2802 727 2928 796 παρ’
2957 727 3191 795 ἐκάτερα
3227 724 3420 788 ἀτοπα,
3446 724 3508 776 τὸ
3538 723 3717 776 δισσὸν

2159 815 2268 868 τῶν
2292 816 2659 883 ὑποστάσεων,
2688 819 2820 889 ὅπερ
2848 821 2991 872 ποιεῖ
3030 817 3123 872 δύο
3165 819 3312 880 υίοὺς
3343 817 3436 870 καὶ
3472 815 3565 869 δύο
3599 832 3715 884 χρι-

2161 909 2337 974 στοὺς,
2367 908 2394 962 δ
2438 911 2551 963 ἐστι
2599 910 2737 964 κατά
2766 911 3118 981 πλεονασμὸν,
3168 910 3300 965 ἀλλά
3330 908 3438 979 μὴν
3475 907 3566 960 καὶ
3618 907 3714 975 τὴν

2158 998 2388 1065 ἔνδειαν,
2418 1002 2554 1070 ὅπερ
2577 1000 2664 1054 διά
2693 1001 2752 1054 τὸ
2783 1003 2978 1055 ένιαῖον
3008 1001 3104 1071 τῆς
3144 1001 3491 1063 ὑποστάσεως
3516 1000 3584 1069 τῇ
3614 999 3714 1066 φῦ·

2159 1106 2240 1142 σει
2282 1092 2343 1143 τὸ
2381 1090 2664 1160 μοναδικόν
2720 1093 2919 1156 δίδωσι,
2951 1092 3049 1163 τὴν
3093 1093 3260 1162 μέσην
3305 1090 3457 1156 τάξιν
3488 1089 3714 1158 ἔχουσαν

2155 1179 2272 1233 ὁδὸν
2317 1179 2571 1251 ἀληθείας
2615 1182 2896 1251 ἐκράτυνε,
2944 1181 3037 1234 καὶ
3075 1179 3433 1249 ἀνακηρύττει
3480 1178 3573 1230 ἐπὶ
3616 1177 3714 1246 τῆς

2155 1268 2276 1321 καθ’
2307 1269 2601 1322 ὑπόστασιν
2628 1270 2869 1331 ἑνὼσεως
2903 1269 2996 1322 τοῦ
3042 1268 3272 1337 Χριστοῦ
3300 1268 3390 1319 δύο
3419 1267 3608 1333 φύσεις
3646 1266 3712 1318 τὰ

2154 1359 2493 1427 συνελθόντα,
2529 1361 2707 1431 μερῶν
2736 1360 2884 1424 τάξιν
2913 1361 3100 1428 ἔχοντα
3133 1362 3189 1411 ὲν
3222 1359 3296 1430 τῷ
3343 1359 3422 1410 ἑνὶ
3469 1356 3709 1427 Χριστῷ,

2154 1452 2284 1519 μίαν
2309 1449 2363 1503 δὲ
2402 1451 2498 1521 τὴν
2540 1451 2853 1504 ὑπόστασιν.
2899 1449 3115 1518 Ἐπειδὴ
3159 1449 3190 1518 ἡ
3234 1447 3463 1517 μεσότης
3515 1447 3608 1499 ἐπί
3658 1462 3712 1497 τι

2151 1543 2396 1597 κοινωνεῖ
2419 1543 2528 1604 τοῖς
2553 1541 2763 1611 ἄκροις,
2796 1541 2886 1594 καὶ
2923 1542 3014 1593 ἐπί
3042 1558 3093 1593 τι
3122 1540 3389 1610 διαφέρει,
3420 1537 3516 1591 καὶ
3547 1540 3608 1590 ὲν
3630 1532 3712 1599 οἷς

2150 1631 2465 1702 διαφέρεται
2483 1633 2559 1702 τῷ
2588 1632 2928 1702 πλεονασμῷ,
2965 1634 3208 1685 κοινωνεῖ
3233 1634 3294 1700 τῇ
3319 1630 3515 1700 ἐνδείᾳ,
3543 1630 3601 1680 ὲν
3631 1623 3711 1688 οἷς

2148 1723 2203 1776 δὲ
2251 1723 2562 1794 διαφέρεται
2606 1727 2670 1794 τῇ
2707 1723 2904 1793 ινδείᾳ,
2947 1724 3191 1776 κοινωνεῖ
3237 1721 3311 1790 τῷ
3362 1717 3707 1787 πλεονασμῷ.

2147 1807 2272 1864 Οἷόν
2297 1811 2347 1865 τί
2370 1829 2538 1881 φημιο
2575 1813 2644 1865 Τὸ
2676 1815 2774 1882 τῆς
2811 1813 3130 1882 Ἐκκλησίας
3159 1812 3433 1881 φρόνημα,
3455 1807 3711 1878 διαφερό-

2149 1919 2310 1971 μενον
2341 1903 2415 1972 τῷ
2445 1902 2536 1955 τοῦ
2579 1904 2784 1974 Ἀρείου
2824 1903 2963 1956 κατά
2991 1903 3088 1964 τὰς
3126 1902 3334 1970 φύσεις,
3367 1897 3711 1967 κοινωνείτῷ

2146 1991 2455 2060 Σαδελλίου,
2485 1993 2560 2063 τῷ
2603 1995 2731 2063 μῖαν
2775 1993 2936 2061 φύσιν
2975 1993 3248 2058 δοξάζειν·
3282 1991 3374 2044 τοῦ
3403 1990 3456 2043 δὲ
3495 1991 3559 2058 δὴ
3598 1991 3705 2042 Σα-

2145 2082 2355 2136 ϐελλίου
2384 2083 2770 2155 διαφερόμενον
2801 2087 2940 2138 κατά
2974 2087 3034 2138 τὸ
3076 2084 3357 2152 μοναδικόν
3383 2083 3476 2136 καὶ
3509 2100 3710 2152 συγχυ-

2143 2174 2292 2227 τικδν
2328 2175 2426 2245 τῆς
2475 2175 2842 2238 ὑποστάσεως,
2893 2178 3194 2246 συμφρονεῖ
3235 2174 3313 2245 τῷ
3356 2174 3448 2227 τοῦ
3493 2173 3706 2240 Ἀρείου

2143 2266 2281 2318 κατὰ
2335 2267 2395 2318 τὸ
2447 2265 2668 2336 τρισσὸν
2706 2266 2813 2320 τῶν
2869 2267 3236 2320 ύποστάσεων.
3283 2264 3470 2329 Οὕτως
3529 2265 3707 2317 ἔνεστι

2143 2359 2362 2411 σκοπεῖν
2421 2358 2512 2411 καὶ
2538 2359 2628 2411 ἐπὶ
2661 2357 2758 2428 τῆς
2788 2360 3095 2429 οἰκονομίας
3132 2359 3229 2429 τὴν
3266 2360 3436 2429 μέσην
3466 2357 3584 2410 έδῦν
3607 2357 3707 2424 τῆς

2137 2449 2395 2518 ἀληθείας
2438 2449 2613 2515 δόξαν,
2653 2451 2744 2503 ἐπί
2786 2468 2834 2502 τι
2881 2453 3155 2503 κοινωνεῖν
3203 2452 3297 2504 καὶ
3347 2449 3708 2520 διαφέρεσθαι

2137 2542 2248 2604 τοῖς
2284 2541 2470 2612 ἄκροις
2493 2557 2506 2571 ο
2559 2543 2650 2594 καὶ
2681 2537 2844 2605 ἐνόἶς
2877 2542 3188 2610 διαφέρεται
3231 2541 3307 2611 τῷ
3355 2540 3706 2609 πλεονασμῷ,

2138 2634 2384 2683 κοινωνεῖ
2515 2632 2713 2703 ἐνδείᾳ,
2754 2635 2810 2686 εν
2842 2628 2921 2696 οἷς
2958 2633 3013 2685 δὲ
3053 2632 3362 2703 διαφέρεται
3394 2634 3458 2701 τῇ
3502 2631 3701 2701 ἐνδείᾳ,

2136 2725 2382 2775 κοινωνεῖ
2403 2722 2477 2792 τῷ
2505 2723 2842 2793 πλεονασμῷ.
2864 2719 2986 2776 Οἴόν
3012 2741 3063 2777 τι
3084 2724 3226 2790 λέγω
3246 2739 3260 2751 ⁸
3281 2721 3708 2792 Προκείσθωσαν

2135 2812 2305 2876 δόξαι,
2340 2811 2430 2864 τοῦ
2465 2813 2777 2883 Νεστορίου,
2812 2813 2977 2883 φημὶ,
3015 2815 3108 2865 καὶ
3141 2812 3432 2882 Εὑτυχοῦς,
3472 2812 3566 2864 καὶ
3600 2811 3702 2862 Σα-

2137 2902 2305 2970 δήρου
2328 2904 2401 2971 ,ἡ
2437 2904 2531 2970 μὲν
2569 2902 2661 2956 δύο
2705 2903 2892 2972 φύσεις
2929 2904 3023 2955 καὶ
3054 2903 3146 2956 δύο
3199 2903 3460 2972 πρόσωπα
3490 2902 3700 2967 κηριῖτ-

463 2998 740 3068 conjungi.
775 2995 921 3053 Talis
957 3007 1041 3052 est
1085 3009 1283 3053 saneta:
1327 3009 1534 3069 quartae
1586 3003 1774 3072 synodi
1815 3014 2030 3058 st-ntcn-

2135 3009 2324 3056 τουσα,
2359 2993 2391 3061 ἡ
2433 2993 2488 3045 δὲ
2544 2994 2673 3064 μίαν
2708 2994 2869 3064 φύσιν
2908 2994 3001 3046 καὶ
3045 2993 3171 3063 μίαν
3205 2993 3503 3045 ὑπόστασιν
3546 2991 3704 3054 δοξάς⁸

464 3090 558 3151 tia,
600 3090 654 3142 in
683 3087 901 3144 Christo
938 3089 1074 3142 duas
1125 3098 1348 3144 naturas
1400 3098 1450 3144 et
1483 3108 1645 3144 unam
1700 3093 2027 3162 hyposlasim

462 3179 787 3240 enuntians.
820 3193 938 3246 quae
989 3193 1016 3230 a
1073 3175 1322 3233 Nestorio
1361 3183 1658 3236 secundum
1694 3183 2026 3253 hypostasim

461 3269 788 3324 dissentiens
813 3268 924 3337 (ille
951 3268 1094 3321 enim
1133 3269 1290 3333 duas,
1333 3270 1445 3323 haec
1488 3288 1648 3325 unam
1697 3274 2023 3343 proﬁtetur),

459 3375 583 3412 cum
637 3357 878 3426 Eutyche
917 3369 1076 3424 atque
1108 3358 1309 3414 Severo
1336 3364 1626 3425 consentit,
1672 3365 1815 3433 quod
1843 3376 1893 3419 et
1925 3367 2024 3435 ipsi

462 3461 625 3499 unam
657 3447 1008 3525 lhypostasim
1048 3447 1394 3504 conﬁtentur.
1448 3450 1550 3505 Sed
1604 3469 1818 3508 rursum
1855 3472 1882 3509 a
1912 3457 2026 3509 Dio-

459 3551 638 3599 scoro,
675 3544 728 3590 et
762 3536 1018 3606 Eutyche,
1062 3550 1116 3592 et
1145 3537 1345 3594 Severo
1383 3541 1796 3599 disconveniens
1831 3561 2024 3602 secun-

457 3632 587 3686 dum
618 3640 864 3686 naturam
891 3667 909 3694 ,
951 3630 1098 3699 quod
1131 3630 1209 3685 illi
1238 3647 1399 3686 unam
1435 3642 1683 3689 naturam
1716 3635 1768 3690 in
1800 3653 2020 3694 oecono-

458 3721 566 3775 mia
614 3729 881 3784 asserant,
936 3720 1024 3774 illa
1056 3719 1214 3786 duas,
1259 3736 1367 3775 non
1402 3721 1630 3783 dissidet
1677 3739 1706 3778 a
1751 3724 2019 3793 Nestorio,

456 3811 552 3881 qui
582 3811 716 3866 duas
748 3811 1126 3866 tantummodo
1177 3821 1399 3869 naturas
1442 3813 1494 3868 in
1554 3814 1770 3872 Christo
1819 3819 2018 3887 posuit.

458 3902 738 3971 Nemoque
774 3918 838 3956 ex
882 3917 947 3958 eo
984 3903 1125 3971 quod
1179 3902 1230 3956 in
1267 3903 1448 3968 aliquo
1492 3905 1614 3973 quis
1658 3911 2019 3965 communicat

457 4009 580 4048 eum
618 3993 741 4055 alio,
768 3991 987 4045 omnino
1015 4008 1137 4045 eum
1186 4007 1250 4046 eo
1296 3993 1699 4050 communicare
1742 3998 2014 4066 opinetur,

456 4094 510 4140 et
536 4073 793 4152 tanquam
821 4099 921 4137 una
947 4083 1265 4140 sentientem
1296 4098 1438 4148 eum,
1469 4087 1557 4154 qui
1601 4086 1654 4141 in
1689 4089 1870 4159 aliquo
1895 4106 2015 4145 cum

455 4177 712 4245 quopiam
772 4175 949 4234 sentit,
985 4175 1036 4227 in
1070 4173 1257 4228 eodem
1319 4174 1533 4237 habeat.
1581 4187 1742 4247 atque
1778 4195 2016 4236 exsecre-

457 4276 570 4329 tur;
609 4263 1043 4332 quandoquidem
1076 4271 1129 4315 et
1173 4277 1295 4316 vera
1330 4263 1585 4323 Ecclesim
1633 4267 1836 4337 opinio,
1873 4273 2012 4340 quod

2136 3083 2323 3145 Coum.
2368 3085 2601 3153 Φανερδν
2651 3086 2732 3136 ὅτι
2780 3085 2919 3138 κατὰ.
2962 3081 3300 3152 πλεονασμὸν
3348 3081 3440 3134 καὶ
3492 3081 3701 3137 ἔνδειαν

2135 3173 2344 3226 ἔσονται
2380 3174 2749 3243 ἀντικείμεναι
2770 3191 2783 3206 ’
2817 3176 2972 3245 εἴπερ
3005 3175 3070 3227 τά
3101 3175 3298 3227 οὑτωσὶ
3336 3175 3510 3243 πάντη
3544 3172 3698 3225 ἀντί·-

2135 3282 2362 3327 κεινται,
2392 3267 2481 3318 καὶ
2514 3265 2768 3336 οὐδεμίαν
2801 3267 3086 3320 κοινωνίαν
3132 3265 3345 3334 φύσεως
3399 3266 3429 3336 ἢ
3461 3263 3698 3319 67:03:4-

2132 3373 2267 3420 σεως
2292 3359 2424 3428 πρὸς
2453 3358 2684 3430 ἀλλήλας
2729 3358 3040 3427 κέκτηνται.
3070 3357 3276 3410 Οὐκοῦν
3323 3357 3579 3427 ληφθήτω
3611 3372 3699 3420 τις

2129 3448 2338 3518 δόξα,ή
2389 3438 2449 3501 τὸ
2483 3450 2644 3518 μέσον
2680 3450 2779 3519 τῆς
2825 3446 3077 3519 ἀληθείας
3125 3449 3322 3518 ἔχουσα
3352 3463 3365 3478 ⁸
3413 3445 3553 3517 αῦτη
3600 3444 3700 3500 οῦν

2128 3542 2220 3594 ἐπί
2252 3560 2302 3595 τι
2337 3545 2445 3605 τοῖς
2477 3543 2662 3612 ἀκροις
2695 3543 3036 3612 ἐποφείλεται
3067 3545 3362 3605 κοινωνεῖν,
3394 3541 3487 3594 καὶ
3520 3541 3614 3593 ἐπί
3641 3557 3696 3592 τι

2126 3634 2420 3704 διαφέρειν,
2451 3633 2542 3686 καὶ
2564 3635 2620 3687 ὲν
2648 3629 2725 3697 οἷς
2752 3635 3064 3704 διαφέρεται
3094 3632 3170 3704 τῷ
3203 3630 3547 3701 πλεονασμῷ,
3577 3649 3696 3684 κοι-

2128 3729 2314 3778 νωνεῖν
2339 3729 2402 3796 τῇ
2435 3726 2630 3798 ἐνδείᾳ,
2660 3727 2718 3779 ὲν
2745 3722 2824 3789 οἷς
2845 3727 2899 3779 δὲ
2918 3727 3227 3794 διαφέρεται
3257 3727 3321 3795 τῇ
3353 3725 3547 3792 ἐνδείᾳ,
3575 3741 3694 3775 κοι-

2126 3818 2311 3868 νωνεῖν
2355 3815 2429 3886 τῷ
2485 3816 2824 3886 πλεονασμῷ.
2854 3818 3089 3887 Τοιαύτη
3127 3819 3212 3880 τίς
3258 3819 3370 3870 ἐστι
3403 3816 3493 3867 καὶ
3527 3817 3558 3884 ἡ
3593 3817 3692 3885 τῆς

2126 3909 2286 3975 ἁγίας
2337 3910 2608 3977 τετάρτης
2649 3910 2865 3963 συνόδου
2919 3911 3011 3962 ἐπὶ
3057 3909 3315 3982 Χριστοῦ,
3359 3909 3450 3961 δύο
3494 3908 3693 3978 φύσεις

2124 4001 2215 4051 καὶ
2252 4000 2378 4068 μίαν
2411 4000 2705 4053 ὑπόστασιν
2752 4001 3114 4070 κηρύττουσα,
3164 4001 3284 4070 ἥτις
3321 4000 3692 4069 διαφερομένῃ

2121 4091 2199 4162 τῷ
2235 4091 2512 4161 Νεστορίῳ
2564 4093 2702 4146 κατά
2739 4093 2833 4163 τ’ὴν
2863 4091 3158 4145 ὑπόστασιν
3193 4093 3292 4158 (ὅτι
3327 4093 3352 4143 ό
3381 4092 3475 4160 μὲν
3507 4090 3622 4153 δύο,
3653 4092 3688 4160 ὴ
3736 4116 3738 4119 ·

2121 4182 2177 4234 δὲ
2204 4181 2336 4250 μίαν
2370 4182 2672 4252 κηρύττει),
2696 4186 2939 4236 κοινωνεῖ
2967 4182 3042 4252 τῷ
3071 4184 3294 4250 Eii-ruer
3324 4185 3412 4233 καὶ
3437 4177 3690 4250 Σιδήρῳ,

2122 4273 2264 4326 κατά
2293 4273 2349 4326 τὸ
2392 4273 2518 4343 μίαν
2554 4276 2844 4328 ὑπόστασιν
2877 4276 3154 4345 ὁμολογεῖν
3185 4275 3278 4327 καὶ
3312 4274 3527 4336 αύτούς.
3571 4273 3693 4326 Πά-

455 4356 507 4409 in
543 4356 725 4424 aliquo
757 4370 876 4408 cum
902 4353 1157 4408 extremis
1185 4355 1496 4422 concordat,
1516 4358 1644 4413 Ario
1667 4369 1717 4414 et
1759 4359 2012 4428 Sabellio,

2135 4380 2202 4418 ttv
2230 4365 2273 4418 δ’
2297 4365 2365 4418 αὖ
2390 4366 2753 4438 διαφερομένη
2779 4367 2852 4435 τῷ
2871 4369 3160 4437 Διοσκόρω,
3189 4368 3277 4419 καὶ
3309 4367 3552 4434 Εὑτυχεί,
3587 4367 3695 4419 καὶ

457 4458 514 4501 ιιι
556 4444 730 4500 oratio
762 4444 1151 4513 comprobavit,
1199 4446 1592 4513 proscribetur.
1631 4448 1694 4504 Et
1732 4453 1855 4522 quis
1887 4463 2008 4508 tan-

454 4549 562 4591 tam
603 4537 995 4604 blaSphemiam
1028 4535 1164 4588 ferre
1192 4535 1421 4604 p‘oterit?
1457 4535 1580 4594 Pari
1611 4543 1822 4598 ratione
1852 4554 1905 4600 et
1944 4546 2010 4602 de

450 4636 636 4680 sancta
671 4638 860 4695 quarta
907 4624 1114 4694 synodo
1165 4625 1249 4694 pie
1303 4627 1679 4685 disserendum
1733 4643 1834 4688 est.
1876 4635 2012 4701 Quia

450 4716 722 4771 consentit
755 4716 805 4767 in
863 4715 1043 4782 aliquo
1081 4729 1205 4769 cum
1249 4712 1518 4781 Nestorio,
1574 4718 1763 4777 ideone
1813 4733 1866 4777 et
1905 4740 2011 4780 una

450 4825 572 4862 cum
604 4823 669 4861 eo
703 4805 904 4860 sentire
933 4804 1213 4860 dicemus?
1245 4811 1448 4876 Apage.
1511 4808 1635 4866 Hinc
1695 4813 1876 4884 itaque
1917 4831 2009 4887 sy.

451 4897 624 4952 nodus
683 4899 780 4949 hoc
809 4893 966 4948 modo
1008 4894 1234 4950 mediam
1285 4899 1528 4953 veritatis
1577 4902 1716 4956 viam
1757 4892 2033 4976 evulgans.

449 5007 553 5046 non
610 4999 693 5045 est
735 4989 980 5055 improbo
1020 4989 1282 5052 consilio,
1333 5000 1385 5046 et
1432 5008 1643 5048 summa
1679 4995 2013 5067 ignoratione

448 5079 848 5144 ealumnianda,
889 5079 1369 5150 abjudicandaque,
1405 5085 1496 5137 sed
1532 5088 1829 5156 pOUUSJlbi
1863 5093 2012 5159 prius

449 5186 653 5232 rectum
682 5173 852 5242 ipsius
893 5173 1083 5242 dogma
1123 5175 1403 5244 amplexus
1454 5175 1640 5244 fueris,
1694 5184 2013 5239 exosculan-

448 5268 547 5331 ἀει,
596 5263 1113 5334 annumerandaque
1161 5281 1280 5319 cum
1326 5266 1449 5321 aliis
1481 5271 1683 5325 sanctis
1715 5273 1886 5329 tribus
1918 5290 2012 5346 sy-

450 5350 625 5411 nodis,
655 5351 818 5418 quod,
849 5359 904 5403 ut
929 5350 1105 5405 oratio
1133 5350 1692 5415 demonstravit.nihil
1740 5376 1847 5428 ιιι-ιε
1893 5363 2013 5419 aliis

452 5444 654 5502 sanctis
677 5444 846 5498 tribus
877 5444 1423 5516 synodisinnovm'itf;
1454 5451 1720 5518 quinimo,
1752 5453 1796 5507 si
1828 5469 2010 5513 verum

453 5533 612 5590 fateri
657 5537 931 5601 volumus,
995 5536 1178 5593 eadem
1234 5553 1476 5607 prorsus,
1521 5558 1781 5615 aequeque
1829 5549 2012 5605 omnia

2124 4455 2344 4526 Σεόήρῳ
2369 4456 2512 4509 κατά
2538 4456 2637 4525 τὴν
2676 4457 2836 4526 φύσιν
2870 4461 2969 4528 (ὅτι
3001 4461 3047 4510 oi
3087 4459 3182 4526 μὲν
3233 4458 3359 4528 μίαν
3400 4457 3557 4524 φύσιν
3586 4458 3692 4511 ἐπὶ

2121 4549 2220 4617 τῆς
2247 4547 2558 4618 οἰκονομίας
2589 4549 2966 4619 κηρύττουσιν,
3000 4551 3031 4620 ἡ
3063 4550 3113 4603 δὲ
3158 4550 3294 4616 δύο),
3328 4554 3573 4604 κοινωνεῖ
3605 4552 3696 4623 τῷ

2121 4639 2417 4708 Νεστορίῳ,
2459 4639 2598 4691 κατά
2626 4639 2686 4691 τὸ
2716 4640 2813 4700 τάς
2854 4640 2945 4692 δύο
2983 4640 3074 4693 καὶ
3118 4642 3274 4710 μόνον
3303 4641 3488 4710 φύσεις
3518 4642 3689 4708 δοξά-

2122 4729 2235 4793 ζειν
2264 4729 2353 4783 ἐπὶ
2388 4730 2643 4800 Χριστοῦ.
2674 4733 2779 4784 Καὶ
2815 4732 2875 4784 ού
2907 4732 2986 4784 δεῖ
3015 4735 3076 4784 ὲκ
3099 4732 3190 4784 τοῦ
3233 4735 3370 4786 κατά
3399 4752 3448 4787 τι
3482 4752 3688 4788 κοινω-

2121 4823 2250 4886 νεῖν,
2305 4822 2400 4875 καὶ
2452 4821 2513 4875 τὸ
2555 4823 2738 4885 ἁπλῶς
2769 4825 3041 4876 κοινωνεῖν
3091 4824 3419 4892 λογίζεσθαι,
3466 4826 3558 4878 καὶ
3603 4828 3689 4889 ὡς

2119 4913 2391 4982 ὁμόφρονα
2437 4913 2722 4968 τδν’κατά
2769 4931 2821 4966 τι
2871 4913 3230 4967 κοινωνοῦντά
3281 4933 3418 4980 τινι,
3481 4918 3690 4969 ταυτὸν

2118 5003 2310 5071 ἐκείνῳ
2363 5002 2668 5072 λογίζεσθαι
2708 5003 2798 5055 καὶ
2857 5003 3240 5072 μυσάττεσθαι.
3281 5005 3431 5058 Ἐπεὶ
3473 5007 3566 5058 καὶ
3619 5007 3692 5061 τὸ

2116 5093 2311 5164 ἀληθὲς
2335 5095 2585 5165 φρόνημα
2605 5095 2705 5164 τῆς
2743 5096 3084 5166 Ἑκκλησίας,
3111 5096 3241 5148 διότι
3275 5097 3367 5149 ἐπί
3394 5115 3440 5149 τι
3481 5115 3692 5152 κοινω-

2116 5187 2196 5237 νεῖ
2222 5187 2328 5247 τοῖς
2355 5186 2563 5255 ἄκροις.
2609 5187 2821 5257 Ἀρείῳ,
2851 5188 3012 5257 φημὶ,
3043 5186 3456 5258 καὶ,Σα6ελλίῳ,
3491 5189 3692 5254 καθὼς

2114 5277 2142 5328 ό
2179 5275 2332 5341 λόγος
2382 5277 2737 5348 παρέστησεν,
2769 5278 3300 5348 ἀποκηρυχθήσεται.
3335 5280 3440 5331 Καὶ
3476 5280 3563 5342 τίς
3606 5279 3689 5337 ἂν

2116 5365 2312 5438 ὑποίσῃ
2330 5365 2388 5418 τὸ
2423 5367 2765 5437 βλάσφημον;
2796 5369 3007 5420 θύτωσὶ
3050 5369 3140 5422 καὶ
3179 5369 3271 5421 ἐπὶ
3305 5369 3401 5437 τῆς
3433 5370 3491 5423 έν
3521 5369 3686 5425 Χαλ-

2116 5459 2294 5529 κηδόνι
2343 5458 2501 5525 ἁγίας
2551 5461 2815 5530 τετάρτης
2875 5460 3090 5514 συνόδου
3147 5460 3385 5524 εὐσεδῶς
3440 5465 3686 5532 συνορᾷν

2115 5550 2286 5606 ἔνεστι
2307 5569 2318 5583 ’
2351 5551 2479 5606 διότι
2507 5556 2750 5606 κοινωνεῖ
2776 5552 2869 5605 ἐπί
2893 5570 2943 5606 τι
2986 5552 3064 5623 τῷ
3089 5553 3381 5625 Νεατορίῳ,
3413 5554 3511 5625 ἤδη
3538 5556 3684 5625 ὀμο-

3872 0 3880 38 !

3873 463 3894 1008 i

3881 1019 3911 1588 ί

3901 1997 3916 2032 J

3903 2035 3919 2196 ἒ
