3934 6316
176 271 273 335 601
1011 276 1437 342 REPUTATIO
1474 284 1853 345 EPISTOLE
1885 285 2110 345 REGIS
2141 287 2526 349 ARMENIE.
3287 290 3400 355 C02

176 387 390 454 φρονεῖν
449 387 723 459 δὼσομεν;
782 390 1074 460 Οὕμενουν.
1135 393 1341 448 Οὐκοῦν
1387 395 1485 466 τὴν
1536 400 1732 451 οὑτωσὶ

1849 401 2063 462 ttmluit,
2083 410 2135 453 et
2162 403 2501 455 concorditer
2521 401 2685 455 voluit
2708 419 2826 456 cum
2855 403 2980 467 illis,
3003 412 3257 474 tanquam
3281 420 3406 474 quae

174 473 336 538 ἁγίαν
382 474 619 539 σύνοδον,
654 479 750 547 τὴν
786 479 954 548 μέσην
998 481 1113 534 ὁδὸν
1143 483 1239 552 τῆς
1266 482 1521 554 ἀληθείας
1560 488 1731 555 κηρύ-

1849 491 2069 542 mediam
2100 492 2338 546 veritatis
2367 494 2506 545 viam
2537 494 2736 546 inierit.

173 566 363 631 ξασαν,
391 569 449 620 ού
489 569 567 622 δεῖ
608 573 931 644 κακοϐουλίᾳ
965 576 1056 628 καὶ
1096 575 1348 647 ἀμαθείᾳ¹
1381 582 1729 646 συκοφαντεῖν
1790 582 1882 635 καὶ
1929 583 2372 651 ἀποπέμπεσθαι,
2416 584 2552 637 ἀλλά
2603 586 2799 655 μᾶλλον
2845 587 2903 638 τδ
2983 585 3184 653 ταύτης
3249 585 3408 654 spem

169 657 346 728 δόγμα
403 665 825 732 ὁμολογήσαντα,
877 670 1252 738 ἀποδέκεσθαι.
1306 675 1398 726 καὶ
1448 676 1585 743 μετά
1652 676 1759 728 τῶν
1831 676 2032 730 λοιπῶν
2101 678 2268 745 ἁγίων
2319 657 2483 748 τριῶν
2551 680 2780 731 συνόδων
2829 679 3201 748 καταριθμεῖν.
3257 679 3344 728 Διὸ
3379 678 3410 728 ὁ

170 749 330 817 λόγος
383 754 549 818 ἔδειξε
603 758 870 827 μηδεμίαν
929 763 1260 827 κενοφωνίαν
1291 765 1611 830 εἰσάγουσαν
1665 768 1763 836 τὴν
1819 767 1979 834 ἁγίαν
2040 770 2304 838 τετάρτην
2359 770 2571 823 σύνοδον
2622 770 2754 838 πρὸς
2808 774 2923 831 ταῖς
2975 755 3186 831 λοιπαῖς
3228 768 3412 834 ἁγίαις

169 847 319 913 τρισὶ
377 849 632 910 συνόδοις,
689 851 885 920 μᾶλλον
919 852 994 916 δὲ,
1028 857 1074 906 εἰ
1125 858 1229 925 χρὴ
1259 856 1488 926 τάληθὲς
1535 860 1729 924 εἰπεῖν,
1769 860 2029 932 μεγίστην
2052 863 2369 931 συμφωνίαν
2397 863 2483 916 διὰ
2504 863 2561 916 τὸ
2584 865 2675 916 καὶ
2705 863 2874 932 αὐτὴν
2929 862 3024 932 τὴν
3057 863 3227 932 μέσην
3293 862 3413 914 ὁδοὶ

167 938 272 1007 τῆς
297 941 555 1008 ἀληθείας
578 943 810 1012 βαδίσαι,
840 945 1025 1017 ὥσπερ
1056 949 1281 1002 ἐκεῖναι.

242 1029 307 1084 ι’.
343 1032 559 1085 Ἐνεστι
584 1033 640 1085 δὲ
685 1039 904 1090 σκοπεῖν
933 1039 1029 1091 καὶ·
1051 1039 1122 1114 ,ἐξ
1156 1041 1322 1107 αὐτῆς
1366 1041 1462 1112 τῆς
1494 1043 1734 1106 συνόδου,

168 1122 221 1174 τί
253 1122 365 1193 ἄρα
403 1118 672 1193 βούλεται
698 1128 986 1198 κηρύττειν
1027 1132 1118 1184 ἐπὶ
1163 1133 1419 1201 Χριστοῦ.
1463 1135 1732 1205 Ἐπομένη

169 1214 303 1282 γάρ,
361 1213 435 1277 ὡς
483 1217 617 1286 αὐτή
653 1235 803 1286 φησι,
861 1222 970 1284 τοῖς
1012 1222 1273 1292 Πατράσι,
1299 1225 1440 1278 κατά
1463 1225 1604 1288 λέξιν
1632 1220 1733 1278 ὦδε

170 1303 408 1370 φάσκει·
443 1305 576 1360 Ἕνα
626 1307 718 1360 καί
764 1308 852 1362 τὸν
886 1310 1044 1362 αὑτὸν
1089 1313 1290 1382 Κύριον
1335 1317 1489 1384 ἡμῶν
1523 1317 1734 1384 Ἰησοῦν

170 1397 416 1465 Χριστὸν
476 1399 777 1466 συμφώνως
803 1398 1080 1469 ὁμολογεῖν
1130 1403 1435 1458 ἐκδιδάσκει
1461 1422 1474 1435 ’
1518 1407 1604 1458 διὰ
1639 1409 1736 1476 μὲν

166 1487 264 1539 τοῦ
296 1489 628 1556 συμφώνως
654 1491 868 1560 ἐκείνην
912 1491 1007 1562 τὴν
1053 1494 1285 1561 ὑποψίαν
1339 1499 1740 1566 προῦποτεμνο-

169 1577 334 1647 μένη,
367 1579 464 1648 τὴν
499 1580 598 1631 οὐκ
623 1581 940 1634 ἐκδπάντων
968 1577 1218 1652 οίομένην
1249 1585 1354 1638 τῶν
1397 1603 1734 1656 συναγηγερ-

169 1669 355 1737 μένων
391 1670 700 1722 ἐπισκόπων
737 1673 794 1724 ἐν
827 1671 958 1741 αὐτῇ
991 1673 1089 1744 τὴν
1131 1675 1494 1746 ὑποκειμένην
1524 1677 1737 1730 ἔκθεσιν

165 1758 476 1827 γεγονέναι,
510 1760 624 1813 ἀλλ’
665 1760 723 1825 ἐξ
752 1762 926 1825 ἐνίων,
967 1757 1047 1825 οἷς
1086 1765 1178 1816 καὶ
1212 1767 1394 1834 μόνοις
1440 1766 1634 1835 ἀρέσαι
1660 1771 1731 1820 τὰ

165 1849 462 1918 εἰρημένα.
509 1850 662 1904 Μετὰ
709 1851 764 1904 δὲ
819 1851 974 1906 τοῦτο
1025 1853 1212 1924 ὥσπερ
1264 1857 1733 1925 συνεκτικωτάτην

165 1939 384 2011 πλάνην
417 1942 705 2012 ἐξιωμένη,
755 1943 896 2011 λέγω
938 1944 1001 2014 δὴ
1030 1946 1125 2015 τὴν
1169 1945 1270 2015 τῆς
1307 1946 1401 2000 τοῦ
1441 1948 1733 2018 Νεστορίου

163 2030 493 2093 δυσσεϐείας
544 2031 835 2102 διαίρεσιν,
885 2034 1319 2106 ἑπεισαγομένην
1367 2041 1432 2107 τῇ
1484 2039 1735 2111 ἀχράντῳ

169 2121 483 2192 οἰκονομίᾳ.
541 2122 631 2175 Διὸ
669 2124 851 2191 λέγει,
885 2125 979 2178 ἕνα
1023 2126 1118 2179 καὶ
1145 2128 1235 2180 τὸν
1265 2129 1424 2182 αὐτὸν
1455 2129 1736 2199 ὁμολογεῖν

166 2210 305 2265 Υἰὺν
329 2213 418 2266 τὸν
447 2205 647 2283 Κύριον
673 2215 828 2283 ἡμῶν
868 2216 1070 2284 Ἰησοῦν
1103 2218 1338 2287 Χριστόν
1357 2235 1370 2250 ο
1402 2220 1488 2273 διά
1519 2200 1613 2290 τῆς
1641 2221 1733 2274 τοῦ

165 2303 298 2364 ἐνὸς
326 2305 418 2357 καὶ
456 2304 550 2357 τοῦ
583 2305 743 2358 αὐτοῦ
774 2309 1161 2378 προσηγορίας,
1192 2311 1484 2380 πρόρριζον
1509 2310 1608 2381 τὴν
1638 2313 1735 2381 τῆς

166 2397 492 2466 διαιρέσεως
523 2398 809 2474 ἐξαίρουσα⁵
845 2398 1000 2462 δόξαν
1020 2417 1034 2430 ο
1065 2402 1160 2454 καὶ
1196 2403 1392 2470 μᾶλλον
1411 2403 1496 2457 διὰ
1520 2405 1616 2474 τῆς
1639 2406 1737 2474 ἀρ-

166 2493 397 2560 ῥενικῆς
457 2471 945 2561 πίῖοφορᾶς.·”Ενα
998 2493 1106 2564 γὰρ
1127 2491 1302 2558 εἶπεν,
1349 2494 1446 2564 οὐχ
1494 2471 1590 2548 ἔνι
1646 2471 1738 2548 καὶ

162 2584 351 2654 ταύτῃ
400 2583 498 2653 τὴν
542 2583 670 2654 ὅλην
703 2583 948 2649 σύνθεσιν
1000 2586 1443 2656 ἀποσημαίνουσα
1470 2627 1484 2650 ,
1531 2588 1626 2640 καὶ
1675 2589 1736 2642 οὐ

166 2675 318 2730 κατά
342 2676 504 2745 μέρος
523 2676 711 2745 αὐτῆς,
734 2677 868 2744 ὅπερ
897 2678 1040 2734 εἰκὸς
1066 2673 1133 2748 ἦν
1158 2679 1254 2747 τὴν
1279 2680 1444 2749 ἀλλην
1473 2681 1740 2734 ἐνδείκνυ-

167 2769 300 2822 σθαι
336 2771 636 2840 προφορὰν,
669 2770 771 2822 κάν
804 2769 977 2839 τούτῳ
1012 2772 1318 2840 μιμουμένη
1360 2772 1449 2824 τὸν
1479 2772 1535 2824 ἐν
1568 2771 1739 2838 ἁγίοις

167 2861 504 2931 Γρηγόριον·
529 2862 616 2914 διὰ
650 2861 746 2930 μέν
770 2860 884 2920 τοῦ,
927 2861 1118 2926 ἄλλος
1159 2861 1256 2915 καί
1286 2862 1495 2928 ἄλλος,
1531 2864 1590 2915 τὸ
1618 2863 1737 2914 ὅλον

171 2951 533 3020 σημαίνουσα,
570 2951 655 3003 διὰ
704 2951 758 3004 δέ
801 2951 915 3015 τοῦ,
941 2952 1092 3005 ἄλλο
1129 2952 1225 3005 κ(ιί
1271 2953 1443 3017 ἄλλο,
1476 2954 1544 3006 τὰ
1575 2955 1734 3024 μέρη.

1914 1044 1968 1098 5.
1993 1041 2292 1098 Possumus
2333 1042 2494 1098 etiam
2555 1059 2620 1098 ex
2653 1043 2838 1098 eadem
2892 1041 3097 1112 synodo
3131 1041 3407 1110 colligere.

1842 1135 1969 1204 quid
1999 1135 2109 1204 ipsa
2145 1136 2210 1187 de
2232 1135 2452 1188 Christo
2484 1135 2818 1203 profiteatur.
2870 1133 3084 1186 Patrum
3116 1135 3254 1187 enim
3276 1117 3442 1185 imi-5

1840 1234 1979 1277 stens
2028 1225 2276 1292 vestigiis,
2351 1235 2407 1278 ut
2438 1226 2552 1294 ipsa
2591 1225 2654 1278 ad
2691 1225 2911 1279 verbum
2946 1226 3128 1288 refert,
3157 1242 3319 1279 unum
3359 1236 3407 1279 et

1840 1317 2072 1368 eumdem
2102 1316 2380 1380 Dominum
2407 1327 2640 1369 nostrum
2675 1317 2856 1370 Jesum
2889 1316 3158 1370 Christum
3188 1333 3406 1370 concor-

1841 1408 1975 1459 diter
1995 1407 2250 1474 conﬁteri,
2287 1424 2384 1477 nos
2409 1409 2597 1461 edoct-t
2626 1428 2637 1461 :
2689 1424 2781 1478 per
2816 1411 3034 1462 verbum
3079 1410 3411 1462 concorditer

1839 1498 2205 1566 suspicionem
2238 1498 2381 1550 illam
2438 1499 2653 1564 tollens,
2709 1515 2813 1568 qua
2848 1500 3262 1554 existimabatur
3299 1515 3407 1552 non
3490 1513 3494 1516 '

1841 1589 1908 1642 ab
1959 1589 2212 1643 omnibus
2265 1589 2532 1659 episcopis
2590 1591 2776 1644 eodem
2828 1593 3031 1645 coactis
3062 1592 3404 1660 prmpositam

1844 1677 1963 1732 fidei
2015 1679 2408 1746 expositionem
2470 1681 2850 1747 compositam,
2911 1681 3004 1736 sed
3034 1682 3099 1734 ab
3130 1682 3407 1750 aliquibus

1844 1772 2238 1834 tantummodo,
2302 1773 2501 1840 quibus
2558 1788 2618 1824 ea
2680 1773 2821 1826 dicta
2878 1771 2928 1825 in
2961 1773 3170 1840 integro
3235 1773 3405 1826 fuere.

1840 1861 2191 1916 Postmodum
2219 1864 2378 1916 veluti
2416 1864 2697 1931 primario,
2744 1873 2797 1916 et
2852 1863 3086 1932 reliquos
3112 1862 3407 1917 continenti

1839 1955 2034 2016 errari,
2060 1953 2206 2021 impii
2227 1953 2487 2018 duntaxat
2510 1952 2740 2007 Nestorii
2767 1955 3042 2019 divisioni,
3061 1955 3113 2007 in
3143 1956 3408 2007 immacu-

1841 2043 2002 2095 latam
2036 2043 2390 2096 meouomiam
2421 2043 2632 2097 intruso
2655 2045 2918 2097 medicina
2948 2043 3262 2103 admovens.
3289 2044 3361 2096 ait
3389 2061 3404 2097 :

1848 2132 2019 2186 Unum
2045 2142 2090 2185 et
2109 2133 2342 2184 eumdem
2364 2132 2605 2200 conﬁteri
2639 2131 2836 2185 Filium
2867 2133 3142 2186 Dominum
3169 2142 3408 2186 nostrum

1841 2222 2023 2276 Iesum
2080 2223 2386 2283 Christum,
2421 2224 2574 2278 unius
2619 2223 2952 2294 ejusdemque
2996 2225 3410 2294 compellatione

1845 2311 2090 2366 funditus
2121 2312 2406 2366 divisionis
2430 2313 2739 2381 opinionem
2773 2325 3045 2378 evertens,
3097 2329 3150 2368 et
3189 2315 3409 2382 potissi-

1846 2419 1990 2457 mum
2031 2403 2329 2458 masculine
2380 2406 2739 2473 pronuntians
2775 2401 2796 2458 :‘
2820 2423 2953 2458 unus
2986 2405 3128 2458 enim
3163 2405 3236 2459 illi
3270 2406 3408 2460 dici-

1844 2503 1953 2560 tur,
1981 2511 2087 2548 non
2113 2501 2303 2555 ‘unum,
2338 2502 2503 2563 atque
2535 2494 2840 2549 universam
2863 2496 3408 2565 eontpositionem,rt

1845 2601 1951 2661 non
1987 2595 2192 2654 partem
2227 2586 2398 2655 ipsius
2428 2587 2862 2656 exprimit,quod
2891 2587 3152 2640 insinuari
3189 2601 3410 2641 necesse

1844 2687 1983 2742 erat,
2009 2679 2052 2731 si
2073 2677 2239 2730 aliter
2266 2678 2586 2741 extulisset;
2619 2677 2671 2731 in
2706 2679 2809 2731 hoc
2831 2679 3249 2747 quoqueldivum
3273 2675 3406 2732 Grc-

1845 2769 2054 2837 gorium
2083 2777 2286 2829 secuta.
2317 2783 2413 2837 per
2442 2769 2593 2830 illud,
2627 2768 2765 2822 alius
2795 2778 2843 2823 et
2873 2769 3034 2834 alius,
3067 2777 3260 2828 totum,
3315 2783 3409 2836 per

1846 2856 2000 2919 illud,
2035 2856 2190 2914 aliud,
2207 2866 2254 2909 et
2277 2841 2444 2915 aliud.
2477 2865 2655 2925 partes
2691 2858 2968 2911 indicavit.
3009 2856 3200 2922 Postea
3224 2854 3412 2910 adver-
3457 2893 3460 2895 -

1846 2963 1918 3002 ειη
1959 2963 2132 3016 pravae
2174 2947 2446 3016 opinionis
2476 2949 2813 3017 suSpieiones
2873 2949 3009 3004 tollit
3057 2949 3261 3011 dicens,
3291 2963 3409 3014 per-

167 3043 328 3098 Μετά
378 3042 549 3097 ταῦτα
596 3043 652 3095 δέ
679 3044 776 3112 τῆς
825 3044 886 3095 ἐκ
926 3045 1017 3096 τοῦ
1067 3044 1305 3096 ἐναντίου
1333 3045 1540 3115 φαύλης
1582 3045 1738 3112 δόξης

1849 3038 2040 3107 fectum
2096 3039 2266 3106 ipsum
2318 3040 2371 3092 in
2406 3040 2618 3104 deitate,
2657 3048 2703 3092 et
2754 3040 3040 3108 perfectum
3075 3040 3310 3092 eumdem
3355 3040 3410 3091 in

168 3135 449 3196 ὑπονοίας,
475 3135 629 3203 φησὶ,
659 3135 891 3187 Τέλειον
910 3134 1016 3187 τὸν
1043 3135 1230 3187 αὑτὸν
1268 3136 1335 3188 ἐν
1364 3137 1611 3203 θεότητι,
1642 3135 1737 3190 καί

167 3225 410 3281 τέλειον
443 3228 548 3280 τὸν
571 3227 755 3281 αὑτὸν
782 3227 853 3279 ἐν
881 3226 1306 3294 ἁνθρωπότητι,
1335 3227 1538 3297 ἓτερον,
1563 3223 1736 3296 οἶμαι,

168 3321 410 3389 λέγουσα
440 3317 610 3386 οὐδὲν,
648 3321 695 3372 εἰ
735 3319 807 3390 μή
840 3337 892 3372 τι
925 3318 1120 3392 νομίσῃ
1150 3337 1230 3381 τις
1260 3319 1347 3372 διὰ
1373 3321 1471 3388 τῆς
1501 3318 1593 3372 τοῦ
1625 3319 1740 3381 ἐνὸς

169 3413 580 3484 προαηγορίας,
634 3413 666 3481 ἢ
725 3400 935 3482 γυμνὴν
984 3412 1327 3483 ἀνθρωπίνης
1378 3413 1592 3481 φύσεως
1643 3411 1742 3481 τὴν

171 3506 412 3576 θεότητα
453 3503 736 3574 πληρῶσαι
773 3500 868 3574 τὴν
910 3504 1302 3574 οίκονομίαν,ῆ
1352 3505 1556 3574 τροπὴν
1601 3506 1738 3557 ὑπο-

175 3597 446 3668 μείνασαν
489 3597 566 3657 είς
594 3594 880 3660 ἀνθρώπου
909 3596 1089 3662 φύσιν,
1127 3595 1261 3648 ἀλλά
1305 3595 1507 3648 τέλειον
1531 3595 1621 3648 τδν
1648 3601 1744 3650 αύ-

170 3691 269 3743 τδν
315 3690 436 3741 κατ’
466 3688 629 3756 ἄμφω
676 3687 1004 3756 ὑπάρχοντα,
1038 3687 1138 3756 τήν
1180 3703 1237 3738 τε
1279 3687 1522 3756 θεότητα,
1576 3687 1741 3756 φημὶ,

174 3782 275 3837 καὶ
305 3781 405 3851 τὴν
447 3778 858 3847 ἀνθρωπὸτητα,
893 3767 981 3841 ’ὡς
1005 3776 1122 3831 ὅλον
1167 3778 1224 3829 ἐν
1250 3779 1360 3840 τοῖς
1402 3776 1618 3839 οἰκείοις
1651 3778 1745 3845 μέ-

151 3862 301 3943 ¹ρεσι
333 3871 731 3939 γνωριζόμενον
763 3869 894 3921 Θεὸν
916 3869 1147 3938 ἀληθῶς,
1180 3869 1270 3921 καὶ
1302 3867 1584 3938 ἄνθρωπον
1614 3869 1744 3938 ἁλη-

1842 3133 2170 3185 Itumanitate
2208 3151 2223 3184 :
2263 3131 2638 3185 tantummodo
2677 3146 2947 3194 asserens,
2981 3131 3083 3184 nisi
3141 3129 3408 3198 quispiam

1841 3221 2234 3276 existimaverit
2269 3236 2360 3290 per
2392 3221 2550 3275 unius
2578 3221 3010 3289 appellationem,
3049 3230 3142 3274 aut
3173 3221 3409 3274 humana

1843 3323 2034 3367 natura
2085 3313 2409 3367 denudatam
2470 3312 2761 3374 deitatem,
2820 3312 3178 3366 (economiam
3233 3309 3410 3363 adim-

1843 3406 2036 3474 plesse,
2070 3414 2164 3458 aut
2195 3404 2545 3458 mutationem
2591 3417 2802 3472 passam
2843 3403 2894 3455 in
2954 3401 3187 3454 btnnana
3220 3409 3412 3453 natura

1842 3476 2139 3566 perfectum
2171 3496 2422 3549 eumdem
2456 3495 2755 3548 secundum
2786 3503 3014 3562 utraque
3038 3493 3409 3548 exsistentem.

1840 3585 2127 3650 deitatem,
2163 3584 2407 3652 inquam,
2453 3592 2505 3636 et
2550 3582 2963 3642 humanitatem,
3023 3590 3278 3648 tanquam
3321 3581 3412 3644 qui

1845 3685 1992 3731 totus
2023 3690 2085 3728 ac
2132 3674 2403 3744 perfectus
2438 3673 2488 3726 in
2521 3674 2754 3743 pr0priis
2796 3673 3043 3742 partibus
3081 3671 3412 3739 agnosceba-

1845 3778 1955 3828 tur,
1982 3782 2104 3821 vere
2137 3768 2324 3831 Deum,
2353 3774 2404 3819 et
2432 3780 2554 3818 vere
2584 3781 2647 3818 ex
2672 3764 2854 3817 animo
2882 3762 3108 3815 rationis
3134 3767 3406 3829 compote,

1845 3869 1896 3915 et
1928 3844 2152 3926 corpore
2203 3857 2497 3919 hominem,
2533 3871 2706 3924 neque
2737 3854 3049 3922 simpliciter
3097 3851 3284 3912 Deum,
3318 3862 3414 3906 aut

173 3965 311 4027 θῶς,
346 3964 436 4014 τὸν
461 3963 523 4013 ἐκ
567 3959 741 4029 ψυχῆς
791 3959 1151 4029 λογικῆς-καὶ
1195 3958 1475 4026 σώματος·
1519 3958 1610 4010 καὶ
1648 3959 1743 4027 οὐχ

1849 3951 2146 4012 hominem,
2180 3950 2274 4004 sed
2308 3950 2472 4024 unius
2511 3963 2630 4002 cum
2661 3947 2816 4000 Patre
2844 3946 3089 4000 essentite
3115 3944 3414 4000 secundum

174 4021 370 4113 ante;
395 4051 457 4119 δὴ
488 4021 1043 4119 Θεδνξῆἀνθρέυπᾼνί
1064 4049 1178 4114 ἀλλ’
1216 4021 1496 4118 ὁμοούσιον
1525 4050 1600 4117 τῷ
1638 4021 1743 4100 Παῖ

1849 4043 2138 4105 deitatem,
2187 4049 2239 4095 et
2278 4021 2432 4093 nobis
2461 4041 2707 4093 eumdem
2748 4037 3048 4092 secundum
3109 4036 3438 4104 humanum.

171 4143 271 4212 τρὶ
304 4141 444 4194 κατά
467 4141 565 4209 τὴν
599 4142 846 4209 θεότητα,
881 4140 973 4193 καὶ
1006 4142 1138 4208 ἡμῖν
1179 4141 1316 4193 κατά
1340 4141 1438 4209 τὴν
1467 4140 1743 4209 ἀνθρωπᾶ-

1849 4144 1986 4199 ιυιιις
2023 4143 2078 4186 ut
2111 4133 2200 4201 qui
2253 4141 2397 4185 recta
2437 4141 2616 4185 mente
2676 4130 2834 4184 dictis
2859 4129 3098 4180 animum
3159 4128 3412 4196 applicat,

174 4251 320 4303 τητα
351 4233 441 4286 τὸν
470 4232 651 4284 αὐτόν.
677 4231 791 4282 Καὶ
817 4234 925 4292 τοῖς
953 4231 1048 4298 μὲν
1076 4231 1246 4300 ὀρθῶς
1277 4230 1600 4299 προσέχουσι
1638 4231 1743 4291 τοῖς

1852 4227 1987 4281 nihil
2020 4236 2276 4296 prieterea
2309 4226 2372 4277 ad
2395 4224 2683 4292 perfectam
2711 4223 3067 4276 imntaeulalm
3100 4222 3419 4275 meonomire

175 4324 517 4394 εἰρημένοις,
549 4323 694 4392 οὐδὲν
735 4322 809 4374 ἔτι
843 4318 911 4392 ἦν
952 4323 1032 4384 είς
1069 4321 1323 4391 ἐξήγησιν
1360 4319 1743 4390 ὑπολελειμμέ-

1852 4317 2243 4386 expositionem
2275 4331 2302 4368 a
2333 4316 2538 4385 synodo
2563 4313 2852 4368 desideret.
2890 4314 3020 4379 Quae
3044 4316 3183 4368 ultra
3213 4327 3418 4382 praco-

175 4437 272 4474 νον
307 4422 404 4487 τῆς
436 4415 700 4486 ἀχράντου
736 4415 1041 4484 οἰκονομίας
1068 4417 1132 4484 τῇ
1164 4399 1380 4483 συνόδῳ,
1419 4415 1540 4481 ἥτις
1579 4415 1670 4466 καὶ
1695 4415 1743 4465 τί

1858 4422 2120 4477 gnoscens
2184 4406 2474 4459 nonnullos
2531 4420 2630 4459 nec
2663 4405 2926 4475 passioni,
2984 4421 3083 4460 nec
3113 4406 3292 4469 morti,
3319 4419 3420 4459 uec

181 4510 384 4581 μέλλον
436 4499 859 4578 προῦπιδομένη,
893 4506 1033 4572 λέγω
1073 4506 1134 4575 δὴ
1174 4506 1234 4558 τὸ
1262 4496 1595 4568 ἀπαθὲξκαὶ
1625 4505 1755 4558 ἀθά-

177 4617 346 4655 νατον
378 4597 552 4658 ἐνίους
583 4598 673 4648 καὶ
696 4596 967 4663 ἄφθαρτον
998 4597 1060 4647 ἐκ
1083 4594 1300 4663 πρώτης
1334 4593 1663 4660 συλλήψεως.
1698 4592 1756 4644 τὸ

180 4685 332 4738 θεῖον
375 4684 548 4736 ἐκεῖνο
576 4681 671 4735 καὶ
701 4683 964 4752 ἄχραντον
1002 4680 1092 4733 τοῦ
1133 4682 1335 4749 Κυρίου
1371 4681 1524 4750 σῶμα
1554 4681 1756 4748 τολμᾷν

177 4774 490 4844 ὁμολογεῖν,
529 4772 622 4824 καὶ
657 4771 827 4840 ταύτῃ
871 4769 1194 4837 ἀνατρέπειν
1241 4769 1340 4837 τὴν
1387 4767 1512 4836 ὃλην
1551 4767 1755 4818 οἰκονοη

181 4867 341 4935 μίαν,
367 4864 513 4928 λέγει
535 4877 548 4891 ⁶
585 4861 744 4917 Κατὰ
771 4859 963 4913 πάντα
984 4860 1185 4928 ὅμοιον
1212 4859 1354 4927 ἡμῖν
1381 4859 1552 4926 χωρὶς
1576 4859 1756 4926 ἁμαρ-

178 4963 342 5024 τίας.
375 4958 552 5026 Ὅπερ
595 4958 692 5025 τῆς
739 4956 833 5024 μὲν
863 4955 1018 5020 ἁγίας
1048 4957 1161 5007 ἐστὶ
1202 4955 1442 5024 Γραφῆς,
1485 4954 1755 5017 εὐκαίρως

177 5051 238 5103 δὲ
297 5048 551 5116 κείμενον
582 5046 831 5107 ἐνταῦθα,
881 5046 1218 5115 ἐπιστομίζει
1268 5047 1392 5108 τοὺς
1428 5044 1492 5097 τὰ
1539 5044 1756 5097 τοιαῦτα

183 5140 544 5212 φρονοῦντας.
580 5140 642 5192 Εἰ
666 5139 772 5208 γὰρ
798 5138 917 5190 οὔτε
946 5139 1112 5201 πάθος
1142 5138 1409 5205 σώματος,
1441 5136 1560 5189 οὔτε
1593 5136 1757 5188 θάνα-

183 5250 302 5294 τος,
327 5229 450 5284 οὔτε
483 5230 584 5300 μὴν
608 5229 866 5293 διάλυσις,
897 5230 961 5300 ἢν
990 5230 1052 5298 δὴ
1086 5229 1289 5299 φθορὰν
1326 5228 1468 5290 ἰδίως
1501 5227 1756 5296 ἀξιοῦμεν

181 5322 500 5381 καλεῖσθαι,
532 5322 793 5391 ἁμαρτία·
827 5321 992 5388 χωρὶς
1028 5321 1084 5372 δὲ
1113 5322 1274 5388 μόνης
1303 5310 1580 5389 ’ἁμαρτίας
1619 5318 1759 5371 κατά
1787 5375 1791 5377 λ

181 5417 374 5470 πάντα
395 5414 460 5466 τὰ
477 5413 607 5466 ἄλλα
623 5413 718 5482 τῆς
736 5412 902 5480 αὐτῆς
917 5413 1045 5480 ἡμῖν
1069 5410 1278 5478 φύσεώς
1298 5413 1410 5462 ἐστι
1431 5412 1485 5461 τὸ
1499 5413 1759 5478 ἄχραντον

183 5507 373 5568 ἐκεῖνο
408 5505 503 5558 καὶ
525 5504 787 5572 πανάγιον
819 5503 977 5572 σῶμα
998 5519 1009 5530 ·
1054 5503 1271 5571 εὔδηλον
1302 5503 1380 5553 ὃτι
1410 5503 1435 5553 δ
1467 5502 1759 5569 εὐδοκήσας

183 5601 327 5662 Θεὸς
353 5599 456 5668 τὴν
489 5598 761 5668 ἡμετέραν
803 5595 1069 5664 πτωχείαν
1112 5595 1314 5656 λαϐεῖν,
1345 5593 1598 5660 τοιαύτην
1642 5595 1759 5648 ἐλα-

184 5689 307 5755 ϐεν,
357 5689 430 5761 ἢν
474 5688 563 5742 καὶ
613 5686 884 5756 πτωχείαν
934 5683 1208 5740 καλεῖσθαι
1255 5682 1494 5745 δικαίως,
1550 5681 1758 5736 ἅπαντα

1858 4497 2194 4567 corruptioni
2242 4498 2535 4551 obnoxium
2572 4498 2638 4549 ab
2671 4496 2783 4565 ipsa
2821 4498 2992 4565 prima
3044 4498 3419 4562 conceptione,

1859 4588 2098 4641 divinum
2159 4587 2288 4640 illud
2361 4595 2414 4640 et
2467 4586 2630 4641 nullis
2689 4587 2941 4642 sordibus
2991 4589 3418 4642 contaminatum

1859 4679 2070 4732 Domini
2108 4693 2306 4746 corpus
2341 4685 2606 4742 astruere,
2653 4678 2839 4747 sicque
2867 4687 3032 4731 totam
3059 4679 3420 4734 mconomiam

1858 4779 2096 4824 evertere
2128 4785 2360 4823 ausuros
2390 4770 2648 4834 annectit,
2676 4787 2764 4838 per
2803 4771 2977 4823 omnia
3013 4771 3158 4825 nobis
3197 4773 3420 4824 similem

1857 4861 2047 4927 absque
2075 4867 2305 4926 peccato.
2341 4860 2493 4926 Quod
2519 4877 2689 4915 saera:
2714 4860 3006 4930 scripturae
3031 4872 3135 4928 est,
3162 4874 3422 4931 opportu-

1859 4966 2033 5018 neque
2067 4951 2154 5004 hie
2197 4952 2502 5019 appositum
2537 4954 2735 5006 similia
2785 4956 3132 5008 sentientium
3166 4957 3418 5009 ellrenem

1857 5043 2258 5096 contumaciam
2315 5045 2596 5115 reprintit._
2634 5044 2844 5100 Etenim
2903 5048 2946 5102 si
3005 5065 3179 5117 neque
3240 5049 3420 5115 passio

1858 5132 2124 5200 corporis,
2153 5149 2327 5202 neque
2358 5150 2526 5201 mors,
2552 5151 2727 5205 neque
2755 5137 3062 5204 dissolutio,
3100 5156 3259 5208 quam
3298 5156 3420 5204 pro-

1859 5224 1972 5292 pric
1992 5225 2395 5292 corruptionem
2422 5229 2692 5296 appellare
2715 5235 3111 5292 consuevimus,
3142 5240 3417 5298 peccatum

1857 5325 1960 5377 εει,
2011 5316 2214 5385 absque
2266 5334 2393 5373 vero
2449 5322 2564 5375 solo
2601 5335 2819 5390 peccato
2852 5342 2945 5394 per
3001 5325 3201 5390 reliqua
3235 5324 3416 5376 omnia

1859 5409 2098 5478 ejusdem
2150 5425 2269 5463 cum
2303 5412 2458 5466 nobis
2485 5424 2690 5469 natura:
2738 5427 2840 5478 est,
2898 5415 3247 5485 purissimum
3285 5414 3414 5466 illud

1861 5508 1913 5552 et
1959 5500 2358 5553 sanctissimum
2416 5516 2634 5570 corpus,
2691 5505 3029 5559 manifestum
3088 5503 3186 5565 lit,
3223 5503 3411 5566 Deum,

1863 5588 1947 5641 cui
1979 5597 2217 5641 nostram
2246 5592 2555 5658 pauperiem
2585 5608 2863 5650 assumere
2888 5592 3229 5660 complacuit,
3247 5590 3412 5644 talem

1863 5684 2244 5755 assumpsisse,
2287 5701 2449 5756 quam
2504 5703 2611 5745 non
2641 5691 2780 5747 male
2812 5703 2906 5745 nos
2935 5685 3244 5756 pauperiem
3273 5698 3410 5761 nun:-
