3934 6316
375 321 473 387 591

1622 314 1907 374 ΝΙΟΕΤίΕ
1937 314 2338 377 ΒΥΖᾹΝΤΙΝΙ
2400 395 2402 398 ρ

3485 324 3597 409 5‘33

364 448 544 487 amore
575 444 709 485 vera:
739 429 854 482 ﬁdei
880 425 1147 496 professio
1177 441 1280 479 una
1303 435 1404 481 est.
1442 424 1505 480 At
1528 442 1774 496 quaenam
1799 429 1906 481 hmc

2017 429 2277 499 ὲνέφηνας
2301 429 2397 500 τὴν
2425 430 2652 484 σεαυτοῦ
2673 429 2828 495 δόξαν
2854 433 3259 504 ἀποσεμνύνων,
3288 436 3379 489 καὶ
3412 456 3593 506 μακαο

364 526 525 582 fuerit
559 522 834 578 verissima
877 517 1163 589 professio,
1215 532 1373 586 quam
1403 518 1630 585 apostoli
1679 519 1916 573 tradide-

364 625 508 682 runt,
549 623 602 669 ct
637 625 744 668 tres
770 620 969 666 sanctae
1016 595 1202 680 synodi
1244 609 1746 674 constabiliverunt,
1793 611 1917 666 licet

361 707 524 775 aliqui
558 721 624 759 ex
669 704 770 759 hac
819 712 960 758 recta
996 703 1095 755 tide
1135 699 1466 765 rebellarint,
1502 702 1724 756 omnino
1770 703 1916 757 dices

360 806 527 854 tuam.
555 809 675 862 qua:
703 792 862 847 unius
891 800 1096 844 natura:
1127 806 1293 843 unum
1328 789 1603 844 Christum
1651 803 1703 843 et
1733 788 1913 856 {Deum

360 897 603 941 nostrum
636 902 701 939 ex
751 883 976 938 diversis
1012 883 1220 936 naturis
1269 891 1387 951 post
1419 883 1673 935 unionem
1707 881 1913 948 factum

360 978 654 1045 proﬁtetur,
685 986 736 1029 ct
767 993 828 1029 ex
855 974 1067 1029 duabus
1107 976 1315 1029 naturis
1341 983 1395 1028 et
1419 975 1553 1029 duas
1577 984 1800 1028 naturas
1821 975 1915 1027 ha-

358 1070 482 1125 bete
510 1071 561 1122 in
596 1086 699 1122 una
729 1069 999 1138 hypnstasi
1030 1077 1303 1136 pernegat.
1333 1068 1488 1122 Hune
1520 1068 1661 1121 enim
1688 1082 1914 1134 compo-

359 1162 570 1215 sitionis
602 1162 821 1214 modum
861 1162 912 1213 in
959 1161 1125 1214 divini
1159 1159 1318 1213 Verbi
1351 1160 1553 1213 unione
1582 1160 1704 1213 eum
1749 1173 1914 1213 carne

357 1253 557 1306 factum
613 1250 780 1306 fuisse
820 1252 992 1320 palam
1024 1251 1161 1305 inira
1196 1251 1488 1305 declamas.
1522 1249 1634 1304 Heu
1664 1266 1776 1304 rem
1811 1253 1913 1304 mi-

357 1359 468 1395 ram
492 1344 503 1394 ι
531 1341 774 1407 Quanam
803 1352 856 1395 tu
891 1342 1094 1395 ratione
1124 1350 1288 1396 testes
1322 1342 1567 1395 oculatos
1620 1350 1674 1394 et
1701 1341 1910 1395 divinos

355 1435 594 1487 veritatis
618 1447 910 1502 praecones,
937 1446 1145 1488 necnon
1184 1442 1400 1487 sanctos
1419 1447 1480 1486 ac
1507 1429 1738 1486 deifcros
1768 1432 1911 1486 viros

353 1524 471 1577 aliis
512 1531 674 1592 atque
716 1524 840 1578 aliis
874 1525 1207 1593 temporibus
1248 1523 1313 1576 ad
1345 1523 1582 1593 synodos
1621 1537 1912 1591 congrega-

356 1627 438 1670 tos
489 1615 704 1669 tandem
764 1615 951 1684 culpas
999 1625 1054 1669 et
1106 1614 1434 1669 contumelia
1492 1612 1728 1667 oneras?
1777 1611 1909 1677 Quis

351 1709 495 1761 enim
521 1723 584 1762 ex
613 1707 700 1770 iis,
735 1707 827 1775 qui
853 1722 938 1761 res
960 1706 1291 1775 dijudicandi
1323 1704 1518 1773 peritia-
1542 1703 1762 1774 pollcnt,
1796 1713 1909 1756 tra-

2028 523 2240 592 ριστοὺς
2271 517 2408 574 εἶναι
2439 524 2702 592 οἰόμενος,
2736 521 2816 588 οἷς
2859 526 2923 579 ἃν
2960 529 3097 597 μετά
3120 529 3214 598 τῆς
3241 528 3425 582 ἐνθέου
3453 533 3593 600 ἀγά-

1987 691 1989 694 ι
2023 630 2132 682 πης
2168 614 2258 666 καὶ
2286 615 2318 679 ἡ
2351 613 2447 682 τῆς
2484 614 2717 685 ἀληθοῦς
2748 616 2982 681 πίστεως
3029 619 3287 690 ὁμολογία
3319 621 3418 691 μία
3443 623 3588 692 πάρ-

2022 721 2160 757 εστι.
2215 705 2312 768 Τίς
2364 706 2419 758 δὲ
2471 705 2677 776 αὑτηή
2733 707 3070 778 ἀληθεστάτη
3122 711 3398 781 ὁμολογία,
3442 713 3508 783 ἢν
3540 711 3594 765 ot

2020 795 2302 848 ἀπόστολοι
2352 797 2694 868 παρέδωκαν,
2723 799 2816 852 καὶ
2857 800 2915 853 αί
2968 799 3122 867 ἀγιαι
3184 805 3330 872 τρεῖς
3385 803 3632 857 σύνοδοι

2021 886 2407 958 κατώρθωσαν,
2461 891 2507 941 εί
2539 890 2631 942 καί
2655 907 2799 952 τινες
2844 891 2908 944 ἐκ
2935 891 3139 962 ταύτης
3168 894 3265 962 τῆς
3300 893 3464 965 ὀρθῆς
3496 895 3594 947 πί-

2022 995 2189 1041 στεως
2244 980 2726 1050 ἀπεδυσπέτησαν;
2761 981 2978 1046 Πάντως
3025 985 3166 1053 ὲρεῖς
3209 985 3309 1051 τὴν
3328 985 3587 1048 σεαυτοῦ,

2017 1070 2138 1140 ἥτις
2169 1069 2297 1138 μιᾶς
2328 1069 2540 1138 φύσεως
2562 1072 2652 1124 τὸν
2678 1071 2773 1124 ἕνα
2795 1073 3026 1144 Χριστὸν
3058 1073 3149 1125 καὶ
3184 1073 3317 1126 Θεὸν
3344 1075 3500 1144 ἡμῶν
3521 1061 3590 1127 ἐκ

2016 1157 2289 1227 διαφόρων
2337 1159 2551 1225 φύσεων
2615 1160 2750 1229 μετά
2785 1160 2883 1231 τὴν
2923 1161 3121 1214 ἕνωσιν
3154 1162 3592 1216 ἀποτελεσθέντα

2016 1248 2284 1317 ὁμολογεῖ,
2313 1251 2402 1301 καὶ
2431 1253 2494 1301 ἐκ
2522 1249 2614 1302 δύο
2642 1251 2875 1318 φύσεων,
2913 1254 3008 1305 καὶ
3032 1251 3126 1323 δύο
3161 1252 3350 1320 φύσεῒς
3394 1253 3590 1323 ἔχοντα

2016 1339 2073 1390 ὲν
2103 1334 2201 1412 μιᾷ
2256 1338 2551 1391 ὑποστάσει
2601 1339 2728 1392 ὄντα
2768 1341 3031 1410 ἀρνεῖται.
3091 1341 3293 1395 Τοῦτον
3331 1344 3434 1416 γὰρ
3494 1345 3590 1396 τὸν

2014 1429 2215 1499 τρόπον
2243 1429 2340 1499 τῆς
2394 1430 2695 1494 συνθέσεως
2741 1431 3093 1501 παρακατιὼν
3133 1435 3188 1486 ὲν
3211 1437 3276 1504 τῇ
3311 1430 3405 1488 τοῦ
3438 1435 3586 1487 θείου

2015 1518 2190 1586 Λόγου
2221 1520 2351 1589 πρὸς
2388 1521 2564 1591 σάρκα
2597 1520 2787 1574 ινὼσει
2822 1522 3148 1592 γεγενῆσθαι
3197 1525 3382 1594 σαφῶς
3403 1525 3590 1591 διαγο-

2019 1609 2214 1680 ρεύεις.
2243 1609 2416 1664 Βαϐαὶ
2435 1611 2530 1664 τοῦ
2555 1611 2860 1682 θαύματοςι
2889 1613 3007 1676 Ilii);
3034 1615 3114 1678 εἰς
3146 1615 3269 1677 τοὺς
3309 1616 3590 1680 αὐτόπτας

2016 1700 2106 1754 καὶ
2128 1701 2304 1776 θείους
2335 1702 2580 1772 κήρυκας
2600 1681 2696 1773 τῆς
2724 1681 2999 1774 ἀληθείας,
3032 1704 3165 1757 ἀλλά
3206 1704 3313 1776 μὴν
3341 1707 3432 1758 καὶ
3459 1707 3589 1770 τοὺς
3643 1765 3652 1769 _

351 1800 516 1851 ilitam
549 1813 690 1860 esse,
729 1807 822 1852 aut
849 1797 1225 1852 confirmatam
1258 1798 1399 1852 dicet
1430 1797 1571 1867 apud
1607 1795 1766 1851 Verbi
1809 1798 1906 1850 mi-

2011 1793 2150 1846 κατά
2181 1793 2472 1864 διαφόρους
2529 1793 2756 1862 χρόνους
2790 1794 3084 1858 συνοδικῶς
3142 1797 3589 1867 συνειλεγμένους

352 1891 574 1953 nis-tros,
606 1899 699 1943 aut
721 1888 908 1943 Patres
944 1888 1177 1953 divinos,
1217 1903 1378 1958 quam
1403 1898 1462 1942 tu
1488 1888 1758 1958 proﬁteris
1788 1903 1914 1942 scn-

353 1981 593 2045 tentiam,
631 1995 750 2050 quae
783 1989 1008 2044 asserat,
1050 1979 1324 2035 Christum
1357 1980 1515 2034 unius
1561 1989 1764 2033 naturae
1790 1989 1913 2050 post

353 2073 606 2125 unionem
633 2087 775 2136 esse,
805 2080 859 2126 et
884 2086 949 2126 ex
974 2071 1178 2126 duabus
1210 2071 1464 2127 unionem
1499 2069 1823 2131 confectam.
1854 2071 1908 2124 in

347 2163 557 2219 duabus
591 2179 738 2229 vero,
778 2171 870 2217 aut
893 2163 1028 2217 d'uas
1059 2178 1179 2218 esse
1217 2171 1442 2217 naturas
1484 2172 1605 2230 post
1652 2163 1908 2216 unionem

348 2251 662 2330 inficietulr?
691 2250 977 2320 Propterea
1012 2252 1232 2307 accedat
1259 2253 1510 2322 princeps
1539 2252 1907 2319 apostolorum

349 2341 539 2395 Petrus
563 2356 660 2410 per
680 2356 834 2395 suam
867 2341 1287 2406 confessionem,
1315 2350 1364 2396 te
1382 2356 1503 2410 qua!
1522 2341 1704 2395 dixisti
1720 2354 1908 2394 emen-

349 2434 505 2486 titum
532 2448 651 2486 esse
677 2433 964 2487 manifesto
986 2433 1238 2487 evincens
1254 2442 1325 2498 et,
1352 2448 1448 2502 per
1469 2448 1589 2486 eum
1622 2432 1907 2486 universus

348 2523 719 2592 apostolorum
766 2533 963 2578 ctetus.
1014 2522 1221 2576 Etenim
1249 2523 1496 2578 Christus
1543 2521 1803 2578 Deminus
1850 2530 1906 2576 et

349 2615 490 2671 Deus
517 2625 697 2669 noster
725 2616 861 2669 dixit
900 2615 1269 2684 apostolorum
1305 2614 1536 2683 principi
1588 2613 1744 2668 Petro
1775 2630 1791 2666 :
1827 2612 1906 2666 Tu

346 2726 399 2762 es
432 2708 640 2772 Petrus,
673 2719 720 2762 et
746 2708 1059 2777 super‘hanc
1085 2717 1288 2777 petram
1314 2707 1585 2775 aediﬁcabo
1614 2706 1903 2760 Ecclesium

348 2817 535 2865 meam,
587 2809 636 2853 et
673 2809 836 2867 porta:
888 2798 1043 2866 inferi
1102 2813 1202 2850 non
1251 2797 1602 2866 prwvalebunt
1655 2797 1903 2849 adversus

346 2906 460 2945 eam
494 2891 531 2942 ³.
563 2889 683 2944 llaec
713 2905 873 2958 porro
905 2888 1163 2942 Dominus
1195 2888 1353 2942 Petro
1381 2887 1607 2952 dixerat,
1640 2902 1761 2941 cum
1796 2885 1904 2940 Do-

350 2983 494 3034 mino
565 2982 915 3049 semetipsum
980 2980 1252 3034 hominem
1315 2979 1650 3048 nuncupanti
1707 2978 1904 3032 Petrus

348 3072 699 3133 enuntiasset,
750 3068 827 3120 Tu
861 3085 911 3121 es
954 3069 1192 3122 Christus
1230 3066 1403 3121 Filius
1432 3066 1531 3119 Dei
1558 3068 1657 3121 vivi
1686 3067 1728 3119 ’.
1762 3066 1898 3121 Tum

2015 1880 2199 1950 ἁγίους
2228 1884 2320 1936 καὶ
2367 1883 2657 1954 θεοφόρους
2709 1887 2905 1962 ἄνδρας
2951 1886 3202 1940 τοσοῦτον
3231 1889 3468 1957 ὲπιχέεις
3489 1890 3588 1942 τὸν

2014 1973 2202 2042 μῶμον
2227 1991 2241 2040 ;
2273 1975 2368 2037 Τίς
2398 1977 2506 2046 γὰρ
2530 1975 2638 2028 τῶν
2667 1975 2836 2044 ὑγιῶς
2885 1979 3091 2049 κρίνειν
3128 1975 3584 2049 είδότων;’παρα-

2008 2053 2274 2129 δεδόσθαι,
2362 2064 2707 2134 βεϐαιοῦσθαι
2739 2068 2932 2138 φήσειε
2962 2069 3112 2138 παρά
3135 2071 3246 2132 τοῖς
3277 2070 3585 2140 ὑπηρέταις

2007 2155 2103 2208 τοῦ
2149 2154 2328 2223 λόγου,
2363 2157 2396 2227 ἢ
2446 2158 2558 2222 τοῖς
2592 2156 2755 2222 θείοις
2788 2159 3033 2228 Πατράσι
3067 2159 3165 2230 τὴν
3202 2161 3400 2214 οὑτωσὶ
3430 2162 3582 2240 παρὰ
3625 2209 3632 2212 .

2011 2247 2107 2299 σοῦ
2134 2248 2577 2320 πρεσϐευομὲνην
2591 2248 2770 2317 δόξαν,
2787 2252 2887 2321 τὴν
2904 2252 3213 2320 φάσκουσαν
3237 2252 3326 2306 τὸν
3347 2253 3583 2323 Χριστὸν

2010 2340 2140 2408 μιᾶς
2169 2338 2381 2407 φύσεως
2407 2339 2545 2409 μετά
2573 2340 2672 2412 τὴν
2696 2342 2889 2396 ἕνωσιν
2918 2338 3079 2407 εἶναι,
3121 2345 3212 2412 καὶ
3261 2346 3326 2396 ὲκ
3362 2345 3454 2398 δύο
3479 2347 3582 2414 μὲν

2007 2430 2455 2507 ἀποτελεσθεῖσαν
2481 2431 2580 2500 τὴν
2605 2431 2819 2498 ῑνωσιν,
2856 2433 2914 2485 ὲν
2943 2433 3036 2486 δύο
3061 2434 3137 2500 δὲ,
3171 2433 3202 2503 ἢ
3228 2434 3321 2487 δύο
3351 2431 3490 2488 εἶναι
3516 2435 3582 2486 τὸ

2006 2521 2165 2589 φύσει
2185 2523 2322 2590 μετά
2345 2522 2441 2592 τὴν
2462 2521 2653 2574 ἕνωσιν
2669 2523 3139 2594 ἀπαγορεύουσαν;
3167 2525 3255 2576 Διὸ
3271 2525 3582 2604 είσαχθήτω

2003 2615 2030 2668 6
2054 2613 2349 2683 κορυφαῐος
2392 2613 2501 2666 τῶν
2539 2613 2848 2669 ἀποστόλων
2895 2614 3120 2684 Πέτρος,
3144 2615 3231 2668 διὰ
3258 2615 3354 2684 τῆς
3383 2614 3578 2670 ἑαυτοῦ

2003 2703 2291 2773 ὁμολογίας
2333 2704 2770 2776 ψευδηγοροῦντά
2794 2722 2852 2758 σε
2869 2705 3146 2768 δεικνύων,
3172 2707 3263 2758 καὶ
3279 2706 3345 2760 δι’
3368 2706 3578 2758 ἑκείνου

2003 2793 2146 2857 ἅπας
2175 2797 2203 2847 6
2224 2795 2331 2847 τῶν
2356 2796 2668 2849 ἀποστόλων
2703 2796 2978 2863 σύλλογος.
3014 2796 3123 2848 Καὶ
3147 2797 3253 2866 γὰρ
3284 2796 3517 2866 Χριστὸς
3545 2797 3576 2848 6

1965 2945 1970 2948 η
2004 2885 2204 2954 Κύριος
2227 2886 2317 2937 καὶ
2351 2885 2482 2948 Θεὸς
2511 2885 2666 2956 ἡμῶν
2687 2885 2765 2956 τῷ
2797 2887 2906 2939 τῶν
2932 2887 3246 2940 ἀποστόλων
3273 2888 3374 2955 ἔφη
3409 2902 3570 2957 κορυο

2005 2965 2152 3040 φαίῳ
2179 2972 2368 3041 Πέτρῳ
2392 2987 2405 3002 ⁸
2461 2971 2545 3025 Σὺ
2598 2973 2656 3026 εἷ
2713 2973 2954 3049 Πέτρος,
3016 2973 3115 3027 καὶ
3153 2975 3250 3026 ἐπὶ
3289 2976 3472 3042 ταύτῃ
3497 2973 3576 3043 τῇ

2003 3062 2185 3129 πέτρᾳ
2203 3062 2440 3131 οἰκοδομ
2451 3063 2574 3128 ήσω
2586 3082 2703 3134 μου
2727 3065 2839 3132 τὴν
2867 3066 3253 3132 Ἐκκλησίαν,
3274 3061 3369 3118 καί
3386 3067 3573 3119 πύλαι

349 3174 476 3212 vero
506 3162 557 3212 in
581 3159 797 3212 Clu-isto
826 3147 1058 3212 Domino
1078 3167 1128 3212 et
1158 3159 1266 3213 Deo
1287 3165 1476 3212 nostro
1498 3157 1611 3211 haec
1633 3157 1739 3211 duo
1761 3158 1904 3212 dieta

2006 3152 2154 3219 ᾷὸου
2175 3155 2246 3207 οὐ
2263 3154 2747 3222 κατισχύσουσιν
2771 3155 2979 3223 αὐτῆς.
3011 3156 3208 3208 Τοῦτον
3226 3155 3279 3233 δὲ
3301 3156 3389 3208 τὸν
3415 3155 3575 3224 λόγον

348 3250 598 3318 copulata
633 3258 778 3310 sunt,
814 3249 1310 3317 conﬁrmatumque
1335 3255 1437 3310 est,
1472 3255 1526 3302 et
1555 3247 1723 3301 Deum
1764 3261 1904 3312 esse,

347 3347 402 3394 et
434 3339 726 3392 hominem.
758 3339 812 3392 Si
843 3339 1025 3407 itaque
1059 3338 1230 3391 ambae
1261 3338 1341 3392 hae
1377 3336 1594 3391 deitatis
1634 3346 1689 3390 et
1715 3337 1906 3390 huma-

351 3427 537 3483 nitatis
592 3428 855 3492 rationes,
904 3441 1024 3481 cum
1083 3425 1333 3482 Christus
1377 3425 1638 3481 Dominus
1669 3435 1722 3480 et
1766 3424 1906 3482 Deus

349 3525 536 3572 noster
568 3529 712 3570 unus
742 3516 987 3580 exsistat,
1023 3528 1144 3583 post
1171 3514 1342 3584 ipsius
1373 3513 1628 3569 unionem
1657 3513 1724 3569 de
1741 3529 1806 3569 eo
1821 3513 1907 3569 di-

349 3617 569 3673 cuntur,
600 3616 654 3662 et
680 3623 820 3664 unus
851 3615 904 3660 et
928 3607 1065 3660 idem
1088 3613 1171 3661 est
1202 3606 1559 3675 sempiternus
1587 3604 1755 3662 Filius
1783 3615 1907 3662 ante

350 3701 532 3755 omnia
563 3700 756 3754 saecula
805 3714 836 3753 a
878 3697 1035 3752 Patre
1075 3699 1188 3752 sine
1231 3708 1468 3769 tempore
1507 3709 1562 3754 et
1608 3700 1906 3755 mutatione

350 3801 668 3862 prognatus,
693 3793 784 3860 qui
828 3798 909 3846 est
957 3805 1061 3844 una
1111 3789 1464 3844 sanctissima:
1489 3788 1770 3846 Trinitatis
1808 3789 1905 3861 hy-

355 3882 607 3952 postasis,
625 3869 767 3936 Deus
787 3880 934 3934 Patri
958 3879 1250 3934 secundum
1275 3881 1629 3935 aeternitatem
1653 3879 1900 3949 aequalis,

351 3982 632 4044 paternam
656 3972 945 4026 essentiam
975 3979 1028 4025 et
1052 3979 1297 4026 naturam
1340 3973 1394 4025 in
1430 3986 1487 4024 se
1515 3981 1772 4040 perpetuo
1803 3972 1902 4027 ba-

352 4064 618 4127 bens,sed
639 4064 726 4132 qui
744 4062 1000 4116 extremis
1023 4063 1348 4132 temporibus
1390 4075 1453 4114 ex
1477 4059 1680 4129 Spiritu
1713 4069 1903 4117 sancto

351 4154 583 4210 etMaria
609 4153 823 4224 Virgine
844 4168 1058 4208 carnem
1081 4163 1134 4208 et
1177 4151 1561 4206 humanitatem
1583 4153 1900 4222 assumpsit,

352 4245 442 4299 hic
471 4253 702 4299 aeternus
737 4243 904 4298 Filius
947 4243 1063 4299 sine
1093 4243 1198 4296 ulla
1231 4242 1527 4296 mutatione
1556 4240 1745 4310 .factus
1784 4253 1903 4297 tan-

352 4349 511 4405 quam
543 4349 682 4388 unus
716 4349 785 4388 ex
817 4334 1145 4404 hominibus,
1176 4347 1268 4401 per
1298 4332 1475 4386 omnia
1507 4346 1616 4402 prae
1645 4347 1752 4388 uno
1787 4348 1903 4402 pec-

353 4435 497 4492 cato,
548 4434 754 4492 nostra,
797 4440 960 4494 quam
1002 4425 1115 4494 ipse
1157 4439 1262 4476 non
1298 4423 1549 4488 habebat,
1579 4432 1770 4478 natura
1809 4439 1902 4478 ac-

2005 3243 2032 3294 6
2066 3241 2267 3311 Κύριος
2311 3243 2414 3313 ἔφη
2465 3243 2544 3315 τῷ
2598 3245 2809 3315 Πέτρῳ,
2866 3245 3028 3315 ἡνίκα
3059 3246 3194 3313 πρὸς
3217 3246 3304 3299 τὸν
3346 3247 3570 3318 Κύριον,

2006 3332 2193 3385 ἑαυτὸν
2219 3332 2346 3387 Υίὸν
2401 3332 2690 3404 ἀνθρώπου
2742 3336 3066 3406 κεκληκότα,
3103 3338 3308 3408 Πέτρος
3341 3339 3530 3409 εῐρηκε
3553 3352 3570 3368 ⁸

1981 3421 2089 3491 ,Σὺ
2117 3419 2230 3477 eid
2274 3425 2527 3493 Χριστὸς
2579 3428 2614 3480 ό
2663 3426 2799 3493 Υιὸς
2857 3427 2963 3481 τοῦ
3004 3427 3151 3482 Θεοῦ
3184 3429 3290 3483 τοῦ
3328 3427 3562 3496 ζῶντος.
3671 3440 3673 3446 ‘

2007 3513 2114 3565 Καὶ
2141 3515 2481 3584 συνήχθησαν
2537 3517 2629 3570 ἐπὶ
2660 3515 2894 3590 Χριστοῦ
2925 3519 3018 3572 τοῦ
3064 3520 3268 3591 Κυρίου
3296 3520 3390 3574 καὶ
3431 3520 3570 3576 Θεοῦ

2003 3607 2158 3678 ὴμῶν
2208 3609 2500 3680 ἀμφότεροι
2528 3611 2577 3663 ot
2608 3609 2776 3678 λόγοι,
2813 3613 2905 3666 καὶ
2939 3613 3302 3680 πεπίστωται,
3354 3615 3435 3668 ὃτι
3469 3617 3568 3669 καὶ

2003 3698 2134 3762 Θεὸς
2159 3700 2252 3752 καὶ
2274 3700 2556 3772 ἄνθρωπός
2589 3704 2756 3759 ἔστιν.
2786 3704 2848 3756 El
2875 3704 2969 3758 οῦν
2991 3706 3290 3777 ἀμφότεροι
3312 3709 3361 3760 ol
3392 3707 3564 3775 λόγοι,

2002 3790 2102 3861 τῆς
2123 3792 2394 3861 θεότητος,
2427 3793 2591 3863 φημὶ,
2621 3793 2716 3846 καὶ
2757 3794 2856 3866 τῆς
2880 3795 3292 3867 ἀνθρωπότητος
3316 3798 3409 3851 τοῦ
3441 3799 3565 3860 ἑνὸς

2002 3881 2152 3945 δντος
2189 3882 2422 3953 Χριστοῦ
2447 3883 2541 3936 καὶ
2571 3884 2777 3955 Κυρίου
2811 3887 2904 3938 καὶ
2928 3885 3061 3939 Θεοῦ
3090 3887 3265 3956 ἡμῶν,
3304 3889 3439 3957 μετά
3463 3888 3566 3960 τὴν

2002 3973 2194 4026 ἕνωσιν
2244 3971 2407 4027 αὑτοῦ
2447 3973 2903 4045 κατηγοροῦνται,
2961 3976 3053 4029 καὶ
3079 3971 3161 4040 εἷς
3204 3979 3298 4031 καὶ
3346 3979 3375 4031 ὁ
3402 3980 3582 4043 αὑτός⁸

2001 4063 2147 4114 ἐστιν
2200 4063 2228 4115 6
2255 4063 2422 4124 ἀΐδιος
2455 4062 2601 4128 Υἱὸς,
2635 4063 2662 4116 6
2717 4065 2823 4134 πρὸ
2871 4065 3086 4120 πάντων
3110 4067 3218 4120 τῶν
3250 4067 3459 4122 αἰώνων
3497 4071 3566 4123 ἐκ

2000 4148 2095 4203 τοῦ
2125 4151 2335 4221 Πατρὸς
2378 4152 2620 4222 ἀχρόνως
2652 4154 2745 4207 καὶ
2790 4155 3014 4219 ἀπαθῶς
3061 4161 3473 4230 γεγεννημένος,
3503 4160 3566 4224 ὃς

2002 4239 2148 4291 ἐστιν
2175 4240 2470 4306 ὑπόστασις
2517 4242 2616 4311 μία
2667 4242 2763 4312 τῆς
2794 4243 2953 4311 ἀγίας
2976 4245 3225 4314 Τριάδος,
3261 4245 3392 4310 Θεὸς
3450 4248 3590 4311 [σος-

2001 4326 2078 4397 τῷ
2115 4329 2285 4398 Πατρὶ
2315 4330 2454 4382 κατά
2477 4331 2575 4408 τὴν
2601 4332 2894 4403 ἀῖδιότητα,
2936 4334 3032 4404 τὴν
3060 4337 3332 4407 πατρικὴν
3377 4336 3566 4390 οὐσίαν

2003 4419 2099 4471 καὶ
2118 4417 2282 4486 φύσιν
2307 4418 2490 4483 ἀϊδίως
2522 4421 2579 4474 ὲν
2605 4422 2784 4492 ἑαυτῷ
2809 4422 2966 4493 ἔχων,
2998 4424 3085 4477 ἐπ’
3115 4426 3358 4494 ἐσχάτων
3378 4426 3433 4478 δὲ
3454 4427 3565 4480 τῶν

354 4488 531 4585 cepta,
583 4518 636 4568 in
690 4488 755 4570 eo
781 4488 984 4582 divina,
1011 4488 1167 4586 quam
1216 4513 1283 4568 ab
1324 4521 1523 4569 aeterno
1569 4515 1896 4583 possidebat,

2006 4505 2225 4576 ἡμερῶν
2261 4507 2326 4560 ὲκ
2354 4507 2662 4578 Πνεύματος
2693 4488 2964 4578 ἁγίουνκαὶ
2993 4488 3211 4584 Μαρίας
3236 4514 3333 4584 τῆς
3363 4513 3567 4583 Παρθε-

353 4614 718 4676 permanente,
755 4606 1099 4662 manifestum
1129 4613 1228 4670 est,
1262 4604 1316 4658 in
1349 4604 1555 4660 duabus
1582 4606 1810 4670 naturis,
1843 4613 1899 4660 et

353 4698 488 4750 duas
513 4706 733 4750 naturas
757 4696 1049 4765 possidere,
1069 4695 1158 4764 qui
1183 4710 1321 4748 unus
1347 4703 1428 4749 est
1449 4696 1722 4763 bypostasi
1743 4695 1898 4749 Chri-

355 4790 473 4838 stus
502 4792 624 4854 post
650 4784 923 4848 unionem,
961 4785 1006 4839 si
1030 4783 1187 4837 modo
1219 4783 1656 4852 compellationes
1686 4781 1825 4836 Deus
1847 4791 1901 4838 et

355 4883 507 4931 homo
537 4886 758 4931 naturas
788 4876 1046 4938 indicant,
1088 4882 1343 4943 tanquam
1379 4890 1497 4944 quae
1525 4874 1591 4929 de
1609 4874 1791 4928 multis
1816 4873 1897 4927 di-

355 4979 574 5024 cuntur.
646 4966 1011 5022 Confessionis
1075 4965 1254 5034 itaque
1311 4965 1377 5019 de
1424 4965 1640 5019 Christo
1710 4979 1898 5019 verum

357 5055 617 5125 dogmain
644 5053 980 5108 Chalcedone
1000 5051 1275 5105 celebrata
1314 5051 1507 5105 divina:
1532 5050 1723 5120 synodi
1773 5065 1900 5104 san-

356 5154 564 5200 ctorum
583 5142 801 5197 Patrum
833 5141 1071 5196 deﬁnitio
1095 5149 1234 5194 recte
1254 5139 1792 5204 decernit,Christum
1810 5137 1903 5191 de-

358 5234 671 5299 terminans,
713 5249 876 5287 unam
931 5246 1046 5286 esse
1084 5246 1148 5285 ex
1191 5239 1378 5284 sancta
1427 5228 1687 5283 'l‘rinitate
1738 5227 1895 5296 hypoo

357 5325 546 5382 stasim
574 5325 706 5378 duas
753 5332 976 5377 naturas
1008 5320 1312 5387 habentem,
1357 5326 1604 5374 naturam
1659 5317 1897 5372 divinam

357 5429 408 5471 et
440 5424 683 5469 naturam
711 5417 1024 5477 humanam.

2003 4614 2094 4651 νου
2144 4597 2467 4667 σαρκωθεὶς,
2527 4603 2619 4654 καὶ
2653 4601 3094 4674 ἑνανθρωπήσας,
3144 4597 3299 4668 οὗτος
3336 4607 3364 4658 ὁ
3394 4605 3564 4669 ἀΐδιος

2005 4686 2131 4752 Υἱὸς
2152 4688 2436 4758 ἀτρέπτως
2465 4691 2556 4745 καὶ
2583 4691 2971 4759 ἀναλλοιὼτως,
3004 4697 3097 4748 καὶ
3118 4695 3354 4764 γεγονὼς
3387 4697 3460 4759 ὡς
3479 4691 3563 4759 εἷς

2004 4777 2111 4831 τῶν
2141 4771 2441 4849 ἅνθρώπων
2473 4783 2612 4836 κατά
2637 4782 2832 4847 πάντα,
2872 4787 3041 4856 χωρὶς
3072 4788 3366 4857 ἁμαρτίας,
3390 4803 3560 4855 προσ-

2000 4866 2237 4938 ειληφὼς
2256 4869 2352 4938 τὴν
2377 4871 2667 4940 ἡμετέραν,
2702 4873 2770 4944 ὴν
2802 4875 2900 4927 οὑκ
2927 4870 3059 4945 εἶχε,
3104 4877 3286 4945 φύσιν,
3324 4893 3560 4947 μεμενηε-

2001 4957 2159 5022 κυίας
2207 4960 2353 5030 αὑτῷ
2407 4962 2504 5032 τῆς
2533 4962 2700 5029 θείας,
2730 4964 2799 5034 ἢν
2836 4967 3020 5030 ἀϊδίως
3051 4970 3289 5037 προεῖχε,
3323 4968 3557 5035 φύσεωςο

2001 5049 2251 5118 φανερὸν,
2281 5051 2361 5103 ὅτι
2390 5054 2448 5104 ἐν
2473 5051 2565 5105 δύο
2588 5052 2780 5120 φύσεσι
2808 5055 3015 5109 καὶδύο
3037 5057 3226 5124 φύσεις
3256 5057 3393 5126 ῑχων
3411 5057 3564 5109 ἐστὶν

2004 5139 2032 5192 6
2059 5135 2138 5202 εἷς
2162 5143 2227 5212 τῇ
2257 5142 2546 5196 ὑποστάσει
2573 5145 2805 5214 Χριστὸς
2829 5147 2967 5215 μετά
2999 5148 3096 5217 τὴν
3143 5147 3366 5202 ἕνωσιν·
3402 5149 3564 5220 εἰπερ

2003 5229 2063 5281 τὸ
2095 5233 2236 5296 Θεὸς
2261 5232 2427 5300 ὄνομα
2450 5234 2543 5284 καὶ
2566 5235 2875 5302 ἅνθρωπος
2900 5237 3116 5304 φύσεών
3136 5241 3241 5292 εισι
3266 5239 3559 5306 δηλωτικὰ.

2003 5320 2073 5383 ὼς
2104 5322 2241 5374 κατά
2261 5323 2466 5374 πολλῶν
2485 5324 2777 5392 φερόμενα.
2796 5327 2999 5381 Οὐκοῦν
3019 5329 3078 5381 τὸ
3106 5331 3203 5399 τῆς
3230 5331 3306 5393 είς
3329 5323 3563 5400 Χριστὸν

2003 5412 2288 5481 ὁμολογίας
2317 5411 2408 5462 τοῦ
2453 5411 2775 5474 Ἀποστόλου
2831 5417 3078 5487 ἀληθινὸν
3103 5419 3278 5488 δόγμα
3323 5421 3350 5473 6
3370 5420 3467 5488 τῆς
3498 5420 3560 5472 ιν

358 5505 653 5574 Χαλκηδόνι
679 5503 1180 5572 συγκεκροτημένης
1202 5500 1346 5560 θείας
1365 5501 1576 5554 συνόδου
1597 5500 1704 5555 τῶν
1730 5501 1898 5568 ἁγίων
1935 5501 2191 5569 Πατέρων
2237 5502 2359 5569 ὅρος
2410 5501 2712 5574 ὀρθοτομετ,
2772 5507 2860 5558 τὸν
2906 5509 3138 5576 Χριστὸν
3189 5508 3384 5578 ὁρίζων
3425 5509 3562 5578 μίαν

360 5595 651 5648 ὑπόστασιν
702 5596 765 5645 ὲκ
807 5591 903 5660 τῆς
939 5594 1094 5661 ἀγίας
1149 5593 1371 5660 Τριάδοτ
1398 5589 1554 5661 εἶναι,
1586 5592 1677 5646 δύο
1712 5593 1897 5661 φύσεις
1924 5593 2130 5663 ἔχοντα,
2173 5594 2332 5660 φύσιν
2352 5594 2500 5650 θείαν
2531 5600 2620 5651 καὶ
2643 5598 2803 5666 φύσιν
2832 5599 3199 5670 ἀνθρωπίνην.

431 5702 446 5732 ⁸
477 5700 660 5757 Matth.
704 5715 812 5765 ut,
845 5699 930 5753 18.
1002 5705 1020 5732 ³
1050 5703 1181 5758 Ibid.
1207 5702 1292 5755 16.
